  <div class='ocr_page' id='page_1' title='image "/cluster/home/n/w/nwhite01/storage/ocr_20150623/74/hvd.32044054758792/049.png"; bbox 0 0 4122 6188; ppageno 0'>
   <div class='ocr_carea' id='block_1_1' title="bbox 393 285 3812 377">
    <p class='ocr_par' dir='ltr' id='par_1_1' title="bbox 393 285 3812 377">
     <span class='ocr_line' id='line_1_1' title="bbox 393 285 3812 377; baseline 0 -37"><span class='ocrx_word' id='word_1_1' title='bbox 393 286 466 340; x_wconf 84' lang='grc'>87</span> <span class='ocrx_word' id='word_1_2' title='bbox 1584 291 1682 344; x_wconf 84' lang='lat' dir='ltr'>DE</span> <span class='ocrx_word' id='word_1_3' title='bbox 1718 289 1915 342; x_wconf 84' lang='lat' dir='ltr'>VlTlS</span> <span class='ocrx_word' id='word_1_4' title='bbox 1951 288 2249 377; x_wconf 47' lang='lat' dir='ltr'>PATR‘UM</span> <span class='ocrx_word' id='word_1_5' title='bbox 2289 289 2502 344; x_wconf 81' lang='lat' dir='ltr'>LIBER</span> <span class='ocrx_word' id='word_1_6' title='bbox 2542 290 2637 345; x_wconf 82' lang='lat' dir='ltr'>IX.</span> <span class='ocrx_word' id='word_1_7' title='bbox 3744 285 3812 340; x_wconf 88' lang='lat'>88</span> 
     </span>
    </p>
   </div>
   <div class='ocr_carea' id='block_1_2' title="bbox 390 406 3821 483">
    <p class='ocr_par' dir='ltr' id='par_1_2' title="bbox 390 406 3821 483">
     <span class='ocr_line' id='line_1_2' title="bbox 390 406 3821 483; baseline 0 -20"><span class='ocrx_word' id='word_1_8' title='bbox 390 408 607 463; x_wconf 91' lang='lat' dir='ltr'>hebant</span> <span class='ocrx_word' id='word_1_9' title='bbox 629 408 803 476; x_wconf 86' lang='lat' dir='ltr'>mihi;</span> <span class='ocrx_word' id='word_1_10' title='bbox 827 423 933 481; x_wconf 85' lang='lat' dir='ltr'>ego</span> <span class='ocrx_word' id='word_1_11' title='bbox 956 413 1151 466; x_wconf 85' lang='lat' dir='ltr'>autem</span> <span class='ocrx_word' id='word_1_12' title='bbox 1175 411 1437 481; x_wconf 81' lang='lat' dir='ltr'>orabam,</span> <span class='ocrx_word' id='word_1_13' title='bbox 1462 415 1519 465; x_wconf 85' lang='lat' dir='ltr'>et</span> <span class='ocrx_word' id='word_1_14' title='bbox 1540 409 1863 464; x_wconf 82' lang='lat' dir='ltr'>reddebant</span> <span class='ocrx_word' id='word_1_15' title='bbox 1886 406 2040 463; x_wconf 89' lang='lat' dir='ltr'>mala</span> <span class='ocrx_word' id='word_1_16' title='bbox 2068 410 2124 476; x_wconf 84' lang='grc' dir='ltr'><strong>Α</strong></span> <span class='ocrx_word' id='word_1_17' title='bbox 2153 425 2270 465; x_wconf 87' lang='lat' dir='ltr'>non</span> <span class='ocrx_word' id='word_1_18' title='bbox 2296 409 2410 464; x_wconf 88' lang='lat' dir='ltr'>ulla</span> <span class='ocrx_word' id='word_1_19' title='bbox 2433 410 2628 481; x_wconf 83' lang='lat' dir='ltr'>gloriae</span> <span class='ocrx_word' id='word_1_20' title='bbox 2653 411 2931 467; x_wconf 81' lang='lat' dir='ltr'>inductus</span> <span class='ocrx_word' id='word_1_21' title='bbox 2948 410 3271 483; x_wconf 80' lang='lat' dir='ltr'>cupiditate</span> <span class='ocrx_word' id='word_1_22' title='bbox 3289 410 3422 482; x_wconf 85' lang='lat' dir='ltr'>(fuit</span> <span class='ocrx_word' id='word_1_23' title='bbox 3437 411 3595 466; x_wconf 91' lang='lat' dir='ltr'>enim</span> <span class='ocrx_word' id='word_1_24' title='bbox 3619 409 3821 465; x_wconf 86' lang='lat' dir='ltr'>divina</span> 
     </span>
    </p>
   </div>
   <div class='ocr_carea' id='block_1_3' title="bbox 391 496 2051 569">
    <p class='ocr_par' dir='ltr' id='par_1_3' title="bbox 391 496 2051 569">
     <span class='ocr_line' id='line_1_3' title="bbox 391 496 2051 569; baseline 0 -19"><span class='ocrx_word' id='word_1_25' title='bbox 391 513 495 567; x_wconf 91' lang='lat' dir='ltr'>pro</span> <span class='ocrx_word' id='word_1_26' title='bbox 518 496 689 551; x_wconf 90' lang='lat' dir='ltr'>bonis</span> <span class='ocrx_word' id='word_1_27' title='bbox 719 501 775 553; x_wconf 87' lang='lat' dir='ltr'>et</span> <span class='ocrx_word' id='word_1_28' title='bbox 803 498 1005 553; x_wconf 93' lang='lat' dir='ltr'>odium</span> <span class='ocrx_word' id='word_1_29' title='bbox 1028 515 1131 569; x_wconf 90' lang='lat' dir='ltr'>pro</span> <span class='ocrx_word' id='word_1_30' title='bbox 1164 498 1475 555; x_wconf 78' lang='lat' dir='ltr'>dilectione</span> <span class='ocrx_word' id='word_1_31' title='bbox 1507 514 1638 553; x_wconf 92' lang='lat' dir='ltr'>mea</span> <span class='ocrx_word' id='word_1_32' title='bbox 1678 498 1854 569; x_wconf 81' lang='lat' dir='ltr'>(Psal.</span> <span class='ocrx_word' id='word_1_33' title='bbox 1889 512 2051 564; x_wconf 82' lang='lat' dir='ltr'>cvm,</span> 
     </span>
    </p>
   </div>
   <div class='ocr_carea' id='block_1_4' title="bbox 390 584 2048 659">
    <p class='ocr_par' dir='ltr' id='par_1_4' title="bbox 390 584 2048 659">
     <span class='ocr_line' id='line_1_4' title="bbox 390 584 2048 659; baseline 0.001 -21"><span class='ocrx_word' id='word_1_34' title='bbox 390 584 672 655; x_wconf 79' lang='lat' dir='ltr'>xxxtv);et</span> <span class='ocrx_word' id='word_1_35' title='bbox 694 586 938 658; x_wconf 82' lang='lat' dir='ltr'>magicis</span> <span class='ocrx_word' id='word_1_36' title='bbox 964 592 1194 643; x_wconf 81' lang='lat' dir='ltr'>utentes</span> <span class='ocrx_word' id='word_1_37' title='bbox 1220 587 1630 659; x_wconf 71' lang='lat' dir='ltr'>prmstigiis,et</span> <span class='ocrx_word' id='word_1_38' title='bbox 1652 585 2048 657; x_wconf 79' lang='lat' dir='ltr'>malignorum</span> 
     </span>
    </p>
   </div>
   <div class='ocr_carea' id='block_1_5' title="bbox 394 674 2047 745">
    <p class='ocr_par' dir='ltr' id='par_1_5' title="bbox 394 674 2047 745">
     <span class='ocr_line' id='line_1_5' title="bbox 394 674 2047 745; baseline 0.001 -18"><span class='ocrx_word' id='word_1_39' title='bbox 394 674 524 728; x_wconf 81' lang='lat' dir='ltr'>freti</span> <span class='ocrx_word' id='word_1_40' title='bbox 549 690 657 745; x_wconf 92' lang='lat' dir='ltr'>ope</span> <span class='ocrx_word' id='word_1_41' title='bbox 680 675 1035 743; x_wconf 64' lang='lat' dir='ltr'>daemonum,</span> <span class='ocrx_word' id='word_1_42' title='bbox 1054 678 1419 733; x_wconf 85' lang='lat' dir='ltr'>conabantur</span> <span class='ocrx_word' id='word_1_43' title='bbox 1438 675 1655 731; x_wconf 90' lang='lat' dir='ltr'>bellum</span> <span class='ocrx_word' id='word_1_44' title='bbox 1679 691 1877 745; x_wconf 82' lang='lat' dir='ltr'>gerere</span> <span class='ocrx_word' id='word_1_45' title='bbox 1896 674 2047 745; x_wconf 89' lang='lat' dir='ltr'>quod</span> 
     </span>
    </p>
   </div>
   <div class='ocr_carea' id='block_1_6' title="bbox 398 762 2051 835">
    <p class='ocr_par' dir='ltr' id='par_1_6' title="bbox 398 762 2051 835">
     <span class='ocr_line' id='line_1_6' title="bbox 398 762 2051 835; baseline -0.001 -18"><span class='ocrx_word' id='word_1_46' title='bbox 398 764 507 817; x_wconf 92' lang='lat' dir='ltr'>sub</span> <span class='ocrx_word' id='word_1_47' title='bbox 543 764 735 818; x_wconf 90' lang='lat' dir='ltr'>visum</span> <span class='ocrx_word' id='word_1_48' title='bbox 760 781 874 819; x_wconf 92' lang='lat' dir='ltr'>non</span> <span class='ocrx_word' id='word_1_49' title='bbox 909 766 1139 821; x_wconf 85' lang='lat' dir='ltr'>caderet</span> <span class='ocrx_word' id='word_1_50' title='bbox 1163 784 1176 833; x_wconf 90' lang='lat'><strong>;</strong></span> <span class='ocrx_word' id='word_1_51' title='bbox 1200 771 1257 820; x_wconf 91' lang='lat' dir='ltr'>et</span> <span class='ocrx_word' id='word_1_52' title='bbox 1292 770 1465 820; x_wconf 89' lang='lat' dir='ltr'>noctu</span> <span class='ocrx_word' id='word_1_53' title='bbox 1487 765 1645 820; x_wconf 83' lang='lat' dir='ltr'>venit</span> <span class='ocrx_word' id='word_1_54' title='bbox 1674 764 1913 835; x_wconf 91' lang='lat' dir='ltr'>quidam</span> <span class='ocrx_word' id='word_1_55' title='bbox 1937 762 2051 817; x_wconf 55' lang='lat' dir='ltr'>daac</span> 
     </span>
    </p>
   </div>
   <div class='ocr_carea' id='block_1_7' title="bbox 391 850 2053 925">
    <p class='ocr_par' dir='ltr' id='par_1_7' title="bbox 391 850 2053 925">
     <span class='ocr_line' id='line_1_7' title="bbox 391 850 2053 925; baseline -0.001 -19"><span class='ocrx_word' id='word_1_56' title='bbox 391 867 525 906; x_wconf 90' lang='lat' dir='ltr'>mon</span> <span class='ocrx_word' id='word_1_57' title='bbox 566 852 821 909; x_wconf 78' lang='lat' dir='ltr'>exitialis</span> <span class='ocrx_word' id='word_1_58' title='bbox 844 853 1198 922; x_wconf 88' lang='lat' dir='ltr'>clamans,et</span> <span class='ocrx_word' id='word_1_59' title='bbox 1222 854 1425 925; x_wconf 85' lang='lat' dir='ltr'>lingua</span> <span class='ocrx_word' id='word_1_60' title='bbox 1448 860 1620 909; x_wconf 89' lang='lat' dir='ltr'>utens</span> <span class='ocrx_word' id='word_1_61' title='bbox 1646 853 1913 925; x_wconf 84' lang='lat' dir='ltr'>Syriaca:</span> <span class='ocrx_word' id='word_1_62' title='bbox 1940 850 2053 905; x_wconf 86' lang='lat' dir='ltr'>Cur</span> 
     </span>
    </p>
   </div>
   <div class='ocr_carea' id='block_1_8' title="bbox 386 940 2050 1014">
    <p class='ocr_par' dir='ltr' id='par_1_8' title="bbox 386 940 2050 1014">
     <span class='ocr_line' id='line_1_8' title="bbox 386 940 2050 1014; baseline 0 -19"><span class='ocrx_word' id='word_1_63' title='bbox 386 946 449 995; x_wconf 85' lang='lat' dir='ltr'>tu</span> <span class='ocrx_word' id='word_1_64' title='bbox 472 940 692 997; x_wconf 92' lang='lat' dir='ltr'>bellum</span> <span class='ocrx_word' id='word_1_65' title='bbox 716 948 871 1014; x_wconf 89' lang='lat' dir='ltr'>geris</span> <span class='ocrx_word' id='word_1_66' title='bbox 887 960 1019 998; x_wconf 91' lang='lat' dir='ltr'>cum</span> <span class='ocrx_word' id='word_1_67' title='bbox 1035 944 1327 999; x_wconf 82' lang='lat' dir='ltr'>Marcione</span> <span class='ocrx_word' id='word_1_68' title='bbox 1344 944 1653 998; x_wconf 87' lang='lat' dir='ltr'>?curhanc</span> <span class='ocrx_word' id='word_1_69' title='bbox 1670 958 1926 1013; x_wconf 83' lang='lat' dir='ltr'>pugnam</span> <span class='ocrx_word' id='word_1_70' title='bbox 1948 941 2050 996; x_wconf 93' lang='lat' dir='ltr'>ad-</span> 
     </span>
    </p>
   </div>
   <div class='ocr_carea' id='block_1_9' title="bbox 398 1028 2053 1104">
    <p class='ocr_par' dir='ltr' id='par_1_9' title="bbox 398 1028 2053 1104">
     <span class='ocr_line' id='line_1_9' title="bbox 398 1028 2053 1104; baseline -0.001 -20"><span class='ocrx_word' id='word_1_71' title='bbox 398 1044 603 1086; x_wconf 76' lang='lat' dir='ltr'>versus</span> <span class='ocrx_word' id='word_1_72' title='bbox 634 1048 772 1086; x_wconf 91' lang='lat' dir='ltr'>eum</span> <span class='ocrx_word' id='word_1_73' title='bbox 806 1030 1101 1104; x_wconf 85' lang='lat' dir='ltr'>suscipis?</span> <span class='ocrx_word' id='word_1_74' title='bbox 1131 1034 1395 1097; x_wconf 89' lang='lat' dir='ltr'>Quanam</span> <span class='ocrx_word' id='word_1_75' title='bbox 1420 1032 1468 1087; x_wconf 93' lang='lat' dir='ltr'>is</span> <span class='ocrx_word' id='word_1_76' title='bbox 1492 1037 1546 1087; x_wconf 88' lang='lat' dir='ltr'>te</span> <span class='ocrx_word' id='word_1_77' title='bbox 1570 1047 1834 1104; x_wconf 90' lang='lat' dir='ltr'>unquam</span> <span class='ocrx_word' id='word_1_78' title='bbox 1865 1028 2053 1085; x_wconf 79' lang='lat' dir='ltr'>atl‘ecit</span> 
     </span>
    </p>
   </div>
   <div class='ocr_carea' id='block_1_10' title="bbox 395 1118 2050 1193">
    <p class='ocr_par' dir='ltr' id='par_1_10' title="bbox 395 1118 2050 1193">
     <span class='ocr_line' id='line_1_10' title="bbox 395 1118 2050 1193; baseline 0 -20"><span class='ocrx_word' id='word_1_79' title='bbox 395 1119 705 1175; x_wconf 83' lang='lat' dir='ltr'>molestia?</span> <span class='ocrx_word' id='word_1_80' title='bbox 727 1120 931 1175; x_wconf 87' lang='lat' dir='ltr'>desine</span> <span class='ocrx_word' id='word_1_81' title='bbox 948 1121 1301 1193; x_wconf 85' lang='lat' dir='ltr'>belligerari,</span> <span class='ocrx_word' id='word_1_82' title='bbox 1324 1121 1541 1177; x_wconf 81' lang='lat' dir='ltr'>desiste</span> <span class='ocrx_word' id='word_1_83' title='bbox 1564 1138 1597 1175; x_wconf 91' lang='lat' dir='ltr'>a</span> <span class='ocrx_word' id='word_1_84' title='bbox 1622 1118 2050 1184; x_wconf 85' lang='lat' dir='ltr'>malevolentia,</span> 
     </span>
    </p>
   </div>
   <div class='ocr_carea' id='block_1_11' title="bbox 392 1207 2053 1282">
    <p class='ocr_par' dir='ltr' id='par_1_11' title="bbox 392 1207 2053 1282">
     <span class='ocr_line' id='line_1_11' title="bbox 392 1207 2053 1282; baseline 0.002 -22"><span class='ocrx_word' id='word_1_85' title='bbox 392 1212 495 1261; x_wconf 90' lang='lat' dir='ltr'>aut</span> <span class='ocrx_word' id='word_1_86' title='bbox 519 1207 1076 1280; x_wconf 87' lang='lat' dir='ltr'>discesexperientia</span> <span class='ocrx_word' id='word_1_87' title='bbox 1092 1215 1373 1282; x_wconf 84' lang='lat' dir='ltr'>quantum</span> <span class='ocrx_word' id='word_1_88' title='bbox 1391 1212 1595 1265; x_wconf 88' lang='lat' dir='ltr'>bonum</span> <span class='ocrx_word' id='word_1_89' title='bbox 1609 1208 2053 1280; x_wconf 89' lang='lat' dir='ltr'>sitquies.Scias</span> 
     </span>
    </p>
   </div>
   <div class='ocr_carea' id='block_1_12' title="bbox 393 1298 2051 1370">
    <p class='ocr_par' dir='ltr' id='par_1_12' title="bbox 393 1298 2051 1370">
     <span class='ocr_line' id='line_1_12' title="bbox 393 1298 2051 1370; baseline 0 -20"><span class='ocrx_word' id='word_1_90' title='bbox 393 1298 549 1367; x_wconf 87' lang='lat' dir='ltr'>quod</span> <span class='ocrx_word' id='word_1_91' title='bbox 576 1305 627 1352; x_wconf 90' lang='lat' dir='ltr'>le</span> <span class='ocrx_word' id='word_1_92' title='bbox 648 1298 773 1367; x_wconf 90' lang='lat' dir='ltr'>jam</span> <span class='ocrx_word' id='word_1_93' title='bbox 800 1299 1031 1369; x_wconf 87' lang='lat' dir='ltr'>pridem</span> <span class='ocrx_word' id='word_1_94' title='bbox 1057 1300 1474 1370; x_wconf 88' lang='lat' dir='ltr'>contodissem,</span> <span class='ocrx_word' id='word_1_95' title='bbox 1499 1299 1613 1355; x_wconf 90' lang='lat' dir='ltr'>nisi</span> <span class='ocrx_word' id='word_1_96' title='bbox 1632 1299 1877 1353; x_wconf 87' lang='lat' dir='ltr'>chorum</span> <span class='ocrx_word' id='word_1_97' title='bbox 1898 1314 2051 1351; x_wconf 89' lang='lat' dir='ltr'>mar-</span> 
     </span>
    </p>
   </div>
   <div class='ocr_carea' id='block_1_13' title="bbox 393 1387 2052 1457">
    <p class='ocr_par' dir='ltr' id='par_1_13' title="bbox 393 1387 2052 1457">
     <span class='ocr_line' id='line_1_13' title="bbox 393 1387 2052 1457; baseline 0.001 -19"><span class='ocrx_word' id='word_1_98' title='bbox 393 1390 588 1456; x_wconf 90' lang='lat' dir='ltr'>tyrum</span> <span class='ocrx_word' id='word_1_99' title='bbox 608 1391 661 1440; x_wconf 92' lang='lat' dir='ltr'>te</span> <span class='ocrx_word' id='word_1_100' title='bbox 674 1387 1105 1442; x_wconf 88' lang='lat' dir='ltr'>custodientem</span> <span class='ocrx_word' id='word_1_101' title='bbox 1122 1389 1399 1443; x_wconf 88' lang='lat' dir='ltr'>vidissem</span> <span class='ocrx_word' id='word_1_102' title='bbox 1416 1387 1931 1443; x_wconf 76' lang='lat' dir='ltr'>cumJacobo.Hzec</span> <span class='ocrx_word' id='word_1_103' title='bbox 1947 1402 2052 1457; x_wconf 85' lang='lat' dir='ltr'>ego</span> 
     </span>
    </p>
   </div>
   <div class='ocr_carea' id='block_1_14' title="bbox 394 1473 2055 1546">
    <p class='ocr_par' dir='ltr' id='par_1_14' title="bbox 394 1473 2055 1546">
     <span class='ocr_line' id='line_1_14' title="bbox 394 1473 2055 1546; baseline 0.001 -19"><span class='ocrx_word' id='word_1_104' title='bbox 394 1473 675 1543; x_wconf 86' lang='lat' dir='ltr'>andivi,et</span> <span class='ocrx_word' id='word_1_105' title='bbox 694 1475 809 1529; x_wconf 87' lang='lat' dir='ltr'>dixi</span> <span class='ocrx_word' id='word_1_106' title='bbox 835 1476 1070 1531; x_wconf 83' lang='lat' dir='ltr'>cuidam</span> <span class='ocrx_word' id='word_1_107' title='bbox 1088 1477 1235 1531; x_wconf 78' lang='lat'><strong>84]</strong></span> <span class='ocrx_word' id='word_1_108' title='bbox 1259 1493 1327 1531; x_wconf 89' lang='lat' dir='ltr'>ex</span> <span class='ocrx_word' id='word_1_109' title='bbox 1346 1477 1737 1532; x_wconf 81' lang='lat' dir='ltr'>familiaribus</span> <span class='ocrx_word' id='word_1_110' title='bbox 1758 1476 1856 1546; x_wconf 92' lang='lat' dir='ltr'>qui</span> <span class='ocrx_word' id='word_1_111' title='bbox 1878 1491 2055 1546; x_wconf 90' lang='lat' dir='ltr'>prope</span> 
     </span>
    </p>
   </div>
   <div class='ocr_carea' id='block_1_15' title="bbox 396 1562 2055 1637">
    <p class='ocr_par' dir='ltr' id='par_1_15' title="bbox 396 1562 2055 1637">
     <span class='ocr_line' id='line_1_15' title="bbox 396 1562 2055 1637; baseline 0.001 -21"><span class='ocrx_word' id='word_1_112' title='bbox 396 1579 489 1617; x_wconf 91' lang='lat' dir='ltr'>mc</span> <span class='ocrx_word' id='word_1_113' title='bbox 519 1563 880 1619; x_wconf 87' lang='lat' dir='ltr'>dormiebat:</span> <span class='ocrx_word' id='word_1_114' title='bbox 918 1565 1120 1632; x_wconf 88' lang='lat' dir='ltr'>Audis,</span> <span class='ocrx_word' id='word_1_115' title='bbox 1151 1565 1420 1636; x_wconf 89' lang='lat' dir='ltr'>inquam,</span> <span class='ocrx_word' id='word_1_116' title='bbox 1446 1583 1573 1637; x_wconf 67' lang='lat' dir='ltr'>quae</span> <span class='ocrx_word' id='word_1_117' title='bbox 1607 1566 1884 1621; x_wconf 92' lang='lat' dir='ltr'>dicuntur</span> <span class='ocrx_word' id='word_1_118' title='bbox 1906 1562 2055 1619; x_wconf 74' lang='lat' dir='ltr'>‘Illle</span> 
     </span>
    </p>
   </div>
   <div class='ocr_carea' id='block_1_16' title="bbox 391 1652 2051 1725">
    <p class='ocr_par' dir='ltr' id='par_1_16' title="bbox 391 1652 2051 1725">
     <span class='ocr_line' id='line_1_16' title="bbox 391 1652 2051 1725; baseline 0.001 -19"><span class='ocrx_word' id='word_1_119' title='bbox 391 1668 525 1707; x_wconf 92' lang='lat' dir='ltr'>vero</span> <span class='ocrx_word' id='word_1_120' title='bbox 548 1670 559 1706; x_wconf 91' lang='lat'>:</span> <span class='ocrx_word' id='word_1_121' title='bbox 581 1652 811 1720; x_wconf 87' lang='lat' dir='ltr'>Omnia,</span> <span class='ocrx_word' id='word_1_122' title='bbox 833 1653 1045 1725; x_wconf 83' lang='lat' dir='ltr'>inquit,</span> <span class='ocrx_word' id='word_1_123' title='bbox 1072 1654 1303 1723; x_wconf 89' lang='lat' dir='ltr'>audivi;</span> <span class='ocrx_word' id='word_1_124' title='bbox 1330 1660 1537 1710; x_wconf 85' lang='lat' dir='ltr'>etcum</span> <span class='ocrx_word' id='word_1_125' title='bbox 1558 1655 1764 1710; x_wconf 88' lang='lat' dir='ltr'>vellem</span> <span class='ocrx_word' id='word_1_126' title='bbox 1791 1669 2051 1725; x_wconf 90' lang='lat' dir='ltr'>surgere,</span> 
     </span>
    </p>
   </div>
   <div class='ocr_carea' id='block_1_17' title="bbox 2159 497 3819 569">
    <p class='ocr_par' dir='ltr' id='par_1_17' title="bbox 2159 497 3819 569">
     <span class='ocr_line' id='line_1_17' title="bbox 2159 497 3819 569; baseline 0.001 -18"><span class='ocrx_word' id='word_1_127' title='bbox 2159 497 2358 554; x_wconf 91' lang='lat' dir='ltr'>anima</span> <span class='ocrx_word' id='word_1_128' title='bbox 2380 499 2450 554; x_wconf 92' lang='lat' dir='ltr'>ab</span> <span class='ocrx_word' id='word_1_129' title='bbox 2484 515 2549 554; x_wconf 89' lang='lat' dir='ltr'>eo</span> <span class='ocrx_word' id='word_1_130' title='bbox 2582 498 2719 554; x_wconf 91' lang='lat' dir='ltr'>vitio</span> <span class='ocrx_word' id='word_1_131' title='bbox 2739 499 3182 568; x_wconf 89' lang='lat' dir='ltr'>remotissima),</span> <span class='ocrx_word' id='word_1_132' title='bbox 3207 499 3307 556; x_wconf 89' lang='lat' dir='ltr'>sed</span> <span class='ocrx_word' id='word_1_133' title='bbox 3336 516 3467 555; x_wconf 89' lang='lat' dir='ltr'>cum</span> <span class='ocrx_word' id='word_1_134' title='bbox 3494 498 3660 554; x_wconf 90' lang='lat' dir='ltr'>illum</span> <span class='ocrx_word' id='word_1_135' title='bbox 3687 499 3819 569; x_wconf 89' lang='lat' dir='ltr'>qui-</span> 
     </span>
    </p>
   </div>
   <div class='ocr_carea' id='block_1_18' title="bbox 2158 586 3821 659">
    <p class='ocr_par' dir='ltr' id='par_1_18' title="bbox 2158 586 3821 659">
     <span class='ocr_line' id='line_1_18' title="bbox 2158 586 3821 659; baseline 0.001 -19"><span class='ocrx_word' id='word_1_136' title='bbox 2158 586 2291 641; x_wconf 91' lang='lat' dir='ltr'>dam</span> <span class='ocrx_word' id='word_1_137' title='bbox 2309 604 2453 642; x_wconf 90' lang='lat' dir='ltr'>usus</span> <span class='ocrx_word' id='word_1_138' title='bbox 2471 603 2538 642; x_wconf 84' lang='lat' dir='ltr'>ea</span> <span class='ocrx_word' id='word_1_139' title='bbox 2552 587 3043 659; x_wconf 81' lang='lat' dir='ltr'>coegissetdicere</span> <span class='ocrx_word' id='word_1_140' title='bbox 3060 604 3188 659; x_wconf 61' lang='lat' dir='ltr'>qua:</span> <span class='ocrx_word' id='word_1_141' title='bbox 3203 586 3655 643; x_wconf 90' lang='lat' dir='ltr'>volebatcelare.</span> <span class='ocrx_word' id='word_1_142' title='bbox 3672 588 3821 658; x_wconf 88' lang='lat' dir='ltr'>Sup-</span> 
     </span>
    </p>
   </div>
   <div class='ocr_carea' id='block_1_19' title="bbox 2157 674 3818 746">
    <p class='ocr_par' dir='ltr' id='par_1_19' title="bbox 2157 674 3818 746">
     <span class='ocr_line' id='line_1_19' title="bbox 2157 674 3818 746; baseline 0.002 -18"><span class='ocrx_word' id='word_1_143' title='bbox 2157 674 2288 746; x_wconf 82' lang='lat' dir='ltr'>plex</span> <span class='ocrx_word' id='word_1_144' title='bbox 2309 676 2380 731; x_wconf 92' lang='lat' dir='ltr'>ab</span> <span class='ocrx_word' id='word_1_145' title='bbox 2405 692 2469 731; x_wconf 88' lang='lat' dir='ltr'>eo</span> <span class='ocrx_word' id='word_1_146' title='bbox 2522 677 2947 732; x_wconf 91' lang='lat' dir='ltr'>contendebam</span> <span class='ocrx_word' id='word_1_147' title='bbox 2971 682 3034 732; x_wconf 87' lang='lat' dir='ltr'>ut</span> <span class='ocrx_word' id='word_1_148' title='bbox 3059 681 3251 733; x_wconf 89' lang='lat' dir='ltr'>oraret</span> <span class='ocrx_word' id='word_1_149' title='bbox 3292 676 3473 733; x_wconf 90' lang='lat' dir='ltr'>Deum</span> <span class='ocrx_word' id='word_1_150' title='bbox 3506 676 3818 733; x_wconf 81' lang='lat' dir='ltr'>universo-</span> 
     </span>
    </p>
   </div>
   <div class='ocr_carea' id='block_1_20' title="bbox 2158 765 3822 838">
    <p class='ocr_par' dir='ltr' id='par_1_20' title="bbox 2158 765 3822 838">
     <span class='ocr_line' id='line_1_20' title="bbox 2158 765 3822 838; baseline 0.002 -21"><span class='ocrx_word' id='word_1_151' title='bbox 2158 780 2311 831; x_wconf 89' lang='lat' dir='ltr'>rum,</span> <span class='ocrx_word' id='word_1_152' title='bbox 2329 766 2673 822; x_wconf 88' lang='lat' dir='ltr'>utredderet</span> <span class='ocrx_word' id='word_1_153' title='bbox 2691 765 2836 820; x_wconf 89' lang='lat' dir='ltr'>mihi</span> <span class='ocrx_word' id='word_1_154' title='bbox 2863 770 3117 838; x_wconf 89' lang='lat' dir='ltr'>segetem</span> <span class='ocrx_word' id='word_1_155' title='bbox 3138 767 3423 822; x_wconf 89' lang='lat' dir='ltr'>mundam</span> <span class='ocrx_word' id='word_1_156' title='bbox 3446 782 3480 821; x_wconf 92' lang='lat' dir='ltr'>a</span> <span class='ocrx_word' id='word_1_157' title='bbox 3496 766 3740 821; x_wconf 86' lang='lat' dir='ltr'>zizaniis</span> <span class='ocrx_word' id='word_1_158' title='bbox 3762 769 3822 820; x_wconf 91' lang='lat' dir='ltr'>et</span> 
     </span>
    </p>
   </div>
   <div class='ocr_carea' id='block_1_21' title="bbox 2158 853 3820 923">
    <p class='ocr_par' dir='ltr' id='par_1_21' title="bbox 2158 853 3820 923">
     <span class='ocr_line' id='line_1_21' title="bbox 2158 853 3820 923; baseline 0 -15"><span class='ocrx_word' id='word_1_159' title='bbox 2158 870 2190 908; x_wconf 87' lang='lat' dir='ltr'>a</span> <span class='ocrx_word' id='word_1_160' title='bbox 2205 853 2526 910; x_wconf 88' lang='lat' dir='ltr'>seminibus</span> <span class='ocrx_word' id='word_1_161' title='bbox 2541 853 2827 910; x_wconf 66' lang='lat' dir='ltr'>hmreticis</span> <span class='ocrx_word' id='word_1_162' title='bbox 2842 870 2970 909; x_wconf 91' lang='lat' dir='ltr'>eam</span> <span class='ocrx_word' id='word_1_163' title='bbox 2986 855 3224 909; x_wconf 90' lang='lat' dir='ltr'>omnino</span> <span class='ocrx_word' id='word_1_164' title='bbox 3240 853 3533 923; x_wconf 85' lang='lat' dir='ltr'>liberaret;</span> <span class='ocrx_word' id='word_1_165' title='bbox 3555 870 3646 909; x_wconf 92' lang='lat' dir='ltr'>me</span> <span class='ocrx_word' id='word_1_166' title='bbox 3662 853 3820 909; x_wconf 88' lang='lat' dir='ltr'>enim</span> 
     </span>
    </p>
   </div>
   <div class='ocr_carea' id='block_1_22' title="bbox 2155 940 3816 1015">
    <p class='ocr_par' dir='ltr' id='par_1_22' title="bbox 2155 940 3816 1015">
     <span class='ocr_line' id='line_1_22' title="bbox 2155 940 3816 1015; baseline 0.001 -19"><span class='ocrx_word' id='word_1_167' title='bbox 2155 940 2323 997; x_wconf 90' lang='lat' dir='ltr'>valde</span> <span class='ocrx_word' id='word_1_168' title='bbox 2345 943 2599 1014; x_wconf 87' lang='lat' dir='ltr'>angebat</span> <span class='ocrx_word' id='word_1_169' title='bbox 2624 942 3001 999; x_wconf 88' lang='lat' dir='ltr'>abominandi</span> <span class='ocrx_word' id='word_1_170' title='bbox 3025 942 3335 999; x_wconf 88' lang='lat' dir='ltr'>Marcionis</span> <span class='ocrx_word' id='word_1_171' title='bbox 3360 960 3523 999; x_wconf 90' lang='lat' dir='ltr'>error</span> <span class='ocrx_word' id='word_1_172' title='bbox 3553 943 3653 1014; x_wconf 89' lang='lat' dir='ltr'>qui</span> <span class='ocrx_word' id='word_1_173' title='bbox 3682 942 3816 1015; x_wconf 82' lang='lat' dir='ltr'>plu-</span> 
     </span>
    </p>
   </div>
   <div class='ocr_carea' id='block_1_23' title="bbox 2160 1031 3821 1103">
    <p class='ocr_par' dir='ltr' id='par_1_23' title="bbox 2160 1031 3821 1103">
     <span class='ocr_line' id='line_1_23' title="bbox 2160 1031 3821 1103; baseline 0.002 -18"><span class='ocrx_word' id='word_1_174' title='bbox 2160 1032 2376 1087; x_wconf 92' lang='lat' dir='ltr'>rimum</span> <span class='ocrx_word' id='word_1_175' title='bbox 2393 1031 2896 1088; x_wconf 87' lang='lat' dir='ltr'>invalueral.Dixit</span> <span class='ocrx_word' id='word_1_176' title='bbox 2914 1032 3114 1103; x_wconf 89' lang='lat' dir='ltr'>itaque</span> <span class='ocrx_word' id='word_1_177' title='bbox 3135 1050 3169 1089; x_wconf 90' lang='lat' dir='ltr'>a</span> <span class='ocrx_word' id='word_1_178' title='bbox 3190 1048 3281 1087; x_wconf 90' lang='lat' dir='ltr'>me</span> <span class='ocrx_word' id='word_1_179' title='bbox 3304 1038 3508 1089; x_wconf 89' lang='lat' dir='ltr'>oratus</span> <span class='ocrx_word' id='word_1_180' title='bbox 3535 1050 3547 1086; x_wconf 90' lang='lat'><strong>:</strong></span> <span class='ocrx_word' id='word_1_181' title='bbox 3566 1032 3682 1087; x_wconf 88' lang='lat' dir='ltr'>Nec</span> <span class='ocrx_word' id='word_1_182' title='bbox 3704 1048 3821 1097; x_wconf 89' lang='lat' dir='ltr'>me,</span> 
     </span>
    </p>
   </div>
   <div class='ocr_carea' id='block_1_24' title="bbox 2160 1120 3822 1193">
    <p class='ocr_par' dir='ltr' id='par_1_24' title="bbox 2160 1120 3822 1193">
     <span class='ocr_line' id='line_1_24' title="bbox 2160 1120 3822 1193; baseline 0.001 -18"><span class='ocrx_word' id='word_1_183' title='bbox 2160 1137 2264 1176; x_wconf 91' lang='lat' dir='ltr'>nec</span> <span class='ocrx_word' id='word_1_184' title='bbox 2296 1121 2412 1177; x_wconf 93' lang='lat' dir='ltr'>ullo</span> <span class='ocrx_word' id='word_1_185' title='bbox 2446 1120 2557 1177; x_wconf 89' lang='lat' dir='ltr'>alio</span> <span class='ocrx_word' id='word_1_186' title='bbox 2589 1122 2695 1177; x_wconf 90' lang='lat' dir='ltr'>tibi</span> <span class='ocrx_word' id='word_1_187' title='bbox 2726 1139 2872 1193; x_wconf 92' lang='lat' dir='ltr'>opus</span> <span class='ocrx_word' id='word_1_188' title='bbox 2916 1126 3006 1177; x_wconf 90' lang='lat' dir='ltr'>est</span> <span class='ocrx_word' id='word_1_189' title='bbox 3036 1122 3107 1177; x_wconf 90' lang='lat' dir='ltr'>ad</span> <span class='ocrx_word' id='word_1_190' title='bbox 3158 1122 3341 1178; x_wconf 91' lang='lat' dir='ltr'>Deum</span> <span class='ocrx_word' id='word_1_191' title='bbox 3393 1122 3780 1178; x_wconf 86' lang='lat' dir='ltr'>intercessore</span> <span class='ocrx_word' id='word_1_192' title='bbox 3807 1141 3822 1189; x_wconf 85' lang='lat'><strong>;</strong></span> 
     </span>
    </p>
   </div>
   <div class='ocr_carea' id='block_1_25' title="bbox 2161 1219 3813 1290">
    <p class='ocr_par' dir='ltr' id='par_1_25' title="bbox 2161 1219 3813 1290">
     <span class='ocr_line' id='line_1_25' title="bbox 2161 1219 3813 1290; baseline 0.001 -17"><span class='ocrx_word' id='word_1_193' title='bbox 2161 1219 2342 1275; x_wconf 91' lang='lat' dir='ltr'>habes</span> <span class='ocrx_word' id='word_1_194' title='bbox 2370 1220 2525 1275; x_wconf 91' lang='lat' dir='ltr'>enim</span> <span class='ocrx_word' id='word_1_195' title='bbox 2548 1219 2835 1276; x_wconf 86' lang='lat' dir='ltr'>Joannem</span> <span class='ocrx_word' id='word_1_196' title='bbox 2869 1220 3037 1276; x_wconf 91' lang='lat' dir='ltr'>illum</span> <span class='ocrx_word' id='word_1_197' title='bbox 3069 1220 3385 1290; x_wconf 85' lang='lat' dir='ltr'>insignem,</span> <span class='ocrx_word' id='word_1_198' title='bbox 3416 1219 3590 1276; x_wconf 87' lang='lat' dir='ltr'>Verbi</span> <span class='ocrx_word' id='word_1_199' title='bbox 3613 1236 3813 1276; x_wconf 88' lang='lat' dir='ltr'>vocem</span> 
     </span>
    </p>
   </div>
   <div class='ocr_carea' id='block_1_26' title="bbox 2160 1308 3825 1380">
    <p class='ocr_par' dir='ltr' id='par_1_26' title="bbox 2160 1308 3825 1380">
     <span class='ocr_line' id='line_1_26' title="bbox 2160 1308 3825 1380; baseline 0 -17"><span class='ocrx_word' id='word_1_200' title='bbox 2160 1308 2394 1364; x_wconf 90' lang='lat' dir='ltr'>Domini</span> <span class='ocrx_word' id='word_1_201' title='bbox 2420 1324 2863 1380; x_wconf 70' lang='lat' dir='ltr'>prmcursorem,</span> <span class='ocrx_word' id='word_1_202' title='bbox 2888 1308 2996 1364; x_wconf 90' lang='lat' dir='ltr'>has</span> <span class='ocrx_word' id='word_1_203' title='bbox 3020 1326 3120 1380; x_wconf 91' lang='lat' dir='ltr'>pro</span> <span class='ocrx_word' id='word_1_204' title='bbox 3144 1312 3199 1364; x_wconf 90' lang='lat' dir='ltr'>te</span> <span class='ocrx_word' id='word_1_205' title='bbox 3218 1324 3418 1380; x_wconf 89' lang='lat' dir='ltr'>preces</span> <span class='ocrx_word' id='word_1_206' title='bbox 3433 1308 3668 1364; x_wconf 86' lang='lat' dir='ltr'>assidue</span> <span class='ocrx_word' id='word_1_207' title='bbox 3689 1309 3825 1364; x_wconf 83' lang='lat' dir='ltr'>oﬂ&#39;e-</span> 
     </span>
    </p>
   </div>
   <div class='ocr_carea' id='block_1_27' title="bbox 2162 1397 3826 1469">
    <p class='ocr_par' dir='ltr' id='par_1_27' title="bbox 2162 1397 3826 1469">
     <span class='ocr_line' id='line_1_27' title="bbox 2162 1397 3826 1469; baseline 0.001 -18"><span class='ocrx_word' id='word_1_208' title='bbox 2162 1402 2406 1452; x_wconf 88' lang='lat' dir='ltr'>rentem.</span> <span class='ocrx_word' id='word_1_209' title='bbox 2443 1397 2586 1452; x_wconf 87' lang='lat' dir='ltr'>Cum</span> <span class='ocrx_word' id='word_1_210' title='bbox 2612 1403 2810 1453; x_wconf 90' lang='lat' dir='ltr'>autem</span> <span class='ocrx_word' id='word_1_211' title='bbox 2842 1414 2949 1469; x_wconf 87' lang='lat' dir='ltr'>ego</span> <span class='ocrx_word' id='word_1_212' title='bbox 2974 1397 3224 1453; x_wconf 89' lang='lat' dir='ltr'>dicerem</span> <span class='ocrx_word' id='word_1_213' title='bbox 3249 1413 3339 1452; x_wconf 92' lang='lat' dir='ltr'>me</span> <span class='ocrx_word' id='word_1_214' title='bbox 3361 1402 3418 1452; x_wconf 90' lang='lat' dir='ltr'>et</span> <span class='ocrx_word' id='word_1_215' title='bbox 3438 1398 3565 1467; x_wconf 86' lang='lat' dir='ltr'>ejus</span> <span class='ocrx_word' id='word_1_216' title='bbox 3589 1397 3826 1452; x_wconf 88' lang='lat' dir='ltr'>credere</span> 
     </span>
    </p>
   </div>
   <div class='ocr_carea' id='block_1_28' title="bbox 2163 1485 3824 1558">
    <p class='ocr_par' dir='ltr' id='par_1_28' title="bbox 2163 1485 3824 1558">
     <span class='ocr_line' id='line_1_28' title="bbox 2163 1485 3824 1558; baseline -0.002 -16"><span class='ocrx_word' id='word_1_217' title='bbox 2163 1485 2551 1554; x_wconf 87' lang='lat' dir='ltr'>orationibus,</span> <span class='ocrx_word' id='word_1_218' title='bbox 2586 1491 2641 1540; x_wconf 91' lang='lat' dir='ltr'>et</span> <span class='ocrx_word' id='word_1_219' title='bbox 2673 1485 2923 1542; x_wconf 91' lang='lat' dir='ltr'>aliorum</span> <span class='ocrx_word' id='word_1_220' title='bbox 2957 1489 3295 1541; x_wconf 90' lang='lat' dir='ltr'>sanctorum</span> <span class='ocrx_word' id='word_1_221' title='bbox 3331 1485 3735 1558; x_wconf 87' lang='lat' dir='ltr'>apostolorum</span> <span class='ocrx_word' id='word_1_222' title='bbox 3766 1489 3824 1539; x_wconf 87' lang='lat' dir='ltr'>et</span> 
     </span>
    </p>
   </div>
   <div class='ocr_carea' id='block_1_29' title="bbox 2163 1573 3825 1646">
    <p class='ocr_par' dir='ltr' id='par_1_29' title="bbox 2163 1573 3825 1646">
     <span class='ocr_line' id='line_1_29' title="bbox 2163 1573 3825 1646; baseline -0.001 -17"><span class='ocrx_word' id='word_1_223' title='bbox 2163 1574 2604 1646; x_wconf 88' lang='lat' dir='ltr'>prophetarum,</span> <span class='ocrx_word' id='word_1_224' title='bbox 2630 1591 2877 1645; x_wconf 89' lang='lat' dir='ltr'>quorum</span> <span class='ocrx_word' id='word_1_225' title='bbox 2908 1575 2978 1629; x_wconf 92' lang='lat' dir='ltr'>ad</span> <span class='ocrx_word' id='word_1_226' title='bbox 2999 1591 3106 1629; x_wconf 91' lang='lat' dir='ltr'>nos</span> <span class='ocrx_word' id='word_1_227' title='bbox 3127 1590 3312 1646; x_wconf 84' lang='lat' dir='ltr'>nuper</span> <span class='ocrx_word' id='word_1_228' title='bbox 3333 1573 3536 1630; x_wconf 67' lang='lat' dir='ltr'>delatae</span> <span class='ocrx_word' id='word_1_229' title='bbox 3562 1579 3702 1628; x_wconf 91' lang='lat' dir='ltr'>sunt</span> <span class='ocrx_word' id='word_1_230' title='bbox 3734 1590 3825 1627; x_wconf 89' lang='lat' dir='ltr'>re-</span> 
     </span>
    </p>
   </div>
   <div class='ocr_carea' id='block_1_30' title="bbox 2161 1661 3822 1734">
    <p class='ocr_par' dir='ltr' id='par_1_30' title="bbox 2161 1661 3822 1734">
     <span class='ocr_line' id='line_1_30' title="bbox 2161 1661 3822 1734; baseline 0 -18"><span class='ocrx_word' id='word_1_231' title='bbox 2161 1661 2356 1734; x_wconf 66' lang='lat' dir='ltr'>liquiae</span> <span class='ocrx_word' id='word_1_232' title='bbox 2388 1679 2401 1718; x_wconf 87' lang='lat'>:</span> <span class='ocrx_word' id='word_1_233' title='bbox 2436 1664 2595 1729; x_wconf 86' lang='lat' dir='ltr'>Esto,</span> <span class='ocrx_word' id='word_1_234' title='bbox 2622 1663 2837 1734; x_wconf 86' lang='lat' dir='ltr'>inquit,</span> <span class='ocrx_word' id='word_1_235' title='bbox 2871 1664 3022 1718; x_wconf 92' lang='lat' dir='ltr'>bono</span> <span class='ocrx_word' id='word_1_236' title='bbox 3046 1664 3243 1718; x_wconf 91' lang='lat' dir='ltr'>animo</span> <span class='ocrx_word' id='word_1_237' title='bbox 3270 1681 3285 1733; x_wconf 90' lang='lat'><strong>;</strong></span> <span class='ocrx_word' id='word_1_238' title='bbox 3310 1663 3488 1719; x_wconf 91' lang='lat' dir='ltr'>habes</span> <span class='ocrx_word' id='word_1_239' title='bbox 3533 1663 3822 1719; x_wconf 88' lang='lat' dir='ltr'>Joannem</span> 
     </span>
    </p>
   </div>
   <div class='ocr_carea' id='block_1_31' title="bbox 392 1741 3824 1835">
    <p class='ocr_par' dir='ltr' id='par_1_31' title="bbox 392 1741 3824 1835">
     <span class='ocr_line' id='line_1_31' title="bbox 392 1741 3824 1835; baseline -0.001 -26"><span class='ocrx_word' id='word_1_240' title='bbox 392 1745 445 1795; x_wconf 61' lang='grc' dir='ltr'>οἱ</span> <span class='ocrx_word' id='word_1_241' title='bbox 471 1742 781 1813; x_wconf 60' lang='lat' dir='ltr'>respicere,</span> <span class='ocrx_word' id='word_1_242' title='bbox 808 1747 862 1797; x_wconf 68' lang='lat' dir='ltr'>et</span> <span class='ocrx_word' id='word_1_243' title='bbox 886 1742 1181 1813; x_wconf 67' lang='lat' dir='ltr'>SCiFeQUiS</span> <span class='ocrx_word' id='word_1_244' title='bbox 1201 1742 1561 1815; x_wconf 67' lang='lat' dir='ltr'>loqueretur.</span> <span class='ocrx_word' id='word_1_245' title='bbox 1583 1748 1875 1798; x_wconf 69' lang='lat' dir='ltr'>tuacausa</span> <span class='ocrx_word' id='word_1_246' title='bbox 1898 1741 2056 1814; x_wconf 83' lang='lat' dir='ltr'>quie-</span> <span class='ocrx_word' id='word_1_247' title='bbox 2085 1770 2131 1835; x_wconf 83' lang='lat' dir='ltr'><strong>B</strong></span> <span class='ocrx_word' id='word_1_248' title='bbox 2164 1749 2511 1821; x_wconf 87' lang='lat' dir='ltr'>Baptistam.</span> <span class='ocrx_word' id='word_1_249' title='bbox 2538 1752 2647 1807; x_wconf 88' lang='lat' dir='ltr'>Sed</span> <span class='ocrx_word' id='word_1_250' title='bbox 2673 1768 2775 1807; x_wconf 92' lang='lat' dir='ltr'>nec</span> <span class='ocrx_word' id='word_1_251' title='bbox 2798 1752 2880 1807; x_wconf 89' lang='lat' dir='ltr'>sic</span> <span class='ocrx_word' id='word_1_252' title='bbox 2904 1769 3036 1807; x_wconf 92' lang='lat' dir='ltr'>eum</span> <span class='ocrx_word' id='word_1_253' title='bbox 3064 1769 3273 1823; x_wconf 83' lang='lat' dir='ltr'>passus</span> <span class='ocrx_word' id='word_1_254' title='bbox 3306 1768 3438 1807; x_wconf 88' lang='lat' dir='ltr'>sum</span> <span class='ocrx_word' id='word_1_255' title='bbox 3482 1751 3677 1818; x_wconf 88' lang='lat' dir='ltr'>silere,</span> <span class='ocrx_word' id='word_1_256' title='bbox 3721 1751 3824 1806; x_wconf 91' lang='lat' dir='ltr'>sed</span> 
     </span>
    </p>
   </div>
   <div class='ocr_carea' id='block_1_32' title="bbox 388 1830 2052 1905">
    <p class='ocr_par' dir='ltr' id='par_1_32' title="bbox 388 1830 2052 1905">
     <span class='ocr_line' id='line_1_32' title="bbox 388 1830 2052 1905; baseline 0.001 -20"><span class='ocrx_word' id='word_1_257' title='bbox 388 1830 466 1896; x_wconf 85' lang='lat' dir='ltr'>vi,</span> <span class='ocrx_word' id='word_1_258' title='bbox 491 1847 624 1885; x_wconf 90' lang='lat' dir='ltr'>cum</span> <span class='ocrx_word' id='word_1_259' title='bbox 651 1835 702 1886; x_wconf 92' lang='lat' dir='ltr'>te</span> <span class='ocrx_word' id='word_1_260' title='bbox 736 1836 996 1903; x_wconf 87' lang='lat' dir='ltr'>putarem</span> <span class='ocrx_word' id='word_1_261' title='bbox 1022 1831 1343 1903; x_wconf 88' lang='lat' dir='ltr'>quiescere.</span> <span class='ocrx_word' id='word_1_262' title='bbox 1369 1834 1556 1889; x_wconf 85' lang='lat' dir='ltr'>Ambo</span> <span class='ocrx_word' id='word_1_263' title='bbox 1590 1834 1783 1905; x_wconf 85' lang='lat' dir='ltr'>itaque</span> <span class='ocrx_word' id='word_1_264' title='bbox 1808 1848 2052 1903; x_wconf 83' lang='lat' dir='ltr'>surgen-</span> 
     </span>
    </p>
   </div>
   <div class='ocr_carea' id='block_1_33' title="bbox 393 1920 2052 1993">
    <p class='ocr_par' dir='ltr' id='par_1_33' title="bbox 393 1920 2052 1993">
     <span class='ocr_line' id='line_1_33' title="bbox 393 1920 2052 1993; baseline 0.001 -19"><span class='ocrx_word' id='word_1_265' title='bbox 393 1924 480 1974; x_wconf 83' lang='lat' dir='ltr'>tes</span> <span class='ocrx_word' id='word_1_266' title='bbox 498 1920 887 1992; x_wconf 86' lang='lat' dir='ltr'>respeximus,</span> <span class='ocrx_word' id='word_1_267' title='bbox 906 1938 1093 1992; x_wconf 88' lang='lat' dir='ltr'>neque</span> <span class='ocrx_word' id='word_1_268' title='bbox 1109 1921 1295 1977; x_wconf 90' lang='lat' dir='ltr'>ullum</span> <span class='ocrx_word' id='word_1_269' title='bbox 1312 1922 1413 1993; x_wconf 92' lang='lat' dir='ltr'>qui</span> <span class='ocrx_word' id='word_1_270' title='bbox 1433 1921 2052 1991; x_wconf 89' lang='lat' dir='ltr'>movereturvidimus,</span> 
     </span>
    </p>
   </div>
   <div class='ocr_carea' id='block_1_34' title="bbox 390 2010 2053 2083">
    <p class='ocr_par' dir='ltr' id='par_1_34' title="bbox 390 2010 2053 2083">
     <span class='ocr_line' id='line_1_34' title="bbox 390 2010 2053 2083; baseline -0.001 -18"><span class='ocrx_word' id='word_1_271' title='bbox 390 2023 496 2065; x_wconf 86' lang='lat' dir='ltr'>nec</span> <span class='ocrx_word' id='word_1_272' title='bbox 529 2010 627 2081; x_wconf 90' lang='lat' dir='ltr'>qui</span> <span class='ocrx_word' id='word_1_273' title='bbox 644 2010 986 2081; x_wconf 89' lang='lat' dir='ltr'>loqueretur</span> <span class='ocrx_word' id='word_1_274' title='bbox 1006 2011 1362 2067; x_wconf 87' lang='lat' dir='ltr'>audivimus.</span> <span class='ocrx_word' id='word_1_275' title='bbox 1384 2011 1486 2067; x_wconf 91' lang='lat' dir='ltr'>Illa</span> <span class='ocrx_word' id='word_1_276' title='bbox 1508 2012 1682 2067; x_wconf 89' lang='lat' dir='ltr'>verba</span> <span class='ocrx_word' id='word_1_277' title='bbox 1701 2010 1797 2065; x_wconf 88' lang='lat' dir='ltr'>alii</span> <span class='ocrx_word' id='word_1_278' title='bbox 1820 2026 2053 2083; x_wconf 90' lang='lat' dir='ltr'>quoque</span> 
     </span>
    </p>
   </div>
   <div class='ocr_carea' id='block_1_35' title="bbox 387 2098 2055 2170">
    <p class='ocr_par' dir='ltr' id='par_1_35' title="bbox 387 2098 2055 2170">
     <span class='ocr_line' id='line_1_35' title="bbox 387 2098 2055 2170; baseline 0 -17"><span class='ocrx_word' id='word_1_279' title='bbox 387 2098 483 2169; x_wconf 88' lang='lat' dir='ltr'>qui</span> <span class='ocrx_word' id='word_1_280' title='bbox 505 2099 805 2154; x_wconf 90' lang='lat' dir='ltr'>nobiscum</span> <span class='ocrx_word' id='word_1_281' title='bbox 828 2099 1550 2156; x_wconf 89' lang='lat' dir='ltr'>babitabantaudivcrunt.</span> <span class='ocrx_word' id='word_1_282' title='bbox 1569 2099 2055 2170; x_wconf 84' lang='lat' dir='ltr'>Intellexitigitur</span> 
     </span>
    </p>
   </div>
   <div class='ocr_carea' id='block_1_36' title="bbox 387 2187 2053 2260">
    <p class='ocr_par' dir='ltr' id='par_1_36' title="bbox 387 2187 2053 2260">
     <span class='ocr_line' id='line_1_36' title="bbox 387 2187 2053 2260; baseline 0.001 -21"><span class='ocrx_word' id='word_1_283' title='bbox 387 2188 545 2257; x_wconf 77' lang='lat' dir='ltr'>quod</span> <span class='ocrx_word' id='word_1_284' title='bbox 581 2193 906 2260; x_wconf 78' lang='lat' dir='ltr'>martyrum</span> <span class='ocrx_word' id='word_1_285' title='bbox 941 2188 1178 2259; x_wconf 91' lang='lat' dir='ltr'>quidem</span> <span class='ocrx_word' id='word_1_286' title='bbox 1210 2188 1452 2244; x_wconf 90' lang='lat' dir='ltr'>chorum</span> <span class='ocrx_word' id='word_1_287' title='bbox 1482 2189 1710 2243; x_wconf 91' lang='lat' dir='ltr'>dicebat</span> <span class='ocrx_word' id='word_1_288' title='bbox 1734 2187 2053 2259; x_wconf 88' lang='lat' dir='ltr'>Lecythum</span> 
     </span>
    </p>
   </div>
   <div class='ocr_carea' id='block_1_37' title="bbox 387 2276 2048 2349">
    <p class='ocr_par' dir='ltr' id='par_1_37' title="bbox 387 2276 2048 2349">
     <span class='ocr_line' id='line_1_37' title="bbox 387 2276 2048 2349; baseline -0.002 -17"><span class='ocrx_word' id='word_1_289' title='bbox 387 2276 498 2333; x_wconf 80' lang='lat' dir='ltr'>olei</span> <span class='ocrx_word' id='word_1_290' title='bbox 512 2281 833 2348; x_wconf 83' lang='lat' dir='ltr'>martyrum</span> <span class='ocrx_word' id='word_1_291' title='bbox 852 2277 1096 2348; x_wconf 89' lang='lat' dir='ltr'>quicum</span> <span class='ocrx_word' id='word_1_292' title='bbox 1113 2295 1144 2333; x_wconf 91' lang='lat' dir='ltr'>a</span> <span class='ocrx_word' id='word_1_293' title='bbox 1161 2277 1364 2333; x_wconf 90' lang='lat' dir='ltr'>multis</span> <span class='ocrx_word' id='word_1_294' title='bbox 1376 2276 1733 2349; x_wconf 87' lang='lat' dir='ltr'>martyribus</span> <span class='ocrx_word' id='word_1_295' title='bbox 1752 2276 2048 2331; x_wconf 88' lang='lat' dir='ltr'>collectam</span> 
     </span>
    </p>
   </div>
   <div class='ocr_carea' id='block_1_38' title="bbox 386 2364 2041 2438">
    <p class='ocr_par' dir='ltr' id='par_1_38' title="bbox 386 2364 2041 2438">
     <span class='ocr_line' id='line_1_38' title="bbox 386 2364 2041 2438; baseline -0.001 -18"><span class='ocrx_word' id='word_1_296' title='bbox 386 2365 629 2421; x_wconf 85' lang='lat' dir='ltr'>haberet</span> <span class='ocrx_word' id='word_1_297' title='bbox 658 2366 1148 2433; x_wconf 89' lang='lat' dir='ltr'>benedictionem,</span> <span class='ocrx_word' id='word_1_298' title='bbox 1178 2368 1468 2438; x_wconf 90' lang='lat' dir='ltr'>pendebat</span> <span class='ocrx_word' id='word_1_299' title='bbox 1497 2383 1530 2421; x_wconf 91' lang='lat' dir='ltr'>a</span> <span class='ocrx_word' id='word_1_300' title='bbox 1564 2382 1691 2421; x_wconf 90' lang='lat' dir='ltr'>meo</span> <span class='ocrx_word' id='word_1_301' title='bbox 1720 2365 1867 2420; x_wconf 90' lang='lat' dir='ltr'>lecto</span> <span class='ocrx_word' id='word_1_302' title='bbox 1895 2383 1906 2419; x_wconf 90' lang='lat'>:</span> <span class='ocrx_word' id='word_1_303' title='bbox 1930 2364 2041 2420; x_wconf 88' lang='lat' dir='ltr'>sub</span> 
     </span>
    </p>
   </div>
   <div class='ocr_carea' id='block_1_39' title="bbox 390 2455 2049 2527">
    <p class='ocr_par' dir='ltr' id='par_1_39' title="bbox 390 2455 2049 2527">
     <span class='ocr_line' id='line_1_39' title="bbox 390 2455 2049 2527; baseline 0 -18"><span class='ocrx_word' id='word_1_304' title='bbox 390 2472 517 2511; x_wconf 86' lang='lat' dir='ltr'>meo</span> <span class='ocrx_word' id='word_1_305' title='bbox 543 2458 735 2510; x_wconf 92' lang='lat' dir='ltr'>autem</span> <span class='ocrx_word' id='word_1_306' title='bbox 761 2455 947 2527; x_wconf 90' lang='lat' dir='ltr'>capite</span> <span class='ocrx_word' id='word_1_307' title='bbox 978 2460 1101 2511; x_wconf 92' lang='lat' dir='ltr'>erat</span> <span class='ocrx_word' id='word_1_308' title='bbox 1124 2455 1322 2527; x_wconf 91' lang='lat' dir='ltr'>magni</span> <span class='ocrx_word' id='word_1_309' title='bbox 1353 2455 1554 2511; x_wconf 88' lang='lat' dir='ltr'>Jacobi</span> <span class='ocrx_word' id='word_1_310' title='bbox 1578 2459 1745 2510; x_wconf 90' lang='lat' dir='ltr'>vetus</span> <span class='ocrx_word' id='word_1_311' title='bbox 1776 2455 2049 2525; x_wconf 89' lang='lat' dir='ltr'>amictus,</span> 
     </span>
    </p>
   </div>
   <div class='ocr_carea' id='block_1_40' title="bbox 389 2542 2048 2616">
    <p class='ocr_par' dir='ltr' id='par_1_40' title="bbox 389 2542 2048 2616">
     <span class='ocr_line' id='line_1_40' title="bbox 389 2542 2048 2616; baseline -0.002 -16"><span class='ocrx_word' id='word_1_312' title='bbox 389 2544 491 2616; x_wconf 90' lang='lat' dir='ltr'>qui</span> <span class='ocrx_word' id='word_1_313' title='bbox 525 2543 730 2616; x_wconf 89' lang='lat' dir='ltr'>quovis</span> <span class='ocrx_word' id='word_1_314' title='bbox 761 2543 1016 2600; x_wconf 89' lang='lat' dir='ltr'>claustro</span> <span class='ocrx_word' id='word_1_315' title='bbox 1049 2544 1430 2603; x_wconf 80' lang='lat' dir='ltr'>adamantino</span> <span class='ocrx_word' id='word_1_316' title='bbox 1460 2544 1569 2599; x_wconf 84' lang='lat' dir='ltr'>fuit</span> <span class='ocrx_word' id='word_1_317' title='bbox 1602 2543 1746 2598; x_wconf 90' lang='lat' dir='ltr'>mihi</span> <span class='ocrx_word' id='word_1_318' title='bbox 1781 2542 2048 2613; x_wconf 84' lang='lat' dir='ltr'>validior,</span> 
     </span>
    </p>
   </div>
   <div class='ocr_carea' id='block_1_41' title="bbox 390 2632 2051 2699">
    <p class='ocr_par' dir='ltr' id='par_1_41' title="bbox 390 2632 2051 2699">
     <span class='ocr_line' id='line_1_41' title="bbox 390 2632 2051 2699; baseline -0.002 -10"><span class='ocrx_word' id='word_1_319' title='bbox 390 2634 539 2699; x_wconf 94' lang='lat' dir='ltr'>Quin</span> <span class='ocrx_word' id='word_1_320' title='bbox 565 2633 740 2689; x_wconf 90' lang='lat' dir='ltr'>etiam</span> <span class='ocrx_word' id='word_1_321' title='bbox 770 2650 905 2688; x_wconf 92' lang='lat' dir='ltr'>cum</span> <span class='ocrx_word' id='word_1_322' title='bbox 938 2650 1141 2689; x_wconf 91' lang='lat' dir='ltr'>eorum</span> <span class='ocrx_word' id='word_1_323' title='bbox 1174 2634 1494 2689; x_wconf 89' lang='lat' dir='ltr'>maximum</span> <span class='ocrx_word' id='word_1_324' title='bbox 1530 2632 1724 2688; x_wconf 90' lang='lat' dir='ltr'>vicum</span> <span class='ocrx_word' id='word_1_325' title='bbox 1757 2649 1946 2688; x_wconf 83' lang='lat' dir='ltr'>essem</span> <span class='ocrx_word' id='word_1_326' title='bbox 1968 2632 2051 2686; x_wconf 89' lang='lat' dir='ltr'>in-</span> 
     </span>
    </p>
   </div>
   <div class='ocr_carea' id='block_1_42' title="bbox 387 2721 2047 2795">
    <p class='ocr_par' dir='ltr' id='par_1_42' title="bbox 387 2721 2047 2795">
     <span class='ocr_line' id='line_1_42' title="bbox 387 2721 2047 2795; baseline -0.002 -16"><span class='ocrx_word' id='word_1_327' title='bbox 387 2740 722 2795; x_wconf 87' lang='lat' dir='ltr'>gressurus,</span> <span class='ocrx_word' id='word_1_328' title='bbox 747 2722 957 2778; x_wconf 89' lang='lat' dir='ltr'>deinde</span> <span class='ocrx_word' id='word_1_329' title='bbox 974 2722 1156 2778; x_wconf 90' lang='lat' dir='ltr'>multa</span> <span class='ocrx_word' id='word_1_330' title='bbox 1173 2722 1731 2779; x_wconf 85' lang='lat' dir='ltr'>essentintermedia</span> <span class='ocrx_word' id='word_1_331' title='bbox 1753 2738 1880 2793; x_wconf 67' lang='lat' dir='ltr'>quae</span> <span class='ocrx_word' id='word_1_332' title='bbox 1901 2721 2047 2775; x_wconf 92' lang='lat' dir='ltr'>mihi</span> 
     </span>
    </p>
   </div>
   <div class='ocr_carea' id='block_1_43' title="bbox 388 2810 2050 2885">
    <p class='ocr_par' dir='ltr' id='par_1_43' title="bbox 388 2810 2050 2885">
     <span class='ocr_line' id='line_1_43' title="bbox 388 2810 2050 2885; baseline -0.002 -18"><span class='ocrx_word' id='word_1_333' title='bbox 388 2810 782 2885; x_wconf 87' lang='lat' dir='ltr'>prohibebant</span> <span class='ocrx_word' id='word_1_334' title='bbox 796 2813 1037 2883; x_wconf 82' lang='lat' dir='ltr'>exitum,</span> <span class='ocrx_word' id='word_1_335' title='bbox 1054 2812 1189 2869; x_wconf 82' lang='lat' dir='ltr'>misi</span> <span class='ocrx_word' id='word_1_336' title='bbox 1204 2813 1273 2868; x_wconf 88' lang='lat' dir='ltr'>ad</span> <span class='ocrx_word' id='word_1_337' title='bbox 1291 2828 1480 2867; x_wconf 89' lang='lat' dir='ltr'>meum</span> <span class='ocrx_word' id='word_1_338' title='bbox 1500 2811 1732 2877; x_wconf 89' lang='lat' dir='ltr'>Isaiam,</span> <span class='ocrx_word' id='word_1_339' title='bbox 1747 2826 1962 2882; x_wconf 89' lang='lat' dir='ltr'>rogans</span> <span class='ocrx_word' id='word_1_340' title='bbox 1986 2813 2050 2863; x_wconf 89' lang='lat' dir='ltr'>ut</span> 
     </span>
    </p>
   </div>
   <div class='ocr_carea' id='block_1_44' title="bbox 387 2898 2047 2973">
    <p class='ocr_par' dir='ltr' id='par_1_44' title="bbox 387 2898 2047 2973">
     <span class='ocr_line' id='line_1_44' title="bbox 387 2898 2047 2973; baseline -0.002 -17"><span class='ocrx_word' id='word_1_341' title='bbox 387 2901 654 2957; x_wconf 85' lang='lat' dir='ltr'>divinum</span> <span class='ocrx_word' id='word_1_342' title='bbox 691 2916 1084 2973; x_wconf 86' lang='lat' dir='ltr'>consequerer</span> <span class='ocrx_word' id='word_1_343' title='bbox 1110 2900 1420 2957; x_wconf 85' lang='lat' dir='ltr'>auxilium.</span> <span class='ocrx_word' id='word_1_344' title='bbox 1455 2900 1552 2955; x_wconf 88' lang='lat' dir='ltr'>Ille</span> <span class='ocrx_word' id='word_1_345' title='bbox 1582 2916 1739 2965; x_wconf 87' lang='lat' dir='ltr'>vero,</span> <span class='ocrx_word' id='word_1_346' title='bbox 1762 2900 1924 2965; x_wconf 86' lang='lat' dir='ltr'>Esto,</span> <span class='ocrx_word' id='word_1_347' title='bbox 1959 2898 2047 2953; x_wconf 87' lang='lat' dir='ltr'>in-</span> 
     </span>
    </p>
   </div>
   <div class='ocr_carea' id='block_1_45' title="bbox 389 2988 2048 3062">
    <p class='ocr_par' dir='ltr' id='par_1_45' title="bbox 389 2988 2048 3062">
     <span class='ocr_line' id='line_1_45' title="bbox 389 2988 2048 3062; baseline -0.001 -18"><span class='ocrx_word' id='word_1_348' title='bbox 389 2989 695 3062; x_wconf 90' lang='lat' dir='ltr'>quit,bono</span> <span class='ocrx_word' id='word_1_349' title='bbox 711 2990 928 3058; x_wconf 89' lang='lat' dir='ltr'>animo;</span> <span class='ocrx_word' id='word_1_350' title='bbox 945 2989 1137 3046; x_wconf 89' lang='lat' dir='ltr'>soluta</span> <span class='ocrx_word' id='word_1_351' title='bbox 1153 2989 1501 3047; x_wconf 89' lang='lat' dir='ltr'>suntomnia</span> <span class='ocrx_word' id='word_1_352' title='bbox 1518 2988 1845 3060; x_wconf 90' lang='lat' dir='ltr'>illaimpedi</span> <span class='ocrx_word' id='word_1_353' title='bbox 1860 2996 2048 3042; x_wconf 77' lang='lat' dir='ltr'>menta</span> 
     </span>
    </p>
   </div>
   <div class='ocr_carea' id='block_1_46' title="bbox 393 3077 2044 3151">
    <p class='ocr_par' dir='ltr' id='par_1_46' title="bbox 393 3077 2044 3151">
     <span class='ocr_line' id='line_1_46' title="bbox 393 3077 2044 3151; baseline -0.002 -17"><span class='ocrx_word' id='word_1_354' title='bbox 393 3080 583 3136; x_wconf 86' lang='lat' dir='ltr'>instar</span> <span class='ocrx_word' id='word_1_355' title='bbox 604 3079 731 3136; x_wconf 69' lang='lat' dir='ltr'>telae</span> <span class='ocrx_word' id='word_1_356' title='bbox 758 3096 1125 3147; x_wconf 87' lang='lat' dir='ltr'>aranearum;</span> <span class='ocrx_word' id='word_1_357' title='bbox 1145 3080 1320 3151; x_wconf 91' lang='lat' dir='ltr'>idque</span> <span class='ocrx_word' id='word_1_358' title='bbox 1343 3084 1515 3135; x_wconf 91' lang='lat' dir='ltr'>noctu</span> <span class='ocrx_word' id='word_1_359' title='bbox 1536 3095 1624 3134; x_wconf 91' lang='lat' dir='ltr'>me</span> <span class='ocrx_word' id='word_1_360' title='bbox 1640 3077 2044 3133; x_wconf 89' lang='lat' dir='ltr'>docuitDomi-</span> 
     </span>
    </p>
   </div>
   <div class='ocr_carea' id='block_1_47' title="bbox 394 3167 2043 3241">
    <p class='ocr_par' dir='ltr' id='par_1_47' title="bbox 394 3167 2043 3241">
     <span class='ocr_line' id='line_1_47' title="bbox 394 3167 2043 3241; baseline -0.002 -16"><span class='ocrx_word' id='word_1_361' title='bbox 394 3186 651 3240; x_wconf 91' lang='lat' dir='ltr'>nus,non</span> <span class='ocrx_word' id='word_1_362' title='bbox 668 3168 724 3224; x_wconf 91' lang='lat' dir='ltr'>in</span> <span class='ocrx_word' id='word_1_363' title='bbox 741 3170 1477 3241; x_wconf 37' lang='lat' dir='ltr'>somnis-adumbrans,sed</span> <span class='ocrx_word' id='word_1_364' title='bbox 1495 3185 1690 3224; x_wconf 89' lang='lat' dir='ltr'>revera</span> <span class='ocrx_word' id='word_1_365' title='bbox 1704 3167 2043 3223; x_wconf 90' lang='lat' dir='ltr'>ostendens.</span> 
     </span>
    </p>
   </div>
   <div class='ocr_carea' id='block_1_48' title="bbox 393 3256 2051 3329">
    <p class='ocr_par' dir='ltr' id='par_1_48' title="bbox 393 3256 2051 3329">
     <span class='ocr_line' id='line_1_48' title="bbox 393 3256 2051 3329; baseline -0.002 -14"><span class='ocrx_word' id='word_1_366' title='bbox 393 3258 519 3315; x_wconf 84' lang='lat' dir='ltr'>Vidi</span> <span class='ocrx_word' id='word_1_367' title='bbox 552 3258 731 3328; x_wconf 90' lang='lat' dir='ltr'>enim,</span> <span class='ocrx_word' id='word_1_368' title='bbox 765 3258 978 3327; x_wconf 91' lang='lat' dir='ltr'>aiebat,</span> <span class='ocrx_word' id='word_1_369' title='bbox 1011 3275 1145 3315; x_wconf 91' lang='lat' dir='ltr'>cum</span> <span class='ocrx_word' id='word_1_370' title='bbox 1175 3259 1528 3325; x_wconf 87' lang='lat' dir='ltr'>incepissem</span> <span class='ocrx_word' id='word_1_371' title='bbox 1560 3256 1965 3329; x_wconf 86' lang='lat' dir='ltr'>bymnodiam,</span> <span class='ocrx_word' id='word_1_372' title='bbox 1992 3256 2051 3311; x_wconf 92' lang='lat' dir='ltr'>in</span> 
     </span>
    </p>
   </div>
   <div class='ocr_carea' id='block_1_49' title="bbox 393 3347 2051 3419">
    <p class='ocr_par' dir='ltr' id='par_1_49' title="bbox 393 3347 2051 3419">
     <span class='ocr_line' id='line_1_49' title="bbox 393 3347 2051 3419; baseline -0.001 -17"><span class='ocrx_word' id='word_1_373' title='bbox 393 3347 495 3403; x_wconf 89' lang='lat' dir='ltr'>illa</span> <span class='ocrx_word' id='word_1_374' title='bbox 517 3353 679 3419; x_wconf 85' lang='lat' dir='ltr'>parte</span> <span class='ocrx_word' id='word_1_375' title='bbox 701 3348 759 3403; x_wconf 92' lang='lat' dir='ltr'>in</span> <span class='ocrx_word' id='word_1_376' title='bbox 782 3366 897 3419; x_wconf 89' lang='lat' dir='ltr'>qua</span> <span class='ocrx_word' id='word_1_377' title='bbox 916 3348 1016 3404; x_wconf 92' lang='lat' dir='ltr'>illa</span> <span class='ocrx_word' id='word_1_378' title='bbox 1039 3347 1163 3405; x_wconf 91' lang='lat' dir='ltr'>loca</span> <span class='ocrx_word' id='word_1_379' title='bbox 1181 3348 1295 3404; x_wconf 92' lang='lat' dir='ltr'>sita</span> <span class='ocrx_word' id='word_1_380' title='bbox 1317 3366 1382 3404; x_wconf 92' lang='lat' dir='ltr'>su</span> <span class='ocrx_word' id='word_1_381' title='bbox 1396 3352 1818 3419; x_wconf 85' lang='lat' dir='ltr'>nt,serpentem</span> <span class='ocrx_word' id='word_1_382' title='bbox 1845 3362 2051 3418; x_wconf 89' lang='lat' dir='ltr'>quem-</span> 
     </span>
    </p>
   </div>
   <div class='ocr_carea' id='block_1_50' title="bbox 396 3435 2055 3509">
    <p class='ocr_par' dir='ltr' id='par_1_50' title="bbox 396 3435 2055 3509">
     <span class='ocr_line' id='line_1_50' title="bbox 396 3435 2055 3509; baseline -0.002 -17"><span class='ocrx_word' id='word_1_383' title='bbox 396 3438 530 3493; x_wconf 87' lang='lat' dir='ltr'>dam</span> <span class='ocrx_word' id='word_1_384' title='bbox 557 3437 705 3509; x_wconf 89' lang='lat' dir='ltr'>ignis</span> <span class='ocrx_word' id='word_1_385' title='bbox 719 3436 973 3509; x_wconf 89' lang='lat' dir='ltr'>speciem</span> <span class='ocrx_word' id='word_1_386' title='bbox 998 3454 1112 3508; x_wconf 77' lang='lat' dir='ltr'>pra:</span> <span class='ocrx_word' id='word_1_387' title='bbox 1130 3455 1189 3494; x_wconf 91' lang='lat' dir='ltr'>se</span> <span class='ocrx_word' id='word_1_388' title='bbox 1204 3438 1509 3503; x_wconf 86' lang='lat' dir='ltr'>ferentem,</span> <span class='ocrx_word' id='word_1_389' title='bbox 1533 3436 1633 3508; x_wconf 93' lang='lat' dir='ltr'>qui</span> <span class='ocrx_word' id='word_1_390' title='bbox 1650 3437 1720 3491; x_wconf 90' lang='lat' dir='ltr'>ab</span> <span class='ocrx_word' id='word_1_391' title='bbox 1744 3435 2055 3491; x_wconf 86' lang='lat' dir='ltr'>Occidente</span> 
     </span>
    </p>
   </div>
   <div class='ocr_carea' id='block_1_51' title="bbox 398 3524 2049 3597">
    <p class='ocr_par' dir='ltr' id='par_1_51' title="bbox 398 3524 2049 3597">
     <span class='ocr_line' id='line_1_51' title="bbox 398 3524 2049 3597; baseline -0.001 -17"><span class='ocrx_word' id='word_1_392' title='bbox 398 3527 669 3597; x_wconf 87' lang='lat' dir='ltr'>reptabat</span> <span class='ocrx_word' id='word_1_393' title='bbox 684 3526 740 3580; x_wconf 92' lang='lat' dir='ltr'>in</span> <span class='ocrx_word' id='word_1_394' title='bbox 757 3525 1051 3581; x_wconf 90' lang='lat' dir='ltr'>Orientem</span> <span class='ocrx_word' id='word_1_395' title='bbox 1067 3531 1124 3581; x_wconf 91' lang='lat' dir='ltr'>et</span> <span class='ocrx_word' id='word_1_396' title='bbox 1140 3525 1397 3582; x_wconf 87' lang='lat' dir='ltr'>ferebatu</span> <span class='ocrx_word' id='word_1_397' title='bbox 1410 3544 1433 3579; x_wconf 92' lang='lat' dir='ltr'>r</span> <span class='ocrx_word' id='word_1_398' title='bbox 1447 3542 1548 3597; x_wconf 93' lang='lat' dir='ltr'>per</span> <span class='ocrx_word' id='word_1_399' title='bbox 1562 3524 1754 3579; x_wconf 90' lang='lat' dir='ltr'>mediu</span> <span class='ocrx_word' id='word_1_400' title='bbox 1767 3541 1819 3578; x_wconf 90' lang='lat' dir='ltr'>m</span> <span class='ocrx_word' id='word_1_401' title='bbox 1836 3540 2049 3579; x_wconf 91' lang='lat' dir='ltr'>aerem.</span> 
     </span>
    </p>
   </div>
   <div class='ocr_carea' id='block_1_52' title="bbox 396 3612 2051 3686">
    <p class='ocr_par' dir='ltr' id='par_1_52' title="bbox 396 3612 2051 3686">
     <span class='ocr_line' id='line_1_52' title="bbox 396 3612 2051 3686; baseline -0.003 -16"><span class='ocrx_word' id='word_1_402' title='bbox 396 3617 541 3670; x_wconf 87' lang='lat' dir='ltr'>Cum</span> <span class='ocrx_word' id='word_1_403' title='bbox 575 3614 867 3670; x_wconf 90' lang='lat' dir='ltr'>orationes</span> <span class='ocrx_word' id='word_1_404' title='bbox 892 3618 1088 3670; x_wconf 85' lang='lat' dir='ltr'>autem</span> <span class='ocrx_word' id='word_1_405' title='bbox 1123 3618 1239 3670; x_wconf 90' lang='lat' dir='ltr'>tres</span> <span class='ocrx_word' id='word_1_406' title='bbox 1274 3615 1656 3686; x_wconf 86' lang='lat' dir='ltr'>peregissem,</span> <span class='ocrx_word' id='word_1_407' title='bbox 1693 3629 1899 3668; x_wconf 91' lang='lat' dir='ltr'>rursus</span> <span class='ocrx_word' id='word_1_408' title='bbox 1938 3612 2051 3667; x_wconf 87' lang='lat' dir='ltr'>vidi</span> 
     </span>
    </p>
   </div>
   <div class='ocr_carea' id='block_1_53' title="bbox 394 3701 2053 3774">
    <p class='ocr_par' dir='ltr' id='par_1_53' title="bbox 394 3701 2053 3774">
     <span class='ocr_line' id='line_1_53' title="bbox 394 3701 2053 3774; baseline -0.002 -16"><span class='ocrx_word' id='word_1_409' title='bbox 394 3703 761 3772; x_wconf 85' lang='lat' dir='ltr'>inﬂexum,et</span> <span class='ocrx_word' id='word_1_410' title='bbox 776 3702 1159 3759; x_wconf 89' lang='lat' dir='ltr'>orbiculatam</span> <span class='ocrx_word' id='word_1_411' title='bbox 1182 3705 1579 3759; x_wconf 87' lang='lat' dir='ltr'>ostendentem</span> <span class='ocrx_word' id='word_1_412' title='bbox 1599 3704 1844 3774; x_wconf 82' lang='lat' dir='ltr'>figuram</span> <span class='ocrx_word' id='word_1_413' title='bbox 1860 3708 1915 3757; x_wconf 91' lang='lat' dir='ltr'>et</span> <span class='ocrx_word' id='word_1_414' title='bbox 1929 3701 2053 3770; x_wconf 88' lang='lat' dir='ltr'>ejus</span> 
     </span>
    </p>
   </div>
   <div class='ocr_carea' id='block_1_54' title="bbox 398 3792 2052 3864">
    <p class='ocr_par' dir='ltr' id='par_1_54' title="bbox 398 3792 2052 3864">
     <span class='ocr_line' id='line_1_54' title="bbox 398 3792 2052 3864; baseline -0.004 -14"><span class='ocrx_word' id='word_1_415' title='bbox 398 3794 647 3850; x_wconf 90' lang='lat' dir='ltr'>caudam</span> <span class='ocrx_word' id='word_1_416' title='bbox 674 3792 848 3864; x_wconf 87' lang='lat' dir='ltr'>capiti</span> <span class='ocrx_word' id='word_1_417' title='bbox 882 3794 1275 3863; x_wconf 89' lang='lat' dir='ltr'>conjunctam.</span> <span class='ocrx_word' id='word_1_418' title='bbox 1302 3792 1445 3848; x_wconf 91' lang='lat' dir='ltr'>Cum</span> <span class='ocrx_word' id='word_1_419' title='bbox 1470 3810 1676 3847; x_wconf 88' lang='lat' dir='ltr'>rursus</span> <span class='ocrx_word' id='word_1_420' title='bbox 1708 3796 1903 3847; x_wconf 87' lang='lat' dir='ltr'>autem</span> <span class='ocrx_word' id='word_1_421' title='bbox 1925 3795 2052 3845; x_wconf 92' lang='lat' dir='ltr'>octo</span> 
     </span>
    </p>
   </div>
   <div class='ocr_carea' id='block_1_55' title="bbox 398 3879 2052 3953">
    <p class='ocr_par' dir='ltr' id='par_1_55' title="bbox 398 3879 2052 3953">
     <span class='ocr_line' id='line_1_55' title="bbox 398 3879 2052 3953; baseline -0.001 -16"><span class='ocrx_word' id='word_1_422' title='bbox 398 3881 695 3937; x_wconf 89' lang='lat' dir='ltr'>orationes</span> <span class='ocrx_word' id='word_1_423' title='bbox 750 3879 1159 3951; x_wconf 66' lang='lat' dir='ltr'>alisolvissem,</span> <span class='ocrx_word' id='word_1_424' title='bbox 1192 3881 1386 3953; x_wconf 87' lang='lat' dir='ltr'>aspexi</span> <span class='ocrx_word' id='word_1_425' title='bbox 1422 3897 1551 3936; x_wconf 91' lang='lat' dir='ltr'>eum</span> <span class='ocrx_word' id='word_1_426' title='bbox 1586 3881 1643 3935; x_wconf 92' lang='lat' dir='ltr'>in</span> <span class='ocrx_word' id='word_1_427' title='bbox 1679 3881 1826 3936; x_wconf 87' lang='lat' dir='ltr'>duas</span> <span class='ocrx_word' id='word_1_428' title='bbox 1858 3884 2052 3952; x_wconf 90' lang='lat' dir='ltr'>partes</span> 
     </span>
    </p>
   </div>
   <div class='ocr_carea' id='block_1_56' title="bbox 399 3968 2051 4040">
    <p class='ocr_par' dir='ltr' id='par_1_56' title="bbox 399 3968 2051 4040">
     <span class='ocr_line' id='line_1_56' title="bbox 399 3968 2051 4040; baseline -0.002 -15"><span class='ocrx_word' id='word_1_429' title='bbox 399 3971 719 4027; x_wconf 87' lang='lat' dir='ltr'>dissectum</span> <span class='ocrx_word' id='word_1_430' title='bbox 740 3970 867 4026; x_wconf 89' lang='lat' dir='ltr'>etin</span> <span class='ocrx_word' id='word_1_431' title='bbox 892 3970 1118 4025; x_wconf 81' lang='lat' dir='ltr'>fumum</span> <span class='ocrx_word' id='word_1_432' title='bbox 1143 3969 1489 4025; x_wconf 91' lang='lat' dir='ltr'>resolutum.</span> <span class='ocrx_word' id='word_1_433' title='bbox 1518 3970 1644 4024; x_wconf 67' lang='lat' dir='ltr'>Haec</span> <span class='ocrx_word' id='word_1_434' title='bbox 1669 3968 1792 4040; x_wconf 92' lang='lat' dir='ltr'>ipse</span> <span class='ocrx_word' id='word_1_435' title='bbox 1814 3968 2051 4040; x_wconf 90' lang='lat' dir='ltr'>quidem</span> 
     </span>
    </p>
   </div>
   <div class='ocr_carea' id='block_1_57' title="bbox 401 4057 2054 4132">
    <p class='ocr_par' dir='ltr' id='par_1_57' title="bbox 401 4057 2054 4132">
     <span class='ocr_line' id='line_1_57' title="bbox 401 4057 2054 4132; baseline -0.002 -17"><span class='ocrx_word' id='word_1_436' title='bbox 401 4059 485 4115; x_wconf 90' lang='lat' dir='ltr'>sic</span> <span class='ocrx_word' id='word_1_437' title='bbox 508 4059 794 4132; x_wconf 79' lang='lat' dir='ltr'>przevidit,</span> <span class='ocrx_word' id='word_1_438' title='bbox 810 4075 916 4115; x_wconf 91' lang='lat' dir='ltr'>nos</span> <span class='ocrx_word' id='word_1_439' title='bbox 931 4062 1125 4114; x_wconf 89' lang='lat' dir='ltr'>autem</span> <span class='ocrx_word' id='word_1_440' title='bbox 1140 4058 1628 4115; x_wconf 89' lang='lat' dir='ltr'>vidimusexitum</span> <span class='ocrx_word' id='word_1_441' title='bbox 1647 4058 1741 4129; x_wconf 90' lang='lat' dir='ltr'>qui</span> <span class='ocrx_word' id='word_1_442' title='bbox 1758 4057 2054 4113; x_wconf 88' lang='lat' dir='ltr'>consensit</span> 
     </span>
    </p>
   </div>
   <div class='ocr_carea' id='block_1_58' title="bbox 398 4146 2052 4221">
    <p class='ocr_par' dir='ltr' id='par_1_58' title="bbox 398 4146 2052 4221">
     <span class='ocr_line' id='line_1_58' title="bbox 398 4146 2052 4221; baseline -0.001 -18"><span class='ocrx_word' id='word_1_443' title='bbox 398 4148 529 4219; x_wconf 86' lang='lat' dir='ltr'>ejus</span> <span class='ocrx_word' id='word_1_444' title='bbox 558 4148 943 4221; x_wconf 74' lang='lat' dir='ltr'>prmdictioni.</span> <span class='ocrx_word' id='word_1_445' title='bbox 968 4152 1132 4203; x_wconf 84' lang='lat' dir='ltr'>Mane</span> <span class='ocrx_word' id='word_1_446' title='bbox 1162 4148 1317 4204; x_wconf 90' lang='lat' dir='ltr'>enim</span> <span class='ocrx_word' id='word_1_447' title='bbox 1341 4146 1747 4204; x_wconf 89' lang='lat' dir='ltr'>maliauctoris</span> <span class='ocrx_word' id='word_1_448' title='bbox 1770 4146 2052 4202; x_wconf 67' lang='lat' dir='ltr'>daemonis</span> 
     </span>
    </p>
   </div>
   <div class='ocr_carea' id='block_1_59' title="bbox 396 4236 2050 4310">
    <p class='ocr_par' dir='ltr' id='par_1_59' title="bbox 396 4236 2050 4310">
     <span class='ocr_line' id='line_1_59' title="bbox 396 4236 2050 4310; baseline -0.002 -18"><span class='ocrx_word' id='word_1_449' title='bbox 396 4238 645 4310; x_wconf 90' lang='lat' dir='ltr'>imperio</span> <span class='ocrx_word' id='word_1_450' title='bbox 677 4242 972 4310; x_wconf 86' lang='lat' dir='ltr'>parentes,</span> <span class='ocrx_word' id='word_1_451' title='bbox 999 4236 1096 4309; x_wconf 92' lang='lat' dir='ltr'>qui</span> <span class='ocrx_word' id='word_1_452' title='bbox 1125 4236 1261 4291; x_wconf 85' lang='lat' dir='ltr'>olim</span> <span class='ocrx_word' id='word_1_453' title='bbox 1278 4236 1514 4307; x_wconf 89' lang='lat' dir='ltr'>quidem</span> <span class='ocrx_word' id='word_1_454' title='bbox 1532 4239 1882 4291; x_wconf 74' lang='lat' dir='ltr'>erantsectaa</span> <span class='ocrx_word' id='word_1_455' title='bbox 1903 4238 2050 4290; x_wconf 83' lang='lat' dir='ltr'>Mar-</span> 
     </span>
    </p>
   </div>
   <div class='ocr_carea' id='block_1_60' title="bbox 398 4324 2051 4397">
    <p class='ocr_par' dir='ltr' id='par_1_60' title="bbox 398 4324 2051 4397">
     <span class='ocr_line' id='line_1_60' title="bbox 398 4324 2051 4397; baseline -0.002 -15"><span class='ocrx_word' id='word_1_456' title='bbox 398 4327 605 4397; x_wconf 89' lang='lat' dir='ltr'>cionis,</span> <span class='ocrx_word' id='word_1_457' title='bbox 631 4344 787 4383; x_wconf 91' lang='lat' dir='ltr'>nunc</span> <span class='ocrx_word' id='word_1_458' title='bbox 811 4331 1006 4382; x_wconf 85' lang='lat' dir='ltr'>autem</span> <span class='ocrx_word' id='word_1_459' title='bbox 1030 4329 1167 4382; x_wconf 90' lang='lat' dir='ltr'>sunt</span> <span class='ocrx_word' id='word_1_460' title='bbox 1191 4325 1399 4382; x_wconf 88' lang='lat' dir='ltr'>classis</span> <span class='ocrx_word' id='word_1_461' title='bbox 1422 4324 1775 4397; x_wconf 73' lang='lat' dir='ltr'>apostolicae,</span> <span class='ocrx_word' id='word_1_462' title='bbox 1799 4324 1870 4379; x_wconf 90' lang='lat' dir='ltr'>ab</span> <span class='ocrx_word' id='word_1_463' title='bbox 1892 4324 2051 4380; x_wconf 79' lang='lat' dir='ltr'>Occi-</span> 
     </span>
    </p>
   </div>
   <div class='ocr_carea' id='block_1_61' title="bbox 398 4413 2050 4487">
    <p class='ocr_par' dir='ltr' id='par_1_61' title="bbox 398 4413 2050 4487">
     <span class='ocr_line' id='line_1_61' title="bbox 398 4413 2050 4487; baseline -0.001 -18"><span class='ocrx_word' id='word_1_464' title='bbox 398 4416 572 4472; x_wconf 91' lang='lat' dir='ltr'>dente</span> <span class='ocrx_word' id='word_1_465' title='bbox 594 4416 857 4487; x_wconf 79' lang='lat' dir='ltr'>profecti,</span> <span class='ocrx_word' id='word_1_466' title='bbox 878 4416 1067 4471; x_wconf 89' lang='lat' dir='ltr'>nudos</span> <span class='ocrx_word' id='word_1_467' title='bbox 1092 4416 1261 4471; x_wconf 88' lang='lat' dir='ltr'>nobis</span> <span class='ocrx_word' id='word_1_468' title='bbox 1294 4431 1462 4470; x_wconf 90' lang='lat' dir='ltr'>enses</span> <span class='ocrx_word' id='word_1_469' title='bbox 1478 4414 1880 4482; x_wconf 86' lang='lat' dir='ltr'>ostendebant;</span> <span class='ocrx_word' id='word_1_470' title='bbox 1909 4413 2050 4469; x_wconf 90' lang='lat' dir='ltr'>hora</span> 
     </span>
    </p>
   </div>
   <div class='ocr_carea' id='block_1_62' title="bbox 398 4504 2773 4601">
    <p class='ocr_par' dir='ltr' id='par_1_62' title="bbox 398 4504 2773 4601">
     <span class='ocr_line' id='line_1_62' title="bbox 398 4504 2773 4601; baseline -0 -42"><span class='ocrx_word' id='word_1_471' title='bbox 398 4510 590 4560; x_wconf 90' lang='lat' dir='ltr'>autem</span> <span class='ocrx_word' id='word_1_472' title='bbox 618 4504 733 4559; x_wconf 90' lang='lat' dir='ltr'>diei</span> <span class='ocrx_word' id='word_1_473' title='bbox 765 4505 939 4560; x_wconf 89' lang='lat' dir='ltr'>tertia</span> <span class='ocrx_word' id='word_1_474' title='bbox 961 4504 1137 4560; x_wconf 91' lang='lat' dir='ltr'>simul</span> <span class='ocrx_word' id='word_1_475' title='bbox 1165 4505 1370 4567; x_wconf 88' lang='lat' dir='ltr'>coacti,</span> <span class='ocrx_word' id='word_1_476' title='bbox 1395 4520 1593 4560; x_wconf 89' lang='lat' dir='ltr'>curam</span> <span class='ocrx_word' id='word_1_477' title='bbox 1624 4505 1904 4575; x_wconf 83' lang='lat' dir='ltr'>gerebant</span> <span class='ocrx_word' id='word_1_478' title='bbox 1927 4520 2043 4559; x_wconf 76' lang='lat' dir='ltr'>sua:</span> <span class='ocrx_word' id='word_1_479' title='bbox 2076 4508 2121 4572; x_wconf 89' lang='lat' dir='ltr'><strong>D</strong></span> <span class='ocrx_word' id='word_1_480' title='bbox 2152 4532 2334 4601; x_wconf 56' lang='lat' dir='ltr'>mus):</span> <span class='ocrx_word' id='word_1_481' title='bbox 2363 4534 2415 4588; x_wconf 66' lang='lat' dir='ltr'>Is</span> <span class='ocrx_word' id='word_1_482' title='bbox 2447 4535 2555 4598; x_wconf 54' lang='lat' dir='ltr'>est,</span> <span class='ocrx_word' id='word_1_483' title='bbox 2581 4530 2773 4601; x_wconf 56' lang='lat' dir='ltr'>inquit</span> 
     </span>
    </p>
   </div>
   <div class='ocr_carea' id='block_1_63' title="bbox 397 4592 2048 4665">
    <p class='ocr_par' dir='ltr' id='par_1_63' title="bbox 397 4592 2048 4665">
     <span class='ocr_line' id='line_1_63' title="bbox 397 4592 2048 4665; baseline 0 -18"><span class='ocrx_word' id='word_1_484' title='bbox 397 4592 584 4649; x_wconf 90' lang='lat' dir='ltr'>solum</span> <span class='ocrx_word' id='word_1_485' title='bbox 603 4592 900 4663; x_wconf 65' lang='lat' dir='ltr'>custodire,</span> <span class='ocrx_word' id='word_1_486' title='bbox 920 4594 1067 4647; x_wconf 89' lang='lat' dir='ltr'>sicut</span> <span class='ocrx_word' id='word_1_487' title='bbox 1090 4609 1332 4663; x_wconf 88' lang='lat' dir='ltr'>serpens</span> <span class='ocrx_word' id='word_1_488' title='bbox 1351 4594 1450 4665; x_wconf 91' lang='lat' dir='ltr'>qui</span> <span class='ocrx_word' id='word_1_489' title='bbox 1471 4594 1655 4647; x_wconf 89' lang='lat' dir='ltr'>cauda</span> <span class='ocrx_word' id='word_1_490' title='bbox 1676 4597 1854 4663; x_wconf 86' lang='lat' dir='ltr'>caput</span> <span class='ocrx_word' id='word_1_491' title='bbox 1876 4609 2048 4647; x_wconf 90' lang='lat' dir='ltr'>suum</span> 
     </span>
    </p>
   </div>
   <div class='ocr_carea' id='block_1_64' title="bbox 397 4681 2049 4753">
    <p class='ocr_par' dir='ltr' id='par_1_64' title="bbox 397 4681 2049 4753">
     <span class='ocr_line' id='line_1_64' title="bbox 397 4681 2049 4753; baseline 0 -16"><span class='ocrx_word' id='word_1_492' title='bbox 397 4682 669 4738; x_wconf 79' lang='lat' dir='ltr'>contexit:</span> <span class='ocrx_word' id='word_1_493' title='bbox 695 4685 896 4737; x_wconf 83' lang='lat' dir='ltr'>octava</span> <span class='ocrx_word' id='word_1_494' title='bbox 929 4686 1122 4736; x_wconf 91' lang='lat' dir='ltr'>autem</span> <span class='ocrx_word' id='word_1_495' title='bbox 1157 4683 1429 4753; x_wconf 86' lang='lat' dir='ltr'>dispersi,</span> <span class='ocrx_word' id='word_1_496' title='bbox 1466 4681 1938 4737; x_wconf 88' lang='lat' dir='ltr'>dederuntdobis</span> <span class='ocrx_word' id='word_1_497' title='bbox 1961 4681 2049 4737; x_wconf 87' lang='lat' dir='ltr'>lo—</span> 
     </span>
    </p>
   </div>
   <div class='ocr_carea' id='block_1_65' title="bbox 396 4769 2047 4843">
    <p class='ocr_par' dir='ltr' id='par_1_65' title="bbox 396 4769 2047 4843">
     <span class='ocr_line' id='line_1_65' title="bbox 396 4769 2047 4843; baseline 0 -16"><span class='ocrx_word' id='word_1_498' title='bbox 396 4788 531 4827; x_wconf 92' lang='lat' dir='ltr'>cum</span> <span class='ocrx_word' id='word_1_499' title='bbox 556 4769 921 4843; x_wconf 86' lang='lat' dir='ltr'>ingrediendi</span> <span class='ocrx_word' id='word_1_500' title='bbox 945 4770 1003 4825; x_wconf 93' lang='lat' dir='ltr'>in</span> <span class='ocrx_word' id='word_1_501' title='bbox 1025 4770 1238 4826; x_wconf 89' lang='lat' dir='ltr'>vicum.</span> <span class='ocrx_word' id='word_1_502' title='bbox 1263 4772 1469 4826; x_wconf 87' lang='lat' dir='ltr'>Statim</span> <span class='ocrx_word' id='word_1_503' title='bbox 1496 4775 1688 4825; x_wconf 87' lang='lat' dir='ltr'>autem</span> <span class='ocrx_word' id='word_1_504' title='bbox 1714 4770 2047 4827; x_wconf 90' lang='lat' dir='ltr'>invenimus</span> 
     </span>
    </p>
   </div>
   <div class='ocr_carea' id='block_1_66' title="bbox 398 4859 2048 4933">
    <p class='ocr_par' dir='ltr' id='par_1_66' title="bbox 398 4859 2048 4933">
     <span class='ocr_line' id='line_1_66' title="bbox 398 4859 2048 4933; baseline 0.001 -18"><span class='ocrx_word' id='word_1_505' title='bbox 398 4864 729 4933; x_wconf 90' lang='lat' dir='ltr'>serpentem</span> <span class='ocrx_word' id='word_1_506' title='bbox 751 4860 967 4916; x_wconf 89' lang='lat' dir='ltr'>factum</span> <span class='ocrx_word' id='word_1_507' title='bbox 987 4877 1053 4915; x_wconf 85' lang='lat' dir='ltr'>ex</span> <span class='ocrx_word' id='word_1_508' title='bbox 1076 4859 1205 4915; x_wconf 64' lang='lat' dir='ltr'>aeris</span> <span class='ocrx_word' id='word_1_509' title='bbox 1226 4861 1470 4915; x_wconf 88' lang='lat' dir='ltr'>materia</span> <span class='ocrx_word' id='word_1_510' title='bbox 1502 4861 1598 4931; x_wconf 90' lang='lat' dir='ltr'>qui</span> <span class='ocrx_word' id='word_1_511' title='bbox 1632 4860 1703 4915; x_wconf 89' lang='lat' dir='ltr'>ab</span> <span class='ocrx_word' id='word_1_512' title='bbox 1734 4859 1817 4915; x_wconf 91' lang='lat' dir='ltr'>eis</span> <span class='ocrx_word' id='word_1_513' title='bbox 1848 4860 2048 4917; x_wconf 87' lang='lat' dir='ltr'>adora-</span> 
     </span>
    </p>
   </div>
   <div class='ocr_carea' id='block_1_67' title="bbox 398 4948 2043 5021">
    <p class='ocr_par' dir='ltr' id='par_1_67' title="bbox 398 4948 2043 5021">
     <span class='ocr_line' id='line_1_67' title="bbox 398 4948 2043 5021; baseline 0.001 -18"><span class='ocrx_word' id='word_1_514' title='bbox 398 4948 589 5003; x_wconf 91' lang='lat' dir='ltr'>batur.</span> <span class='ocrx_word' id='word_1_515' title='bbox 616 4951 758 5005; x_wconf 89' lang='lat' dir='ltr'>Cum</span> <span class='ocrx_word' id='word_1_516' title='bbox 784 4949 938 5005; x_wconf 88' lang='lat' dir='ltr'>enim</span> <span class='ocrx_word' id='word_1_517' title='bbox 963 4950 1244 5005; x_wconf 89' lang='lat' dir='ltr'>adversus</span> <span class='ocrx_word' id='word_1_518' title='bbox 1269 4950 1535 5021; x_wconf 80' lang='lat' dir='ltr'>opificem</span> <span class='ocrx_word' id='word_1_519' title='bbox 1559 4954 1613 5004; x_wconf 89' lang='lat' dir='ltr'>et</span> <span class='ocrx_word' id='word_1_520' title='bbox 1638 4948 2043 5004; x_wconf 88' lang='lat' dir='ltr'>universorum</span> 
     </span>
    </p>
   </div>
   <div class='ocr_carea' id='block_1_68' title="bbox 398 5038 2044 5112">
    <p class='ocr_par' dir='ltr' id='par_1_68' title="bbox 398 5038 2044 5112">
     <span class='ocr_line' id='line_1_68' title="bbox 398 5038 2044 5112; baseline 0 -17"><span class='ocrx_word' id='word_1_521' title='bbox 398 5043 715 5095; x_wconf 89' lang='lat' dir='ltr'>creatorem</span> <span class='ocrx_word' id='word_1_522' title='bbox 731 5038 881 5095; x_wconf 85' lang='lat' dir='ltr'>bella</span> <span class='ocrx_word' id='word_1_523' title='bbox 895 5057 945 5095; x_wconf 89' lang='lat' dir='ltr'>m</span> <span class='ocrx_word' id='word_1_524' title='bbox 962 5045 1161 5112; x_wconf 88' lang='lat' dir='ltr'>aperte</span> <span class='ocrx_word' id='word_1_525' title='bbox 1192 5040 1610 5111; x_wconf 90' lang='lat' dir='ltr'>suscepissent,</span> <span class='ocrx_word' id='word_1_526' title='bbox 1629 5041 2044 5095; x_wconf 87' lang='lat' dir='ltr'>exsecrandum</span> 
     </span>
    </p>
   </div>
   <div class='ocr_carea' id='block_1_69' title="bbox 395 5128 2047 5202">
    <p class='ocr_par' dir='ltr' id='par_1_69' title="bbox 395 5128 2047 5202">
     <span class='ocr_line' id='line_1_69' title="bbox 395 5128 2047 5202; baseline 0 -18"><span class='ocrx_word' id='word_1_527' title='bbox 395 5134 1047 5202; x_wconf 88' lang='lat' dir='ltr'>serpentem,tanquam</span> <span class='ocrx_word' id='word_1_528' title='bbox 1073 5128 1231 5185; x_wconf 90' lang='lat' dir='ltr'>illius</span> <span class='ocrx_word' id='word_1_529' title='bbox 1252 5130 1502 5196; x_wconf 90' lang='lat' dir='ltr'>hostem,</span> <span class='ocrx_word' id='word_1_530' title='bbox 1520 5129 1706 5184; x_wconf 87' lang='lat' dir='ltr'>colere</span> <span class='ocrx_word' id='word_1_531' title='bbox 1739 5130 2047 5185; x_wconf 88' lang='lat' dir='ltr'>contende-</span> 
     </span>
    </p>
   </div>
   <div class='ocr_carea' id='block_1_70' title="bbox 392 5220 2045 5293">
    <p class='ocr_par' dir='ltr' id='par_1_70' title="bbox 392 5220 2045 5293">
     <span class='ocr_line' id='line_1_70' title="bbox 392 5220 2045 5293; baseline -0.002 -16"><span class='ocrx_word' id='word_1_532' title='bbox 392 5224 557 5278; x_wconf 85' lang='lat' dir='ltr'>bant.</span> <span class='ocrx_word' id='word_1_533' title='bbox 584 5221 745 5278; x_wconf 89' lang='lat' dir='ltr'>Talia</span> <span class='ocrx_word' id='word_1_534' title='bbox 776 5238 881 5293; x_wconf 87' lang='lat' dir='ltr'>ego</span> <span class='ocrx_word' id='word_1_535' title='bbox 930 5222 1211 5279; x_wconf 81' lang='lat' dir='ltr'>beneiicia</span> <span class='ocrx_word' id='word_1_536' title='bbox 1238 5240 1270 5279; x_wconf 90' lang='lat' dir='ltr'>a</span> <span class='ocrx_word' id='word_1_537' title='bbox 1304 5221 1447 5277; x_wconf 89' lang='lat' dir='ltr'>mihi</span> <span class='ocrx_word' id='word_1_538' title='bbox 1479 5221 1807 5277; x_wconf 91' lang='lat' dir='ltr'>venerando</span> <span class='ocrx_word' id='word_1_539' title='bbox 1856 5220 2045 5291; x_wconf 90' lang='lat' dir='ltr'>capite</span> 
     </span>
    </p>
   </div>
   <div class='ocr_carea' id='block_1_71' title="bbox 397 5318 926 5369">
    <p class='ocr_par' dir='ltr' id='par_1_71' title="bbox 397 5318 926 5369">
     <span class='ocr_line' id='line_1_71' title="bbox 397 5318 926 5369; baseline -0.002 -1"><span class='ocrx_word' id='word_1_540' title='bbox 397 5328 529 5368; x_wconf 89' lang='lat' dir='ltr'>sum</span> <span class='ocrx_word' id='word_1_541' title='bbox 556 5318 926 5369; x_wconf 90' lang='lat' dir='ltr'>consecutus.</span> 
     </span>
    </p>
   </div>
   <div class='ocr_carea' id='block_1_72' title="bbox 466 5434 2043 5504">
    <p class='ocr_par' dir='ltr' id='par_1_72' title="bbox 466 5434 2043 5504">
     <span class='ocr_line' id='line_1_72' title="bbox 466 5434 2043 5504; baseline -0.003 -11"><span class='ocrx_word' id='word_1_542' title='bbox 466 5438 750 5504; x_wconf 89' lang='lat' dir='ltr'>Quoniam</span> <span class='ocrx_word' id='word_1_543' title='bbox 765 5443 961 5494; x_wconf 90' lang='lat' dir='ltr'>autem</span> <span class='ocrx_word' id='word_1_544' title='bbox 978 5435 1307 5492; x_wconf 88' lang='lat' dir='ltr'>divinarum</span> <span class='ocrx_word' id='word_1_545' title='bbox 1323 5435 1743 5492; x_wconf 89' lang='lat' dir='ltr'>revelationum</span> <span class='ocrx_word' id='word_1_546' title='bbox 1764 5434 2043 5489; x_wconf 85' lang='lat' dir='ltr'>narratio-</span> 
     </span>
    </p>
   </div>
   <div class='ocr_carea' id='block_1_73' title="bbox 394 5523 2041 5599">
    <p class='ocr_par' dir='ltr' id='par_1_73' title="bbox 394 5523 2041 5599">
     <span class='ocr_line' id='line_1_73' title="bbox 394 5523 2041 5599; baseline -0.003 -15"><span class='ocrx_word' id='word_1_547' title='bbox 394 5544 530 5585; x_wconf 91' lang='lat' dir='ltr'>nem</span> <span class='ocrx_word' id='word_1_548' title='bbox 562 5528 824 5599; x_wconf 80' lang='lat' dir='ltr'>ingressa</span> <span class='ocrx_word' id='word_1_549' title='bbox 843 5531 933 5582; x_wconf 90' lang='lat' dir='ltr'>est</span> <span class='ocrx_word' id='word_1_550' title='bbox 963 5525 1167 5593; x_wconf 90' lang='lat' dir='ltr'>oratio,</span> <span class='ocrx_word' id='word_1_551' title='bbox 1196 5541 1302 5597; x_wconf 88' lang='lat' dir='ltr'>age</span> <span class='ocrx_word' id='word_1_552' title='bbox 1328 5526 1579 5581; x_wconf 87' lang='lat' dir='ltr'>narrabo</span> <span class='ocrx_word' id='word_1_553' title='bbox 1603 5541 1729 5596; x_wconf 75' lang='lat' dir='ltr'>qua:</span> <span class='ocrx_word' id='word_1_554' title='bbox 1754 5523 1949 5579; x_wconf 89' lang='lat' dir='ltr'>audivi</span> <span class='ocrx_word' id='word_1_555' title='bbox 1970 5524 2041 5579; x_wconf 90' lang='lat' dir='ltr'>ab</span> 
     </span>
    </p>
   </div>
   <div class='ocr_carea' id='block_1_74' title="bbox 395 5613 2041 5689">
    <p class='ocr_par' dir='ltr' id='par_1_74' title="bbox 395 5613 2041 5689">
     <span class='ocr_line' id='line_1_74' title="bbox 395 5613 2041 5689; baseline -0.002 -16"><span class='ocrx_word' id='word_1_556' title='bbox 395 5618 495 5673; x_wconf 87' lang='lat' dir='ltr'>illa</span> <span class='ocrx_word' id='word_1_557' title='bbox 518 5615 722 5689; x_wconf 83' lang='lat' dir='ltr'>lingua</span> <span class='ocrx_word' id='word_1_558' title='bbox 744 5616 815 5671; x_wconf 88' lang='lat' dir='ltr'>ab</span> <span class='ocrx_word' id='word_1_559' title='bbox 838 5614 997 5671; x_wconf 89' lang='lat' dir='ltr'>omni</span> <span class='ocrx_word' id='word_1_560' title='bbox 1020 5613 1548 5670; x_wconf 86' lang='lat' dir='ltr'>mendacioaliena.</span> <span class='ocrx_word' id='word_1_561' title='bbox 1569 5614 1830 5671; x_wconf 88' lang='lat' dir='ltr'>Narravit</span> <span class='ocrx_word' id='word_1_562' title='bbox 1847 5616 2041 5670; x_wconf 90' lang='lat' dir='ltr'>autem</span> 
     </span>
    </p>
   </div>
   <div class='ocr_carea' id='block_1_75' title="bbox 2163 1840 3830 1913">
    <p class='ocr_par' dir='ltr' id='par_1_75' title="bbox 2163 1840 3830 1913">
     <span class='ocr_line' id='line_1_75' title="bbox 2163 1840 3830 1913; baseline 0 -18"><span class='ocrx_word' id='word_1_563' title='bbox 2163 1841 2345 1897; x_wconf 86' lang='lat' dir='ltr'>multo</span> <span class='ocrx_word' id='word_1_564' title='bbox 2363 1841 2545 1913; x_wconf 87' lang='lat' dir='ltr'>magis</span> <span class='ocrx_word' id='word_1_565' title='bbox 2561 1842 2835 1913; x_wconf 89' lang='lat' dir='ltr'>urgebam</span> <span class='ocrx_word' id='word_1_566' title='bbox 2855 1841 3307 1913; x_wconf 87' lang='lat' dir='ltr'>interrogans,et</span> <span class='ocrx_word' id='word_1_567' title='bbox 3320 1842 3467 1897; x_wconf 90' lang='lat' dir='ltr'>scire</span> <span class='ocrx_word' id='word_1_568' title='bbox 3483 1840 3830 1897; x_wconf 90' lang='lat' dir='ltr'>desiderans</span> 
     </span>
    </p>
   </div>
   <div class='ocr_carea' id='block_1_76' title="bbox 2161 1929 3818 2003">
    <p class='ocr_par' dir='ltr' id='par_1_76' title="bbox 2161 1929 3818 2003">
     <span class='ocr_line' id='line_1_76' title="bbox 2161 1929 3818 2003; baseline -0.001 -18"><span class='ocrx_word' id='word_1_569' title='bbox 2161 1947 2264 1985; x_wconf 93' lang='lat' dir='ltr'>cur</span> <span class='ocrx_word' id='word_1_570' title='bbox 2285 1932 2413 2002; x_wconf 88' lang='lat' dir='ltr'>ejus</span> <span class='ocrx_word' id='word_1_571' title='bbox 2436 1930 2631 2003; x_wconf 88' lang='lat' dir='ltr'>potius</span> <span class='ocrx_word' id='word_1_572' title='bbox 2661 1931 3048 1987; x_wconf 89' lang='lat' dir='ltr'>meminisset.</span> <span class='ocrx_word' id='word_1_573' title='bbox 3072 1930 3174 1987; x_wconf 91' lang='lat' dir='ltr'>Ille</span> <span class='ocrx_word' id='word_1_574' title='bbox 3192 1936 3409 1987; x_wconf 89' lang='lat' dir='ltr'>autem:</span> <span class='ocrx_word' id='word_1_575' title='bbox 3446 1929 3691 1997; x_wconf 84' lang='lat' dir='ltr'>Vellem,</span> <span class='ocrx_word' id='word_1_576' title='bbox 3726 1930 3818 1984; x_wconf 89' lang='lat' dir='ltr'>in-</span> 
     </span>
    </p>
   </div>
   <div class='ocr_carea' id='block_1_77' title="bbox 2161 2018 3813 2091">
    <p class='ocr_par' dir='ltr' id='par_1_77' title="bbox 2161 2018 3813 2091">
     <span class='ocr_line' id='line_1_77' title="bbox 2161 2018 3813 2091; baseline -0.001 -17"><span class='ocrx_word' id='word_1_577' title='bbox 2161 2020 2309 2091; x_wconf 91' lang='lat' dir='ltr'>quit,</span> <span class='ocrx_word' id='word_1_578' title='bbox 2336 2020 2608 2091; x_wconf 87' lang='lat' dir='ltr'>amplecti</span> <span class='ocrx_word' id='word_1_579' title='bbox 2629 2024 2684 2075; x_wconf 88' lang='lat' dir='ltr'>et</span> <span class='ocrx_word' id='word_1_580' title='bbox 2706 2020 3033 2076; x_wconf 91' lang='lat' dir='ltr'>deosculari</span> <span class='ocrx_word' id='word_1_581' title='bbox 3058 2022 3185 2091; x_wconf 85' lang='lat' dir='ltr'>ejus</span> <span class='ocrx_word' id='word_1_582' title='bbox 3210 2019 3494 2076; x_wconf 90' lang='lat' dir='ltr'>amabiles</span> <span class='ocrx_word' id='word_1_583' title='bbox 3510 2018 3813 2089; x_wconf 89' lang='lat' dir='ltr'>reliquias.</span> 
     </span>
    </p>
   </div>
   <div class='ocr_carea' id='block_1_78' title="bbox 2159 2106 3815 2179">
    <p class='ocr_par' dir='ltr' id='par_1_78' title="bbox 2159 2106 3815 2179">
     <span class='ocr_line' id='line_1_78' title="bbox 2159 2106 3815 2179; baseline -0.001 -16"><span class='ocrx_word' id='word_1_584' title='bbox 2159 2110 2301 2163; x_wconf 89' lang='lat' dir='ltr'>Cum</span> <span class='ocrx_word' id='word_1_585' title='bbox 2335 2113 2530 2163; x_wconf 90' lang='lat' dir='ltr'>autem</span> <span class='ocrx_word' id='word_1_586' title='bbox 2564 2108 2867 2163; x_wconf 86' lang='lat' dir='ltr'>dixissem:</span> <span class='ocrx_word' id='word_1_587' title='bbox 2891 2109 3016 2164; x_wconf 91' lang='lat' dir='ltr'>Non</span> <span class='ocrx_word' id='word_1_588' title='bbox 3043 2110 3280 2164; x_wconf 61' lang='lat' dir='ltr'>atteram</span> <span class='ocrx_word' id='word_1_589' title='bbox 3304 2124 3423 2175; x_wconf 90' lang='lat' dir='ltr'>eas,</span> <span class='ocrx_word' id='word_1_590' title='bbox 3449 2108 3563 2163; x_wconf 89' lang='lat' dir='ltr'>nisi</span> <span class='ocrx_word' id='word_1_591' title='bbox 3586 2106 3815 2179; x_wconf 86' lang='lat' dir='ltr'>pollici-</span> 
     </span>
    </p>
   </div>
   <div class='ocr_carea' id='block_1_79' title="bbox 2158 2196 3819 2270">
    <p class='ocr_par' dir='ltr' id='par_1_79' title="bbox 2158 2196 3819 2270">
     <span class='ocr_line' id='line_1_79' title="bbox 2158 2196 3819 2270; baseline 0 -20"><span class='ocrx_word' id='word_1_592' title='bbox 2158 2200 2255 2251; x_wconf 90' lang='lat' dir='ltr'>tus</span> <span class='ocrx_word' id='word_1_593' title='bbox 2282 2196 2457 2251; x_wconf 83' lang='lat' dir='ltr'>fueris</span> <span class='ocrx_word' id='word_1_594' title='bbox 2484 2202 2535 2251; x_wconf 88' lang='lat' dir='ltr'>te</span> <span class='ocrx_word' id='word_1_595' title='bbox 2556 2212 2623 2251; x_wconf 88' lang='lat' dir='ltr'>ea</span> <span class='ocrx_word' id='word_1_596' title='bbox 2644 2197 2941 2251; x_wconf 89' lang='lat' dir='ltr'>dicturum</span> <span class='ocrx_word' id='word_1_597' title='bbox 2957 2215 3080 2268; x_wconf 64' lang='lat' dir='ltr'>quae</span> <span class='ocrx_word' id='word_1_598' title='bbox 3097 2197 3668 2270; x_wconf 86' lang='lat' dir='ltr'>videris.Atqueipse</span> <span class='ocrx_word' id='word_1_599' title='bbox 3690 2197 3819 2267; x_wconf 79' lang='lat' dir='ltr'>qui-</span> 
     </span>
    </p>
   </div>
   <div class='ocr_carea' id='block_1_80' title="bbox 2159 2284 3816 2359">
    <p class='ocr_par' dir='ltr' id='par_1_80' title="bbox 2159 2284 3816 2359">
     <span class='ocr_line' id='line_1_80' title="bbox 2159 2284 3816 2359; baseline 0 -20"><span class='ocrx_word' id='word_1_600' title='bbox 2159 2286 2289 2341; x_wconf 92' lang='lat' dir='ltr'>dem</span> <span class='ocrx_word' id='word_1_601' title='bbox 2312 2289 2402 2341; x_wconf 85' lang='lat' dir='ltr'>est</span> <span class='ocrx_word' id='word_1_602' title='bbox 2424 2284 2740 2355; x_wconf 88' lang='lat' dir='ltr'>pollicitus,</span> <span class='ocrx_word' id='word_1_603' title='bbox 2767 2302 2868 2356; x_wconf 88' lang='lat' dir='ltr'>ego</span> <span class='ocrx_word' id='word_1_604' title='bbox 2892 2303 3025 2341; x_wconf 91' lang='lat' dir='ltr'>vero</span> <span class='ocrx_word' id='word_1_605' title='bbox 3070 2287 3350 2359; x_wconf 91' lang='lat' dir='ltr'>postridie</span> <span class='ocrx_word' id='word_1_606' title='bbox 3376 2286 3548 2342; x_wconf 89' lang='lat' dir='ltr'>attuli</span> <span class='ocrx_word' id='word_1_607' title='bbox 3590 2303 3657 2341; x_wconf 90' lang='lat' dir='ltr'>ea</span> <span class='ocrx_word' id='word_1_608' title='bbox 3687 2302 3816 2358; x_wconf 69' lang='lat' dir='ltr'>quae</span> 
     </span>
    </p>
   </div>
   <div class='ocr_carea' id='block_1_81' title="bbox 2159 2375 3820 2447">
    <p class='ocr_par' dir='ltr' id='par_1_81' title="bbox 2159 2375 3820 2447">
     <span class='ocr_line' id='line_1_81' title="bbox 2159 2375 3820 2447; baseline 0 -18"><span class='ocrx_word' id='word_1_609' title='bbox 2159 2375 2554 2441; x_wconf 81' lang='lat' dir='ltr'>desiderabat;</span> <span class='ocrx_word' id='word_1_610' title='bbox 2575 2379 2631 2430; x_wconf 90' lang='lat' dir='ltr'>et</span> <span class='ocrx_word' id='word_1_611' title='bbox 2652 2391 2785 2430; x_wconf 91' lang='lat' dir='ltr'>cum</span> <span class='ocrx_word' id='word_1_612' title='bbox 2812 2391 3019 2430; x_wconf 80' lang='lat' dir='ltr'>omnes</span> <span class='ocrx_word' id='word_1_613' title='bbox 3039 2376 3312 2447; x_wconf 88' lang='lat' dir='ltr'>jussisset</span> <span class='ocrx_word' id='word_1_614' title='bbox 3342 2377 3676 2441; x_wconf 88' lang='lat' dir='ltr'>abscedere,</span> <span class='ocrx_word' id='word_1_615' title='bbox 3698 2375 3820 2429; x_wconf 67' lang='lat' dir='ltr'>haec</span> 
     </span>
    </p>
   </div>
   <div class='ocr_carea' id='block_1_82' title="bbox 2159 2462 3812 2536">
    <p class='ocr_par' dir='ltr' id='par_1_82' title="bbox 2159 2462 3812 2536">
     <span class='ocr_line' id='line_1_82' title="bbox 2159 2462 3812 2536; baseline 0 -18"><span class='ocrx_word' id='word_1_616' title='bbox 2159 2464 2300 2518; x_wconf 85' lang='lat' dir='ltr'>mihi</span> <span class='ocrx_word' id='word_1_617' title='bbox 2330 2462 2439 2519; x_wconf 92' lang='lat' dir='ltr'>soli</span> <span class='ocrx_word' id='word_1_618' title='bbox 2462 2464 2736 2519; x_wconf 89' lang='lat' dir='ltr'>narravit.</span> <span class='ocrx_word' id='word_1_619' title='bbox 2767 2465 3011 2529; x_wconf 89' lang='lat' dir='ltr'>Quando</span> <span class='ocrx_word' id='word_1_620' title='bbox 3038 2465 3168 2531; x_wconf 89' lang='lat' dir='ltr'>hos,</span> <span class='ocrx_word' id='word_1_621' title='bbox 3189 2464 3403 2536; x_wconf 89' lang='lat' dir='ltr'>inquit,</span> <span class='ocrx_word' id='word_1_622' title='bbox 3428 2465 3680 2520; x_wconf 88' lang='lat' dir='ltr'>civitatis</span> <span class='ocrx_word' id='word_1_623' title='bbox 3706 2482 3812 2535; x_wconf 84' lang='lat' dir='ltr'>pa-</span> 
     </span>
    </p>
   </div>
   <div class='ocr_carea' id='block_1_83' title="bbox 2155 2552 3814 2623">
    <p class='ocr_par' dir='ltr' id='par_1_83' title="bbox 2155 2552 3814 2623">
     <span class='ocr_line' id='line_1_83' title="bbox 2155 2552 3814 2623; baseline -0.001 -15"><span class='ocrx_word' id='word_1_624' title='bbox 2155 2560 2376 2621; x_wconf 88' lang='lat' dir='ltr'>tronos,</span> <span class='ocrx_word' id='word_1_625' title='bbox 2412 2552 2511 2623; x_wconf 90' lang='lat' dir='ltr'>qui</span> <span class='ocrx_word' id='word_1_626' title='bbox 2546 2570 2578 2608; x_wconf 90' lang='lat' dir='ltr'>a</span> <span class='ocrx_word' id='word_1_627' title='bbox 2610 2552 2905 2609; x_wconf 83' lang='lat' dir='ltr'>Phcenicia</span> <span class='ocrx_word' id='word_1_628' title='bbox 2934 2560 3217 2609; x_wconf 86' lang='lat' dir='ltr'>venerant</span> <span class='ocrx_word' id='word_1_629' title='bbox 3248 2558 3302 2608; x_wconf 89' lang='lat' dir='ltr'>et</span> <span class='ocrx_word' id='word_1_630' title='bbox 3326 2554 3654 2621; x_wconf 74' lang='lat' dir='ltr'>Palaestina,</span> <span class='ocrx_word' id='word_1_631' title='bbox 3679 2570 3814 2608; x_wconf 84' lang='lat' dir='ltr'>cum</span> 
     </span>
    </p>
   </div>
   <div class='ocr_carea' id='block_1_84' title="bbox 2154 2641 3813 2713">
    <p class='ocr_par' dir='ltr' id='par_1_84' title="bbox 2154 2641 3813 2713">
     <span class='ocr_line' id='line_1_84' title="bbox 2154 2641 3813 2713; baseline 0 -16"><span class='ocrx_word' id='word_1_632' title='bbox 2154 2641 2429 2697; x_wconf 87' lang='lat' dir='ltr'>Davidica</span> <span class='ocrx_word' id='word_1_633' title='bbox 2449 2641 2726 2713; x_wconf 86' lang='lat' dir='ltr'>excepisti</span> <span class='ocrx_word' id='word_1_634' title='bbox 2752 2641 2982 2712; x_wconf 86' lang='lat' dir='ltr'>chorea,</span> <span class='ocrx_word' id='word_1_635' title='bbox 3007 2643 3160 2697; x_wconf 90' lang='lat' dir='ltr'>venit</span> <span class='ocrx_word' id='word_1_636' title='bbox 3182 2642 3322 2697; x_wconf 90' lang='lat' dir='ltr'>mihi</span> <span class='ocrx_word' id='word_1_637' title='bbox 3350 2643 3408 2697; x_wconf 91' lang='lat' dir='ltr'>in</span> <span class='ocrx_word' id='word_1_638' title='bbox 3434 2648 3686 2698; x_wconf 89' lang='lat' dir='ltr'>mentem</span> <span class='ocrx_word' id='word_1_639' title='bbox 3715 2659 3813 2697; x_wconf 85' lang='lat' dir='ltr'>co-</span> 
     </span>
    </p>
   </div>
   <div class='ocr_carea' id='block_1_85' title="bbox 2155 2730 3813 2803">
    <p class='ocr_par' dir='ltr' id='par_1_85' title="bbox 2155 2730 3813 2803">
     <span class='ocr_line' id='line_1_85' title="bbox 2155 2730 3813 2803; baseline -0.001 -18"><span class='ocrx_word' id='word_1_640' title='bbox 2155 2730 2338 2802; x_wconf 88' lang='lat' dir='ltr'>gitare</span> <span class='ocrx_word' id='word_1_641' title='bbox 2362 2747 2503 2786; x_wconf 92' lang='lat' dir='ltr'>num</span> <span class='ocrx_word' id='word_1_642' title='bbox 2526 2730 2613 2786; x_wconf 61' lang='lat' dir='ltr'>hie</span> <span class='ocrx_word' id='word_1_643' title='bbox 2629 2730 3263 2803; x_wconf 88' lang='lat' dir='ltr'>essentilliusinsignis</span> <span class='ocrx_word' id='word_1_644' title='bbox 3284 2732 3527 2787; x_wconf 88' lang='lat' dir='ltr'>Joannis</span> <span class='ocrx_word' id='word_1_645' title='bbox 3551 2730 3813 2803; x_wconf 72' lang='lat' dir='ltr'>reliquias</span> 
     </span>
    </p>
   </div>
   <div class='ocr_carea' id='block_1_86' title="bbox 2154 2820 3808 2891">
    <p class='ocr_par' dir='ltr' id='par_1_86' title="bbox 2154 2820 3808 2891">
     <span class='ocr_line' id='line_1_86' title="bbox 2154 2820 3808 2891; baseline -0.002 -15"><span class='ocrx_word' id='word_1_646' title='bbox 2154 2824 2213 2876; x_wconf 89' lang='lat' dir='ltr'>et</span> <span class='ocrx_word' id='word_1_647' title='bbox 2240 2838 2353 2875; x_wconf 93' lang='lat' dir='ltr'>non</span> <span class='ocrx_word' id='word_1_648' title='bbox 2380 2821 2621 2876; x_wconf 90' lang='lat' dir='ltr'>alterius</span> <span class='ocrx_word' id='word_1_649' title='bbox 2644 2820 2917 2891; x_wconf 86' lang='lat' dir='ltr'>martyris</span> <span class='ocrx_word' id='word_1_650' title='bbox 2940 2821 3039 2891; x_wconf 87' lang='lat' dir='ltr'>qui</span> <span class='ocrx_word' id='word_1_651' title='bbox 3063 2825 3216 2876; x_wconf 85' lang='lat' dir='ltr'>esset</span> <span class='ocrx_word' id='word_1_652' title='bbox 3240 2822 3501 2891; x_wconf 89' lang='lat' dir='ltr'>ejusdem</span> <span class='ocrx_word' id='word_1_653' title='bbox 3526 2821 3808 2876; x_wconf 90' lang='lat' dir='ltr'>nominis.</span> 
     </span>
    </p>
   </div>
   <div class='ocr_carea' id='block_1_87' title="bbox 2153 2917 3812 2990">
    <p class='ocr_par' dir='ltr' id='par_1_87' title="bbox 2153 2917 3812 2990">
     <span class='ocr_line' id='line_1_87' title="bbox 2153 2917 3812 2990; baseline 0.001 -18"><span class='ocrx_word' id='word_1_654' title='bbox 2153 2922 2293 2973; x_wconf 88' lang='lat' dir='ltr'>Post</span> <span class='ocrx_word' id='word_1_655' title='bbox 2313 2935 2495 2973; x_wconf 92' lang='lat' dir='ltr'>unum</span> <span class='ocrx_word' id='word_1_656' title='bbox 2520 2934 2656 2989; x_wconf 79' lang='lat' dir='ltr'>ergo</span> <span class='ocrx_word' id='word_1_657' title='bbox 2680 2917 2831 2973; x_wconf 88' lang='lat' dir='ltr'>diem</span> <span class='ocrx_word' id='word_1_658' title='bbox 2854 2935 2959 2989; x_wconf 86' lang='lat' dir='ltr'>ego</span> <span class='ocrx_word' id='word_1_659' title='bbox 2978 2919 3205 2973; x_wconf 89' lang='lat' dir='ltr'>stabam</span> <span class='ocrx_word' id='word_1_660' title='bbox 3232 2919 3300 2973; x_wconf 91' lang='lat' dir='ltr'>ad</span> <span class='ocrx_word' id='word_1_661' title='bbox 3329 2918 3579 2990; x_wconf 86' lang='lat' dir='ltr'>hymnos</span> <span class='ocrx_word' id='word_1_662' title='bbox 3603 2920 3812 2974; x_wconf 88' lang='lat' dir='ltr'>decan-</span> 
     </span>
    </p>
   </div>
   <div class='ocr_carea' id='block_1_88' title="bbox 2154 3007 3811 3077">
    <p class='ocr_par' dir='ltr' id='par_1_88' title="bbox 2154 3007 3811 3077">
     <span class='ocr_line' id='line_1_88' title="bbox 2154 3007 3811 3077; baseline -0.001 -14"><span class='ocrx_word' id='word_1_663' title='bbox 2154 3008 2396 3074; x_wconf 86' lang='lat' dir='ltr'>tandos;</span> <span class='ocrx_word' id='word_1_664' title='bbox 2424 3008 2589 3062; x_wconf 91' lang='lat' dir='ltr'>video</span> <span class='ocrx_word' id='word_1_665' title='bbox 2613 3011 2807 3062; x_wconf 90' lang='lat' dir='ltr'>autem</span> <span class='ocrx_word' id='word_1_666' title='bbox 2837 3008 3154 3077; x_wconf 91' lang='lat' dir='ltr'>quemdam</span> <span class='ocrx_word' id='word_1_667' title='bbox 3179 3007 3428 3063; x_wconf 90' lang='lat' dir='ltr'>candida</span> <span class='ocrx_word' id='word_1_668' title='bbox 3452 3013 3608 3063; x_wconf 89' lang='lat' dir='ltr'>veste</span> <span class='ocrx_word' id='word_1_669' title='bbox 3632 3008 3811 3063; x_wconf 88' lang='lat' dir='ltr'>indu-</span> 
     </span>
    </p>
   </div>
   <div class='ocr_carea' id='block_1_89' title="bbox 2159 3095 3814 3166">
    <p class='ocr_par' dir='ltr' id='par_1_89' title="bbox 2159 3095 3814 3166">
     <span class='ocr_line' id='line_1_89' title="bbox 2159 3095 3814 3166; baseline 0 -14"><span class='ocrx_word' id='word_1_670' title='bbox 2159 3101 2308 3164; x_wconf 88' lang='lat' dir='ltr'>tum,</span> <span class='ocrx_word' id='word_1_671' title='bbox 2343 3102 2398 3151; x_wconf 90' lang='lat' dir='ltr'>et</span> <span class='ocrx_word' id='word_1_672' title='bbox 2427 3095 2741 3162; x_wconf 82' lang='lat' dir='ltr'>dicentem;</span> <span class='ocrx_word' id='word_1_673' title='bbox 2777 3096 2977 3151; x_wconf 86' lang='lat' dir='ltr'>Frater</span> <span class='ocrx_word' id='word_1_674' title='bbox 3005 3097 3240 3166; x_wconf 88' lang='lat' dir='ltr'>Jacobe,</span> <span class='ocrx_word' id='word_1_675' title='bbox 3301 3113 3406 3151; x_wconf 92' lang='lat' dir='ltr'>cur</span> <span class='ocrx_word' id='word_1_676' title='bbox 3438 3097 3607 3153; x_wconf 89' lang='lat' dir='ltr'>nobis</span> <span class='ocrx_word' id='word_1_677' title='bbox 3637 3097 3814 3152; x_wconf 89' lang='lat' dir='ltr'>adve-</span> 
     </span>
    </p>
   </div>
   <div class='ocr_carea' id='block_1_90' title="bbox 2160 3184 3814 3257">
    <p class='ocr_par' dir='ltr' id='par_1_90' title="bbox 2160 3184 3814 3257">
     <span class='ocr_line' id='line_1_90' title="bbox 2160 3184 3814 3257; baseline 0 -16"><span class='ocrx_word' id='word_1_678' title='bbox 2160 3186 2460 3242; x_wconf 90' lang='lat' dir='ltr'>nientibus</span> <span class='ocrx_word' id='word_1_679' title='bbox 2485 3202 2597 3241; x_wconf 94' lang='lat' dir='ltr'>non</span> <span class='ocrx_word' id='word_1_680' title='bbox 2617 3185 2825 3240; x_wconf 85' lang='lat' dir='ltr'>venisti</span> <span class='ocrx_word' id='word_1_681' title='bbox 2849 3184 3108 3241; x_wconf 84' lang='lat' dir='ltr'>obviam?</span> <span class='ocrx_word' id='word_1_682' title='bbox 3131 3185 3274 3240; x_wconf 86' lang='lat' dir='ltr'>Cum</span> <span class='ocrx_word' id='word_1_683' title='bbox 3300 3201 3405 3257; x_wconf 91' lang='lat' dir='ltr'>ego</span> <span class='ocrx_word' id='word_1_684' title='bbox 3428 3190 3620 3241; x_wconf 90' lang='lat' dir='ltr'>autem</span> <span class='ocrx_word' id='word_1_685' title='bbox 3646 3203 3814 3254; x_wconf 76' lang='lat' dir='ltr'>roga-</span> 
     </span>
    </p>
   </div>
   <div class='ocr_carea' id='block_1_91' title="bbox 2160 3274 3815 3347">
    <p class='ocr_par' dir='ltr' id='par_1_91' title="bbox 2160 3274 3815 3347">
     <span class='ocr_line' id='line_1_91' title="bbox 2160 3274 3815 3347; baseline -0.002 -16"><span class='ocrx_word' id='word_1_686' title='bbox 2160 3292 2280 3331; x_wconf 88' lang='lat' dir='ltr'>rem</span> <span class='ocrx_word' id='word_1_687' title='bbox 2307 3274 2546 3347; x_wconf 89' lang='lat' dir='ltr'>quinam</span> <span class='ocrx_word' id='word_1_688' title='bbox 2572 3279 2792 3343; x_wconf 90' lang='lat' dir='ltr'>essent,</span> <span class='ocrx_word' id='word_1_689' title='bbox 2811 3274 3135 3346; x_wconf 88' lang='lat' dir='ltr'>respondit,</span> <span class='ocrx_word' id='word_1_690' title='bbox 3159 3274 3378 3330; x_wconf 87' lang='lat' dir='ltr'>dicens:</span> <span class='ocrx_word' id='word_1_691' title='bbox 3400 3275 3507 3339; x_wconf 89' lang='lat' dir='ltr'>Qui</span> <span class='ocrx_word' id='word_1_692' title='bbox 3530 3292 3565 3329; x_wconf 90' lang='lat' dir='ltr'>a</span> <span class='ocrx_word' id='word_1_693' title='bbox 3584 3274 3815 3330; x_wconf 76' lang='lat' dir='ltr'>thni-</span> 
     </span>
    </p>
   </div>
   <div class='ocr_carea' id='block_1_92' title="bbox 2160 3362 3817 3435">
    <p class='ocr_par' dir='ltr' id='par_1_92' title="bbox 2160 3362 3817 3435">
     <span class='ocr_line' id='line_1_92' title="bbox 2160 3362 3817 3435; baseline -0.001 -16"><span class='ocrx_word' id='word_1_694' title='bbox 2160 3366 2247 3419; x_wconf 91' lang='lat' dir='ltr'>cia</span> <span class='ocrx_word' id='word_1_695' title='bbox 2271 3370 2326 3419; x_wconf 90' lang='lat' dir='ltr'>et</span> <span class='ocrx_word' id='word_1_696' title='bbox 2350 3363 2657 3419; x_wconf 70' lang='lat' dir='ltr'>Palaestina</span> <span class='ocrx_word' id='word_1_697' title='bbox 2680 3380 2867 3434; x_wconf 90' lang='lat' dir='ltr'>nuper</span> <span class='ocrx_word' id='word_1_698' title='bbox 2889 3362 3176 3430; x_wconf 87' lang='lat' dir='ltr'>venimus;</span> <span class='ocrx_word' id='word_1_699' title='bbox 3212 3369 3432 3418; x_wconf 87' lang='lat' dir='ltr'>etcum</span> <span class='ocrx_word' id='word_1_700' title='bbox 3467 3368 3735 3435; x_wconf 90' lang='lat' dir='ltr'>prompto</span> <span class='ocrx_word' id='word_1_701' title='bbox 3758 3370 3817 3420; x_wconf 90' lang='lat' dir='ltr'>et</span> 
     </span>
    </p>
   </div>
   <div class='ocr_carea' id='block_1_93' title="bbox 2159 3453 3817 3524">
    <p class='ocr_par' dir='ltr' id='par_1_93' title="bbox 2159 3453 3817 3524">
     <span class='ocr_line' id='line_1_93' title="bbox 2159 3453 3817 3524; baseline -0.001 -15"><span class='ocrx_word' id='word_1_702' title='bbox 2159 3453 2339 3510; x_wconf 87' lang='lat' dir='ltr'>alacri</span> <span class='ocrx_word' id='word_1_703' title='bbox 2370 3454 2567 3508; x_wconf 89' lang='lat' dir='ltr'>animo</span> <span class='ocrx_word' id='word_1_704' title='bbox 2600 3470 2705 3508; x_wconf 91' lang='lat' dir='ltr'>nos</span> <span class='ocrx_word' id='word_1_705' title='bbox 2740 3468 2943 3508; x_wconf 91' lang='lat' dir='ltr'>omnes</span> <span class='ocrx_word' id='word_1_706' title='bbox 3002 3453 3386 3523; x_wconf 87' lang='lat' dir='ltr'>excepissent,</span> <span class='ocrx_word' id='word_1_707' title='bbox 3440 3457 3497 3507; x_wconf 90' lang='lat' dir='ltr'>et</span> <span class='ocrx_word' id='word_1_708' title='bbox 3529 3459 3729 3524; x_wconf 90' lang='lat' dir='ltr'>pastor</span> <span class='ocrx_word' id='word_1_709' title='bbox 3757 3458 3817 3508; x_wconf 90' lang='lat' dir='ltr'>et</span> 
     </span>
    </p>
   </div>
   <div class='ocr_carea' id='block_1_94' title="bbox 2160 3540 3815 3614">
    <p class='ocr_par' dir='ltr' id='par_1_94' title="bbox 2160 3540 3815 3614">
     <span class='ocr_line' id='line_1_94' title="bbox 2160 3540 3815 3614; baseline 0 -17"><span class='ocrx_word' id='word_1_710' title='bbox 2160 3542 2435 3614; x_wconf 84' lang='lat' dir='ltr'>populus,</span> <span class='ocrx_word' id='word_1_711' title='bbox 2460 3547 2516 3597; x_wconf 91' lang='lat' dir='ltr'>et</span> <span class='ocrx_word' id='word_1_712' title='bbox 2539 3542 2714 3605; x_wconf 90' lang='lat' dir='ltr'>cives,</span> <span class='ocrx_word' id='word_1_713' title='bbox 2738 3547 2795 3597; x_wconf 90' lang='lat' dir='ltr'>et</span> <span class='ocrx_word' id='word_1_714' title='bbox 2819 3540 3049 3608; x_wconf 88' lang='lat' dir='ltr'>rustici,</span> <span class='ocrx_word' id='word_1_715' title='bbox 3074 3546 3133 3596; x_wconf 90' lang='lat' dir='ltr'>tu</span> <span class='ocrx_word' id='word_1_716' title='bbox 3160 3541 3321 3596; x_wconf 90' lang='lat' dir='ltr'>solus</span> <span class='ocrx_word' id='word_1_717' title='bbox 3343 3558 3547 3597; x_wconf 89' lang='lat' dir='ltr'>eorum</span> <span class='ocrx_word' id='word_1_718' title='bbox 3572 3541 3815 3597; x_wconf 90' lang='lat' dir='ltr'>honoris</span> 
     </span>
    </p>
   </div>
   <div class='ocr_carea' id='block_1_95' title="bbox 2161 3630 3816 3702">
    <p class='ocr_par' dir='ltr' id='par_1_95' title="bbox 2161 3630 3816 3702">
     <span class='ocr_line' id='line_1_95' title="bbox 2161 3630 3816 3702; baseline 0.001 -16"><span class='ocrx_word' id='word_1_719' title='bbox 2161 3649 2276 3687; x_wconf 92' lang='lat' dir='ltr'>non</span> <span class='ocrx_word' id='word_1_720' title='bbox 2302 3631 2462 3686; x_wconf 84' lang='lat' dir='ltr'>fuisti</span> <span class='ocrx_word' id='word_1_721' title='bbox 2487 3630 2779 3702; x_wconf 90' lang='lat' dir='ltr'>particeps</span> <span class='ocrx_word' id='word_1_722' title='bbox 2800 3647 2811 3684; x_wconf 94' lang='lat'>:</span> <span class='ocrx_word' id='word_1_723' title='bbox 2836 3630 3325 3685; x_wconf 88' lang='lat' dir='ltr'>innuebatautem</span> <span class='ocrx_word' id='word_1_724' title='bbox 3340 3647 3467 3686; x_wconf 90' lang='lat' dir='ltr'>eam</span> <span class='ocrx_word' id='word_1_725' title='bbox 3485 3631 3816 3702; x_wconf 64' lang='lat' dir='ltr'>quaefnerat</span> 
     </span>
    </p>
   </div>
   <div class='ocr_carea' id='block_1_96' title="bbox 2160 3719 3815 3791">
    <p class='ocr_par' dir='ltr' id='par_1_96' title="bbox 2160 3719 3815 3791">
     <span class='ocr_line' id='line_1_96' title="bbox 2160 3719 3815 3791; baseline 0 -17"><span class='ocrx_word' id='word_1_726' title='bbox 2160 3720 2610 3775; x_wconf 89' lang='lat' dir='ltr'>dubitationem.</span> <span class='ocrx_word' id='word_1_727' title='bbox 2635 3720 2718 3775; x_wconf 91' lang='lat' dir='ltr'>Ad</span> <span class='ocrx_word' id='word_1_728' title='bbox 2745 3719 2865 3775; x_wconf 67' lang='lat' dir='ltr'>haec</span> <span class='ocrx_word' id='word_1_729' title='bbox 2879 3736 3014 3791; x_wconf 89' lang='lat' dir='ltr'>ergo</span> <span class='ocrx_word' id='word_1_730' title='bbox 3038 3720 3181 3775; x_wconf 92' lang='lat' dir='ltr'>dicit</span> <span class='ocrx_word' id='word_1_731' title='bbox 3203 3736 3264 3775; x_wconf 90' lang='lat' dir='ltr'>se</span> <span class='ocrx_word' id='word_1_732' title='bbox 3279 3720 3517 3775; x_wconf 86' lang='lat' dir='ltr'>dixisse:</span> <span class='ocrx_word' id='word_1_733' title='bbox 3545 3720 3815 3776; x_wconf 85' lang='lat' dir='ltr'>Absenti-</span> 
     </span>
    </p>
   </div>
   <div class='ocr_carea' id='block_1_97' title="bbox 2159 3807 3812 3875">
    <p class='ocr_par' dir='ltr' id='par_1_97' title="bbox 2159 3807 3812 3875">
     <span class='ocr_line' id='line_1_97' title="bbox 2159 3807 3812 3875; baseline -0.001 -11"><span class='ocrx_word' id='word_1_734' title='bbox 2159 3810 2269 3864; x_wconf 91' lang='lat' dir='ltr'>bus</span> <span class='ocrx_word' id='word_1_735' title='bbox 2302 3814 2357 3863; x_wconf 91' lang='lat' dir='ltr'>et</span> <span class='ocrx_word' id='word_1_736' title='bbox 2385 3808 2549 3864; x_wconf 91' lang='lat' dir='ltr'>vobis</span> <span class='ocrx_word' id='word_1_737' title='bbox 2581 3812 2637 3863; x_wconf 92' lang='lat' dir='ltr'>et</span> <span class='ocrx_word' id='word_1_738' title='bbox 2662 3807 2794 3864; x_wconf 88' lang='lat' dir='ltr'>aliis</span> <span class='ocrx_word' id='word_1_739' title='bbox 2820 3814 2876 3863; x_wconf 90' lang='lat' dir='ltr'>et</span> <span class='ocrx_word' id='word_1_740' title='bbox 2904 3825 3003 3863; x_wconf 90' lang='lat' dir='ltr'>vos</span> <span class='ocrx_word' id='word_1_741' title='bbox 3054 3808 3298 3875; x_wconf 91' lang='lat' dir='ltr'>honoro,</span> <span class='ocrx_word' id='word_1_742' title='bbox 3332 3814 3389 3864; x_wconf 89' lang='lat' dir='ltr'>et</span> <span class='ocrx_word' id='word_1_743' title='bbox 3419 3810 3594 3864; x_wconf 90' lang='lat' dir='ltr'>adoro</span> <span class='ocrx_word' id='word_1_744' title='bbox 3626 3814 3812 3865; x_wconf 82' lang='lat' dir='ltr'>Deum</span> 
     </span>
    </p>
   </div>
   <div class='ocr_carea' id='block_1_98' title="bbox 2161 3897 3813 3969">
    <p class='ocr_par' dir='ltr' id='par_1_98' title="bbox 2161 3897 3813 3969">
     <span class='ocr_line' id='line_1_98' title="bbox 2161 3897 3813 3969; baseline 0 -15"><span class='ocrx_word' id='word_1_745' title='bbox 2161 3898 2593 3954; x_wconf 90' lang='lat' dir='ltr'>universorum.</span> <span class='ocrx_word' id='word_1_746' title='bbox 2611 3897 2836 3953; x_wconf 85' lang='lat' dir='ltr'>Rursus</span> <span class='ocrx_word' id='word_1_747' title='bbox 2850 3903 3045 3953; x_wconf 87' lang='lat' dir='ltr'>autem</span> <span class='ocrx_word' id='word_1_748' title='bbox 3062 3898 3154 3953; x_wconf 89' lang='lat' dir='ltr'>die</span> <span class='ocrx_word' id='word_1_749' title='bbox 3171 3898 3436 3969; x_wconf 90' lang='lat' dir='ltr'>sequenti</span> <span class='ocrx_word' id='word_1_750' title='bbox 3451 3900 3653 3953; x_wconf 90' lang='lat' dir='ltr'>eodem</span> <span class='ocrx_word' id='word_1_751' title='bbox 3669 3903 3813 3954; x_wconf 88' lang='lat' dir='ltr'>tem-</span> 
     </span>
    </p>
   </div>
   <div class='ocr_carea' id='block_1_99' title="bbox 2160 3986 3816 4060">
    <p class='ocr_par' dir='ltr' id='par_1_99' title="bbox 2160 3986 3816 4060">
     <span class='ocr_line' id='line_1_99' title="bbox 2160 3986 3816 4060; baseline -0.001 -17"><span class='ocrx_word' id='word_1_752' title='bbox 2160 4004 2299 4060; x_wconf 90' lang='lat' dir='ltr'>pore</span> <span class='ocrx_word' id='word_1_753' title='bbox 2324 4004 2455 4043; x_wconf 91' lang='lat' dir='ltr'>cum</span> <span class='ocrx_word' id='word_1_754' title='bbox 2479 3986 2577 4042; x_wconf 93' lang='lat' dir='ltr'>ille</span> <span class='ocrx_word' id='word_1_755' title='bbox 2600 3986 2725 4057; x_wconf 88' lang='lat' dir='ltr'>ipse</span> <span class='ocrx_word' id='word_1_756' title='bbox 2748 3988 3142 4058; x_wconf 89' lang='lat' dir='ltr'>apparuisset:</span> <span class='ocrx_word' id='word_1_757' title='bbox 3176 3987 3373 4057; x_wconf 90' lang='lat' dir='ltr'>Vides,</span> <span class='ocrx_word' id='word_1_758' title='bbox 3398 3987 3612 4059; x_wconf 89' lang='lat' dir='ltr'>inquit,</span> <span class='ocrx_word' id='word_1_759' title='bbox 3638 3989 3816 4043; x_wconf 81' lang='lat' dir='ltr'>frater</span> 
     </span>
    </p>
   </div>
   <div class='ocr_carea' id='block_1_100' title="bbox 2156 4084 3812 4155">
    <p class='ocr_par' dir='ltr' id='par_1_100' title="bbox 2156 4084 3812 4155">
     <span class='ocr_line' id='line_1_100' title="bbox 2156 4084 3812 4155; baseline 0.001 -15"><span class='ocrx_word' id='word_1_760' title='bbox 2156 4086 2390 4155; x_wconf 90' lang='lat' dir='ltr'>Jacobe,</span> <span class='ocrx_word' id='word_1_761' title='bbox 2405 4102 2532 4141; x_wconf 90' lang='lat' dir='ltr'>eum</span> <span class='ocrx_word' id='word_1_762' title='bbox 2548 4084 2667 4139; x_wconf 90' lang='lat' dir='ltr'>illic</span> <span class='ocrx_word' id='word_1_763' title='bbox 2688 4089 2967 4151; x_wconf 88' lang='lat' dir='ltr'>stantem,</span> <span class='ocrx_word' id='word_1_764' title='bbox 2984 4084 3154 4155; x_wconf 92' lang='lat' dir='ltr'>cujus</span> <span class='ocrx_word' id='word_1_765' title='bbox 3169 4085 3405 4155; x_wconf 85' lang='lat' dir='ltr'>quidem</span> <span class='ocrx_word' id='word_1_766' title='bbox 3420 4086 3598 4142; x_wconf 88' lang='lat' dir='ltr'>vestis</span> <span class='ocrx_word' id='word_1_767' title='bbox 3610 4094 3698 4142; x_wconf 91' lang='lat' dir='ltr'>est</span> <span class='ocrx_word' id='word_1_768' title='bbox 3717 4103 3812 4142; x_wconf 93' lang='lat' dir='ltr'>co-</span> 
     </span>
    </p>
   </div>
   <div class='ocr_carea' id='block_1_101' title="bbox 2158 4173 3812 4247">
    <p class='ocr_par' dir='ltr' id='par_1_101' title="bbox 2158 4173 3812 4247">
     <span class='ocr_line' id='line_1_101' title="bbox 2158 4173 3812 4247; baseline 0 -16"><span class='ocrx_word' id='word_1_769' title='bbox 2158 4175 2277 4231; x_wconf 89' lang='lat' dir='ltr'>lore</span> <span class='ocrx_word' id='word_1_770' title='bbox 2302 4176 2416 4230; x_wconf 89' lang='lat' dir='ltr'>nivi</span> <span class='ocrx_word' id='word_1_771' title='bbox 2438 4173 2671 4242; x_wconf 89' lang='lat' dir='ltr'>similis,</span> <span class='ocrx_word' id='word_1_772' title='bbox 2700 4178 2789 4230; x_wconf 92' lang='lat' dir='ltr'>est</span> <span class='ocrx_word' id='word_1_773' title='bbox 2811 4178 3005 4229; x_wconf 90' lang='lat' dir='ltr'>autem</span> <span class='ocrx_word' id='word_1_774' title='bbox 3029 4190 3206 4245; x_wconf 91' lang='lat' dir='ltr'>prope</span> <span class='ocrx_word' id='word_1_775' title='bbox 3230 4173 3393 4230; x_wconf 91' lang='lat' dir='ltr'>illum</span> <span class='ocrx_word' id='word_1_776' title='bbox 3411 4175 3636 4246; x_wconf 89' lang='lat' dir='ltr'>positus</span> <span class='ocrx_word' id='word_1_777' title='bbox 3657 4176 3812 4247; x_wconf 89' lang='lat' dir='ltr'>ignis</span> 
     </span>
    </p>
   </div>
   <div class='ocr_carea' id='block_1_102' title="bbox 2159 4262 3809 4336">
    <p class='ocr_par' dir='ltr' id='par_1_102' title="bbox 2159 4262 3809 4336">
     <span class='ocr_line' id='line_1_102' title="bbox 2159 4262 3809 4336; baseline 0.001 -16"><span class='ocrx_word' id='word_1_778' title='bbox 2159 4264 2448 4321; x_wconf 86' lang='lat' dir='ltr'>clibanus.</span> <span class='ocrx_word' id='word_1_779' title='bbox 2471 4268 2617 4320; x_wconf 91' lang='lat' dir='ltr'>Cum</span> <span class='ocrx_word' id='word_1_780' title='bbox 2641 4268 2834 4319; x_wconf 90' lang='lat' dir='ltr'>autem</span> <span class='ocrx_word' id='word_1_781' title='bbox 2857 4280 2962 4335; x_wconf 90' lang='lat' dir='ltr'>ego</span> <span class='ocrx_word' id='word_1_782' title='bbox 2988 4263 3125 4318; x_wconf 92' lang='lat' dir='ltr'>illuc</span> <span class='ocrx_word' id='word_1_783' title='bbox 3150 4262 3351 4320; x_wconf 90' lang='lat' dir='ltr'>oculos</span> <span class='ocrx_word' id='word_1_784' title='bbox 3369 4264 3809 4336; x_wconf 91' lang='lat' dir='ltr'>convertissem,</span> 
     </span>
    </p>
   </div>
   <div class='ocr_carea' id='block_1_103' title="bbox 2158 4352 3810 4425">
    <p class='ocr_par' dir='ltr' id='par_1_103' title="bbox 2158 4352 3810 4425">
     <span class='ocr_line' id='line_1_103' title="bbox 2158 4352 3810 4425; baseline 0 -15"><span class='ocrx_word' id='word_1_785' title='bbox 2158 4358 2214 4410; x_wconf 92' lang='lat' dir='ltr'>et</span> <span class='ocrx_word' id='word_1_786' title='bbox 2234 4352 2403 4408; x_wconf 87' lang='lat' dir='ltr'>illum</span> <span class='ocrx_word' id='word_1_787' title='bbox 2428 4370 2555 4409; x_wconf 87' lang='lat' dir='ltr'>esse</span> <span class='ocrx_word' id='word_1_788' title='bbox 2576 4352 2862 4408; x_wconf 90' lang='lat' dir='ltr'>Joannem</span> <span class='ocrx_word' id='word_1_789' title='bbox 2886 4352 3208 4425; x_wconf 88' lang='lat' dir='ltr'>Baptistam</span> <span class='ocrx_word' id='word_1_790' title='bbox 3242 4354 3624 4422; x_wconf 90' lang='lat' dir='ltr'>conjecissem</span> <span class='ocrx_word' id='word_1_791' title='bbox 3651 4355 3810 4425; x_wconf 88' lang='lat' dir='ltr'>(nam</span> 
     </span>
    </p>
   </div>
   <div class='ocr_carea' id='block_1_104' title="bbox 2158 4442 3808 4516">
    <p class='ocr_par' dir='ltr' id='par_1_104' title="bbox 2158 4442 3808 4516">
     <span class='ocr_line' id='line_1_104' title="bbox 2158 4442 3808 4516; baseline 0.001 -18"><span class='ocrx_word' id='word_1_792' title='bbox 2158 4446 2215 4498; x_wconf 88' lang='lat' dir='ltr'>et</span> <span class='ocrx_word' id='word_1_793' title='bbox 2244 4442 2456 4498; x_wconf 89' lang='lat' dir='ltr'>vestitu</span> <span class='ocrx_word' id='word_1_794' title='bbox 2484 4442 2957 4509; x_wconf 84' lang='lat' dir='ltr'>eratindutus,et</span> <span class='ocrx_word' id='word_1_795' title='bbox 2978 4458 3218 4497; x_wconf 88' lang='lat' dir='ltr'>manum</span> <span class='ocrx_word' id='word_1_796' title='bbox 3250 4442 3504 4498; x_wconf 90' lang='lat' dir='ltr'>habebat</span> <span class='ocrx_word' id='word_1_797' title='bbox 3532 4449 3596 4499; x_wconf 92' lang='lat' dir='ltr'>ut</span> <span class='ocrx_word' id='word_1_798' title='bbox 3618 4445 3808 4516; x_wconf 84' lang='lat' dir='ltr'>bapti-</span> 
     </span>
    </p>
   </div>
   <div class='ocr_carea' id='block_1_105' title="bbox 2782 4531 3810 4601">
    <p class='ocr_par' dir='ltr' id='par_1_105' title="bbox 2782 4531 3810 4601">
     <span class='ocr_line' id='line_1_105' title="bbox 2782 4531 3810 4601; baseline 0.002 -15"><span class='ocrx_word' id='word_1_799' title='bbox 2782 4572 2795 4600; x_wconf 95' lang='lat'>,</span> <span class='ocrx_word' id='word_1_800' title='bbox 2825 4547 2997 4601; x_wconf 92' lang='lat' dir='ltr'>quem</span> <span class='ocrx_word' id='word_1_801' title='bbox 3023 4535 3087 4586; x_wconf 89' lang='lat' dir='ltr'>tu</span> <span class='ocrx_word' id='word_1_802' title='bbox 3116 4531 3441 4601; x_wconf 90' lang='lat' dir='ltr'>conjecisti.</span> <span class='ocrx_word' id='word_1_803' title='bbox 3466 4532 3613 4598; x_wconf 91' lang='lat' dir='ltr'>Quin</span> <span class='ocrx_word' id='word_1_804' title='bbox 3633 4533 3810 4589; x_wconf 91' lang='lat' dir='ltr'>etiam</span> 
     </span>
    </p>
   </div>
   <div class='ocr_carea' id='block_1_106' title="bbox 2157 4619 3808 4693">
    <p class='ocr_par' dir='ltr' id='par_1_106' title="bbox 2157 4619 3808 4693">
     <span class='ocr_line' id='line_1_106' title="bbox 2157 4619 3808 4693; baseline 0.001 -17"><span class='ocrx_word' id='word_1_805' title='bbox 2157 4622 2370 4693; x_wconf 90' lang='lat' dir='ltr'>inquit,</span> <span class='ocrx_word' id='word_1_806' title='bbox 2396 4637 2529 4677; x_wconf 91' lang='lat' dir='ltr'>cum</span> <span class='ocrx_word' id='word_1_807' title='bbox 2548 4624 2607 4676; x_wconf 92' lang='lat' dir='ltr'>tu</span> <span class='ocrx_word' id='word_1_808' title='bbox 2632 4619 2949 4691; x_wconf 89' lang='lat' dir='ltr'>aliquando</span> <span class='ocrx_word' id='word_1_809' title='bbox 2966 4626 3138 4676; x_wconf 92' lang='lat' dir='ltr'>noctu</span> <span class='ocrx_word' id='word_1_810' title='bbox 3156 4621 3221 4675; x_wconf 89' lang='lat' dir='ltr'>ad</span> <span class='ocrx_word' id='word_1_811' title='bbox 3243 4621 3501 4692; x_wconf 90' lang='lat' dir='ltr'>primum</span> <span class='ocrx_word' id='word_1_812' title='bbox 3516 4622 3711 4677; x_wconf 90' lang='lat' dir='ltr'>vicum</span> <span class='ocrx_word' id='word_1_813' title='bbox 3737 4624 3808 4678; x_wconf 91' lang='lat' dir='ltr'>ad</span> 
     </span>
    </p>
   </div>
   <div class='ocr_carea' id='block_1_107' title="bbox 2158 4709 3809 4783">
    <p class='ocr_par' dir='ltr' id='par_1_107' title="bbox 2158 4709 3809 4783">
     <span class='ocr_line' id='line_1_107' title="bbox 2158 4709 3809 4783; baseline 0.001 -17"><span class='ocrx_word' id='word_1_814' title='bbox 2158 4710 2467 4766; x_wconf 86' lang='lat' dir='ltr'>seditiosos</span> <span class='ocrx_word' id='word_1_815' title='bbox 2491 4726 2590 4765; x_wconf 91' lang='lat' dir='ltr'>eos</span> <span class='ocrx_word' id='word_1_816' title='bbox 2628 4709 2908 4765; x_wconf 90' lang='lat' dir='ltr'>docturus</span> <span class='ocrx_word' id='word_1_817' title='bbox 2941 4710 3153 4777; x_wconf 92' lang='lat' dir='ltr'>abires,</span> <span class='ocrx_word' id='word_1_818' title='bbox 3187 4714 3243 4765; x_wconf 89' lang='lat' dir='ltr'>et</span> <span class='ocrx_word' id='word_1_819' title='bbox 3274 4715 3336 4765; x_wconf 89' lang='lat' dir='ltr'>ut</span> <span class='ocrx_word' id='word_1_820' title='bbox 3365 4727 3471 4783; x_wconf 88' lang='lat' dir='ltr'>ego</span> <span class='ocrx_word' id='word_1_821' title='bbox 3503 4712 3707 4781; x_wconf 90' lang='lat' dir='ltr'>majori</span> <span class='ocrx_word' id='word_1_822' title='bbox 3742 4730 3809 4767; x_wconf 89' lang='lat' dir='ltr'>ac</span> 
     </span>
    </p>
   </div>
   <div class='ocr_carea' id='block_1_108' title="bbox 2157 4799 3807 4868">
    <p class='ocr_par' dir='ltr' id='par_1_108' title="bbox 2157 4799 3807 4868">
     <span class='ocr_line' id='line_1_108' title="bbox 2157 4799 3807 4868; baseline 0.001 -14"><span class='ocrx_word' id='word_1_823' title='bbox 2157 4799 2577 4855; x_wconf 89' lang='lat' dir='ltr'>vehementiori</span> <span class='ocrx_word' id='word_1_824' title='bbox 2612 4799 2763 4855; x_wconf 72' lang='lat'>842</span> <span class='ocrx_word' id='word_1_825' title='bbox 2790 4799 2985 4855; x_wconf 91' lang='lat' dir='ltr'>studio</span> <span class='ocrx_word' id='word_1_826' title='bbox 3016 4799 3130 4855; x_wconf 90' lang='lat' dir='ltr'>Deo</span> <span class='ocrx_word' id='word_1_827' title='bbox 3162 4800 3427 4856; x_wconf 73' lang='lat' dir='ltr'>offerrem</span> <span class='ocrx_word' id='word_1_828' title='bbox 3461 4802 3807 4868; x_wconf 88' lang='lat' dir='ltr'>orationem,</span> 
     </span>
    </p>
   </div>
   <div class='ocr_carea' id='block_1_109' title="bbox 2157 4888 3805 4963">
    <p class='ocr_par' dir='ltr' id='par_1_109' title="bbox 2157 4888 3805 4963">
     <span class='ocr_line' id='line_1_109' title="bbox 2157 4888 3805 4963; baseline 0.001 -20"><span class='ocrx_word' id='word_1_829' title='bbox 2157 4890 2521 4957; x_wconf 86' lang='lat' dir='ltr'>mandasses,</span> <span class='ocrx_word' id='word_1_830' title='bbox 2554 4892 2674 4945; x_wconf 89' lang='lat' dir='ltr'>tota</span> <span class='ocrx_word' id='word_1_831' title='bbox 2706 4893 2873 4945; x_wconf 89' lang='lat' dir='ltr'>nocte</span> <span class='ocrx_word' id='word_1_832' title='bbox 2924 4888 3162 4960; x_wconf 88' lang='lat' dir='ltr'>vigilavi</span> <span class='ocrx_word' id='word_1_833' title='bbox 3222 4905 3434 4963; x_wconf 88' lang='lat' dir='ltr'>rogans</span> <span class='ocrx_word' id='word_1_834' title='bbox 3466 4890 3805 4945; x_wconf 90' lang='lat' dir='ltr'>Dominum.</span> 
     </span>
    </p>
   </div>
   <div class='ocr_carea' id='block_1_110' title="bbox 2156 4985 3809 5056">
    <p class='ocr_par' dir='ltr' id='par_1_110' title="bbox 2156 4985 3809 5056">
     <span class='ocr_line' id='line_1_110' title="bbox 2156 4985 3809 5056; baseline 0.001 -14"><span class='ocrx_word' id='word_1_835' title='bbox 2156 4986 2376 5042; x_wconf 88' lang='lat' dir='ltr'>Deinde</span> <span class='ocrx_word' id='word_1_836' title='bbox 2398 4985 2591 5042; x_wconf 90' lang='lat' dir='ltr'>audivi</span> <span class='ocrx_word' id='word_1_837' title='bbox 2613 5001 2810 5041; x_wconf 89' lang='lat' dir='ltr'>vocem</span> <span class='ocrx_word' id='word_1_838' title='bbox 2840 4985 3130 5042; x_wconf 90' lang='lat' dir='ltr'>dicentem</span> <span class='ocrx_word' id='word_1_839' title='bbox 3156 5003 3167 5041; x_wconf 92' lang='lat'><strong>:</strong></span> <span class='ocrx_word' id='word_1_840' title='bbox 3203 4985 3283 5043; x_wconf 92' lang='lat' dir='ltr'>Ne</span> <span class='ocrx_word' id='word_1_841' title='bbox 3314 4987 3544 5056; x_wconf 90' lang='lat' dir='ltr'>timeas,</span> <span class='ocrx_word' id='word_1_842' title='bbox 3574 5004 3606 5044; x_wconf 91' lang='grc' dir='ltr'>ο</span> <span class='ocrx_word' id='word_1_843' title='bbox 3635 4992 3809 5044; x_wconf 87' lang='lat' dir='ltr'>Jaco-</span> 
     </span>
    </p>
   </div>
   <div class='ocr_carea' id='block_1_111' title="bbox 2158 5074 3811 5147">
    <p class='ocr_par' dir='ltr' id='par_1_111' title="bbox 2158 5074 3811 5147">
     <span class='ocr_line' id='line_1_111' title="bbox 2158 5074 3811 5147; baseline 0.002 -17"><span class='ocrx_word' id='word_1_844' title='bbox 2158 5076 2248 5142; x_wconf 89' lang='lat' dir='ltr'>be;</span> <span class='ocrx_word' id='word_1_845' title='bbox 2283 5092 2530 5145; x_wconf 90' lang='lat' dir='ltr'>magnus</span> <span class='ocrx_word' id='word_1_846' title='bbox 2562 5074 2719 5130; x_wconf 90' lang='lat' dir='ltr'>enim</span> <span class='ocrx_word' id='word_1_847' title='bbox 2750 5074 3008 5130; x_wconf 89' lang='lat' dir='ltr'>Joannes</span> <span class='ocrx_word' id='word_1_848' title='bbox 3038 5074 3301 5147; x_wconf 88' lang='lat' dir='ltr'>Baptista</span> <span class='ocrx_word' id='word_1_849' title='bbox 3331 5080 3453 5132; x_wconf 89' lang='lat' dir='ltr'>tota</span> <span class='ocrx_word' id='word_1_850' title='bbox 3484 5082 3650 5133; x_wconf 88' lang='lat' dir='ltr'>nocte</span> <span class='ocrx_word' id='word_1_851' title='bbox 3681 5082 3811 5133; x_wconf 90' lang='lat' dir='ltr'>orat</span> 
     </span>
    </p>
   </div>
   <div class='ocr_carea' id='block_1_112' title="bbox 2156 5162 3810 5239">
    <p class='ocr_par' dir='ltr' id='par_1_112' title="bbox 2156 5162 3810 5239">
     <span class='ocr_line' id='line_1_112' title="bbox 2156 5162 3810 5239; baseline 0.002 -21"><span class='ocrx_word' id='word_1_852' title='bbox 2156 5169 2338 5220; x_wconf 87' lang='lat' dir='ltr'>Deum</span> <span class='ocrx_word' id='word_1_853' title='bbox 2356 5162 2969 5220; x_wconf 88' lang='lat' dir='ltr'>universorum.Facta</span> <span class='ocrx_word' id='word_1_854' title='bbox 2984 5163 3135 5219; x_wconf 87' lang='lat' dir='ltr'>enim</span> <span class='ocrx_word' id='word_1_855' title='bbox 3152 5164 3361 5221; x_wconf 74' lang='lat' dir='ltr'>fuisset</span> <span class='ocrx_word' id='word_1_856' title='bbox 3377 5167 3810 5239; x_wconf 75' lang='lat' dir='ltr'>magnacazdes,</span> 
     </span>
    </p>
   </div>
   <div class='ocr_carea' id='block_1_113' title="bbox 2155 5250 3812 5311">
    <p class='ocr_par' dir='ltr' id='par_1_113' title="bbox 2155 5250 3812 5311">
     <span class='ocr_line' id='line_1_113' title="bbox 2155 5250 3812 5311; baseline 0.001 -3"><span class='ocrx_word' id='word_1_857' title='bbox 2155 5252 2269 5308; x_wconf 90' lang='lat' dir='ltr'>nisi</span> <span class='ocrx_word' id='word_1_858' title='bbox 2300 5251 2459 5308; x_wconf 89' lang='lat' dir='ltr'>illius</span> <span class='ocrx_word' id='word_1_859' title='bbox 2490 5250 3011 5308; x_wconf 90' lang='lat' dir='ltr'>intercessionibus</span> <span class='ocrx_word' id='word_1_860' title='bbox 3044 5253 3251 5309; x_wconf 74' lang='lat' dir='ltr'>fuisset</span> <span class='ocrx_word' id='word_1_861' title='bbox 3274 5254 3560 5311; x_wconf 85' lang='lat' dir='ltr'>exstincta</span> <span class='ocrx_word' id='word_1_862' title='bbox 3590 5254 3812 5311; x_wconf 90' lang='lat' dir='ltr'>diaboli</span> 
     </span>
    </p>
   </div>
   <div class='ocr_carea' id='block_1_114' title="bbox 2154 5340 3805 5416">
    <p class='ocr_par' dir='ltr' id='par_1_114' title="bbox 2154 5340 3805 5416">
     <span class='ocr_line' id='line_1_114' title="bbox 2154 5340 3805 5416; baseline 0.002 -19"><span class='ocrx_word' id='word_1_863' title='bbox 2154 5342 2419 5397; x_wconf 89' lang='lat' dir='ltr'>audacia.</span> <span class='ocrx_word' id='word_1_864' title='bbox 2452 5346 2583 5396; x_wconf 69' lang='lat' dir='ltr'>Haec</span> <span class='ocrx_word' id='word_1_865' title='bbox 2611 5356 2747 5396; x_wconf 89' lang='lat' dir='ltr'>cum</span> <span class='ocrx_word' id='word_1_866' title='bbox 2778 5340 2922 5395; x_wconf 92' lang='lat' dir='ltr'>mihi</span> <span class='ocrx_word' id='word_1_867' title='bbox 2958 5347 3276 5411; x_wconf 88' lang='lat' dir='ltr'>narrasset,</span> <span class='ocrx_word' id='word_1_868' title='bbox 3304 5343 3578 5415; x_wconf 73' lang='lat' dir='ltr'>praecepit</span> <span class='ocrx_word' id='word_1_869' title='bbox 3604 5348 3667 5399; x_wconf 91' lang='lat' dir='ltr'>ut</span> <span class='ocrx_word' id='word_1_870' title='bbox 3697 5360 3805 5416; x_wconf 86' lang='lat' dir='ltr'>ego</span> 
     </span>
    </p>
   </div>
   <div class='ocr_carea' id='block_1_115' title="bbox 2154 5433 3805 5509">
    <p class='ocr_par' dir='ltr' id='par_1_115' title="bbox 2154 5433 3805 5509">
     <span class='ocr_line' id='line_1_115' title="bbox 2154 5433 3805 5509; baseline 0.001 -19"><span class='ocrx_word' id='word_1_871' title='bbox 2154 5434 2316 5490; x_wconf 88' lang='lat' dir='ltr'>solus</span> <span class='ocrx_word' id='word_1_872' title='bbox 2349 5434 2583 5502; x_wconf 86' lang='lat' dir='ltr'>scirem,</span> <span class='ocrx_word' id='word_1_873' title='bbox 2612 5438 2669 5489; x_wconf 91' lang='lat' dir='ltr'>et</span> <span class='ocrx_word' id='word_1_874' title='bbox 2700 5449 2770 5488; x_wconf 91' lang='lat' dir='ltr'>ne</span> <span class='ocrx_word' id='word_1_875' title='bbox 2801 5433 2946 5489; x_wconf 89' lang='lat' dir='ltr'>alios</span> <span class='ocrx_word' id='word_1_876' title='bbox 2979 5450 3343 5491; x_wconf 86' lang='lat' dir='ltr'>assumerem</span> <span class='ocrx_word' id='word_1_877' title='bbox 3375 5435 3660 5492; x_wconf 89' lang='lat' dir='ltr'>conscios.</span> <span class='ocrx_word' id='word_1_878' title='bbox 3686 5440 3805 5509; x_wconf 80' lang='lat' dir='ltr'>Ego</span> 
     </span>
    </p>
   </div>
   <div class='ocr_carea' id='block_1_116' title="bbox 2154 5522 3802 5595">
    <p class='ocr_par' dir='ltr' id='par_1_116' title="bbox 2154 5522 3802 5595">
     <span class='ocr_line' id='line_1_116' title="bbox 2154 5522 3802 5595; baseline 0.001 -16"><span class='ocrx_word' id='word_1_879' title='bbox 2154 5528 2348 5579; x_wconf 89' lang='lat' dir='ltr'>autem</span> <span class='ocrx_word' id='word_1_880' title='bbox 2380 5522 2655 5579; x_wconf 91' lang='lat' dir='ltr'>utilitatis</span> <span class='ocrx_word' id='word_1_881' title='bbox 2683 5522 2876 5595; x_wconf 90' lang='lat' dir='ltr'>gratia</span> <span class='ocrx_word' id='word_1_882' title='bbox 2898 5540 3015 5580; x_wconf 91' lang='lat' dir='ltr'>non</span> <span class='ocrx_word' id='word_1_883' title='bbox 3039 5523 3230 5581; x_wconf 89' lang='lat' dir='ltr'>solum</span> <span class='ocrx_word' id='word_1_884' title='bbox 3283 5524 3488 5581; x_wconf 90' lang='lat' dir='ltr'>multis</span> <span class='ocrx_word' id='word_1_885' title='bbox 3546 5526 3802 5595; x_wconf 88' lang='lat' dir='ltr'>narravi,</span> 
     </span>
    </p>
   </div>
   <div class='ocr_carea' id='block_1_117' title="bbox 2154 5610 2996 5683">
    <p class='ocr_par' dir='ltr' id='par_1_117' title="bbox 2154 5610 2996 5683">
     <span class='ocr_line' id='line_1_117' title="bbox 2154 5610 2996 5683; baseline -0.001 -14"><span class='ocrx_word' id='word_1_886' title='bbox 2154 5612 2254 5669; x_wconf 89' lang='lat' dir='ltr'>sed</span> <span class='ocrx_word' id='word_1_887' title='bbox 2285 5611 2461 5667; x_wconf 91' lang='lat' dir='ltr'>etiam</span> <span class='ocrx_word' id='word_1_888' title='bbox 2494 5612 2708 5669; x_wconf 89' lang='lat' dir='ltr'>mando</span> <span class='ocrx_word' id='word_1_889' title='bbox 2739 5610 2996 5683; x_wconf 82' lang='lat' dir='ltr'>scriptis.</span> 
     </span>
    </p>
   </div>
  </div>
