4122 6188
345 347 418 401 89
1487 352 1965 417 PHILOTHEUS,
2007 366 2012 401 ε

2129 366 2131 399 :
2171 350 2641 404 THEOPHILES.
3691 345 3763 398 90

422 476 555 530 Jam
586 490 724 529 vero
757 490 790 529 a
810 490 873 530 se
903 491 1132 546 quoque
1165 476 1396 533 diccbat
1425 494 1554 533 esse
1574 478 1761 533 visum
1792 476 2010 547 Joseph
2042 476 2095 541 Α
2126 474 2341 546 aurigas
2373 480 2429 530 et
2451 491 2735 547 equorum
2759 474 3179 529 hinnientium.
3202 480 3291 530 Me
3313 478 3508 529 autem
3534 477 3771 528 contur-

358 564 787 635 patriarcham,
829 564 1019 635 capite
1049 570 1107 619 et
1138 565 1321 621 barba
1368 583 1604 633 canum,
1637 572 1695 622 et
1742 564 1802 621 in
1842 566 2006 622 senio

352 655 558 709 formae
592 652 956 709 emittentem
990 654 1450 726 splendorem,et
1482 656 1540 711 in
1572 656 1807 711 virtutis
1844 656 2007 711 fasti-

350 744 452 814 gio
498 743 763 814 seipsum
814 748 1157 800 sanctorum
1205 750 1527 801 extremum
1579 746 2006 803 nominantem.

353 832 501 887 Nam
534 848 668 887 cum
698 849 825 905 ego,
859 833 1069 905 inquit,
1103 850 1236 890 eum
1271 836 1529 908 primum
1562 837 1815 892 dicerem
1848 852 1914 891 ex
1937 835 2010 892 iis

354 921 461 992 qui
495 926 637 976 sunt
666 922 933 992 ejusdem
967 940 1101 979 cum
1134 926 1262 997 ipso
1296 925 1487 982 feretri
1522 926 1855 998 participes,
1884 927 2011 998 ipse

356 1011 622 1080 seipsum
653 1011 996 1068 nominabat
1020 1013 1315 1071 ultimum.

427 1099 573 1155 Mihi
607 1104 802 1155 autem
832 1102 1091 1157 narravit
1121 1102 1297 1158 etiam
1348 1104 1542 1162 varios
1569 1110 1625 1160 et
1658 1104 2011 1177 multiplices

357 1190 701 1244 daemonum
733 1189 1014 1260 insultus,
1048 1192 1146 1264 qui
1178 1193 1239 1248 in
1282 1195 1479 1266 ipsum
1513 1195 1644 1250 facti
1677 1202 1835 1251 sunt.
1867 1200 2011 1253 Cum

355 1278 622 1351 primum
658 1278 839 1346 enim,
868 1280 1079 1351 aiebat,
1114 1281 1224 1337 hoc
1252 1283 1384 1340 vita
1407 1300 1592 1355 genus
1619 1302 1749 1341 sum
1784 1286 2011 1357 ingres-

356 1385 487 1438 sus,
520 1367 685 1424 visus
715 1375 805 1424 est
835 1369 980 1424 mihi
1014 1370 1255 1441 quidam
1291 1375 1489 1429 nudus
1532 1374 1719 1429 forma
1750 1374 2013 1447 Ethiops

357 1459 560 1529 ignem
594 1473 662 1512 ex
694 1457 881 1514 oculis
910 1459 1187 1516 emittens
1214 1477 1226 1527 ;
1260 1478 1362 1532 ego
1394 1466 1587 1518 autem
1619 1480 1752 1519 cum
1773 1480 1907 1518 eum
1927 1464 2013 1517 vi-

357 1547 585 1611 derem,
618 1550 678 1601 et
700 1550 910 1603 timore
931 1564 1064 1603 sum
1090 1549 1354 1620 affectus,
1380 1554 1436 1606 et
1454 1552 1522 1606 ad
1554 1568 1755 1623 preces
1777 1568 2015 1607 conver-

356 1652 487 1701 sus,
521 1651 631 1690 nec
663 1636 721 1691 in
744 1637 1010 1692 animum
1036 1639 1311 1695 inducere
1335 1640 1495 1712 potui
1522 1646 1585 1696 ut
1601 1641 1796 1697 cibum
1820 1658 2015 1697 sumc-

358 1740 506 1791 rem,
542 1723 641 1779 illo
660 1725 817 1780 enim
842 1731 1105 1799 tempore
1128 1728 1273 1783 mihi
1296 1732 1634 1801 apparebat.
1660 1735 1799 1786 Cum
1819 1736 2013 1787 autem

355 1819 587 1885 septem
624 1818 681 1869 et
711 1819 841 1871 octo
863 1820 921 1872 et
950 1817 1149 1873 decem
1182 1818 1306 1874 dies
1352 1820 1749 1888 transiissent,
1783 1826 1837 1876 et
1858 1822 2018 1893 jeju-
2050 1856 2096 1921 Β

362 1919 479 1957 nus
511 1919 946 1974 permanerem,
975 1907 1212 1963 tandem
1264 1908 1599 1980 improbum
1632 1909 1797 1965 illum
1830 1910 2020 1966 insul—

365 1997 497 2047 tum
530 1997 942 2061 contemnens,
975 1996 1099 2050 sedi
1121 2002 1179 2051 et
1200 1998 1394 2053 cibum
1419 2000 1668 2070 sumpsi.
1691 1999 1789 2054 Ille
1821 2006 2019 2055 autem

368 2096 507 2135 cum
544 2082 696 2135 hanc
723 2097 912 2136 meam
940 2100 1054 2139 non
1074 2084 1307 2141 tulisset
1326 2086 1504 2142 animi
1528 2088 2019 2159 magnitudinem,

370 2170 638 2225 minatus
668 2174 759 2225 est
787 2188 849 2227 se
880 2172 1039 2244 virga
1072 2189 1513 2244 percussurum.
1546 2178 1665 2248 Ego
1688 2183 1905 2244 autem,
1937 2178 2022 2233 in-

370 2259 525 2330 quit,
558 2259 676 2313 dixi
705 2260 799 2314 :Si
822 2260 926 2316 tibi
950 2262 1186 2333 quidem
1212 2268 1301 2319 est
1325 2266 1679 2336 permissum
1704 2285 1735 2322 a
1760 2271 1871 2322 Deo
1897 2268 2022 2323 uni-

368 2365 700 2415 versorum,
733 2355 991 2421 percute,
1031 2357 1087 2407 et
1117 2352 1349 2424 plagam
1400 2354 1669 2411 lubenter
1712 2357 2017 2429 accipiam,

370 2442 436 2493 ut
466 2438 570 2509 qui
604 2438 676 2493 ab
710 2438 815 2494 illo
838 2440 1049 2509 feriar;
1084 2443 1184 2497 sed
1209 2444 1258 2498 si
1292 2460 1403 2498 non
1437 2445 1514 2499 sit
1537 2445 1638 2500 tibi
1664 2447 2015 2517 permissum

368 2544 486 2581 non
507 2528 798 2598 percutias
817 2528 952 2584 licet
975 2530 1185 2586 millies
1207 2532 1599 2598 insanias,llis
1631 2536 1847 2591 auditis
1878 2541 2019 2593 tunc

364 2616 595 2688 effugit.

438 2706 551 2760 Sed
578 2722 669 2761 me
690 2724 899 2763 rursus
920 2708 1252 2767 clanculum
1274 2718 1554 2784 perpetua
1576 2714 1869 2769 afﬁciebat
1893 2731 2017 2770 mo-

366 2794 565 2851 lestia.
596 2795 744 2851 Nam
768 2813 982 2868 aquam
1011 2815 1138 2869 quas
1163 2801 1303 2855 mihi
1336 2802 1427 2857 bis
1449 2802 1509 2857 in
1534 2803 1900 2859 hebdomada
1926 2804 2019 2858 in-

365 2885 531 2939 ferne
547 2886 914 2953 aﬂerebatur,
929 2888 978 2944 ei
997 2889 1096 2960 qui
1121 2890 1400 2947 afferebat
1413 2908 1743 2961 occurrens,
1759 2902 1805 2949 el
1824 2910 2015 2949 meam

364 2975 619 3029 formam
659 2976 900 3033 imitans
933 2978 1292 3050 accipiebat;
1326 2985 1383 3035 et
1422 2981 1588 3037 illum
1610 2983 1831 3053 jubens
1862 3000 2015 3039 rece-

362 3064 528 3132 dere,
549 3063 835 3120 ﬂuentum
857 3066 1213 3124 effundebat.
1230 3069 1406 3141 quue
1420 3087 1552 3125 cum
1569 3088 1675 3127 nos
1690 3071 1881 3127 solum
1900 3070 2012 3140 bis,

359 3151 466 3205 sed
484 3151 661 3206 etiam
682 3156 771 3208 ter
794 3154 1148 3222 fecisset,me
1166 3156 1296 3214 sitis
1328 3160 1700 3231 perpessione
1714 3160 1901 3217 valide
1914 3178 2013 3232 op-

362 3241 675 3311 pugnavit.
723 3243 868 3299 Cum
930 3259 1068 3317 ergo
1108 3245 1275 3301 valde
1322 3221 1586 3320 angerer,
1635 3250 1832 3321 rogavi
1880 3221 2014 3306 eum
2048 3221 2090 3287 Ο

362 3329 467 3399 qui
504 3329 817 3387 solebatad
836 3348 926 3388 me
942 3334 1147 3390 afferre
1177 3337 1411 3407 curjam
1436 3338 1773 3409 quindecim
1807 3340 2015 3395 diebus

360 3419 435 3474 ad
470 3435 564 3474 me
591 3437 808 3490 aquam
834 3439 946 3478 non
984 3424 1315 3481 attulisset:
1339 3427 1390 3481 is
1420 3427 1567 3482 dixit
1596 3444 1659 3483 se
1694 3429 1820 3499 jam
1847 3434 1933 3484 ter
1960 3434 2017 3485 et

361 3513 575 3578 quater
606 3510 897 3583 attulisse,
930 3517 988 3567 et
1038 3530 1131 3570 me
1171 3516 1482 3587 accepisse.
1516 3518 1585 3572 Et
1636 3517 1734 3573 ubi
1770 3517 2014 3589 inquam

360 3613 492 3667 ego,
515 3614 549 3653 a
577 3604 634 3654 te
653 3616 779 3655 eam
804 3600 1081 3658 afferente
1115 3604 1359 3676 accepi?
1383 3605 1479 3661 Ille
1498 3604 1693 3662 locum
1736 3607 2013 3663 ostendit.

361 3686 481 3742 Etsi
521 3686 759 3754 millies,
784 3689 1026 3762 inquam
1067 3708 1191 3762 ego,
1215 3709 1306 3748 me
1354 3692 1491 3749 illuc
1522 3695 1893 3750 accedentem
1926 3695 2015 3749 vi-

359 3774 581 3845 eris,ne
610 3793 713 3832 vas
743 3778 977 3835 dederis
1006 3780 1186 3836 donec
1213 3783 1283 3837 ad
1319 3783 1473 3838 hunc
1504 3782 1694 3839 locum
1725 3782 1975 3839 veneris.

434 3865 531 3920 Sic
563 3882 696 3921 cum
734 3867 819 3923 hae
842 3885 1076 3941 quoque
1099 3871 1228 3941 ejus
1248 3877 1457 3942 apertm
1487 3881 1541 3927 et
1564 3872 1739 3928 irrita;
1764 3873 2017 3928 fuissent

362 3954 616 4021 insidiae,
638 3955 784 4011 alias
800 3974 1008 4014 rursus
1030 3964 1119 4014 est
1133 3976 1469 4031 aggressus.
1493 3961 1816 4018 Dixilenim
1841 3966 2015 4017 noctu

361 4043 693 4100 vociferans
720 4061 734 4101 ε
759 4046 837 4102 Te
869 4051 990 4102 tam
1015 4052 1160 4104 tetro
1185 4049 1439 4121 implebo
1461 4051 1659 4117 odore,
1682 4050 1864 4120 ettibi
1889 4055 2017 4106 tan-

360 4138 488 4188 tam
510 4133 744 4189 inuram
765 4135 1165 4205 infamiam,ut
1182 4154 1353 4193 nemo
1373 4143 1428 4194 te
1453 4138 1571 4194 ulla
1593 4155 1660 4195 ex
1681 4143 1843 4210 parte
1865 4140 2019 4211 aspi-

360 4223 504 4277 ciat.
540 4223 659 4295 Ego
702 4228 921 4295 autem,
953 4225 1168 4299 inquit,
1202 4227 1272 4282 ad
1324 4228 1444 4283 haec
1477 4229 1753 4300 respondi
1782 4245 1795 4285 :
1829 4230 2013 4300 Agam

359 4310 470 4365 tibi
498 4312 745 4382 gratias.
779 4315 1005 4371 Invitus
1034 4315 1187 4371 enim
1211 4321 1378 4371 tuum
1404 4317 1710 4373 inimicum
1736 4318 2014 4375 beneficio

359 4401 685 4470 afficies,ut
713 4402 812 4474 qui
837 4403 1054 4459 efﬁcias
1082 4408 1149 4461 ut
1175 4407 1362 4477 magis
1392 4423 1589 4462 verser
1611 4408 1666 4462 in
1691 4407 1791 4463 Dei
1824 4424 2012 4464 recor-

358 4490 623 4545 datione.
645 4490 789 4546 Nam
822 4508 936 4563 quo
961 4493 1105 4549 mihi
1129 4494 1260 4566 plus
1289 4501 1377 4551 est
1399 4495 1594 4559 otii,eo
1624 4496 1812 4567 magis
1840 4513 2015 4553 occu-

2116 564 2271 619 bavit
2290 564 2368 619 rei
2389 566 2613 620 novitas
2641 582 2653 631 ;
2683 564 3007 637 cogitabam
3030 563 3185 618 enim
3203 564 3357 633 quod
3379 578 3485 617 nec
3500 561 3774 634 princeps

2117 658 2259 708 tunc
2280 660 2437 709 esset
2460 655 2515 709 in
2540 654 2792 721 civitate,
2824 670 2927 709 nec
2951 669 3018 707 ea
3044 657 3197 708 esset
3226 650 3320 705 via
3343 650 3770 717 vehiculorum,

2116 759 2222 797 nec
2245 747 2483 816 tempus
2506 749 2709 815 aptum
2743 742 3050 798 vehiculis.
3076 742 3205 796 Haec
3229 745 3422 795 autem
3449 756 3579 795 cum
3613 740 3767 810 apud

2118 848 2210 889 me
2233 832 2946 905 reputarem,audiebatur
2976 832 3218 903 quidam
3252 830 3534 899 strepitus
3557 844 3771 899 appro-

2121 923 2462 997 pinquantis
2486 922 2906 985 multitudinis,
2927 926 2984 977 et
3004 920 3335 976 clamabant
3357 918 3597 989 quidam
3622 935 3772 989 prae-

2120 1014 2392 1069 cedentes
2416 1010 2667 1080 lictores,
2692 1011 2989 1080 sibilantc,
3009 1014 3065 1065 et
3088 1010 3157 1064 de
3176 1007 3370 1064 medio
3395 1007 3628 1061 turbam
3652 1006 3772 1061 exi-

2120 1107 2347 1176 gentes,
2374 1106 2429 1157 et
2461 1102 2511 1157 ei
2541 1102 2639 1173 qui
2674 1104 2918 1172 praeerat
2944 1100 3097 1155 viam
3135 1103 3433 1170 parantes.
3458 1097 3774 1167 Postquam

2120 1198 2315 1249 autem
2358 1191 2504 1247 mihi
2536 1190 2645 1246 visi
2688 1194 2827 1246 sunt
2872 1189 3039 1246 valde
3100 1187 3593 1261 appropinquare,
3628 1184 3771 1253 dixi,

2121 1283 2352 1339 aiebat:
2378 1281 2661 1347 Quisnam
2681 1297 2765 1348 es,
2792 1284 2849 1335 et
2874 1280 3029 1335 unde
3052 1278 3214 1333 venis
3240 1277 3266 1331 ‘I
3285 1280 3342 1331 et
3364 1293 3481 1347 quo
3504 1292 3652 1346 opus
3676 1274 3774 1329 ba-

2121 1373 2265 1427 bens
2299 1371 2509 1426 venisti
2542 1370 2653 1425 hoc
2684 1374 2945 1441 tempore
2970 1369 2991 1423 ?
3012 1370 3329 1438 Quousque
3358 1364 3708 1431 ludificaris,
3742 1380 3773 1417 ο

2122 1460 2342 1529 infelix,
2375 1464 2432 1515 et
2463 1460 2722 1514 divinam
2756 1459 3083 1515 contemnis
3114 1454 3502 1528 patientiam?
3534 1454 3650 1509 Hoc
3669 1469 3776 1525 ego

2126 1550 2363 1621 quidem
2413 1548 2701 1615 dicebam,
2736 1564 3049 1604 conversus
3091 1547 3161 1601 ad
3197 1545 3513 1613 Orientem,
3556 1547 3615 1597 et
3659 1543 3777 1598 Deo

2123 1656 2324 1711 preces
2355 1639 2628 1695 offerens.
2666 1638 2767 1693 Ille
2799 1642 2994 1694 autem
3020 1635 3197 1692 trusit
3227 1635 3489 1706 quidem,
3523 1634 3625 1688 sed
3657 1649 3773 1687 non

2125 1729 2313 1801 potuit
2344 1729 2615 1799 dejicere,
2647 1728 2959 1783 resistebat
2991 1726 3148 1782 enim
3167 1726 3364 1780 divina
3394 1722 3579 1796 gratia
3601 1728 3656 1777 et
3678 1738 3776 1777 ex-

2125 1817 2346 1890 templo
2376 1818 2577 1873 omnia
2609 1817 2709 1872 illa
2734 1818 3117 1873 evanuerunt.

2203 1934 2443 1989 Dicebat
2474 1941 2667 1989 autem
2704 1949 2765 1987 se
2795 1932 2972 1988 etiam
3003 1935 3265 2002 tempore
3318 1926 3780 2000 perniciosorum

2131 2022 2363 2079 illorum
2394 2022 2716 2093 latronum,
2738 2022 2972 2093 quando
2988 2038 3055 2076 ex
3072 2019 3297 2075 Isauria
3313 2018 3578 2089 profecti,
3605 2017 3784 2071 maxi-

2133 2129 2289 2167 mam
2310 2117 2534 2184 partem
2555 2111 2809 2167 Orientis
2824 2115 3082 2177 urentes,
3100 2108 3324 2179 praedas
3343 2114 3606 2178 egerunt,
3623 2104 3787 2160 valde

2130 2203 2501 2272 extimuisse,
2527 2218 2640 2257 non
2661 2218 2733 2257 ne
2755 2201 3119 2256 occideretur
3141 2199 3353 2269 (neque
3376 2196 3531 2251 enim
3556 2195 3784 2250 teneba-

2130 2296 2406 2347 turtanto
2424 2289 2940 2362 amorecorporis),
2968 2289 3066 2343 sed
3096 2304 3166 2342 ne
3193 2292 3497 2358 raperetur
3518 2287 3575 2339 in
3600 2282 3782 2340 servi-

2131 2388 2316 2438 tutem
2350 2388 2407 2437 et
2440 2382 2704 2452 captivus
2721 2381 2902 2445 fieret,
2933 2373 3780 2448 impietatisquectiniquitatis

2131 2472 2353 2527 videret
2401 2469 2827 2542 spectaculum.
2862 2468 3028 2523 Hunc
3079 2474 3299 2522 metum
3332 2482 3464 2519 cum
3498 2464 3783 2520 sensisset

2131 2561 2402 2616 diabolus
2432 2562 2606 2632 (saepe
2638 2562 2793 2615 enim
2825 2559 3148 2622 audiverat,
3178 2572 3311 2611 cum
3344 2557 3455 2610 hoc
3481 2555 3634 2610 notis
3657 2553 3781 2608 suis

2133 2652 2427 2722 aperiret),
2463 2651 2731 2706 imitatur
2762 2654 2936 2704 noctu
2970 2647 3258 2703 ululatum
3293 2645 3631 2701 mulierum.
3672 2648 3785 2715 Ego

2128 2745 2353 2805 autem,
2376 2739 2588 2810 inquit,
2612 2738 2854 2794 videbar
2875 2738 3078 2792 audire
3100 2735 3253 2806 quod
3281 2733 3783 2798 venirenthostes,

2127 2833 2185 2882 et
2214 2829 2367 2898 quod
2392 2828 2533 2883 vicis
2558 2828 2750 2900 ignem
2776 2827 3107 2897 injicerent.
3131 2824 3339 2879 Statim
3364 2839 3500 2893 ergo
3523 2839 3657 2877 cum
3683 2839 3780 2877 ca-

2128 2917 2298 2989 pillos
2320 2917 2379 2971 in
2406 2922 2599 2989 partes
2619 2914 3314 2980 843discriminassem,
3339 2913 3617 2982 etpartim
3644 2910 3779 2983 qui-

2126 3009 2298 3062 dema
2319 3006 2781 3077 dextris,partim
2795 3021 2926 3060 vero
2942 3022 2974 3059 a
2995 3003 3253 3060 sinistris
3270 3004 3339 3058 ad
3367 3006 3570 3072 pectus
3588 3010 3780 3056 trans-

2126 3095 2420 3160 tulissem,
2456 3095 2733 3167 parabam
2769 3094 2987 3151 collum
3029 3099 3093 3147 ut
3123 3093 3178 3147 id
3232 3092 3391 3147 ensis
3444 3094 3780 3161 amputaret

2126 3185 2377 3253 facilius,
2411 3190 2466 3240 et
2499 3185 2655 3240 brevi
2679 3184 2853 3255 plaga
2884 3186 3141 3253 accepta,
3166 3181 3237 3235 ab
3262 3180 3359 3235 illo
3384 3180 3779 3234 abominando

2131 3271 2411 3328 liberarer
2454 3271 2810 3343 spectaculo.
2842 3273 2986 3327 Cum
3020 3271 3103 3325 sic
3138 3273 3320 3324 totam
3355 3267 3514 3322 illam
3550 3271 3777 3321 noctem

2133 3361 2550 3432 transegissem
2566 3365 2620 3415 et
2634 3357 3276 3415 assidueincursionem
3292 3355 3524 3410 illorum
3542 3370 3778 3426 exspec-

2132 3455 2477 3516 tarem,cum
2506 3449 2713 3505 fuisset
2734 3450 2946 3517 dies,et
2976 3447 3213 3519 quidam
3238 3445 3557 3511 venissent,
3584 3445 3778 3515 rogavi

2133 3538 2416 3612 quidnam
2451 3539 2748 3595 audiisent
2776 3539 2847 3594 de
2880 3536 3121 3593 Isauris.
3156 3534 3245 3591 Illi
3278 3538 3472 3590 autem
3506 3533 3780 3588 dixerunt

2132 3644 2194 3685 se
2219 3627 2365 3683 nihil
2389 3644 2563 3684 nosse
2587 3627 2703 3683 illis
2728 3627 2972 3694 diebus;
2999 3624 3154 3682 etsic
3178 3622 3634 3696 agnovi,inquit,
3651 3622 3775 3677 dia-

2130 3716 2380 3773 bolicam
2411 3733 2644 3790 quoque
2665 3715 2827 3771 illam
2860 3714 3044 3771 fuisse
3075 3713 3381 3769 visionem.

2200 3844 2528 3916 Aliquando
2551 3850 2748 3900 autem
2764 3842 3129 3900 assimilatus
3142 3841 3331 3897 vivido
3348 3844 3405 3896 et
3418 3843 3617 3911 vegeto
3636 3838 3776 3894 ado-

2127 3932 2392 4001 lescenti,
2426 3935 2617 4005 specie
2631 3935 2863 4001 decoro,
2895 3937 2951 3988 et
2973 3931 3120 3987 ﬂava
3148 3947 3316 3986 coma
3338 3934 3561 3993 ornato,
3588 3928 3656 3983 ad
3686 3943 3779 3982 me

2130 4023 2441 4079 accedebat
2461 4022 2775 4078 subridens
2798 4020 2975 4077 simul
3000 4025 3054 4077 et
3076 4019 3308 4075 ludens.
3334 4020 3449 4089 Ego
3473 4023 3667 4072 autem
3690 4017 3778 4071 in-

2130 4112 2277 4183 quit,
2293 4112 2673 4182 iraarmatus,
2690 4110 2989 4182 ejiciebam
3007 4111 3304 4164 insectans
3320 4104 3783 4162 maledictis.llle

2131 4206 2327 4256 autem
2360 4202 2763 4272 permanebat,
2798 4203 3037 4271 aspectu
3070 4196 3419 4261 meretricio,
3452 4194 3693 4265 risuque
3724 4198 3783 4248 et

2129 4307 2397 4347 sermone
2428 4292 2500 4346 ad
2524 4291 2885 4363 voluptatem
2905 4288 3187 4343 alliciens.
3206 4286 3368 4341 Tunc
3398 4300 3532 4355 ergo
3554 4285 3776 4353 majore

2127 4380 2215 4434 ira
2246 4379 2537 4451 percitus:
2572 4378 3143 4447 Quomodo,inquam
3175 4380 3341 4447 potes
3364 4378 3542 4428 totam
3560 4377 3784 4427 terram

2128 4468 2311 4537 obire,
2345 4473 2401 4524 et
2426 4468 2702 4525 omnibus
2726 4467 2874 4523 tales
2918 4481 3121 4537 parare
3153 4462 3444 4519 insidias?
3476 4462 3530 4517 Is
3581 4466 3714 4516 aute
3729 4478 3785 4515 m

360 4597 469 4652 por
506 4580 565 4633 in
601 4549 879 4651 perpetu-0
894 4549 2019 4656 contemplandadivina'pulclciritudine
2050 4586 2095 4650 D
2128 4557 2359 4656 (ﬁcabat
2388 4572 2449 4612 se
2486 4573 2599 4656 9°“
2629 4572 2757 4656 385.9
2786 4556 3001 4623 solum,
3026 4553 3123 4656 Sec}
3157 4553 3493 4656 dmmonuﬁ“
3515 4549 3787 4656 mimum

361 4670 512 4724 Cum
545 4669 745 4741 itaque
773 4672 939 4741 pauci
965 4673 1089 4728 dies
1122 4674 1563 4744 praeteriissent,
1602 4675 1846 4731 meridie
1876 4692 2012 4732 con-

363 4763 601 4815 suetum
636 4775 921 4831 peragens
946 4761 1225 4817 officium.
1261 4763 1454 4829 Video,
1479 4763 1692 4835 inquit,
1715 4764 1863 4821 duas
1886 4782 2013 4821 mu-

363 4847 541 4904 lieres
572 4851 645 4904 de
678 4855 875 4905 monte
921 4850 1367 4909 descendentes.
1406 4853 1524 4925 Ego
1555 4859 1749 4908 autem
1783 4871 1916 4910 cum
1950 4853 2008 4909 id

363 4942 573 5006 prater
588 4940 1080 4996 consuetudinem
1108 4958 1257 5013 aegre
1289 4941 1579 5008 tulissem,
1607 4948 1663 4997 et
1684 4943 2011 5015 easlapidi-

358 5025 472 5082 bus
488 5032 685 5095 pett-re
706 5043 895 5084 essem
912 5031 1490 5100 aggressus,memini
1517 5030 1806 5087 minarum
1833 5033 2009 5088 scele-

357 5114 466 5170 rati
498 5115 808 5185 daemonis,
840 5122 896 5173 et
927 5118 1149 5189 conjeci
1171 5120 1318 5175 hanc
1340 5136 1469 5176 esse
1492 5135 1619 5175 eam
1648 5136 1822 5191 quam
1850 5121 2005 5177 dice-

356 5207 457 5261 bat
482 5204 819 5262 infamiam.
860 5206 988 5262 Dixi
1019 5224 1156 5281 ergo
1188 5225 1397 5281 magna
1429 5226 1565 5265 voce
1596 5211 1749 5282 quod
1778 5212 2007 5267 etiamsi

358 5294 505 5349 meis
538 5294 868 5350 insiderent
898 5295 1181 5363 humeris,
1206 5315 1321 5353 non
1354 5315 1453 5353 eas
1485 5298 1761 5369 impetam
1796 5299 2006 5371 lapidi-

353 5385 489 5451 bus,
516 5399 624 5439 nec
651 5398 992 5455 persequar,
1014 5386 1112 5441 sed
1138 5386 1263 5442 sola
1285 5391 1418 5442 utar
1437 5387 1863 5458 deprecatione.
1888 5390 2005 5461 Ego

354 5473 596 5544 quidem
630 5473 755 5529 hec
783 5474 922 5540 dixi,
948 5474 1063 5529 illa:
1090 5491 1222 5531 vero
1246 5481 1628 5547 evanuerunt,
1651 5481 1707 5532 et
1737 5494 2006 5536 sermone

356 5563 535 5616 finem
568 5563 797 5633 accepit
826 5563 975 5619 visio
1007 5565 1345 5634 spectaculi.

428 5650 567 5706 Post
599 5651 722 5706 haec
748 5668 975 5722 rursus,
1009 5652 1223 5725 inquit,
1257 5658 1430 5711 noctu
1473 5670 1578 5727 ego
1610 5655 1845 5727 quidem
1877 5676 2004 5715 ora-

356 5741 537 5797 bam:
567 5740 869 5798 ferebatur
897 5746 1093 5800 autem
1112 5742 1364 5802 vehiculi
1387 5744 1689 5818 strepitus,
1713 5749 1771 5803 et
1788 5746 2008 5808 clamor

2129 4646 2327 4700 dinem
2361 4662 2464 4717 per
2492 4650 2680 4700 totum
2713 4648 3004 4699 terrarum
3037 4642 3237 4697 orbem
3269 4656 3398 4695 esse
3421 4638 3781 4711 dispersam,

2127 4737 2228 4810 qui
2260 4737 2369 4793 hoc
2401 4738 2572 4793 modo
2596 4735 2775 4792 simul
2807 4742 2863 4791 et
2884 4735 3118 4799 ludunt,
3146 4737 3203 4787 et
3224 4731 3374 4787 serio
3400 4738 3613 4802 agunt;
3638 4729 3736 4784 lud
3755 4747 3786 4785 ο

2125 4826 2307 4895 enim,
2333 4827 2430 4898 qui
2453 4827 2699 4895 videtur,
2726 4820 3181 4894 student,simul
3204 4825 3385 4876 totam
3412 4820 3651 4890 perdere
3670 4819 3783 4873 hu-

2127 4931 2359 4971 manam
2394 4919 2666 4971 naturam
2696 4917 2768 4970 At
2808 4920 2893 4980 tu,
2926 4912 3194 4968 dicebam
3218 4926 3345 4981 ego,
3380 4908 3493 4975 abi,
3542 4907 3783 4963 Christo

2123 5004 2229 5058 tibi
2253 5004 2706 5076 idjubente,qui
2728 5008 2908 5059 totam
2934 5002 3225 5075 legionem
3257 5015 3359 5070 per
3379 5014 3587 5070 porcos
3614 5002 3774 5055 tran-

2122 5093 2319 5148 smisit
2348 5093 2404 5147 in
2434 5094 2812 5165 profundum.
2846 5091 3083 5147 Audivit
3110 5088 3288 5145 simul
3322 5093 3379 5143 et
3426 5088 3615 5158 fugit:
3667 5103 3775 5142 nec

2123 5180 2355 5237 Domini
2389 5182 2802 5255 appellationis
2850 5183 2966 5237 vim
3001 5182 3216 5244 ferens,
3250 5194 3356 5234 nec
3406 5176 3534 5247 ejus
3563 5176 3769 5232 famuli

2121 5268 2505 5342 philosophiae
2540 5272 2687 5325 ferre
2715 5268 2918 5324 valens
2952 5266 3348 5340 splendorem.

2194 5385 2368 5441 Porro
2396 5391 2589 5441 autem
2622 5402 2755 5441 cum
2791 5383 2979 5441 multa
3011 5382 3127 5439 alia
3157 5381 3340 5437 sciam
3385 5394 3512 5450 quae
3544 5377 3768 5450 possim

2118 5491 2377 5544 narrare,
2410 5492 2477 5532 ea
2507 5475 2636 5531 nolo
2659 5475 2938 5541 scribere,
2961 5490 3033 5528 ne
3057 5469 3541 5526 imbecillioribus
3563 5482 3767 5522 eorum

2117 5563 2437 5620 multitudo
2469 5581 2648 5621 causa
2669 5564 2747 5620 sit
2770 5560 3230 5618 incredulitatis.
3263 5558 3409 5614 Nam
3435 5556 3505 5611 iis
3530 5554 3766 5626 quidem

2116 5652 2213 5723 qui
2236 5652 2498 5709 divinum
2522 5657 2772 5711 cernunt
2790 5652 3115 5722 hominem,
3132 5647 3279 5704 nihil
3296 5642 3589 5716 ejusmodi
3611 5642 3768 5712 quod

2117 5741 2338 5799 dicitur
2366 5742 2561 5802 videtu
2583 5799 2621 5826 μ
2639 5738 3003 5811 incredibile,
3022 5752 3154 5794 cum
3187 5750 3255 5793 ea
3278 5749 3404 5806 quae
3426 5729 3656 5787 videtur
3682 5735 3772 5794 vir
