4088 6180
512 352 576 406 9|
1689 355 1782 404 DE
1825 353 2010 404 VlTIS
2051 353 2347 404 PATRUM
2391 351 2600 403 LIBER
2642 352 2735 403 IX.
3851 346 3914 397 9‘3

513 483 610 532 tus
642 477 946 532 confirmet
973 492 1042 531 ea
1062 493 1188 547 quae
1209 478 1504 531 dicuntur.
1531 477 1636 531 Sed
1667 476 1948 547 quoniam
1971 478 2163 530 trans-
2193 491 2246 557 Α
2277 473 2424 545 phiae
2451 476 2855 530 narrationum
2883 476 3144 531 convivio
3169 474 3433 546 excipere
3455 474 3687 545 possint
3707 489 3802 528 eos
3823 473 3917 542 qui

512 567 824 621 mittentur
855 566 926 619 ad
962 571 1236 637 posteros
1269 567 1488 638 scripta
1519 567 1727 620 harum
1763 564 2168 619 narrationum

519 655 683 724 (sunt
716 658 915 708 autem
951 655 1155 710 multis
1188 672 1360 710 aures
1411 655 1600 726 magis
1634 652 1948 707 incredula:
1990 668 2165 723 quam

509 742 688 814 oculi)
743 742 1155 799 imbecillitate
1204 744 1542 799 auditorum
1596 743 1913 798 metiemur
1969 759 2168 796 narra-

513 831 758 887 tionem.

589 921 648 975 Ei
676 937 809 991 ergo
833 920 1309 976 aedificaruntalii
1339 918 2170 992 quoquemaximamzedemin

516 1009 641 1064 vico
677 1010 1027 1081 propinquo,
1055 1027 1178 1080 qua:
1205 1026 1319 1063 non
1351 1009 1534 1063 distat
1557 1008 1752 1063 multis
1777 1007 2003 1062 stadiis.
2029 1006 2170 1061 Con-

516 1099 703 1152 struxi
726 1116 829 1170 ego
846 1115 1077 1168 quoque
1097 1098 1350 1153 loculum
1377 1098 1434 1152 in
1454 1099 1571 1153 aede
1595 1096 2167 1166 victoriainsignium

518 1187 940 1258 apostolorum.
971 1190 1075 1242 Sed
1118 1205 1250 1243 cum
1283 1188 1393 1243 hoc
1427 1187 1764 1242 rescivissst
1789 1185 1875 1240 vir
1906 1186 2165 1253 divinus,

514 1293 666 1347 saepe
689 1293 781 1332 me
799 1277 1022 1348 rogavit
1040 1281 1103 1331 ut
1127 1278 1183 1331 in
1212 1277 1310 1331 illo
1337 1281 1534 1331 monte
1556 1291 1767 1346 corpus
1793 1275 2171 1329 mandaretur

513 1366 854 1437 sepulturae.
902 1369 1018 1437 Ego
1043 1372 1239 1421 autem
1290 1383 1442 1436 saepe
1475 1366 1591 1420 dixi
1617 1366 1777 1436 quod
1804 1381 1916 1420 non
1942 1351 2169 1435 opertet

513 1468 648 1506 eum
678 1453 778 1522 qui
812 1454 986 1507 vitam
1015 1459 1361 1524 praesentem
1390 1471 1503 1510 non
1534 1454 1772 1522 curarit,
1801 1451 2050 1523 sepulcri
2077 1468 2170 1504 cu-

513 1558 638 1596 ram
673 1559 892 1613 gerere.
933 1544 1030 1598 Ubi
1067 1548 1258 1596 autem
1283 1543 1400 1596 vidi
1427 1543 1534 1599 hoc
1557 1544 1605 1598 ei
1629 1558 1758 1597 esse
1780 1541 1960 1608 cordi,
1985 1539 2166 1595 annui

514 1636 570 1686 et
596 1649 728 1685 sum
750 1649 1053 1697 assensus,
1088 1637 1145 1686 et
1171 1631 1274 1687 feci
1300 1637 1364 1686 ut
1385 1632 1753 1687 scinderetur
1775 1648 1909 1686 arca
1933 1635 1992 1685 et
2035 1648 2165 1685 sur-

512 1737 641 1775 sum
668 1722 937 1776 fcrretur.
959 1726 1104 1777 Cum
1133 1725 1326 1776 autem
1343 1721 1601 1775 viderem
1630 1720 1880 1791 lapidem
1901 1734 2166 1792 corumpi

508 1829 539 1864 a
571 1810 801 1881 pruina,
851 1812 1050 1881 rogavi
1086 1816 1149 1865 ut
1184 1811 1402 1866 sineret
1451 1827 1597 1865 arca:
1630 1826 1865 1881 parvam
1901 1810 2024 1864 fieri
2057 1811 2164 1864 do-

511 1899 855 1954 munculam
890 1917 902 1957 :
939 1900 1036 1954 ubi
1089 1909 1283 1955 autem
1312 1900 1515 1970 jussit,
1549 1905 1603 1954 et
1635 1900 1884 1970 perfecto
1922 1898 2163 1954 aedificio

511 1993 732 2044 tectum
757 1989 1161 2061 imposuimus
1187 2008 1198 2044 :
1227 1990 1351 2045 Non
1371 1991 1581 2061 patiar,
1608 1988 1818 2060 inquit,
1847 1988 1952 2042 hoc
1979 1988 2165 2044 vocari

510 2080 850 2150 sepulcrum
876 2079 1074 2135 Jacobi
1097 2097 1117 2141 ;
1136 2080 1235 2135 sed
1261 2078 1386 2134 volo
1414 2079 1565 2134 hanc
1590 2078 1712 2133 fieri
1736 2079 1919 2132 aedem
1946 2082 2164 2149 marty-

512 2185 644 2223 rum
662 2168 900 2224 victoria
916 2169 1237 2241 insignium
1258 2189 1270 2236 ;
1291 2173 1586 2223 meantem
1613 2173 1892 2238 tanquam
1910 2165 2160 2236 aliquem

510 2258 868 2327 inquilinum
885 2259 1021 2330 poni
1041 2259 1098 2313 in
1115 2258 1292 2313 altero
1308 2256 1597 2328 sepulcro,
1623 2257 1799 2326 utqui
1818 2256 2028 2325 dignus
2045 2255 2158 2310 sim

503 2347 742 2402 habitus
773 2352 839 2401 ut
859 2348 1011 2418 apud
1038 2363 1135 2402 eos
1168 2346 1518 2401 habitarem.
1546 2346 1744 2416 Neque
1771 2361 1902 2399 vero
1927 2344 2037 2400 hoc
2061 2361 2156 2399 so-

504 2435 626 2489 lum
664 2435 826 2504 dixit,
861 2437 960 2490 sed
997 2436 1170 2492 etiam
1201 2437 1373 2501 fecit;
1407 2439 1620 2489 etcum
1666 2432 1884 2488 multos
1918 2432 2154 2503 quidem

509 2524 845 2595 prophetas,
873 2524 1090 2580 multos
1122 2529 1316 2579 autem
1339 2522 1658 2594 apostolos,
1684 2522 1939 2576 maxime
1959 2526 2152 2576 autem

511 2612 800 2683 plurimos
832 2618 1116 2686 martyres
1149 2613 1409 2685 undique
1444 2611 1795 2683 collegisset,
1829 2627 1928 2664 eos
1962 2610 2156 2680 posuit

500 2702 556 2755 in
585 2719 701 2757 una
732 2703 1094 2769 arca,volens
1119 2701 1295 2756 simul
1327 2701 1592 2756 habitare
1615 2716 1747 2755 cum
1775 2699 1990 2771 populo
2016 2716 2154 2754 san-

500 2795 751 2858 ctorum,
778 2798 834 2848 et
856 2793 1196 2848 desiderans
1221 2808 1354 2846 cum
1378 2789 1462 2845 eis
1494 2806 1817 2860 resurgere,
1843 2793 1897 2843 et
1920 2788 2149 2860 dignari

499 2880 598 2934 Dei
618 2880 1148 2952 comtemplatione.
1166 2881 1283 2935 Hoc
1298 2883 1489 2934 autem
1506 2879 1724 2934 sufficit
1739 2879 1807 2932 ad
1826 2877 2149 2933 faciendam

502 2970 897 3038 conjecturam
933 2975 1150 3040 quanta
1182 2973 1309 3040 ejus
1341 2973 1496 3024 esset
1525 2968 1833 3022 modestia.
1859 2966 1962 3032 Qui
1989 2967 2146 3021 enim

494 3063 690 3114 tantas
715 3075 855 3130 opes
878 3059 1209 3129 collegerat,
1235 3057 1473 3129 perinde
1498 3074 1561 3112 ac
1577 3057 1624 3112 si
1640 3061 1791 3111 esset
1811 3056 1864 3110 in
1887 3060 2147 3111 extrema

496 3153 866 3220 paupertate,
898 3148 1249 3203 desideravit
1272 3147 1536 3202 habitare
1565 3151 1846 3216 tanquam
1890 3145 2142 3216 peregri-

497 3254 612 3292 nus
636 3239 789 3308 apud
814 3238 1019 3292 divites
1045 3241 1416 3292 mercatores.
1443 3235 1652 3302 Quales
1677 3251 1811 3307 ergo
1831 3234 2144 3289 venerandi

499 3326 644 3380 mihi
674 3327 886 3398 capitis
918 3327 1036 3382 sint
1065 3326 1317 3395 labores,
1351 3331 1409 3381 et
1462 3329 1684 3396 quanta
1713 3324 2053 3388 certamina,
2089 3327 2146 3377 et

493 3420 773 3486 quantam
797 3417 1045 3487 gratiam
1076 3416 1364 3486 acceperit
1390 3414 1694 3479 divinitus,
1719 3417 1776 3468 et
1799 3430 1972 3485 quam
2001 3411 2150 3468 mul-

491 3504 568 3559 tis
601 3505 678 3560 sit
712 3505 970 3560 victoriis
996 3505 1240 3576 potitus,
1275 3508 1330 3560 et
1362 3520 1540 3575 quam
1569 3502 1776 3558 multis
1807 3502 2039 3558 coronis
2063 3519 2149 3557 or-

501 3598 700 3663 natus,
734 3594 857 3649 haec
884 3595 954 3649 ad
988 3594 1414 3648 ostendendum
1449 3591 1778 3647 sufﬁciunt.

561 3683 853 3744 Quoniam
890 3686 1089 3738 autem
1118 3698 1361 3752 asperos
1393 3686 1447 3736 et
1491 3679 1763 3734 difficiles
1795 3679 1924 3750 ejus
1957 3696 2150 3735 mores

489 3771 938 3843 reprehendunt
959 3771 1161 3842 aliqui,
1179 3777 1236 3827 et
1260 3786 1409 3841 aegre
1437 3771 1632 3825 ferunt
1651 3769 1804 3839 quod
1831 3768 2149 3823 solitudine

493 3865 803 3933 tantopere
845 3862 1164 3917 delectetur
1203 3865 1260 3916 et
1305 3859 1502 3932 quiete
1557 3875 1688 3913 cum
1740 3859 1809 3913 de
1848 3873 1913 3914 eo
1967 3874 2152 3929 pauca

493 3951 713 4020 dixero,
749 3951 1051 4023 imponam
1097 3951 1270 4005 finem
1303 3948 1643 4004 narrationi.
1678 3947 2052 4019 Proponitur,
2086 3949 2153 4002 ut

484 4041 610 4112 jam
639 4040 779 4108 dixi,
807 4041 1203 4111 aspectandus
1227 4040 1298 4094 ab
1324 4037 1628 4107 omnibus;
1654 4053 1843 4108 neque
1868 4037 2148 4092 fossacir-

492 4130 1027 4200 cumdatus,neque
1051 4130 1284 4200 tugurio
1306 4127 1500 4198 aliquo
1528 4131 1629 4181 aut
1650 4125 2026 4181 tabernaculo
2049 4130 2128 4181 te-

491 4223 640 4275 ctus.
663 4219 1075 4290 Unusquisque
1095 4223 1289 4273 autem
1314 4234 1381 4272 ex
1411 4217 1483 4272 iis
1516 4215 1617 4286 qui
1639 4215 1945 4283 veniunt,a
1968 4214 2128 4270 nullo

492 4308 747 4363 claustro
768 4308 1123 4379 prohibitus,
1147 4306 1346 4362 statim
1370 4307 1676 4374 accedens,
1699 4321 1902 4374 eaquae
1917 4304 2042 4360 vult
2066 4305 2146 4360 lo-

497 4399 721 4468 quitur.
757 4397 896 4454 Aliis
932 4402 1126 4453 autem
1152 4397 1518 4453 amatoribus
1551 4396 1730 4466 hujus
1759 4394 2147 4468 philosophia)

493 4491 634 4542 sunt
663 4491 717 4542 et
751 4487 918 4542 fossa
943 4492 998 4542 et
1022 4488 1196 4557 fores,
1224 4491 1279 4542 et
1301 4488 1383 4542 eis
1417 4486 1550 4541 licet
1585 4486 1693 4540 frui
1722 4484 1914 4555 quiete
1934 4504 1946 4552 ;
1969 4489 2025 4539 et
2047 4485 2146 4556 qui

2277 563 2568 634 ignorant.
2605 564 2704 620 Ille
2728 568 2922 620 autem
2952 583 2965 619 :
2994 565 3118 620 Non
3144 564 3418 634 alicujus,
3448 563 3665 634 inquit,
3691 561 3918 616 alterius

2275 653 2374 706 sed
2404 669 2531 708 mea
2562 669 2740 708 causa
2761 653 2892 708 veni
2913 654 2971 706 in
2999 657 3280 718 montem,
3315 656 3528 706 etcum
3554 654 3804 706 scateam
3829 650 3918 703 ad-

2276 743 2517 798 modum
2541 743 2748 796 multis
2771 747 3141 813 peccatorum
3169 741 3482 809 ulceribus,
3509 739 3762 810 plurima
3783 756 3921 809 opus

2275 834 2460 889 habeo
2518 832 2818 887 medicina
2847 849 2859 894 ;
2890 835 2948 886 et
2979 847 3045 886 ea
3080 832 3150 887 de
3199 847 3374 885 causa
3424 846 3525 885 oro
3583 829 3920 884 clementem

2277 921 2610 990 Dominum,
2665 925 2730 976 ut
2779 920 2932 976 844
2986 920 3134 975 mihi
3179 920 3437 990 praebeat
3499 919 3919 974 medicamenta

2276 1028 2401 1084 quae
2437 1027 2566 1065 mea
2615 1009 3010 1065 curentvitia.
3063 1011 3362 1075 Quomodo
3395 1024 3532 1079 ergo
3584 1025 3698 1063 non
3750 1009 3920 1062 fuerit

2274 1101 2442 1155 valde
2491 1100 3041 1171 reprehendendum
3095 1107 3146 1154 et
3196 1098 3364 1154 valde
3416 1097 3692 1166 stultum,
3743 1097 3916 1151 inter-

2275 1205 2549 1261 rumpere
2599 1188 2837 1259 quidem
2871 1188 3083 1244 seriem
3117 1187 3426 1256 orationis,
3463 1186 3699 1241 interim
3734 1189 3921 1241 autem

2273 1278 2435 1349 loqui
2460 1294 2591 1334 cum
2618 1277 3072 1333 hominibus?Si
3087 1277 3243 1332 enim
3262 1276 3544 1345 hominis,
3563 1275 3664 1346 qui
3681 1277 3926 1342 estejus-

2273 1368 2404 1422 dem
2437 1368 2608 1438 cujus
2642 1383 2747 1439 ego
2782 1371 3026 1433 naturae,
3060 1381 3251 1422 essem
3303 1365 3589 1434 famulus,
3621 1381 3688 1420 eo
3733 1370 3922 1419 autem

2273 1461 2533 1527 tempore
2549 1473 2663 1527 quo
2678 1460 2765 1512 est
2780 1455 3240 1511 ministrantium
3259 1455 3524 1522 domino,
3541 1453 3841 1509 dimittens
3866 1453 3922 1507 in

2274 1549 2534 1616 tempore
2550 1547 2753 1600 afferre
2779 1545 2976 1600 cibum
2999 1544 3086 1600 vel
3111 1549 3342 1616 potum,
3359 1542 3770 1600 confabularer
3791 1559 3922 1597 cum

2273 1635 2469 1706 aliquo
2497 1652 2564 1691 ex
2581 1635 2901 1704 conservis,
2925 1639 3067 1704 quot
3091 1633 3443 1706 plagasjure
3472 1633 3797 1705 acciperem
3821 1636 3841 1686 Ρ
3861 1633 3919 1687 Si

2272 1730 2467 1781 autem
2488 1742 2617 1780 eum
2644 1726 2818 1779 etiam
2841 1723 3249 1792 accessissem,
3280 1725 3350 1778 ad
3375 1723 3705 1795 prmsidem,
3731 1727 3783 1776 et
3809 1738 3925 1792 qua

2273 1816 2342 1870 ab
2370 1814 2564 1885 aliquo
2596 1813 2820 1869 afﬁcior
2850 1830 3096 1868 narrans
3117 1813 3760 1883 injuriam,sermonem
3787 1811 3926 1882 qui-

2271 1904 2403 1957 dem
2428 1904 2484 1957 in
2508 1903 2696 1958 medio
2725 1903 3239 1973 interrumperem,
3263 1902 3417 1972 apud
3444 1901 3701 1972 aliquem
3726 1904 3920 1955 autem

2270 2007 2335 2046 ex
2371 1992 2757 2062 praesentibus
2787 1990 2985 2062 aliqua
3007 1989 3124 2046 alia
3155 1991 3331 2045 verba
3357 1990 3605 2046 facerem
3630 2008 3644 2058 ;
3680 2006 3794 2044 non
3819 1990 3922 2043 tibi

2267 2080 2694 2151 videturjudex
2716 2081 2771 2134 id
2797 2095 2946 2152 aegre
2973 2096 3102 2135 esse
3125 2079 3377 2148 laturus,
3402 2084 3458 2134 et
3479 2078 3765 2134 auxilium
3791 2077 3918 2149 qui-

2267 2170 2400 2225 dem
2429 2185 2557 2225 esse
2589 2171 3001 2238 denegaturus,
3032 2169 3234 2240 ﬂagris
3267 2173 3463 2224 autem
3489 2172 3767 2238 praeterea
3791 2183 3919 2222 esse

2265 2263 2607 2330 czesurus,et
2623 2276 2655 2314 a
2675 2258 2953 2313 tribunali
2970 2258 3666 2329 ejecturus?Quommodo
3680 2273 3816 2328 ergo
3833 2261 3923 2311 est

2264 2348 2582 2403 honestum
2619 2353 2682 2402 ut
2714 2364 2915 2403 servus
2939 2348 3178 2418 quidem
3213 2348 3270 2402 in
3305 2348 3633 2412 dominum,
3681 2346 3781 2417 qui
3814 2363 3917 2400 au-

2263 2443 2378 2492 tem
2409 2436 2700 2509 supplicat
2745 2437 2804 2490 in
2833 2436 3120 2506 judicem,
3159 2436 3241 2491 ita
3275 2441 3339 2491 ut
3369 2439 3596 2507 oportet
3627 2451 3686 2490 se
3716 2439 3916 2506 gerat:

2261 2542 2365 2597 ego
2399 2532 2593 2581 autem
2626 2528 2692 2580 ad
2726 2526 2911 2580 Deum
2943 2531 2999 2580 et
3029 2531 3306 2580 {sternam
3355 2525 3691 2593 Dominum,
3715 2529 3772 2578 et
3795 2524 3902 2578 Ju-

2259 2616 2447 2670 dieem
2470 2615 2962 2685 justissimum,et
2992 2615 3259 2670 omnium
3283 2616 3500 2685 Regem
3526 2615 3917 2679 accedens,ne

2257 2704 2525 2760 similiter
2551 2704 2788 2775 quidem
2825 2709 2999 2775 atque
3019 2705 3058 2759 ii
3093 2704 3365 2759 accedam
3394 2723 3407 2772 ;
3432 2704 3532 2758 sed
3562 2703 3717 2758 inter
3740 2719 3915 2757 oran-

2260 2795 2401 2848 dum
2445 2810 2538 2849 me
2568 2798 2901 2849 convertam
2935 2795 3002 2847 ad
3050 2809 3383 2858 conversos,
3424 2797 3481 2847 et
3513 2791 3734 2864 prolixo
3777 2807 3913 2847 cum

2254 2884 2337 2939 eis
2369 2887 2503 2938 utar
2531 2898 2801 2938 sermone
2825 2883 2851 2937 ‘I
2877 2883 3004 2937 Haec
3023 2887 3080 2938 et
3100 2882 3318 2948 audivi,
3344 2887 3400 2937 et
3421 2882 3492 2937 ad
3511 2898 3611 2936 eos
3633 2881 3734 2951 qui
3759 2897 3913 2952 aegre

2255 2974 2447 3027 ferunt
2479 2972 2780 3027 transmisi
2805 2990 2818 3039 ;
2843 2976 2900 3027 et
2951 2973 3095 3026 mihi
3121 2972 3353 3026 videtur
3375 2969 3908 3042 rectepulchrequc

2256 3062 2496 3117 dixisse.
2528 3061 2673 3116 Nam
2709 3065 2918 3133 praeter
2947 3078 3013 3116 ea
3041 3078 3170 3134 qua
3202 3061 3361 3116 dicta
3393 3065 3555 3130 sunt,
3605 3065 3695 3114 est
3726 3059 3908 3114 etiam

2258 3153 2583 3208 amantium
2609 3151 2935 3222 proprium,
2961 3166 3165 3206 omnes
3185 3150 3422 3221 quidem
3445 3149 3592 3205 alios
3608 3147 3914 3219 despicere

2259 3239 2342 3295 illi
2376 3244 2573 3295 autem
2608 3240 2716 3295 soli
2749 3256 2923 3310 quem
2959 3244 3162 3294 amant
3193 3245 3250 3294 et
3289 3239 3547 3310 diligunt
3589 3237 3912 3305 adhaerere,

2254 3345 2506 3401 eumque
2538 3333 2594 3385 et
2626 3333 2800 3384 noctu
2833 3330 3151 3399 somniare,
3186 3333 3242 3384 et
3273 3327 3528 3383 interdiu
3564 3325 3791 3381 visione
3809 3344 3914 3397 ap-

2254 3419 2637 3491 prehendere.
2687 3419 2820 3474 Ideo
2853 3417 2996 3473 mihi
3043 3418 3274 3472 videtur
3304 3431 3456 3488 aegre
3506 3416 3679 3485 ferre,
3714 3420 3779 3469 ut
3809 3415 3914 3484 qui

2253 3509 2313 3563 in
2346 3525 2413 3564 ea
2445 3508 2682 3579 quidem
2718 3525 2895 3578 quam
2929 3505 3224 3562 desiderat
3252 3510 3516 3562 versetur
3545 3503 3917 3574 contempla-

2255 3598 2436 3664 tione,
2468 3596 2849 3669 prohibeatur
2879 3599 3074 3651 autem
3110 3594 3338 3667 impleri
3371 3594 3698 3666 expetenda
3727 3597 3785 3648 et
3817 3593 3914 3647 di-

2254 3686 2544 3758 gnissima
2575 3701 2703 3756 quae
2736 3693 2962 3740 ametur
2993 3684 3456 3756 pulchritudine.

2326 3775 2455 3829 Haec
2484 3779 2548 3829 ut
2581 3778 2911 3841 narrantes,
2946 3790 3060 3829 non
3084 3779 3150 3827 ut
3172 3773 3423 3829 encomii
3455 3773 3572 3828 ritu
3597 3771 3918 3826 laudantes

2255 3863 2755 3934 conscripsimus:
2790 3862 3091 3918 brevitatis
3112 3878 3385 3934 magnam
3411 3879 3612 3917 curam
3637 3865 3917 3932 gerentes

2255 3969 2326 4008 ne
2358 3952 2690 4024 prolixitate
2723 3951 2994 4007 molestia
3023 3951 3272 4007 lectores
3305 3952 3700 4007 afﬁceremus.
3745 3950 3914 4012 Quod

2254 4042 2302 4098 si
2336 4043 2510 4097 etiam
2547 4041 2722 4097 fuerit
2755 4041 2892 4096 huic
2926 4045 3226 4112 superstes
3255 4040 3600 4106 narrationi,
3632 4039 3916 4093 innume-

2253 4132 2464 4187 rabilia
2494 4131 2610 4187 alia
2653 4129 2935 4202 praeclara
2966 4131 3226 4185 facinora
3274 4130 3514 4201 adjiciet
3567 4128 3914 4200 prioribus;

2252 4226 2308 4276 et
2337 4221 2434 4276 illa
2461 4237 2688 4292 quoque
2713 4221 3086 4276 conscribent
3116 4220 3238 4287 alii,
3272 4236 3383 4275 nos
3405 4218 3562 4274 enim
3588 4217 3724 4272 hinc
3743 4233 3921 4271 exce-

2253 4312 2458 4367 cedere
2477 4309 2644 4366 valde
2676 4311 2971 4381 cupimus.
3008 4309 3248 4364 Pietatis
3284 4313 3480 4364 autem
3515 4306 3918 4363 certaminum

2252 4399 2606 4471 agonotheta
2637 4403 2691 4454 et
2723 4399 2775 4454 ei
2805 4399 2904 4453 det
2933 4399 3108 4453 finem
3145 4398 3391 4469 dignum
3415 4397 3540 4453 suis
3571 4395 3922 4452 certamini-

2249 4490 2385 4555 bus,
2417 4492 2770 4561 praastetque
2804 4492 2865 4543 ut
2895 4485 3158 4558 reliquus
3191 4503 3400 4542 cursus
3436 4486 3617 4558 priori
3663 4501 3926 4556 consen-

493 4580 585 4632 est
617 4575 905 4646 inclusus,
941 4577 1131 4648 aperit
1166 4593 1299 4633 cum
1330 4574 1602 4642 voluerit,
1633 4579 1689 4630 et
1711 4578 2002 4645 quantum
2022 4575 2146 4629 vult
2176 4573 2221 4637 D
2253 4578 2379 4645 tiat,
2417 4581 2481 4632 ut
2513 4577 2700 4633 victor
2731 4576 3030 4647 perveniat
3061 4577 3131 4630 ad
3168 4583 3405 4644 metam,
3435 4578 3492 4630 et
3515 4579 3784 4630 nostram
3807 4573 3924 4627 im-

493 4666 706 4731 diifert,
733 4670 1094 4737 etquantum
1117 4665 1243 4721 vult
1270 4665 1546 4735 impletur
1572 4663 1768 4718 divina
1793 4663 2144 4734 contempla-

491 4755 666 4810 tione.
703 4755 810 4810 Hic
835 4759 1031 4811 autem
1053 4755 1266 4809 borum
1293 4753 1440 4808 nihil
1473 4757 1580 4808 est.
1616 4751 1898 4817 Quocirca
1919 4769 2016 4808 eos
2039 4753 2149 4808 fert

491 4843 792 4915 aegerrime
815 4844 914 4916 qui
932 4844 987 4900 in
1015 4849 1278 4915 tempore
1301 4843 1584 4898 orationis
1606 4841 1657 4896 ei
1679 4841 1952 4896 exhibent
1976 4841 2149 4897 mole-

495 4935 706 5002 etiam;
745 4938 800 4989 et
830 4934 877 4990 si
914 4932 1246 5004 cumjussit
1275 4931 1534 5004 quidem,
1559 4930 1756 4986 statim
1779 4930 2148 4995 recesserint,

492 5040 700 5078 rursus
731 5023 1110 5094 prosequitur
1141 5022 1488 5077 orationem.
1523 5019 1686 5085 Quod
1717 5019 1766 5074 si
1793 5019 2152 5090 perrexerint

494 5110 765 5166 exhibere
798 5111 1152 5178 molestiam,
1187 5115 1242 5166 et
1273 5127 1409 5165 cum
1434 5108 1614 5165 semel
1649 5113 1749 5164 aut
1784 5108 1875 5163 bis
1905 5108 2153 5178 jusserit

491 5215 604 5253 non
640 5199 957 5269 paruerint,
986 5204 1127 5254 tunc
1151 5215 1299 5269 aegre
1321 5199 1515 5254 ferens
1540 5202 1595 5253 et
1619 5197 1932 5268 increpans
1954 5213 2154 5250 aman-

492 5287 610 5341 dat.
628 5287 746 5358 Ego
763 5292 957 5342 autem
973 5289 1042 5342 de
1061 5305 1125 5343 eo
1141 5287 1705 5359 quoquealiquando
1731 5303 1862 5342 sum
1886 5301 2018 5341 cum
2047 5283 2152 5338 illo

491 5378 746 5446 loeutus,
780 5384 836 5435 et
866 5379 983 5434 dixi
1019 5379 1249 5450 aliquos
1282 5377 1524 5434 moleste
1558 5380 1707 5434 ferre
1737 5379 1891 5450 quod
1924 5376 2152 5448 expulsi

490 5469 728 5535 fuerint,
753 5472 941 5525 etnon
969 5467 1187 5524 fuerint
1210 5467 1523 5540 participes
1547 5469 1677 5539 ejus
1703 5466 2149 5534 benedictionis,

492 5563 550 5615 et
580 5559 734 5631 quod
767 5562 1056 5631 oporteret
1085 5575 1185 5615 eos
1207 5558 1307 5630 qui
1341 5555 1450 5613 hac
1474 5558 1544 5612 de
1566 5573 1745 5612 causa
1791 5556 2056 5623 veniunt,
2092 5559 2151 5611 et

494 5648 607 5704 iter
637 5647 959 5706 multorum
991 5648 1220 5705 dierum
1243 5645 1586 5715 conficiunt,
1621 5645 1890 5702 recedere
1920 5660 2037 5701 non
2060 5642 2152 5698 in-

493 5732 822 5810 dignantes,
841 5735 941 5797 sed
967 5735 1150 5796 animi
1171 5734 1374 5794 latitia
1397 5733 1668 5808 repletos,
1694 5735 1752 5792 et
1765 5733 1864 5805 qui
1887 5731 2151 5805 philoso-

2254 4666 2630 4722 becillitatem
2656 4670 2945 4722 sustentet
2968 4681 3033 4720 ac
3057 4665 3356 4721 suffulciat
3375 4664 3499 4720 suis
3521 4663 3924 4729 orationibus,

2259 4756 2686 4821 utconﬁrmati,
2718 4756 2935 4811 multas
2951 4754 3208 4826 quasalii
3230 4755 3288 4809 in
3314 4771 3420 4809 nos
3438 4752 3741 4809 consecuti
3771 4757 3926 4806 sunt

2257 4845 2535 4902 victorias
2551 4845 2634 4901 eis
2662 4831 3001 4916 eripiamus,
3026 4844 3387 4900 etvictorese
3402 4842 3518 4898 vita
3533 4841 3922 4898 excedamus.

2855 4985 3082 5041 CAPUT
3120 4985 3304 5042 XXII.

2614 5099 2968 5140 TllALASSlUS
3018 5101 3083 5139 ET
3127 5100 3392 5139 uiuimus
3437 5083 3550 5155 (56)

2332 5200 2600 5256 Ilelimna
2619 5201 2732 5271 (57)
2752 5205 2840 5256 est
2861 5200 3018 5271 apud
3042 5215 3147 5255 nos
3169 5199 3407 5271 quidam
3429 5198 3618 5263 vicus,
3642 5196 3744 5269 qui
3771 5195 3923 5252 olim

2262 5290 2500 5360 quidem
2531 5289 2756 5360 excepit
2787 5289 3014 5344 semina
3043 5287 3363 5360 impietatis
3389 5287 3730 5351 Marcionis,
3757 5302 3929 5341 nunc

2261 5383 2453 5434 autem
2480 5376 2812 5449 evangelica
2843 5377 3058 5432 fruitur
3078 5377 3458 5450 agricultura.
3485 5377 3623 5447 Ejus
3645 5376 3719 5432 ad
3743 5375 3932 5430 Meri-

2261 5467 2414 5522 diem
2447 5470 2537 5523 est
2567 5466 2807 5536 quidam
2841 5465 3027 5534 collis,
3062 5483 3250 5539 neque
3280 5465 3448 5522 valde
3480 5481 3674 5537 asper,
3721 5478 3928 5534 neque

2260 5556 2576 5612 admodum
2598 5552 2852 5610 acclivis.
2877 5555 2938 5610 In
2959 5573 3024 5612 eo
3055 5555 3448 5612 monasticum
3480 5555 3564 5610 sed
3589 5554 3790 5609 ﬁcavit
3809 5553 3927 5609 ha-

2259 5643 2587 5703 bitaculum
2608 5641 2951 5702 Thalassius
2971 5643 3055 5703 vir
3077 5643 3464 5716 admirabilis,
3481 5643 3582 5716 qui
3601 5641 3929 5700 estmultis

2260 5733 2494 5806 quidem
2529 5731 2660 5792 aliis
2691 5748 2922 5808 quoque
2950 5733 3118 5792 bonis
3158 5734 3495 5804 exornatus,
3546 5733 3646 5790 sed
3672 5746 3926 5788 morum
