  <div class='ocr_page' id='page_1' title='image "/cluster/home/n/w/nwhite01/storage/ocr_20150623/74/hvd.32044054758792/054.png"; bbox 0 0 4122 6188; ppageno 0'>
   <div class='ocr_carea' id='block_1_1' title="bbox 363 327 3789 407">
    <p class='ocr_par' dir='ltr' id='par_1_1' title="bbox 363 327 3789 407">
     <span class='ocr_line' id='line_1_1' title="bbox 363 327 3789 407; baseline 0.001 -25"><span class='ocrx_word' id='word_1_1' title='bbox 363 328 439 383; x_wconf 78' lang='lat'>97</span> <span class='ocrx_word' id='word_1_2' title='bbox 1508 328 1986 397; x_wconf 80' lang='lat' dir='ltr'><strong>PHILOTHEUS,</strong></span> <span class='ocrx_word' id='word_1_3' title='bbox 2027 340 2151 380; x_wconf 75' lang='lat' dir='ltr'><strong>srva</strong></span> <span class='ocrx_word' id='word_1_4' title='bbox 2190 327 2657 385; x_wconf 77' lang='lat' dir='ltr'><strong>THEOPHILES.</strong></span> <span class='ocrx_word' id='word_1_5' title='bbox 3719 352 3789 407; x_wconf 79' lang='lat'>93</span> 
     </span>
    </p>
   </div>
   <div class='ocr_carea' id='block_1_2' title="bbox 379 450 3792 547">
    <p class='ocr_par' dir='ltr' id='par_1_2' title="bbox 379 450 3792 547">
     <span class='ocr_line' id='line_1_2' title="bbox 379 450 3792 547; baseline 0.005 -36"><span class='ocrx_word' id='word_1_6' title='bbox 379 471 544 511; x_wconf 86' lang='lat' dir='ltr'><strong>mum</strong></span> <span class='ocrx_word' id='word_1_7' title='bbox 560 454 822 510; x_wconf 88' lang='lat' dir='ltr'><strong>radicem</strong></span> <span class='ocrx_word' id='word_1_8' title='bbox 840 452 909 508; x_wconf 88' lang='lat' dir='ltr'><strong>ad</strong></span> <span class='ocrx_word' id='word_1_9' title='bbox 929 469 991 508; x_wconf 86' lang='lat' dir='ltr'><strong>se</strong></span> <span class='ocrx_word' id='word_1_10' title='bbox 1014 453 1223 547; x_wconf 80' lang='lat' dir='ltr'><strong>deferri</strong></span> <span class='ocrx_word' id='word_1_11' title='bbox 1242 453 1610 523; x_wconf 87' lang='lat' dir='ltr'><strong>jussisset,ut</strong></span> <span class='ocrx_word' id='word_1_12' title='bbox 1632 452 1732 524; x_wconf 89' lang='lat' dir='ltr'><strong>qui</strong></span> <span class='ocrx_word' id='word_1_13' title='bbox 1760 452 2031 547; x_wconf 78' lang='lat' dir='ltr'><strong>adalium</strong></span> <span class='ocrx_word' id='word_1_14' title='bbox 2061 450 2116 517; x_wconf 82' lang='grc' dir='ltr'><strong>Α</strong></span> <span class='ocrx_word' id='word_1_15' title='bbox 2147 467 2277 507; x_wconf 87' lang='lat' dir='ltr'><strong>rum</strong></span> <span class='ocrx_word' id='word_1_16' title='bbox 2298 468 2448 547; x_wconf 76' lang='lat' dir='ltr'><strong>saepe</strong></span> <span class='ocrx_word' id='word_1_17' title='bbox 2472 454 2809 547; x_wconf 87' lang='lat' dir='ltr'><strong>obtulerunt</strong></span> <span class='ocrx_word' id='word_1_18' title='bbox 2831 465 2885 515; x_wconf 89' lang='lat' dir='ltr'><strong>et</strong></span> <span class='ocrx_word' id='word_1_19' title='bbox 2903 463 3003 533; x_wconf 87' lang='lat' dir='ltr'><strong>qui</strong></span> <span class='ocrx_word' id='word_1_20' title='bbox 3025 465 3200 522; x_wconf 88' lang='lat' dir='ltr'><strong>etiam</strong></span> <span class='ocrx_word' id='word_1_21' title='bbox 3220 484 3518 528; x_wconf 80' lang='lat' dir='ltr'><strong>excessere</strong></span> <span class='ocrx_word' id='word_1_22' title='bbox 3542 475 3792 547; x_wconf 81' lang='lat' dir='ltr'><strong>relique-</strong></span> 
     </span>
    </p>
   </div>
   <div class='ocr_carea' id='block_1_3' title="bbox 372 541 2030 614">
    <p class='ocr_par' dir='ltr' id='par_1_3' title="bbox 372 541 2030 614">
     <span class='ocr_line' id='line_1_3' title="bbox 372 541 2030 614; baseline -0.001 -15"><span class='ocrx_word' id='word_1_23' title='bbox 372 544 607 601; x_wconf 82' lang='lat' dir='ltr'><strong>scilicet</strong></span> <span class='ocrx_word' id='word_1_24' title='bbox 636 559 808 598; x_wconf 91' lang='lat' dir='ltr'><strong>usum</strong></span> <span class='ocrx_word' id='word_1_25' title='bbox 844 558 909 597; x_wconf 87' lang='lat' dir='ltr'><strong>ea</strong></span> <span class='ocrx_word' id='word_1_26' title='bbox 938 558 1087 614; x_wconf 83' lang='lat' dir='ltr'><strong>Opus</strong></span> <span class='ocrx_word' id='word_1_27' title='bbox 1119 541 1383 611; x_wconf 77' lang='lat' dir='ltr'><strong>haberet,</strong></span> <span class='ocrx_word' id='word_1_28' title='bbox 1409 558 1537 597; x_wconf 88' lang='lat' dir='ltr'><strong>eam</strong></span> <span class='ocrx_word' id='word_1_29' title='bbox 1563 547 1616 597; x_wconf 91' lang='lat' dir='ltr'><strong>et</strong></span> <span class='ocrx_word' id='word_1_30' title='bbox 1641 546 1812 597; x_wconf 86' lang='lat' dir='ltr'><strong>noctu</strong></span> <span class='ocrx_word' id='word_1_31' title='bbox 1837 542 2030 613; x_wconf 89' lang='lat' dir='ltr'><strong>impo-</strong></span> 
     </span>
    </p>
   </div>
   <div class='ocr_carea' id='block_1_4' title="bbox 376 630 2029 703">
    <p class='ocr_par' dir='ltr' id='par_1_4' title="bbox 376 630 2029 703">
     <span class='ocr_line' id='line_1_4' title="bbox 376 630 2029 703; baseline -0.003 -13"><span class='ocrx_word' id='word_1_32' title='bbox 376 635 559 690; x_wconf 83' lang='lat' dir='ltr'><strong>nebat</strong></span> <span class='ocrx_word' id='word_1_33' title='bbox 580 632 929 701; x_wconf 89' lang='lat' dir='ltr'><strong>humeris,et</strong></span> <span class='ocrx_word' id='word_1_34' title='bbox 943 648 1009 686; x_wconf 89' lang='lat' dir='ltr'><strong>ea</strong></span> <span class='ocrx_word' id='word_1_35' title='bbox 1030 631 1309 703; x_wconf 90' lang='lat' dir='ltr'><strong>imposita</strong></span> <span class='ocrx_word' id='word_1_36' title='bbox 1330 631 1477 685; x_wconf 73' lang='lat'><strong>847</strong></span> <span class='ocrx_word' id='word_1_37' title='bbox 1498 631 1700 686; x_wconf 90' lang='lat' dir='ltr'><strong>orabat</strong></span> <span class='ocrx_word' id='word_1_38' title='bbox 1728 650 1742 699; x_wconf 89' lang='lat'><strong>;</strong></span> <span class='ocrx_word' id='word_1_39' title='bbox 1766 635 1821 685; x_wconf 92' lang='lat' dir='ltr'><strong>et</strong></span> <span class='ocrx_word' id='word_1_40' title='bbox 1852 630 2029 686; x_wconf 90' lang='lat' dir='ltr'><strong>inter-</strong></span> 
     </span>
    </p>
   </div>
   <div class='ocr_carea' id='block_1_5' title="bbox 373 720 2029 793">
    <p class='ocr_par' dir='ltr' id='par_1_5' title="bbox 373 720 2029 793">
     <span class='ocr_line' id='line_1_5' title="bbox 373 720 2029 793; baseline -0.002 -14"><span class='ocrx_word' id='word_1_41' title='bbox 373 725 656 793; x_wconf 88' lang='lat' dir='ltr'><strong>diu,cum</strong></span> <span class='ocrx_word' id='word_1_42' title='bbox 673 726 829 777; x_wconf 90' lang='lat' dir='ltr'><strong>esset</strong></span> <span class='ocrx_word' id='word_1_43' title='bbox 850 720 902 775; x_wconf 92' lang='lat' dir='ltr'><strong>ei</strong></span> <span class='ocrx_word' id='word_1_44' title='bbox 921 721 1131 775; x_wconf 92' lang='lat' dir='ltr'><strong>otium.</strong></span> <span class='ocrx_word' id='word_1_45' title='bbox 1153 720 1297 775; x_wconf 92' lang='lat' dir='ltr'><strong>Cum</strong></span> <span class='ocrx_word' id='word_1_46' title='bbox 1324 726 1521 775; x_wconf 90' lang='lat' dir='ltr'><strong>autem</strong></span> <span class='ocrx_word' id='word_1_47' title='bbox 1545 720 1767 775; x_wconf 83' lang='lat' dir='ltr'><strong>veniret</strong></span> <span class='ocrx_word' id='word_1_48' title='bbox 1790 720 2029 790; x_wconf 81' lang='lat' dir='ltr'><strong>aliquis,</strong></span> 
     </span>
    </p>
   </div>
   <div class='ocr_carea' id='block_1_6' title="bbox 372 808 2027 882">
    <p class='ocr_par' dir='ltr' id='par_1_6' title="bbox 372 808 2027 882">
     <span class='ocr_line' id='line_1_6' title="bbox 372 808 2027 882; baseline -0.003 -16"><span class='ocrx_word' id='word_1_49' title='bbox 372 817 431 866; x_wconf 87' lang='lat' dir='ltr'><strong>et</strong></span> <span class='ocrx_word' id='word_1_50' title='bbox 458 810 722 882; x_wconf 82' lang='lat' dir='ltr'><strong>pulsaret</strong></span> <span class='ocrx_word' id='word_1_51' title='bbox 742 810 983 878; x_wconf 81' lang='lat' dir='ltr'><strong>ostium,</strong></span> <span class='ocrx_word' id='word_1_52' title='bbox 1003 826 1130 864; x_wconf 89' lang='lat' dir='ltr'><strong>eam</strong></span> <span class='ocrx_word' id='word_1_53' title='bbox 1155 809 1214 862; x_wconf 91' lang='lat' dir='ltr'><strong>in</strong></span> <span class='ocrx_word' id='word_1_54' title='bbox 1242 808 1367 864; x_wconf 90' lang='lat' dir='ltr'><strong>loco</strong></span> <span class='ocrx_word' id='word_1_55' title='bbox 1390 808 1587 879; x_wconf 89' lang='lat' dir='ltr'><strong>aliquo</strong></span> <span class='ocrx_word' id='word_1_56' title='bbox 1611 808 2027 863; x_wconf 88' lang='lat' dir='ltr'><strong>abscondebat.</strong></span> 
     </span>
    </p>
   </div>
   <div class='ocr_carea' id='block_1_7' title="bbox 374 897 2027 967">
    <p class='ocr_par' dir='ltr' id='par_1_7' title="bbox 374 897 2027 967">
     <span class='ocr_line' id='line_1_7' title="bbox 374 897 2027 967; baseline -0.001 -12"><span class='ocrx_word' id='word_1_57' title='bbox 374 901 539 956; x_wconf 81' lang='lat' dir='ltr'><strong>Hanc</strong></span> <span class='ocrx_word' id='word_1_58' title='bbox 569 916 703 955; x_wconf 90' lang='lat' dir='ltr'><strong>cum</strong></span> <span class='ocrx_word' id='word_1_59' title='bbox 740 898 985 953; x_wconf 82' lang='lat' dir='ltr'><strong>vidisset</strong></span> <span class='ocrx_word' id='word_1_60' title='bbox 1014 898 1276 967; x_wconf 91' lang='lat' dir='ltr'><strong>quidam,</strong></span> <span class='ocrx_word' id='word_1_61' title='bbox 1313 897 1457 951; x_wconf 92' lang='lat' dir='ltr'><strong>mihi</strong></span> <span class='ocrx_word' id='word_1_62' title='bbox 1477 898 1783 964; x_wconf 88' lang='lat' dir='ltr'><strong>indicavit;</strong></span> <span class='ocrx_word' id='word_1_63' title='bbox 1809 902 1865 951; x_wconf 92' lang='lat' dir='ltr'><strong>et</strong></span> <span class='ocrx_word' id='word_1_64' title='bbox 1894 914 2027 953; x_wconf 89' lang='lat' dir='ltr'><strong>cum</strong></span> 
     </span>
    </p>
   </div>
   <div class='ocr_carea' id='block_1_8' title="bbox 366 986 2029 1057">
    <p class='ocr_par' dir='ltr' id='par_1_8' title="bbox 366 986 2029 1057">
     <span class='ocr_line' id='line_1_8' title="bbox 366 986 2029 1057; baseline -0.002 -13"><span class='ocrx_word' id='word_1_65' title='bbox 366 989 583 1044; x_wconf 83' lang='lat' dir='ltr'><strong>vellem</strong></span> <span class='ocrx_word' id='word_1_66' title='bbox 619 988 769 1042; x_wconf 89' lang='lat' dir='ltr'><strong>scire</strong></span> <span class='ocrx_word' id='word_1_67' title='bbox 805 991 1095 1057; x_wconf 88' lang='lat' dir='ltr'><strong>quantum</strong></span> <span class='ocrx_word' id='word_1_68' title='bbox 1146 991 1300 1041; x_wconf 84' lang='lat' dir='ltr'><strong>esset</strong></span> <span class='ocrx_word' id='word_1_69' title='bbox 1327 988 1458 1057; x_wconf 89' lang='lat' dir='ltr'><strong>ejus</strong></span> <span class='ocrx_word' id='word_1_70' title='bbox 1491 989 1743 1057; x_wconf 91' lang='lat' dir='ltr'><strong>pondus,</strong></span> <span class='ocrx_word' id='word_1_71' title='bbox 1778 986 1869 1041; x_wconf 89' lang='lat' dir='ltr'><strong>vix</strong></span> <span class='ocrx_word' id='word_1_72' title='bbox 1899 1003 2029 1041; x_wconf 89' lang='lat' dir='ltr'><strong>eam</strong></span> 
     </span>
    </p>
   </div>
   <div class='ocr_carea' id='block_1_9' title="bbox 369 1075 2029 1151">
    <p class='ocr_par' dir='ltr' id='par_1_9' title="bbox 369 1075 2029 1151">
     <span class='ocr_line' id='line_1_9' title="bbox 369 1075 2029 1151; baseline -0.002 -18"><span class='ocrx_word' id='word_1_73' title='bbox 369 1078 542 1151; x_wconf 87' lang='lat' dir='ltr'>potui</span> <span class='ocrx_word' id='word_1_74' title='bbox 576 1076 780 1133; x_wconf 91' lang='lat' dir='ltr'><strong>tollere</strong></span> <span class='ocrx_word' id='word_1_75' title='bbox 811 1076 1100 1130; x_wconf 90' lang='lat' dir='ltr'><strong>ambabus</strong></span> <span class='ocrx_word' id='word_1_76' title='bbox 1149 1075 1446 1130; x_wconf 89' lang='lat' dir='ltr'><strong>manibus.</strong></span> <span class='ocrx_word' id='word_1_77' title='bbox 1480 1075 1532 1130; x_wconf 89' lang='lat' dir='ltr'><strong>Is</strong></span> <span class='ocrx_word' id='word_1_78' title='bbox 1565 1079 1759 1130; x_wconf 89' lang='lat' dir='ltr'><strong>autem</strong></span> <span class='ocrx_word' id='word_1_79' title='bbox 1785 1092 1916 1131; x_wconf 90' lang='lat' dir='ltr'><strong>cum</strong></span> <span class='ocrx_word' id='word_1_80' title='bbox 1938 1091 2029 1130; x_wconf 91' lang='lat' dir='ltr'><strong>me</strong></span> 
     </span>
    </p>
   </div>
   <div class='ocr_carea' id='block_1_10' title="bbox 371 1165 2028 1238">
    <p class='ocr_par' dir='ltr' id='par_1_10' title="bbox 371 1165 2028 1238">
     <span class='ocr_line' id='line_1_10' title="bbox 371 1165 2028 1238; baseline -0.002 -15"><span class='ocrx_word' id='word_1_81' title='bbox 371 1166 915 1238; x_wconf 83' lang='lat' dir='ltr'><strong>aspexisset,jussit</strong></span> <span class='ocrx_word' id='word_1_82' title='bbox 935 1180 1064 1219; x_wconf 89' lang='lat' dir='ltr'><strong>eam</strong></span> <span class='ocrx_word' id='word_1_83' title='bbox 1087 1165 1381 1220; x_wconf 81' lang='lat' dir='ltr'><strong>dimittere</strong></span> <span class='ocrx_word' id='word_1_84' title='bbox 1403 1182 1415 1231; x_wconf 91' lang='lat'><strong>;</strong></span> <span class='ocrx_word' id='word_1_85' title='bbox 1440 1180 1545 1236; x_wconf 91' lang='lat' dir='ltr'><strong>ego</strong></span> <span class='ocrx_word' id='word_1_86' title='bbox 1569 1169 1760 1219; x_wconf 87' lang='lat' dir='ltr'><strong>autem</strong></span> <span class='ocrx_word' id='word_1_87' title='bbox 1776 1180 1911 1220; x_wconf 93' lang='lat' dir='ltr'><strong>eum</strong></span> <span class='ocrx_word' id='word_1_88' title='bbox 1936 1182 2028 1219; x_wconf 88' lang='lat' dir='ltr'><strong>ro-</strong></span> 
     </span>
    </p>
   </div>
   <div class='ocr_carea' id='block_1_11' title="bbox 372 1253 2030 1328">
    <p class='ocr_par' dir='ltr' id='par_1_11' title="bbox 372 1253 2030 1328">
     <span class='ocr_line' id='line_1_11' title="bbox 372 1253 2030 1328; baseline -0.002 -17"><span class='ocrx_word' id='word_1_89' title='bbox 372 1257 594 1328; x_wconf 87' lang='lat' dir='ltr'><strong>gabam</strong></span> <span class='ocrx_word' id='word_1_90' title='bbox 628 1260 691 1309; x_wconf 92' lang='lat' dir='ltr'><strong>ut</strong></span> <span class='ocrx_word' id='word_1_91' title='bbox 722 1254 864 1309; x_wconf 90' lang='lat' dir='ltr'><strong>mihi</strong></span> <span class='ocrx_word' id='word_1_92' title='bbox 897 1270 1024 1309; x_wconf 87' lang='lat' dir='ltr'><strong>eam</strong></span> <span class='ocrx_word' id='word_1_93' title='bbox 1047 1253 1411 1325; x_wconf 85' lang='lat' dir='ltr'><strong>permitteret</strong></span> <span class='ocrx_word' id='word_1_94' title='bbox 1431 1253 1718 1325; x_wconf 89' lang='lat' dir='ltr'><strong>accipere,</strong></span> <span class='ocrx_word' id='word_1_95' title='bbox 1750 1257 1815 1308; x_wconf 89' lang='lat' dir='ltr'><strong>ut</strong></span> <span class='ocrx_word' id='word_1_96' title='bbox 1835 1253 1885 1309; x_wconf 88' lang='lat' dir='ltr'><strong>ei</strong></span> <span class='ocrx_word' id='word_1_97' title='bbox 1917 1253 2030 1309; x_wconf 86' lang='lat' dir='ltr'><strong>eri-</strong></span> 
     </span>
    </p>
   </div>
   <div class='ocr_carea' id='block_1_12' title="bbox 348 1342 2027 1424">
    <p class='ocr_par' dir='ltr' id='par_1_12' title="bbox 348 1342 2027 1424">
     <span class='ocr_line' id='line_1_12' title="bbox 348 1342 2027 1424; baseline -0.001 -24"><span class='ocrx_word' id='word_1_98' title='bbox 348 1361 579 1424; x_wconf 55' lang='lat' dir='ltr'><strong>.perem</strong></span> <span class='ocrx_word' id='word_1_99' title='bbox 612 1344 979 1399; x_wconf 82' lang='lat' dir='ltr'><strong>occasionem</strong></span> <span class='ocrx_word' id='word_1_100' title='bbox 1036 1342 1275 1397; x_wconf 90' lang='lat' dir='ltr'><strong>laboris.</strong></span> <span class='ocrx_word' id='word_1_101' title='bbox 1310 1348 1624 1412; x_wconf 86' lang='lat' dir='ltr'><strong>Postquam</strong></span> <span class='ocrx_word' id='word_1_102' title='bbox 1657 1347 1853 1398; x_wconf 88' lang='lat' dir='ltr'><strong>autem</strong></span> <span class='ocrx_word' id='word_1_103' title='bbox 1894 1359 2027 1398; x_wconf 91' lang='lat' dir='ltr'><strong>eum</strong></span> 
     </span>
    </p>
   </div>
   <div class='ocr_carea' id='block_1_13' title="bbox 362 1430 1782 1505">
    <p class='ocr_par' dir='ltr' id='par_1_13' title="bbox 362 1430 1782 1505">
     <span class='ocr_line' id='line_1_13' title="bbox 362 1430 1782 1505; baseline -0.001 -18"><span class='ocrx_word' id='word_1_104' title='bbox 362 1434 490 1489; x_wconf 85' lang='lat' dir='ltr'><strong>vidi</strong></span> <span class='ocrx_word' id='word_1_105' title='bbox 523 1449 675 1505; x_wconf 69' lang='lat' dir='ltr'><strong>aegre</strong></span> <span class='ocrx_word' id='word_1_106' title='bbox 710 1432 879 1496; x_wconf 88' lang='lat' dir='ltr'><strong>ferre,</strong></span> <span class='ocrx_word' id='word_1_107' title='bbox 904 1432 955 1486; x_wconf 91' lang='lat' dir='ltr'><strong>ei</strong></span> <span class='ocrx_word' id='word_1_108' title='bbox 989 1432 1140 1486; x_wconf 87' lang='lat' dir='ltr'><strong>cessi</strong></span> <span class='ocrx_word' id='word_1_109' title='bbox 1177 1430 1469 1486; x_wconf 91' lang='lat' dir='ltr'><strong>desiderio</strong></span> <span class='ocrx_word' id='word_1_110' title='bbox 1503 1431 1782 1486; x_wconf 76' lang='lat' dir='ltr'><strong>victoriae.</strong></span> 
     </span>
    </p>
   </div>
   <div class='ocr_carea' id='block_1_14' title="bbox 450 1518 2031 1593">
    <p class='ocr_par' dir='ltr' id='par_1_14' title="bbox 450 1518 2031 1593">
     <span class='ocr_line' id='line_1_14' title="bbox 450 1518 2031 1593; baseline -0.001 -16"><span class='ocrx_word' id='word_1_111' title='bbox 450 1524 530 1577; x_wconf 84' lang='lat' dir='ltr'><strong>Ex</strong></span> <span class='ocrx_word' id='word_1_112' title='bbox 564 1522 655 1576; x_wconf 90' lang='lat' dir='ltr'><strong>his</strong></span> <span class='ocrx_word' id='word_1_113' title='bbox 684 1520 987 1576; x_wconf 84' lang='lat' dir='ltr'><strong>laboribus</strong></span> <span class='ocrx_word' id='word_1_114' title='bbox 1009 1518 1320 1575; x_wconf 84' lang='lat' dir='ltr'><strong>efllorescit</strong></span> <span class='ocrx_word' id='word_1_115' title='bbox 1349 1519 1400 1573; x_wconf 89' lang='lat' dir='ltr'><strong>ei</strong></span> <span class='ocrx_word' id='word_1_116' title='bbox 1431 1536 1665 1593; x_wconf 89' lang='lat' dir='ltr'><strong>quoque</strong></span> <span class='ocrx_word' id='word_1_117' title='bbox 1687 1522 1822 1576; x_wconf 83' lang='lat' dir='ltr'><strong>data</strong></span> <span class='ocrx_word' id='word_1_118' title='bbox 1844 1522 2031 1592; x_wconf 89' lang='lat' dir='ltr'><strong>gratia</strong></span> 
     </span>
    </p>
   </div>
   <div class='ocr_carea' id='block_1_15' title="bbox 369 1608 2027 1675">
    <p class='ocr_par' dir='ltr' id='par_1_15' title="bbox 369 1608 2027 1675">
     <span class='ocr_line' id='line_1_15' title="bbox 369 1608 2027 1675; baseline -0.001 -8"><span class='ocrx_word' id='word_1_119' title='bbox 369 1611 683 1675; x_wconf 80' lang='lat' dir='ltr'><strong>divinitus,</strong></span> <span class='ocrx_word' id='word_1_120' title='bbox 706 1616 761 1667; x_wconf 90' lang='lat' dir='ltr'><strong>et</strong></span> <span class='ocrx_word' id='word_1_121' title='bbox 781 1609 968 1664; x_wconf 90' lang='lat' dir='ltr'><strong>multa</strong></span> <span class='ocrx_word' id='word_1_122' title='bbox 989 1608 1137 1662; x_wconf 83' lang='lat' dir='ltr'><strong>ﬁunt</strong></span> <span class='ocrx_word' id='word_1_123' title='bbox 1155 1608 1437 1663; x_wconf 87' lang='lat' dir='ltr'><strong>miracula</strong></span> <span class='ocrx_word' id='word_1_124' title='bbox 1460 1608 1620 1664; x_wconf 89' lang='lat' dir='ltr'><strong>illius</strong></span> <span class='ocrx_word' id='word_1_125' title='bbox 1637 1610 2027 1665; x_wconf 86' lang='lat' dir='ltr'><strong>orationibus.</strong></span> 
     </span>
    </p>
   </div>
   <div class='ocr_carea' id='block_1_16' title="bbox 368 1696 2027 1770">
    <p class='ocr_par' dir='ltr' id='par_1_16' title="bbox 368 1696 2027 1770">
     <span class='ocr_line' id='line_1_16' title="bbox 368 1696 2027 1770; baseline -0.001 -16"><span class='ocrx_word' id='word_1_126' title='bbox 368 1699 605 1754; x_wconf 85' lang='lat' dir='ltr'><strong>Etenim</strong></span> <span class='ocrx_word' id='word_1_127' title='bbox 620 1716 753 1754; x_wconf 90' lang='lat' dir='ltr'><strong>curn</strong></span> <span class='ocrx_word' id='word_1_128' title='bbox 780 1697 975 1770; x_wconf 84' lang='lat' dir='ltr'><strong>gravis</strong></span> <span class='ocrx_word' id='word_1_129' title='bbox 1002 1696 1101 1752; x_wconf 92' lang='lat' dir='ltr'><strong>illa</strong></span> <span class='ocrx_word' id='word_1_130' title='bbox 1114 1696 1349 1753; x_wconf 90' lang='lat' dir='ltr'><strong>siccitas</strong></span> <span class='ocrx_word' id='word_1_131' title='bbox 1363 1713 1489 1767; x_wconf 66' lang='lat' dir='ltr'><strong>quas</strong></span> <span class='ocrx_word' id='word_1_132' title='bbox 1512 1697 1782 1753; x_wconf 87' lang='lat' dir='ltr'><strong>homines</strong></span> <span class='ocrx_word' id='word_1_133' title='bbox 1804 1699 2027 1769; x_wconf 85' lang='lat' dir='ltr'><strong>afﬂige-</strong></span> 
     </span>
    </p>
   </div>
   <div class='ocr_carea' id='block_1_17' title="bbox 373 1785 2029 1859">
    <p class='ocr_par' dir='ltr' id='par_1_17' title="bbox 373 1785 2029 1859">
     <span class='ocr_line' id='line_1_17' title="bbox 373 1785 2029 1859; baseline -0.001 -15"><span class='ocrx_word' id='word_1_134' title='bbox 373 1791 499 1855; x_wconf 86' lang='lat' dir='ltr'><strong>bat,</strong></span> <span class='ocrx_word' id='word_1_135' title='bbox 534 1789 604 1843; x_wconf 90' lang='lat' dir='ltr'><strong>ad</strong></span> <span class='ocrx_word' id='word_1_136' title='bbox 642 1803 841 1859; x_wconf 86' lang='lat' dir='ltr'><strong>preces</strong></span> <span class='ocrx_word' id='word_1_137' title='bbox 866 1786 1157 1853; x_wconf 84' lang='lat' dir='ltr'><strong>incitaret,</strong></span> <span class='ocrx_word' id='word_1_138' title='bbox 1182 1785 1338 1841; x_wconf 86' lang='lat' dir='ltr'><strong>venit</strong></span> <span class='ocrx_word' id='word_1_139' title='bbox 1355 1787 1426 1841; x_wconf 87' lang='lat' dir='ltr'><strong>ad</strong></span> <span class='ocrx_word' id='word_1_140' title='bbox 1449 1802 1583 1841; x_wconf 88' lang='lat' dir='ltr'><strong>eum</strong></span> <span class='ocrx_word' id='word_1_141' title='bbox 1608 1786 1922 1843; x_wconf 84' lang='lat' dir='ltr'><strong>multitudo</strong></span> <span class='ocrx_word' id='word_1_142' title='bbox 1942 1806 2029 1843; x_wconf 85' lang='lat' dir='ltr'><strong>sa-</strong></span> 
     </span>
    </p>
   </div>
   <div class='ocr_carea' id='block_1_18' title="bbox 371 1875 2027 1948">
    <p class='ocr_par' dir='ltr' id='par_1_18' title="bbox 371 1875 2027 1948">
     <span class='ocr_line' id='line_1_18' title="bbox 371 1875 2027 1948; baseline -0.001 -15"><span class='ocrx_word' id='word_1_143' title='bbox 371 1878 703 1933; x_wconf 89' lang='lat' dir='ltr'><strong>cerdotum.</strong></span> <span class='ocrx_word' id='word_1_144' title='bbox 736 1877 872 1931; x_wconf 86' lang='lat' dir='ltr'><strong>Erat</strong></span> <span class='ocrx_word' id='word_1_145' title='bbox 895 1880 1090 1930; x_wconf 91' lang='lat' dir='ltr'><strong>autem</strong></span> <span class='ocrx_word' id='word_1_146' title='bbox 1116 1892 1235 1930; x_wconf 87' lang='lat' dir='ltr'><strong>una</strong></span> <span class='ocrx_word' id='word_1_147' title='bbox 1263 1891 1395 1929; x_wconf 91' lang='lat' dir='ltr'><strong>cum</strong></span> <span class='ocrx_word' id='word_1_148' title='bbox 1420 1875 1505 1931; x_wconf 90' lang='lat' dir='ltr'><strong>eis</strong></span> <span class='ocrx_word' id='word_1_149' title='bbox 1528 1876 1767 1947; x_wconf 89' lang='lat' dir='ltr'><strong>quidam</strong></span> <span class='ocrx_word' id='word_1_150' title='bbox 1794 1892 2027 1948; x_wconf 91' lang='lat' dir='ltr'><strong>quoque</strong></span> 
     </span>
    </p>
   </div>
   <div class='ocr_carea' id='block_1_19' title="bbox 369 1963 2027 2036">
    <p class='ocr_par' dir='ltr' id='par_1_19' title="bbox 369 1963 2027 2036">
     <span class='ocr_line' id='line_1_19' title="bbox 369 1963 2027 2036; baseline -0.001 -13"><span class='ocrx_word' id='word_1_151' title='bbox 369 1966 469 2023; x_wconf 90' lang='lat' dir='ltr'><strong>cui</strong></span> <span class='ocrx_word' id='word_1_152' title='bbox 500 1966 877 2021; x_wconf 69' lang='lat' dir='ltr'><strong>Antiochense</strong></span> <span class='ocrx_word' id='word_1_153' title='bbox 908 1964 1167 2033; x_wconf 77' lang='lat' dir='ltr'><strong>regionis</strong></span> <span class='ocrx_word' id='word_1_154' title='bbox 1198 1963 1371 2019; x_wconf 90' lang='lat' dir='ltr'><strong>multi</strong></span> <span class='ocrx_word' id='word_1_155' title='bbox 1402 1964 1514 2019; x_wconf 91' lang='lat' dir='ltr'><strong>vici</strong></span> <span class='ocrx_word' id='word_1_156' title='bbox 1548 1966 1827 2036; x_wconf 90' lang='lat' dir='ltr'><strong>pascendi</strong></span> <span class='ocrx_word' id='word_1_157' title='bbox 1860 1972 2027 2022; x_wconf 90' lang='lat' dir='ltr'><strong>erant</strong></span> 
     </span>
    </p>
   </div>
   <div class='ocr_carea' id='block_1_20' title="bbox 370 2054 2023 2126">
    <p class='ocr_par' dir='ltr' id='par_1_20' title="bbox 370 2054 2023 2126">
     <span class='ocr_line' id='line_1_20' title="bbox 370 2054 2023 2126; baseline -0.001 -15"><span class='ocrx_word' id='word_1_158' title='bbox 370 2056 604 2111; x_wconf 88' lang='lat' dir='ltr'><strong>crediti.</strong></span> <span class='ocrx_word' id='word_1_159' title='bbox 638 2055 693 2110; x_wconf 90' lang='lat' dir='ltr'><strong>Is</strong></span> <span class='ocrx_word' id='word_1_160' title='bbox 715 2072 782 2110; x_wconf 88' lang='lat' dir='ltr'><strong>ex</strong></span> <span class='ocrx_word' id='word_1_161' title='bbox 806 2055 879 2110; x_wconf 91' lang='lat' dir='ltr'><strong>iis</strong></span> <span class='ocrx_word' id='word_1_162' title='bbox 910 2055 1009 2126; x_wconf 91' lang='lat' dir='ltr'><strong>qui</strong></span> <span class='ocrx_word' id='word_1_163' title='bbox 1033 2054 1276 2109; x_wconf 89' lang='lat' dir='ltr'><strong>aderant</strong></span> <span class='ocrx_word' id='word_1_164' title='bbox 1298 2054 1541 2125; x_wconf 83' lang='lat' dir='ltr'><strong>rogabat</strong></span> <span class='ocrx_word' id='word_1_165' title='bbox 1570 2056 1852 2123; x_wconf 87' lang='lat' dir='ltr'><strong>seniores,</strong></span> <span class='ocrx_word' id='word_1_166' title='bbox 1879 2061 1942 2110; x_wconf 90' lang='lat' dir='ltr'><strong>ut</strong></span> <span class='ocrx_word' id='word_1_167' title='bbox 1972 2056 2023 2111; x_wconf 92' lang='lat' dir='ltr'><strong>ei</strong></span> 
     </span>
    </p>
   </div>
   <div class='ocr_carea' id='block_1_21' title="bbox 370 2143 2022 2217">
    <p class='ocr_par' dir='ltr' id='par_1_21' title="bbox 370 2143 2022 2217">
     <span class='ocr_line' id='line_1_21' title="bbox 370 2143 2022 2217; baseline -0.001 -17"><span class='ocrx_word' id='word_1_168' title='bbox 370 2143 788 2217; x_wconf 85' lang='lat' dir='ltr'><strong>persuaderint</strong></span> <span class='ocrx_word' id='word_1_169' title='bbox 803 2148 868 2199; x_wconf 90' lang='lat' dir='ltr'><strong>ut</strong></span> <span class='ocrx_word' id='word_1_170' title='bbox 883 2159 1118 2198; x_wconf 88' lang='lat' dir='ltr'><strong>manum</strong></span> <span class='ocrx_word' id='word_1_171' title='bbox 1138 2143 1432 2198; x_wconf 84' lang='lat' dir='ltr'><strong>dexteram</strong></span> <span class='ocrx_word' id='word_1_172' title='bbox 1450 2144 2022 2217; x_wconf 84' lang='lat' dir='ltr'><strong>imponeretlecytho</strong></span> 
     </span>
    </p>
   </div>
   <div class='ocr_carea' id='block_1_22' title="bbox 372 2232 2022 2305">
    <p class='ocr_par' dir='ltr' id='par_1_22' title="bbox 372 2232 2022 2305">
     <span class='ocr_line' id='line_1_22' title="bbox 372 2232 2022 2305; baseline -0.001 -15"><span class='ocrx_word' id='word_1_173' title='bbox 372 2241 519 2290; x_wconf 89' lang='lat' dir='ltr'><strong>Cum</strong></span> <span class='ocrx_word' id='word_1_174' title='bbox 552 2235 591 2290; x_wconf 93' lang='lat' dir='ltr'><strong>ii</strong></span> <span class='ocrx_word' id='word_1_175' title='bbox 614 2238 809 2289; x_wconf 88' lang='lat' dir='ltr'><strong>autem</strong></span> <span class='ocrx_word' id='word_1_176' title='bbox 834 2232 1144 2302; x_wconf 81' lang='lat' dir='ltr'><strong>dixissent,</strong></span> <span class='ocrx_word' id='word_1_177' title='bbox 1169 2248 1302 2287; x_wconf 89' lang='lat' dir='ltr'><strong>eum</strong></span> <span class='ocrx_word' id='word_1_178' title='bbox 1328 2249 1440 2288; x_wconf 91' lang='lat' dir='ltr'><strong>non</strong></span> <span class='ocrx_word' id='word_1_179' title='bbox 1469 2249 1598 2289; x_wconf 88' lang='lat' dir='ltr'><strong>esse</strong></span> <span class='ocrx_word' id='word_1_180' title='bbox 1623 2232 1680 2288; x_wconf 91' lang='lat' dir='ltr'><strong>id</strong></span> <span class='ocrx_word' id='word_1_181' title='bbox 1705 2234 2022 2305; x_wconf 89' lang='lat' dir='ltr'><strong>facturum,</strong></span> 
     </span>
    </p>
   </div>
   <div class='ocr_carea' id='block_1_23' title="bbox 370 2321 2021 2395">
    <p class='ocr_par' dir='ltr' id='par_1_23' title="bbox 370 2321 2021 2395">
     <span class='ocr_line' id='line_1_23' title="bbox 370 2321 2021 2395; baseline -0.001 -16"><span class='ocrx_word' id='word_1_182' title='bbox 370 2326 516 2379; x_wconf 91' lang='lat' dir='ltr'><strong>dum</strong></span> <span class='ocrx_word' id='word_1_183' title='bbox 552 2339 753 2395; x_wconf 87' lang='lat' dir='ltr'><strong>preces</strong></span> <span class='ocrx_word' id='word_1_184' title='bbox 784 2326 917 2394; x_wconf 91' lang='lat' dir='ltr'><strong>post</strong></span> <span class='ocrx_word' id='word_1_185' title='bbox 949 2321 1070 2376; x_wconf 67' lang='lat' dir='ltr'><strong>hzec</strong></span> <span class='ocrx_word' id='word_1_186' title='bbox 1104 2321 1332 2391; x_wconf 88' lang='lat' dir='ltr'><strong>fierent,</strong></span> <span class='ocrx_word' id='word_1_187' title='bbox 1365 2323 1833 2377; x_wconf 86' lang='lat' dir='ltr'><strong>etvenerandum</strong></span> <span class='ocrx_word' id='word_1_188' title='bbox 1876 2322 2021 2378; x_wconf 91' lang='lat' dir='ltr'><strong>mihi</strong></span> 
     </span>
    </p>
   </div>
   <div class='ocr_carea' id='block_1_24' title="bbox 368 2410 2022 2484">
    <p class='ocr_par' dir='ltr' id='par_1_24' title="bbox 368 2410 2022 2484">
     <span class='ocr_line' id='line_1_24' title="bbox 368 2410 2022 2484; baseline -0.001 -16"><span class='ocrx_word' id='word_1_189' title='bbox 368 2418 551 2484; x_wconf 85' lang='lat' dir='ltr'><strong>caput</strong></span> <span class='ocrx_word' id='word_1_190' title='bbox 581 2414 794 2478; x_wconf 88' lang='lat' dir='ltr'><strong>oraret,</strong></span> <span class='ocrx_word' id='word_1_191' title='bbox 817 2410 913 2465; x_wconf 89' lang='lat' dir='ltr'><strong>ille</strong></span> <span class='ocrx_word' id='word_1_192' title='bbox 944 2426 1093 2483; x_wconf 92' lang='lat' dir='ltr'><strong>pone</strong></span> <span class='ocrx_word' id='word_1_193' title='bbox 1112 2418 1272 2465; x_wconf 83' lang='lat' dir='ltr'><strong>stans</strong></span> <span class='ocrx_word' id='word_1_194' title='bbox 1304 2410 1559 2480; x_wconf 87' lang='lat' dir='ltr'><strong>porrexit</strong></span> <span class='ocrx_word' id='word_1_195' title='bbox 1582 2412 1811 2466; x_wconf 90' lang='lat' dir='ltr'><strong>duabus</strong></span> <span class='ocrx_word' id='word_1_196' title='bbox 1837 2413 2022 2467; x_wconf 89' lang='lat' dir='ltr'><strong>mani-</strong></span> 
     </span>
    </p>
   </div>
   <div class='ocr_carea' id='block_1_25' title="bbox 372 2499 2026 2574">
    <p class='ocr_par' dir='ltr' id='par_1_25' title="bbox 372 2499 2026 2574">
     <span class='ocr_line' id='line_1_25' title="bbox 372 2499 2026 2574; baseline 0 -17"><span class='ocrx_word' id='word_1_197' title='bbox 372 2504 489 2557; x_wconf 90' lang='lat' dir='ltr'><strong>bus</strong></span> <span class='ocrx_word' id='word_1_198' title='bbox 512 2500 830 2574; x_wconf 81' lang='lat' dir='ltr'><strong>lecythum.</strong></span> <span class='ocrx_word' id='word_1_199' title='bbox 853 2502 906 2555; x_wconf 93' lang='lat' dir='ltr'><strong>Is</strong></span> <span class='ocrx_word' id='word_1_200' title='bbox 928 2505 1119 2555; x_wconf 89' lang='lat' dir='ltr'><strong>autem</strong></span> <span class='ocrx_word' id='word_1_201' title='bbox 1142 2499 1224 2554; x_wconf 75' lang='lat' dir='ltr'><strong>ita</strong></span> <span class='ocrx_word' id='word_1_202' title='bbox 1247 2500 1421 2570; x_wconf 74' lang='lat' dir='ltr'><strong>cmpit</strong></span> <span class='ocrx_word' id='word_1_203' title='bbox 1445 2505 1687 2567; x_wconf 86' lang='lat' dir='ltr'><strong>scatere,</strong></span> <span class='ocrx_word' id='word_1_204' title='bbox 1706 2505 1769 2555; x_wconf 94' lang='lat' dir='ltr'><strong>ut</strong></span> <span class='ocrx_word' id='word_1_205' title='bbox 1790 2502 1905 2557; x_wconf 90' lang='lat' dir='ltr'><strong>duo</strong></span> <span class='ocrx_word' id='word_1_206' title='bbox 1923 2506 2026 2557; x_wconf 89' lang='lat' dir='ltr'><strong>aut</strong></span> 
     </span>
    </p>
   </div>
   <div class='ocr_carea' id='block_1_26' title="bbox 369 2588 2023 2663">
    <p class='ocr_par' dir='ltr' id='par_1_26' title="bbox 369 2588 2023 2663">
     <span class='ocr_line' id='line_1_26' title="bbox 369 2588 2023 2663; baseline -0.002 -14"><span class='ocrx_word' id='word_1_207' title='bbox 369 2598 491 2649; x_wconf 86' lang='lat' dir='ltr'><strong>tres</strong></span> <span class='ocrx_word' id='word_1_208' title='bbox 511 2592 584 2647; x_wconf 92' lang='lat' dir='ltr'><strong>iis</strong></span> <span class='ocrx_word' id='word_1_209' title='bbox 602 2592 702 2663; x_wconf 90' lang='lat' dir='ltr'><strong>qui</strong></span> <span class='ocrx_word' id='word_1_210' title='bbox 726 2591 967 2645; x_wconf 88' lang='lat' dir='ltr'><strong>aderant</strong></span> <span class='ocrx_word' id='word_1_211' title='bbox 985 2588 1615 2659; x_wconf 62' lang='lat' dir='ltr'><strong>manusfextendercnt,</strong></span> <span class='ocrx_word' id='word_1_212' title='bbox 1635 2594 1691 2644; x_wconf 85' lang='lat' dir='ltr'><strong>et</strong></span> <span class='ocrx_word' id='word_1_213' title='bbox 1709 2606 1805 2644; x_wconf 91' lang='lat' dir='ltr'><strong>eas</strong></span> <span class='ocrx_word' id='word_1_214' title='bbox 1821 2590 2023 2660; x_wconf 89' lang='lat' dir='ltr'><strong>plenas</strong></span> 
     </span>
    </p>
   </div>
   <div class='ocr_carea' id='block_1_27' title="bbox 372 2678 2022 2752">
    <p class='ocr_par' dir='ltr' id='par_1_27' title="bbox 372 2678 2022 2752">
     <span class='ocr_line' id='line_1_27' title="bbox 372 2678 2022 2752; baseline -0.001 -15"><span class='ocrx_word' id='word_1_215' title='bbox 372 2682 501 2737; x_wconf 90' lang='lat' dir='ltr'><strong>oleo</strong></span> <span class='ocrx_word' id='word_1_216' title='bbox 534 2682 885 2752; x_wconf 87' lang='lat' dir='ltr'><strong>acciperent.</strong></span> <span class='ocrx_word' id='word_1_217' title='bbox 910 2679 1020 2734; x_wconf 90' lang='lat' dir='ltr'><strong>Sed</strong></span> <span class='ocrx_word' id='word_1_218' title='bbox 1044 2678 1178 2733; x_wconf 90' lang='lat' dir='ltr'><strong>licet</strong></span> <span class='ocrx_word' id='word_1_219' title='bbox 1194 2682 1249 2733; x_wconf 92' lang='lat' dir='ltr'><strong>et</strong></span> <span class='ocrx_word' id='word_1_220' title='bbox 1270 2678 1474 2732; x_wconf 76' lang='lat' dir='ltr'><strong>divinze</strong></span> <span class='ocrx_word' id='word_1_221' title='bbox 1493 2678 1691 2749; x_wconf 67' lang='lat' dir='ltr'><strong>gratiae</strong></span> <span class='ocrx_word' id='word_1_222' title='bbox 1710 2679 1916 2734; x_wconf 84' lang='lat' dir='ltr'><strong>fundat</strong></span> <span class='ocrx_word' id='word_1_223' title='bbox 1932 2698 2022 2735; x_wconf 87' lang='lat' dir='ltr'><strong>ra-</strong></span> 
     </span>
    </p>
   </div>
   <div class='ocr_carea' id='block_1_28' title="bbox 370 2766 2021 2839">
    <p class='ocr_par' dir='ltr' id='par_1_28' title="bbox 370 2766 2021 2839">
     <span class='ocr_line' id='line_1_28' title="bbox 370 2766 2021 2839; baseline -0.001 -14"><span class='ocrx_word' id='word_1_224' title='bbox 370 2772 527 2836; x_wconf 86' lang='lat' dir='ltr'><strong>dios,</strong></span> <span class='ocrx_word' id='word_1_225' title='bbox 548 2775 603 2825; x_wconf 88' lang='lat' dir='ltr'><strong>et</strong></span> <span class='ocrx_word' id='word_1_226' title='bbox 618 2768 790 2824; x_wconf 89' lang='lat' dir='ltr'><strong>rectis</strong></span> <span class='ocrx_word' id='word_1_227' title='bbox 804 2767 1015 2823; x_wconf 81' lang='lat' dir='ltr'><strong>officiis</strong></span> <span class='ocrx_word' id='word_1_228' title='bbox 1030 2766 1445 2839; x_wconf 60' lang='lat' dir='ltr'><strong>praclarisque</strong></span> <span class='ocrx_word' id='word_1_229' title='bbox 1461 2772 1517 2821; x_wconf 91' lang='lat' dir='ltr'><strong>et</strong></span> <span class='ocrx_word' id='word_1_230' title='bbox 1530 2783 1597 2821; x_wconf 90' lang='lat' dir='ltr'><strong>ex</strong></span> <span class='ocrx_word' id='word_1_231' title='bbox 1614 2766 1828 2821; x_wconf 90' lang='lat' dir='ltr'><strong>virtute</strong></span> <span class='ocrx_word' id='word_1_232' title='bbox 1846 2770 2021 2823; x_wconf 90' lang='lat' dir='ltr'><strong>rebus</strong></span> 
     </span>
    </p>
   </div>
   <div class='ocr_carea' id='block_1_29' title="bbox 368 2854 2021 2933">
    <p class='ocr_par' dir='ltr' id='par_1_29' title="bbox 368 2854 2021 2933">
     <span class='ocr_line' id='line_1_29' title="bbox 368 2854 2021 2933; baseline -0.002 -18"><span class='ocrx_word' id='word_1_233' title='bbox 368 2860 558 2933; x_wconf 83' lang='lat' dir='ltr'><strong>gestis</strong></span> <span class='ocrx_word' id='word_1_234' title='bbox 581 2854 659 2913; x_wconf 89' lang='lat' dir='ltr'><strong>sit</strong></span> <span class='ocrx_word' id='word_1_235' title='bbox 691 2857 918 2930; x_wconf 89' lang='lat' dir='ltr'><strong>plenus,</strong></span> <span class='ocrx_word' id='word_1_236' title='bbox 949 2860 1003 2911; x_wconf 93' lang='lat' dir='ltr'><strong>et</strong></span> <span class='ocrx_word' id='word_1_237' title='bbox 1035 2855 1295 2927; x_wconf 88' lang='lat' dir='ltr'><strong>quotidie</strong></span> <span class='ocrx_word' id='word_1_238' title='bbox 1324 2854 1561 2926; x_wconf 81' lang='lat' dir='ltr'><strong>colligat</strong></span> <span class='ocrx_word' id='word_1_239' title='bbox 1590 2872 1728 2927; x_wconf 89' lang='lat' dir='ltr'><strong>opes</strong></span> <span class='ocrx_word' id='word_1_240' title='bbox 1761 2856 2021 2927; x_wconf 86' lang='lat' dir='ltr'><strong>philoso-</strong></span> 
     </span>
    </p>
   </div>
   <div class='ocr_carea' id='block_1_30' title="bbox 372 2944 2023 3021">
    <p class='ocr_par' dir='ltr' id='par_1_30' title="bbox 372 2944 2023 3021">
     <span class='ocr_line' id='line_1_30' title="bbox 372 2944 2023 3021; baseline -0.001 -18"><span class='ocrx_word' id='word_1_241' title='bbox 372 2950 548 3021; x_wconf 76' lang='lat' dir='ltr'><strong>phiae,</strong></span> <span class='ocrx_word' id='word_1_242' title='bbox 574 2951 660 3002; x_wconf 89' lang='lat' dir='ltr'><strong>est</strong></span> <span class='ocrx_word' id='word_1_243' title='bbox 687 2952 886 3001; x_wconf 88' lang='lat' dir='ltr'><strong>tamen</strong></span> <span class='ocrx_word' id='word_1_244' title='bbox 910 2949 1071 3000; x_wconf 87' lang='lat' dir='ltr'><strong>tanta</strong></span> <span class='ocrx_word' id='word_1_245' title='bbox 1095 2944 1382 3000; x_wconf 86' lang='lat' dir='ltr'><strong>modestia</strong></span> <span class='ocrx_word' id='word_1_246' title='bbox 1399 2948 1455 3000; x_wconf 90' lang='lat' dir='ltr'><strong>et</strong></span> <span class='ocrx_word' id='word_1_247' title='bbox 1472 2944 1869 3000; x_wconf 86' lang='lat' dir='ltr'><strong>moderatione</strong></span> <span class='ocrx_word' id='word_1_248' title='bbox 1885 2963 2023 3017; x_wconf 69' lang='lat' dir='ltr'><strong>pra:-</strong></span> 
     </span>
    </p>
   </div>
   <div class='ocr_carea' id='block_1_31' title="bbox 370 3032 2021 3105">
    <p class='ocr_par' dir='ltr' id='par_1_31' title="bbox 370 3032 2021 3105">
     <span class='ocr_line' id='line_1_31' title="bbox 370 3032 2021 3105; baseline -0.001 -13"><span class='ocrx_word' id='word_1_249' title='bbox 370 3040 557 3105; x_wconf 89' lang='lat' dir='ltr'><strong>ditus,</strong></span> <span class='ocrx_word' id='word_1_250' title='bbox 594 3035 1145 3105; x_wconf 89' lang='lat' dir='ltr'><strong>utuniuscujusque</strong></span> <span class='ocrx_word' id='word_1_251' title='bbox 1163 3050 1231 3089; x_wconf 90' lang='lat' dir='ltr'><strong>ex</strong></span> <span class='ocrx_word' id='word_1_252' title='bbox 1253 3034 1324 3088; x_wconf 91' lang='lat' dir='ltr'><strong>iis</strong></span> <span class='ocrx_word' id='word_1_253' title='bbox 1352 3033 1452 3105; x_wconf 91' lang='lat' dir='ltr'><strong>qui</strong></span> <span class='ocrx_word' id='word_1_254' title='bbox 1472 3034 1540 3087; x_wconf 90' lang='lat' dir='ltr'><strong>ad</strong></span> <span class='ocrx_word' id='word_1_255' title='bbox 1560 3032 1755 3104; x_wconf 78' lang='lat' dir='ltr'><strong>ipsum</strong></span> <span class='ocrx_word' id='word_1_256' title='bbox 1780 3035 2021 3090; x_wconf 87' lang='lat' dir='ltr'><strong>veniunt</strong></span> 
     </span>
    </p>
   </div>
   <div class='ocr_carea' id='block_1_32' title="bbox 369 3123 2017 3198">
    <p class='ocr_par' dir='ltr' id='par_1_32' title="bbox 369 3123 2017 3198">
     <span class='ocr_line' id='line_1_32' title="bbox 369 3123 2017 3198; baseline -0.002 -15"><span class='ocrx_word' id='word_1_257' title='bbox 369 3130 582 3183; x_wconf 88' lang='lat' dir='ltr'><strong>ambos</strong></span> <span class='ocrx_word' id='word_1_258' title='bbox 605 3126 783 3198; x_wconf 88' lang='lat' dir='ltr'><strong>pedes</strong></span> <span class='ocrx_word' id='word_1_259' title='bbox 804 3124 1209 3196; x_wconf 86' lang='lat' dir='ltr'><strong>amplectatur,</strong></span> <span class='ocrx_word' id='word_1_260' title='bbox 1230 3128 1286 3179; x_wconf 91' lang='lat' dir='ltr'><strong>et</strong></span> <span class='ocrx_word' id='word_1_261' title='bbox 1300 3124 1546 3179; x_wconf 81' lang='lat' dir='ltr'><strong>frontem</strong></span> <span class='ocrx_word' id='word_1_262' title='bbox 1570 3127 1733 3177; x_wconf 76' lang='lat' dir='ltr'><strong>terrae</strong></span> <span class='ocrx_word' id='word_1_263' title='bbox 1752 3123 2017 3195; x_wconf 85' lang='lat' dir='ltr'><strong>imponat</strong></span> 
     </span>
    </p>
   </div>
   <div class='ocr_carea' id='block_1_33' title="bbox 375 3212 1790 3283">
    <p class='ocr_par' dir='ltr' id='par_1_33' title="bbox 375 3212 1790 3283">
     <span class='ocr_line' id='line_1_33' title="bbox 375 3212 1790 3283; baseline -0.005 -11"><span class='ocrx_word' id='word_1_264' title='bbox 375 3218 497 3273; x_wconf 86' lang='lat' dir='ltr'><strong>sive</strong></span> <span class='ocrx_word' id='word_1_265' title='bbox 539 3215 714 3270; x_wconf 80' lang='lat' dir='ltr'><strong>fuerit</strong></span> <span class='ocrx_word' id='word_1_266' title='bbox 744 3212 936 3283; x_wconf 85' lang='lat' dir='ltr'><strong>miles,</strong></span> <span class='ocrx_word' id='word_1_267' title='bbox 969 3215 1089 3269; x_wconf 89' lang='lat' dir='ltr'><strong>sive</strong></span> <span class='ocrx_word' id='word_1_268' title='bbox 1120 3213 1331 3283; x_wconf 82' lang='lat' dir='ltr'><strong>opifex,</strong></span> <span class='ocrx_word' id='word_1_269' title='bbox 1368 3212 1487 3267; x_wconf 88' lang='lat' dir='ltr'><strong>sive</strong></span> <span class='ocrx_word' id='word_1_270' title='bbox 1514 3212 1790 3267; x_wconf 88' lang='lat' dir='ltr'><strong>rusticus.</strong></span> 
     </span>
    </p>
   </div>
   <div class='ocr_carea' id='block_1_34' title="bbox 448 3301 2024 3374">
    <p class='ocr_par' dir='ltr' id='par_1_34' title="bbox 448 3301 2024 3374">
     <span class='ocr_line' id='line_1_34' title="bbox 448 3301 2024 3374; baseline -0.004 -13"><span class='ocrx_word' id='word_1_271' title='bbox 448 3305 711 3361; x_wconf 86' lang='lat' dir='ltr'><strong>Narrabo</strong></span> <span class='ocrx_word' id='word_1_272' title='bbox 762 3308 957 3359; x_wconf 90' lang='lat' dir='ltr'><strong>autem</strong></span> <span class='ocrx_word' id='word_1_273' title='bbox 989 3302 1209 3373; x_wconf 89' lang='lat' dir='ltr'><strong>aliquid</strong></span> <span class='ocrx_word' id='word_1_274' title='bbox 1251 3302 1406 3374; x_wconf 74' lang='lat' dir='ltr'><strong>quod</strong></span> <span class='ocrx_word' id='word_1_275' title='bbox 1442 3301 1630 3373; x_wconf 85' lang='lat' dir='ltr'><strong>possit</strong></span> <span class='ocrx_word' id='word_1_276' title='bbox 1660 3302 1865 3357; x_wconf 92' lang='lat' dir='ltr'><strong>docere</strong></span> <span class='ocrx_word' id='word_1_277' title='bbox 1896 3302 2024 3371; x_wconf 88' lang='lat' dir='ltr'><strong>ejus</strong></span> 
     </span>
    </p>
   </div>
   <div class='ocr_carea' id='block_1_35' title="bbox 372 3390 2023 3466">
    <p class='ocr_par' dir='ltr' id='par_1_35' title="bbox 372 3390 2023 3466">
     <span class='ocr_line' id='line_1_35' title="bbox 372 3390 2023 3466; baseline -0.004 -16"><span class='ocrx_word' id='word_1_278' title='bbox 372 3393 821 3466; x_wconf 89' lang='lat' dir='ltr'><strong>simplicitatem</strong></span> <span class='ocrx_word' id='word_1_279' title='bbox 853 3396 909 3447; x_wconf 90' lang='lat' dir='ltr'><strong>et</strong></span> <span class='ocrx_word' id='word_1_280' title='bbox 931 3391 1406 3448; x_wconf 86' lang='lat' dir='ltr'><strong>moderationem.</strong></span> <span class='ocrx_word' id='word_1_281' title='bbox 1440 3390 1688 3453; x_wconf 84' lang='lat' dir='ltr'><strong>Quidam</strong></span> <span class='ocrx_word' id='word_1_282' title='bbox 1704 3390 1795 3444; x_wconf 90' lang='lat' dir='ltr'><strong>vir</strong></span> <span class='ocrx_word' id='word_1_283' title='bbox 1811 3390 2023 3456; x_wconf 89' lang='lat' dir='ltr'><strong>bonus,</strong></span> 
     </span>
    </p>
   </div>
   <div class='ocr_carea' id='block_1_36' title="bbox 371 3479 2023 3554">
    <p class='ocr_par' dir='ltr' id='par_1_36' title="bbox 371 3479 2023 3554">
     <span class='ocr_line' id='line_1_36' title="bbox 371 3479 2023 3554; baseline -0.003 -16"><span class='ocrx_word' id='word_1_284' title='bbox 371 3485 468 3539; x_wconf 92' lang='lat' dir='ltr'><strong>cui</strong></span> <span class='ocrx_word' id='word_1_285' title='bbox 502 3484 684 3553; x_wconf 83' lang='lat' dir='ltr'><strong>hujus</strong></span> <span class='ocrx_word' id='word_1_286' title='bbox 705 3482 899 3554; x_wconf 89' lang='lat' dir='ltr'><strong>gentis</strong></span> <span class='ocrx_word' id='word_1_287' title='bbox 918 3480 1128 3551; x_wconf 90' lang='lat' dir='ltr'><strong>obtigit</strong></span> <span class='ocrx_word' id='word_1_288' title='bbox 1150 3479 1514 3551; x_wconf 74' lang='lat' dir='ltr'><strong>praefectura,</strong></span> <span class='ocrx_word' id='word_1_289' title='bbox 1535 3496 1666 3534; x_wconf 88' lang='lat' dir='ltr'><strong>cum</strong></span> <span class='ocrx_word' id='word_1_290' title='bbox 1694 3479 1906 3551; x_wconf 82' lang='lat' dir='ltr'><strong>Cyrum</strong></span> <span class='ocrx_word' id='word_1_291' title='bbox 1931 3495 2023 3533; x_wconf 90' lang='lat' dir='ltr'><strong>ve-</strong></span> 
     </span>
    </p>
   </div>
   <div class='ocr_carea' id='block_1_37' title="bbox 374 3565 2025 3639">
    <p class='ocr_par' dir='ltr' id='par_1_37' title="bbox 374 3565 2025 3639">
     <span class='ocr_line' id='line_1_37' title="bbox 374 3565 2025 3639; baseline -0.004 -14"><span class='ocrx_word' id='word_1_292' title='bbox 374 3571 582 3636; x_wconf 77' lang='lat' dir='ltr'><strong>nisset,</strong></span> <span class='ocrx_word' id='word_1_293' title='bbox 610 3568 883 3639; x_wconf 88' lang='lat' dir='ltr'><strong>cupiebat</strong></span> <span class='ocrx_word' id='word_1_294' title='bbox 904 3584 1133 3622; x_wconf 90' lang='lat' dir='ltr'><strong>mecum</strong></span> <span class='ocrx_word' id='word_1_295' title='bbox 1158 3565 1523 3638; x_wconf 88' lang='lat' dir='ltr'><strong>fruiaspectu</strong></span> <span class='ocrx_word' id='word_1_296' title='bbox 1550 3565 1757 3621; x_wconf 87' lang='lat' dir='ltr'><strong>horum</strong></span> <span class='ocrx_word' id='word_1_297' title='bbox 1783 3582 2025 3637; x_wconf 88' lang='lat' dir='ltr'><strong>magno-</strong></span> 
     </span>
    </p>
   </div>
   <div class='ocr_carea' id='block_1_38' title="bbox 375 3656 2025 3728">
    <p class='ocr_par' dir='ltr' id='par_1_38' title="bbox 375 3656 2025 3728">
     <span class='ocr_line' id='line_1_38' title="bbox 375 3656 2025 3728; baseline -0.002 -13"><span class='ocrx_word' id='word_1_298' title='bbox 375 3678 509 3715; x_wconf 91' lang='lat' dir='ltr'><strong>rum</strong></span> <span class='ocrx_word' id='word_1_299' title='bbox 527 3659 880 3714; x_wconf 85' lang='lat' dir='ltr'><strong>athletarum</strong></span> <span class='ocrx_word' id='word_1_300' title='bbox 894 3657 1057 3712; x_wconf 90' lang='lat' dir='ltr'><strong>.Cum</strong></span> <span class='ocrx_word' id='word_1_301' title='bbox 1074 3656 1218 3712; x_wconf 90' lang='lat' dir='ltr'><strong>alios</strong></span> <span class='ocrx_word' id='word_1_302' title='bbox 1232 3673 1367 3728; x_wconf 89' lang='lat' dir='ltr'><strong>ergo</strong></span> <span class='ocrx_word' id='word_1_303' title='bbox 1382 3657 1757 3722; x_wconf 89' lang='lat' dir='ltr'><strong>obiissemus,</strong></span> <span class='ocrx_word' id='word_1_304' title='bbox 1773 3658 1845 3712; x_wconf 90' lang='lat' dir='ltr'><strong>ad</strong></span> <span class='ocrx_word' id='word_1_305' title='bbox 1872 3657 2025 3711; x_wconf 90' lang='lat' dir='ltr'><strong>hunc</strong></span> 
     </span>
    </p>
   </div>
   <div class='ocr_carea' id='block_1_39' title="bbox 372 3746 2023 3821">
    <p class='ocr_par' dir='ltr' id='par_1_39' title="bbox 372 3746 2023 3821">
     <span class='ocr_line' id='line_1_39' title="bbox 372 3746 2023 3821; baseline -0.002 -17"><span class='ocrx_word' id='word_1_306' title='bbox 372 3765 613 3821; x_wconf 88' lang='lat' dir='ltr'><strong>quoque</strong></span> <span class='ocrx_word' id='word_1_307' title='bbox 644 3747 1001 3803; x_wconf 84' lang='lat' dir='ltr'><strong>accessimus</strong></span> <span class='ocrx_word' id='word_1_308' title='bbox 1024 3748 1193 3817; x_wconf 83' lang='lat' dir='ltr'><strong>cujus</strong></span> <span class='ocrx_word' id='word_1_309' title='bbox 1216 3746 1487 3801; x_wconf 89' lang='lat' dir='ltr'><strong>virtutem</strong></span> <span class='ocrx_word' id='word_1_310' title='bbox 1516 3762 1671 3801; x_wconf 89' lang='lat' dir='ltr'><strong>nunc</strong></span> <span class='ocrx_word' id='word_1_311' title='bbox 1695 3762 2023 3801; x_wconf 88' lang='lat' dir='ltr'><strong>narramus.</strong></span> 
     </span>
    </p>
   </div>
   <div class='ocr_carea' id='block_1_40' title="bbox 371 3835 2022 3909">
    <p class='ocr_par' dir='ltr' id='par_1_40' title="bbox 371 3835 2022 3909">
     <span class='ocr_line' id='line_1_40' title="bbox 371 3835 2022 3909; baseline -0.002 -17"><span class='ocrx_word' id='word_1_312' title='bbox 371 3844 515 3893; x_wconf 91' lang='lat' dir='ltr'><strong>Cum</strong></span> <span class='ocrx_word' id='word_1_313' title='bbox 538 3854 645 3909; x_wconf 87' lang='lat' dir='ltr'><strong>ego</strong></span> <span class='ocrx_word' id='word_1_314' title='bbox 662 3836 856 3908; x_wconf 83' lang='lat' dir='ltr'><strong>itaque</strong></span> <span class='ocrx_word' id='word_1_315' title='bbox 873 3836 1152 3891; x_wconf 82' lang='lat' dir='ltr'><strong>dixissem</strong></span> <span class='ocrx_word' id='word_1_316' title='bbox 1168 3852 1297 3891; x_wconf 90' lang='lat' dir='ltr'><strong>esse</strong></span> <span class='ocrx_word' id='word_1_317' title='bbox 1314 3836 1654 3907; x_wconf 72' lang='lat' dir='ltr'><strong>praefectum</strong></span> <span class='ocrx_word' id='word_1_318' title='bbox 1680 3835 1778 3907; x_wconf 88' lang='lat' dir='ltr'><strong>qui</strong></span> <span class='ocrx_word' id='word_1_319' title='bbox 1795 3851 2022 3890; x_wconf 88' lang='lat' dir='ltr'><strong>mecum</strong></span> 
     </span>
    </p>
   </div>
   <div class='ocr_carea' id='block_1_41' title="bbox 370 3925 2025 3998">
    <p class='ocr_par' dir='ltr' id='par_1_41' title="bbox 370 3925 2025 3998">
     <span class='ocr_line' id='line_1_41' title="bbox 370 3925 2025 3998; baseline -0.001 -15"><span class='ocrx_word' id='word_1_320' title='bbox 370 3927 746 3993; x_wconf 82' lang='lat' dir='ltr'><strong>accessisset,</strong></span> <span class='ocrx_word' id='word_1_321' title='bbox 768 3925 1263 3998; x_wconf 66' lang='lat' dir='ltr'><strong>etazquijustique</strong></span> <span class='ocrx_word' id='word_1_322' title='bbox 1278 3929 1621 3993; x_wconf 86' lang='lat' dir='ltr'><strong>amatorem,</strong></span> <span class='ocrx_word' id='word_1_323' title='bbox 1640 3926 1837 3980; x_wconf 87' lang='lat' dir='ltr'><strong>statim</strong></span> <span class='ocrx_word' id='word_1_324' title='bbox 1854 3925 2025 3981; x_wconf 92' lang='lat' dir='ltr'><strong>homo</strong></span> 
     </span>
    </p>
   </div>
   <div class='ocr_carea' id='block_1_42' title="bbox 369 4014 2022 4085">
    <p class='ocr_par' dir='ltr' id='par_1_42' title="bbox 369 4014 2022 4085">
     <span class='ocr_line' id='line_1_42' title="bbox 369 4014 2022 4085; baseline -0.001 -13"><span class='ocrx_word' id='word_1_325' title='bbox 369 4018 612 4072; x_wconf 79' lang='lat' dir='ltr'><strong>divinus</strong></span> <span class='ocrx_word' id='word_1_326' title='bbox 629 4021 907 4085; x_wconf 85' lang='lat' dir='ltr'><strong>utrasque</strong></span> <span class='ocrx_word' id='word_1_327' title='bbox 930 4031 1138 4070; x_wconf 88' lang='lat' dir='ltr'><strong>manus</strong></span> <span class='ocrx_word' id='word_1_328' title='bbox 1157 4015 1402 4069; x_wconf 90' lang='lat' dir='ltr'><strong>tendens</strong></span> <span class='ocrx_word' id='word_1_329' title='bbox 1418 4023 1471 4069; x_wconf 91' lang='lat' dir='ltr'><strong>et</strong></span> <span class='ocrx_word' id='word_1_330' title='bbox 1486 4014 1688 4069; x_wconf 89' lang='lat' dir='ltr'><strong>ambos</strong></span> <span class='ocrx_word' id='word_1_331' title='bbox 1704 4015 1877 4085; x_wconf 89' lang='lat' dir='ltr'><strong>pedes</strong></span> <span class='ocrx_word' id='word_1_332' title='bbox 1892 4032 2022 4085; x_wconf 84' lang='lat' dir='ltr'><strong>pre-</strong></span> 
     </span>
    </p>
   </div>
   <div class='ocr_carea' id='block_1_43' title="bbox 366 4102 2023 4175">
    <p class='ocr_par' dir='ltr' id='par_1_43' title="bbox 366 4102 2023 4175">
     <span class='ocr_line' id='line_1_43' title="bbox 366 4102 2023 4175; baseline -0.001 -15"><span class='ocrx_word' id='word_1_333' title='bbox 366 4106 677 4161; x_wconf 80' lang='lat' dir='ltr'><strong>hendens:</strong></span> <span class='ocrx_word' id='word_1_334' title='bbox 712 4104 870 4173; x_wconf 83' lang='lat' dir='ltr'><strong>Volo,</strong></span> <span class='ocrx_word' id='word_1_335' title='bbox 895 4103 1113 4175; x_wconf 83' lang='lat' dir='ltr'><strong>inquit,</strong></span> <span class='ocrx_word' id='word_1_336' title='bbox 1147 4108 1211 4157; x_wconf 95' lang='lat' dir='ltr'><strong>ut</strong></span> <span class='ocrx_word' id='word_1_337' title='bbox 1242 4102 1386 4158; x_wconf 90' lang='lat' dir='ltr'><strong>mihi</strong></span> <span class='ocrx_word' id='word_1_338' title='bbox 1419 4102 1677 4174; x_wconf 89' lang='lat' dir='ltr'><strong>aliquam</strong></span> <span class='ocrx_word' id='word_1_339' title='bbox 1714 4104 2023 4175; x_wconf 89' lang='lat' dir='ltr'><strong>promittas</strong></span> 
     </span>
    </p>
   </div>
   <div class='ocr_carea' id='block_1_44' title="bbox 367 4193 2024 4267">
    <p class='ocr_par' dir='ltr' id='par_1_44' title="bbox 367 4193 2024 4267">
     <span class='ocr_line' id='line_1_44' title="bbox 367 4193 2024 4267; baseline -0.001 -17"><span class='ocrx_word' id='word_1_340' title='bbox 367 4196 734 4267; x_wconf 88' lang='lat' dir='ltr'><strong>petitionem.</strong></span> <span class='ocrx_word' id='word_1_341' title='bbox 759 4193 905 4248; x_wconf 86' lang='lat' dir='ltr'><strong>Cum</strong></span> <span class='ocrx_word' id='word_1_342' title='bbox 930 4196 977 4248; x_wconf 90' lang='lat' dir='ltr'><strong>is</strong></span> <span class='ocrx_word' id='word_1_343' title='bbox 1000 4197 1192 4247; x_wconf 87' lang='lat' dir='ltr'><strong>autem</strong></span> <span class='ocrx_word' id='word_1_344' title='bbox 1216 4208 1363 4263; x_wconf 72' lang='lat' dir='ltr'><strong>aegre</strong></span> <span class='ocrx_word' id='word_1_345' title='bbox 1381 4193 1572 4260; x_wconf 86' lang='lat' dir='ltr'><strong>ferret,</strong></span> <span class='ocrx_word' id='word_1_346' title='bbox 1594 4197 1649 4247; x_wconf 92' lang='lat' dir='ltr'><strong>et</strong></span> <span class='ocrx_word' id='word_1_347' title='bbox 1672 4201 1735 4247; x_wconf 84' lang='lat' dir='ltr'><strong>ut</strong></span> <span class='ocrx_word' id='word_1_348' title='bbox 1758 4198 2024 4265; x_wconf 88' lang='lat' dir='ltr'><strong>surgeret</strong></span> 
     </span>
    </p>
   </div>
   <div class='ocr_carea' id='block_1_45' title="bbox 368 4280 2023 4353">
    <p class='ocr_par' dir='ltr' id='par_1_45' title="bbox 368 4280 2023 4353">
     <span class='ocr_line' id='line_1_45' title="bbox 368 4280 2023 4353; baseline -0.001 -15"><span class='ocrx_word' id='word_1_349' title='bbox 368 4289 589 4353; x_wconf 88' lang='lat' dir='ltr'><strong>oraret,</strong></span> <span class='ocrx_word' id='word_1_350' title='bbox 612 4287 671 4338; x_wconf 91' lang='lat' dir='ltr'><strong>et</strong></span> <span class='ocrx_word' id='word_1_351' title='bbox 703 4299 763 4338; x_wconf 84' lang='lat' dir='ltr'><strong>se</strong></span> <span class='ocrx_word' id='word_1_352' title='bbox 795 4282 947 4353; x_wconf 90' lang='lat' dir='ltr'><strong>quod</strong></span> <span class='ocrx_word' id='word_1_353' title='bbox 967 4280 1214 4352; x_wconf 89' lang='lat' dir='ltr'><strong>jusserit</strong></span> <span class='ocrx_word' id='word_1_354' title='bbox 1235 4280 1525 4336; x_wconf 90' lang='lat' dir='ltr'><strong>facturum</strong></span> <span class='ocrx_word' id='word_1_355' title='bbox 1555 4281 2023 4353; x_wconf 86' lang='lat' dir='ltr'><strong>polliceret(con-</strong></span> 
     </span>
    </p>
   </div>
   <div class='ocr_carea' id='block_1_46' title="bbox 356 4369 2019 4444">
    <p class='ocr_par' dir='ltr' id='par_1_46' title="bbox 356 4369 2019 4444">
     <span class='ocr_line' id='line_1_46' title="bbox 356 4369 2019 4444; baseline -0.001 -17"><span class='ocrx_word' id='word_1_356' title='bbox 356 4373 613 4444; x_wconf 86' lang='lat' dir='ltr'><strong>jiciebat</strong></span> <span class='ocrx_word' id='word_1_357' title='bbox 635 4371 793 4427; x_wconf 88' lang='lat' dir='ltr'><strong>enim</strong></span> <span class='ocrx_word' id='word_1_358' title='bbox 819 4388 955 4427; x_wconf 89' lang='lat' dir='ltr'><strong>eum</strong></span> <span class='ocrx_word' id='word_1_359' title='bbox 988 4369 1131 4425; x_wconf 88' lang='lat' dir='ltr'><strong>velle</strong></span> <span class='ocrx_word' id='word_1_360' title='bbox 1158 4386 1363 4443; x_wconf 85' lang='lat' dir='ltr'><strong>rogare</strong></span> <span class='ocrx_word' id='word_1_361' title='bbox 1386 4387 1490 4442; x_wconf 91' lang='lat' dir='ltr'><strong>pro</strong></span> <span class='ocrx_word' id='word_1_362' title='bbox 1508 4369 1699 4441; x_wconf 88' lang='lat' dir='ltr'><strong>aliqua</strong></span> <span class='ocrx_word' id='word_1_363' title='bbox 1719 4388 1787 4426; x_wconf 84' lang='lat' dir='ltr'><strong>ex</strong></span> <span class='ocrx_word' id='word_1_364' title='bbox 1822 4371 1895 4427; x_wconf 88' lang='lat' dir='ltr'><strong>iis</strong></span> <span class='ocrx_word' id='word_1_365' title='bbox 1919 4372 2019 4444; x_wconf 90' lang='lat' dir='ltr'><strong>qui</strong></span> 
     </span>
    </p>
   </div>
   <div class='ocr_carea' id='block_1_47' title="bbox 362 4459 2015 4533">
    <p class='ocr_par' dir='ltr' id='par_1_47' title="bbox 362 4459 2015 4533">
     <span class='ocr_line' id='line_1_47' title="bbox 362 4459 2015 4533; baseline 0.001 -17"><span class='ocrx_word' id='word_1_366' title='bbox 362 4465 497 4531; x_wconf 81' lang='lat' dir='ltr'><strong>ejus</strong></span> <span class='ocrx_word' id='word_1_367' title='bbox 522 4462 807 4533; x_wconf 88' lang='lat' dir='ltr'><strong>parebant</strong></span> <span class='ocrx_word' id='word_1_368' title='bbox 828 4459 1098 4531; x_wconf 88' lang='lat' dir='ltr'><strong>ditioni):</strong></span> <span class='ocrx_word' id='word_1_369' title='bbox 1133 4459 1419 4523; x_wconf 89' lang='lat' dir='ltr'><strong>Quoniam</strong></span> <span class='ocrx_word' id='word_1_370' title='bbox 1445 4476 1604 4531; x_wconf 90' lang='lat' dir='ltr'><strong>ergo,</strong></span> <span class='ocrx_word' id='word_1_371' title='bbox 1630 4460 1818 4531; x_wconf 89' lang='lat' dir='ltr'><strong>inquit</strong></span> <span class='ocrx_word' id='word_1_372' title='bbox 1842 4460 2015 4517; x_wconf 93' lang='lat' dir='ltr'><strong>homo</strong></span> 
     </span>
    </p>
   </div>
   <div class='ocr_carea' id='block_1_48' title="bbox 2139 546 3788 632">
    <p class='ocr_par' dir='ltr' id='par_1_48' title="bbox 2139 546 3788 632">
     <span class='ocr_line' id='line_1_48' title="bbox 2139 546 3788 632; baseline 0.018 -37"><span class='ocrx_word' id='word_1_373' title='bbox 2139 552 2297 610; x_wconf 90' lang='lat' dir='ltr'><strong>runt,</strong></span> <span class='ocrx_word' id='word_1_374' title='bbox 2332 546 2431 599; x_wconf 89' lang='lat' dir='ltr'><strong>sed</strong></span> <span class='ocrx_word' id='word_1_375' title='bbox 2466 546 2611 602; x_wconf 89' lang='lat' dir='ltr'><strong>nihil</strong></span> <span class='ocrx_word' id='word_1_376' title='bbox 2644 550 2717 603; x_wconf 88' lang='lat' dir='ltr'><strong>ab</strong></span> <span class='ocrx_word' id='word_1_377' title='bbox 2743 549 2859 607; x_wconf 89' lang='lat' dir='ltr'><strong>ullo</strong></span> <span class='ocrx_word' id='word_1_378' title='bbox 2893 570 3153 626; x_wconf 90' lang='lat' dir='ltr'><strong>unquam</strong></span> <span class='ocrx_word' id='word_1_379' title='bbox 3179 563 3422 632; x_wconf 90' lang='lat' dir='ltr'><strong>accepit,</strong></span> <span class='ocrx_word' id='word_1_380' title='bbox 3453 566 3553 619; x_wconf 91' lang='lat' dir='ltr'><strong>sed</strong></span> <span class='ocrx_word' id='word_1_381' title='bbox 3586 546 3788 624; x_wconf 79' lang='lat' dir='ltr'><strong>eorum</strong></span> 
     </span>
    </p>
   </div>
   <div class='ocr_carea' id='block_1_49' title="bbox 2137 634 3790 718">
    <p class='ocr_par' dir='ltr' id='par_1_49' title="bbox 2137 634 3790 718">
     <span class='ocr_line' id='line_1_49' title="bbox 2137 634 3790 718; baseline 0.017 -33"><span class='ocrx_word' id='word_1_382' title='bbox 2137 649 2264 703; x_wconf 69' lang='lat' dir='ltr'><strong>quae</strong></span> <span class='ocrx_word' id='word_1_383' title='bbox 2288 634 2976 709; x_wconf 76' lang='lat' dir='ltr'><strong>offerebantureosjussit</strong></span> <span class='ocrx_word' id='word_1_384' title='bbox 2990 660 3118 700; x_wconf 89' lang='lat' dir='ltr'><strong>esse</strong></span> <span class='ocrx_word' id='word_1_385' title='bbox 3131 646 3586 718; x_wconf 88' lang='lat' dir='ltr'><strong>dispensatores.</strong></span> <span class='ocrx_word' id='word_1_386' title='bbox 3616 656 3687 711; x_wconf 87' lang='lat' dir='ltr'><strong>Pc</strong></span> <span class='ocrx_word' id='word_1_387' title='bbox 3699 675 3790 713; x_wconf 90' lang='lat' dir='ltr'><strong>rro</strong></span> 
     </span>
    </p>
   </div>
   <div class='ocr_carea' id='block_1_50' title="bbox 2139 727 3788 812">
    <p class='ocr_par' dir='ltr' id='par_1_50' title="bbox 2139 727 3788 812">
     <span class='ocr_line' id='line_1_50' title="bbox 2139 727 3788 812; baseline 0.017 -38"><span class='ocrx_word' id='word_1_388' title='bbox 2139 727 2333 812; x_wconf 87' lang='lat' dir='ltr'><strong>autem</strong></span> <span class='ocrx_word' id='word_1_389' title='bbox 2351 740 2601 795; x_wconf 86' lang='lat' dir='ltr'><strong>magnus</strong></span> <span class='ocrx_word' id='word_1_390' title='bbox 2616 744 2849 799; x_wconf 91' lang='lat' dir='ltr'><strong>quoque</strong></span> <span class='ocrx_word' id='word_1_391' title='bbox 2866 731 3121 789; x_wconf 88' lang='lat' dir='ltr'><strong>Jacobus</strong></span> <span class='ocrx_word' id='word_1_392' title='bbox 3137 736 3389 793; x_wconf 88' lang='lat' dir='ltr'><strong>cilicium</strong></span> <span class='ocrx_word' id='word_1_393' title='bbox 3420 743 3491 795; x_wconf 90' lang='lat' dir='ltr'><strong>ab</strong></span> <span class='ocrx_word' id='word_1_394' title='bbox 3515 744 3788 812; x_wconf 88' lang='lat' dir='ltr'><strong>aliqucad</strong></span> 
     </span>
    </p>
   </div>
   <div class='ocr_carea' id='block_1_51' title="bbox 2138 810 3785 904">
    <p class='ocr_par' dir='ltr' id='par_1_51' title="bbox 2138 810 3785 904">
     <span class='ocr_line' id='line_1_51' title="bbox 2138 810 3785 904; baseline 0.018 -42"><span class='ocrx_word' id='word_1_395' title='bbox 2138 826 2201 864; x_wconf 89' lang='lat' dir='ltr'><strong>se</strong></span> <span class='ocrx_word' id='word_1_396' title='bbox 2231 810 2491 904; x_wconf 81' lang='lat' dir='ltr'><strong>delatum</strong></span> <span class='ocrx_word' id='word_1_397' title='bbox 2526 816 2595 869; x_wconf 90' lang='lat' dir='ltr'><strong>ad</strong></span> <span class='ocrx_word' id='word_1_398' title='bbox 2625 816 2819 886; x_wconf 91' lang='lat' dir='ltr'><strong>ipsum</strong></span> <span class='ocrx_word' id='word_1_399' title='bbox 2846 821 3044 891; x_wconf 87' lang='lat' dir='ltr'><strong>misit;</strong></span> <span class='ocrx_word' id='word_1_400' title='bbox 3072 826 3171 879; x_wconf 89' lang='lat' dir='ltr'><strong>sed</strong></span> <span class='ocrx_word' id='word_1_401' title='bbox 3206 825 3261 879; x_wconf 90' lang='lat' dir='ltr'><strong>id</strong></span> <span class='ocrx_word' id='word_1_402' title='bbox 3285 843 3517 901; x_wconf 87' lang='lat' dir='ltr'><strong>quoque</strong></span> <span class='ocrx_word' id='word_1_403' title='bbox 3540 810 3785 904; x_wconf 82' lang='lat' dir='ltr'><strong>remisit,</strong></span> 
     </span>
    </p>
   </div>
   <div class='ocr_carea' id='block_1_52' title="bbox 2138 900 3786 994">
    <p class='ocr_par' dir='ltr' id='par_1_52' title="bbox 2138 900 3786 994">
     <span class='ocr_line' id='line_1_52' title="bbox 2138 900 3786 994; baseline 0.017 -43"><span class='ocrx_word' id='word_1_404' title='bbox 2138 915 2269 994; x_wconf 84' lang='lat' dir='ltr'><strong>cum</strong></span> <span class='ocrx_word' id='word_1_405' title='bbox 2304 900 2358 954; x_wconf 92' lang='lat' dir='ltr'><strong>id</strong></span> <span class='ocrx_word' id='word_1_406' title='bbox 2392 918 2519 957; x_wconf 91' lang='lat' dir='ltr'><strong>esse</strong></span> <span class='ocrx_word' id='word_1_407' title='bbox 2538 906 2757 994; x_wconf 89' lang='lat' dir='ltr'><strong>videret</strong></span> <span class='ocrx_word' id='word_1_408' title='bbox 2784 909 3023 965; x_wconf 91' lang='lat' dir='ltr'><strong>densius</strong></span> <span class='ocrx_word' id='word_1_409' title='bbox 3047 918 3101 967; x_wconf 90' lang='lat' dir='ltr'><strong>et</strong></span> <span class='ocrx_word' id='word_1_410' title='bbox 3131 900 3477 985; x_wconf 84' lang='lat' dir='ltr'><strong>elegantius.</strong></span> <span class='ocrx_word' id='word_1_411' title='bbox 3505 900 3786 994; x_wconf 86' lang='lat' dir='ltr'><strong>Perpetuo</strong></span> 
     </span>
    </p>
   </div>
   <div class='ocr_carea' id='block_1_53' title="bbox 2136 989 3784 1073">
    <p class='ocr_par' dir='ltr' id='par_1_53' title="bbox 2136 989 3784 1073">
     <span class='ocr_line' id='line_1_53' title="bbox 2136 989 3784 1073; baseline 0.016 -30"><span class='ocrx_word' id='word_1_412' title='bbox 2136 989 2293 1043; x_wconf 91' lang='lat' dir='ltr'><strong>enim</strong></span> <span class='ocrx_word' id='word_1_413' title='bbox 2311 1006 2453 1045; x_wconf 89' lang='lat' dir='ltr'><strong>usus</strong></span> <span class='ocrx_word' id='word_1_414' title='bbox 2468 993 2781 1050; x_wconf 90' lang='lat' dir='ltr'><strong>estvilibus</strong></span> <span class='ocrx_word' id='word_1_415' title='bbox 2804 1004 2860 1051; x_wconf 90' lang='lat' dir='ltr'><strong>et</strong></span> <span class='ocrx_word' id='word_1_416' title='bbox 2884 1000 3112 1055; x_wconf 87' lang='lat' dir='ltr'><strong>minimi</strong></span> <span class='ocrx_word' id='word_1_417' title='bbox 3136 1004 3302 1073; x_wconf 89' lang='lat' dir='ltr'><strong>pretii</strong></span> <span class='ocrx_word' id='word_1_418' title='bbox 3328 989 3784 1070; x_wconf 41' lang='lat' dir='ltr'><strong>vestibus-Adeo</strong></span> 
     </span>
    </p>
   </div>
   <div class='ocr_carea' id='block_1_54' title="bbox 2137 1080 3783 1171">
    <p class='ocr_par' dir='ltr' id='par_1_54' title="bbox 2137 1080 3783 1171">
     <span class='ocr_line' id='line_1_54' title="bbox 2137 1080 3783 1171; baseline 0.017 -42"><span class='ocrx_word' id='word_1_419' title='bbox 2137 1081 2333 1132; x_wconf 89' lang='lat' dir='ltr'><strong>autem</strong></span> <span class='ocrx_word' id='word_1_420' title='bbox 2367 1080 2723 1138; x_wconf 87' lang='lat' dir='ltr'><strong>existimavit</strong></span> <span class='ocrx_word' id='word_1_421' title='bbox 2760 1094 3167 1158; x_wconf 88' lang='lat' dir='ltr'><strong>paupertatem</strong></span> <span class='ocrx_word' id='word_1_422' title='bbox 3202 1108 3330 1149; x_wconf 89' lang='lat' dir='ltr'><strong>esse</strong></span> <span class='ocrx_word' id='word_1_423' title='bbox 3363 1100 3567 1166; x_wconf 85' lang='lat' dir='ltr'><strong>quovis</strong></span> <span class='ocrx_word' id='word_1_424' title='bbox 3603 1117 3783 1171; x_wconf 82' lang='lat' dir='ltr'><strong>regno</strong></span> 
     </span>
    </p>
   </div>
   <div class='ocr_carea' id='block_1_55' title="bbox 2138 1168 3786 1257">
    <p class='ocr_par' dir='ltr' id='par_1_55' title="bbox 2138 1168 3786 1257">
     <span class='ocr_line' id='line_1_55' title="bbox 2138 1168 3786 1257; baseline 0.018 -38"><span class='ocrx_word' id='word_1_425' title='bbox 2138 1168 2326 1238; x_wconf 88' lang='lat' dir='ltr'><strong>magis</strong></span> <span class='ocrx_word' id='word_1_426' title='bbox 2341 1174 2722 1242; x_wconf 86' lang='lat' dir='ltr'><strong>expetendam</strong></span> <span class='ocrx_word' id='word_1_427' title='bbox 2737 1219 2750 1241; x_wconf 90' lang='lat'><strong>,</strong></span> <span class='ocrx_word' id='word_1_428' title='bbox 2765 1181 2827 1231; x_wconf 91' lang='lat' dir='ltr'><strong>ut</strong></span> <span class='ocrx_word' id='word_1_429' title='bbox 2842 1194 2944 1232; x_wconf 90' lang='lat' dir='ltr'><strong>nec</strong></span> <span class='ocrx_word' id='word_1_430' title='bbox 2959 1184 3250 1235; x_wconf 89' lang='lat' dir='ltr'><strong>neeessari</strong></span> <span class='ocrx_word' id='word_1_431' title='bbox 3263 1201 3291 1237; x_wconf 91' lang='lat' dir='ltr'>u</span> <span class='ocrx_word' id='word_1_432' title='bbox 3304 1201 3358 1239; x_wconf 90' lang='lat' dir='ltr'><strong>m</strong></span> <span class='ocrx_word' id='word_1_433' title='bbox 3375 1187 3613 1257; x_wconf 91' lang='lat' dir='ltr'><strong>quidem</strong></span> <span class='ocrx_word' id='word_1_434' title='bbox 3630 1168 3752 1247; x_wconf 80' lang='lat' dir='ltr'><strong>sem</strong></span> <span class='ocrx_word' id='word_1_435' title='bbox 3765 1224 3786 1234; x_wconf 92' lang='lat'><em>-</em></span> 
     </span>
    </p>
   </div>
   <div class='ocr_carea' id='block_1_56' title="bbox 2135 1258 3787 1350">
    <p class='ocr_par' dir='ltr' id='par_1_56' title="bbox 2135 1258 3787 1350">
     <span class='ocr_line' id='line_1_56' title="bbox 2135 1258 3787 1350; baseline 0.017 -41"><span class='ocrx_word' id='word_1_436' title='bbox 2135 1272 2239 1325; x_wconf 92' lang='lat' dir='ltr'><strong>per</strong></span> <span class='ocrx_word' id='word_1_437' title='bbox 2269 1258 2507 1315; x_wconf 88' lang='lat' dir='ltr'><strong>haberet</strong></span> <span class='ocrx_word' id='word_1_438' title='bbox 2531 1264 2985 1323; x_wconf 87' lang='lat' dir='ltr'><strong>nutrimentum.</strong></span> <span class='ocrx_word' id='word_1_439' title='bbox 3020 1270 3150 1325; x_wconf 89' lang='lat' dir='ltr'><strong>Scio</strong></span> <span class='ocrx_word' id='word_1_440' title='bbox 3184 1273 3341 1328; x_wconf 91' lang='lat' dir='ltr'><strong>enim</strong></span> <span class='ocrx_word' id='word_1_441' title='bbox 3372 1293 3465 1333; x_wconf 90' lang='lat' dir='ltr'><strong>me</strong></span> <span class='ocrx_word' id='word_1_442' title='bbox 3504 1294 3659 1350; x_wconf 69' lang='lat' dir='ltr'><strong>szepe</strong></span> <span class='ocrx_word' id='word_1_443' title='bbox 3688 1299 3787 1337; x_wconf 89' lang='lat' dir='ltr'><strong>ve-</strong></span> 
     </span>
    </p>
   </div>
   <div class='ocr_carea' id='block_1_57' title="bbox 2137 1344 3785 1436">
    <p class='ocr_par' dir='ltr' id='par_1_57' title="bbox 2137 1344 3785 1436">
     <span class='ocr_line' id='line_1_57' title="bbox 2137 1344 3785 1436; baseline 0.017 -38"><span class='ocrx_word' id='word_1_444' title='bbox 2137 1344 2322 1436; x_wconf 77' lang='lat' dir='ltr'><strong>nisse,</strong></span> <span class='ocrx_word' id='word_1_445' title='bbox 2351 1351 2877 1409; x_wconf 90' lang='lat' dir='ltr'><strong>etbenedictionem</strong></span> <span class='ocrx_word' id='word_1_446' title='bbox 2891 1358 3149 1428; x_wconf 85' lang='lat' dir='ltr'><strong>petiisse,</strong></span> <span class='ocrx_word' id='word_1_447' title='bbox 3170 1377 3358 1433; x_wconf 90' lang='lat' dir='ltr'><strong>neque</strong></span> <span class='ocrx_word' id='word_1_448' title='bbox 3378 1344 3603 1436; x_wconf 83' lang='lat' dir='ltr'><strong>aliquid</strong></span> <span class='ocrx_word' id='word_1_449' title='bbox 3624 1370 3785 1427; x_wconf 88' lang='lat' dir='ltr'><strong>aliud</strong></span> 
     </span>
    </p>
   </div>
   <div class='ocr_carea' id='block_1_58' title="bbox 2135 1433 3788 1523">
    <p class='ocr_par' dir='ltr' id='par_1_58' title="bbox 2135 1433 3788 1523">
     <span class='ocr_line' id='line_1_58' title="bbox 2135 1433 3788 1523; baseline 0.018 -37"><span class='ocrx_word' id='word_1_450' title='bbox 2135 1433 2429 1523; x_wconf 81' lang='lat' dir='ltr'><strong>invenisse</strong></span> <span class='ocrx_word' id='word_1_451' title='bbox 2460 1454 2636 1509; x_wconf 89' lang='lat' dir='ltr'><strong>quam</strong></span> <span class='ocrx_word' id='word_1_452' title='bbox 2672 1442 2827 1498; x_wconf 89' lang='lat' dir='ltr'><strong>solas</strong></span> <span class='ocrx_word' id='word_1_453' title='bbox 2859 1444 3008 1501; x_wconf 89' lang='lat' dir='ltr'><strong>duas</strong></span> <span class='ocrx_word' id='word_1_454' title='bbox 3049 1449 3293 1505; x_wconf 89' lang='lat' dir='ltr'><strong>caricas.</strong></span> <span class='ocrx_word' id='word_1_455' title='bbox 3339 1433 3525 1523; x_wconf 80' lang='lat' dir='ltr'><strong>Hujus</strong></span> <span class='ocrx_word' id='word_1_456' title='bbox 3559 1458 3695 1523; x_wconf 90' lang='lat' dir='ltr'><strong>mel,</strong></span> <span class='ocrx_word' id='word_1_457' title='bbox 3729 1465 3788 1515; x_wconf 90' lang='lat' dir='ltr'><strong>et</strong></span> 
     </span>
    </p>
   </div>
   <div class='ocr_carea' id='block_1_59' title="bbox 2136 1521 3783 1616">
    <p class='ocr_par' dir='ltr' id='par_1_59' title="bbox 2136 1521 3783 1616">
     <span class='ocr_line' id='line_1_59' title="bbox 2136 1521 3783 1616; baseline 0.018 -42"><span class='ocrx_word' id='word_1_458' title='bbox 2136 1521 2210 1616; x_wconf 72' lang='lat' dir='ltr'><strong>iis</strong></span> <span class='ocrx_word' id='word_1_459' title='bbox 2242 1524 2341 1594; x_wconf 90' lang='lat' dir='ltr'><strong>qui</strong></span> <span class='ocrx_word' id='word_1_460' title='bbox 2373 1526 2573 1583; x_wconf 89' lang='lat' dir='ltr'><strong>vident</strong></span> <span class='ocrx_word' id='word_1_461' title='bbox 2602 1538 2687 1584; x_wconf 87' lang='lat' dir='ltr'><strong>est</strong></span> <span class='ocrx_word' id='word_1_462' title='bbox 2720 1533 2883 1587; x_wconf 88' lang='lat' dir='ltr'><strong>valde</strong></span> <span class='ocrx_word' id='word_1_463' title='bbox 2914 1538 3324 1607; x_wconf 88' lang='lat' dir='ltr'><strong>expetendum,</strong></span> <span class='ocrx_word' id='word_1_464' title='bbox 3359 1521 3518 1598; x_wconf 66' lang='lat' dir='ltr'><strong>etiis</strong></span> <span class='ocrx_word' id='word_1_465' title='bbox 3550 1547 3649 1616; x_wconf 92' lang='lat' dir='ltr'><strong>qui</strong></span> <span class='ocrx_word' id='word_1_466' title='bbox 3676 1521 3783 1603; x_wconf 83' lang='lat' dir='ltr'><strong>au-</strong></span> 
     </span>
    </p>
   </div>
   <div class='ocr_carea' id='block_1_60' title="bbox 2136 1612 3785 1692">
    <p class='ocr_par' dir='ltr' id='par_1_60' title="bbox 2136 1612 3785 1692">
     <span class='ocr_line' id='line_1_60' title="bbox 2136 1612 3785 1692; baseline 0.017 -28"><span class='ocrx_word' id='word_1_467' title='bbox 2136 1612 2308 1667; x_wconf 91' lang='lat' dir='ltr'><strong>diunt</strong></span> <span class='ocrx_word' id='word_1_468' title='bbox 2327 1632 2502 1671; x_wconf 88' lang='lat' dir='ltr'><strong>suave</strong></span> <span class='ocrx_word' id='word_1_469' title='bbox 2521 1621 3215 1692; x_wconf 83' lang='lat' dir='ltr'><strong>etmaximejucundum.</strong></span> <span class='ocrx_word' id='word_1_470' title='bbox 3242 1628 3480 1687; x_wconf 86' lang='lat' dir='ltr'><strong>Nullum</strong></span> <span class='ocrx_word' id='word_1_471' title='bbox 3497 1612 3651 1690; x_wconf 75' lang='lat' dir='ltr'><strong>enim</strong></span> <span class='ocrx_word' id='word_1_472' title='bbox 3667 1638 3785 1691; x_wconf 87' lang='lat' dir='ltr'><strong>vidi</strong></span> 
     </span>
    </p>
   </div>
   <div class='ocr_carea' id='block_1_61' title="bbox 2133 1700 3784 1784">
    <p class='ocr_par' dir='ltr' id='par_1_61' title="bbox 2133 1700 3784 1784">
     <span class='ocr_line' id='line_1_61' title="bbox 2133 1700 3784 1784; baseline 0.016 -30"><span class='ocrx_word' id='word_1_473' title='bbox 2133 1700 2539 1772; x_wconf 63' lang='lat' dir='ltr'><strong>hominemme</strong></span> <span class='ocrx_word' id='word_1_474' title='bbox 2556 1723 2623 1761; x_wconf 85' lang='lat' dir='ltr'><strong>ex</strong></span> <span class='ocrx_word' id='word_1_475' title='bbox 2657 1706 2729 1763; x_wconf 92' lang='lat' dir='ltr'><strong>iis</strong></span> <span class='ocrx_word' id='word_1_476' title='bbox 2763 1712 2999 1780; x_wconf 92' lang='lat' dir='ltr'><strong>quidem</strong></span> <span class='ocrx_word' id='word_1_477' title='bbox 3029 1716 3129 1784; x_wconf 88' lang='lat' dir='ltr'><strong>qui</strong></span> <span class='ocrx_word' id='word_1_478' title='bbox 3159 1722 3297 1771; x_wconf 89' lang='lat' dir='ltr'><strong>sunt</strong></span> <span class='ocrx_word' id='word_1_479' title='bbox 3328 1720 3495 1775; x_wconf 83' lang='lat' dir='ltr'><strong>faceti</strong></span> <span class='ocrx_word' id='word_1_480' title='bbox 3532 1728 3588 1777; x_wconf 89' lang='lat' dir='ltr'><strong>et</strong></span> <span class='ocrx_word' id='word_1_481' title='bbox 3620 1726 3784 1781; x_wconf 89' lang='lat' dir='ltr'><strong>dica-</strong></span> 
     </span>
    </p>
   </div>
   <div class='ocr_carea' id='block_1_62' title="bbox 2136 1792 3785 1870">
    <p class='ocr_par' dir='ltr' id='par_1_62' title="bbox 2136 1792 3785 1870">
     <span class='ocr_line' id='line_1_62' title="bbox 2136 1792 3785 1870; baseline 0.018 -29"><span class='ocrx_word' id='word_1_482' title='bbox 2136 1804 2252 1855; x_wconf 90' lang='lat' dir='ltr'><strong>ces,</strong></span> <span class='ocrx_word' id='word_1_483' title='bbox 2286 1792 2383 1861; x_wconf 88' lang='lat' dir='ltr'><strong>qui</strong></span> <span class='ocrx_word' id='word_1_484' title='bbox 2419 1792 2540 1848; x_wconf 91' lang='lat' dir='ltr'><strong>ulla</strong></span> <span class='ocrx_word' id='word_1_485' title='bbox 2572 1812 2829 1865; x_wconf 91' lang='lat' dir='ltr'><strong>unquam</strong></span> <span class='ocrx_word' id='word_1_486' title='bbox 2862 1802 3334 1870; x_wconf 86' lang='lat' dir='ltr'><strong>reprehensionis</strong></span> <span class='ocrx_word' id='word_1_487' title='bbox 3364 1807 3492 1865; x_wconf 87' lang='lat' dir='ltr'><strong>labe</strong></span> <span class='ocrx_word' id='word_1_488' title='bbox 3522 1829 3655 1867; x_wconf 91' lang='lat' dir='ltr'><strong>cum</strong></span> <span class='ocrx_word' id='word_1_489' title='bbox 3689 1834 3785 1869; x_wconf 89' lang='lat' dir='ltr'><strong>as-</strong></span> 
     </span>
    </p>
   </div>
   <div class='ocr_carea' id='block_1_63' title="bbox 2135 1879 3782 1971">
    <p class='ocr_par' dir='ltr' id='par_1_63' title="bbox 2135 1879 3782 1971">
     <span class='ocr_line' id='line_1_63' title="bbox 2135 1879 3782 1971; baseline 0.018 -41"><span class='ocrx_word' id='word_1_490' title='bbox 2135 1879 2379 1971; x_wconf 81' lang='lat' dir='ltr'><strong>perserit</strong></span> <span class='ocrx_word' id='word_1_491' title='bbox 2400 1898 2413 1947; x_wconf 89' lang='lat'><strong>;</strong></span> <span class='ocrx_word' id='word_1_492' title='bbox 2434 1884 2534 1937; x_wconf 90' lang='lat' dir='ltr'><strong>sed</strong></span> <span class='ocrx_word' id='word_1_493' title='bbox 2569 1900 2772 1941; x_wconf 89' lang='lat' dir='ltr'><strong>omnes</strong></span> <span class='ocrx_word' id='word_1_494' title='bbox 2804 1904 2938 1943; x_wconf 91' lang='lat' dir='ltr'><strong>eum</strong></span> <span class='ocrx_word' id='word_1_495' title='bbox 2967 1895 3023 1945; x_wconf 84' lang='lat' dir='ltr'><strong>et</strong></span> <span class='ocrx_word' id='word_1_496' title='bbox 3045 1894 3362 1961; x_wconf 63' lang='lat' dir='ltr'><strong>praedicant</strong></span> <span class='ocrx_word' id='word_1_497' title='bbox 3384 1902 3441 1952; x_wconf 91' lang='lat' dir='ltr'><strong>et</strong></span> <span class='ocrx_word' id='word_1_498' title='bbox 3463 1900 3782 1971; x_wconf 88' lang='lat' dir='ltr'><strong>celebrant,</strong></span> 
     </span>
    </p>
   </div>
   <div class='ocr_carea' id='block_1_64' title="bbox 2135 1967 3672 2045">
    <p class='ocr_par' dir='ltr' id='par_1_64' title="bbox 2135 1967 3672 2045">
     <span class='ocr_line' id='line_1_64' title="bbox 2135 1967 3672 2045; baseline 0.016 -25"><span class='ocrx_word' id='word_1_499' title='bbox 2135 1972 2190 2021; x_wconf 88' lang='lat' dir='ltr'><strong>et</strong></span> <span class='ocrx_word' id='word_1_500' title='bbox 2211 1968 2280 2022; x_wconf 86' lang='lat' dir='ltr'><strong>ad</strong></span> <span class='ocrx_word' id='word_1_501' title='bbox 2316 1967 2511 2039; x_wconf 90' lang='lat' dir='ltr'><strong>ipsum</strong></span> <span class='ocrx_word' id='word_1_502' title='bbox 2545 1974 2844 2029; x_wconf 84' lang='lat' dir='ltr'><strong>venientes</strong></span> <span class='ocrx_word' id='word_1_503' title='bbox 2878 1978 3121 2035; x_wconf 90' lang='lat' dir='ltr'><strong>minime</strong></span> <span class='ocrx_word' id='word_1_504' title='bbox 3151 1982 3354 2039; x_wconf 90' lang='lat' dir='ltr'><strong>volunt</strong></span> <span class='ocrx_word' id='word_1_505' title='bbox 3385 1990 3672 2045; x_wconf 86' lang='lat' dir='ltr'><strong>recedere.</strong></span> 
     </span>
    </p>
   </div>
   <div class='ocr_carea' id='block_1_65' title="bbox 2733 2065 3171 2125">
    <p class='ocr_par' dir='ltr' id='par_1_65' title="bbox 2733 2065 3171 2125">
     <span class='ocr_line' id='line_1_65' title="bbox 2733 2065 3171 2125; baseline 0.021 -9"><span class='ocrx_word' id='word_1_506' title='bbox 2733 2065 2962 2120; x_wconf 82' lang='lat' dir='ltr'><strong>CAPUT</strong></span> <span class='ocrx_word' id='word_1_507' title='bbox 3005 2068 3171 2125; x_wconf 84' lang='lat' dir='ltr'><strong>XXV.</strong></span> 
     </span>
    </p>
   </div>
   <div class='ocr_carea' id='block_1_66' title="bbox 2346 2164 3561 2236">
    <p class='ocr_par' dir='ltr' id='par_1_66' title="bbox 2346 2164 3561 2236">
     <span class='ocr_line' id='line_1_66' title="bbox 2346 2164 3561 2236; baseline 0.016 -35"><span class='ocrx_word' id='word_1_508' title='bbox 2346 2164 2673 2217; x_wconf 77' lang='lat' dir='ltr'><strong>ASCLEPIUS,</strong></span> <span class='ocrx_word' id='word_1_509' title='bbox 2734 2170 2799 2208; x_wconf 77' lang='grc' dir='ltr'><strong>ετ</strong></span> <span class='ocrx_word' id='word_1_510' title='bbox 2844 2171 3085 2212; x_wconf 80' lang='lat' dir='ltr'><strong>JACOBUS</strong></span> <span class='ocrx_word' id='word_1_511' title='bbox 3142 2175 3389 2219; x_wconf 65' lang='lat' dir='ltr'><strong>anesum</strong></span> <span class='ocrx_word' id='word_1_512' title='bbox 3428 2165 3561 2236; x_wconf 85' lang='lat'><strong>(65).</strong></span> 
     </span>
    </p>
   </div>
   <div class='ocr_carea' id='block_1_67' title="bbox 2210 2235 3779 2330">
    <p class='ocr_par' dir='ltr' id='par_1_67' title="bbox 2210 2235 3779 2330">
     <span class='ocr_line' id='line_1_67' title="bbox 2210 2235 3779 2330; baseline 0.017 -42"><span class='ocrx_word' id='word_1_513' title='bbox 2210 2235 2463 2330; x_wconf 36' lang='lat' dir='ltr'><strong>l-lujusce</strong></span> <span class='ocrx_word' id='word_1_514' title='bbox 2477 2238 2699 2330; x_wconf 82' lang='lat' dir='ltr'><strong>ordinis</strong></span> <span class='ocrx_word' id='word_1_515' title='bbox 2714 2248 2804 2297; x_wconf 88' lang='lat' dir='ltr'><strong>est</strong></span> <span class='ocrx_word' id='word_1_516' title='bbox 2821 2244 3188 2303; x_wconf 89' lang='lat' dir='ltr'><strong>admirabilis</strong></span> <span class='ocrx_word' id='word_1_517' title='bbox 3201 2266 3435 2322; x_wconf 88' lang='lat' dir='ltr'><strong>quoque</strong></span> <span class='ocrx_word' id='word_1_518' title='bbox 3448 2235 3779 2330; x_wconf 86' lang='lat' dir='ltr'><strong>Asclepius,</strong></span> 
     </span>
    </p>
   </div>
   <div class='ocr_carea' id='block_1_68' title="bbox 2135 2324 3782 2403">
    <p class='ocr_par' dir='ltr' id='par_1_68' title="bbox 2135 2324 3782 2403">
     <span class='ocr_line' id='line_1_68' title="bbox 2135 2324 3782 2403; baseline 0.017 -27"><span class='ocrx_word' id='word_1_519' title='bbox 2135 2324 2236 2394; x_wconf 88' lang='lat' dir='ltr'><strong>qui</strong></span> <span class='ocrx_word' id='word_1_520' title='bbox 2270 2324 2682 2397; x_wconf 83' lang='lat' dir='ltr'><strong>abestquidem</strong></span> <span class='ocrx_word' id='word_1_521' title='bbox 2702 2331 3143 2403; x_wconf 68' lang='lat' dir='ltr'><strong>decemfstadiis,</strong></span> <span class='ocrx_word' id='word_1_522' title='bbox 3158 2337 3312 2394; x_wconf 90' lang='lat' dir='ltr'><strong>idem</strong></span> <span class='ocrx_word' id='word_1_523' title='bbox 3330 2348 3520 2399; x_wconf 89' lang='lat' dir='ltr'><strong>autem</strong></span> <span class='ocrx_word' id='word_1_524' title='bbox 3540 2324 3671 2401; x_wconf 73' lang='lat' dir='ltr'><strong>vitae</strong></span> <span class='ocrx_word' id='word_1_525' title='bbox 3689 2324 3782 2403; x_wconf 51' lang='lat' dir='ltr'><strong>in;</strong></span> 
     </span>
    </p>
   </div>
   <div class='ocr_carea' id='block_1_69' title="bbox 2134 2413 3778 2504">
    <p class='ocr_par' dir='ltr' id='par_1_69' title="bbox 2134 2413 3778 2504">
     <span class='ocr_line' id='line_1_69' title="bbox 2134 2413 3778 2504; baseline 0.018 -38"><span class='ocrx_word' id='word_1_526' title='bbox 2134 2413 2409 2469; x_wconf 88' lang='lat' dir='ltr'><strong>stitutum</strong></span> <span class='ocrx_word' id='word_1_527' title='bbox 2443 2423 2533 2471; x_wconf 91' lang='lat' dir='ltr'><strong>est</strong></span> <span class='ocrx_word' id='word_1_528' title='bbox 2564 2420 2892 2477; x_wconf 61' lang='lat' dir='ltr'><strong>aemulatus.</strong></span> <span class='ocrx_word' id='word_1_529' title='bbox 2930 2428 3028 2479; x_wconf 87' lang='lat' dir='ltr'><strong>Est</strong></span> <span class='ocrx_word' id='word_1_530' title='bbox 3058 2427 3215 2483; x_wconf 82' lang='lat' dir='ltr'><strong>enim</strong></span> <span class='ocrx_word' id='word_1_531' title='bbox 3246 2431 3295 2485; x_wconf 91' lang='lat' dir='ltr'><strong>ei</strong></span> <span class='ocrx_word' id='word_1_532' title='bbox 3319 2431 3475 2487; x_wconf 91' lang='lat' dir='ltr'><strong>idem</strong></span> <span class='ocrx_word' id='word_1_533' title='bbox 3508 2442 3563 2489; x_wconf 89' lang='lat' dir='ltr'><strong>et</strong></span> <span class='ocrx_word' id='word_1_534' title='bbox 3590 2437 3778 2504; x_wconf 90' lang='lat' dir='ltr'><strong>cibus,</strong></span> 
     </span>
    </p>
   </div>
   <div class='ocr_carea' id='block_1_70' title="bbox 2134 2504 3777 2591">
    <p class='ocr_par' dir='ltr' id='par_1_70' title="bbox 2134 2504 3777 2591">
     <span class='ocr_line' id='line_1_70' title="bbox 2134 2504 3777 2591; baseline 0.018 -37"><span class='ocrx_word' id='word_1_535' title='bbox 2134 2506 2190 2591; x_wconf 87' lang='lat' dir='ltr'><strong>et</strong></span> <span class='ocrx_word' id='word_1_536' title='bbox 2218 2504 2416 2573; x_wconf 89' lang='lat' dir='ltr'><strong>vestis,</strong></span> <span class='ocrx_word' id='word_1_537' title='bbox 2448 2511 2505 2560; x_wconf 91' lang='lat' dir='ltr'><strong>et</strong></span> <span class='ocrx_word' id='word_1_538' title='bbox 2536 2524 2764 2565; x_wconf 91' lang='lat' dir='ltr'><strong>morum</strong></span> <span class='ocrx_word' id='word_1_539' title='bbox 2788 2512 3131 2582; x_wconf 90' lang='lat' dir='ltr'><strong>moderatio,</strong></span> <span class='ocrx_word' id='word_1_540' title='bbox 3158 2518 3215 2571; x_wconf 90' lang='lat' dir='ltr'><strong>in</strong></span> <span class='ocrx_word' id='word_1_541' title='bbox 3242 2518 3620 2591; x_wconf 89' lang='lat' dir='ltr'><strong>hospitesque</strong></span> <span class='ocrx_word' id='word_1_542' title='bbox 3642 2534 3697 2582; x_wconf 91' lang='lat' dir='ltr'><strong>et</strong></span> <span class='ocrx_word' id='word_1_543' title='bbox 3720 2528 3777 2583; x_wconf 91' lang='lat' dir='ltr'><strong>in</strong></span> 
     </span>
    </p>
   </div>
   <div class='ocr_carea' id='block_1_71' title="bbox 2137 2590 3774 2679">
    <p class='ocr_par' dir='ltr' id='par_1_71' title="bbox 2137 2590 3774 2679">
     <span class='ocr_line' id='line_1_71' title="bbox 2137 2590 3774 2679; baseline 0.017 -36"><span class='ocrx_word' id='word_1_544' title='bbox 2137 2590 2343 2646; x_wconf 80' lang='lat' dir='ltr'><strong>fratres</strong></span> <span class='ocrx_word' id='word_1_545' title='bbox 2376 2593 2655 2666; x_wconf 78' lang='lat' dir='ltr'><strong>Charitas,</strong></span> <span class='ocrx_word' id='word_1_546' title='bbox 2677 2597 3007 2672; x_wconf 89' lang='lat' dir='ltr'><strong>lenitasque</strong></span> <span class='ocrx_word' id='word_1_547' title='bbox 3031 2608 3086 2658; x_wconf 89' lang='lat' dir='ltr'><strong>et</strong></span> <span class='ocrx_word' id='word_1_548' title='bbox 3109 2590 3611 2679; x_wconf 13' lang='lat' dir='ltr'><strong>mansuetudo,iet</strong></span> <span class='ocrx_word' id='word_1_549' title='bbox 3642 2632 3774 2671; x_wconf 91' lang='lat' dir='ltr'><strong>cum</strong></span> 
     </span>
    </p>
   </div>
   <div class='ocr_carea' id='block_1_72' title="bbox 2132 2680 3774 2766">
    <p class='ocr_par' dir='ltr' id='par_1_72' title="bbox 2132 2680 3774 2766">
     <span class='ocr_line' id='line_1_72' title="bbox 2132 2680 3774 2766; baseline 0.015 -31"><span class='ocrx_word' id='word_1_550' title='bbox 2132 2680 2248 2735; x_wconf 91' lang='lat' dir='ltr'><strong>Deo</strong></span> <span class='ocrx_word' id='word_1_551' title='bbox 2279 2685 2662 2755; x_wconf 88' lang='lat' dir='ltr'><strong>conversatio,</strong></span> <span class='ocrx_word' id='word_1_552' title='bbox 2691 2692 2747 2741; x_wconf 89' lang='lat' dir='ltr'><strong>et</strong></span> <span class='ocrx_word' id='word_1_553' title='bbox 2768 2704 3004 2745; x_wconf 91' lang='lat' dir='ltr'><strong>summa</strong></span> <span class='ocrx_word' id='word_1_554' title='bbox 3037 2702 3377 2766; x_wconf 89' lang='lat' dir='ltr'><strong>paupertas,</strong></span> <span class='ocrx_word' id='word_1_555' title='bbox 3410 2704 3466 2753; x_wconf 90' lang='lat' dir='ltr'><strong>et</strong></span> <span class='ocrx_word' id='word_1_556' title='bbox 3501 2704 3774 2762; x_wconf 71' lang='lat' dir='ltr'><strong>maximae</strong></span> 
     </span>
    </p>
   </div>
   <div class='ocr_carea' id='block_1_73' title="bbox 2133 2770 3779 2853">
    <p class='ocr_par' dir='ltr' id='par_1_73' title="bbox 2133 2770 3779 2853">
     <span class='ocr_line' id='line_1_73' title="bbox 2133 2770 3779 2853; baseline 0.017 -32"><span class='ocrx_word' id='word_1_557' title='bbox 2133 2770 2366 2825; x_wconf 89' lang='lat' dir='ltr'><strong>virtutis</strong></span> <span class='ocrx_word' id='word_1_558' title='bbox 2399 2773 2597 2842; x_wconf 70' lang='lat' dir='ltr'><strong>ecpizo,</strong></span> <span class='ocrx_word' id='word_1_559' title='bbox 2631 2780 2687 2829; x_wconf 91' lang='lat' dir='ltr'><strong>et</strong></span> <span class='ocrx_word' id='word_1_560' title='bbox 2715 2793 2855 2847; x_wconf 87' lang='lat' dir='ltr'><strong>opes</strong></span> <span class='ocrx_word' id='word_1_561' title='bbox 2904 2779 3309 2853; x_wconf 66' lang='lat' dir='ltr'><strong>philosophia},</strong></span> <span class='ocrx_word' id='word_1_562' title='bbox 3343 2792 3399 2842; x_wconf 88' lang='lat' dir='ltr'><strong>et</strong></span> <span class='ocrx_word' id='word_1_563' title='bbox 3432 2790 3547 2846; x_wconf 88' lang='lat' dir='ltr'><strong>alia</strong></span> <span class='ocrx_word' id='word_1_564' title='bbox 3577 2796 3779 2850; x_wconf 88' lang='lat' dir='ltr'><strong>omnia</strong></span> 
     </span>
    </p>
   </div>
   <div class='ocr_carea' id='block_1_74' title="bbox 2133 2859 3774 2938">
    <p class='ocr_par' dir='ltr' id='par_1_74' title="bbox 2133 2859 3774 2938">
     <span class='ocr_line' id='line_1_74' title="bbox 2133 2859 3774 2938; baseline 0.017 -28"><span class='ocrx_word' id='word_1_565' title='bbox 2133 2875 2261 2929; x_wconf 66' lang='lat' dir='ltr'><strong>qua:</strong></span> <span class='ocrx_word' id='word_1_566' title='bbox 2292 2860 2362 2914; x_wconf 92' lang='lat' dir='ltr'><strong>de</strong></span> <span class='ocrx_word' id='word_1_567' title='bbox 2395 2859 2490 2917; x_wconf 92' lang='lat' dir='ltr'><strong>illo</strong></span> <span class='ocrx_word' id='word_1_568' title='bbox 2521 2880 2685 2918; x_wconf 89' lang='lat' dir='ltr'><strong>sacro</strong></span> <span class='ocrx_word' id='word_1_569' title='bbox 2738 2868 2926 2938; x_wconf 88' lang='lat' dir='ltr'><strong>capite</strong></span> <span class='ocrx_word' id='word_1_570' title='bbox 2958 2873 3377 2930; x_wconf 88' lang='lat' dir='ltr'><strong>recensuimus.</strong></span> <span class='ocrx_word' id='word_1_571' title='bbox 3413 2876 3630 2936; x_wconf 90' lang='lat' dir='ltr'><strong>Dicunt</strong></span> <span class='ocrx_word' id='word_1_572' title='bbox 3668 2900 3774 2937; x_wconf 91' lang='lat' dir='ltr'><strong>au—</strong></span> 
     </span>
    </p>
   </div>
   <div class='ocr_carea' id='block_1_75' title="bbox 2130 2950 3774 3043">
    <p class='ocr_par' dir='ltr' id='par_1_75' title="bbox 2130 2950 3774 3043">
     <span class='ocr_line' id='line_1_75' title="bbox 2130 2950 3774 3043; baseline 0.016 -43"><span class='ocrx_word' id='word_1_573' title='bbox 2130 2950 2272 3015; x_wconf 89' lang='lat' dir='ltr'><strong>tem,</strong></span> <span class='ocrx_word' id='word_1_574' title='bbox 2306 2964 2439 3005; x_wconf 90' lang='lat' dir='ltr'><strong>eum</strong></span> <span class='ocrx_word' id='word_1_575' title='bbox 2464 2967 2695 3024; x_wconf 90' lang='lat' dir='ltr'><strong>quoque</strong></span> <span class='ocrx_word' id='word_1_576' title='bbox 2718 2971 2849 3009; x_wconf 92' lang='lat' dir='ltr'><strong>cum</strong></span> <span class='ocrx_word' id='word_1_577' title='bbox 2878 2964 3032 3014; x_wconf 89' lang='lat' dir='ltr'><strong>esset</strong></span> <span class='ocrx_word' id='word_1_578' title='bbox 3053 2960 3111 3014; x_wconf 92' lang='lat' dir='ltr'><strong>in</strong></span> <span class='ocrx_word' id='word_1_579' title='bbox 3136 2978 3379 3019; x_wconf 89' lang='lat' dir='ltr'><strong>numero</strong></span> <span class='ocrx_word' id='word_1_580' title='bbox 3402 2966 3647 3024; x_wconf 79' lang='lat' dir='ltr'><strong>fratrum</strong></span> <span class='ocrx_word' id='word_1_581' title='bbox 3673 2973 3774 3043; x_wconf 93' lang='lat' dir='ltr'><strong>qui</strong></span> 
     </span>
    </p>
   </div>
   <div class='ocr_carea' id='block_1_76' title="bbox 2132 3036 3771 3125">
    <p class='ocr_par' dir='ltr' id='par_1_76' title="bbox 2132 3036 3771 3125">
     <span class='ocr_line' id='line_1_76' title="bbox 2132 3036 3771 3125; baseline 0.017 -37"><span class='ocrx_word' id='word_1_582' title='bbox 2132 3036 2189 3089; x_wconf 91' lang='lat' dir='ltr'><strong>in</strong></span> <span class='ocrx_word' id='word_1_583' title='bbox 2224 3036 2347 3092; x_wconf 92' lang='lat' dir='ltr'><strong>vico</strong></span> <span class='ocrx_word' id='word_1_584' title='bbox 2370 3037 2654 3107; x_wconf 86' lang='lat' dir='ltr'><strong>habilant,</strong></span> <span class='ocrx_word' id='word_1_585' title='bbox 2686 3047 3071 3103; x_wconf 88' lang='lat' dir='ltr'><strong>monasticam</strong></span> <span class='ocrx_word' id='word_1_586' title='bbox 3104 3054 3160 3105; x_wconf 91' lang='lat' dir='ltr'><strong>et</strong></span> <span class='ocrx_word' id='word_1_587' title='bbox 3184 3055 3568 3125; x_wconf 87' lang='lat' dir='ltr'><strong>temperatam</strong></span> <span class='ocrx_word' id='word_1_588' title='bbox 3595 3036 3771 3116; x_wconf 76' lang='lat' dir='ltr'><strong>vitam</strong></span> 
     </span>
    </p>
   </div>
   <div class='ocr_carea' id='block_1_77' title="bbox 2133 3125 3773 3213">
    <p class='ocr_par' dir='ltr' id='par_1_77' title="bbox 2133 3125 3773 3213">
     <span class='ocr_line' id='line_1_77' title="bbox 2133 3125 3773 3213; baseline 0.016 -35"><span class='ocrx_word' id='word_1_589' title='bbox 2133 3125 2312 3181; x_wconf 90' lang='lat' dir='ltr'><strong>fuisse</strong></span> <span class='ocrx_word' id='word_1_590' title='bbox 2343 3128 2675 3199; x_wconf 85' lang='lat' dir='ltr'><strong>amplexum</strong></span> <span class='ocrx_word' id='word_1_591' title='bbox 2702 3149 2805 3187; x_wconf 88' lang='lat' dir='ltr'><strong>nec</strong></span> <span class='ocrx_word' id='word_1_592' title='bbox 2822 3150 2889 3189; x_wconf 83' lang='lat' dir='ltr'><strong>ex</strong></span> <span class='ocrx_word' id='word_1_593' title='bbox 2911 3136 3227 3194; x_wconf 92' lang='lat' dir='ltr'><strong>multorum</strong></span> <span class='ocrx_word' id='word_1_594' title='bbox 3252 3158 3566 3213; x_wconf 87' lang='lat' dir='ltr'><strong>congressu</strong></span> <span class='ocrx_word' id='word_1_595' title='bbox 3594 3149 3773 3205; x_wconf 87' lang='lat' dir='ltr'><strong>ullam</strong></span> 
     </span>
    </p>
   </div>
   <div class='ocr_carea' id='block_1_78' title="bbox 2050 3194 3773 3304">
    <p class='ocr_par' dir='ltr' id='par_1_78' title="bbox 2050 3194 3773 3304">
     <span class='ocr_line' id='line_1_78' title="bbox 2050 3194 3773 3304; baseline 0.015 -36"><span class='ocrx_word' id='word_1_596' title='bbox 2050 3194 2091 3260; x_wconf 82' lang='lat' dir='ltr'>C</span> <span class='ocrx_word' id='word_1_597' title='bbox 2127 3216 2488 3272; x_wconf 89' lang='lat' dir='ltr'><strong>contraxisse</strong></span> <span class='ocrx_word' id='word_1_598' title='bbox 2538 3222 2853 3279; x_wconf 88' lang='lat' dir='ltr'><strong>maculam.</strong></span> <span class='ocrx_word' id='word_1_599' title='bbox 2888 3224 3032 3279; x_wconf 89' lang='lat' dir='ltr'><strong>Cum</strong></span> <span class='ocrx_word' id='word_1_600' title='bbox 3066 3243 3202 3299; x_wconf 89' lang='lat' dir='ltr'><strong>ergo</strong></span> <span class='ocrx_word' id='word_1_601' title='bbox 3252 3231 3309 3284; x_wconf 91' lang='lat' dir='ltr'><strong>in</strong></span> <span class='ocrx_word' id='word_1_602' title='bbox 3343 3194 3593 3304; x_wconf 63' lang='lat' dir='ltr'><strong>uotraque</strong></span> <span class='ocrx_word' id='word_1_603' title='bbox 3635 3240 3773 3304; x_wconf 90' lang='lat' dir='ltr'><strong>vita,</strong></span> 
     </span>
    </p>
   </div>
   <div class='ocr_carea' id='block_1_79' title="bbox 2130 3309 3774 3395">
    <p class='ocr_par' dir='ltr' id='par_1_79' title="bbox 2130 3309 3774 3395">
     <span class='ocr_line' id='line_1_79' title="bbox 2130 3309 3774 3395; baseline 0.016 -38"><span class='ocrx_word' id='word_1_604' title='bbox 2130 3319 2337 3395; x_wconf 88' lang='lat' dir='ltr'><strong>nempe</strong></span> <span class='ocrx_word' id='word_1_605' title='bbox 2368 3312 2423 3361; x_wconf 87' lang='lat' dir='ltr'><strong>et</strong></span> <span class='ocrx_word' id='word_1_606' title='bbox 2452 3309 2605 3363; x_wconf 87' lang='lat' dir='ltr'><strong>civili</strong></span> <span class='ocrx_word' id='word_1_607' title='bbox 2637 3315 2693 3365; x_wconf 88' lang='lat' dir='ltr'><strong>et</strong></span> <span class='ocrx_word' id='word_1_608' title='bbox 2723 3312 3003 3379; x_wconf 89' lang='lat' dir='ltr'><strong>solitaria,</strong></span> <span class='ocrx_word' id='word_1_609' title='bbox 3037 3333 3099 3371; x_wconf 90' lang='lat' dir='ltr'><strong>se</strong></span> <span class='ocrx_word' id='word_1_610' title='bbox 3120 3322 3349 3391; x_wconf 86' lang='lat' dir='ltr'><strong>egregie</strong></span> <span class='ocrx_word' id='word_1_611' title='bbox 3372 3327 3636 3395; x_wconf 76' lang='lat' dir='ltr'><strong>gesserit,</strong></span> <span class='ocrx_word' id='word_1_612' title='bbox 3671 3329 3774 3383; x_wconf 89' lang='lat' dir='ltr'><strong>du-</strong></span> 
     </span>
    </p>
   </div>
   <div class='ocr_carea' id='block_1_80' title="bbox 2131 3394 3532 3480">
    <p class='ocr_par' dir='ltr' id='par_1_80' title="bbox 2131 3394 3532 3480">
     <span class='ocr_line' id='line_1_80' title="bbox 2131 3394 3532 3480; baseline 0.017 -34"><span class='ocrx_word' id='word_1_613' title='bbox 2131 3394 2379 3466; x_wconf 80' lang='lat' dir='ltr'><strong>plicibus</strong></span> <span class='ocrx_word' id='word_1_614' title='bbox 2411 3414 2643 3469; x_wconf 91' lang='lat' dir='ltr'><strong>quoque</strong></span> <span class='ocrx_word' id='word_1_615' title='bbox 2676 3403 2907 3457; x_wconf 92' lang='lat' dir='ltr'><strong>coronis</strong></span> <span class='ocrx_word' id='word_1_616' title='bbox 2939 3404 3143 3461; x_wconf 91' lang='lat' dir='ltr'><strong>merito</strong></span> <span class='ocrx_word' id='word_1_617' title='bbox 3174 3408 3532 3480; x_wconf 86' lang='lat' dir='ltr'><strong>dignabitur.</strong></span> 
     </span>
    </p>
   </div>
   <div class='ocr_carea' id='block_1_81' title="bbox 2204 3488 3778 3563">
    <p class='ocr_par' dir='ltr' id='par_1_81' title="bbox 2204 3488 3778 3563">
     <span class='ocr_line' id='line_1_81' title="bbox 2204 3488 3778 3563; baseline 0.017 -27"><span class='ocrx_word' id='word_1_618' title='bbox 2204 3488 2381 3538; x_wconf 86' lang='lat' dir='ltr'><strong>Porro</strong></span> <span class='ocrx_word' id='word_1_619' title='bbox 2404 3491 2598 3542; x_wconf 91' lang='lat' dir='ltr'><strong>autem</strong></span> <span class='ocrx_word' id='word_1_620' title='bbox 2628 3488 2793 3543; x_wconf 92' lang='lat' dir='ltr'><strong>multi</strong></span> <span class='ocrx_word' id='word_1_621' title='bbox 2824 3507 3057 3563; x_wconf 92' lang='lat' dir='ltr'><strong>quoque</strong></span> <span class='ocrx_word' id='word_1_622' title='bbox 3078 3494 3175 3549; x_wconf 85' lang='lat' dir='ltr'><strong>alii</strong></span> <span class='ocrx_word' id='word_1_623' title='bbox 3200 3505 3338 3553; x_wconf 89' lang='lat' dir='ltr'><strong>sunt</strong></span> <span class='ocrx_word' id='word_1_624' title='bbox 3360 3500 3569 3559; x_wconf 88' lang='lat' dir='ltr'><strong>horum</strong></span> <span class='ocrx_word' id='word_1_625' title='bbox 3599 3522 3778 3561; x_wconf 61' lang='lat' dir='ltr'><strong>aemu-</strong></span> 
     </span>
    </p>
   </div>
   <div class='ocr_carea' id='block_1_82' title="bbox 2132 3571 3771 3659">
    <p class='ocr_par' dir='ltr' id='par_1_82' title="bbox 2132 3571 3771 3659">
     <span class='ocr_line' id='line_1_82' title="bbox 2132 3571 3771 3659; baseline 0.015 -33"><span class='ocrx_word' id='word_1_626' title='bbox 2132 3571 2232 3627; x_wconf 89' lang='lat' dir='ltr'><strong>lati</strong></span> <span class='ocrx_word' id='word_1_627' title='bbox 2267 3574 2582 3630; x_wconf 87' lang='lat' dir='ltr'><strong>virtutem:</strong></span> <span class='ocrx_word' id='word_1_628' title='bbox 2618 3582 2675 3632; x_wconf 93' lang='lat' dir='ltr'><strong>et</strong></span> <span class='ocrx_word' id='word_1_629' title='bbox 2706 3580 2877 3649; x_wconf 89' lang='lat' dir='ltr'><strong>plena</strong></span> <span class='ocrx_word' id='word_1_630' title='bbox 2908 3587 2996 3635; x_wconf 92' lang='lat' dir='ltr'><strong>est</strong></span> <span class='ocrx_word' id='word_1_631' title='bbox 3044 3600 3159 3638; x_wconf 88' lang='lat' dir='ltr'><strong>non</strong></span> <span class='ocrx_word' id='word_1_632' title='bbox 3193 3593 3393 3643; x_wconf 88' lang='lat' dir='ltr'><strong>nostra</strong></span> <span class='ocrx_word' id='word_1_633' title='bbox 3424 3591 3636 3659; x_wconf 92' lang='lat' dir='ltr'><strong>solum,</strong></span> <span class='ocrx_word' id='word_1_634' title='bbox 3670 3597 3771 3649; x_wconf 91' lang='lat' dir='ltr'><strong>sed</strong></span> 
     </span>
    </p>
   </div>
   <div class='ocr_carea' id='block_1_83' title="bbox 2131 3662 3778 3753">
    <p class='ocr_par' dir='ltr' id='par_1_83' title="bbox 2131 3662 3778 3753">
     <span class='ocr_line' id='line_1_83' title="bbox 2131 3662 3778 3753; baseline 0.013 -37"><span class='ocrx_word' id='word_1_635' title='bbox 2131 3662 2307 3717; x_wconf 89' lang='lat' dir='ltr'><strong>etiam</strong></span> <span class='ocrx_word' id='word_1_636' title='bbox 2334 3663 2533 3718; x_wconf 72' lang='lat' dir='ltr'><strong>vicina:</strong></span> <span class='ocrx_word' id='word_1_637' title='bbox 2574 3666 2836 3722; x_wconf 87' lang='lat' dir='ltr'><strong>civitates</strong></span> <span class='ocrx_word' id='word_1_638' title='bbox 2868 3674 2923 3723; x_wconf 91' lang='lat' dir='ltr'><strong>et</strong></span> <span class='ocrx_word' id='word_1_639' title='bbox 2954 3673 3107 3743; x_wconf 89' lang='lat' dir='ltr'><strong>pagi,</strong></span> <span class='ocrx_word' id='word_1_640' title='bbox 3140 3674 3239 3729; x_wconf 91' lang='lat' dir='ltr'><strong>tali</strong></span> <span class='ocrx_word' id='word_1_641' title='bbox 3267 3677 3660 3753; x_wconf 77' lang='lat' dir='ltr'><strong>phiIOSOphia.</strong></span> <span class='ocrx_word' id='word_1_642' title='bbox 3683 3688 3778 3738; x_wconf 81' lang='lat' dir='ltr'><strong>Est</strong></span> 
     </span>
    </p>
   </div>
   <div class='ocr_carea' id='block_1_84' title="bbox 2132 3754 3775 3843">
    <p class='ocr_par' dir='ltr' id='par_1_84' title="bbox 2132 3754 3775 3843">
     <span class='ocr_line' id='line_1_84' title="bbox 2132 3754 3775 3843; baseline 0.015 -40"><span class='ocrx_word' id='word_1_643' title='bbox 2132 3754 2323 3805; x_wconf 88' lang='lat' dir='ltr'><strong>autem</strong></span> <span class='ocrx_word' id='word_1_644' title='bbox 2354 3769 2508 3807; x_wconf 91' lang='lat' dir='ltr'><strong>unus</strong></span> <span class='ocrx_word' id='word_1_645' title='bbox 2529 3770 2594 3808; x_wconf 87' lang='lat' dir='ltr'><strong>ex</strong></span> <span class='ocrx_word' id='word_1_646' title='bbox 2624 3754 2713 3809; x_wconf 89' lang='lat' dir='ltr'><strong>his</strong></span> <span class='ocrx_word' id='word_1_647' title='bbox 2740 3757 2973 3812; x_wconf 90' lang='lat' dir='ltr'><strong>divinus</strong></span> <span class='ocrx_word' id='word_1_648' title='bbox 2990 3776 3223 3832; x_wconf 83' lang='lat' dir='ltr'><strong>quoque</strong></span> <span class='ocrx_word' id='word_1_649' title='bbox 3245 3764 3522 3836; x_wconf 89' lang='lat' dir='ltr'><strong>Jacobus,</strong></span> <span class='ocrx_word' id='word_1_650' title='bbox 3542 3772 3605 3825; x_wconf 84' lang='lat' dir='ltr'><strong>in</strong></span> <span class='ocrx_word' id='word_1_651' title='bbox 3630 3790 3775 3843; x_wconf 88' lang='lat' dir='ltr'><strong>qua-</strong></span> 
     </span>
    </p>
   </div>
   <div class='ocr_carea' id='block_1_85' title="bbox 2131 3839 3775 3931">
    <p class='ocr_par' dir='ltr' id='par_1_85' title="bbox 2131 3839 3775 3931">
     <span class='ocr_line' id='line_1_85' title="bbox 2131 3839 3775 3931; baseline 0.014 -38"><span class='ocrx_word' id='word_1_652' title='bbox 2131 3839 2432 3931; x_wconf 17' lang='lat' dir='ltr'><strong>dam7848</strong></span> <span class='ocrx_word' id='word_1_653' title='bbox 2452 3842 2812 3900; x_wconf 88' lang='lat' dir='ltr'><strong>domuncula</strong></span> <span class='ocrx_word' id='word_1_654' title='bbox 2834 3846 3275 3922; x_wconf 85' lang='lat' dir='ltr'><strong>inclususjusta</strong></span> <span class='ocrx_word' id='word_1_655' title='bbox 3300 3856 3489 3912; x_wconf 92' lang='lat' dir='ltr'><strong>vicum</strong></span> <span class='ocrx_word' id='word_1_656' title='bbox 3519 3839 3775 3931; x_wconf 84' lang='lat' dir='ltr'><strong>quidici-</strong></span> 
     </span>
    </p>
   </div>
   <div class='ocr_carea' id='block_1_86' title="bbox 2130 3930 3773 4012">
    <p class='ocr_par' dir='ltr' id='par_1_86' title="bbox 2130 3930 3773 4012">
     <span class='ocr_line' id='line_1_86' title="bbox 2130 3930 3773 4012; baseline 0.015 -30"><span class='ocrx_word' id='word_1_657' title='bbox 2130 3932 2227 3984; x_wconf 90' lang='lat' dir='ltr'><strong>tur</strong></span> <span class='ocrx_word' id='word_1_658' title='bbox 2258 3930 2476 3986; x_wconf 86' lang='lat' dir='ltr'><strong>Duzan.</strong></span> <span class='ocrx_word' id='word_1_659' title='bbox 2511 3932 2619 3995; x_wconf 89' lang='lat' dir='ltr'><strong>Qui</strong></span> <span class='ocrx_word' id='word_1_660' title='bbox 2651 3951 2785 3989; x_wconf 89' lang='lat' dir='ltr'><strong>cum</strong></span> <span class='ocrx_word' id='word_1_661' title='bbox 2808 3935 2885 3990; x_wconf 90' lang='lat' dir='ltr'><strong>sit</strong></span> <span class='ocrx_word' id='word_1_662' title='bbox 2913 3938 3089 3993; x_wconf 85' lang='lat' dir='ltr'><strong>etiam</strong></span> <span class='ocrx_word' id='word_1_663' title='bbox 3114 3940 3170 3995; x_wconf 91' lang='lat' dir='ltr'><strong>in</strong></span> <span class='ocrx_word' id='word_1_664' title='bbox 3204 3942 3332 4012; x_wconf 88' lang='lat' dir='ltr'><strong>ipso</strong></span> <span class='ocrx_word' id='word_1_665' title='bbox 3357 3946 3483 4001; x_wconf 75' lang='lat' dir='ltr'><strong>vitae</strong></span> <span class='ocrx_word' id='word_1_666' title='bbox 3524 3930 3773 4007; x_wconf 87' lang='lat' dir='ltr'><strong>termino</strong></span> 
     </span>
    </p>
   </div>
   <div class='ocr_carea' id='block_1_87' title="bbox 2130 4019 3773 4108">
    <p class='ocr_par' dir='ltr' id='par_1_87' title="bbox 2130 4019 3773 4108">
     <span class='ocr_line' id='line_1_87' title="bbox 2130 4019 3773 4108; baseline 0.014 -36"><span class='ocrx_word' id='word_1_667' title='bbox 2130 4019 2239 4089; x_wconf 88' lang='lat' dir='ltr'><strong>(est</strong></span> <span class='ocrx_word' id='word_1_668' title='bbox 2268 4019 2423 4074; x_wconf 88' lang='lat' dir='ltr'><strong>enim</strong></span> <span class='ocrx_word' id='word_1_669' title='bbox 2458 4020 2770 4092; x_wconf 88' lang='lat' dir='ltr'><strong>plusquam</strong></span> <span class='ocrx_word' id='word_1_670' title='bbox 2805 4027 3124 4097; x_wconf 88' lang='lat' dir='ltr'><strong>nonaginta</strong></span> <span class='ocrx_word' id='word_1_671' title='bbox 3154 4046 3340 4086; x_wconf 90' lang='lat' dir='ltr'><strong>annos</strong></span> <span class='ocrx_word' id='word_1_672' title='bbox 3369 4038 3561 4108; x_wconf 83' lang='lat' dir='ltr'><strong>natus)</strong></span> <span class='ocrx_word' id='word_1_673' title='bbox 3584 4038 3773 4095; x_wconf 80' lang='lat' dir='ltr'><strong>inclu-</strong></span> 
     </span>
    </p>
   </div>
   <div class='ocr_carea' id='block_1_88' title="bbox 2130 4109 3772 4197">
    <p class='ocr_par' dir='ltr' id='par_1_88' title="bbox 2130 4109 3772 4197">
     <span class='ocr_line' id='line_1_88' title="bbox 2130 4109 3772 4197; baseline 0.014 -35"><span class='ocrx_word' id='word_1_674' title='bbox 2130 4126 2231 4163; x_wconf 91' lang='lat' dir='ltr'><strong>sus</strong></span> <span class='ocrx_word' id='word_1_675' title='bbox 2273 4112 2327 4163; x_wconf 89' lang='lat' dir='ltr'><strong>et</strong></span> <span class='ocrx_word' id='word_1_676' title='bbox 2371 4109 2551 4175; x_wconf 91' lang='lat' dir='ltr'><strong>solus,</strong></span> <span class='ocrx_word' id='word_1_677' title='bbox 2581 4117 2637 4166; x_wconf 91' lang='lat' dir='ltr'><strong>et</strong></span> <span class='ocrx_word' id='word_1_678' title='bbox 2686 4128 2788 4182; x_wconf 89' lang='lat' dir='ltr'><strong>per</strong></span> <span class='ocrx_word' id='word_1_679' title='bbox 2826 4116 3142 4183; x_wconf 87' lang='lat' dir='ltr'><strong>quamdam</strong></span> <span class='ocrx_word' id='word_1_680' title='bbox 3185 4122 3475 4178; x_wconf 90' lang='lat' dir='ltr'><strong>modicam</strong></span> <span class='ocrx_word' id='word_1_681' title='bbox 3528 4128 3772 4197; x_wconf 83' lang='lat' dir='ltr'><strong>fossam,</strong></span> 
     </span>
    </p>
   </div>
   <div class='ocr_carea' id='block_1_89' title="bbox 2127 4198 3777 4280">
    <p class='ocr_par' dir='ltr' id='par_1_89' title="bbox 2127 4198 3777 4280">
     <span class='ocr_line' id='line_1_89' title="bbox 2127 4198 3777 4280; baseline 0.013 -29"><span class='ocrx_word' id='word_1_682' title='bbox 2127 4198 2317 4253; x_wconf 89' lang='lat' dir='ltr'><strong>instar</strong></span> <span class='ocrx_word' id='word_1_683' title='bbox 2345 4215 2533 4253; x_wconf 69' lang='lat' dir='ltr'><strong>curva</strong></span> <span class='ocrx_word' id='word_1_684' title='bbox 2560 4199 2722 4254; x_wconf 81' lang='lat' dir='ltr'><strong>lineae</strong></span> <span class='ocrx_word' id='word_1_685' title='bbox 2747 4202 2982 4269; x_wconf 86' lang='lat' dir='ltr'><strong>factam,</strong></span> <span class='ocrx_word' id='word_1_686' title='bbox 3010 4222 3289 4277; x_wconf 89' lang='lat' dir='ltr'><strong>responsa</strong></span> <span class='ocrx_word' id='word_1_687' title='bbox 3325 4212 3559 4280; x_wconf 90' lang='lat' dir='ltr'><strong>quidem</strong></span> <span class='ocrx_word' id='word_1_688' title='bbox 3585 4218 3777 4273; x_wconf 91' lang='lat' dir='ltr'><strong>reddit</strong></span> 
     </span>
    </p>
   </div>
   <div class='ocr_carea' id='block_1_90' title="bbox 2127 4287 3775 4370">
    <p class='ocr_par' dir='ltr' id='par_1_90' title="bbox 2127 4287 3775 4370">
     <span class='ocr_line' id='line_1_90' title="bbox 2127 4287 3775 4370; baseline 0.012 -30"><span class='ocrx_word' id='word_1_689' title='bbox 2127 4287 2227 4341; x_wconf 89' lang='lat' dir='ltr'><strong>sed</strong></span> <span class='ocrx_word' id='word_1_690' title='bbox 2250 4304 2359 4341; x_wconf 86' lang='lat' dir='ltr'><strong>non</strong></span> <span class='ocrx_word' id='word_1_691' title='bbox 2387 4287 2611 4343; x_wconf 84' lang='lat' dir='ltr'><strong>videtur</strong></span> <span class='ocrx_word' id='word_1_692' title='bbox 2635 4294 2722 4355; x_wconf 88' lang='lat' dir='ltr'><strong>;et</strong></span> <span class='ocrx_word' id='word_1_693' title='bbox 2744 4307 2932 4361; x_wconf 89' lang='lat' dir='ltr'><strong>neque</strong></span> <span class='ocrx_word' id='word_1_694' title='bbox 2956 4293 3088 4364; x_wconf 89' lang='lat' dir='ltr'><strong>igne</strong></span> <span class='ocrx_word' id='word_1_695' title='bbox 3114 4297 3314 4361; x_wconf 90' lang='lat' dir='ltr'><strong>utitur,</strong></span> <span class='ocrx_word' id='word_1_696' title='bbox 3342 4316 3529 4370; x_wconf 87' lang='lat' dir='ltr'><strong>neque</strong></span> <span class='ocrx_word' id='word_1_697' title='bbox 3550 4303 3775 4362; x_wconf 90' lang='lat' dir='ltr'><strong>lumine</strong></span> 
     </span>
    </p>
   </div>
   <div class='ocr_carea' id='block_1_91' title="bbox 2126 4374 3772 4461">
    <p class='ocr_par' dir='ltr' id='par_1_91' title="bbox 2126 4374 3772 4461">
     <span class='ocr_line' id='line_1_91' title="bbox 2126 4374 3772 4461; baseline 0.012 -33"><span class='ocrx_word' id='word_1_698' title='bbox 2126 4374 2488 4431; x_wconf 68' lang='lat' dir='ltr'><strong>lucernaeMe</strong></span> <span class='ocrx_word' id='word_1_699' title='bbox 2503 4377 2739 4447; x_wconf 89' lang='lat' dir='ltr'><strong>quidem</strong></span> <span class='ocrx_word' id='word_1_700' title='bbox 2757 4378 2845 4432; x_wconf 89' lang='lat' dir='ltr'><strong>bis</strong></span> <span class='ocrx_word' id='word_1_701' title='bbox 2867 4382 3128 4451; x_wconf 89' lang='lat' dir='ltr'><strong>perfosso</strong></span> <span class='ocrx_word' id='word_1_702' title='bbox 3151 4385 3498 4456; x_wconf 89' lang='lat' dir='ltr'><strong>ostiojussit</strong></span> <span class='ocrx_word' id='word_1_703' title='bbox 3517 4391 3772 4461; x_wconf 89' lang='lat' dir='ltr'><strong>admitti,</strong></span> 
     </span>
    </p>
   </div>
   <div class='ocr_carea' id='block_1_92' title="bbox 2126 4463 3779 4543">
    <p class='ocr_par' dir='ltr' id='par_1_92' title="bbox 2126 4463 3779 4543">
     <span class='ocr_line' id='line_1_92' title="bbox 2126 4463 3779 4543; baseline 0.013 -26"><span class='ocrx_word' id='word_1_704' title='bbox 2126 4463 2233 4519; x_wconf 91' lang='lat' dir='ltr'><strong>hoc</strong></span> <span class='ocrx_word' id='word_1_705' title='bbox 2280 4479 2373 4518; x_wconf 89' lang='lat' dir='ltr'><strong>me</strong></span> <span class='ocrx_word' id='word_1_706' title='bbox 2403 4464 2620 4521; x_wconf 87' lang='lat' dir='ltr'><strong>honore</strong></span> <span class='ocrx_word' id='word_1_707' title='bbox 2652 4466 2936 4536; x_wconf 85' lang='lat' dir='ltr'><strong>afficiens,</strong></span> <span class='ocrx_word' id='word_1_708' title='bbox 2959 4474 3016 4524; x_wconf 91' lang='lat' dir='ltr'><strong>et</strong></span> <span class='ocrx_word' id='word_1_709' title='bbox 3062 4488 3239 4543; x_wconf 91' lang='lat' dir='ltr'><strong>quam</strong></span> <span class='ocrx_word' id='word_1_710' title='bbox 3264 4474 3409 4529; x_wconf 90' lang='lat' dir='ltr'><strong>mihi</strong></span> <span class='ocrx_word' id='word_1_711' title='bbox 3455 4477 3602 4535; x_wconf 91' lang='lat' dir='ltr'><strong>bene</strong></span> <span class='ocrx_word' id='word_1_712' title='bbox 3640 4483 3779 4538; x_wconf 89' lang='lat' dir='ltr'><strong>velit</strong></span> 
     </span>
    </p>
   </div>
   <div class='ocr_carea' id='block_1_93' title="bbox 364 4548 2438 4620">
    <p class='ocr_par' dir='ltr' id='par_1_93' title="bbox 364 4548 2438 4620">
     <span class='ocr_line' id='line_1_93' title="bbox 364 4548 2438 4620; baseline 0.001 -15"><span class='ocrx_word' id='word_1_713' title='bbox 364 4551 626 4616; x_wconf 87' lang='lat' dir='ltr'><strong>divinus,</strong></span> <span class='ocrx_word' id='word_1_714' title='bbox 644 4566 707 4605; x_wconf 91' lang='lat' dir='ltr'><strong>es</strong></span> <span class='ocrx_word' id='word_1_715' title='bbox 722 4548 1036 4620; x_wconf 89' lang='lat' dir='ltr'><strong>pollicitus,</strong></span> <span class='ocrx_word' id='word_1_716' title='bbox 1052 4548 1497 4618; x_wconf 82' lang='lat' dir='ltr'><strong>etjurejurando</strong></span> <span class='ocrx_word' id='word_1_717' title='bbox 1513 4548 1867 4619; x_wconf 89' lang='lat' dir='ltr'><strong>promissum</strong></span> <span class='ocrx_word' id='word_1_718' title='bbox 1884 4567 2018 4606; x_wconf 86' lang='lat' dir='ltr'><strong>con-</strong></span> <span class='ocrx_word' id='word_1_719' title='bbox 2052 4551 2093 4615; x_wconf 90' lang='lat' dir='ltr'><strong>D</strong></span> <span class='ocrx_word' id='word_1_720' title='bbox 2125 4553 2438 4609; x_wconf 90' lang='lat' dir='ltr'><strong>ostendens</strong></span> 
     </span>
    </p>
   </div>
   <div class='ocr_carea' id='block_1_94' title="bbox 365 4636 2024 4710">
    <p class='ocr_par' dir='ltr' id='par_1_94' title="bbox 365 4636 2024 4710">
     <span class='ocr_line' id='line_1_94' title="bbox 365 4636 2024 4710; baseline 0.001 -17"><span class='ocrx_word' id='word_1_721' title='bbox 365 4639 642 4705; x_wconf 74' lang='lat' dir='ltr'><strong>firmasti,</strong></span> <span class='ocrx_word' id='word_1_722' title='bbox 677 4638 795 4694; x_wconf 85' lang='lat' dir='ltr'><strong>acri</strong></span> <span class='ocrx_word' id='word_1_723' title='bbox 830 4642 888 4693; x_wconf 88' lang='lat' dir='ltr'><strong>et</strong></span> <span class='ocrx_word' id='word_1_724' title='bbox 915 4636 1246 4692; x_wconf 88' lang='lat' dir='ltr'><strong>vehementi</strong></span> <span class='ocrx_word' id='word_1_725' title='bbox 1270 4637 1465 4692; x_wconf 90' lang='lat' dir='ltr'><strong>studio</strong></span> <span class='ocrx_word' id='word_1_726' title='bbox 1490 4636 1605 4692; x_wconf 92' lang='lat' dir='ltr'><strong>Deo</strong></span> <span class='ocrx_word' id='word_1_727' title='bbox 1638 4655 1740 4710; x_wconf 87' lang='lat' dir='ltr'><strong>pro</strong></span> <span class='ocrx_word' id='word_1_728' title='bbox 1761 4654 1852 4696; x_wconf 87' lang='lat' dir='ltr'><strong>me</strong></span> <span class='ocrx_word' id='word_1_729' title='bbox 1883 4641 2024 4696; x_wconf 79' lang='lat' dir='ltr'><strong>oﬂ‘er</strong></span> 
     </span>
    </p>
   </div>
   <div class='ocr_carea' id='block_1_95' title="bbox 364 4725 2017 4799">
    <p class='ocr_par' dir='ltr' id='par_1_95' title="bbox 364 4725 2017 4799">
     <span class='ocr_line' id='line_1_95' title="bbox 364 4725 2017 4799; baseline 0.001 -16"><span class='ocrx_word' id='word_1_730' title='bbox 364 4728 667 4799; x_wconf 88' lang='lat' dir='ltr'><strong>preces.Is</strong></span> <span class='ocrx_word' id='word_1_731' title='bbox 699 4732 894 4782; x_wconf 90' lang='lat' dir='ltr'><strong>autem</strong></span> <span class='ocrx_word' id='word_1_732' title='bbox 930 4727 1177 4782; x_wconf 87' lang='lat' dir='ltr'><strong>frontem</strong></span> <span class='ocrx_word' id='word_1_733' title='bbox 1193 4725 1437 4798; x_wconf 87' lang='lat' dir='ltr'><strong>pulsans</strong></span> <span class='ocrx_word' id='word_1_734' title='bbox 1453 4727 2017 4785; x_wconf 87' lang='lat' dir='ltr'><strong>obsecrabatuteum</strong></span> 
     </span>
    </p>
   </div>
   <div class='ocr_carea' id='block_1_96' title="bbox 364 4815 2019 4891">
    <p class='ocr_par' dir='ltr' id='par_1_96' title="bbox 364 4815 2019 4891">
     <span class='ocr_line' id='line_1_96' title="bbox 364 4815 2019 4891; baseline 0.001 -18"><span class='ocrx_word' id='word_1_735' title='bbox 364 4818 701 4873; x_wconf 87' lang='lat' dir='ltr'><strong>absolveret</strong></span> <span class='ocrx_word' id='word_1_736' title='bbox 716 4817 1168 4888; x_wconf 85' lang='lat' dir='ltr'><strong>ajurejurando,</strong></span> <span class='ocrx_word' id='word_1_737' title='bbox 1186 4821 1249 4871; x_wconf 92' lang='lat' dir='ltr'><strong>ut</strong></span> <span class='ocrx_word' id='word_1_738' title='bbox 1267 4815 1367 4887; x_wconf 89' lang='lat' dir='ltr'><strong>qui</strong></span> <span class='ocrx_word' id='word_1_739' title='bbox 1387 4833 1499 4871; x_wconf 87' lang='lat' dir='ltr'><strong>non</strong></span> <span class='ocrx_word' id='word_1_740' title='bbox 1520 4821 1673 4872; x_wconf 88' lang='lat' dir='ltr'><strong>esset</strong></span> <span class='ocrx_word' id='word_1_741' title='bbox 1687 4817 1901 4890; x_wconf 87' lang='lat' dir='ltr'><strong>dignus</strong></span> <span class='ocrx_word' id='word_1_742' title='bbox 1917 4836 2019 4891; x_wconf 90' lang='lat' dir='ltr'><strong>pro</strong></span> 
     </span>
    </p>
   </div>
   <div class='ocr_carea' id='block_1_97' title="bbox 360 4905 2023 4978">
    <p class='ocr_par' dir='ltr' id='par_1_97' title="bbox 360 4905 2023 4978">
     <span class='ocr_line' id='line_1_97' title="bbox 360 4905 2023 4978; baseline 0.002 -19"><span class='ocrx_word' id='word_1_743' title='bbox 360 4906 492 4978; x_wconf 86' lang='lat' dir='ltr'><strong>ipso</strong></span> <span class='ocrx_word' id='word_1_744' title='bbox 512 4922 716 4978; x_wconf 84' lang='lat' dir='ltr'><strong>preces</strong></span> <span class='ocrx_word' id='word_1_745' title='bbox 731 4906 936 4962; x_wconf 77' lang='lat' dir='ltr'><strong>offerre</strong></span> <span class='ocrx_word' id='word_1_746' title='bbox 959 4905 1224 4960; x_wconf 91' lang='lat' dir='ltr'><strong>Domino.</strong></span> <span class='ocrx_word' id='word_1_747' title='bbox 1242 4906 1381 4977; x_wconf 84' lang='lat' dir='ltr'><strong>Ejus</strong></span> <span class='ocrx_word' id='word_1_748' title='bbox 1402 4921 1538 4976; x_wconf 90' lang='lat' dir='ltr'><strong>ergo</strong></span> <span class='ocrx_word' id='word_1_749' title='bbox 1564 4906 1661 4977; x_wconf 90' lang='lat' dir='ltr'><strong>qui</strong></span> <span class='ocrx_word' id='word_1_750' title='bbox 1686 4906 1744 4961; x_wconf 90' lang='lat' dir='ltr'><strong>in</strong></span> <span class='ocrx_word' id='word_1_751' title='bbox 1769 4913 1885 4963; x_wconf 87' lang='lat' dir='ltr'><strong>tam</strong></span> <span class='ocrx_word' id='word_1_752' title='bbox 1906 4907 2023 4963; x_wconf 89' lang='lat' dir='ltr'><strong>alta</strong></span> 
     </span>
    </p>
   </div>
   <div class='ocr_carea' id='block_1_98' title="bbox 361 4992 2017 5068">
    <p class='ocr_par' dir='ltr' id='par_1_98' title="bbox 361 4992 2017 5068">
     <span class='ocr_line' id='line_1_98' title="bbox 361 4992 2017 5068; baseline 0.001 -18"><span class='ocrx_word' id='word_1_753' title='bbox 361 4994 739 5068; x_wconf 88' lang='lat' dir='ltr'><strong>philosophia</strong></span> <span class='ocrx_word' id='word_1_754' title='bbox 753 4998 917 5050; x_wconf 85' lang='lat' dir='ltr'><strong>tanta</strong></span> <span class='ocrx_word' id='word_1_755' title='bbox 932 4992 1307 5050; x_wconf 84' lang='lat' dir='ltr'><strong>sitmodestia</strong></span> <span class='ocrx_word' id='word_1_756' title='bbox 1330 5011 1395 5049; x_wconf 89' lang='lat' dir='ltr'><strong>ac</strong></span> <span class='ocrx_word' id='word_1_757' title='bbox 1413 4995 1837 5062; x_wconf 87' lang='lat' dir='ltr'><strong>moderatione,</strong></span> <span class='ocrx_word' id='word_1_758' title='bbox 1858 5013 2017 5068; x_wconf 68' lang='lat' dir='ltr'><strong>quae-</strong></span> 
     </span>
    </p>
   </div>
   <div class='ocr_carea' id='block_1_99' title="bbox 361 5083 2022 5158">
    <p class='ocr_par' dir='ltr' id='par_1_99' title="bbox 361 5083 2022 5158">
     <span class='ocr_line' id='line_1_99' title="bbox 361 5083 2022 5158; baseline 0.001 -19"><span class='ocrx_word' id='word_1_759' title='bbox 361 5102 496 5139; x_wconf 88' lang='lat' dir='ltr'><strong>nam</strong></span> <span class='ocrx_word' id='word_1_760' title='bbox 514 5085 703 5139; x_wconf 87' lang='lat' dir='ltr'><strong>oratio</strong></span> <span class='ocrx_word' id='word_1_761' title='bbox 722 5084 1053 5156; x_wconf 88' lang='lat' dir='ltr'><strong>possitejus</strong></span> <span class='ocrx_word' id='word_1_762' title='bbox 1068 5083 1269 5138; x_wconf 85' lang='lat' dir='ltr'><strong>laudes</strong></span> <span class='ocrx_word' id='word_1_763' title='bbox 1286 5100 1388 5153; x_wconf 88' lang='lat' dir='ltr'><strong>pro</strong></span> <span class='ocrx_word' id='word_1_764' title='bbox 1411 5084 1696 5155; x_wconf 89' lang='lat' dir='ltr'><strong>dignitate</strong></span> <span class='ocrx_word' id='word_1_765' title='bbox 1710 5087 2022 5158; x_wconf 85' lang='lat' dir='ltr'><strong>consequi?</strong></span> 
     </span>
    </p>
   </div>
   <div class='ocr_carea' id='block_1_100' title="bbox 434 5172 2019 5244">
    <p class='ocr_par' dir='ltr' id='par_1_100' title="bbox 434 5172 2019 5244">
     <span class='ocr_line' id='line_1_100' title="bbox 434 5172 2019 5244; baseline 0.001 -17"><span class='ocrx_word' id='word_1_766' title='bbox 434 5176 627 5244; x_wconf 81' lang='lat' dir='ltr'><strong>Hujus</strong></span> <span class='ocrx_word' id='word_1_767' title='bbox 660 5173 719 5228; x_wconf 90' lang='lat' dir='ltr'><strong>in</strong></span> <span class='ocrx_word' id='word_1_768' title='bbox 744 5172 1050 5228; x_wconf 85' lang='lat' dir='ltr'><strong>laboribus</strong></span> <span class='ocrx_word' id='word_1_769' title='bbox 1078 5173 1474 5243; x_wconf 89' lang='lat' dir='ltr'><strong>suscipiendis</strong></span> <span class='ocrx_word' id='word_1_770' title='bbox 1497 5174 1759 5228; x_wconf 88' lang='lat' dir='ltr'><strong>studium</strong></span> <span class='ocrx_word' id='word_1_771' title='bbox 1787 5192 1857 5230; x_wconf 91' lang='lat' dir='ltr'><strong>ne</strong></span> <span class='ocrx_word' id='word_1_772' title='bbox 1877 5175 2019 5230; x_wconf 89' lang='lat' dir='ltr'><strong>varii</strong></span> 
     </span>
    </p>
   </div>
   <div class='ocr_carea' id='block_1_101' title="bbox 362 5261 2016 5335">
    <p class='ocr_par' dir='ltr' id='par_1_101' title="bbox 362 5261 2016 5335">
     <span class='ocr_line' id='line_1_101' title="bbox 362 5261 2016 5335; baseline 0.001 -16"><span class='ocrx_word' id='word_1_773' title='bbox 362 5262 604 5335; x_wconf 88' lang='lat' dir='ltr'><strong>quidem</strong></span> <span class='ocrx_word' id='word_1_774' title='bbox 637 5279 706 5319; x_wconf 89' lang='lat' dir='ltr'><strong>ac</strong></span> <span class='ocrx_word' id='word_1_775' title='bbox 731 5261 1090 5335; x_wconf 89' lang='lat' dir='ltr'><strong>multiplices</strong></span> <span class='ocrx_word' id='word_1_776' title='bbox 1114 5261 1418 5335; x_wconf 89' lang='lat' dir='ltr'><strong>morbiqui</strong></span> <span class='ocrx_word' id='word_1_777' title='bbox 1443 5263 1501 5317; x_wconf 90' lang='lat' dir='ltr'><strong>in</strong></span> <span class='ocrx_word' id='word_1_778' title='bbox 1518 5279 1652 5318; x_wconf 91' lang='lat' dir='ltr'><strong>eum</strong></span> <span class='ocrx_word' id='word_1_779' title='bbox 1678 5263 2016 5334; x_wconf 90' lang='lat' dir='ltr'><strong>incubuere,</strong></span> 
     </span>
    </p>
   </div>
   <div class='ocr_carea' id='block_1_102' title="bbox 360 5351 2017 5425">
    <p class='ocr_par' dir='ltr' id='par_1_102' title="bbox 360 5351 2017 5425">
     <span class='ocr_line' id='line_1_102' title="bbox 360 5351 2017 5425; baseline 0.001 -17"><span class='ocrx_word' id='word_1_780' title='bbox 360 5354 735 5408; x_wconf 87' lang='lat' dir='ltr'><strong>retardarunt</strong></span> <span class='ocrx_word' id='word_1_781' title='bbox 752 5369 764 5419; x_wconf 89' lang='lat'><strong>;</strong></span> <span class='ocrx_word' id='word_1_782' title='bbox 780 5352 881 5407; x_wconf 91' lang='lat' dir='ltr'><strong>sed</strong></span> <span class='ocrx_word' id='word_1_783' title='bbox 900 5368 1033 5407; x_wconf 89' lang='lat' dir='ltr'><strong>cum</strong></span> <span class='ocrx_word' id='word_1_784' title='bbox 1059 5368 1092 5407; x_wconf 88' lang='lat' dir='ltr'><strong>a</strong></span> <span class='ocrx_word' id='word_1_785' title='bbox 1112 5351 1288 5407; x_wconf 88' lang='lat' dir='ltr'><strong>variis</strong></span> <span class='ocrx_word' id='word_1_786' title='bbox 1314 5352 1534 5407; x_wconf 90' lang='lat' dir='ltr'><strong>morbis</strong></span> <span class='ocrx_word' id='word_1_787' title='bbox 1556 5352 2017 5425; x_wconf 84' lang='lat' dir='ltr'><strong>obsideatur,eo-</strong></span> 
     </span>
    </p>
   </div>
   <div class='ocr_carea' id='block_1_103' title="bbox 356 5441 2019 5514">
    <p class='ocr_par' dir='ltr' id='par_1_103' title="bbox 356 5441 2019 5514">
     <span class='ocr_line' id='line_1_103' title="bbox 356 5441 2019 5514; baseline 0.001 -17"><span class='ocrx_word' id='word_1_788' title='bbox 356 5443 525 5499; x_wconf 82' lang='lat' dir='ltr'><strong>sdem</strong></span> <span class='ocrx_word' id='word_1_789' title='bbox 542 5442 777 5499; x_wconf 82' lang='lat' dir='ltr'><strong>labores</strong></span> <span class='ocrx_word' id='word_1_790' title='bbox 792 5442 1059 5498; x_wconf 83' lang='lat' dir='ltr'><strong>sustinet.</strong></span> <span class='ocrx_word' id='word_1_791' title='bbox 1077 5441 1219 5497; x_wconf 90' lang='lat' dir='ltr'><strong>Cum</strong></span> <span class='ocrx_word' id='word_1_792' title='bbox 1238 5441 1438 5497; x_wconf 90' lang='lat' dir='ltr'><strong>multis</strong></span> <span class='ocrx_word' id='word_1_793' title='bbox 1453 5447 1649 5497; x_wconf 90' lang='lat' dir='ltr'><strong>autem</strong></span> <span class='ocrx_word' id='word_1_794' title='bbox 1665 5445 2019 5514; x_wconf 72' lang='lat' dir='ltr'><strong>saepeverbis</strong></span> 
     </span>
    </p>
   </div>
   <div class='ocr_carea' id='block_1_104' title="bbox 355 5531 2018 5604">
    <p class='ocr_par' dir='ltr' id='par_1_104' title="bbox 355 5531 2018 5604">
     <span class='ocr_line' id='line_1_104' title="bbox 355 5531 2018 5604; baseline 0 -17"><span class='ocrx_word' id='word_1_795' title='bbox 355 5532 509 5604; x_wconf 86' lang='lat' dir='ltr'><strong>apud</strong></span> <span class='ocrx_word' id='word_1_796' title='bbox 525 5548 665 5587; x_wconf 91' lang='lat' dir='ltr'><strong>eum</strong></span> <span class='ocrx_word' id='word_1_797' title='bbox 687 5532 1007 5604; x_wconf 88' lang='lat' dir='ltr'><strong>egerimus,</strong></span> <span class='ocrx_word' id='word_1_798' title='bbox 1046 5531 1307 5587; x_wconf 87' lang='lat' dir='ltr'><strong>vixhanc</strong></span> <span class='ocrx_word' id='word_1_799' title='bbox 1329 5532 1747 5588; x_wconf 81' lang='lat' dir='ltr'><strong>aedificavimus</strong></span> <span class='ocrx_word' id='word_1_800' title='bbox 1768 5534 2018 5589; x_wconf 90' lang='lat' dir='ltr'><strong>domun-</strong></span> 
     </span>
    </p>
   </div>
   <div class='ocr_carea' id='block_1_105' title="bbox 353 5618 2020 5692">
    <p class='ocr_par' dir='ltr' id='par_1_105' title="bbox 353 5618 2020 5692">
     <span class='ocr_line' id='line_1_105' title="bbox 353 5618 2020 5692; baseline 0.001 -16"><span class='ocrx_word' id='word_1_801' title='bbox 353 5620 576 5687; x_wconf 87' lang='lat' dir='ltr'><strong>culam,</strong></span> <span class='ocrx_word' id='word_1_802' title='bbox 596 5620 823 5691; x_wconf 91' lang='lat' dir='ltr'><strong>corpori</strong></span> <span class='ocrx_word' id='word_1_803' title='bbox 843 5618 1015 5692; x_wconf 90' lang='lat' dir='ltr'><strong>plane</strong></span> <span class='ocrx_word' id='word_1_804' title='bbox 1036 5619 1335 5692; x_wconf 85' lang='lat' dir='ltr'><strong>frigefacto</strong></span> <span class='ocrx_word' id='word_1_805' title='bbox 1361 5619 1791 5691; x_wconf 87' lang='lat' dir='ltr'><strong>aliquantulum</strong></span> <span class='ocrx_word' id='word_1_806' title='bbox 1809 5622 2020 5678; x_wconf 87' lang='lat' dir='ltr'><strong>caloris</strong></span> 
     </span>
    </p>
   </div>
   <div class='ocr_carea' id='block_1_106' title="bbox 350 5709 2019 5782">
    <p class='ocr_par' dir='ltr' id='par_1_106' title="bbox 350 5709 2019 5782">
     <span class='ocr_line' id='line_1_106' title="bbox 350 5709 2019 5782; baseline 0.001 -15"><span class='ocrx_word' id='word_1_807' title='bbox 350 5709 843 5782; x_wconf 85' lang='lat' dir='ltr'><strong>procurantes.Ei</strong></span> <span class='ocrx_word' id='word_1_808' title='bbox 868 5709 1041 5766; x_wconf 89' lang='lat' dir='ltr'><strong>multi</strong></span> <span class='ocrx_word' id='word_1_809' title='bbox 1066 5710 1306 5781; x_wconf 88' lang='lat' dir='ltr'><strong>quidem</strong></span> <span class='ocrx_word' id='word_1_810' title='bbox 1330 5709 1521 5765; x_wconf 88' lang='lat' dir='ltr'><strong>adhuc</strong></span> <span class='ocrx_word' id='word_1_811' title='bbox 1541 5711 1890 5782; x_wconf 90' lang='lat' dir='ltr'><strong>superstites</strong></span> <span class='ocrx_word' id='word_1_812' title='bbox 1918 5730 2019 5768; x_wconf 88' lang='lat' dir='ltr'><strong>au-</strong></span> 
     </span>
    </p>
   </div>
   <div class='ocr_carea' id='block_1_107' title="bbox 2204 4642 3779 4732">
    <p class='ocr_par' dir='ltr' id='par_1_107' title="bbox 2204 4642 3779 4732">
     <span class='ocr_line' id='line_1_107' title="bbox 2204 4642 3779 4732; baseline 0.013 -36"><span class='ocrx_word' id='word_1_813' title='bbox 2204 4647 2393 4712; x_wconf 82' lang='lat' dir='ltr'><strong>Atque</strong></span> <span class='ocrx_word' id='word_1_814' title='bbox 2424 4642 2463 4696; x_wconf 90' lang='lat' dir='ltr'><strong>ii</strong></span> <span class='ocrx_word' id='word_1_815' title='bbox 2494 4642 2728 4713; x_wconf 77' lang='lat' dir='ltr'><strong>quidem</strong></span> <span class='ocrx_word' id='word_1_816' title='bbox 2763 4644 2863 4716; x_wconf 90' lang='lat' dir='ltr'><strong>qui</strong></span> <span class='ocrx_word' id='word_1_817' title='bbox 2897 4646 3089 4703; x_wconf 88' lang='lat' dir='ltr'><strong>adhuc</strong></span> <span class='ocrx_word' id='word_1_818' title='bbox 3120 4654 3488 4723; x_wconf 87' lang='lat' dir='ltr'><strong>superstites,</strong></span> <span class='ocrx_word' id='word_1_819' title='bbox 3542 4659 3779 4732; x_wconf 88' lang='lat' dir='ltr'><strong>scriptis</strong></span> 
     </span>
    </p>
   </div>
   <div class='ocr_carea' id='block_1_108' title="bbox 2134 4731 3777 4820">
    <p class='ocr_par' dir='ltr' id='par_1_108' title="bbox 2134 4731 3777 4820">
     <span class='ocr_line' id='line_1_108' title="bbox 2134 4731 3777 4820; baseline 0.012 -35"><span class='ocrx_word' id='word_1_820' title='bbox 2134 4731 2281 4786; x_wconf 91' lang='lat' dir='ltr'><strong>meis</strong></span> <span class='ocrx_word' id='word_1_821' title='bbox 2312 4748 2426 4786; x_wconf 92' lang='lat' dir='ltr'><strong>non</strong></span> <span class='ocrx_word' id='word_1_822' title='bbox 2466 4732 2773 4803; x_wconf 89' lang='lat' dir='ltr'><strong>indigent;</strong></span> <span class='ocrx_word' id='word_1_823' title='bbox 2821 4741 3071 4806; x_wconf 87' lang='lat' dir='ltr'><strong>possunt</strong></span> <span class='ocrx_word' id='word_1_824' title='bbox 3103 4739 3281 4809; x_wconf 89' lang='lat' dir='ltr'><strong>enim,</strong></span> <span class='ocrx_word' id='word_1_825' title='bbox 3336 4744 3384 4798; x_wconf 89' lang='lat' dir='ltr'><strong>si</strong></span> <span class='ocrx_word' id='word_1_826' title='bbox 3418 4746 3619 4817; x_wconf 90' lang='lat' dir='ltr'><strong>velint,</strong></span> <span class='ocrx_word' id='word_1_827' title='bbox 3665 4731 3777 4820; x_wconf 86' lang='lat' dir='ltr'><strong>ipsi</strong></span> 
     </span>
    </p>
   </div>
   <div class='ocr_carea' id='block_1_109' title="bbox 2132 4820 3775 4896">
    <p class='ocr_par' dir='ltr' id='par_1_109' title="bbox 2132 4820 3775 4896">
     <span class='ocr_line' id='line_1_109' title="bbox 2132 4820 3775 4896; baseline 0.013 -22"><span class='ocrx_word' id='word_1_828' title='bbox 2132 4835 2335 4875; x_wconf 89' lang='lat' dir='ltr'><strong>eorum</strong></span> <span class='ocrx_word' id='word_1_829' title='bbox 2370 4820 2754 4893; x_wconf 86' lang='lat' dir='ltr'><strong>contemplari</strong></span> <span class='ocrx_word' id='word_1_830' title='bbox 2788 4823 3247 4896; x_wconf 81' lang='lat' dir='ltr'><strong>philosrphiam.</strong></span> <span class='ocrx_word' id='word_1_831' title='bbox 3292 4830 3546 4889; x_wconf 90' lang='lat' dir='ltr'><strong>Posteris</strong></span> <span class='ocrx_word' id='word_1_832' title='bbox 3579 4842 3775 4895; x_wconf 90' lang='lat' dir='ltr'><strong>autem</strong></span> 
     </span>
    </p>
   </div>
   <div class='ocr_carea' id='block_1_110' title="bbox 2132 4908 3775 4997">
    <p class='ocr_par' dir='ltr' id='par_1_110' title="bbox 2132 4908 3775 4997">
     <span class='ocr_line' id='line_1_110' title="bbox 2132 4908 3775 4997; baseline 0.012 -35"><span class='ocrx_word' id='word_1_833' title='bbox 2132 4913 2187 4963; x_wconf 92' lang='lat' dir='ltr'><strong>et</strong></span> <span class='ocrx_word' id='word_1_834' title='bbox 2216 4908 2317 4980; x_wconf 91' lang='lat' dir='ltr'><strong>qui</strong></span> <span class='ocrx_word' id='word_1_835' title='bbox 2346 4909 2455 4964; x_wconf 91' lang='lat' dir='ltr'><strong>hoc</strong></span> <span class='ocrx_word' id='word_1_836' title='bbox 2488 4926 2600 4965; x_wconf 88' lang='lat' dir='ltr'><strong>non</strong></span> <span class='ocrx_word' id='word_1_837' title='bbox 2633 4910 2829 4967; x_wconf 87' lang='lat' dir='ltr'><strong>videre</strong></span> <span class='ocrx_word' id='word_1_838' title='bbox 2852 4915 3277 4983; x_wconf 88' lang='lat' dir='ltr'><strong>spectaculum,</strong></span> <span class='ocrx_word' id='word_1_839' title='bbox 3303 4920 3423 4975; x_wconf 68' lang='lat' dir='ltr'><strong>haec</strong></span> <span class='ocrx_word' id='word_1_840' title='bbox 3447 4939 3681 4997; x_wconf 67' lang='lat' dir='ltr'><strong>quoque</strong></span> <span class='ocrx_word' id='word_1_841' title='bbox 3703 4928 3775 4981; x_wconf 89' lang='lat' dir='ltr'><strong>ad</strong></span> 
     </span>
    </p>
   </div>
   <div class='ocr_carea' id='block_1_111' title="bbox 2132 4998 3775 5074">
    <p class='ocr_par' dir='ltr' id='par_1_111' title="bbox 2132 4998 3775 5074">
     <span class='ocr_line' id='line_1_111' title="bbox 2132 4998 3775 5074; baseline 0.012 -23"><span class='ocrx_word' id='word_1_842' title='bbox 2132 5015 2306 5053; x_wconf 92' lang='lat' dir='ltr'><strong>usum</strong></span> <span class='ocrx_word' id='word_1_843' title='bbox 2330 4998 2654 5068; x_wconf 84' lang='lat' dir='ltr'><strong>sufficiunt,</strong></span> <span class='ocrx_word' id='word_1_844' title='bbox 2679 5004 2741 5053; x_wconf 92' lang='lat' dir='ltr'><strong>ut</strong></span> <span class='ocrx_word' id='word_1_845' title='bbox 2763 5002 3289 5074; x_wconf 72' lang='lat' dir='ltr'><strong>quaephilosophia:</strong></span> <span class='ocrx_word' id='word_1_846' title='bbox 3312 5012 3621 5067; x_wconf 87' lang='lat' dir='ltr'><strong>ostendant</strong></span> <span class='ocrx_word' id='word_1_847' title='bbox 3641 5014 3775 5070; x_wconf 87' lang='lat' dir='ltr'><strong>cha-</strong></span> 
     </span>
    </p>
   </div>
   <div class='ocr_carea' id='block_1_112' title="bbox 2133 5089 3779 5171">
    <p class='ocr_par' dir='ltr' id='par_1_112' title="bbox 2133 5089 3779 5171">
     <span class='ocr_line' id='line_1_112' title="bbox 2133 5089 3779 5171; baseline 0.013 -31"><span class='ocrx_word' id='word_1_848' title='bbox 2133 5092 2433 5142; x_wconf 89' lang='lat' dir='ltr'><strong>racterem.</strong></span> <span class='ocrx_word' id='word_1_849' title='bbox 2466 5089 2571 5143; x_wconf 86' lang='lat' dir='ltr'><strong>Hic</strong></span> <span class='ocrx_word' id='word_1_850' title='bbox 2602 5105 2755 5160; x_wconf 90' lang='lat' dir='ltr'><strong>ergo,</strong></span> <span class='ocrx_word' id='word_1_851' title='bbox 2790 5094 2846 5145; x_wconf 87' lang='lat' dir='ltr'><strong>et</strong></span> <span class='ocrx_word' id='word_1_852' title='bbox 2875 5092 2946 5145; x_wconf 91' lang='lat' dir='ltr'><strong>de</strong></span> <span class='ocrx_word' id='word_1_853' title='bbox 2977 5091 3069 5147; x_wconf 90' lang='lat' dir='ltr'><strong>his</strong></span> <span class='ocrx_word' id='word_1_854' title='bbox 3101 5094 3370 5153; x_wconf 87' lang='lat' dir='ltr'><strong>absoluta</strong></span> <span class='ocrx_word' id='word_1_855' title='bbox 3409 5100 3688 5171; x_wconf 86' lang='lat' dir='ltr'><strong>oratione,</strong></span> <span class='ocrx_word' id='word_1_856' title='bbox 3723 5112 3779 5160; x_wconf 91' lang='lat' dir='ltr'><strong>et</strong></span> 
     </span>
    </p>
   </div>
   <div class='ocr_carea' id='block_1_113' title="bbox 2132 5176 3775 5259">
    <p class='ocr_par' dir='ltr' id='par_1_113' title="bbox 2132 5176 3775 5259">
     <span class='ocr_line' id='line_1_113' title="bbox 2132 5176 3775 5259; baseline 0.013 -29"><span class='ocrx_word' id='word_1_857' title='bbox 2132 5176 2558 5233; x_wconf 89' lang='lat' dir='ltr'><strong>benedictionis</strong></span> <span class='ocrx_word' id='word_1_858' title='bbox 2606 5178 2904 5250; x_wconf 79' lang='lat' dir='ltr'><strong>postulata</strong></span> <span class='ocrx_word' id='word_1_859' title='bbox 2954 5186 3441 5259; x_wconf 86' lang='lat' dir='ltr'><strong>remuneratione,</strong></span> <span class='ocrx_word' id='word_1_860' title='bbox 3497 5192 3565 5246; x_wconf 89' lang='lat' dir='ltr'><strong>ad</strong></span> <span class='ocrx_word' id='word_1_861' title='bbox 3601 5193 3775 5251; x_wconf 88' lang='lat' dir='ltr'><strong>aliam</strong></span> 
     </span>
    </p>
   </div>
   <div class='ocr_carea' id='block_1_114' title="bbox 2132 5266 3257 5324">
    <p class='ocr_par' dir='ltr' id='par_1_114' title="bbox 2132 5266 3257 5324">
     <span class='ocr_line' id='line_1_114' title="bbox 2132 5266 3257 5324; baseline 0.004 -4"><span class='ocrx_word' id='word_1_862' title='bbox 2132 5266 2391 5322; x_wconf 87' lang='lat' dir='ltr'><strong>transibo</strong></span> <span class='ocrx_word' id='word_1_863' title='bbox 2422 5269 2841 5324; x_wconf 86' lang='lat' dir='ltr'><strong>narrationem.</strong></span> <span class='ocrx_word' id='word_1_864' title='bbox 3246 5288 3257 5297; x_wconf 66' lang='grc' dir='ltr'><em>ο</em></span> 
     </span>
    </p>
   </div>
   <div class='ocr_carea' id='block_1_115' title="bbox 2698 5358 3201 5416">
    <p class='ocr_par' dir='ltr' id='par_1_115' title="bbox 2698 5358 3201 5416">
     <span class='ocr_line' id='line_1_115' title="bbox 2698 5358 3201 5416; baseline 0.008 -4"><span class='ocrx_word' id='word_1_865' title='bbox 2698 5358 2930 5413; x_wconf 82' lang='lat' dir='ltr'><strong>CAPUT</strong></span> <span class='ocrx_word' id='word_1_866' title='bbox 2995 5360 3201 5416; x_wconf 82' lang='lat' dir='ltr'>XXVI.</span> 
     </span>
    </p>
   </div>
   <div class='ocr_carea' id='block_1_116' title="bbox 2726 5451 3177 5519">
    <p class='ocr_par' dir='ltr' id='par_1_116' title="bbox 2726 5451 3177 5519">
     <span class='ocr_line' id='line_1_116' title="bbox 2726 5451 3177 5519; baseline 0.007 -17"><span class='ocrx_word' id='word_1_867' title='bbox 2726 5464 3010 5505; x_wconf 63' lang='lat' dir='ltr'><strong>smaonss</strong></span> <span class='ocrx_word' id='word_1_868' title='bbox 3040 5451 3131 5518; x_wconf 86' lang='lat'><strong>(66</strong></span> <span class='ocrx_word' id='word_1_869' title='bbox 3136 5454 3177 5519; x_wconf 80' lang='lat'><strong>).</strong></span> 
     </span>
    </p>
   </div>
   <div class='ocr_carea' id='block_1_117' title="bbox 2203 5534 3774 5615">
    <p class='ocr_par' dir='ltr' id='par_1_117' title="bbox 2203 5534 3774 5615">
     <span class='ocr_line' id='line_1_117' title="bbox 2203 5534 3774 5615; baseline 0.008 -25"><span class='ocrx_word' id='word_1_870' title='bbox 2203 5534 2537 5591; x_wconf 88' lang='lat' dir='ltr'><strong>Simeonem</strong></span> <span class='ocrx_word' id='word_1_871' title='bbox 2572 5536 2738 5591; x_wconf 92' lang='lat' dir='ltr'><strong>illum</strong></span> <span class='ocrx_word' id='word_1_872' title='bbox 2790 5537 3102 5610; x_wconf 87' lang='lat' dir='ltr'><strong>insignem,</strong></span> <span class='ocrx_word' id='word_1_873' title='bbox 3136 5556 3413 5615; x_wconf 87' lang='lat' dir='ltr'><strong>magnum</strong></span> <span class='ocrx_word' id='word_1_874' title='bbox 3440 5546 3582 5601; x_wconf 91' lang='lat' dir='ltr'><strong>illud</strong></span> <span class='ocrx_word' id='word_1_875' title='bbox 3618 5548 3774 5603; x_wconf 89' lang='lat' dir='ltr'><strong>orbis</strong></span> 
     </span>
    </p>
   </div>
   <div class='ocr_carea' id='block_1_118' title="bbox 2131 5626 3775 5706">
    <p class='ocr_par' dir='ltr' id='par_1_118' title="bbox 2131 5626 3775 5706">
     <span class='ocr_line' id='line_1_118' title="bbox 2131 5626 3775 5706; baseline 0.007 -27"><span class='ocrx_word' id='word_1_876' title='bbox 2131 5627 2421 5680; x_wconf 87' lang='lat' dir='ltr'><strong>terrarum</strong></span> <span class='ocrx_word' id='word_1_877' title='bbox 2447 5626 2822 5693; x_wconf 62' lang='lat' dir='ltr'><strong>miraculum,</strong></span> <span class='ocrx_word' id='word_1_878' title='bbox 2849 5628 3047 5683; x_wconf 89' lang='lat' dir='ltr'><strong>sciunt</strong></span> <span class='ocrx_word' id='word_1_879' title='bbox 3068 5629 3304 5699; x_wconf 88' lang='lat' dir='ltr'><strong>quidem</strong></span> <span class='ocrx_word' id='word_1_880' title='bbox 3330 5649 3533 5688; x_wconf 90' lang='lat' dir='ltr'><strong>omnes</strong></span> <span class='ocrx_word' id='word_1_881' title='bbox 3556 5635 3655 5705; x_wconf 91' lang='lat' dir='ltr'><strong>qui</strong></span> <span class='ocrx_word' id='word_1_882' title='bbox 3680 5653 3775 5706; x_wconf 86' lang='lat' dir='ltr'><strong>pa-</strong></span> 
     </span>
    </p>
   </div>
   <div class='ocr_carea' id='block_1_119' title="bbox 2132 5714 3773 5797">
    <p class='ocr_par' dir='ltr' id='par_1_119' title="bbox 2132 5714 3773 5797">
     <span class='ocr_line' id='line_1_119' title="bbox 2132 5714 3773 5797; baseline 0.008 -28"><span class='ocrx_word' id='word_1_883' title='bbox 2132 5718 2263 5770; x_wconf 91' lang='lat' dir='ltr'><strong>rent</strong></span> <span class='ocrx_word' id='word_1_884' title='bbox 2278 5714 2520 5786; x_wconf 89' lang='lat' dir='ltr'><strong>imperio</strong></span> <span class='ocrx_word' id='word_1_885' title='bbox 2537 5715 2935 5774; x_wconf 83' lang='lat' dir='ltr'><strong>Romanorum</strong></span> <span class='ocrx_word' id='word_1_886' title='bbox 2963 5743 2977 5786; x_wconf 88' lang='lat'><strong>;</strong></span> <span class='ocrx_word' id='word_1_887' title='bbox 2992 5722 3207 5775; x_wconf 88' lang='lat' dir='ltr'><strong>norunt</strong></span> <span class='ocrx_word' id='word_1_888' title='bbox 3220 5724 3415 5777; x_wconf 87' lang='lat' dir='ltr'><strong>autem</strong></span> <span class='ocrx_word' id='word_1_889' title='bbox 3432 5722 3614 5779; x_wconf 72' lang='lat' dir='ltr'><strong>Persae</strong></span> <span class='ocrx_word' id='word_1_890' title='bbox 3629 5740 3773 5797; x_wconf 87' lang='lat' dir='ltr'><strong>quo-</strong></span> 
     </span>
    </p>
   </div>
  </div>
