4122 6188
394 290 463 343 99
1580 290 1675 342 DE
1718 289 1902 343 VlTlS
1937 288 2236 342 PATRUM
2272 286 2488 342 LIBER
2526 285 2628 342 IX.

3701 290 3806 347 100

389 432 501 488 que
532 420 588 472 ct
637 414 785 483 Indi,
821 416 877 469 et
907 411 1244 486 Ethiopes;
1280 397 1421 486 quin
1461 412 1638 468 etiam
1669 411 1740 467 ad
1792 411 2039 485 Scythas
2068 412 2126 479 Α
2153 411 2289 467 dam
2319 410 2745 470 monachorum
2777 410 2934 467 venit
2963 410 3388 472 habitaculum.
3424 414 3666 474 Duobus
3699 434 3805 475 au-

390 522 574 577 usque
588 503 868 558 nomadas
884 503 1039 557 fama
1053 504 1531 574 pervadens,ejus
1546 500 1917 557 inlaboribus
1931 501 2041 556 sub

387 593 597 648 cundis
629 591 995 664 diligentiam
1019 592 1219 647 docuit
1240 596 1297 647 et
1321 590 1775 664 philosophiam.
1802 594 1915 660 Ego
1938 607 2041 646 au-

388 691 498 740 tem
524 683 701 738 etiam
728 699 859 737 cum
880 699 1108 751 omnes,
1138 688 1203 736 ut
1228 680 1409 737 semel
1436 681 1935 750 dicam,homines
1956 685 2040 735 te-

388 778 507 827 stes
537 771 804 837 habeam,
830 786 1027 825 vereor
1049 785 1285 825 narrare
1310 769 1632 825 certamina
1654 785 1781 840 quae
1805 785 2038 825 omnem

386 866 665 932 superant
680 859 1113 930 orationem,{ne
1126 859 1376 931 posteris
1391 858 1654 913 videatur
1667 858 1867 913 fabula
1882 860 2040 914 nuda

382 951 454 1004 ab
474 949 634 1003 omni
660 948 917 1004 veritate.
944 949 1078 1013 Quae
1102 947 1259 1001 enim
1281 947 1453 1013 fiunt,
1481 946 1744 1002 humana
1774 952 1913 1003 sunt
1935 965 2039 1002 na-

379 1044 512 1092 tura
542 1037 871 1109 superiora,
904 1036 1097 1091 solent
1128 1040 1325 1091 autem
1362 1035 1632 1091 homines
1666 1040 1879 1091 natura
1913 1052 2035 1091 me-

380 1127 472 1182 tiri
489 1144 692 1197 eaqum
710 1126 1009 1181 dicuntur.
1033 1124 1089 1179 Si
1105 1125 1244 1197 quid
1262 1126 1711 1198 autemdicatur
1728 1125 1882 1196 quod
1904 1126 2033 1195 ejus

376 1217 616 1273 excedat
640 1215 877 1281 limites,
904 1214 1051 1270 falsa
1066 1215 1300 1270 videtur
1322 1214 1508 1272 oratio
1532 1215 1605 1271 iis
1629 1214 1728 1286 qui
1755 1231 1869 1271 non
1894 1217 2035 1271 sunt

384 1305 600 1360 divinis
621 1304 835 1359 initiati
854 1304 1166 1376 mysteriis.
1185 1303 1471 1370 Quoniam
1487 1308 1683 1360 autem
1704 1303 1814 1375 piis
1833 1309 2037 1360 etvera

377 1396 654 1469 religione
668 1394 926 1466 praeditis
943 1400 1097 1450 terra
1108 1398 1166 1450 et
1180 1411 1333 1450 mare
1348 1394 1861 1466 plenasunt,etqui
1878 1395 1932 1450 in
1949 1411 2035 1450 re-

378 1484 488 1537 bus
513 1482 730 1537 divinis
744 1485 884 1536 sunt
907 1481 1141 1549 eruditi,
1158 1481 1590 1537 etsanctissimi
1616 1482 1873 1554 Spiritus
1893 1499 2028 1555 gra-

375 1573 517 1628 tiam
541 1588 835 1643 accepere.
856 1576 1083 1627 tantum
1109 1572 1276 1627 abest
1301 1576 1362 1627 ut
1384 1589 1498 1627 non
1530 1573 1773 1628 credant
1795 1572 1867 1627 iis
1904 1589 2031 1644 quae

373 1663 617 1716 dicenda
648 1665 809 1728 sunt,
846 1666 911 1716 ut
947 1662 1016 1716 iis
1048 1661 1224 1716 etiam
1257 1677 1532 1733 magnam
1565 1662 1742 1716 fidem
1776 1661 1897 1717 sint
1928 1662 2031 1717 ha-

2154 507 2267 556 tem
2292 502 2461 558 annis
2485 518 2615 559 cum
2640 500 2758 556 illis
2780 506 3068 569 versatus,
3102 506 3158 557 et
3180 504 3544 575 perfectioris
3565 506 3805 565 virtutis

2149 607 2345 646 amore
2378 597 2603 663 captus,
2634 590 2791 646 venit
2813 591 2883 646 ad
2910 590 3101 646 vicum
3124 590 3292 647 illum
3312 592 3608 666 Teledam,
3632 597 3803 668 cujus

2148 680 2311 751 prius
2340 698 2565 752 quoque
2598 680 2999 745 meminimus,
3021 681 3175 753 apud
3199 698 3374 754 quem
3402 684 3597 755 magni
3631 686 3800 741 etdi—

2144 770 2262 824 vini
2293 770 2400 825 viri
2434 770 2784 825 Ammianus
2823 773 2881 824 et
2910 770 3199 825 Eusebius
3246 771 3581 842 palaestram
3615 775 3800 832 fecere

2147 861 2549 916 monasticam.
2584 860 2692 915 Sed
2726 876 2840 914 non
2873 859 3039 914 venit
3060 859 3118 914 in
3145 859 3297 915 hanc
3328 861 3562 917 divinus
3584 863 3803 922 Simeo~

2146 965 2269 1015 nes,
2303 950 2404 1005 sed
2433 949 2491 1004 in
2525 948 2701 1004 aliam
2733 964 2861 1020 quae
2892 965 2960 1004 ex
2990 948 3095 1004 hac
3118 949 3508 1021 germinavit:
3536 953 3796 1010 Eusebo-

2145 1055 2249 1093 nas
2281 1038 2437 1094 enim
2465 1043 2520 1094 et
2550 1038 2760 1093 Abiton
2793 1038 2907 1109 (67)
2930 1054 3065 1093 cum
3099 1039 3297 1111 magni
3327 1040 3563 1096 Eusebii
3588 1043 3798 1099 doctri-

2144 1144 2279 1182 nam
2302 1128 2449 1184 satis
2472 1128 2894 1199 percepissent,
2925 1126 3033 1182 hoc
3064 1126 3450 1200 philosophiae
3473 1131 3798 1189 aedificave-

2141 1232 2202 1271 re
2232 1216 2628 1290 gymnasium.
2652 1216 2797 1271 Cum
2831 1217 3029 1288 itaque
3055 1219 3173 1271 toto
3205 1217 3332 1272 vita
3355 1221 3618 1291 tempore
3652 1221 3793 1278 fuis-

2140 1314 2272 1362 sent
2285 1313 2340 1362 et
2354 1307 2568 1362 animis
2583 1306 2900 1362 concordes
2914 1310 2969 1362 et
2993 1306 3278 1377 moribus,
3296 1312 3374 1377 et,
3394 1307 3577 1364 veluti
3611 1327 3789 1367 unam

2139 1397 2398 1452 animam
2432 1396 2830 1451 ostendissent
2859 1394 2920 1449 in
2953 1395 3185 1449 duobus
3217 1397 3583 1467 corporibus,
3629 1383 3792 1456 mult

2137 1490 2229 1541 tos
2244 1484 2687 1556 habueruntqui
2702 1484 2968 1555 ejusdem
2982 1484 3109 1538 vitae
3127 1485 3483 1541 tenebantur
3498 1502 3717 1544 amore.

2208 1580 2351 1633 Cum
2386 1577 2423 1631 ii
2453 1582 2647 1632 autem
2681 1592 2749 1630 ex
2780 1576 2889 1631 hac
2926 1576 3043 1630 vita
3075 1574 3329 1647 gloriose
3373 1579 3788 1646 excessissent,

2135 1666 2480 1723 Heliodorus
2514 1667 2625 1738 (68)
2644 1665 3028 1721 admirandus
3050 1681 3292 1721 suorum
3317 1666 3608 1723 sodalium
3635 1685 3793 1725 acce-

371 1751 590 1806 bituri:
621 1755 894 1823 prompto
927 1754 984 1806 et
1025 1749 1205 1806 alacri
1238 1751 1439 1806 animo
1472 1751 1745 1806 accedam
1779 1753 1851 1807 ad
1884 1768 2020 1806 nar-
2052 1778 2100 1844 Β
2136 1757 2639 1828 pitpraafecturam
2662 1755 2941 1825 :quicum
2958 1753 3200 1810 vixisset
3228 1755 3791 1829 sexagintaetquin-

369 1842 672 1898 rationem.
710 1841 879 1899 Illinc
928 1844 1129 1896 autem
1180 1842 1459 1913 incipiam
1498 1842 1655 1897 unde
1703 1841 1882 1897 etiam
1921 1858 2023 1897 su-

370 1948 551 2003 perna
582 1931 859 2003 dignatus
891 1934 981 1985 est
1014 1930 1339 1986 vocatione.

444 2021 541 2075 Est
569 2019 808 2091 quidam
836 2019 998 2074 vicus
1031 2018 1183 2075 situs
1212 2021 1269 2074 in
1304 2019 1559 2085 confinio
1592 2023 1809 2075 nostrae
1838 2019 2023 2091 regio-

369 2110 810 2176 nisetGilicum,
838 2125 970 2164 eum
1001 2114 1199 2165 autem
1225 2112 1431 2165 Sesam
1458 2110 1784 2165 nominant.
1812 2110 1891 2163 Ex
1915 2109 2025 2164 hoc

366 2206 530 2255 ortus
555 2198 743 2270 primo
767 2216 799 2253 a
823 2198 1500 2270 parentibusjdocebatur
1523 2215 1658 2254 oves
1681 2214 1939 2269 pascere,
1957 2202 2023 2253 ut

366 2290 425 2343 in
458 2290 569 2348 hoc
599 2288 849 2343 conferri
884 2287 1070 2359 possit
1101 2304 1233 2343 cum
1260 2288 1490 2360 magnis
1521 2288 1681 2354 viris,
1714 2289 1895 2343 Jacob
1918 2306 2019 2359 pa-

367 2377 645 2443 triarcha,
677 2377 897 2448 Joseph
932 2381 1319 2448 temperante,
1353 2382 1409 2432 et
1436 2380 1630 2450 Moyse
1662 2377 2019 2449 legislatore,

363 2472 420 2523 et
464 2467 641 2523 David
674 2483 807 2538 rege
837 2471 895 2522 et
921 2466 1227 2537 propheta,
1256 2472 1313 2522 et
1344 2466 1582 2523 Michaea
1626 2468 1930 2539 prOpheta,
1964 2474 2020 2525 et

362 2557 503 2613 viris
534 2555 749 2612 divinis
782 2557 881 2628 qui
915 2555 1033 2611 illis
1065 2556 1228 2612 fuere
1255 2556 1504 2612 similes.
1531 2556 1672 2612 Cum
1702 2557 2018 2629 aliquando

364 2652 562 2701 autem
596 2646 920 2718 plurimum
954 2644 1244 2701 ninxisset
1273 2648 1316 2717 ¹,
1347 2650 1405 2700 et
1426 2650 1634 2701 coactaa
1658 2655 1850 2703 essent
1883 2664 2016 2704 oves

366 2736 527 2792 intus
545 2751 803 2803 manere,
826 2735 978 2789 facta
1000 2734 1049 2790 ei
1077 2738 1363 2805 potestate
1386 2734 1750 2805 quiescendi,
1773 2736 1843 2790 ad
1870 2741 2016 2791 tem-

357 2825 517 2898 plum
552 2826 817 2880 divinum
858 2824 1016 2880 venit
1046 2841 1179 2880 cum
1223 2824 1591 2896 parentibus.
1644 2826 1769 2880 Haec
1816 2832 2013 2882 autem

362 2918 696 2971 narrantem
714 2913 906 2969 audivi
932 2919 1196 2969 sanctam
1220 2913 1506 2986 linguam.
1533 2914 1919 2986 Dicebatergo
1950 2932 2013 2971 se

355 3021 553 3061 vocem
583 3004 881 3060 audivisse
912 3003 1326 3075 evangelicam,
1360 3020 1485 3076 qua:
1517 3020 1616 3059 eos
1647 3005 1883 3075 quidem
1908 3007 2006 3077 qui

356 3094 495 3149 ﬂent
518 3092 780 3166 etlugent
814 3094 1012 3148 beatos
1029 3093 1392 3165 pronuntiat,
1417 3093 1665 3148 miseros
1688 3098 1884 3149 autem
1900 3112 2003 3150 vo-

352 3190 446 3240 cat
476 3200 574 3239 eos
598 3183 699 3255 qui
731 3183 943 3251 rident,
976 3188 1033 3237 et
1062 3199 1160 3237 eos
1192 3182 1457 3238 nominat
1497 3182 1694 3239 felices
1726 3184 1827 3253 qui
1859 3189 2002 3240 sunt

350 3275 574 3330 mundo
605 3274 779 3329 corde
811 3272 1061 3344 prmditi,
1091 3275 1148 3327 et
1176 3272 1292 3327 alia
1319 3289 1446 3343 qua
1470 3277 1610 3327 sunt
1635 3272 2003 3329 hisconnexa

346 3364 534 3437 (Math.
579 3362 660 3433 v).
708 3362 933 3418 Deinde
986 3360 1157 3416 exiis
1207 3361 1306 3432 qui
1338 3362 1582 3416 aderant
1612 3361 2003 3433 interrogasse

343 3454 681 3526 quempiam
707 3452 987 3523 quidnam
1016 3451 1216 3505 fecerit
1237 3450 1450 3522 aliquis
1474 3450 1758 3506 uthorum
1786 3468 1997 3506 unum-

344 3544 623 3614 quodque
638 3539 1061 3609 consequatur?
1075 3542 1409 3594 eumautcm
1428 3538 1509 3593 illi
1526 3539 1703 3594 vitam
1717 3539 1923 3595 retulis
1938 3556 2000 3595 se

351 3630 706 3697 solitariam,
749 3634 807 3684 ct
839 3644 1138 3683 summam
1169 3626 1333 3683 illam
1372 3628 1701 3685 ostendisse
1733 3628 1997 3701 philoso-

350 3720 574 3792 phiam.

415 3811 561 3866 Cum
593 3823 730 3879 ergo
756 3807 916 3862 verbi
939 3805 1122 3861 divini
1146 3806 1267 3861 haec
1290 3805 1647 3877 suscepisset
1669 3806 1917 3875 semina,
1940 3813 1995 3865 et

340 3898 648 3972 profundis
670 3896 877 3952 anima:
891 3896 1152 3952 sulcisea
1175 3894 1418 3968 pulchre
1442 3896 1815 3968 occuluisset,
1841 3898 1992 3954 dice-

338 3990 440 4045 bat
470 4005 532 4044 sc
562 3986 737 4042 ivisse
768 3985 827 4040 in
851 3985 1178 4057 proximam
1202 3986 1383 4040 aedem
1409 3990 1751 4042 sanctorum
1776 3992 1995 4060 marty-

337 4095 509 4146 rum,
546 4077 606 4132 in
630 4092 697 4131 ea
726 4080 921 4131 autem
945 4079 1001 4129 et
1030 4091 1218 4147 genua
1241 4079 1298 4129 et
1329 4076 1575 4130 frontem
1610 4076 1668 4130 in
1693 4077 1818 4132 solo
1840 4078 1990 4132 defi-

335 4167 512 4234 xisse,
536 4170 592 4221 et
609 4182 743 4220 eum
769 4179 1008 4234 rogasse
1026 4162 1127 4234 qui
1148 4162 1272 4218 vult
1288 4180 1493 4218 omnes
1513 4162 1783 4220 homines
1801 4165 1992 4222 salvos

334 4260 527 4313 facere
560 4255 604 4328 (l
637 4256 771 4309 Tim.
806 4255 892 4324 ιι),
944 4258 1008 4307 ut
1037 4270 1171 4308 eum
1222 4252 1473 4308 deducat
1507 4254 1579 4307 ad
1612 4252 1764 4308 viam
1800 4256 1989 4325 perfe-

335 4352 485 4403 ctam
514 4344 745 4415 pietatis
778 4348 991 4399 etverm
1012 4342 1332 4413 religionis.
1367 4344 1511 4398 Cum
1527 4346 1723 4398 autem
1740 4343 1848 4399 hoc
1874 4362 1990 4401 mo-

338 4438 411 4492 do
429 4435 699 4491 dinesset
714 4431 1236 4502 moratus,dulcem
1252 4432 1491 4502 quidem
1508 4450 1781 4488 somnum
1797 4450 1993 4505 quem-

2132 1862 2246 1918 que
2278 1861 2482 1912 annos,
2515 1844 2819 1915 sexaginta
2849 1849 2906 1898 et
2937 1844 3085 1899 duos
3119 1861 3305 1900 annos
3338 1844 3788 1904 intusinclusus

2131 1935 2432 2003 transegit.
2457 1935 2602 1990 Cum
2626 1933 2780 1989 enim
2805 1938 2923 1988 tres
2948 1949 3135 1988 annos
3164 1934 3318 2005 apud
3341 1951 3483 1989 suos
3504 1942 3783 2007 parentes

2131 2025 2342 2080 fuisset
2365 2024 2517 2079 849
2541 2024 2844 2091 educatus,
2875 2021 3031 2077 hunc
3053 2039 3291 2094 gregem
3333 2028 3421 2079 est
3448 2023 3782 2096 ingressus,

2129 2131 2263 2171 cum
2293 2113 2438 2169 nihil
2482 2129 2744 2185 unquam
2777 2113 3101 2185 aspexisset
3133 2130 3336 2169 eorum
3371 2130 3501 2185 quea
3535 2114 3689 2170 ﬁunt
3724 2115 3783 2171 in

2128 2205 2371 2260 mundo.
2401 2203 2634 2259 Dicebat
2664 2206 2861 2258 autem
2891 2219 2952 2257 se
2984 2219 3055 2257 ne
3106 2202 3294 2273 ipsam
3326 2203 3574 2274 quidem
3611 2221 3788 2261 nosse

2125 2294 2377 2349 formam
2400 2308 2735 2365 porcorum,
2756 2292 2842 2347 vel
2861 2290 3175 2363 gallorum,
3198 2291 3285 2347 vel
3302 2290 3547 2348 aliorum
3566 2292 3779 2365 hujus-

2129 2383 2307 2439 modi.
2340 2384 2486 2438 Eum
2518 2398 2623 2454 ego
2647 2397 2798 2454 saepe
2821 2381 2961 2450 vidi,
2991 2384 3049 2436 et
3070 2380 3512 2453 simplicitatem
3544 2398 3776 2439 morum

2126 2490 2258 2529 sum
2292 2472 2641 2539 admiratus,
2675 2475 2733 2525 et
2771 2470 2901 2541 ejus
2932 2469 3115 2525 animi
3147 2469 3464 2541 puritatem
3498 2487 3632 2526 sum
3665 2470 3776 2526 mi-

2126 2578 2257 2616 rum
2290 2562 2349 2617 in
2382 2562 2619 2617 modum
2646 2562 2971 2631 amplexus.

2194 2651 2337 2705 Cum
2353 2652 2421 2706 ad
2442 2651 2598 2705 hunc
2610 2646 2974 2704 venissethic
2996 2646 3521 2719 praestantissimus
3537 2647 3777 2719 pietatis

2121 2740 2361 2811 athleta,
2408 2741 2606 2795 decem
2639 2738 2877 2810 quidem
2897 2753 3086 2793 annos
3104 2741 3416 2809 perpetuos
3438 2738 3775 2795 decertavit.

2119 2831 2264 2887 Cum
2296 2834 2492 2885 autem
2524 2827 2765 2882 haberet
2798 2826 3093 2895 octoginta
3123 2825 3385 2896 ejusdem
3419 2825 3761 2882 certaminis

2120 2919 2334 2987 socios,
2375 2933 2582 2973 omnes
2612 2916 2786 2987 longo
2817 2906 3129 2969 intervallo
3178 2913 3497 2985 superavit.
3535 2917 3600 2968 Et
3630 2930 3764 2969 cum

2117 3007 2216 3064 alii
2251 3012 2382 3080 post
2412 3008 2663 3062 duorum
2684 3004 2914 3060 dierum
2940 3002 3197 3075 spatium
3219 3008 3614 3069 vescerentur,
3642 3001 3770 3074 ipse

2114 3101 2298 3153 totam
2333 3095 2765 3151 hebdomadam
2796 3092 3179 3166 permanebat
3200 3092 3468 3162 jejunus,
3502 3107 3649 3162 aegre
3684 3094 3767 3147 fc-

2113 3186 2381 3241 rentibus
2411 3182 2783 3255 praesidibus,
2816 3187 2872 3236 et
2899 3197 3035 3238 cum
3069 3197 3135 3235 eo
3168 3180 3678 3247 contendentibus,
3710 3185 3767 3235 et

2107 3274 2331 3331 ordinis
2362 3272 2831 3347 pertubationem
2862 3287 2991 3327 eam
3027 3287 3148 3326 rem
3181 3269 3549 3334 vocantibus,
3580 3269 3654 3326 iis
3679 3275 3763 3324 ta-

2107 3380 2241 3419 men
2262 3380 2390 3434 qua:
2420 3360 2768 3417 dicebantur
2798 3376 2913 3414 non
2947 3356 3461 3431 persuadentibus,
3496 3372 3600 3413 nec
3632 3356 3759 3413 ani-

2106 3453 2185 3508 mi
2218 3452 2578 3508 alacritatem
2612 3450 2905 3505 refrenare
2936 3446 3290 3503 valentibus.

2172 3542 2379 3598 Audivi
2397 3544 2594 3597 autem
2610 3538 2989 3611 illumipsum
3014 3540 3353 3592 narrantem
3382 3534 3482 3608 qui
3504 3552 3658 3591 nunc
3672 3546 3757 3592 est

2101 3632 2281 3702 hujus
2304 3631 2499 3704 gregis
2521 3630 2849 3701 praefectus,
2875 3626 3031 3699 quod
3055 3642 3190 3681 cum
3214 3625 3530 3697 aliquando
3556 3625 3754 3681 funem

2101 3725 2434 3778 contextum
2485 3736 2553 3774 ex
2601 3717 2813 3790 palmis
2864 3716 2977 3788 (est
3034 3720 3232 3771 autem
3286 3714 3335 3771 is
3363 3714 3753 3786 asperrimus)

2099 3810 2477 3882 sumpsisset,
2499 3813 2558 3863 et
2580 3807 2856 3862 manibus
2878 3804 3343 3874 astrinxisset,eo
3366 3803 3602 3859 lumbos
3624 3821 3752 3861 suc-

2100 3900 2303 3967 cinxit,
2335 3915 2452 3954 non
2481 3912 2782 3969 apponens
2805 3896 3194 3963 extrinsecus,
3214 3894 3312 3949 sed
3346 3892 3457 3964 ipsi
3483 3891 3622 3964 pelli
3648 3910 3751 3964 ap-

2100 3991 2365 4064 plicans;
2393 3996 2451 4043 et
2483 3994 2605 4043 tam
2639 3992 2796 4042 arcte
2825 3983 3198 4057 compressit,
3232 3986 3296 4037 ut
3325 3985 3447 4037 tota
3479 3981 3579 4036 illa
3611 3999 3748 4055 pars

2097 4080 2190 4136 cui
2246 4080 2435 4135 fuerat
2482 4076 2821 4149 impositus,
2863 4072 3246 4130 circumcirca
3290 4070 3749 4127 exulceraretur.

2098 4171 2413 4240 Postquam
2446 4171 2642 4221 autem
2674 4163 2809 4237 plus
2843 4180 3019 4235 quam
3046 4162 3246 4218 decem
3278 4161 3404 4217 dies
3436 4160 3546 4216 hoc
3575 4161 3749 4217 modo

2095 4258 2499 4330 transegisset,
2514 4259 2569 4310 et
2584 4253 2752 4309 ulcus
2767 4253 2923 4325 quod
2938 4252 3385 4307 incrudescebat
3398 4255 3594 4322 guttas
3608 4268 3747 4306 san-

2096 4347 2289 4418 guinis
2302 4342 2846 4415 emitteret,rogavit
2860 4342 3100 4413 quidam
3120 4340 3221 4412 qui
3236 4340 3343 4396 hoc
3356 4340 3747 4411 videratquae-

2096 4454 2233 4493 nam
2255 4440 2411 4492 esset
2450 4450 2629 4489 causa
2649 4432 2984 4505 sanguinis.
3030 4434 3179 4486 Cum
3204 4429 3255 4485 is
3295 4433 3493 4485 autem
3525 4429 3746 4484 diceret

337 4526 471 4579 dam
505 4522 617 4577 sibi
649 4520 1003 4591 Obrepsisse,
1036 4520 1152 4576 tale
1183 4527 1379 4576 autem
1431 4521 1648 4577 vidisse
1680 4524 1978 4579 somnium
2010 4507 2059 4569 Π
2089 4525 2236 4582 nihil
2258 4541 2388 4582 esse
2410 4524 2563 4595 quod
2582 4524 2631 4579 ei
2656 4518 3400 4589 alferretmolestiam,ejus
3424 4518 3621 4573 socius
3640 4534 3744 4590 per

333 4611 495 4680 Mihi,
519 4610 731 4682 inquit,
752 4610 992 4664 videbar
1008 4610 1202 4666 fodere
1218 4610 1627 4681 fundamenta;
1652 4612 1861 4668 deinde
1876 4631 1980 4669 au-

333 4701 458 4755 dire
472 4698 1064 4771 aliquemastantcm,
1095 4700 1252 4770 quod
1288 4716 1379 4754 me
1399 4701 1977 4770 oporteatfossamfa-

330 4806 458 4845 cere
481 4788 943 4859 profundiorem.
970 4788 1323 4859 Cumitaque
1346 4789 1690 4859 adjecissem
1720 4793 1979 4862 utjussit

329 4878 720 4947 altitudinem,
741 4893 947 4932 rursus
965 4877 1263 4933 tentabam
1280 4877 1603 4948 quiescere;
1620 4881 1719 4935 sed
1736 4897 1827 4937 me
1841 4898 1979 4953 quo-

330 4984 445 5039 que
478 4984 684 5023 rursus
705 4966 957 5037 jubebat
986 4967 1201 5033 fodere,
1235 4972 1291 5021 et
1315 4983 1428 5021 non
1451 4982 1681 5023 cessare
1702 4969 1972 5027 alabore.

331 5058 472 5113 Cum
506 5061 699 5112 autem
732 5055 841 5111 hoc
867 5056 1019 5126 mihi
1050 5061 1139 5111 ter
1168 5062 1225 5111 et
1258 5060 1467 5128 quater
1498 5059 1871 5129 pracepisset
1893 5062 1976 5116 fa-

327 5146 735 5215 cere,tandem
759 5144 905 5199 dixit
925 5162 1055 5201 eam
1070 5146 1340 5201 sufficere
1362 5144 1758 5219 altitudinem,
1774 5152 1975 5220 etjus-

330 5237 407 5291 sit
431 5234 720 5290 aediﬁcare
745 5234 1020 5305 deinceps
1044 5234 1204 5289 nullo
1229 5234 1447 5305 labore,
1465 5242 1639 5307 upote
1662 5240 1816 5308 quod
1840 5256 1972 5295 cum

330 5330 619 5381 cessasset
638 5324 822 5391 labor,
858 5325 1051 5380 futura
1070 5340 1304 5396 quoque
1326 5330 1481 5379 esset
1501 5326 1806 5382 aedificatio
1830 5330 1975 5385 citra

328 5414 610 5470 laborem.
644 5413 789 5469 Huic
823 5413 1184 5483 praedictioni
1208 5429 1298 5468 res
1326 5413 1521 5467 ferunt
1545 5415 1970 5474 testimonium.

330 5506 410 5560 Ea
439 5504 596 5559 enim
630 5519 756 5573 quae
787 5502 937 5556 fiunt
986 5502 1304 5557 humanam
1354 5506 1626 5558 naturam
1664 5507 1971 5564 excedunt.

401 5594 545 5646 Cum
560 5588 720 5644 illinc
734 5588 1100 5659 surrexisset,
1118 5589 1187 5644 ad
1202 5587 1669 5661 propinquorum
1692 5609 1972 5664 quorum-

401 5690 421 5725 ³
445 5688 591 5748 Male
619 5687 978 5759 impressum
999 5693 1156 5756 ante,
1188 5685 1524 5758 navigasset.

2090 4617 2207 4674 vim
2236 4620 2293 4672 et
2310 4630 2550 4670 manum
2595 4610 2861 4676 immisit,
2885 4615 2943 4665 et
2963 4625 3205 4667 causam
3247 4606 3479 4678 didicit,
3521 4611 3578 4662 et
3609 4623 3739 4663 eam

2088 4707 2352 4778 praefecto
2384 4700 2761 4758 renuntiavit.
2787 4704 2913 4755 Mox
2930 4715 3066 4771 ergo
3090 4698 3427 4768 increpans,
3444 4700 3501 4752 et
3525 4712 3743 4768 rogans

2086 4801 2144 4851 et
2168 4793 2250 4851 rei
2276 4791 2682 4848 crudelitatem
2706 4786 3277 4862 reprehendens,vix
3303 4784 3388 4840 illi
3416 4784 3588 4840 solvit
3607 4784 3738 4838 vin-

2083 4883 2307 4951 culum,
2333 4882 2433 4938 sed
2460 4897 2566 4936 nec
2589 4879 2673 4935 sic
2697 4877 2993 4950 persuasit
3021 4880 3087 4932 ut
3107 4874 3193 4930 illi
3226 4873 3405 4930 ulceri
3432 4872 3611 4929 ullam
3640 4873 3740 4928 ad-

2087 4974 2257 5029 hiber
2278 4975 2337 5027 et
2362 4970 2740 5026 medicinam.
2760 4968 2936 5022 Porro
2951 4970 3147 5021 autem
3166 4980 3448 5020 eumeum
3474 4963 3743 5018 viderent

2084 5065 2273 5119 facere
2304 5061 2420 5117 alia
2449 5056 3095 5130 ejusmodi,jusserunt
3127 5058 3189 5108 ut
3222 5053 3293 5109 ab
3328 5051 3431 5108 illa
3460 5051 3740 5123 palaestra

2085 5152 2400 5217 recederet,
2435 5165 2507 5204 nc
2536 5148 2609 5203 iis
2641 5145 2740 5217 qui
2772 5148 2938 5200 erant
2966 5159 3205 5214 corpore
3237 5139 3632 5209 imbecilliori,
3668 5154 3738 5193 ea

2086 5257 2214 5314 quae
2233 5242 2431 5295 essent
2457 5253 2640 5307 supra
2662 5233 2812 5289 vires
2838 5232 3104 5288 aemulari
3132 5231 3508 5299 conantibus,
3529 5229 3733 5283 damni

2084 5345 2263 5386 causa
2293 5328 2478 5383 ﬁeret.

2152 5423 2433 5489 Egressus
2455 5430 2592 5485 ergo
2614 5428 2747 5468 cum
2769 5411 3024 5467 venisset
3054 5410 3127 5466 ad
3160 5408 3374 5465 montis
3395 5406 3524 5464 loca
3546 5405 3739 5477 magis

2083 5506 2365 5573 solitaria,
2397 5507 2454 5560 et
2483 5503 2798 5575 quemdam
2831 5504 2956 5557 sine
2989 5516 3143 5571 aqua
3176 5499 3367 5555 lacum
3417 5513 3533 5552 non
3563 5493 3734 5550 valde

2084 5595 2439 5670 profundum
2469 5591 2810 5660 invenisset,
2845 5592 2901 5646 in
2933 5606 3067 5647 eum
3094 5588 3354 5660 seipsum
3388 5584 3648 5656 demisit,
3672 5588 3731 5641 et
