4122 6188
344 268 446 325 101

1485 264 1959 330 PHILOTHEUS,
2002 276 2127 318 srva
2164 264 2631 321 THEOPHILES.

3663 270 3764 324 102

339 392 400 450 in
425 406 494 447 eo
524 390 645 447 Deo
676 388 959 448 oﬂ‘erebat
985 388 1398 462 hymnodiam.
1422 386 1777 444 Pmnitentia
1802 390 1999 442 autem
2029 386 2085 453 Α
2114 385 2293 457 vires,
2338 385 2659 457 cogebatur
2697 386 2893 458 jacere
2951 387 3392 447 semimortuus.
3447 396 3759 463 Postquam

341 480 505 537 ducti
534 479 700 535 illius
732 477 1020 551 palastrae
1051 476 1329 550 praefecti,
1364 478 1510 533 duos
1542 477 1829 549 quosdam
1862 476 1998 532 emi-

342 572 574 637 serunt,
610 568 1023 640 permittentes
1057 570 1123 622 ut
1170 583 1305 622 eum
1346 570 1678 637 quaererent
1725 570 1781 621 et
1831 566 2003 620 duce-

345 663 495 714 rent.
528 658 675 713 Cum
706 657 906 729 itaque
943 656 981 711 ii
1017 659 1278 711 montem
1312 656 1686 723 circuissent,
1721 658 2003 726 rogarunt

346 748 639 820 quosdam
691 745 791 817 qui
822 744 943 801 illic
975 745 1302 817 pascebant
1334 760 1545 815 pecora
1586 762 1660 799 an
1712 744 2003 799 vidissent

375 836 639 908 aliquem
671 836 773 890 tali
806 834 998 891 colore
1057 834 1395 907 prazditum,
1452 839 1508 889 et
1563 835 1649 889 sic
1698 833 1999 888 vestitum.

354 926 465 982 Ubi
498 930 695 980 autem
723 923 918 979 lacum
953 928 1218 995 pastores
1251 922 1658 989 ostenderunt,
1682 922 1846 977 valde
1868 921 2000 993 qui-

353 1017 491 1071 dem
524 1016 724 1070 statim
743 1013 1238 1081 exclamaverunt,
1264 1012 1400 1068 t‘une
1431 1020 1625 1068 autem
1647 1010 1847 1076 allato,
1868 1028 2001 1067 eum

351 1120 713 1175 cummagno
743 1103 941 1159 labore
968 1106 1383 1170 extraxerunt;
1419 1106 1642 1158 nonest
1671 1101 2004 1173 eaimazque

355 1194 546 1250 facilis
577 1209 859 1251 ascensus
898 1197 1075 1265 atque
1108 1193 1452 1249 descensus.

422 1295 570 1348 Cum
589 1292 786 1363 itaque
807 1308 984 1363 parvo
1008 1296 1271 1364 tempore
1294 1290 1451 1363 apud
1478 1288 1611 1345 illos
1632 1293 1789 1345 esset
1813 1306 2001 1345 mora-

352 1390 471 1447 tus,
490 1382 649 1438 venit
668 1381 724 1435 in
742 1380 933 1436 vicum
948 1380 1355 1450 Telanessum,
1370 1380 1701 1450 subjectum
1715 1378 2004 1435 cacumini

349 1472 579 1527 montis
608 1471 668 1525 in
701 1486 816 1542 quo
848 1487 1005 1525 nunc
1036 1470 1213 1542 degit.
1252 1469 1316 1524 In
1350 1485 1415 1525 eo
1449 1486 1584 1525 cum
1626 1484 1860 1540 parvam
1911 1469 2005 1523 in-

350 1561 611 1617 venisset
626 1558 1189 1625 domunculam,tres
1203 1575 1391 1614 annos
1404 1558 1695 1630 transegit
1718 1556 2001 1613 inclusus.

424 1663 572 1717 Cum
604 1664 801 1715 autem
831 1659 1212 1715 contenderet
1241 1659 1478 1714 virtutis
1507 1674 1720 1729 augere
1743 1657 2000 1723 divitias,

352 1749 717 1806 desideravit
758 1748 1028 1804 similiter
1058 1765 1125 1803 ac
1163 1747 1347 1802 divini
1391 1747 1663 1803 homines
1697 1750 1921 1817 Moyses
1951 1751 2007 1802 et

356 1840 539 1905 Elias,
563 1840 809 1910 jejunus
838 1852 1181 1908 permanere
1226 1837 1620 1908 quadraginta
1669 1836 1875 1891 diebus
1905 1854 1919 1905 ;
1952 1841 2008 1891 et

353 1928 695 1984 admirabili
720 1928 899 1983 Basso
922 1931 1169 1982 conatur
1197 1927 1573 1998 persuadere,
1598 1924 2011 1998 quituncmul-

353 2024 448 2073 tos
480 2018 628 2073 obiit
655 2017 835 2081 vicos,
865 2020 923 2071 et
952 2017 1053 2087 qui
1082 2019 1359 2087 praeesset
1390 2015 1461 2071 iis
1492 2016 1590 2088 qui
1621 2020 1788 2071 erant
1818 2015 1875 2069 in
1911 2032 2009 2087 pa-

353 2108 448 2179 gis
474 2106 906 2175 sacerdotibus,
930 2109 995 2160 ut
1033 2105 1179 2161 nihil
1213 2106 1449 2176 quidem
1484 2104 1646 2161 intus
1693 2104 2005 2175 relinquat,

350 2198 478 2252 luto
512 2200 708 2252 autem
741 2195 957 2251 ostium
992 2196 1220 2250 obruat.
1255 2198 1395 2250 Cum
1421 2193 1471 2249 is
1502 2198 1701 2249 autem
1726 2194 1806 2250 rei
1831 2195 2008 2249 refer-

352 2292 446 2342 ret
477 2284 910 2351 difﬁcultatem,
937 2288 995 2339 et
1024 2288 1287 2340 moneret
1318 2300 1389 2340 ne
1412 2284 1726 2339 violentam
1759 2288 2007 2339 mortem

351 2374 716 2431 existimaret
728 2390 855 2429 esse
877 2372 1176 2440 virtutem,
1200 2378 1291 2429 est
1306 2372 1461 2429 enim
1485 2373 1542 2427 id
1566 2372 1787 2428 crimen
1810 2376 1866 2428 et
1885 2389 2005 2427 ma-

352 2466 583 2520 ximum
611 2469 669 2519 et
699 2463 956 2535 primum
986 2479 999 2518 :
1033 2466 1101 2518 At
1124 2468 1210 2529 tu,
1240 2463 1450 2534 inquit,
1494 2480 1525 2518 ο
1559 2467 1747 2527 Pater,
1793 2478 2007 2533 repone

355 2553 505 2608 mihi
540 2553 745 2608 decem
778 2569 983 2625 panes,
1017 2557 1069 2608 et
1103 2552 1373 2624 hydriam
1405 2569 1591 2624 aquae,
1622 2557 1678 2606 et
1721 2552 1768 2605 si
1810 2551 2004 2606 videro

356 2659 574 2714 corpus
604 2657 774 2713 egere
804 2640 1110 2705 alimento,
1142 2658 1240 2697 ero
1269 2657 1470 2696 eorum
1502 2640 1809 2712 particeps.
1874 2641 2005 2695 Fac-

350 2737 488 2787 tum
522 2736 612 2786 est
645 2730 946 2801 utjussit:
978 2735 1035 2785 et
1066 2730 1167 2785 illa
1201 2730 1437 2802 quidem
1468 2730 1705 2785 fuerunt
1730 2728 2002 2801 reposita,

354 2822 580 2877 ostium
632 2824 830 2875 autem
880 2818 1003 2874 luto
1044 2824 1133 2875 est
1184 2819 1526 2875 obductum.
1562 2819 1767 2874 Finitis
1806 2823 2003 2874 autem

354 2913 590 2979 diebus,
624 2910 783 2967 venit
814 2910 1055 2980 quidem
1080 2908 1176 2964 ille
1206 2908 1592 2964 admirandus
1624 2915 1681 2964 et
1710 2909 1881 2963 homo
1901 2908 2001 2963 Dei

352 3002 577 3056 Bassus
602 3016 616 3055 :
646 3003 842 3055 amoto
865 3003 1060 3054 autem
1092 2998 1239 3065 luto,
1262 3000 1475 3054 ostium
1499 2998 1825 3071 ingressus,
1844 2997 2004 3054 inve-

350 3090 698 3161 nitquidem
717 3105 938 3160 panum
956 3102 1271 3143 numerum
1299 3106 1314 3157 ;
1335 3087 1555 3143 invenit
1587 3093 1779 3143 autem
1798 3103 2006 3142 urnam

2110 478 2306 530 autem
2340 475 2502 531 stetit
2531 474 2591 529 in
2650 473 2945 541 columna,
2982 476 3758 550 noninducebatquidemin

2109 563 2370 619 animum
2392 565 2869 629 utdescenderet,
2894 565 2993 619 sed
3020 563 3133 619 alia
3158 566 3385 623 ratione
3415 569 3761 639 excogitavit

2111 654 2693 711 utstaret.Namcum
2714 654 2941 709 trabem
2976 655 3289 722 quamdam
3318 654 3600 711 columna:
3625 658 3757 713 alli-

2109 745 2659 816 gasset,etseipsum
2676 761 2880 799 rursus
2898 743 3136 799 funibus
3153 744 3299 799 trahi
3318 746 3762 818 adaptassct,sic

2110 834 2503 905 quadraginta
2518 834 2644 889 dies
2657 837 2964 905 perpetuos
2982 835 3281 905 transegit.
3295 835 3549 890 Posthaec
3565 841 3755 892 autem

2111 939 2243 977 cum
2280 924 2558 992 majorem
2594 922 2871 993 deinceps
2899 939 2931 976 a
2962 924 3193 993 superis
3223 922 3474 994 gratiam
3507 926 3761 997 accepis.

2112 1016 2221 1078 set,
2257 1028 2329 1065 ne
2360 1011 2470 1065 hoc
2501 1011 2739 1083 quidem
2773 1027 2921 1082 opus
2954 1010 3393 1067 habuitauxilio
3422 1028 3436 1067 :
3469 1014 3570 1068 sed
3604 1015 3766 1069 stetit

2110 1100 2505 1172 quadraginta
2534 1101 2680 1169 dies,
2717 1100 2912 1155 cibum
2942 1101 3181 1171 quidem
3211 1119 3326 1157 non
3360 1119 3630 1169 sumens,
3662 1104 3765 1159 sed

2111 1190 2374 1246 alcritate
2406 1190 2585 1245 animi
2620 1194 2678 1245 et
2708 1190 2909 1246 divina
2930 1190 3122 1262 gratia
3146 1191 3559 1248 confirmatus.

2182 1297 2324 1352 Cum
2343 1296 2450 1353 hos
2479 1313 2616 1368 ergo
2645 1300 2765 1351 tres
2789 1297 3201 1368 perpetuos,ut
3230 1297 3347 1351 dixi
3372 1314 3559 1354 annos
3583 1298 3640 1354 in
3662 1299 3763 1355 illa

2109 1386 2494 1457 transegisset
2516 1385 2894 1454 domuncula,
2919 1386 2993 1439 ab
3025 1385 3131 1441 hoc
3148 1391 3449 1457 tantOpere
3471 1389 3765 1443 sermoni-

2112 1476 2519 1545 busjactatum
2555 1475 2987 1530 etcelebratum
3012 1475 3172 1530 venit
3202 1492 3484 1532 cacumen
3512 1494 3533 1538 ,·
3559 1481 3764 1534 etcum

2110 1568 2277 1636 septu
2290 1581 2344 1619 m
2359 1564 2737 1619 circumcirca
2752 1564 2873 1619 fieri
2892 1565 3253 1629 mandasset,
3290 1566 3533 1622 ferream
3569 1572 3764 1623 autem

2111 1659 2371 1709 catenam
2430 1654 2639 1725 viginti
2690 1653 3027 1709 cubitorum
3080 1659 3501 1725 comparasset,
3536 1659 3593 1711 et
3634 1658 3764 1727 ejus

2114 1759 2297 1798 unum
2313 1742 2547 1814 quidem
2564 1743 2796 1797 initium
2816 1743 3047 1797 cuidam
3071 1745 3528 1815 petrzemaximze
3544 1763 3761 1818 appen-

2115 1834 2321 1897 disset,
2354 1832 2602 1887 alterum
2636 1838 2833 1887 autem
2867 1833 3103 1889 dextero
3136 1834 3269 1905 pedi
3302 1835 3657 1905 adaptassct,
3696 1841 3760 1891 ut

2117 1938 2219 1976 nec
2252 1921 2301 1976 si
2331 1921 2503 1975 vellet
2534 1921 2791 1991 quidem,
2827 1921 3011 1975 abiret
3030 1926 3192 1977 extra
3223 1922 3580 1990 eoslimites,
3614 1926 3671 1979 in
3696 1942 3762 1980 eo

2115 2010 2292 2081 degit,
2321 2009 2527 2064 cmlum
2554 2010 2791 2065 assidue
2812 2010 3035 2065 visione
3058 2010 3591 2082 apprehendens,et
3614 2019 3677 2068 ut
3694 2031 3761 2069 ca

2116 2116 2241 2171 quae
2256 2104 2398 2154 sunt
2420 2115 2600 2170 supra
2623 2098 2800 2153 emlos
2828 2099 3327 2170 contemplaretur
3348 2100 3459 2155 sibi
3482 2103 3599 2157 vim
3624 2103 3763 2157 all‘e-

2114 2204 2250 2244 rens
2284 2206 2298 2257 ;
2334 2189 2549 2242 mentis
2582 2188 2738 2241 enim
2771 2186 3027 2243 volatum
3063 2204 3176 2243 non
3213 2189 3571 2260 impediebat
3631 2192 3764 2247 ferri

2112 2276 2436 2333 vinculum.
2461 2277 2775 2347 Postquam
2807 2281 3001 2331 autem
3026 2277 3295 2333 L‘Ieletius
3318 2279 3429 2350 (69)
3452 2279 3548 2335 ille
3571 2281 3767 2335 admi-

2114 2366 2339 2435 rabilis,
2373 2366 2465 2421 cui
2521 2368 2662 2419 tunc
2697 2366 2974 2420 mandata
3026 2372 3153 2421 erat
3201 2383 3341 2421 cura
3390 2368 3766 2441 episcopatus

2112 2455 2371 2526 regionis
2396 2454 2763 2509 Antiochenaa
2792 2454 3066 2519 civitatis,
3098 2454 3185 2509 vir
3207 2456 3505 2522 cordatus,
3539 2463 3595 2513 et
3625 2475 3762 2529 pru-

2112 2544 2309 2600 dentia
2331 2543 2610 2611 clarus,et
2634 2543 2851 2615 ingenii
2885 2543 3121 2599 solertia
3143 2548 3760 2618 ornatus,supervaca-

2114 2651 2289 2689 neum
2323 2632 2467 2687 dixit
2488 2648 2617 2688 esse
2642 2633 2885 2699 ferrum,
2915 2649 3050 2687 cum
3085 2633 3517 2690 sufficiatmens
3549 2637 3619 2690 ad
3645 2652 3768 2691 cor-

2114 2722 2241 2794 pori
2274 2722 2631 2795 imponenda
2662 2722 2907 2777 rationis
2938 2722 3378 2787 vincula,cessit
3408 2725 3671 2795 quidem,
3704 2731 3762 2781 et

2114 2814 2243 2883 ejus
2301 2814 2494 2883 paruit
2526 2811 2809 2867 suasioni.
2844 2812 2989 2867 Cum
3022 2817 3217 2867 autem
3248 2812 3376 2868 reris
3411 2814 3641 2869 fabrum
3676 2832 3766 2870 ac-

2115 2901 2317 2957 cersiri
2342 2901 2644 2971 jussisset,
2680 2899 2944 2970 praecepit
2982 2898 3125 2955 solvi
3149 2898 3634 2957 vinculum.Cum
3669 2919 3768 2959 au-

2114 2995 2228 3044 tem
2264 2990 2419 3043 tibias
2452 3004 2680 3060 quoque
2712 2989 2985 3058 adaptata
3015 2996 3171 3041 esset
3203 2987 3394 3059 pellis,
3429 3004 3501 3045 ne
3554 3005 3767 3060 corpus

2115 3081 2423 3135 lazdcretur
2452 3096 2483 3133 a
2527 3079 2699 3145 ferro,
2733 3083 2789 3133 et
2838 3082 3129 3149 oporteret
3158 3094 3286 3133 eam
3344 3078 3557 3147 (fuerat
3605 3080 3761 3134 enim

349 3160 590 3250 quoque
620 3194 779 3248 aqua
811 3176 1069 3248 plenam,
1103 3176 1298 3248 ipsum
1333 3182 1527 3231 autem
1552 3177 1866 3247 jacentem,
1902 3192 2007 3231 nec
2039 3160 2081 3227 C
2117 3170 2379 3239 consuta)
2412 3167 2746 3238 disirumpi,
2771 3168 3045 3221 dixerunt
3075 3184 3137 3222 se
3164 3167 3405 3222 vidisise
3438 3167 3568 3239 plus
3590 3185 3765 3238 quam

348 3268 699 3339 spirantem,
721 3271 778 3322 et
809 3265 1090 3337 necloqui
1115 3282 1218 3321 nec
1244 3266 1463 3320 moveri
1486 3271 1804 3337 potentem.
1828 3266 2005 3336 Spon-

347 3356 449 3429 gia
478 3372 618 3427 ergo
650 3356 852 3428 petita,
885 3371 1020 3409 cum
1052 3372 1118 3410 os
1150 3370 1217 3409 ea
1245 3353 1640 3409 humectassct
1665 3354 2004 3420 eteluisset,

348 3446 401 3501 ei
434 3444 653 3501 obtulit
680 3444 1014 3499 divinarum
1049 3444 1561 3499 Sacramentorum
1615 3442 1919 3515 symbola:
1951 3447 2009 3499 et

352 3536 441 3589 sic
476 3550 579 3605 per
607 3533 730 3588 hac
760 3532 1168 3598 confirmatus,
1197 3532 1470 3601 surrexit,
1503 3537 1559 3587 et
1602 3531 1894 3587 modicum
1927 3531 2006 3587 ci-

353 3623 410 3678 bi
463 3622 746 3692 sumpsit,
787 3621 1078 3692 lactugas,
1109 3625 1169 3676 et
1222 3621 1512 3692 intybum,
1544 3626 1602 3676 et
1653 3620 1741 3676 his
1790 3620 2008 3677 similia

357 3710 645 3784 paulatim
667 3710 974 3778 mandens,
998 3714 1055 3765 et
1072 3710 1143 3764 ad
1166 3709 1557 3765 ventriculum
1572 3710 2003 3766 transmittens.

426 3808 885 3879 Obstupefactus
918 3808 1115 3879 itaque
1170 3824 1419 3878 magnus
1452 3808 1549 3863 ille
1582 3808 1819 3878 Bassus,
1852 3809 2009 3864 venit

350 3899 425 3953 ad
462 3914 637 3952 suum
654 3912 910 3968 gregem,
933 3913 1212 3965 magnum
1238 3896 1345 3951 hoc
1365 3914 1610 3953 narrans
1635 3897 2004 3954 miraculum.

350 3988 625 4043 Habebat
647 3987 804 4041 enim
830 3985 962 4058 plus
996 4002 1171 4058 quam
1200 3985 1483 4042 ducentos
1502 3986 1879 4041 sodalcscum
1905 4004 2008 4044 nec

349 4077 438 4131 eis
472 4076 817 4145 jumentum
854 4074 1070 4130 habere
1102 4092 1207 4130 nec
1238 4075 1451 4131 molam
1488 4076 1870 4148 permisisset,
1904 4094 2004 4132 nc-

349 4181 468 4236 que
499 4180 711 4219 aurum
746 4164 818 4220 ab
844 4164 1042 4236 aliquo
1075 4164 1335 4219 oblatum
1369 4166 1649 4236 accipere,
1680 4183 1867 4239 neque
1900 4167 2006 4221 ali-

350 4270 532 4325 quem
566 4259 729 4309 extra
762 4256 916 4310 fores
947 4254 1163 4325 egredi,
1194 4259 1294 4309 aut
1320 4254 1538 4325 aliquid
1571 4273 1638 4311 ex
1659 4256 2006 4311 necessariis

349 4350 720 4415 empturum,
754 4348 857 4399 aut
887 4342 1141 4415 aliquem
1166 4360 1232 4399 ex
1265 4344 1388 4399 suis
1422 4346 1577 4400 notis
1596 4346 1856 4401 visurum
1884 4346 2005 4414 ;scd

352 4434 519 4487 intus
551 4448 744 4504 agere,
768 4438 826 4488 et
858 4433 1010 4504 quod
1038 4450 1071 4487 a
1101 4432 1297 4488 divina
1326 4434 1515 4504 gratia
1540 4434 1883 4490 mittebatur
1901 4434 2002 4489 ali-

2112 3258 2319 3331 viginti
2354 3257 2636 3313 maximos
2669 3256 2925 3325 cimices,
2960 3256 3019 3310 in
3048 3272 3114 3311 eo
3147 3261 3433 3327 tanquam
3478 3256 3536 3311 in
3565 3274 3763 3312 caver-

2115 3365 2189 3403 na
2220 3346 2628 3403 delitescentes
2660 3350 2757 3413 ;et
2808 3346 2915 3400 hoc
2946 3361 3008 3400 se
3046 3345 3277 3400 diccbat
3329 3346 3544 3400 vidisse
3577 3347 3765 3402 admi-

2115 3438 2337 3493 rendus
2365 3435 2653 3491 Meletius.
2688 3435 2805 3507 Ego
2846 3438 3041 3489 autem
3078 3434 3253 3505 hujus
3309 3434 3573 3507 memini,
3628 3436 3766 3491 hinc

2116 3540 2345 3597 quoque
2375 3523 2689 3583 ostendens
2722 3537 2997 3592 magnam
3028 3522 3136 3576 viri
3166 3521 3574 3589 tolerantiam;
3627 3541 3761 3580 nam

2115 3632 2247 3671 cum
2280 3620 2479 3686 posset
2497 3612 2704 3686 pellem
2734 3629 2905 3667 manu
2930 3611 3341 3683 comprimere,
3365 3616 3421 3667 et
3446 3628 3652 3669 omnes
3679 3614 3761 3668 la-

2116 3705 2223 3761 cilc
2245 3704 2601 3774 interimere,
2635 3701 2916 3758 molestos
2947 3718 3181 3757 morsus
3216 3701 3527 3757 toleranter
3554 3720 3765 3775 passus

2117 3799 2224 3865 est,
2258 3794 2315 3849 in
2349 3792 2544 3865 parvis
2576 3808 2636 3848 se
2665 3792 2935 3847 lubenter
2964 3791 3034 3845 ad
3070 3792 3295 3861 majora
3326 3807 3622 3848 exercens.

2186 3904 2327 3955 Cum
2352 3916 2486 3971 ergo
2508 3897 2831 3970 pervolaret
2856 3897 3083 3953 famain
3108 3914 3311 3953 omnes
3334 3898 3769 3970 regiones,con-

2115 3991 2429 4047 currebant
2459 4004 2684 4055 omnes,
2718 4004 2832 4042 non
2866 3986 3055 4043 solum
3085 3986 3282 4055 vicini,
3318 3990 3417 4041 sed
3451 3989 3551 4059 qui
3587 3988 3763 4043 etiam

2117 4079 2436 4135 multorum
2452 4077 2675 4131 dierum
2704 4076 2908 4131 itinere
2924 4077 3169 4131 aberant
3194 4096 3207 4144 ;
3234 4076 3331 4130 alii
3348 4076 3581 4147 quidem
3600 4094 3768 4148 para-

2117 4169 2328 4241 lyticos
2354 4168 2686 4230 afferentes,
2704 4165 2800 4220 alii
2820 4181 2951 4220 vero
2967 4166 3137 4237 agris
3155 4165 3466 4219 sanitatem
3486 4170 3771 4235 petentes,

2116 4259 2214 4315 alii
2240 4262 2433 4313 autem
2455 4262 2515 4311 ut
2532 4262 2725 4328 patres
2750 4257 3255 4322 licrentrOgantes,
3279 4254 3499 4323 etquod
3519 4259 3775 4308 enatura

2117 4366 2231 4404 non
2266 4350 2631 4417 acceperant,
2658 4345 2728 4399 ab
2762 4344 2861 4399 illo
2898 4343 3165 4399 volebant
3188 4342 3447 4414 accipere
3473 4362 3485 4411 ;
3515 4358 3764 4413 cumque

2117 4438 2463 4509 acciperent,
2498 4439 2553 4489 et
2604 4450 2731 4504 quae
2794 4432 3172 4503 postulabant
3210 4432 3619 4502 impetrarent,
3652 4430 3771 4486 laeti

356 4526 628 4576 mentum
659 4521 941 4594 accipere.
980 4521 1341 4594 Hanclegem
1375 4523 1433 4576 in
1455 4523 1802 4579 hodiernum
1825 4541 2013 4596 usque
2044 4521 2089 4585 D
2123 4528 2360 4601 quidem
2389 4524 2660 4579 redibant
2696 4539 2821 4593 quae
2839 4524 3031 4575 autem
3066 4521 3771 4577 erantconsecutibeneli-

354 4612 515 4666 diem
569 4614 807 4666 servant
837 4610 1089 4679 sodales,
1134 4616 1190 4665 et
1220 4612 1487 4683 quamvis
1519 4613 1759 4669 creverit
1804 4630 2006 4669 eorum

356 4715 669 4766 numerus,
710 4700 989 4755 mandata
1011 4717 1136 4772 quae
1170 4700 1253 4755 eis
1278 4702 1415 4756 data
1446 4706 1584 4757 sunt
1624 4719 1739 4758 non
1789 4704 2007 4759 transi—

353 4788 731 4861 lierunt.Ego
756 4794 954 4844 autem
982 4790 1053 4844 ad
1078 4792 1641 4861 magnumtransibo
1657 4792 2008 4851 Simeonem.

424 4886 509 4941 Ab
540 4884 641 4940 illo
685 4901 821 4958 ergo
854 4890 1117 4958 tempore
1145 4903 1335 4958 usque
1364 4887 1423 4943 in
1465 4888 1812 4945 hodiernum
1852 4892 2009 4946 diem

355 4970 500 5041 (jam
536 4975 734 5028 autem
759 4972 1167 5045 preeterierunt
1188 4975 1390 5046 viginti
1420 4981 1476 5030 et
1504 4980 1632 5031 octo
1651 4978 2012 5048 anni)manct

345 5061 589 5131 jejenus
604 5062 999 5135 quadraginta
1014 5062 1301 5119 dies.Tem
1314 5082 1422 5135 pus
1440 5070 1634 5120 autem
1659 5069 2012 5123 etassuefac-

353 5151 435 5205 tio
470 5151 727 5207 multum
748 5152 1002 5207 detraxit
1025 5153 1095 5206 de
1126 5152 1343 5222 labore,
1370 5154 1768 5211 solebatenim
1806 5158 2012 5226 primis

354 5239 804 5296 diebusstareet
838 5246 1023 5296 Deum
1052 5240 1320 5310 laudare;
1347 5242 1555 5299 deinde
1598 5260 1729 5298 cum
1779 5250 2014 5317 propter

355 5327 614 5383 inediam
636 5346 752 5384 non
771 5334 968 5401 posset
991 5330 1248 5401 amplius
1281 5348 1494 5404 corpus
1524 5334 1642 5405 pati
1673 5334 2010 5404 stationem,

356 5417 634 5489 deinceps
667 5420 872 5475 sedere
902 5425 957 5475 et
985 5420 1253 5475 divinum
1279 5438 1551 5494 peragere
1570 5423 1854 5491 ofﬁcium,
1880 5443 2012 5496 pos-

352 5508 555 5562 tremis
588 5513 788 5563 autem
822 5509 977 5565 850
1026 5508 1234 5565 diebus
1255 5510 1433 5566 etiam
1466 5512 1834 5567 accumbere.
1867 5514 2012 5569 Nam

348 5613 481 5654 cum
533 5598 821 5669 paulatim
864 5604 1351 5656 consumerentur
1389 5606 1446 5657 et
1506 5601 2017 5673 exstinguerentur

2120 4619 2209 4674 cia
2240 4614 2643 4687 praedicantes,
2679 4611 2849 4683 longe
2868 4611 3279 4682 plureseadem
3306 4610 3592 4681 petituros
3607 4612 3775 4665 emit-

2120 4708 2339 4762 tebant.
2372 4704 2462 4757 Sic
2490 4707 2683 4757 autem
2719 4702 2995 4757 omnibus
3029 4700 3772 4772 undiqueadvenientibus,

2120 4802 2177 4853 et
2209 4813 2309 4869 per
2339 4798 2516 4849 totam
2550 4792 2703 4847 viam
2735 4791 2920 4846 instar
2949 4790 3214 4846 ﬂuminis
3240 4789 3642 4857 affluentibus,
3689 4789 3775 4843 vi-

2120 4889 2253 4943 dere
2284 4889 2370 4940 est
2404 4883 2645 4955 pelagus
2674 4881 2983 4936 hominum
3007 4881 3064 4935 in
3088 4879 3189 4935 illo
3217 4879 3341 4935 loco
3357 4879 3771 4946 constitutum,

2121 4977 2275 5047 quod
2308 4972 2515 5028 fluvios
2548 4971 2936 5042 undequaque
2964 4969 3194 5041 excipit.
3230 4969 3353 5023 Non
3394 4969 3586 5024 solum
3619 4969 3776 5024 enim

2122 5066 2427 5122 confluunt
2456 5060 2552 5131 qui
2587 5065 2848 5115 nostram
2901 5058 3172 5115 habitant
3213 5059 3531 5130 regionem,
3568 5060 3668 5114 sed
3719 5063 3775 5113 et

2122 5158 2173 5211 Is
2217 5152 2460 5209 maelitae
2485 5158 2536 5204 et
2563 5148 3108 5216 Persae,etArmenii
3131 5148 3227 5219 qui
3245 5148 3483 5203 sunteis
3501 5149 3775 5220 subjecti,

2123 5250 2180 5301 ct
2213 5245 2430 5308 Iberes,
2455 5246 2511 5295 et
2544 5240 2876 5307 llomeritre,
2910 5245 2966 5294 ct
2989 5238 3087 5310 qui
3125 5238 3243 5293 illis
3268 5242 3406 5293 sunt
3436 5238 3771 5291 interiores.

2126 5336 2422 5389 Venerunt
2455 5332 2648 5384 autem
2678 5327 2841 5383 multi
2874 5346 3106 5400 quoque
3138 5328 3236 5399 qui
3265 5327 3535 5382 habitant
3585 5330 3778 5381 extre-

2128 5442 2224 5480 ma
2254 5419 2610 5484 Occidentis,
2664 5420 2925 5490 Hispani,
2976 5420 3241 5489 inquam,
3295 5420 3352 5473 et
3402 5415 3685 5479 Britanni,
3724 5421 3781 5470 et

2125 5512 2295 5581 Galli,
2329 5510 2429 5582 qui
2483 5508 2637 5579 quod
2693 5507 2803 5581 {est
2852 5508 3269 5565 intermedium
3321 5509 3630 5575 occupant.
3697 5503 3779 5558 De

2130 5602 2295 5660 Italia
2324 5599 2481 5658 enim
2515 5615 3016 5671 supervacaneum
3049 5602 3138 5656 est
3170 5597 3361 5653 dicere
3388 5614 3401 5664 ;
3436 5595 3600 5650 aiunt
3622 5591 3775 5648 enim
