4088 6180
272 286 376 343 105

268 415 463 468 autem
486 412 582 469 bis
604 430 839 487 quoque
862 420 1284 478 Saracenorum
1310 426 1486 482 unius
1510 429 1699 486 tribus
1722 434 1923 503 praefe-

267 502 415 573 ctus)
431 502 677 574 supplex
697 506 928 576 petebat
942 524 975 562 a
993 507 1187 565 divino
1204 513 1393 585 capite
1410 518 1473 569 ut
1499 502 1739 574 cuidam
1758 538 1924 593 opem

265 590 459 658 ferret,
486 592 580 648 cui
613 593 668 648 in
702 596 794 649 via
818 604 980 651 erant
1014 599 1267 672 paralysi
1291 602 1484 659 soluta
1506 609 1772 664 membra
1796 627 1923 667 cor-

263 681 447 751 poris.
482 681 725 737 Dicebat
752 689 949 740 autem
985 703 1113 743 eum
1149 691 1418 747 morbum
1453 694 1501 748 ei
1553 698 1836 754 accidisse
1868 700 1926 753 in

263 767 550 825 Callinico
586 771 695 841 (est
726 778 924 828 autem
959 775 1014 829 in
1050 777 1343 833 castillum
1384 783 1747 853 maximum).
1784 789 1923 843 Cum

259 858 311 913 is
341 858 542 929 itaque
577 862 1024 919 fuissetallatns
1048 865 1105 919 in
1132 870 1415 941 medium,
1443 872 1637 928 effecit
1662 879 1724 929 ut
1744 893 1925 945 nega-

260 952 347 1000 ret
380 948 753 1019 impietatem
789 953 1093 1023 majorem.
1119 956 1227 1010 Ubi
1260 963 1455 1015 autem
1494 962 1765 1018 lubenter
1795 966 1924 1019 obe-

256 1035 384 1101 diit,
405 1042 463 1092 et
496 1040 654 1108 quod
684 1040 895 1110 jussus
930 1043 1117 1099 fuerat
1143 1046 1403 1119 implevit
1436 1053 1661 1123 rogavit
1690 1071 1762 1107 an
1797 1072 1921 1109 cre—

254 1125 418 1180 deret
452 1127 634 1195 Patri,
669 1133 726 1184 et
777 1129 1080 1202 unigenito
1107 1135 1278 1206 Filio,
1314 1143 1369 1191 et
1414 1149 1613 1195 sancto
1658 1142 1919 1210 Spiritui.

252 1213 396 1269 Cum
431 1215 484 1270 is
518 1220 717 1271 autem
755 1234 817 1272 se
848 1221 1151 1277 confessus
1184 1230 1338 1279 esset
1361 1228 1631 1284 credere:
1670 1230 1793 1296 His,
1828 1231 1917 1285 in-

253 1304 402 1373 quit,
422 1305 675 1362 credens
706 1307 1224 1382 appellationibus,
1253 1330 1448 1386 surge.
1477 1321 1787 1389 Postquam
1812 1338 1917 1375 au-

248 1395 362 1446 tem
398 1395 681 1466 surrexit,
707 1397 891 1467 jussit
923 1402 985 1453 ut
1012 1400 1199 1457 tribus
1228 1405 1562 1473 praefectum
1593 1409 1718 1463 suis
1748 1410 1920 1465 ferret

249 1478 519 1539 humeris
549 1501 741 1555 usque
772 1486 841 1541 ad
869 1486 1064 1558 ipsum
1090 1492 1538 1550 tabernaculum
1563 1497 1794 1568 (habuit
1816 1517 1919 1554 au-

245 1578 362 1628 tem
398 1589 622 1644 corpus
656 1576 1027 1647 maximum),
1063 1582 1120 1634 et
1148 1580 1248 1637 ille
1279 1585 1519 1653 quidem
1557 1602 1622 1642 eo
1658 1594 1916 1661 accepto,

243 1663 451 1717 statim
487 1663 652 1718 abiit.
688 1665 798 1731 Qui
832 1671 1024 1722 autem
1055 1669 1321 1741 aderant,
1346 1674 1415 1727 ad
1442 1674 1538 1728 Dei
1574 1676 1780 1733 laudes
1808 1679 1914 1733 lin-

244 1767 389 1823 guas
436 1761 773 1808 moverunt.
811 1756 923 1810 [loc
973 1763 1167 1813 autem
1201 1760 1399 1830 jussit,
1438 1764 1749 1821 Dominum
1784 1767 1913 1823 imi-

242 1846 401 1905 tans,
432 1840 539 1912 qui
564 1842 747 1912 jussit
780 1845 1095 1916 paralytico
1130 1847 1276 1904 ferre
1320 1849 1536 1907 lectum
1569 1853 1780 1923 (Matth.
1814 1862 1908 1926 1x).

243 1929 339 1985 Dei
377 1930 776 1987 imitationem
812 1950 982 1989 nemo
1012 1942 1175 1991 vocet
1213 1941 1721 2011 tyrannidem.Est
1752 1946 1909 2001 enim

243 2037 347 2075 vox
379 2021 560 2090 ejus:
598 2022 705 2085 Qui
740 2023 923 2078 credit
966 2026 1021 2079 in
1068 2043 1182 2093 me,
1216 2044 1392 2099 opera
1435 2047 1559 2102 qua:
1612 2049 1716 2106 ego
1764 2036 1911 2091 facio

246 2108 339 2163 ille
374 2125 627 2181 quoque
661 2110 851 2180 faciet,
885 2119 936 2167 et
970 2116 1195 2185 majora
1226 2117 1318 2172 his
1351 2118 1522 2175 faciet
1562 2122 1738 2192 (Joan.
1773 2126 1909 2197 xw).

244 2198 475 2253 Etenim
504 2198 856 2269 buju8852
877 2204 1152 2273 promissi
1172 2211 1439 2263 eventum
1466 2210 1739 2267 vidimus.
1765 2215 1909 2270 Nam

242 2305 372 2343 cum
420 2289 642 2343 umbra
694 2290 917 2345 Domini
974 2310 1233 2364 unquam
1287 2297 1485 2353 fecerit
1533 2300 1908 2371 miraculum,

240 2377 452 2448 magni
489 2376 645 2432 Petri
682 2377 889 2433 umbra
920 2384 977 2435 et
1038 2386 1281 2439 mortem
1333 2384 1524 2458 fregit,
1558 2394 1615 2444 et
1673 2392 1908 2448 morbos

235 2467 458 2537 exegit,
493 2470 553 2521 et
587 2467 810 2539 fugavit
853 2468 1162 2527 daemones.
1201 2474 1309 2528 Sed
1367 2476 1648 2534 Dominus
1700 2485 1757 2535 et
1789 2481 1911 2537 haec

230 2572 331 2626 per
362 2572 521 2610 suos
556 2571 753 2613 servos
788 2559 925 2614 fecit
958 2560 1244 2616 miracula
1270 2581 1283 2631 ;
1308 2569 1365 2620 et
1388 2582 1544 2623 nunc
1563 2584 1797 2641 quoque
1828 2572 1912 2628 si—

225 2643 458 2699 militer
485 2645 618 2715 ejus
674 2651 847 2703 utens
888 2649 1297 2722 appellatione,
1328 2654 1561 2713 divinus
1608 2659 1908 2717 Simeones

222 2734 702 2798 innumerabilia
733 2736 912 2791 efficit
943 2737 1245 2795 miracula.
1336 2801 1341 2805 ,

317 2841 567 2897 Accidit
594 2842 749 2897 enim
780 2852 837 2897 ut
870 2843 1029 2900 aliud
1062 2862 1295 2918 quoque
1329 2849 1491 2907 fieret
1534 2855 1906 2928 miraculum,

245 2930 450 3002 priore
484 2931 728 2987 minime
761 2932 1026 2988 inferius.
1062 2935 1142 2989 Ex
1178 2936 1247 2991 iis
1278 2939 1432 2995 enim
1471 2943 1569 3013 qui
1602 2944 1657 2998 in
1696 2964 1905 3004 nomen

242 3020 323 3073 sal
336 3039 369 3074 ιι
384 3025 519 3075 tare
547 3021 771 3076 Domini
787 3021 866 3077 Ch
879 3023 1002 3078 risti
1020 3024 1577 3100 crediderant,qu£ed
1589 3050 1679 3089 am
1698 3036 1909 3093 Ismae-

248 3110 325 3162 ita
358 3125 489 3163 non
530 3110 780 3165 obscuro
806 3113 929 3167 loco
952 3116 1148 3182 natus,
1176 3115 1292 3172 Deo
1316 3123 1509 3176 votum
1534 3122 1774 3195 fecerat,
1798 3126 1905 3183 hoc

226 3198 431 3253 divino
463 3198 591 3253 viro
615 3203 780 3254 teste.
805 3200 1105 3259 Pollicitus
1138 3209 1334 3261 autem
1364 3213 1507 3277 erat,
1542 3211 1803 3269 futurum
1838 3222 1899 3271 ut

225 3302 283 3341 se
304 3286 601 3358 deinceps
624 3293 904 3360 perpetuo
921 3291 1241 3349 abstineret
1261 3295 1334 3349 ab
1356 3313 1457 3353 esu
1484 3301 1741 3371 cujusvis
1773 3306 1896 3359 ani-

227 3376 394 3431 mati.
415 3375 540 3431 Hoc
564 3378 923 3447 promissum
948 3381 1143 3437 nescio
1164 3387 1451 3454 quomodo
1475 3392 1730 3459 quodam
1759 3398 1898 3449 tem—

224 3480 360 3536 pore
378 3469 1082 3538 transgressus,occisam
1100 3488 1263 3527 avem
1280 3491 1425 3531 ausu
1438 3494 1463 3531 s
1478 3483 1895 3540 estcomedere.

227 3555 363 3609 Cum
400 3554 565 3610 Deus
587 3560 778 3611 autem
801 3557 1379 3632 perincrepationem
1405 3581 1537 3622 eum
1562 3571 1630 3624 ad
1658 3588 1896 3628 conver-

228 3642 457 3699 sionem
494 3642 775 3700 voluisset
798 3646 1104 3718 deducere,
1124 3653 1181 3704 et
1197 3668 1372 3708 suum
1399 3655 1684 3713 famulum
1713 3660 1896 3717 hono-

226 3748 372 3802 rare,
402 3730 509 3804 qui
538 3732 916 3790 fuerattestis
951 3738 1225 3806 promissi
1246 3744 1398 3812 quod
1422 3744 1471 3799 is
1494 3746 1684 3803 fuerat
1702 3754 1893 3809 trans-

228 3835 489 3891 gressus,
530 3826 755 3876 mutata
787 3828 876 3878 est
928 3824 985 3879 in
1014 3824 1230 3897 lapidis
1262 3834 1531 3888 naturam
1584 3853 1719 3894 caro
1750 3840 1895 3912 avis,

226 3910 363 3966 adeo
404 3915 473 3965 ut
508 3926 617 3966 nec
648 3910 694 3966 si
725 3911 903 3968 vellet
933 3914 1170 3984 quidem
1198 3917 1471 3994 deinceps
1488 3940 1553 3979 eo
1581 3928 1731 3982 vesci
1756 3910 1891 4001 pos;

227 4004 328 4054 set.
352 4001 670 4066 Quomodo
694 4000 849 4056 enim
876 4004 1338 4077 potuisset,cum
1361 4009 1711 4083 lapiduisset
1737 4000 1892 4091 quod

227 4089 291 4143 ad
324 4090 537 4145 cibum
570 4095 879 4163 sumptum
912 4092 1101 4150 fuerat
1123 4112 1338 4169 corpus
1359 4099 1385 4153 ?
1405 4100 1522 4159 Hoc
1546 4089 1894 4166 admirando

229 4176 281 4232 in
306 4178 650 4233 incredibili
678 4181 1017 4251 spectaculo
1043 4184 1486 4259 obstupefactus
1501 4192 1805 4265 barbarus,
1822 4204 1892 4255 ad

228 4273 507 4323 sanctum
530 4268 694 4323 venit
719 4286 893 4339 quam
922 4270 1251 4343 celerrime,
1277 4281 1430 4348 quod
1458 4291 1577 4338 erat
1600 4286 1892 4344 occultum

229 4356 615 4425 peccatumin
634 4356 820 4413 lucem
848 4361 1245 4433 proferens,ct
1275 4383 1443 4424 suam
1472 4376 1895 4447 transgressio-

230 4459 355 4500 nem
381 4446 673 4502 omnibus
698 4448 1109 4517 enuntians,et
1135 4453 1332 4511 delicti
1358 4474 1390 4512 a
1420 4464 1535 4516 Deo
1568 4469 1771 4534 petens
1799 4485 1893 4524 ve-

227 4535 474 4603 niam,et
492 4536 1895 4623 sanctiauxiliuminvocans,utomnipotentibus
1928 4542 1975 4605 D

228 4623 347 4678 suis
392 4624 678 4697 precibus
735 4625 933 4698 ipsum
967 4633 1187 4701 peccati
1217 4634 1522 4695 vinculum
1555 4643 1893 4703 exsolveret.

228 4713 385 4770 Multi
410 4721 615 4772 autem
642 4716 701 4772 id
730 4717 927 4774 videre
949 4721 1325 4797 miraculum,
1349 4730 1447 4799 qui
1472 4733 1559 4786 avi
1584 4739 1803 4805 partem
1830 4756 1899 4795 ex

230 4818 357 4858 osse
388 4811 443 4861 et
483 4805 682 4877 lapide
716 4811 1088 4866 constantem
1112 4814 1384 4872 viderunt
1409 4819 1465 4873 in
1489 4822 1618 4892 ejus
1640 4832 1891 4896 pectore.

302 4910 425 4968 Non
453 4912 653 4969 solum
677 4918 876 4971 autem
902 4916 983 4972 fui
1016 4925 1312 4990 spectator
1334 4925 1894 5003 miraculorum,sed

230 5002 403 5058 etiam
435 5004 678 5059 auditor
698 5020 901 5061 eorum
935 5023 1064 5078 quae
1092 5012 1370 5081 praedicta
1389 5023 1529 5072 sunt
1556 5002 1767 5080 futura.
1794 5026 1892 5081 Et-

234 5091 384 5147 enim
409 5110 541 5148 eam
569 5110 704 5165 qua:
723 5094 838 5151 fuit
860 5097 1212 5169 siccitatem,
1230 5108 1287 5159 et
1308 5121 1582 5177 magnam
1608 5111 1767 5169 illius
1790 5134 1891 5172 an-

230 5176 285 5230 ni
321 5178 723 5250 sterilitatem,
743 5186 803 5236 et
830 5199 958 5239 eam
986 5202 1111 5256 quae
1145 5176 1458 5250 consecuta
1478 5203 1566 5252 est
1596 5200 1774 5258 simul
1808 5207 1892 5261 fa-

230 5280 379 5322 mem
393 5274 451 5323 et
476 5274 726 5340 pestem,
748 5272 983 5329 duobus
1007 5278 1179 5334 annis
1208 5285 1344 5337 ante
1377 5286 1662 5359 praedixit,
1688 5293 1891 5351 dicens

228 5369 283 5409 se
319 5358 663 5427 previdisse
695 5360 918 5433 virgam
954 5379 1084 5435 qua:
1118 5366 1408 5441 infligitur
1442 5358 1799 5450 hominibus,
1834 5391 1892 5440 et

232 5441 457 5515 ﬂagella
478 5464 609 5517 quas
628 5466 730 5519 per
758 5466 888 5506 eam
914 5451 1305 5513 intentantur.
1331 5465 1501 5519 Porro
1526 5471 1718 5525 autem
1742 5441 1888 5530 alias

226 5548 458 5607 quoque
473 5538 829 5609 significavit
845 5540 1231 5615 irruptionem
1248 5550 1377 5621 ejus
1392 5553 1494 5624 qui
1510 5555 1769 5617 bruchus
1783 5579 1885 5620 seu

228 5636 406 5680 eruca
438 5624 680 5696 dicitur,
698 5631 757 5683 et
785 5644 916 5685 eam
952 5648 1067 5689 non
1098 5651 1227 5693 esse
1258 5655 1541 5714 magnum
1568 5646 1885 5708 detrimen-

546 5744 811 5809 Puaon.
855 5747 1125 5817 LXXIV.

1401 301 1877 373 PHILOTHEUS,
1919 321 2043 366 SIVE
2080 313 2547 379 THEOPHILES.

3574 350 3680 407 106

1956 436 2007 502 Α
2040 441 2164 493 tum
2197 441 2509 502 allaturam
2542 464 2674 504 cum
2699 450 2892 509 divina
2924 457 3230 519 clementia
3252 481 3386 523 mox
3407 479 3683 541 sequatur

2035 530 2412 599 supplicium.
2447 537 2587 593 Cum
2614 545 2809 598 autem
2839 545 3079 618 triginta
3101 552 3224 608 dies
3240 530 3677 632 printeriinssent,

2033 615 2487 681 innumerabilis
2533 630 2769 698 quidem
2820 615 2997 708 supra
3043 642 3205 698 stetit
3240 615 3681 719 ‘multitudotut

2032 706 2204 763 etiam
2242 712 2471 769 radium
2504 718 2885 793 dissecarent,
2915 730 2970 781 et
3014 731 3225 787 umbra
3272 737 3676 814 offunderenl;

2033 794 2209 867 idque
2239 816 2443 858 omnes
2478 805 2650 875 plane
2681 815 2735 865 et
2767 816 3015 884 perfecte
3044 819 3329 879 vidimus:
3357 794 3675 885 solumau:

2028 888 2144 941 tem
2182 890 2339 946 dedit
2370 895 2651 954 damnum
2688 902 3007 963 bestiarum
3043 915 3298 985 pascuis,
3332 916 3525 974 cibum
3574 940 3676 976 au-

2028 977 2146 1031 tem
2184 978 2483 1039 hominum
2518 988 2680 1044 nulla
2712 1008 2778 1047 ex
2811 1001 2973 1064 parte
3006 977 3177 1056 laesit.

2097 1065 2224 1169 Jam
2254 1086 2386 1169 vero
2415 1075 2553 1129 mibi
2580 1094 2813 1152 quoque
2832 1086 2930 1154 qui
2956 1088 3025 1149 ad
3052 1090 3250 1163 aliquo
3274 1098 3678 1169 oppugnabar,

2029 1153 2384 1224 significavit
2406 1169 2537 1219 ante
2556 1153 2890 1236 quindecim
2911 1174 3035 1232 dies
3052 1153 3174 1235 futu
3187 1153 3678 1246 rum‘bellifinem;

2028 1248 2082 1295 et
2111 1248 2506 1313 praedictionis
2531 1256 2640 1327 (72)
2677 1261 2977 1318 veritatem
3012 1267 3188 1324 didici
3220 1274 3598 1343 experientia.

2097 1343 2245 1407 Quin
2280 1348 2454 1403 etiam
2489 1352 2537 1406 ei
2573 1354 2893 1427 aliquando
2947 1363 3083 1419 visa:
3129 1374 3269 1423 sunt
3324 1372 3454 1428 dute
3504 1376 3677 1449 virga:

2025 1446 2151 1499 qua:
2185 1433 2519 1495 ferebantur
2565 1444 2795 1508 quidem
2831 1450 2901 1505 de
2934 1452 3115 1523 caelis,
3140 1456 3193 1511 in
3231 1463 3443 1515 terram
3478 1470 3671 1521 autem

2025 1518 2379 1580 Orientalem
2413 1529 2702 1588 cadebant
2730 1540 2786 1591 et
2816 1518 3268 1600 Occidentalem.
3292 1552 3453 1606 Hanc
3478 1518 3672 1610 autem

2023 1608 2265 1666 Persicae
2281 1619 2625 1689 etScythicte
2638 1627 2828 1695 gentis
2852 1628 2907 1683 in
2930 1630 3239 1703 imperium
3276 1638 3671 1700 Romanorum

2023 1695 2509 1763 insurrectionem
2546 1711 2897 1784 significavit
2948 1721 3038 1775 vir
3085 1723 3343 1795 divinus,
3377 1733 3432 1784 et
3471 1731 3542 1786 iis
3574 1732 3673 1804 qui

2018 2417 2486 2488 praetermittam,
2520 2423 2803 2483 orationis
2832 2429 3026 2487 vitans
3061 2417 3449 2505 prolixitatem
3479 2459 3491 2499 :
3518 2417 3677 2499 suffi-

2019 2501 2183 2557 ciunt
2214 2504 2333 2560 haec
2377 2510 2615 2579 quidem
2642 2519 2879 2573 certead
2904 2501 3326 2582 ostendendam
3349 2530 3667 2601 spiritalem

2019 2591 2147 2659 ejus
2182 2597 2392 2652 mentis
2425 2604 3018 2675 comtemplationem.

2092 2690 2229 2759 Ejus
2263 2710 2497 2766 quoque
2520 2698 2857 2774 fuitmagna
2889 2706 3044 2762 fama
3075 2713 3228 2782 apud
3255 2728 3449 2786 regem
3476 2718 3673 2774 Persa-

2019 2797 2149 2835 rum
2180 2798 2192 2835 :
2222 2789 2287 2838 ut
2316 2787 2473 2842 enim
2511 2800 2827 2848 narrarunt
2857 2796 3150 2871 legatiqul
3186 2805 3254 2859 ad
3290 2805 3483 2875 ipsum
3507 2825 3674 2865 vene-

2027 2871 2508 2944 runt,diligenter
2529 2879 2939 2939 sciscitabatur
2964 2903 3233 2958 quaenam
3266 2896 3560 2966 essetejus
3591 2898 3671 2952 vi-

2018 2961 2098 3026 ta,
2118 2964 2173 3014 et
2205 2977 2473 3031 quaenam
2507 2967 2811 3026 miracula.
2840 2974 3050 3030 Dicunt
3072 2982 3267 3035 autem
3293 2982 3420 3052 ejus
3439 3002 3671 3057 quoque

2021 3049 2354 3121 conjugem,
2388 3058 2445 3108 et
2476 3056 2711 3125 petiisse
2744 3060 2938 3118 oleum
2982 3065 3291 3137 dignatum
3328 3049 3468 3143 ejus
3495 3049 3669 3133 bene-

1938 3175 1979 3240 Ο
2022 3135 2297 3208 dictione,
2335 3146 2390 3195 et
2418 3146 2700 3216 tanquam
2737 3151 2957 3208 donum
2991 3158 3315 3213 maximum
3374 3165 3669 3235 accepisse

2018 3224 2166 3289 Quin
2199 3230 2375 3285 etiam
2411 3250 2616 3292 omnes
2650 3239 2802 3310 regis
2835 3242 3067 3297 asseclae
3096 3249 3207 3301 eta
3231 3248 3384 3303 fama
3404 3267 3664 3307 commo-

2014 3314 2078 3385 ti,
2104 3319 2159 3369 et
2191 3317 2409 3374 multas
2444 3321 2503 3376 in
2537 3339 2668 3379 eum
2704 3341 2736 3379 a
2764 3328 2951 3399 magis
2974 3331 3289 3389 adornatas
3317 3336 3668 3408 accipientes

2014 3403 2365 3475 calumnias,
2398 3410 2709 3484 diligenter
2739 3418 3059 3488 rogabant;
3094 3425 3150 3475 et
3178 3437 3313 3477 cum
3347 3403 3666 3484 intellexis-

2013 3498 2165 3561 sent,
2192 3496 2382 3552 virum
2409 3500 2675 3558 divinum
2703 3506 3105 3564 nominabant.
3132 3509 3344 3568 Caetera
3373 3531 3505 3571 vero
3540 3524 3663 3573 tur-

2009 3582 2180 3651 ba,et
2212 3587 2281 3640 ad
2318 3588 2610 3649 muliones
2642 3596 2982 3654 accedentes
3002 3604 3058 3655 et
3088 3601 3160 3655 ad
3194 3602 3445 3661 famulos
3467 3611 3525 3662 et
3555 3609 3664 3663 mi-

2009 3671 2165 3739 lites,
2197 3679 2253 3729 et
2283 3680 2593 3749 pecuniam
2626 3684 2946 3742 offerebant
2978 3693 3033 3744 et
3062 3692 3343 3763 rogabant
3377 3700 3441 3751 ut
3473 3704 3669 3755 essent

2012 3763 2328 3837 participes
2358 3768 2469 3824 olei
2503 3771 2949 3832 benedictionis.

2083 3864 2513 3924 Ismaelitarum
2548 3876 2741 3929 autem
2771 3878 2971 3947 regina
3001 3895 3134 3936 cum
3162 3888 3317 3939 esset
3350 3887 3586 3956 sterilis,
3614 3892 3671 3945 et

2009 3958 2250 4024 cuperet
2283 3955 2460 4028 filios,
2498 3960 2753 4030 primum
2786 3966 3023 4035 quidem
3059 3970 3242 4028 misso
3277 3973 3474 4047 aliquo
3506 3979 3669 4034 exiis

2010 4041 2111 4113 qui
2143 4043 2412 4100 valebant
2442 4047 2731 4120 dignitate
2764 4058 2820 4108 et
2852 4060 3219 4133 auctoritate,
3254 4041 3575 4122 obsecravit
3606 4074 3669 4122 ut

2009 4136 2195 4189 mater
2226 4134 2407 4191 fieret.
2443 4137 2761 4210 Postquam
2796 4150 2993 4200 autem
3022 4156 3287 4206 assecuta
3316 4160 3405 4208 est
3435 4156 3664 4224 petitio-

2007 4238 2162 4293 nem,
2196 4228 2253 4279 et
2285 4227 2508 4297 peperit
2568 4232 2632 4283 ut
2665 4231 2866 4302 cupiit,
2901 4241 3135 4306 aceepto
3186 4254 3320 4310 rege
3362 4243 3461 4311 qui
3492 4250 3665 4299 natus

2008 4311 2219 4382 fuerat,
2245 4315 2502 4385 profecta
2534 4324 2624 4373 est
2654 4321 2725 4375 ad
2760 4321 3023 4378 divinum
3048 4341 3245 4381 senem
3273 4345 3286 4395 ;
3310 4336 3364 4384 et
3386 4331 3665 4400 quoniam

2008 4416 2125 4455 non
2158 4400 2371 4458 licebat
2404 4404 2754 4463 mulieribus
2804 4411 2873 4464 ad
2906 4429 3038 4468 eum
3076 4415 3368 4488 accedere,
3400 4420 3472 4475 ad
3531 4438 3667 4477 eum

2005 4489 2186 4544 misso
2222 4489 2462 4560 infante,
2497 4496 2723 4565 rogavit
2759 4501 2820 4552 ut
2850 4507 3312 4572 consequeretur
3334 4506 3463 4577 ejus
3490 4508 3665 4566 bene-

2009 4577 2360 4635 dictionem:
2393 4585 2557 4637 Tuus
2589 4583 2767 4652 enim,
2802 4585 3016 4659 inquit,
3048 4594 3138 4645 est
3180 4590 3274 4647 hic
3328 4600 3493 4651 actus
3532 4597 3664 4665 (73).

2007 4664 2126 4736 Ego
2159 4668 2311 4722 enim
2344 4670 2531 4725 obtuli
2566 4688 2697 4728 cum
2732 4673 3007 4748 lacrymis
3032 4696 3232 4736 semen
3256 4683 3574 4755 orationis;
3600 4692 3663 4746 tu

2009 4762 2204 4811 autem
2254 4774 2454 4815 semen
2506 4762 2747 4818 effecisti
2803 4766 3177 4839 manipulum,
3251 4788 3385 4828 cum
3452 4774 3663 4833 divina

2006 4844 2205 4914 gratia:
2240 4846 2487 4903 imbrem
2521 4851 2861 4909 attraxisses
2892 4871 2993 4925 per
3023 4856 3517 4928 deprecationem.

2076 4942 2186 4999 Sed
2220 4960 2529 5017 quousque
2559 4966 2739 5005 conor
2769 4952 2963 5007 metiri
2984 4954 3333 5014 alttudinem
3359 4962 3539 5017 maris
3570 4964 3663 5019 Δι-

2003 5028 2203 5087 lantici
2234 5034 2347 5104 (74)
2369 5035 2396 5089 ‘I
2429 5036 2577 5092 Nam
2610 5038 2763 5095 sicut
2794 5057 2917 5096 eam
2953 5060 3067 5098 non
3121 5056 3367 5118 possunt
3399 5049 3666 5109 homines

2002 5119 2283 5192 dimetiri,
2320 5124 2401 5178 ita
2434 5128 2832 5184 narrationem
2885 5140 3238 5203 exsuperant
3287 5153 3414 5208 quae
3445 5140 3517 5195 ab
3567 5141 3665 5197 illo

2002 5208 2149 5263 fiunt
2180 5212 2464 5281 quotidie.
2497 5217 2613 5286 Ego
2640 5224 2835 5272 autem
2869 5220 2999 5289 ejus
3028 5228 3161 5277 ante
3195 5223 3316 5280 ba:c
3342 5230 3538 5285 omnia
3568 5230 3667 5287 ad-

2001 5298 2189 5353 miror
2217 5299 2631 5372 tolerantiam;
2658 5313 2830 5362 noctu
2866 5309 3021 5365 enim
3054 5316 3109 5366 et
3140 5312 3395 5371 interdiu
3416 5316 3496 5373 ita
3525 5324 3661 5385 stat,

2002 5390 2068 5441 ut
2102 5387 2373 5444 videatur
2402 5390 2474 5446 ab
2508 5394 2808 5451 omnibus.
2843 5396 3071 5453 Ablatis
3121 5402 3275 5458 enim
3332 5405 3579 5475 foribus,
3608 5412 3665 5463 et

2001 5492 2115 5530 non
2162 5477 2411 5535 minima
2459 5488 2625 5552 parte
2673 5485 2933 5541 ambitus
2981 5487 3286 5559 dissoluta,
3318 5496 3664 5566 proponitur

1999 5566 2282 5624 omnibus
2314 5574 2718 5641 spectaculum
2752 5592 2966 5631 novum
3000 5583 3058 5633 et
3087 5579 3469 5639 admirabile:
3503 5600 3660 5638 nunc

2004 5654 2158 5714 853
2197 5658 2435 5730 quidem
2459 5666 2626 5719 stans
2651 5662 2826 5738 longo
2846 5670 3127 5739 tempore,
3150 5686 3309 5729 nunc
3330 5677 3523 5731 autem
3545 5672 3658 5730 fre-

3292 5789 3333 5845 4
