4122 6188
438 363 542 417 107

1631 359 1728 411 DE
1767 357 1956 411 VITIS
1990 355 2290 411 PATRUM
2328 357 2541 410 LIBER
2577 360 2674 411 IX.

3729 355 3835 413 108

435 487 679 557 quenter
708 500 769 539 se
801 483 1137 549 incurvans,
1158 486 1215 537 et
1246 481 1361 537 Deo
1385 480 1633 535 offerens
1653 478 2074 534 adorationem.
2109 479 2163 544 Α
2194 477 2537 548 modi,ﬁunt
2558 478 2905 550 posthoram
2931 497 3166 536 nonam.
3208 481 3411 537 Totam
3436 480 3590 536 enim
3610 485 3841 537 noctem

430 575 556 629 Jam
591 588 720 628 vero
752 572 921 627 multi
977 588 1207 644 quoque
1240 587 1308 625 cx
1348 568 1684 625 astantibus
1735 571 2085 623 enumerant

427 663 533 717 has
562 662 1157 718 adorationes.Semel
1178 667 1369 716 autem
1392 660 1630 730 quidam
1657 659 1810 713 exiis
1838 660 1937 729 qui
1964 674 2087 713 me-

427 770 560 808 cum
592 758 776 819 erant,
814 771 947 809 cum
982 756 1391 807 enumerasset
1431 750 1591 804 mille
1622 755 1677 804 et
1721 750 2004 805 ducentas
2034 752 2089 804 et

429 843 819 913 quadraginta
849 846 1124 913 quatuor,
1160 840 1369 894 deinde
1406 838 1606 910 lapsus
1657 844 1813 893 esset
1862 838 2088 893 destitit

429 948 761 987 numerare.
797 934 1041 1002 Semper
1078 935 1275 985 autem
1309 946 1369 984 se
1403 928 1717 993 inclinans,
1740 944 1915 998 prope
1946 927 2092 998 digi-

428 1022 1021 1091 tospedumfrontem
1056 1019 1497 1074 admovet.Nam
1532 1034 1663 1072 cum
1693 1022 1889 1071 venter
1911 1018 2093 1071 semel

436 1110 495 1164 in
527 1110 898 1167 hebdomade
921 1110 1267 1165 alimentum
1293 1107 1563 1178 accipiat,
1588 1107 1765 1177 idque
1792 1107 2089 1177 exiguum,

432 1203 720 1269 quantum
736 1204 823 1254 est
838 1200 1172 1254 divinorum
1187 1201 1682 1253 sacramentorum
1703 1194 2091 1266 participatio,

432 1289 603 1343 dorso
636 1290 900 1344 concedit
935 1292 998 1342 ut
1033 1286 1199 1342 facile
1232 1286 1588 1340 iutiectatur.
1614 1285 1793 1338 Aiunt
1824 1289 2017 1338 autem
2043 1284 2093 1336 ei

431 1392 501 1431 ex
529 1378 780 1433 statione
812 1379 869 1432 in
904 1378 1083 1433 altero
1124 1377 1266 1447 pede
1300 1379 1537 1429 enatum
1589 1389 1718 1428 esse
1770 1372 1939 1427 ulcus
1972 1372 2092 1427 chi-

434 1467 762 1535 ronium,et
794 1466 956 1521 illinc
977 1466 1219 1520 assidue
1244 1464 1560 1535 plurimam
1586 1463 1818 1517 excerni
1843 1461 2091 1517 saniem.

433 1558 541 1611 Sed
572 1556 717 1610 nihil
750 1556 905 1626 quod
962 1555 1012 1609 ei
1049 1554 1280 1623 accidit,
1315 1553 1580 1623 reprimit
1626 1551 2096 1623 philosophiam;

438 1645 539 1700 sed
574 1646 686 1700 fert
722 1644 855 1699 forti
887 1649 942 1699 et
974 1660 1256 1715 generoso
1291 1642 1489 1696 animo
1518 1640 1876 1711 voluntaria,
1911 1645 1967 1695 et
1999 1639 2098 1693 in-

438 1734 791 1801 voluntaria,
814 1734 1117 1790 alacritate
1155 1733 1414 1788 animiet
1434 1732 1555 1786 haec
1585 1735 1641 1787 et
1670 1730 1772 1786 illa
1791 1746 2101 1803 superans.

2190 572 2246 621 et
2277 568 2427 621 diem
2454 584 2639 639 usque
2663 570 2733 624 ad
2762 586 2977 625 nonam
3003 575 3129 625 orat
3153 575 3450 641 perpetuo.
3468 570 3603 625 Post
3622 588 3841 626 nonam

2193 662 2413 721 autem,
2434 657 2690 728 primum
2714 659 2949 729 quidem
2983 659 3239 714 divinam
3266 660 3589 714 doctrinam
3610 660 3848 714 exhibet
3926 667 3928 669 ’

2196 747 3046 817 prmsentibus;deinde,audita
3062 748 3530 820 uniuscujusque
3546 748 3847 821 pelitione,

2196 852 2325 889 cum
2345 835 2571 906 aliquas
2590 836 2787 892 fecerit
2809 837 3162 902 curationes,
3178 837 3473 909 componit
3492 837 3622 893 lites
3642 854 3845 893 eorum

2195 924 2348 979 inter
2368 942 2513 996 quos
2537 930 3049 982 estcontroversxa.
3068 927 3233 982 Circa
3246 944 3519 983 occasum
3534 933 3729 982 autem
3747 944 3849 983 so-

2201 1013 2271 1068 lis
2302 1014 2572 1086 deinceps
2602 1015 2807 1087 incipit
2837 1017 3143 1071 convenire
3163 1017 3619 1072 Dominum.Sed
3642 1034 3853 1087 quam-

2201 1104 2286 1158 vis
2318 1105 2375 1158 in
2409 1106 2498 1160 his
2525 1110 2806 1172 versetur,
2843 1112 2900 1161 et
2939 1106 3057 1161 haec
3090 1107 3288 1162 omnia
3320 1108 3512 1177 faciat,
3546 1124 3652 1162 nec
3678 1123 3853 1162 sanc-

2202 1198 2392 1248 tarum
2419 1195 2797 1250 ecclesiarum
2826 1214 3027 1251 curam
3060 1198 3260 1267 abjicit
3309 1203 3364 1253 et
3395 1197 3850 1269 providentiam,

2204 1283 2518 1354 aliquando
2547 1285 2781 1355 quidem
2811 1302 3079 1358 pugnans
3094 1304 3226 1342 cum
3250 1287 3547 1358 impietate
3562 1287 3853 1358 gentium,

2206 1372 2519 1443 aliquando
2535 1381 2725 1430 autem
2748 1375 3018 1446 frangens
3035 1376 3375 1432 Judeeorum
3391 1376 3698 1432 audaciam
3715 1376 3855 1447 (77),

2208 1460 2525 1533 aliquando
2557 1464 2794 1536 quidem
2826 1465 3078 1520 fundens
3093 1482 3158 1520 ac
3172 1466 3489 1538 proﬂigans
3507 1471 3734 1521 turmas
3752 1465 3859 1521 ha-

2209 1551 2608 1618 reticorum,et
2625 1552 2942 1623 aliquando
2966 1558 3159 1609 autem
3197 1554 3371 1609 dehis
3386 1554 3649 1609 scribens
3665 1555 3733 1608 ad
3750 1554 3865 1607 im-

2210 1642 2885 1713 peratorem,aliquando
2899 1647 3092 1698 autem
3110 1642 3386 1714 prmaides
3405 1660 3469 1699 ac
3483 1644 3867 1715 magistratus

2212 1729 2283 1785 ad
2317 1730 2580 1785 divinum
2610 1731 2799 1787 zelum
2834 1732 3440 1804 excitans,aliquando
3473 1738 3668 1789 autem
3716 1733 3869 1804 ipsis

514 1843 632 1898 Hoc
662 1846 856 1898 autem
900 1841 1070 1896 ulcus
1108 1845 1343 1896 coactus
1391 1855 1623 1910 quoque
1650 1843 1737 1895 est
1789 1838 2066 1909 aliquand
2142 1857 2188 1920 Β
2219 1836 2453 1891 quoque
2506 1820 2916 1920 θδεῙθείδΓυξΠ.
2949 1822 3283 1893 Ρειείοτίδυε
3337 1823 3620 1892 majorem
3667 1822 3870 1895 gregis

443 1932 619 1988 alicui
651 1932 957 1987 ostendere
988 1932 1122 2001 (75).
1160 1930 1360 1984 Dicam
1394 1934 1593 1983 autem
1638 1945 1898 1983 causam.
1931 1928 2110 1981 Venit

445 2024 516 2078 ab
548 2022 811 2077 Arabena
851 2020 1093 2092 quidam
1129 2019 1214 2073 vir
1247 2020 1455 2074 bonus.
1480 2018 1876 2073 ethonoratus
1896 2018 2110 2073 Christi

449 2111 781 2167 ninisterio.
812 2112 866 2165 Is
898 2126 1030 2164 cum
1067 2110 1137 2163 ad
1171 2108 1316 2163 illud
1350 2108 1719 2179 pervenisset
1776 2123 2058 2162 cacumen
2096 2123 2107 2159 :

450 2199 555 2256 Dic
590 2199 757 2269 mihi,
788 2199 1004 2270 inquit,
1040 2214 1141 2268 per
1172 2199 1366 2265 ipsam
1402 2197 1728 2263 veritatem,
1764 2212 1892 2266 quae
1927 2196 2114 2250 homi-

462 2306 602 2344 num
635 2305 822 2361 genus
854 2289 925 2341 ad
960 2304 1020 2342 se
1052 2286 1361 2351 convertit,
1397 2301 1534 2340 esnc
1568 2287 1763 2353 homo,
1795 2303 1867 2339 an
1909 2289 2119 2339 natura

459 2378 841 2448 incorporea?
871 2377 1014 2430 Cum
1054 2381 1248 2430 autem
1283 2375 1382 2445 qui
1418 2376 1659 2431 aderant
1709 2392 1857 2446 (egre
1905 2374 2121 2429 ferrent

467 2467 1010 2537 interrogationem,
1044 2480 1247 2518 omnes
1281 2463 1517 2534 quidem
1563 2462 1748 2534 jussit
1788 2466 2013 2529 tacere;
2046 2463 2120 2517 ad

470 2557 636 2612 illum
671 2561 865 2611 autem
899 2554 1345 2609 dixit:Curhanc
1378 2554 1520 2607 mihi
1553 2554 1912 2625 proposuisti
1942 2553 2121 2608 inter-

471 2646 829 2717 rogationem
852 2644 878 2699 ?
900 2648 1041 2698 Cum
1070 2648 1265 2698 autem
1300 2644 1581 2698 dixisset:
1608 2644 1891 2709 Quoniam
1919 2659 2122 2697 omnes

466 2736 638 2807 vulgo
663 2737 889 2806 jactare
915 2732 1108 2803 audio,
1133 2737 1188 2787 te
1211 2749 1403 2803 neque
1426 2734 1753 2800 comedere,
1775 2749 1879 2788 nec
1903 2731 2120 2787 dormi-

466 2842 555 2891 re;
582 2830 895 2894 utrumque
917 2827 1116 2877 autem
1149 2826 1238 2877 est
1264 2822 1569 2877 hominum
1604 2823 2116 2894 proprium,nemo

461 2916 616 2972 enim
651 2914 752 2984 qui
784 2913 893 2967 hac
924 2912 1001 2966 sit
1039 2916 1252 2967 natura
1307 2912 1586 2983 prazditus
1636 2912 1852 2967 vixerit
1902 2912 2127 2981 absque

459 3005 741 3059 alimento
774 3006 831 3056 et
863 3018 1095 3056 somno.
1132 3000 1232 3055 Ille
1265 3006 1463 3055 autem
1489 3000 1672 3071 jussit
1722 3002 1959 3072 quidem
1991 3017 2120 3056 scas

463 3095 550 3149 las
582 3091 880 3148 admoveri
913 3090 1220 3160 columnas,
1244 3090 1411 3144 illum
1444 3095 1640 3145 autem
1675 3092 1991 3146 ascendere
2019 3106 2030 3143 :
2064 3092 2120 3144 et

462 3182 721 3253 primum
741 3180 980 3251 quidem
1001 3196 1210 3234 manus
1241 3180 1740 3250 aspicere,deinde
1762 3180 1915 3234 intra
1947 3178 2113 3250 pelli-

463 3287 631 3327 ceum
664 3270 833 3325 illum
865 3269 1145 3324 amictum
1171 3285 1413 3323 manum
1438 3271 1759 3335 mittere,et
1779 3268 1974 3322 videre
1998 3283 2112 3322 non

462 3361 655 3416 solum
689 3360 885 3431 pedes,
928 3359 1028 3413 sed
1056 3358 1232 3413 etiam
1266 3358 1435 3412 ulcus
1486 3357 1632 3411 illud
1677 3357 2116 3429 gravissimum.

463 3454 605 3506 Cum
636 3455 831 3505 autem
864 3449 1038 3503 homo
1072 3447 1333 3514 vidisset,
1360 3451 1415 3501 et
1441 3448 1768 3502 admiratus
1791 3453 1945 3502 esset
1971 3447 2120 3503 ulce-

464 3541 545 3595 ris
576 3538 1068 3608 magnitudinem,
1106 3541 1162 3589 et
1192 3551 1261 3589 ex
1284 3551 1349 3589 eo
1374 3536 1675 3590 didicisset
1702 3538 1994 3606 quomodo
2019 3554 2115 3591 su-

460 3634 585 3684 mat
616 3626 1072 3693 nutrimentum,
1107 3624 1270 3678 illinc
1303 3625 1539 3695 quidem
1573 3624 1988 3695 descendit,ad
2024 3642 2117 3680 me

460 3722 655 3772 autem
687 3715 927 3771 veniens
961 3713 1222 3768 narravit
1253 3714 1478 3767 omnia.

528 3825 596 3877 In
614 3822 776 3877 festis
800 3825 992 3875 autem
1019 3819 1272 3891 publicis
1296 3819 1472 3874 aliam
1498 3836 1731 3891 quoque
1754 3820 2014 3875 ostendit
2037 3824 2119 3875 to-

464 3911 799 3967 lerantiam.
834 3910 980 3963 Nam
1010 3915 1142 3979 post
1174 3924 1446 3964 occasum
1482 3909 1641 3976 solis,
1677 3910 1859 3964 donec
1904 3910 1953 3964 is
1986 3927 2116 3963 rur-

463 4018 564 4056 sus
597 3999 820 4056 venerit
850 3998 920 4052 ad
954 3998 1313 4053 horizontem
1364 3998 1805 4065 occidentalem,
1841 3998 2115 4053 manibus

462 4091 521 4145 in
558 4090 765 4145 coelum
799 4087 1054 4143 extensis
1083 4092 1201 4142 stat
1242 4092 1362 4142 tota
1395 4092 1563 4143 nocte
1596 4090 1727 4155 (76),
1759 4104 1864 4144 nec
1896 4106 1927 4143 a
1958 4105 2115 4142 som-

463 4197 534 4235 no
567 4179 869 4242 delinitus,
906 4193 1009 4231 nec
1044 4194 1074 4231 a
1110 4178 1300 4231 labere
1330 4186 1662 4247 superatus.
1699 4178 1758 4232 In
1792 4178 1973 4233 tantis
2005 4195 2111 4232 au-

452 4276 568 4325 tem
602 4268 1224 4335 laboribus,tantaque
1261 4283 1456 4320 rerum
1491 4272 1788 4338 gestarum
1815 4268 2108 4339 magnitu-

448 4360 585 4414 dine
616 4363 671 4413 et
703 4355 1126 4412 miraculorum
1164 4355 1562 4422 multitudine,
1598 4361 1653 4410 et
1687 4361 1851 4411 tanta
1876 4373 2105 4411 morum

448 4448 736 4503 modestia
761 4464 826 4502 ac
860 4445 1258 4500 moderatione
1291 4446 1594 4515 praeditus,
1626 4464 1691 4501 ac
1724 4446 1773 4500 si
1808 4446 1882 4502 sit
1915 4446 2102 4517 digni—

442 4544 559 4593 tate
593 4543 923 4608 postremus
956 4535 1227 4589 omnium
1263 4534 1591 4589 hominum.
1630 4537 1836 4591 l’razter
1872 4539 2101 4591 modes-

458 4628 602 4681 tiam
634 4632 827 4680 autcm
861 4629 915 4679 et
947 4622 1134 4678 facilis
1170 4625 1241 4677 ad
1273 4639 1407 4677 eum
1459 4629 1615 4694 patet
1669 4626 1885 4693 aditus,
1920 4630 1976 4680 et
2023 4642 2107 4697 est

442 4715 695 4770 alfabilis
714 4719 768 4768 et
793 4712 991 4768 suavis
1012 4731 1024 4779 ;
1044 4716 1099 4766 et
1124 4714 1431 4782 respondet
1455 4714 1766 4784 unicuique
1780 4731 1981 4770 eorum
2004 4716 2105 4787 qui

433 4805 779 4875 loquuntur,
813 4806 932 4857 sive
964 4801 1040 4856 sit
1075 4801 1289 4873 opifex,
1319 4803 1437 4858 sive
1464 4804 1788 4871 mendicus,
1824 4804 1938 4859 rive
1974 4822 2103 4860 rus-

436 4896 611 4950 ticus.
644 4896 690 4948 A
725 4892 1003 4947 munifico
1039 4894 1239 4945 autem
1272 4897 1325 4945 et
1358 4891 1583 4946 liberali
1610 4895 1854 4949 Domino
1887 4893 2108 4964 accepit

441 4980 1168 5039 etiamdonumdoctrinaez
1191 4985 1245 5036 et
1262 4980 1351 5035 bis
1377 4981 1641 5051 quotidie
1669 4982 1885 5037 faciens
1911 4984 2108 5038 admo-

440 5074 708 5139 nitiones,
734 5071 939 5142 irrigat
988 5087 1159 5124 aures
1203 5086 1406 5125 eorum
1430 5072 1819 5141 quiaudiunt,
1856 5072 2098 5143 pulchre

448 5163 767 5217 admodum
800 5160 1076 5229 loquens,
1109 5159 1365 5213 etdivini
1399 5160 1644 5230 spiritus
1678 5162 1957 5216 exhibens
1982 5162 2105 5217 dis-

446 5248 1058 5321 ciplinam;etjubens
1081 5246 1138 5300 in
1164 5246 1373 5302 coelum
1400 5248 1699 5319 suspicere
1715 5250 2107 5318 etevolare,et

443 5357 476 5393 a
494 5344 646 5393 terra
664 5338 1045 5403 discedere,et
1060 5352 1303 5407 regnum
1322 5339 1472 5407 quod
1498 5324 1869 5409 exspectatur
1883 5340 2105 5397 visione

443 5428 903 5500 apprehendere,
924 5432 978 5481 et
1008 5424 1289 5496 gehennae
1324 5433 1514 5482 minas
1538 5428 1767 5495 timere,
1788 5433 1844 5483 et
1874 5433 2105 5486 terrena

457 5524 851 5582 contemnere,
872 5521 927 5570 et
960 5517 1157 5569 futura
1178 5523 1532 5587 exspectare.
1560 5517 1714 5573 Licet
1745 5522 1937 5574 autem
1969 5535 2103 5575 eum

437 5623 681 5678 quoque
709 5604 1303 5674 viderejudicantem,
1329 5612 1387 5661 et
1408 5611 1596 5661 rectas
1618 5608 1885 5676 etjustas
1913 5608 2101 5665 feren-

434 5702 553 5754 tem
596 5696 941 5754 sententias.
978 5696 1106 5751 Haec
1137 5697 1333 5751 autem
1366 5701 1425 5754 et
1456 5713 1584 5768 qua
1616 5699 1756 5754 sunt
1792 5696 2101 5769 hujusmo-

2222 1925 2421 1964 curam
2455 1926 2653 1980 gerere
2684 1910 3047 1982 praecipiens.

2291 2003 2418 2052 Haec
2450 2002 2644 2053 autem
2686 2016 2818 2054 sum
2879 2003 3243 2069 persecutus,
3279 2017 3346 2055 ex
3404 2005 3571 2071 gutta
3620 2004 3875 2056 conatus

2219 2090 2527 2144 ostendere
2559 2089 2810 2161 pluviam
2847 2089 2977 2159 (78),
3001 2089 3150 2146 etiis
3183 2090 3282 2162 qui
3315 2091 3435 2146 haec
3461 2090 3678 2163 scripta
3709 2090 3878 2163 lege-

2223 2179 2362 2245 rint,
2395 2182 2677 2248 tanquam
2712 2178 2901 2233 indice
2960 2180 3311 2251 gustandam
3366 2181 3620 2251 praebere
3669 2179 3871 2236 mellis

2225 2266 2615 2322 dulcedinem.
2643 2272 2775 2335 Quae
2797 2273 2993 2323 autem
3017 2268 3401 2325 decantantur
3426 2286 3489 2325 ac
3513 2270 3897 2325 celebrantur

2224 2356 2668 2419 abomnibus,ea
2684 2358 2901 2412 suntiis
2930 2357 3101 2429 longe
3116 2357 3424 2430 plura.Sed
3458 2376 3572 2415 non
3596 2375 3727 2414 sum
3758 2375 3895 2414 om-

2229 2447 2321 2502 nia
2353 2446 2608 2503 scribere
2632 2448 2950 2519 pollicitus,
2978 2450 3076 2505 sed
3101 2450 3304 2521 paucis
3329 2451 3456 2521 ejus
3474 2450 3601 2505 vita:
3624 2449 3895 2505 instituti

2227 2538 2549 2596 ostendere
2582 2538 2828 2593 formam
2863 2542 2918 2592 et
2947 2538 3365 2596 characterem.
3391 2540 3771 2595 Conscribent
3792 2556 3903 2594 au-

2239 2619 2379 2694 tem,
2413 2630 2474 2680 ut
2504 2630 2593 2681 est
2624 2632 3106 2694 consentaneum,
3139 2628 3239 2683 alii
3290 2646 3521 2701 quoque
3581 2628 3672 2684 his
3716 2628 3900 2699 longe

2238 2714 2429 2786 plura.

2303 2804 2450 2859 Cum
2485 2809 2617 2876 post
2648 2804 2771 2860 haec
2800 2810 2995 2861 autem
3031 2806 3129 2861 diu
3162 2806 3400 2863 vixisset
3430 2807 3564 2879 (79),
3596 2812 3655 2861 et
3686 2805 3900 2864 multis

2230 2893 2532 2949 miraculis
2562 2899 2618 2950 et
2644 2893 2967 2961 laboribus,
3000 2897 3322 2967 ardoreque
3353 2896 3492 2952 solis
3523 2901 3582 2952 et
3628 2896 3889 2957 hiberna

2227 2981 2432 3053 glacie,
2452 2986 2507 3036 et
2531 2983 2975 3039 vehementibus
2998 2988 3303 3040 ventorum
3327 2984 3671 3055 iusultibus,
3690 2991 3747 3040 et
3770 2985 3893 3039 hu-

2229 3086 2413 3124 mana:
2445 3074 2667 3125 naturae
2706 3071 3127 3141 imbecillitate,
3156 3074 3318 3127 solus
3360 3088 3426 3127 ex
3458 3073 3730 3129 omnibus
3778 3075 3888 3144 qui

2232 3174 2488 3229 unquam
2524 3159 2760 3214 fuerunt
2800 3161 3118 3216 mansisset
3174 3154 3670 3234 inexpugnabilis,
3709 3168 3890 3234 post-

2232 3264 2409 3318 quam
2442 3265 2575 3304 eum
2609 3249 2883 3321 deinceps
2914 3252 3170 3322 oportuit
3214 3268 3342 3307 esse
3373 3268 3505 3307 cum
3538 3252 3789 3317 Christo,
3823 3257 3889 3308 et

2227 3337 2652 3393 immensorum
2688 3338 3073 3394 certaminum
3107 3356 3351 3396 coronas
3401 3341 3683 3412 accipere,
3718 3342 3885 3411 quod

2226 3430 2399 3484 homo
2430 3431 2670 3501 quidem
2704 3436 2878 3500 esset,
2914 3437 3099 3487 morte
3128 3432 3498 3489 conﬁrmavit
3520 3434 3591 3489 iis
3622 3434 3725 3504 qui
3760 3450 3884 3489 non

2226 3519 2570 3575 credebant:
2607 3521 2826 3577 mansit
2850 3525 3047 3576 autem
3090 3522 3267 3577 etiam
3300 3527 3430 3594 post
3463 3528 3711 3578 mortem
3763 3522 3886 3579 im-

2228 3608 2503 3677 mobilis;
2535 3613 2592 3663 et
2623 3608 2679 3662 in
2739 3610 2947 3665 coelum
2981 3611 3217 3681 quidem
3268 3612 3467 3666 anima
3511 3618 3885 3683 pervenerat,

2225 3715 2436 3769 corpus
2469 3703 2661 3754 autem
2695 3717 2766 3755 ne
2824 3700 2905 3755 sic
2936 3702 3171 3773 quidem
3205 3702 3408 3758 cadere
3431 3702 3752 3772 sustinuit;
3776 3705 3883 3760 sed

2224 3788 2379 3844 854
2411 3792 2632 3844 rectum
2666 3789 2831 3844 stetit
2857 3789 2914 3844 in
2966 3791 3090 3845 loco
3142 3791 3554 3859 certaminum,
3586 3797 3880 3864 tanquam

2224 3877 2475 3932 invictus
2507 3878 2742 3944 athleta,
2778 3878 2939 3934 nulla
2997 3882 3160 3951 parte
3215 3881 3615 3937 membrorum
3673 3882 3884 3940 volens

2223 3970 2437 4021 terram
2468 3971 2727 4039 tangere.
2762 3968 2856 4023 Sic
2888 3969 3105 4025 Christi
3164 3969 3401 4025 athletis
3459 3975 3658 4027 manet
3696 3974 3883 4029 etiam

2221 4065 2355 4127 post
2384 4062 2631 4113 mortem
2666 4075 2799 4113 cum
2833 4059 2917 4113 eis
2949 4058 3127 4114 simul
3156 4076 3397 4115 versans
3426 4060 3691 4116 victoria.

2288 4146 2599 4203 Variorum
2612 4154 2763 4204 certe
2780 4149 3117 4203 morborum
3134 4150 3551 4219 curationes,et
3566 4151 3885 4224 miracula,

2218 4241 2274 4290 et
2305 4236 2637 4292 divinarum
2658 4236 2841 4292 virtus
2865 4238 3294 4309 operationum,
3312 4239 3468 4294 sicut
3489 4241 3726 4310 quando
3751 4247 3887 4298 erat.

2215 4332 2536 4395 superstes,
2552 4326 2634 4381 ita
2652 4343 2807 4381 nunc
2828 4344 3061 4398 quoque
3080 4328 3377 4397 ﬁunl,non
3395 4327 3587 4383 solum
3613 4332 3771 4401 apud
3793 4330 3887 4387 lo-

2213 4414 2372 4469 culos
2395 4419 2729 4470 sanctarum
2755 4415 3289 4487 reliquuarum,sed
3328 4418 3502 4473 etiam
3526 4420 3680 4489 apud
3706 4436 3883 4476 sum-

2213 4520 2316 4557 mae
2350 4505 2477 4574 ejus
2523 4505 2761 4561 virtutis
2794 4510 2850 4559 et
2899 4505 3188 4560 diuturnae
3238 4507 3649 4562 decertationis
3682 4510 3889 4565 moni-

2140 4593 2186 4656 D
2221 4594 3105 4665 mentum;magnam,inquam,
3132 4593 3292 4650 illam
3317 4600 3374 4651 et
3391 4596 3742 4653 celebratam
3779 4616 3885 4654 co-

2217 4682 2482 4739 lumnam
2498 4683 2834 4753 hujusjusti
2849 4683 3193 4740 etlaudibus
3208 4683 3537 4741 celebrandi
3554 4686 3883 4744 Simeonis.

2287 4773 2464 4843 Cujus
2495 4773 2714 4828 sanctis
2738 4772 3259 4828 intercessionibus
3282 4775 3452 4845 cupio
3478 4779 3540 4829 ut
3570 4790 3677 4846 ego
3701 4778 3885 4848 adju-

2217 4865 2312 4915 tus
2346 4861 2399 4915 in
2439 4861 2529 4915 his
2561 4862 2779 4916 sanctis
2811 4878 3171 4934 perseverem
3204 4861 3530 4919 laboribus:
3565 4864 3885 4938 Deumque

2218 4965 2420 5020 precor
2451 4950 2549 5021 qui
2583 4955 2671 5005 est
2702 4951 3034 5006 communis
3065 4954 3330 5022 ornatus,
3366 4958 3424 5008 et
3452 4957 3541 5009 est
3588 4954 3886 5025 splendor

2217 5040 2450 5109 pietatis
2478 5044 2532 5094 et
2562 5055 2705 5095 vera:
2738 5038 3062 5111 religionis,
3096 5045 3158 5094 ut
3185 5046 3241 5096 et
3286 5058 3417 5097 mea
3461 5044 3580 5098 vita
3610 5045 3881 5117 corriga-

2216 5133 2333 5195 tur,
2367 5132 2421 5183 et
2452 5129 2522 5184 ad
2558 5129 2949 5200 evangelicum
2978 5130 3111 5185 vitae
3138 5130 3388 5187 formam
3424 5131 3737 5205 dirigatur.

2801 5300 3032 5355 CAPUT
3063 5300 3282 5357 XXVII.

2781 5424 3115 5464 BARADATUS
3145 5409 3199 5480 (8
3211 5410 3287 5479 Ο).

2285 5522 2353 5576 Et
2372 5522 2699 5579 communis
2728 5522 2969 5579 hominu
2984 5543 3037 5580 m
3054 5524 3241 5580 hostis
3264 5524 3487 5581 invenit
3506 5525 3725 5583 multas
3740 5528 3887 5586 vias

2214 5610 2359 5681 vitii,
2376 5612 2714 5667 universam
2740 5612 3062 5669 humanam
3079 5619 3349 5669 naturam
3366 5616 3615 5672 studens
3628 5617 3885 5687 penitus

2214 5701 2455 5772 perdere
2480 5718 2495 5774 ;
2519 5706 2575 5758 et
2594 5702 2828 5773 pietatis
2850 5718 3124 5774 veraeque:
3147 5703 3449 5776 religionis
3471 5705 3695 5764 alumni
3712 5705 3889 5764 mul-
