4122 6188
282 347 365 404 H3
1377 346 1848 413 PHILOTHEUS,
1892 359 2020 400 srva
2056 346 2534 401 THEOPHILES.

848 467 1085 523 CAPUT
1115 467 1283 524 XXX.

860 583 1125 621 DOMNINA
1156 567 1291 637 (84).

335 683 503 738 Divini
537 682 815 747 Maronis,
850 682 1019 751 cujus
1053 683 1219 753 prius
1266 682 1663 748 meminimus,
1717 682 1895 736 vitam

277 773 523 828 aemulata
542 772 1300 838 Domninaadmirabilis,in
1319 772 1487 826 horto
1512 776 1784 826 maternas
1801 771 1897 824 do-

273 879 386 917 mus
416 878 648 932 parvum
680 861 970 930 quoddam
1000 861 1124 915 ﬁxit
1145 861 1471 931 tugurium.
1497 861 1557 914 Ei
1583 868 1775 914 autem
1802 865 1894 914 tu-

265 952 471 1023 gurium
494 950 671 1004 efﬁcit
693 950 884 1020 panici
909 950 1152 1021 stipula.
1176 949 1485 1004 Continuis
1500 954 1694 1003 autem
1715 947 1891 1020 lacry-

266 1042 363 1096 mis
385 1057 489 1094 non
510 1039 703 1094 solum
730 1038 882 1110 rigat
907 1055 1109 1110 genas,
1134 1040 1232 1094 sed
1257 1038 1433 1093 etiam
1459 1038 1807 1092 vestimenta
1822 1054 1891 1092 ex

266 1130 417 1201 pilis:
452 1127 670 1182 talibus
701 1129 859 1182 enim
896 1128 1262 1183 indumentis
1294 1128 1437 1199 tegit
1463 1143 1695 1197 corpus.
1729 1127 1891 1182 Circa

262 1219 523 1290 gallorum
545 1224 738 1272 autem
764 1220 1004 1271 cantum
1025 1217 1093 1271 ad
1115 1216 1379 1271 divinum
1404 1216 1712 1287 templum,
1730 1218 1884 1287 quod

260 1324 353 1362 non
377 1314 459 1361 est
481 1306 705 1377 procul,
732 1307 948 1361 vadens
970 1322 1102 1360 cum
1124 1306 1254 1361 aliis
1294 1311 1349 1359 et
1373 1305 1608 1360 feminis
1644 1313 1698 1359 et
1723 1305 1881 1372 viris,

258 1396 639 1451 universorum
668 1395 915 1450 Domino
940 1395 1105 1449 offert
1132 1394 1355 1449 laudes.
1384 1396 1495 1449 lloc
1519 1402 1713 1449 autem
1748 1394 1885 1448 facit

256 1502 351 1539 non
370 1484 558 1539 solum
585 1484 675 1539 die
700 1484 1036 1555 incipiente,
1059 1485 1157 1538 sed
1178 1484 1351 1538 etiam
1368 1483 1674 1538 desinente
1698 1503 1711 1551 ;
1735 1500 1878 1553 quo-

253 1573 327 1629 vis
354 1573 456 1628 alio
486 1573 615 1628 loco
646 1572 837 1628 locum
860 1573 975 1627 Deo
999 1577 1404 1628 consecratum
1430 1574 1616 1643 magis
1638 1588 1767 1627 esse
1783 1588 1877 1625 ve-

252 1663 555 1717 nerandum
588 1678 856 1723 censens,
880 1668 937 1715 et
967 1663 1182 1716 docens
1216 1660 1382 1716 alios.
1418 1662 1497 1715 Ea
1527 1662 1596 1714 de
1627 1677 1805 1714 causa
1823 1664 1879 1715 et

252 1752 361 1821 ejus
390 1768 664 1822 magnam
700 1768 899 1806 curam
946 1752 1153 1822 gessit,
1208 1750 1379 1805 matri
1428 1750 1788 1820 persuadens
1820 1752 1877 1803 et

248 1840 497 1895 fratribus
533 1845 600 1894 ut
634 1839 943 1895 facultates
976 1856 1115 1893 suas
1149 1841 1204 1892 in
1242 1839 1298 1893 id
1333 1846 1763 1893 consumerent.

309 1930 470 1984 Habet
491 1935 693 1984 autem
716 1931 1143 1984 nutrimentum
1173 1928 1390 1983 lentem
1427 1944 1582 1998 aqua
1613 1927 1869 1981 madefa-

247 2024 399 2073 ctam.
430 2020 680 2073 Omnem
716 2024 910 2073 autem
946 2018 1102 2073 hunc
1136 2018 1393 2072 laborem
1429 2016 1701 2083 sustinet,
1736 2032 1868 2069 cum

249 2109 312 2161 sit
338 2108 496 2179 plane
548 2108 841 2163 exsiccato
886 2124 1127 2178 corpore
1167 2111 1223 2161 et
1256 2107 1659 2161 semimortuo.
1698 2104 1870 2159 Pellis

244 2198 375 2251 enim
401 2197 823 2263 subtilissima,
846 2203 900 2252 et
918 2214 1045 2268 quae
1070 2201 1160 2252 est
1181 2197 1366 2252 instar
1384 2196 1760 2259 membranae,
1784 2199 1873 2249 est

244 2286 452 2340 ossibus
484 2287 772 2341 tenuibus
806 2286 1205 2355 circumjecta,
1257 2286 1427 2356 adipe
1458 2291 1511 2339 et
1534 2302 1707 2339 carne
1731 2302 1871 2338 con-

242 2381 452 2445 sumpta
470 2375 843 2430 alaboribus.
867 2375 1429 2444 Proponiturautem
1450 2374 1724 2428 omnibus
1739 2389 1866 2427 eam

247 2464 415 2518 videre
434 2464 793 2529 volentibus,
821 2470 875 2517 et
894 2464 1035 2517 viris
1058 2468 1113 2517 et
1137 2463 1506 2527 mulieribus,
1534 2480 1716 2533 neque
1740 2463 1865 2515 vul-

250 2559 354 2608 tum
384 2554 897 2625 aspiciens,neque
921 2552 1017 2607 alii
1044 2552 1269 2607 vultum
1291 2553 1675 2623 spectandum
1714 2552 1866 2605 exhi-

238 2643 359 2697 bens
386 2645 513 2713 (85),
548 2646 649 2697 sed
684 2643 903 2697 amictu
939 2643 1173 2713 quidem
1212 2642 1444 2714 penitus
1479 2646 1766 2705 contecta,
1794 2642 1862 2693 ad

234 2748 402 2801 genua
426 2738 630 2788 autem
653 2732 1184 2802 usqueincurvata,
1219 2731 1382 2786 valde
1422 2731 1623 2798 gracili
1668 2736 1861 2783 autem

237 2837 358 2874 voce
384 2828 436 2875 et
466 2838 589 2876 non
623 2821 766 2875 satis
797 2836 1068 2891 expressa
1100 2820 1371 2891 loquens,
1406 2826 1606 2873 eteam
1635 2835 1864 2889 quoque

238 2925 444 2981 semper
491 2926 632 2965 cum
671 2910 939 2980 lacrymis
974 2910 1291 2980 proferens.
1345 2910 1507 2979 Saepe
1538 2907 1692 2962 enim
1729 2924 1859 2961 cum

239 3014 399 3053 meam
432 3002 736 3054 dexteram
772 2999 1145 3067 sumpsisset,
1178 3003 1236 3053 et
1257 2996 1442 3053 oculis
1468 2996 1860 3067 imposuisset,

233 3102 338 3142 eam
370 3088 595 3143 dimisit
627 3088 769 3142 adeo
826 3088 1239 3154 madefactam,
1286 3092 1351 3141 ut
1381 3103 1448 3141 ex
1497 3086 1626 3157 ipsa
1682 3102 1858 3141 manu

238 3177 573 3233 distillarent
604 3176 894 3245 lacrymae.

292 3266 414 3321 Eam
449 3283 618 3338 ergo,
653 3267 822 3335 cujus
853 3270 991 3321 sunt
1033 3270 1209 3319 tanta:
1263 3281 1403 3336 opes
1455 3264 1861 3337 philosophiae,

231 3355 460 3422 ﬂentem,
496 3356 953 3420 lamentantem,
988 3361 1045 3410 et
1076 3353 1560 3425 ingemiscentem
1591 3354 1865 3410 similiter

232 3448 379 3514 atque
401 3462 478 3500 ea:
504 3462 641 3516 qua:
666 3448 807 3499 sunt
827 3444 885 3498 in
910 3448 1170 3499 extrema
1197 3447 1562 3514 paupertate,
1596 3460 1863 3514 quaenam

233 3548 318 3602 pro
358 3534 645 3598 dignitate
700 3532 1023 3587 laudaverit
1072 3533 1304 3586 oratio?
1338 3531 1657 3586 Vehemens
1706 3533 1859 3587 enim

234 3636 372 3675 amor
403 3624 459 3676 in
492 3623 689 3677 Deum
722 3620 854 3677 illas
888 3620 1365 3692 paritlacrymas,
1390 3622 1459 3674 ad
1483 3621 1737 3675 divinam
1772 3622 1861 3675 in-

232 3710 508 3769 ﬂammans
542 3710 1127 3782 contemplationem,
1161 3715 1216 3764 et
1238 3727 1505 3780 pungens
1538 3710 1777 3777 aculeis,
1806 3717 1864 3767 et

235 3815 418 3870 urgens
453 3802 523 3856 ad
558 3816 698 3855 eum
733 3800 827 3870 qui
856 3803 945 3855 est
975 3798 1112 3852 hinc
1146 3800 1380 3853 futurus
1412 3816 1717 3854 excessum

290 3894 446 3947 Porro
481 3895 691 3946 autem
712 3889 1053 3961 quamvisin
1082 3888 1174 3943 his
1212 3889 1311 3942 diu
1353 3894 1646 3960 noctuque
1669 3906 1863 3945 verse-

230 3980 669 4048 tur,nealiorum
705 3978 943 4049 quidem
972 3994 1249 4050 generum
1273 3978 1509 4033 virtutis
1537 3995 1737 4033 curam
1760 3980 1858 4032 ali-

223 4067 351 4138 jicit,
376 4071 470 4124 sed
495 4084 610 4141 pro
628 4067 853 4122 viribus
872 4066 1109 4137 quidem
1134 4072 1297 4121 curat
1320 4068 1572 4137 optimos
1592 4068 1859 4133 athletas,

232 4172 451 4227 quorum
479 4158 1127 4228 meminimus,etquos
1150 4157 1657 4228 praetermisimus.
1685 4158 1862 4213 Curat

233 4250 399 4302 autem
426 4264 527 4304 eos
561 4262 802 4319 quoque
832 4244 930 4317 qui
983 4247 1050 4299 ad
1106 4246 1295 4318 ipsam
1339 4246 1616 4313 veniunt;
1646 4249 1860 4317 jubens

233 4335 356 4393 857
375 4338 621 4409 quidem
645 4335 911 4391 habitare
936 4336 1088 4407 apud
1111 4336 1219 4390 vici
1245 4340 1559 4406 pastorem,
1582 4336 1706 4408 ipsa
1729 4353 1860 4391 vero

230 4426 440 4481 mittens
475 4426 826 4497 omniaquae
846 4430 986 4479 sunt
1017 4425 1368 4480 necessaria.
1401 4426 1600 4480 Matris
1618 4426 1771 4481 enim
1807 4430 1864 4481 et

230 4514 449 4571 fratrum
477 4515 794 4572 facultates
816 4514 1345 4586 eisuntpropositae
1362 4516 1429 4569 ad
1456 4520 1756 4586 sumptum
1784 4517 1861 4569 t‘a-

230 4605 501 4669 ciendum,
532 4622 664 4677 qua:
700 4604 1014 4676 peripsum
1049 4603 1345 4675 accipiunt
1372 4604 1856 4660 benedictionem.

230 4692 537 4755 Quinetiam
592 4693 733 4749 mihi
768 4708 999 4764 quoque
1046 4692 1299 4747 venienti
1334 4694 1402 4747 ad
1440 4693 1597 4747 illam
1634 4699 1859 4764 partem

234 4783 328 4849 (est.
354 4790 544 4839 autem
573 4788 788 4838 nostra:
825 4782 1043 4853 regioni
1061 4783 1129 4836 ad
1148 4783 1453 4853 Austrum)
1486 4783 1665 4838 mittit
1689 4790 1743 4839 et
1766 4801 1857 4854 pa-

230 4888 366 4939 nem,
397 4881 450 4929 et
482 4874 737 4938 fructus,
774 4882 826 4926 et
856 4871 1067 4926 lentem
1103 4872 1512 4926 madefactam.

287 4964 383 5017 Sed
417 4978 733 5034 quousque
763 4960 986 5033 prolixa
1010 4965 1141 5015 utor
1160 4961 1441 5024 oratione,
1465 4963 1710 5016 studens
1733 4979 1858 5017 om—

229 5066 339 5105 nem
370 5053 499 5123 ejus
534 5067 775 5106 narrare
807 5049 1103 5115 virtutem,
1140 5066 1269 5104 cum
1316 5055 1579 5122 oporteat
1610 5050 1853 5106 aliorum

233 5154 443 5211 quoque
477 5141 741 5213 proferre
760 5140 961 5208 vitam,
988 5156 1111 5210 qua)
1136 5139 1373 5194 imitatae
1391 5145 1530 5195 sunt
1553 5144 1607 5194 et
1628 5140 1774 5194 hanc
1804 5150 1860 5195 et

229 5227 362 5298 illas,
393 5247 651 5303 quarum
686 5228 852 5300 prius
886 5228 1286 5283 meminimus.
1328 5229 1517 5284 Multa:
1549 5228 1703 5282 enim
1735 5229 1857 5283 alia:

230 5320 416 5387 partim
438 5320 681 5390 quidem
706 5318 883 5372 vitam
910 5316 1186 5389 amplexae
1209 5325 1343 5372 sunt
1367 5316 1855 5388 solitariam,par-

229 5406 318 5462 tim
348 5414 541 5463 autem
559 5408 749 5463 vivere
771 5411 1190 5461 amaruntcum
1208 5406 1497 5478 pluribus,
1514 5407 1653 5460 adeo
1671 5412 1729 5461 ut
1755 5408 1855 5461 du-

227 5501 385 5551 centa:
416 5503 469 5554 et
486 5496 946 5570 quinquaginta,
964 5501 1018 5551 et
1037 5495 1251 5566 plures,
1268 5500 1324 5551 et
1340 5496 1643 5567 pauriores
1677 5496 1855 5551 simul

225 5584 419 5657 vivant,
455 5604 574 5643 uno
609 5588 734 5643 cibo
774 5591 1095 5654 vescentes,
1143 5602 1319 5657 super
1350 5586 1506 5640 solas
1539 5589 1759 5641 storeas
1791 5603 1858 5639 rx

226 5675 484 5734 instituto
518 5678 899 5747 dormientes,
931 5680 986 5731 et
1019 5691 1228 5730 manus
1251 5675 1487 5746 quidem
1521 5675 1669 5731 lanae
1698 5676 1859 5731 attri-

3559 350 3668 406 114

1923 469 1980 533 Α
2014 468 2278 536 buentes,
2315 468 2548 541 hymnis
2578 483 2715 524 vero
2746 467 3009 539 linguam
3042 474 3477 527 consecrantes.
3515 473 3666 531 Sunt

2005 564 2200 613 autem
2232 558 2524 627 ejusmodi
2546 556 3000 612 innumerabilia
3022 558 3324 629 sapientia:
3353 562 3660 633 gymnasia

2009 664 2121 703 non
2154 647 2340 703 solum
2376 648 2434 702 in
2470 654 2673 703 nostra
2703 646 2960 718 regione,
2992 648 3092 701 sed
3128 648 3305 703 etiam
3343 666 3443 720 per
3464 654 3653 705 totum

2006 736 2324 792 Orientem.
2342 737 2417 792 Iis
2437 743 2628 792 autem
2657 737 2929 809 plenaest
2946 740 3001 790 et
3021 736 3351 802 Palmstina,
3373 744 3429 793 et
3449 740 3659 812 Egyp-

2001 831 2119 891 tus,
2153 830 2209 879 et
2237 826 2387 895 Asia,
2415 832 2471 881 et
2492 826 2733 894 Pontus,
2758 830 2813 881 et
2834 830 2955 880 tota
2984 826 3232 895 Europa.
3258 826 3337 880 Ex
3361 843 3477 897 quo
3500 829 3656 885 enim

2000 914 2270 968 Christus
2286 914 2574 969 Dominus
2590 914 2897 968 honoravit
2918 913 3335 984 virginitatem,
3358 919 3417 969 ut
3433 917 3527 983 qui
3554 933 3658 971 na-

2005 1006 2100 1055 tus
2122 1003 2278 1057 sitex
2292 1003 2649 1074 virginitate,
2669 1007 2832 1074 prata
2849 1002 3197 1072 virginitatis
3212 1008 3425 1057 natura
3439 1006 3657 1075 germi-

2000 1091 2175 1157 navit,
2192 1098 2247 1145 et
2266 1092 2371 1146 hos
2386 1108 2561 1147 suave
2578 1091 2821 1155 olentes,
2838 1091 2998 1161 etqui
3017 1108 3127 1146 non
3146 1098 3536 1161 marcescunt,
3551 1094 3655 1151 flo-

1994 1196 2089 1235 res
2104 1181 2269 1235 ofl‘ert
2284 1181 2541 1236 Creatori
2561 1198 2572 1235 :
2595 1198 2706 1235 non
2725 1182 2995 1235 virtutem
3014 1180 3072 1235 in
3090 1180 3353 1237 masculo
3369 1182 3653 1239 etfemina

1995 1270 2363 1338 discernens,
2382 1287 2482 1325 nec
2499 1271 2556 1324 in
2574 1272 2723 1325 duas
2739 1270 3097 1325 differentias
3113 1270 3381 1326 dividens
3398 1271 3650 1343 philoso-

1993 1357 2191 1429 phiam
2220 1376 2233 1425 ;
2268 1364 2355 1414 est
2387 1359 2540 1413 enim
2567 1359 2893 1414 ditferentia
2916 1360 3362 1429 corporum,sed
3389 1378 3501 1416 non
3527 1362 3655 1418 ani-

1994 1464 2247 1504 morum.
2274 1449 2334 1503 1n
2367 1448 2599 1503 Christo
2626 1448 2782 1503 enim
2814 1448 2977 1515 Jesu,
3002 1448 3165 1503 utait
3195 1449 3434 1505 divinus
3467 1452 3645 1522 Apos-

1988 1536 2163 1603 tolus,
2200 1554 2317 1592 non
2349 1542 2439 1592 est
2472 1536 2772 1593 masculus
2804 1544 2860 1592 et
2892 1537 3341 1605 femina(Galal.
3379 1540 3485 1611 In).
3522 1540 3649 1597 Una

1986 1631 2181 1680 autem
2201 1625 2553 1681 mulieribus
2568 1632 2625 1681 et
2640 1625 2777 1680 viris
2794 1631 2883 1681 est
2908 1627 3051 1681 fides
3067 1628 3461 1698 suppeditata.
3482 1628 3645 1687 Unus

1984 1714 2140 1769 enim
2159 1715 2591 1780 Dominus,una
2608 1715 2966 1785 fides,unum
2984 1716 3309 1787 baptisma:
3328 1718 3642 1776 unusDeus

1908 1825 1952 1888 Β
1984 1809 2042 1858 et
2073 1804 2243 1859 Pater
2260 1805 2549 1872 omnium,
2568 1805 2667 1875 qui
2691 1810 2780 1860 est
2797 1822 2976 1876 super
2994 1806 3212 1873 omnia,
3228 1811 3285 1861 et
3304 1822 3402 1875 per
3417 1809 3635 1876 omnia,

1984 1898 2041 1948 et
2072 1894 2129 1947 in
2165 1894 2444 1947 omnibus
2478 1894 2645 1949 nobis
2678 1892 2896 1965 (Ephes.
2930 1896 3026 1965 ιν).
3062 1894 3208 1956 Quin
3243 1895 3417 1949 etiam
3451 1913 3633 1952 unum

1985 1999 2229 2053 regnum
2264 1984 2543 2037 cmlorum
2580 1984 2932 2052 agonotheta
2965 1983 3625 2053 proposuitvictoribus,

1984 2071 2090 2125 hoc
2122 2089 2430 2127 commune
2455 2073 2759 2142 praemium
2791 2073 3076 2127 definiens
3107 2073 3548 2129 certaminibus.

2050 2198 2372 2267 Suntergo,
2394 2201 2457 2250 ut
2476 2196 2613 2262 dixi,
2640 2196 2834 2251 multa:
2858 2200 2913 2252 et
2946 2195 3203 2251 virorum
3236 2198 3623 2253 etmulierum

1985 2284 2218 2354 pietatis
2252 2284 2530 2355 palaestra:
2552 2302 2664 2339 non
2692 2286 2845 2356 apud
2872 2302 2977 2340 nos
3000 2286 3215 2349 solum,
3243 2288 3341 2341 sed
3368 2287 3541 2342 etiam
3571 2288 3627 2343 in

1982 2373 2257 2428 universa
2288 2374 2472 2445 Syria,
2500 2380 2555 2428 et
2576 2374 2899 2441 Palaestina,
2925 2380 2980 2429 et
3002 2374 3224 2441 Cilicia,
3255 2376 3384 2430 etin
3410 2392 3477 2431 ea
3498 2393 3627 2447 quae

1982 2470 2065 2517 est
2100 2463 2291 2517 media
2322 2462 2475 2517 inter
2505 2467 2651 2519 duos
2686 2463 2911 2518 ﬂuvios.
2942 2464 3002 2517 ln
3037 2468 3277 2535 Egypto
3310 2470 3505 2519 autem
3541 2467 3629 2519 di-

1982 2552 2303 2607 cuntetiam
2323 2553 2457 2622 plus
2473 2570 2647 2623 quam
2665 2553 2923 2624 quinque
2939 2554 3125 2608 millia
3140 2554 3393 2609 virorum
3412 2556 3626 2610 habere

1982 2641 2360 2706 monasteria,
2381 2645 2479 2712 qui
2498 2649 2816 2712 operantur
2832 2648 2890 2698 et
2914 2643 3145 2697 interim
3170 2644 3484 2699 Dominum
3505 2645 3628 2698 lau-

1981 2731 2122 2785 dant
2152 2730 2505 2802 hymnisque
2538 2730 2870 2799 celebrant;
2904 2748 3006 2786 nec
3035 2731 3224 2786 solum
3259 2748 3327 2787 ex
3349 2733 3624 2803 operibus

1983 2818 2375 2873 necessarium
2393 2819 2735 2874 alimentum
2763 2825 3125 2891 comparant,
3147 2822 3245 2875 sed
3267 2822 3441 2876 etiam
3462 2823 3630 2878 adve-

1982 2908 2283 2963 nientibus
2318 2908 2653 2981 hospitibus
2684 2915 2740 2964 et
2769 2910 3074 2981 egentibus
3105 2927 3273 2982 Opem
3301 2913 3513 2967 ferunt.

2052 3034 2162 3088 Sed
2192 3033 2389 3088 omnia
2424 3050 2660 3089 narrare
2693 3051 2803 3089 non
2829 3033 3017 3089 solum
3038 3036 3282 3107 ego,sed
3303 3052 3405 3091 nec
3420 3053 3626 3093 omnes

1980 3124 2297 3193 scriptores
2331 3122 2665 3192 potuerint;
2691 3128 2831 3178 etut
2858 3124 3108 3179 maxime
3127 3124 3249 3180 fieri
3276 3131 3494 3195 posset,
3526 3144 3627 3183 su-

1981 3228 2407 3283 pervacaneum
2439 3212 2494 3266 id
2529 3229 2657 3268 esse
2681 3213 2971 3280 existimo,
3003 3218 3059 3267 et
3084 3213 3323 3269 honoris
3346 3216 3629 3287 cupidita-

1976 3307 2094 3356 tem
2128 3318 2253 3372 qua:
2278 3301 2421 3357 nihil
2446 3302 2655 3357 habeat
2678 3303 2990 3357 commodi.
3020 3304 3090 3357 lis
3110 3304 3261 3358 enim
3298 3304 3396 3375 qui
3426 3304 3627 3359 volunt

1978 3389 2234 3461 aliquam
2256 3390 2550 3462 percipere
2572 3390 2908 3459 utilitatem,
2933 3391 3626 3463 sufﬁciunteaquaadicta

1980 3485 2120 3535 sunt
2150 3480 2219 3534 ad
2256 3481 2631 3551 prmbendum
2665 3481 2720 3535 id
2756 3481 2911 3553 quod
2946 3480 3335 3537 desideratur.

2048 3596 2178 3649 Ideo
2193 3596 2347 3650 enim
2369 3600 2423 3650 et
2442 3598 2567 3651 vitae
2586 3597 2951 3652 diversorum
2980 3596 3223 3651 fecimus
3244 3598 3624 3666 mentionem,

1974 3690 2030 3737 et
2054 3684 2360 3739 mulierum
2379 3687 2737 3741 narrationes
2754 3686 3191 3742 narrationibus
3207 3687 3457 3742 virorum
3475 3689 3629 3757 adje-

1974 3775 2184 3839 cimus,
2219 3780 2283 3827 ut
2311 3778 2367 3828 et
2396 3791 2583 3844 senes,
2618 3778 2961 3845 etjuvenes,
2992 3777 3339 3832 etmulieres
3364 3776 3621 3847 philoso—

1974 3863 2123 3933 phia:
2144 3863 2397 3917 habeant
2424 3865 2775 3935 exemplaria
2798 3883 2809 3930 ;
2830 3872 2886 3919 et
2909 3865 3315 3936 unusquisque
3336 3882 3460 3921 eam
3497 3884 3622 3937 qua:

1974 3952 2087 4006 sibi
2119 3952 2278 4007 cordi
2312 3958 2401 4007 cst
2430 3956 2605 4008 vitam
2656 3956 3014 4024 exprimens,
3065 3955 3279 4009 habeat
3326 3971 3446 4010 sua:
3494 3956 3620 4009 vita:

1974 4042 2295 4111 quamdam
2328 4043 2594 4112 regulam
2627 4052 2679 4096 et
2711 4060 3087 4114 gnomonem,
3121 4045 3217 4113 qui
3260 4048 3349 4098 est
3381 4043 3529 4099 situs
3560 4044 3617 4097 in

1975 4132 2308 4197 narratione
2330 4136 2387 4185 et
2420 4134 2713 4202 quomodo
2746 4133 2998 4202 pictores
3031 4133 3099 4186 ad
3124 4134 3417 4202 exemplar
3441 4134 3621 4203 respio

1973 4221 2211 4290 cientes,
2236 4225 2292 4276 et
2314 4220 2512 4276 oculos
2532 4222 2867 4290 imitantur,
2900 4228 2955 4276 et
2978 4238 3209 4287 nasum,
3236 4230 3289 4275 et
3312 4239 3396 4289 os,
3441 4226 3497 4275 et
3526 4238 3624 4291 ge-

1974 4326 2102 4374 nas,
2133 4315 2188 4363 et
2220 4326 2411 4373 aures,
2446 4316 2502 4363 et
2534 4312 2809 4377 frontem,
2842 4316 2897 4364 et
2930 4311 3090 4381 ipsos
3120 4308 3332 4379 capitis
3354 4315 3407 4364 et
3430 4310 3623 4364 barba:

1974 4399 2145 4471 pilos,
2178 4405 2233 4455 et
2264 4402 2334 4455 ad
2368 4401 2490 4457 haac
2529 4406 2587 4455 et
2619 4400 2942 4455 sessionem
2991 4405 3047 4454 et
3088 4399 3441 4466 stationem;
3480 4400 3619 4468 quin

1971 4489 2147 4544 etiam
2183 4490 2343 4559 ipsos
2376 4492 2678 4545 oculorum
2704 4488 2973 4553 intuitus,
2998 4489 3121 4543 sive
3144 4489 3262 4542 sint
3283 4487 3395 4542 laeti
3418 4492 3475 4543 et
3497 4488 3621 4543 ala-

1970 4594 2118 4645 cres,
2153 4578 2271 4632 sive
2295 4580 2477 4633 severi
2509 4583 2565 4633 et
2592 4584 2821 4644 truces;
2857 4578 2938 4633 ita
2954 4577 3130 4631 etiam
3154 4582 3378 4647 oportet
3400 4595 3618 4632 unum-

1969 4682 2261 4737 quemque
2293 4667 2454 4722 exiis
2479 4667 2577 4738 qui
2599 4666 2718 4720 brec
2737 4667 2957 4738 scripta
2983 4666 3209 4737 legunt,
3230 4666 3517 4722 volentem
3543 4668 3619 4721 vi-

1968 4761 2083 4809 tam
2103 4756 2361 4825 aliquam
2378 4758 2617 4827 imitari,
2638 4772 2805 4811 suam
2824 4760 2889 4810 ad
2910 4754 3068 4810 illam
3085 4772 3259 4826 quam
3276 4756 3437 4827 eligit
3459 4773 3613 4812 com-

1968 4861 2202 4913 ponere.
2233 4846 2297 4899 Εἰ
2319 4862 2351 4915 q
2364 4846 2612 4899 uomodo
2630 4846 2773 4900 fabri
2789 4861 3016 4899 asseres
3032 4846 3262 4899 rubrica
3275 4845 3613 4916 dirigentes,

1967 4950 2033 4988 eo
2069 4951 2254 5003 usque
2289 4936 2342 4989 id
2378 4936 2528 5004 quod
2563 4942 2649 4989 est
2683 4934 3048 5005 superfluum
3103 4935 3402 5001 auferunt,
3433 4936 3617 4990 donec

1968 5024 2238 5096 apposita
2263 5024 2484 5095 regula,
2507 5024 2756 5079 viderint
2774 5041 3032 5078 asserem
3058 5040 3186 5078 esse
3209 5024 3522 5094 aequalem;
3544 5026 3619 5081 ita

1967 5114 2137 5169 etiam
2171 5130 2303 5167 eum
2339 5114 2439 5184 qui
2474 5114 2611 5167 velit
2633 5114 2807 5168 vitam
2834 5112 3091 5183 aliquam
3117 5113 3360 5179 imitari,
3386 5119 3615 5184 oportet

1966 5219 2091 5258 eam
2117 5201 2225 5256 sibi
2255 5202 2363 5271 ipsi
2395 5218 2606 5271 ponere
2631 5220 2732 5272 pro
2757 5201 2974 5271 regula,
3004 5206 3061 5256 et
3084 5200 3205 5254 vitii
3232 5217 3493 5257 resecare
3519 5218 3617 5257 su-

1968 5293 2207 5363 perflua,
2242 5298 2299 5346 et
2331 5292 2567 5346 virtutis
2594 5291 2816 5361 replere
2846 5308 2914 5347 ea
2945 5308 3066 5361 qua:
3095 5292 3325 5346 desunt.
3350 5292 3422 5345 Ea
3454 5294 3609 5346 enim

1966 5383 2036 5436 de
2068 5398 2247 5436 causa
2278 5380 2613 5451 scriptionis
2638 5380 2893 5436 laborem
2918 5380 3312 5450 suscepimus,
3342 5381 3615 5436 utilitatis

1966 5471 2329 5526 occasionem
2368 5477 2758 5541 proponentes
2789 5469 3143 5526 volentibus.

2037 5586 2194 5658 Rogo
2229 5590 2415 5640 autem
2445 5602 2543 5641 eos
2575 5587 2674 5657 qui
2696 5591 2834 5641 sunt
2865 5586 3093 5645 lecturi.
3118 5591 3181 5640 ut
3210 5603 3341 5640 cum
3375 5603 3440 5640 ex
3464 5585 3605 5639 alio-

1967 5690 2094 5731 rum
2114 5675 2413 5731 laboribus
2427 5676 2647 5746 absque
2663 5676 2858 5732 labore
2871 5676 3225 5747 voluptatem
3241 5675 3501 5745 capiunt,
3522 5672 3573 5724 la
3586 5698 3607 5709 -
