4088 6180
253 306 355 361 125

1574 310 1876 367 PRATUM
1915 311 2368 368 SPIBITUALE.

3589 310 3691 365 126

248 435 503 504 propter
527 447 738 489 novum
774 430 1223 498 monasterium,
1256 432 1414 504 quod
1456 432 1674 488 dicitur
1707 434 1912 502 Laura,
1944 442 2000 506 Α
2030 436 2201 492 ciam.
2235 439 2369 493 Erat
2399 441 2595 494 autem
2628 440 2973 495 Paraseeves
3013 436 3137 493 dies
3160 454 3173 492 :
3194 438 3502 494 Dominica
3525 453 3680 510 vero

249 522 394 577 illuc
427 538 537 593 ego
558 524 854 592 profectus
872 538 1031 587 sum,
1057 523 1370 593 mansique
1393 523 1453 578 in
1480 525 1685 579 eadem
1717 526 1919 580 Laura.

248 614 522 675 Quodam
541 628 675 667 vero
697 611 787 667 die
815 612 892 667 Do
911 612 1129 667 minico
1149 612 1427 667 descendi
1448 612 1506 666 in
1532 613 1845 669 ecclesiam
1865 619 1929 669 ut

249 704 586 775 acciperem
602 720 769 759 sacra
784 703 1925 776 mysteria.IngressusquevidiAngelum

249 797 515 848 stantem
538 794 609 847 ad
629 794 901 848 dextrum
936 792 1142 847 altaris
1160 809 1366 858 cornu,
1390 797 1446 849 et
1469 810 1683 865 magno
1717 811 1925 865 pavore

2037 526 2129 581 die
2162 543 2332 583 mane
2368 529 2682 600 requievit.

2637 619 2869 674 CAPUT
2916 618 3067 673 VIII.

2322 709 2438 763 Vita
2478 708 2689 763 abbatis
2737 708 3045 780 Myrogenis
3076 705 3388 777 hydropici.

2100 797 2285 852 Senex
2308 798 2550 869 quidam
2574 803 2699 852 erat
2717 798 2775 853 in
2797 800 2999 852 eodem
3026 795 3381 851 monasterio
3403 794 3678 850 Turrium

249 888 586 955 correptus,
639 899 908 939 reversus
957 901 1088 939 sum
1146 884 1205 938 in
1259 884 1530 940 cellulam
1601 902 1810 941 meam.
1860 887 1932 940 Et
2031 886 2379 958 Myrogenes
2412 887 2795 959 nomine,qui
2830 888 2979 943 865
3016 888 3086 941 ob
3108 885 3353 940 nimiam
3378 884 3688 939 austerita-

247 973 411 1027 venit
446 973 594 1027 mihi
628 990 734 1028 vox
764 973 833 1027 de
866 972 1032 1039 caelo,
1068 972 1265 1028 dicens
1295 990 1307 1027 :
1342 978 1420 1028 Ex
1443 990 1559 1045 quo
1583 975 1920 1030 sanctifica-

246 1066 373 1116 tum
410 1067 504 1118 est
533 1061 718 1118 altare
755 1064 935 1132 istud,
976 1078 1082 1134 ego
1114 1063 1339 1135 jugiter
1379 1063 1463 1118 illi
1498 1069 1691 1121 astare
1716 1066 1923 1135 jussus

250 1167 383 1207 sum
422 1152 466 1205 ¹.

922 1262 1152 1315 CAPUT
1184 1263 1251 1315 V.

922 1262 961 1312 C
1184 1263 1251 1315 V.

317 1347 534 1403 Bclatio
565 1347 786 1403 abbatis
817 1259 1183 1419 Polybi/:21;
1220 1350 1284 1405 de
1316 1349 1495 1405 tribus
1541 1352 1845 1407 monachis.

314 1465 514 1521 Abbas
543 1465 971 1539 Polyehronius
996 1468 1262 1537 ejusdem
1287 1486 1444 1525 novae
1466 1474 1665 1525 Laurea
1690 1472 1924 1544 presby-

249 1558 335 1610 ter
366 1556 643 1611 narravit
675 1556 844 1624 mihi,
877 1556 1118 1613 dicens:
1152 1562 1291 1613 Cum
1318 1560 1580 1616 sederem
1606 1560 1921 1631 aliquando

250 1646 308 1699 in
342 1646 717 1701 monasterio
740 1646 1012 1702 Turrium
1038 1647 1340 1717 Jordanis,
1361 1666 1545 1704 unum
1578 1649 1699 1705 illic
1722 1667 1790 1705 ex
1812 1651 1920 1706 fra~

251 1734 445 1790 tribus
480 1735 878 1791 animadverti
902 1736 994 1791 sui
1028 1736 1216 1807 ipsius
1246 1738 1661 1810 negligentem,
1684 1744 1740 1794 et
1762 1757 1917 1795 nun-

254 1842 430 1896 quam
464 1830 689 1880 sanctze
722 1826 837 1881 diei
878 1826 1186 1882 dominica;
1220 1843 1506 1883 canonem
1539 1829 1875 1898 implentem
1906 1850 1921 1899 ;

258 1920 393 1985 post
415 1915 727 1970 modicum
767 1932 903 1970 vero
944 1916 1230 1987 temporis
1259 1917 1534 1972 eumdem
1570 1918 1768 1989 aspexi
1793 1936 1925 1974 cum

254 2005 416 2059 omni
454 2006 665 2060 studio
696 2009 753 2059 et
784 2005 1087 2061 alacritate
1113 2021 1174 2060 se
1204 2012 1594 2062 exercentem.
1628 2008 1793 2063 Tunc
1824 2024 1928 2080 ego

252 2093 365 2147 dixi
387 2094 440 2149 ei
470 2112 485 2149 :
514 2094 687 2149 Nune
713 2095 937 2165 optime
956 2094 1118 2163 facis,
1140 2112 1341 2150 curam
1365 2096 1448 2150 tui
1472 2112 1700 2167 gerens,
1728 2098 1926 2170 frater_

251 2184 357 2247 Qui
392 2184 481 2239 ait
504 2184 658 2238 mihi
687 2202 699 2239 :
735 2184 983 2239 Domine
1001 2184 1191 2249 Pater,
1216 2186 1388 2240 modo
1414 2187 1746 2242 moriturus
1768 2204 1924 2254 sum,

255 2276 309 2327 et
344 2278 485 2345 post
516 2272 652 2328 dies
683 2278 801 2328 tres
835 2278 1109 2328 mortuus
1134 2278 1244 2328 est.

317 2363 557 2417 Rursus
590 2362 747 2416 idem
778 2362 963 2417 abbas
996 2361 1417 2434 Polychronius
1464 2365 1725 2420 narravit
1757 2365 1922 2432 mihi,

248 2452 452 2505 dicens
482 2468 496 2506 :
528 2451 675 2505 Cum
699 2451 758 2505 in
782 2451 985 2506 eodem
1010 2453 1365 2507 monasterio
1389 2453 1664 2508 Turrium
1689 2454 1927 2509 defunc-

250 2545 339 2593 tus
364 2544 540 2595 esset
563 2539 863 2611 quispiam
892 2540 1162 2605 fratrum,
1189 2540 1336 2595 dixit
1359 2541 1503 2596 mihi
1522 2542 1913 2613 dispensator:

250 2629 357 2683 Fac
378 2629 767 2695 charitatem,
788 2632 845 2682 et
867 2630 1018 2693 veni,
1045 2634 1108 2683 ut
1127 2630 1323 2684 fratris
1348 2648 1482 2685 vasa
1504 2632 1558 2685 in
1583 2631 1775 2687 locum
1797 2633 1917 2686 dis-

250 2716 630 2789 pensationis
646 2717 1002 2773 deferamus.
1027 2720 1171 2775 Cum
1188 2736 1329 2794 ergo.
1345 2720 1491 2775 ferre
1512 2721 1918 2791 cmpissemus,

249 2807 479 2878 aspicio
552 2806 1022 2874 dispensatorem
1090 2808 1351 2877 flentem,
1401 2810 1491 2864 cui
1543 2810 1660 2863 dixi
1709 2828 1722 2865 :
1770 2811 1920 2874 Quid

249 2913 476 2966 quaeso,
501 2896 587 2951 ita
607 2895 825 2967 ploras,
846 2897 995 2951 abba
1015 2897 1224 2962 ?Quia,
1241 2898 1437 2970 inquit
1461 2898 1577 2963 ille,
1599 2900 1769 2955 hodie
1802 2902 1918 2954 fra-

247 2988 347 3041 tris
372 3003 527 3041 vasa
559 2986 775 3053 fero,et
804 2990 935 3057 post
960 2989 1106 3042 duos
1137 2988 1263 3042 dies
1295 2987 1393 3042 alii
1426 2989 1743 3059 portabunt
1767 3006 1916 3045 mea.

242 3075 569 3147 Tertiaque
600 3076 693 3130 die
724 3075 1010 3147 requievnt
1036 3077 1212 3131 frater
1234 3076 1350 3143 ille,
1374 3077 1525 3132 sicut
1550 3078 1915 3149 praedixerat,

242 3180 368 3220 cum
394 3164 697 3221 Dominus
718 3182 851 3220 eum
873 3164 1257 3237 singulariter
1280 3165 1338 3221 in
1361 3183 1462 3237 spe
1486 3167 1911 3225 constituisset.

902 3281 1132 3337 CAPUT
1178 3281 1271 3338 VI.

832 3369 1097 3437 Eiusdem
1126 3371 1347 3426 relatio.

318 3480 488 3535 Idem
511 3477 669 3533 enim
689 3476 871 3532 abbas
896 3477 1319 3550 Polychronius
1336 3479 1642 3551 presbyter
1665 3479 1769 3535 hoc
1792 3496 1921 3534 nar-

254 3568 415 3633 ravit,
446 3570 614 3639 quod
642 3583 777 3621 eum
819 3566 1057 3621 essetin
1084 3568 1444 3623 monasterio
1485 3569 1714 3624 abbatis
1736 3569 1919 3624 Cons-

251 3658 463 3713 tantini
500 3656 791 3711 antistitis
813 3656 1152 3712 monasterii
1174 3661 1382 3712 sanctae
1408 3657 1597 3712 Marirc
1635 3658 1730 3713 Dei
1754 3658 1914 3730 geni-

256 3748 434 3815 tricis,
478 3763 616 3818 quae
640 3746 800 3801 Nova
822 3746 1058 3815 dicitur,
1082 3746 1300 3802 audivit
1322 3748 1639 3818 quemdam
1668 3748 1915 3803 fratrum

255 3838 307 3889 in
338 3834 1142 3893 xenodochioJeriehuntino
1170 3836 1552 3907 requievisse,
1578 3852 1755 3909 quem
1781 3854 1914 3893 cum

251 3927 623 3999 accepissent
645 3924 871 3993 fratres,
892 3928 958 3979 ut
980 3925 1192 3979 ferrent
1213 3925 1285 3980 ad
1312 3925 1736 3981 monasterium
1761 3927 1913 3981 Tur-

251 4016 419 4084 rium,
457 4019 517 4071 et
572 4013 911 4085 sepelirent,
945 4030 1013 4069 ex
1043 4031 1157 4086 quo
1181 4014 1291 4069 iter
1312 4031 1481 4087 agere
1504 4031 1635 4070 cum
1675 4031 1914 4087 corpore

250 4109 574 4178 ceperunt,
609 4103 775 4159 stella
805 4120 985 4175 supra
1031 4103 1290 4159 defuncti
1307 4110 1482 4176 caput
1506 4105 1673 4175 quasi
1718 4121 1912 4161 comes

259 4197 494 4251 itineris
523 4209 810 4266 apparere
840 4210 955 4249 non
987 4194 1233 4263 destitit,
1265 4195 1449 4251 donec
1481 4195 1677 4266 ipsum
1710 4197 1911 4267 sepul-

251 4292 385 4340 turae
422 4285 752 4340 traderent.

897 4374 1130 4430 CAPUT
1152 4372 1268 4429 VII.

258 4464 369 4522 fita
400 4469 459 4520 et
514 4479 672 4519 mors
711 4462 1001 4533 cujusdam
1050 4464 1223 4529 senis,
1254 4464 1350 4533 qui
1400 4466 1683 4519 recusavit
1741 4464 1909 4520 abbas

639 4536 763 4599 ﬁeri
784 4537 840 4590 in
871 4538 1213 4590 monasterio
1246 4536 1522 4591 Turrium.

318 4644 482 4699 Alius
508 4642 755 4714 quidam
780 4658 954 4697 senex
977 4642 1218 4698 sedebat
1240 4642 1297 4697 in
1319 4643 1520 4698 eodem
1545 4643 1901 4699 monasterio

250 4732 546 4787 Turrium.
584 4732 781 4787 Patres
804 4731 986 4803 igitur
1007 4732 1274 4802 ejusdem
1304 4732 1649 4787 monasterii
1674 4732 1897 4805 ipsum,

254 4828 313 4876 ut
332 4838 623 4895 magnum
648 4826 705 4877 et
731 4821 1049 4877 virtutibus
1074 4822 1778 4889 clarum,volueruntsibi
1798 4840 1904 4877 con

252 4912 489 4968 stituere
516 4912 814 4967 abbatem.
851 4911 1039 4967 Sene<
1067 4928 1199 4967 vero
1222 4913 1447 4978 orabat,
1472 4912 1670 4967 dicens
1698 4930 1710 4967 :
1737 4912 1904 4984 Igno-

250 5002 385 5057 scite
409 5001 582 5069 mibi,
608 5000 1240 5071 Patres,etfpermittite
1267 5018 1354 5057 me
1369 5001 1504 5057 flere
1518 5006 1756 5073 peccata
1776 5018 1907 5056 mea

252 5090 364 5163 Ego
384 5091 547 5147 enim
565 5089 701 5145 talis
728 5089 920 5144 meriti
945 5106 1061 5145 non
1085 5107 1245 5158 sum,
1266 5091 1562 5162 utpossim
1578 5090 1904 5147 animarum

256 5196 452 5235 curam
484 5194 727 5251 gerere:
762 5179 1063 5250 negotium
1095 5179 1252 5235 istud
1279 5195 1625 5251 magnorum
1650 5185 1707 5235 et
1726 5179 1908 5237 excel'

253 5270 493 5325 lentium
528 5268 770 5324 Patrum
804 5272 915 5338 est,
948 5268 1209 5336 Antonii,
1251 5268 1568 5335 Pacbomii,
1600 5270 1907 5342 sanctique

255 5359 561 5416 Theodori.
595 5359 740 5415 Cum
768 5376 902 5415 vero
933 5359 1144 5416 fratres
1175 5360 1259 5416 illi
1292 5378 1407 5415 non
1440 5360 1906 5432 acquiescerent,

254 5450 565 5522 ipsumque
598 5450 808 5505 diebus
833 5450 1085 5523 singulis
1112 5456 1367 5521 orarent,
1391 5452 1596 5508 videns
1627 5468 1689 5508 se
1718 5452 1790 5507 ab
1823 5452 1905 5507 eis

258 5541 500 5595 nimium
535 5540 754 5611 urgeri,
776 5540 925 5595 dixit
955 5539 1041 5596 eis
1066 5557 1078 5596 :
1105 5541 1427 5598 Permittite
1453 5558 1542 5597 me
1572 5540 1757 5596 tribus
1781 5541 1905 5597 die-

259 5630 362 5684 bus
395 5646 582 5692 orare,
610 5635 667 5685 et
694 5629 985 5701 quidquid
1017 5647 1109 5688 me
1137 5631 1290 5688 Deus
1315 5631 1784 5703 facerejusserit,
1819 5631 1903 5687 fa-

330 5744 341 5771 ‘
378 5736 583 5793 Simile
618 5736 794 5803 infra,
830 5754 881 5792 c.
918 5737 1002 5792 10.

2030 978 2148 1030 tem
2179 976 2307 1031 vitae
2333 976 2689 1048 hydrOpieus
2712 977 2955 1032 effectus
2986 977 3196 1031 fuerat.
3228 973 3471 1030 Dicebat
3493 979 3685 1027 autem

2020 1064 2245 1139 jugiter
2273 1064 2366 1121 his
2400 1066 2665 1133 senibus,
2701 1066 2801 1137 qui
2838 1068 2908 1120 ad
2938 1082 3071 1121 eum
3098 1062 3527 1119 conveniebant
3548 1061 3687 1115 visi-

2028 1147 2191 1211 tandi
2216 1158 2408 1228 gratia
2430 1158 2628 1213 :Orate
2652 1175 2755 1230 pro
2783 1174 2895 1222 me,
2923 1158 3227 1225 Patres,ne
3250 1154 3494 1210 interior
3515 1155 3686 1207 homo

2028 1244 2382 1317 hydropicus
2414 1247 2657 1319 fiat.Ego
2685 1247 2841 1303 enim
2860 1251 2923 1301 ut
2952 1245 3011 1300 in
3042 1245 3151 1301 hac
3182 1244 3528 1299 infirmitate
3552 1241 3683 1296 rliu-

2027 1322 2147 1389 tius
2174 1336 2402 1406 durem,
2441 1337 2620 1391 Deum
2654 1352 2775 1392 oro.

2099 1424 2178 1480 De
2200 1424 2307 1480 hoc
2329 1425 2536 1481 abbate
2549 1430 2855 1497 Myrogene
2878 1441 3010 1479 eum
3034 1423 3357 1479 audivisset
3375 1419 3679 1492 Jerosoly-

2031 1513 2289 1569 mitanus
2319 1513 2798 1586 archiepiscopus
2828 1513 3207 1578 Eustochius,
3236 1511 3417 1566 voluit
3446 1511 3517 1565 ad
3541 1526 3674 1564 cum

2027 1603 2261 1658 mittere
2295 1620 2657 1676 quiscunque
2689 1609 2853 1659 erant
2884 1602 3349 1670 necessaria,sed
3385 1600 3482 1654 ille
3521 1616 3676 1655 nun-

2026 1708 2205 1764 quam
2234 1695 2306 1748 ab
2338 1711 2402 1748 eo
2436 1694 2763 1765 quidquam
2787 1693 3087 1749 consensit
3118 1692 3400 1763 accipere.
3422 1690 3539 1744 Hoc
3572 1706 3679 1741 au-

1955 1800 2001 1863 B
2032 1786 2149 1836 tem
2180 1781 2373 1837 solum
2405 1782 2487 1836 illi
2527 1783 2901 1853 signiﬁcabat
2925 1798 2939 1837 :
2967 1784 3080 1837 Ora
3108 1798 3210 1853 pro
3246 1796 3357 1850 me,
3394 1779 3581 1842 Pater,
3617 1780 3680 1830 nt

2039 1870 2253 1926 liberer
2284 1872 2355 1926 ab
2379 1876 2596 1927 aeterno
2628 1872 2914 1928 cruciatu.

2677 1961 2908 2015 CAPUT
2947 1961 3035 2015 1X.

2180 2052 2251 2106 De
2279 2052 2425 2105 mira
2455 2050 2745 2122 cujusdam
2774 2055 2982 2105 sanctis
3030 2050 3214 2105 Patris
3237 2049 3532 2104 charitate.

2106 2141 2168 2193 In
2202 2138 2329 2211 ipso
2361 2140 2715 2196 monasterio
2738 2140 3037 2206 Turrium,
3071 2154 3249 2194 senex
3279 2138 3517 2209 quidam
3552 2139 3676 2190 erat

2031 2232 2245 2283 sanctae
2269 2229 2550 2284 nuditatis
2563 2233 2619 2284 et
2637 2227 3190 2300 eleemosynmvalde
3204 2226 3502 2282 studiosus
3521 2242 3674 2279 ama-

2028 2320 2137 2371 tor.
2159 2317 2565 2390 Quadamergo
2608 2318 2705 2373 die
2745 2318 2904 2373 venit
2922 2333 3142 2389 pauper
3163 2317 3234 2370 ad
3258 2316 3385 2386 ejus
3404 2314 3674 2370 cellulam

2028 2405 2459 2478 eleemosynam
2511 2410 2752 2478 petens;
2803 2421 2978 2461 senex
3008 2421 3333 2471 vero,cum
3391 2420 3506 2458 non
3561 2402 3673 2456 nisi

2026 2512 2210 2551 unum
2242 2513 2451 2568 panem
2483 2496 2736 2566 haberet,
2770 2496 3069 2568 proferens
3101 2496 3321 2567 ipsum,
3347 2494 3507 2549 dedit
3525 2510 3674 2565 pau-

2025 2585 2337 2656 peri.Tunc
2370 2586 2511 2640 dicit
2544 2586 2591 2641 ei
2629 2602 2883 2657 pauper:
2918 2584 3060 2640 Nolo
3096 2600 3327 2656 panem,
3362 2584 3463 2638 sed
3497 2583 3676 2636 indu-

2024 2680 2309 2731 mentum.
2340 2674 2553 2731 Volens
2576 2681 2770 2730 autem
2802 2675 2998 2730 senior
3019 2690 3222 2729 curare
3249 2672 3442 2739 illum,
3464 2689 3675 2743 appre-

2023 2763 2206 2819 hensa
2228 2782 2403 2819 manu
2428 2765 2577 2835 ejus,
2604 2764 2926 2819 introduxit
2947 2764 3006 2818 in
3023 2762 3295 2817 cellulam
3312 2778 3503 2819 suam.
3527 2761 3676 2815 Pau-

2023 2870 2126 2926 per
2156 2858 2355 2909 autem
2390 2870 2520 2909 cum
2568 2853 2687 2909 illic
2719 2853 2869 2908 nihil
2902 2852 3141 2908 omnino
3188 2851 3528 2915 invenisset,
3564 2850 3676 2904 nisi

2023 2943 2215 2999 solum
2250 2945 2406 3015 quod
2439 2944 2536 2999 ille
2559 2943 2859 3013 induebat,
2888 2947 3053 2997 tanta
3082 2942 3239 2997 senis
3265 2941 3480 2995 virtute
3506 2956 3671 2995 com-

2020 3038 2297 3105 punctus,
2348 3032 2522 3088 solvit
2552 3033 2856 3088 sacculum
2891 3031 3165 3098 suum,in
3217 3031 3409 3085 medio
3455 3029 3677 3084 cellulae

1947 3153 1992 3224 Ο
2028 3138 2391 3222 quzecunque
2446 3121 2696 3177 habebat
2728 3135 3040 3224 evacuans,
3093 3119 3276 3174 dixit:
3310 3120 3498 3224 Sume
3539 3118 3671 3183 ista,

2032 3210 2229 3266 senior
2259 3212 2501 3282 optime,
2541 3215 2599 3266 et
2636 3228 2741 3282 ego
2765 3208 3182 3281 alibiquaeram
3212 3224 3334 3280 qure
3361 3207 3500 3262 mihi
3538 3213 3674 3261 sunt

2033 3299 2383 3356 necessaria.

2697 3388 2931 3444 CAPUT
2961 3388 3033 3444 Χ.

2424 3478 2557 3534 Vita
2600 3480 2879 3535 Barnabas
2917 3478 3279 3533 anachoretaz.

2101 3566 2468 3623 Anachoreta
2489 3568 2722 3640 quidam
2741 3572 2863 3623 erat
2888 3567 2947 3622 in
2973 3566 3269 3638 speluncis
3294 3567 3481 3621 sancti
3500 3566 3676 3621 Jorda

2028 3648 2455 3723 nis,Barnabas
2478 3658 2733 3713 nomine.
2763 3657 2859 3711 llic
2885 3658 2977 3711 die
2999 3657 3253 3728 quadam
3281 3673 3414 3710 cum
3435 3656 3674 3711 descen-

2027 3747 2185 3802 deret
2218 3747 2414 3802 bibere
2436 3763 2649 3818 aquam
2677 3747 2746 3802 de
2768 3747 3046 3813 Jordane,
3073 3746 3253 3801 infixa
3279 3750 3366 3801 est
3397 3746 3525 3817 pedi
3554 3747 3677 3817 ejus

2026 3853 2096 3892 ex
2126 3838 2414 3892 arundine
2446 3836 2689 3903 festuca,
2725 3836 3170 3908 permansitque
3202 3834 3508 3891 stimulum
3542 3837 3673 3906 pedi

2023 3926 2268 3981 inﬁxum
2293 3927 2945 3999 tenensjugiler,neque
2968 3943 3179 3999 passus
3208 3935 3294 3982 est
3317 3931 3523 3982 uteum
3553 3942 3679 3981 me-

2022 4016 2188 4071 dicus
2220 4015 2477 4083 videret;
2510 4015 2709 4087 itaque
2740 4018 3099 4088 computruit
3128 4034 3231 4087 pes
3254 4018 3401 4088 ejus.
3430 4019 3674 4071 Coactus

2021 4121 2154 4160 vero
2185 4110 2273 4160 est
2302 4106 2615 4161 ascendere
2644 4107 2713 4161 ad
2752 4106 3177 4161 monasterium
3205 4106 3502 4171 Turrium,
3528 4106 3672 4157 sibi-

2020 4212 2134 4265 que
2166 4212 2343 4249 unam
2375 4195 2645 4251 cellulam
2674 4196 2954 4267 accipere.
2980 4196 3156 4251 Porro
3181 4212 3279 4266 pes
3302 4196 3429 4263 ejus
3465 4195 3519 4248 in
3546 4194 3670 4247 dies

2020 4285 2393 4357 putrescebat
2425 4285 2633 4357 magis.
2666 4285 2907 4340 Dicebat
2937 4289 3131 4339 autem
3168 4284 3257 4338 bis
3289 4283 3388 4355 qui
3423 4284 3492 4336 ad
3526 4300 3659 4336 cum

2018 4373 2346 4444 veniebant,
2380 4375 2533 4445 quod
2567 4378 2787 4445 quanto
2822 4374 3007 4445 magis
3038 4374 3211 4427 homo
3242 4371 3491 4427 exterior
3523 4371 3668 4442 pati-

2018 4467 2134 4529 tur,
2167 4466 2329 4517 tanto
2370 4462 2628 4534 amplius
2661 4463 2898 4518 interior
2929 4463 3096 4517 viret.

1939 4516 1985 4580 D
2027 4516 2406 4622 VP’ostquam
2441 4516 2573 4609 vero
2607 4516 3080 4608 ascenditabbas
3111 4552 3410 4608 Barnabas
3442 4568 3510 4607 ex
3533 4568 3671 4622 spe-

2011 4638 2188 4696 lunca
2220 4658 2329 4697 sua
2359 4644 2429 4697 ad
2454 4645 2689 4709 Turres,
2724 4658 2852 4697 cum
2880 4643 3090 4697 fuisset
3123 4642 3201 4697 ibi
3225 4640 3663 4714 aliquantulum

2013 4730 2315 4802 temporis,
2343 4732 2697 4789 anachoreta
2715 4732 2953 4805 quidam
2989 4731 3140 4788 alius
3168 4732 3313 4788 abiit
3338 4733 3408 4787 ad
3428 4731 3668 4803 spelun-

2016 4836 2144 4876 cam
2177 4820 2385 4892 ipsius,
2420 4823 2843 4894 ingressusque
2872 4822 3018 4877 vidit
3049 4821 3325 4893 angelum
3361 4822 3456 4877 Ι)θί
3488 4826 3650 4875 stan-

2016 4918 2130 4970 tem
2162 4929 2336 4986 super
2368 4912 2548 4967 altare
2581 4913 2736 4983 quod
2771 4913 2984 4967 fecerat
3016 4914 3209 4966 senior
3259 4915 3431 4982 atque
3464 4927 3655 4965 saera-

2015 5009 2195 5059 verat.
2229 5004 2439 5074 Aitquc
2475 5004 2545 5056 ad
2588 5001 2863 5072 angelum
2914 5002 3264 5056 anachoreta
3312 5020 3323 5055 :
3358 5000 3503 5067 Quid
3564 5000 3655 5052 hic

2017 5093 2144 5163 agis
2174 5096 2199 5147 ‘I
2228 5092 2331 5147 Cui
2366 5090 2608 5162 angelus
2666 5090 2795 5146 ille:
2832 5091 2909 5145 Ex
2940 5107 3054 5161 quo
3104 5090 3469 5145 sanctiﬁcata
3518 5092 3657 5143 sunt

2016 5182 2151 5254 ista,
2178 5199 2212 5239 a
2238 5182 2353 5237 Deo
2382 5180 2507 5252 ipso
2539 5179 2685 5234 mihi
2718 5180 2941 5235 credita
2974 5184 3114 5235 sunt
3147 5182 3186 5235 2.

2654 5270 2889 5326 CAPUT
2922 5269 3017 5326 XI.

2488 5359 2618 5413 Vita
2657 5360 2874 5414 abbatis
2921 5359 3200 5429 Agioduli.

2084 5451 2277 5505 Abbas
2310 5450 2515 5504 Petrus
2549 5449 2848 5521 presbyter
2879 5448 3223 5505 monasterii
3255 5450 3439 5507 sancti
3473 5448 3659 5522 patria

2014 5540 2197 5596 nostri
2220 5539 2673 5606 Sabm,narravit
2696 5538 2861 5594 nobis
2886 5540 2954 5594 de
2980 5540 3187 5597 abbate
3214 5539 3497 5611 Agiodulo
3518 5538 3582 5603 [li
3606 5556 3649 5588 t-

2014 5629 2273 5705 giodulo]
2300 5628 2525 5684 dicens:
2552 5630 2695 5684 Cum
2722 5630 2769 5684 is
2792 5635 2945 5685 esset
2969 5632 3213 5685 antistes
3236 5627 3656 5682 duxmonastc~

2089 5740 2109 5772 ²
2141 5736 2343 5793 Simile
2383 5753 2582 5809 supra,
2616 5753 2741 5808 cap.
2782 5736 2829 5791 4.
