4088 6180
528 325 634 381 127

1725 326 1818 379 DE
1854 325 2047 378 VITIS
2083 322 2382 379 PATRUM
2417 324 2630 379 LIBER
2669 324 2743 377 X.

3812 324 3907 377 128

527 452 595 505 rii
619 448 769 505 beati
792 446 1100 514 Gerasimi,
1117 448 1359 520 conligit
1374 450 1610 504 fratrem
1629 449 1946 519 quemdam
1962 445 2167 503 deillic
2198 448 2247 513 A
2280 446 2427 511 dios,
2450 464 2661 503 manus
2674 463 2874 503 eorum
2890 446 2947 500 in
2962 446 3217 502 sublime
3235 445 3911 519 suspensazlperstiterunt

527 537 921 593 residentibus
945 536 1115 593 mori.
1141 538 1303 601 Quod
1339 555 1473 593 eum
1499 555 1673 594 senex
1697 540 2013 612 ignoraret,
2037 544 2173 615 pul-

526 632 801 697 saretque
832 626 1140 697 praefectus
1172 626 1413 682 canonis
1462 627 1710 698 lignum,
1761 633 1914 700 quod
1962 634 2175 689 fratres

526 715 935 771 convenientes
968 719 1263 771 mortuum
1296 717 1587 787 efferrent,
1614 723 1676 772 ut
1707 720 1851 774 vidit
1873 738 2048 776 senex
2076 739 2173 777 ca-

525 805 700 859 daver
733 804 789 858 in
836 805 1092 861 ecclesiae
1126 806 1317 860 medio
1355 808 1573 875 jacere,
1622 811 2040 865 constristatus
2084 816 2174 866 est

524 893 694 948 valde
717 895 870 964 quod
888 910 1000 948 non
1023 894 1190 949 illum
1214 897 1563 951 salutassset
1587 899 1929 969 priusquam
1955 901 2170 969 migra-

526 988 611 1036 ret
640 999 670 1036 e
702 982 933 1037 saeculo.
964 986 1382 1054 Profectusque
1406 1001 1577 1040 secus
1603 986 1883 1042 lectulum
1906 989 2170 1059 ubijace-

521 1071 645 1134 bat,
671 1071 747 1124 ait
771 1072 1043 1126 defuncto
1066 1088 1079 1124 :
1101 1071 1305 1141 Surge,
1325 1074 1520 1139 frater,
1546 1080 1602 1128 et
1624 1075 1695 1128 da
1712 1076 1855 1129 mihi
1877 1077 2164 1133 osculum.

522 1160 629 1225 Qui
663 1160 935 1230 protinus
967 1176 1236 1231 surgens,
1272 1161 1575 1217 osculatus
1632 1170 1720 1219 est
1755 1182 1975 1220 senem.
2023 1167 2166 1221 Tum

512 1249 661 1303 dixit
688 1264 900 1304 senex:
952 1248 1150 1305 Dormi
1171 1251 1317 1321 jam,
1344 1268 1653 1323 quousque
1677 1254 1869 1310 veniat
1891 1255 2164 1311 Christus

517 1336 702 1393 Filius
738 1337 855 1407 Dei,
888 1344 946 1394 et
976 1340 1289 1395 resuscitet
1319 1345 1392 1395 te.

588 1426 746 1481 Idem
780 1427 964 1482 abbas
996 1428 1315 1499 Agiodulus
1347 1446 1478 1484 eum
1517 1433 1785 1487 transiret
1808 1434 1982 1503 juxta
2028 1436 2162 1491 Jor-

518 1516 690 1570 danis
724 1516 902 1586 ripas,
952 1532 1151 1572 secum
1208 1518 1401 1573 animo
1432 1524 1487 1574 et
1519 1522 1869 1592 cogitatione
1903 1525 2164 1582 volvebat

516 1604 657 1674 quid
694 1608 893 1660 actum
940 1605 1149 1662 fuisset
1183 1608 1253 1661 de
1309 1606 1607 1679 lapidibus
1666 1611 1900 1681 injectis
1932 1630 1964 1668 a
2020 1615 2157 1670 Jesu

516 1697 671 1748 Nave
705 1711 805 1765 pro
829 1694 920 1749 bis
948 1711 1094 1765 quos
1114 1696 1250 1751 inde
1273 1696 1609 1753 sustulerat.
1634 1700 1895 1772 Cumque
1924 1702 2038 1758 ista
2060 1721 2158 1760 co-

2283 536 2635 591 immobiles.
2670 537 2843 591 Facta
2873 553 3004 591 vero
3024 536 3307 606 oratione,
3330 535 3501 591 solvit
3530 552 3629 592 eos
3652 553 3835 602 senex,
3857 546 3912 592 et

2280 626 2527 681 dimisit.
2563 628 2631 681 Et
2663 626 2936 681 abierunt
2965 625 3183 694 gratias
3214 630 3453 696 agentes
3485 625 3622 681 Deo.

2883 732 3113 787 CAPUT
3173 731 3314 788 XVI.

2458 823 2668 878 Relatio
2692 823 2908 877 abbatis
2939 823 3160 876 Nicolai
3186 822 3249 876 de
3278 821 3450 892 seipso
3488 826 3540 877 et
3566 824 3742 878 sociis.

2347 912 2531 967 Senex
2555 912 2795 983 quidam
2815 912 3055 966 sedebat
3076 912 3130 965 in
3149 912 3504 967 monasterio
3525 912 3752 966 abbatis
3769 913 3907 967 Petri

2267 1002 2438 1070 juxta
2461 1006 2727 1055 sanctum
2752 1001 3091 1065 Jordanem,
3116 999 3400 1055 Micolaus
3424 1000 3679 1067 nomine,
3705 1002 3794 1071 qui
3814 1018 3911 1055 no-

2274 1090 2364 1144 bis
2389 1090 2666 1155 narravit,
2700 1090 2903 1145 dicens
2931 1106 2943 1144 :
2969 1089 3113 1143 Cum
3141 1104 3331 1143 essem
3359 1089 3668 1159 aliquando
3692 1090 3745 1143 in
3765 1090 3911 1161 Ray-

2272 1178 2398 1241 thu,
2427 1178 2592 1233 missi
2612 1196 2818 1233 sumus
2841 1184 2958 1234 tres
2978 1180 3183 1233 fratres
3202 1179 3259 1232 in
3286 1178 3677 1233 ministerium
3701 1180 3753 1233 in
3775 1180 3912 1233 The-

2271 1268 2523 1322 baidem.
2558 1269 2701 1323 Cum
2738 1283 2874 1339 ergo
2909 1284 3011 1338 per
3058 1269 3357 1323 desertum
3407 1268 3519 1322 iter
3566 1269 3905 1335 faceremus,

2270 1357 2596 1412 erravimus
2628 1357 2699 1412 de
2731 1358 2845 1423 via,
2895 1359 3345 1427 ferebamurque
3376 1374 3479 1428 per
3518 1358 3696 1413 eremi
3731 1357 3905 1413 latam

2268 1445 2627 1501 vastitatem.
2653 1444 2966 1500 Deficiente
2994 1461 3127 1499 vero
3178 1447 3349 1501 nobis
3382 1463 3533 1516 aqua
3561 1462 3664 1517 per
3692 1446 3908 1518 aliquot

2270 1535 2414 1603 dies,
2468 1535 2562 1590 siti
2598 1551 2795 1589 arcere
2845 1534 3151 1605 cmpimus.
3179 1539 3448 1605 Cumque
3490 1537 3611 1606 jam
3647 1542 3703 1591 et
3731 1536 3822 1591 siti
3852 1542 3911 1591 et

2268 1630 2410 1678 aestu
2442 1624 2801 1685 deficientes,
2835 1623 3105 1693 progredi
3131 1624 3382 1679 ulterius
3414 1640 3528 1678 non
3560 1623 3906 1693 valeremus,

2268 1713 2520 1767 inventis
2552 1729 2654 1783 per
2683 1714 2978 1767 desertum
3006 1712 3263 1784 myricis,
3283 1713 3636 1782 jactavimus
3662 1730 3762 1769 nos
3787 1714 3911 1768 sin-

516 1784 748 1875 gltafét,
780 1785 1087 1875 υλοηίὶῖεῐίηι
1120 1785 1257 1841 hinc
1280 1787 1479 1842 ἀίνίεεὲ
1509 1794 1648 1843 Sunt
1678 1807 1863 1860 aquae.
1891 1794 2051 1848 Tunc
2074 1794 2155 1849 Vi-
2187 1802 2235 1864 B
2265 1804 2383 1874 guli
2412 1803 2523 1857 sub
2540 1804 2749 1858 umbra
2773 1803 3072 1869 arborum,
3100 1808 3505 1874 exspectantes
3521 1803 3665 1858 mori
3683 1821 3793 1875 prae
3812 1806 3905 1858 siti

515 1870 601 1925 dit
632 1870 764 1926 illos
788 1872 1096 1928 duodecim
1130 1875 1378 1945 lapides,
1404 1882 1820 1949 prostatusque
1847 1880 2007 1936 humi
2043 1882 2157 1938 Deo

513 1960 735 2031 gratias
767 1963 905 2033 egit,
939 1967 995 2016 et
1024 1965 1287 2019 recessit.

1116 2072 1350 2127 CAPUT
1429 2074 1550 2128 XII.

965 2160 1177 2215 Dictum
1208 2162 1419 2215 abbatis
1453 2163 1718 2234 Olympii.

583 2247 784 2301 Frater
803 2246 1180 2315 interrogavit
1203 2251 1470 2305 abbatem
1490 2252 1845 2323 Olympium,
1867 2256 2160 2327 presbyte-

515 2351 642 2389 rum
678 2337 1017 2390 monasterii
1051 2339 1235 2391 sancti
1267 2338 1577 2402 Gerasimi,
1609 2343 1850 2397 dicens:
1883 2344 1985 2398 Dic
2013 2346 2155 2399 mihi

510 2424 777 2479 verbum.
812 2425 919 2489 Qui
950 2425 1098 2479 dixit
1128 2425 1213 2481 ei:
1248 2428 1328 2480 Ne
1358 2430 1561 2484 sedeas
1593 2447 1724 2485 cum
1760 2431 2066 2495 haareticis.
2103 2442 2159 2490 et

512 2513 746 2568 contine
776 2513 1038 2585 linguam
1065 2519 1121 2569 et
1152 2528 1409 2571 ventrem
1436 2535 1447 2584 ;
1483 2535 1547 2573 ac
1577 2520 1906 2592 ubicunque
1936 2525 2158 2580 sederis

511 2602 605 2657 dic
637 2602 907 2657 assidue:
941 2603 1289 2675 Peregrinus
1321 2623 1475 2660 sum.

1115 2712 1348 2768 CAPUT
1394 2714 1551 2770 XIII.

839 2800 960 2856 Vita
992 2800 1217 2856 abbatis
1271 2802 1444 2857 Marci
1471 2805 1836 2863 anachorctze.

579 2888 864 2943 Dicebant
893 2890 961 2944 de
979 2889 1189 2945 abbate
1220 2890 1413 2946 Marco
1432 2893 1805 2962 anachoreta,
1841 2900 1940 2967 qui
1967 2914 2156 2954 mora-

517 2977 686 3032 batur
708 2995 885 3049 prope
908 2980 1329 3035 monasterium
1359 2982 1725 3040 Penthucula
1748 3003 1851 3056 per
1867 3004 2053 3044 annos
2076 3006 2158 3044 sc-

514 3066 754 3138 xaginta
776 3072 917 3135 tres,
965 3070 1118 3139 quod
1144 3069 1295 3125 hanc
1320 3071 1592 3128 habuerit
1621 3072 1892 3131 virtutem
1936 3077 2153 3133 hebdo-

511 3155 715 3210 madas
741 3156 995 3227 integras
1019 3159 1352 3229 jejunandi,
1376 3160 1456 3214 ita
1489 3166 1551 3215 ut
1574 3166 1846 3232 putarent
1868 3181 2002 3221 eum
2025 3167 2151 3222 sine
2186 3150 2226 3217 C

511 3261 686 3301 carne
716 3262 866 3302 esse.
899 3247 1258 3318 Operabatur
1288 3253 1482 3304 autem
1517 3250 1607 3306 die
1640 3267 1703 3307 ac
1732 3258 1920 3321 nocte,
1953 3260 2010 3310 et
2039 3257 2157 3313 dis-

510 3334 806 3390 tribuebat
836 3335 1195 3407 pauperibus
1217 3338 1434 3408 omnia,
1468 3355 1657 3410 neque
1679 3341 1750 3396 ab
1778 3341 1975 3414 aliquo
1996 3346 2159 3415 quid-

508 3424 668 3495 piam
701 3423 1044 3495 accipiebat.
1087 3426 1167 3481 De
1197 3425 1306 3481 hoc
1338 3427 1643 3485 audientes
1673 3431 1875 3487 fideles
1910 3433 2032 3504 viri,
2065 3452 2159 3490 ve-

513 3517 825 3583 nerunt,ut
855 3514 1063 3569 darent
1082 3515 1133 3569 ei
1167 3522 1498 3588 agapem,et
1519 3518 1599 3573 ait
1630 3520 1701 3573 ad
1735 3536 1834 3576 eos
1861 3538 1872 3574 :
1908 3526 2029 3577 Non
2065 3541 2158 3579 ac-

510 3601 685 3672 cipio,
710 3601 849 3672 quia
874 3618 1089 3659 manus
1117 3620 1256 3659 mem
1283 3605 1554 3662 nutriunt
1586 3624 1675 3663 me
1705 3614 1758 3663 et
1788 3626 1885 3664 eos
1909 3611 2005 3682 qui
2033 3629 2160 3683 pro-

513 3695 642 3761 pter
672 3690 857 3746 Deum
886 3691 956 3746 ad
991 3709 1083 3747 me
1114 3693 1374 3749 veniunt.

1121 3799 1351 3856 CAPUT
1401 3802 1551 3858 XIV.

512 3886 585 3940 De
613 3888 788 3957 [ratre
816 3889 912 3959 qui
942 3906 976 3943 a
1004 3890 1206 3967 spiritu
1224 3892 1612 3967 fornicationis
1644 3895 2087 3967 impugnabatur,
2111 3906 2161 3955 et

1014 3962 1258 4032 leprosus
1315 3965 1536 4034 e/Ieetus
1564 3969 1660 4021 est.

582 4047 778 4104 Abbas
809 4048 1231 4119 Polycbronius
1262 4069 1498 4108 rursum
1534 4055 1702 4109 nobis
1722 4058 1980 4113 narravit
2006 4062 2160 4129 quod

510 4138 569 4194 in
603 4138 867 4195 ccenobio
900 4140 1262 4196 Penthucula
1292 4141 1472 4198 frater
1491 4142 1728 4214 quidam
1761 4151 1882 4201 erat
1912 4147 2023 4202 sibi
2048 4148 2160 4220 ipsi

512 4226 680 4283 valde
708 4228 973 4284 intentus
1004 4233 1060 4284 et
1089 4230 1417 4287 continens.
1444 4231 1587 4288 Cum
1620 4240 1816 4291 autem
1846 4235 2163 4308 aliquando

514 4316 967 4390 impugnaretur
996 4334 1030 4373 a
1078 4318 1290 4390 spiritu
1321 4320 1747 4388 fornicationis,
1801 4341 1913 4379 non
1963 4326 2162 4384 valens

509 4405 662 4462 hanc
704 4423 966 4478 pugnam
1017 4408 1332 4478 sustinere,
1352 4425 1627 4482 egressus
1671 4412 1741 4467 de
1782 4416 2161 4483 monasterio,

2265 1893 2599 1947 Prostratus
2635 1908 2769 1946 vero
2804 1892 2861 1946 in
2893 1891 3162 1946 umbram
3194 1908 3299 1963 ego
3333 1892 3519 1947 factus
3551 1909 3682 1946 sum
3730 1894 3787 1948 in
3821 1910 3911 1948 ec-

2263 1982 2682 2052 stasi,vidique
2697 1980 3412 2052 piscinam,aquaplenam
3429 1986 3487 2035 et
3503 1981 3876 2035 circumfluen
3898 2013 3916 2024 -

2263 2078 2407 2135 tem,
2438 2072 2587 2125 duos
2616 2076 2809 2125 autem
2846 2086 3026 2141 supra
3067 2070 3305 2141 piscinas
3353 2069 3577 2125 labium
3611 2070 3910 2139 assistere,

2262 2177 2483 2231 vasque
2506 2177 2687 2214 unum
2716 2159 3000 2231 ligneum.
3025 2160 3185 2213 Tunc
3208 2159 3353 2229 cmpi
3373 2176 3557 2213 unum
3577 2175 3644 2213 ex
3673 2159 3788 2215 illis
3812 2177 3911 2215 ro-

2262 2264 2417 2319 gare,
2444 2248 2677 2303 dicens:
2715 2250 2823 2303 li‘ac
2847 2264 3072 2301 mecum
3100 2247 3468 2316 charitatem,
3492 2249 3913 2315 domine,etda

2264 2338 2406 2391 mihi
2431 2337 2711 2406 pusillum
2733 2338 3205 2408 aqum,quoniam
3229 2336 3568 2392 deficio.llle
3589 2352 3722 2391 vero
3747 2337 3910 2391 nole-

2262 2428 2378 2480 bat.
2416 2428 2579 2481 Tunc
2605 2426 2750 2480 dicit
2770 2427 2841 2480 ad
2875 2442 3008 2479 eum
3038 2426 3186 2481 alter
3212 2442 3223 2478 :
3248 2432 3329 2481 Da
3354 2425 3435 2479 illi
3460 2427 3773 2480 modicum.
3802 2427 3912 2490 Qui

2264 2517 2565 2586 respondit
2596 2516 2667 2584 ei,
2696 2517 2930 2569 dicens:
2955 2516 3078 2570 Non
3112 2516 3321 2569 demus
3340 2514 3412 2579 ei,
3445 2514 3611 2569 valde
3632 2516 3783 2569 enim
3806 2517 3912 2569 de-

2266 2606 2524 2661 sidiosus
2555 2611 2664 2673 est,
2698 2611 2756 2659 et
2774 2604 3074 2676 negligens
3098 2606 3209 2659 sui.
3240 2604 3475 2660 Atalter
3500 2622 3511 2657 :
3539 2604 3748 2676 Utique
3767 2623 3916 2660 sane

2263 2695 2563 2765 negligens
2593 2700 2683 2750 est
2711 2711 2776 2749 ac
2796 2694 3149 2763 desidiosus,
3184 2699 3421 2765 propter
3447 2693 3909 2765 hospitalitatem

2262 2787 2457 2839 tamen
2480 2784 2688 2838 demus
2716 2784 2788 2838 ei.
2824 2788 3013 2854 Atque
3043 2784 3125 2838 ita
3156 2782 3531 2854 praebuerunt
3558 2782 3702 2838 mihi
3734 2787 3790 2838 et
3808 2783 3904 2838 his

2263 2873 2358 2944 qui
2394 2889 2623 2927 mecum
2660 2876 2846 2929 erant.
2874 2873 3005 2927 Mox
3036 2878 3230 2927 autem
3265 2878 3328 2927 ut
3359 2871 3639 2942 bibimus,
3673 2874 3907 2928 confor-

2260 2963 2367 3017 tati
2410 2979 2638 3027 sumus,
2687 2968 2744 3016 et
2774 2964 2885 3017 iter
2930 2969 3168 3033 agentes
3192 2963 3378 3016 tribus
3422 2962 3631 3016 diebus
3674 2962 3802 3017 aliis
3826 2962 3911 3017 si-

2262 3070 2334 3108 ne
2364 3058 2525 3125 potu,
2561 3051 2935 3122 pervenimus
2965 3053 3030 3106 ad
3070 3052 3195 3106 loca
3229 3050 3585 3107 habitabilis.

2867 3158 3094 3215 CAPUT
3125 3158 3302 3214 XVII.

2802 3248 2923 3302 Vita
2973 3248 3150 3303 Macni
3203 3251 3373 3303 senis.

2336 3339 2619 3393 Dicebant
2650 3339 2719 3392 de
2751 3338 3005 3409 quodam
3058 3337 3261 3393 Macno
3293 3353 3451 3405 sene,
3486 3338 3584 3409 qui
3614 3338 3669 3392 in
3705 3340 3919 3394 eodem

2264 3427 2619 3484 monasterio
2644 3427 2870 3481 abbatis
2902 3426 3050 3482 Petri
3073 3427 3424 3494 morabatur,
3445 3427 3599 3498 quod
3621 3429 3920 3499 quinqua-

2265 3519 2426 3590 ginta
2459 3534 2644 3573 annos
2675 3518 2889 3588 egisset
2920 3517 2977 3571 in
3012 3516 3292 3587 spelunca
3325 3534 3455 3584 sua,
3490 3533 3678 3589 neque
3707 3517 3923 3573 vinum

2264 3609 2495 3673 bibens,
2526 3624 2714 3677 neque
2748 3623 2955 3677 panem
2979 3606 3311 3673 comedens,
3338 3606 3449 3660 nisi
3480 3610 3709 3661 tantum
3734 3608 3925 3663 furfu-

2266 3712 2453 3751 reum.
2488 3696 2683 3750 Tertio
2729 3700 2919 3750 autem
2955 3693 3207 3765 singulis
3252 3694 3719 3749 hebdomadibus
3750 3712 3923 3750 com-

2268 3784 2629 3839 municabat.

2853 3871 3077 3928 CAPUT
3111 3872 3318 3928 XVIII.

2274 3964 2391 4018 Vita
2424 3963 2659 4018 alterius
2684 3962 2841 4018 Senis
2864 3961 3190 4017 monasterii
3221 3963 3439 4018 Laurae,
3464 3964 3559 4033 qui
3586 3980 3712 4018 cum
3736 3964 3925 4020 leoni-

2865 4034 2961 4088 bus
2996 4034 3317 4089 dormiebat.

2339 4124 2610 4179 Narravit
2641 4122 2811 4178 nobis
2844 4123 3027 4179 abbas
3062 4122 3481 4195 Polychronius
3512 4124 3823 4197 presbyter
3853 4128 3935 4182 de

2269 4214 2381 4269 alio
2413 4229 2567 4279 sene,
2602 4211 2701 4282 qui
2734 4211 2976 4266 sedebat
3008 4212 3064 4265 in
3096 4212 3300 4267 eadem
3334 4212 3525 4267 Laura
3549 4213 3784 4269 abbatis
3818 4215 3938 4269 Pe-

2269 4303 2365 4371 tri,
2398 4302 2551 4372 quod
2578 4301 2926 4373 plerumque
2956 4300 3181 4368 abiens,
3215 4301 3272 4355 in
3306 4301 3434 4371 ripa
3460 4302 3738 4359 Jordanis
3762 4321 3939 4360 com-

2270 4394 2567 4459 manebat,
2602 4398 2658 4447 et
2690 4391 2787 4445 ubi
2819 4390 3015 4446 cubile
3045 4389 3231 4445 leonis
3261 4390 3601 4457 invenisset,
3626 4390 3749 4447 illic
3784 4394 3934 4447 dor-

514 4494 814 4565 profectus
844 4500 934 4551 est
960 4496 1212 4565 Jericho,
1250 4502 1312 4553 ut
1342 4478 1827 4572 concupiscentiae
1859 4503 2013 4560 866
2044 4478 2161 4562 suae
2197 4519 2246 4582 ι)
2277 4481 2518 4582 Enni”?
2553 4480 2657 4536 Die
2694 4496 2837 4582 item
2870 4480 3125 4579 quad“?
3175 4478 3492 4582 “Iliada,”
3523 4480 3934 4582 leOPiSHCMP'

512 4583 1144 4658 satisfaceret.Moxque
1177 4592 1242 4642 ut
1266 4589 1590 4646 meretricis
1622 4590 1831 4647 cellam
1864 4592 2168 4666 ingressus

515 4678 623 4743 est,
644 4671 912 4745 leprosus
937 4674 1123 4730 factus
1140 4682 1228 4730 est
1250 4681 1428 4732 totus.
1450 4678 1662 4735 Videas
1685 4686 1877 4737 autem
1905 4682 2150 4754 lepram,

512 4764 792 4820 continuo
825 4764 1001 4820 rediit
1030 4766 1100 4821 ad
1135 4768 1583 4837 monasterium,
1615 4769 1726 4825 Deo
1758 4772 1977 4842 gratias
2010 4775 2154 4830 refe-

507 4870 641 4908 rens
672 4852 990 4910 etdicens:
1026 4854 1248 4910 Idcirco
1277 4860 1434 4911 Deus
1480 4858 1587 4913 hac
1630 4876 1722 4915 me
1773 4862 2157 4933 castigatione

514 4942 825 5013 percussit,
856 4944 1136 5000 utanima
1170 4960 1293 5000 mea
1321 4945 1480 5000 salva
1502 4946 1597 5011 sit,
1623 4952 1680 5003 et
1708 4952 2011 5022 magnifice
2035 4951 2155 5025 glo-

515 5030 785 5088 rificabat
814 5038 1018 5088 Deum.

1147 5122 1377 5179 CAPUT
1408 5123 1525 5179 XV.

801 5212 1021 5267 Factum
1054 5212 1313 5268 mirabile
1362 5213 1578 5269 abbatis
1618 5214 1872 5273 Cononis.

586 5299 868 5356 Dicebant
899 5300 968 5355 de
996 5300 1205 5356 abbate
1235 5302 1467 5357 Conone
1515 5304 1780 5359 antistite
1820 5308 2161 5363 monasterii

515 5388 899 5458 Penthucula,
924 5390 1186 5459 quoddie
1228 5392 1480 5462 quadam
1518 5409 1650 5447 cum
1686 5394 1795 5451 iret
1815 5397 2159 5453 Betamarim

516 5478 716 5534 obvios
747 5476 951 5533 habuit
979 5478 1266 5535 Iiebrreos.
1302 5482 1561 5547 Quicum
1597 5500 1729 5538 eum
1763 5484 2025 5541 occidere
2046 5486 2161 5541 vel-

518 5567 660 5634 lent,
694 5566 977 5624 districtis
1026 5566 1238 5639 gladiis
1286 5577 1667 5627 occurrerunt
1697 5578 1899 5628 contra
1939 5589 2160 5631 senem.

519 5660 779 5728 Cumque
794 5656 1389 5730 appropinquassent,
1408 5659 1812 5733 vibrarentque
1828 5662 1881 5719 in
1899 5678 2031 5719 eum
2048 5662 2165 5735 gla-

2282 4571 2368 4626 los
2400 4571 2555 4625 intra
2613 4570 2858 4640 pallium
2892 4586 3066 4623 suum
3102 4569 3158 4622 in
3221 4568 3548 4637 ecclesiam,
3582 4576 3639 4625 et
3693 4571 3949 4628 dicebat

2264 4660 2582 4715 fratribus:
2619 4659 2676 4713 Si
2712 4659 2995 4713 mandata
3025 4657 3258 4712 Domini
3307 4658 3491 4713 nostri
3523 4659 3663 4715 Jesu
3699 4660 3941 4717 Christi

2266 4749 2720 4811 custodiremus,
2762 4748 2875 4801 ista
2906 4747 3184 4801 animalia
3210 4748 3465 4818 profecto
3486 4766 3589 4803 nos
3617 4751 3941 4819 timerent;

2268 4840 2367 4894 sed
2405 4843 2640 4909 propter
2674 4842 2974 4907 peccatum
3003 4837 3152 4892 servi
3185 4836 3395 4904 effecti,
3434 4853 3538 4892 nos
3562 4836 3694 4893 illos
3718 4842 3953 4896 timere

2270 4929 2741 4999 comprobamur.
2786 4927 2907 4989 Qua
2941 4943 2998 4980 re
3034 4926 3341 4996 magnifice
3387 4926 3654 4983 (adificati
3690 4928 3947 5000 fratres,

2273 5017 2342 5072 ad
2379 5016 2714 5072 mansiones
2746 5032 2883 5069 suas
2916 5019 3297 5070 recesserunt.

2877 5121 3107 5177 CAPUT
3156 5122 3311 5177 XIX.

2622 5212 2834 5267 Relatio
2865 5211 3081 5267 abbatis
3110 5212 3253 5268 Elia:
3283 5211 3349 5267 de
3370 5212 3566 5284 seipse.

2342 5303 2794 5359 Narravitnobis
2812 5303 2992 5359 abbas
3008 5302 3181 5369 Elias,
3198 5303 3396 5359 dicens
3422 5321 3433 5357 :
3452 5306 3591 5359 Cum
3608 5304 3954 5376 aliquando

2276 5411 2534 5449 morarer
2556 5393 2612 5447 in
2640 5393 2908 5465 partibus
2932 5392 3117 5447 sancti
3142 5393 3417 5447 Jordanis
3440 5393 3497 5448 in
3523 5394 3739 5466 spelaeo
3760 5397 3954 5467 juxta

2274 5482 2689 5538 Eunuchorum
2718 5482 3165 5549 monasterium,
3186 5482 3313 5537 ideo
3335 5483 3489 5553 quod
3509 5500 3621 5539 non
3660 5500 3954 5542 commu-

2276 5572 2525 5627 nicarem
2561 5571 2811 5625 Macario
2832 5571 3275 5643 archiepiscopo
3298 5571 3825 5645 Jeresolymitano,
3849 5577 3954 5633 die

2274 5662 2528 5735 quadam
2554 5660 2705 5717 circa
2727 5659 2930 5715 horam
2961 5664 3209 5726 sextam,
3235 5664 3377 5716 testu
3406 5660 3954 5722 vehementissimo
