  <div class='ocr_page' id='page_1' title='image "/cluster/home/n/w/nwhite01/storage/ocr_20150623/74/hvd.32044054758792/070.png"; bbox 0 0 4122 6188; ppageno 0'>
   <div class='ocr_carea' id='block_1_1' title="bbox 352 304 458 358">
    <p class='ocr_par' dir='ltr' id='par_1_1' title="bbox 352 304 458 358">
     <span class='ocr_line' id='line_1_1' title="bbox 352 304 458 358; baseline 0 0"><span class='ocrx_word' id='word_1_1' title='bbox 352 304 458 358; x_wconf 81' lang='grc'>129</span> 
     </span>
    </p>
   </div>
   <div class='ocr_carea' id='block_1_2' title="bbox 1676 309 2456 366">
    <p class='ocr_par' dir='ltr' id='par_1_2' title="bbox 1676 309 2456 366">
     <span class='ocr_line' id='line_1_2' title="bbox 1676 309 2456 366; baseline 0.004 -4"><span class='ocrx_word' id='word_1_2' title='bbox 1676 309 1975 364; x_wconf 79' lang='lat' dir='ltr'>PRATUM</span> <span class='ocrx_word' id='word_1_3' title='bbox 2009 311 2456 366; x_wconf 80' lang='lat' dir='ltr'>BPIRITUALE.</span> 
     </span>
    </p>
   </div>
   <div class='ocr_carea' id='block_1_3' title="bbox 3664 334 3768 389">
    <p class='ocr_par' dir='ltr' id='par_1_3' title="bbox 3664 334 3768 389">
     <span class='ocr_line' id='line_1_3' title="bbox 3664 334 3768 389; baseline 0.01 -1"><span class='ocrx_word' id='word_1_4' title='bbox 3664 334 3768 389; x_wconf 88' lang='grc'>130</span> 
     </span>
    </p>
   </div>
   <div class='ocr_carea' id='block_1_4' title="bbox 346 427 3762 526">
    <p class='ocr_par' dir='ltr' id='par_1_4' title="bbox 346 427 3762 526">
     <span class='ocr_line' id='line_1_4' title="bbox 346 427 3762 526; baseline 0.01 -43"><span class='ocrx_word' id='word_1_5' title='bbox 346 430 638 499; x_wconf 88' lang='lat' dir='ltr'>coquente</span> <span class='ocrx_word' id='word_1_6' title='bbox 668 428 923 499; x_wconf 83' lang='lat' dir='ltr'>desuper</span> <span class='ocrx_word' id='word_1_7' title='bbox 948 428 1093 499; x_wconf 85' lang='lat' dir='ltr'>(erat</span> <span class='ocrx_word' id='word_1_8' title='bbox 1112 427 1267 482; x_wconf 92' lang='lat' dir='ltr'>enim</span> <span class='ocrx_word' id='word_1_9' title='bbox 1294 429 1855 499; x_wconf 68' lang='lat' dir='ltr'>Augustnsmensis)</span> <span class='ocrx_word' id='word_1_10' title='bbox 1879 432 2007 501; x_wconf 89' lang='lat' dir='ltr'>puI-</span> <span class='ocrx_word' id='word_1_11' title='bbox 2040 434 2089 499; x_wconf 83' lang='lat' dir='ltr'><strong>A</strong></span> <span class='ocrx_word' id='word_1_12' title='bbox 2124 431 2310 502; x_wconf 89' lang='lat' dir='ltr'>illum,</span> <span class='ocrx_word' id='word_1_13' title='bbox 2336 451 2604 495; x_wconf 77' lang='lat' dir='ltr'>reversus</span> <span class='ocrx_word' id='word_1_14' title='bbox 2641 456 2791 495; x_wconf 89' lang='lat' dir='ltr'>unus</span> <span class='ocrx_word' id='word_1_15' title='bbox 2822 458 2889 497; x_wconf 85' lang='lat' dir='ltr'>ex</span> <span class='ocrx_word' id='word_1_16' title='bbox 2921 444 3003 500; x_wconf 90' lang='lat' dir='ltr'>eis</span> <span class='ocrx_word' id='word_1_17' title='bbox 3035 450 3399 510; x_wconf 74' lang='lat' dir='ltr'>anachoreta:</span> <span class='ocrx_word' id='word_1_18' title='bbox 3430 461 3605 526; x_wconf 87' lang='lat' dir='ltr'>caput</span> <span class='ocrx_word' id='word_1_19' title='bbox 3634 459 3762 515; x_wconf 84' lang='lat' dir='ltr'>abs-</span> 
     </span>
    </p>
   </div>
   <div class='ocr_carea' id='block_1_5' title="bbox 351 517 2008 590">
    <p class='ocr_par' dir='ltr' id='par_1_5' title="bbox 351 517 2008 590">
     <span class='ocr_line' id='line_1_5' title="bbox 351 517 2008 590; baseline 0.002 -17"><span class='ocrx_word' id='word_1_20' title='bbox 351 518 509 573; x_wconf 89' lang='lat' dir='ltr'>savit</span> <span class='ocrx_word' id='word_1_21' title='bbox 539 518 781 587; x_wconf 87' lang='lat' dir='ltr'>quidam</span> <span class='ocrx_word' id='word_1_22' title='bbox 815 517 1032 571; x_wconf 77' lang='lat' dir='ltr'>ostium</span> <span class='ocrx_word' id='word_1_23' title='bbox 1064 520 1359 589; x_wconf 59' lang='lat' dir='ltr'>spelunca:</span> <span class='ocrx_word' id='word_1_24' title='bbox 1384 535 1551 574; x_wconf 74' lang='lat' dir='ltr'>meze:</span> <span class='ocrx_word' id='word_1_25' title='bbox 1577 536 1851 590; x_wconf 86' lang='lat' dir='ltr'>egressus</span> <span class='ocrx_word' id='word_1_26' title='bbox 1876 538 2008 577; x_wconf 83' lang='lat' dir='ltr'>vero</span> 
     </span>
    </p>
   </div>
   <div class='ocr_carea' id='block_1_6' title="bbox 348 606 2010 673">
    <p class='ocr_par' dir='ltr' id='par_1_6' title="bbox 348 606 2010 673">
     <span class='ocr_line' id='line_1_6' title="bbox 348 606 2010 673; baseline 0.003 -14"><span class='ocrx_word' id='word_1_27' title='bbox 348 609 467 661; x_wconf 71' lang='lat' dir='ltr'>ridi</span> <span class='ocrx_word' id='word_1_28' title='bbox 506 606 831 673; x_wconf 81' lang='lat' dir='ltr'>mulierem,</span> <span class='ocrx_word' id='word_1_29' title='bbox 857 612 912 660; x_wconf 88' lang='lat' dir='ltr'>et</span> <span class='ocrx_word' id='word_1_30' title='bbox 944 607 1059 662; x_wconf 79' lang='lat' dir='ltr'>dixi</span> <span class='ocrx_word' id='word_1_31' title='bbox 1095 608 1162 661; x_wconf 88' lang='lat' dir='ltr'>ad</span> <span class='ocrx_word' id='word_1_32' title='bbox 1200 607 1358 662; x_wconf 85' lang='lat' dir='ltr'>illam</span> <span class='ocrx_word' id='word_1_33' title='bbox 1391 624 1402 661; x_wconf 87' lang='lat'><strong>:</strong></span> <span class='ocrx_word' id='word_1_34' title='bbox 1438 609 1581 673; x_wconf 77' lang='lat' dir='ltr'>Quid</span> <span class='ocrx_word' id='word_1_35' title='bbox 1612 616 1671 664; x_wconf 88' lang='lat' dir='ltr'>tu</span> <span class='ocrx_word' id='word_1_36' title='bbox 1708 610 1801 664; x_wconf 91' lang='lat' dir='ltr'>hic</span> <span class='ocrx_word' id='word_1_37' title='bbox 1835 612 2010 665; x_wconf 78' lang='lat' dir='ltr'>facis?</span> 
     </span>
    </p>
   </div>
   <div class='ocr_carea' id='block_1_7' title="bbox 348 696 2007 768">
    <p class='ocr_par' dir='ltr' id='par_1_7' title="bbox 348 696 2007 768">
     <span class='ocr_line' id='line_1_7' title="bbox 348 696 2007 768; baseline 0.001 -17"><span class='ocrx_word' id='word_1_38' title='bbox 348 697 419 751; x_wconf 79' lang='lat' dir='ltr'>Et</span> <span class='ocrx_word' id='word_1_39' title='bbox 454 698 839 768; x_wconf 87' lang='lat' dir='ltr'>respondens,</span> <span class='ocrx_word' id='word_1_40' title='bbox 867 696 1013 749; x_wconf 83' lang='lat' dir='ltr'>dixit</span> <span class='ocrx_word' id='word_1_41' title='bbox 1045 696 1223 750; x_wconf 89' lang='lat' dir='ltr'>mihi:</span> <span class='ocrx_word' id='word_1_42' title='bbox 1259 701 1324 749; x_wconf 82' lang='lat' dir='ltr'>Et</span> <span class='ocrx_word' id='word_1_43' title='bbox 1369 712 1497 767; x_wconf 92' lang='lat' dir='ltr'>ego,</span> <span class='ocrx_word' id='word_1_44' title='bbox 1533 698 1608 752; x_wconf 93' lang='lat' dir='ltr'>mi</span> <span class='ocrx_word' id='word_1_45' title='bbox 1635 703 1816 767; x_wconf 87' lang='lat' dir='ltr'>pater,</span> <span class='ocrx_word' id='word_1_46' title='bbox 1852 700 2007 767; x_wconf 73' lang='lat' dir='ltr'>ejus-</span> 
     </span>
    </p>
   </div>
   <div class='ocr_carea' id='block_1_8' title="bbox 349 786 2006 858">
    <p class='ocr_par' dir='ltr' id='par_1_8' title="bbox 349 786 2006 858">
     <span class='ocr_line' id='line_1_8' title="bbox 349 786 2006 858; baseline 0.001 -18"><span class='ocrx_word' id='word_1_47' title='bbox 349 788 487 841; x_wconf 84' lang='lat' dir='ltr'>dem</span> <span class='ocrx_word' id='word_1_48' title='bbox 522 802 631 855; x_wconf 86' lang='lat' dir='ltr'>quo</span> <span class='ocrx_word' id='word_1_49' title='bbox 663 791 717 840; x_wconf 93' lang='lat' dir='ltr'>te</span> <span class='ocrx_word' id='word_1_50' title='bbox 749 786 1000 839; x_wconf 76' lang='lat' dir='ltr'>instituti</span> <span class='ocrx_word' id='word_1_51' title='bbox 1028 802 1181 850; x_wconf 90' lang='lat' dir='ltr'>sum,</span> <span class='ocrx_word' id='word_1_52' title='bbox 1209 790 1263 838; x_wconf 89' lang='lat' dir='ltr'>et</span> <span class='ocrx_word' id='word_1_53' title='bbox 1286 787 1456 856; x_wconf 86' lang='lat' dir='ltr'>quasi</span> <span class='ocrx_word' id='word_1_54' title='bbox 1481 804 1594 840; x_wconf 91' lang='lat' dir='ltr'>uno</span> <span class='ocrx_word' id='word_1_55' title='bbox 1616 786 1807 858; x_wconf 82' lang='lat' dir='ltr'>lapide</span> <span class='ocrx_word' id='word_1_56' title='bbox 1827 789 2006 843; x_wconf 85' lang='lat' dir='ltr'>distat</span> 
     </span>
    </p>
   </div>
   <div class='ocr_carea' id='block_1_9' title="bbox 350 875 2007 945">
    <p class='ocr_par' dir='ltr' id='par_1_9' title="bbox 350 875 2007 945">
     <span class='ocr_line' id='line_1_9' title="bbox 350 875 2007 945; baseline 0.001 -15"><span class='ocrx_word' id='word_1_57' title='bbox 350 882 472 930; x_wconf 91' lang='lat' dir='ltr'>ate</span> <span class='ocrx_word' id='word_1_58' title='bbox 520 875 802 945; x_wconf 83' lang='lat' dir='ltr'>spelunca</span> <span class='ocrx_word' id='word_1_59' title='bbox 860 891 1006 929; x_wconf 89' lang='lat' dir='ltr'>mea.</span> <span class='ocrx_word' id='word_1_60' title='bbox 1042 875 1394 929; x_wconf 82' lang='lat' dir='ltr'>Ostendebat</span> <span class='ocrx_word' id='word_1_61' title='bbox 1452 880 1645 930; x_wconf 87' lang='lat' dir='ltr'>autem</span> <span class='ocrx_word' id='word_1_62' title='bbox 1704 881 1759 931; x_wconf 92' lang='lat' dir='ltr'>et</span> <span class='ocrx_word' id='word_1_63' title='bbox 1816 876 2007 933; x_wconf 91' lang='lat' dir='ltr'>locum</span> 
     </span>
    </p>
   </div>
   <div class='ocr_carea' id='block_1_10' title="bbox 349 961 2012 1033">
    <p class='ocr_par' dir='ltr' id='par_1_10' title="bbox 349 961 2012 1033">
     <span class='ocr_line' id='line_1_10' title="bbox 349 961 2012 1033; baseline 0.002 -16"><span class='ocrx_word' id='word_1_64' title='bbox 349 964 523 1033; x_wconf 83' lang='lat' dir='ltr'>quasi</span> <span class='ocrx_word' id='word_1_65' title='bbox 557 961 627 1015; x_wconf 88' lang='lat' dir='ltr'>ad</span> <span class='ocrx_word' id='word_1_66' title='bbox 644 962 1020 1016; x_wconf 80' lang='lat' dir='ltr'>Austrum.Et</span> <span class='ocrx_word' id='word_1_67' title='bbox 1054 961 1169 1017; x_wconf 88' lang='lat' dir='ltr'>ait:</span> <span class='ocrx_word' id='word_1_68' title='bbox 1203 962 1460 1017; x_wconf 89' lang='lat' dir='ltr'>Lustravi</span> <span class='ocrx_word' id='word_1_69' title='bbox 1498 964 1644 1019; x_wconf 88' lang='lat' dir='ltr'>hanc</span> <span class='ocrx_word' id='word_1_70' title='bbox 1663 969 2012 1030; x_wconf 86' lang='lat' dir='ltr'>eremum,et</span> 
     </span>
    </p>
   </div>
   <div class='ocr_carea' id='block_1_11' title="bbox 348 1052 2009 1125">
    <p class='ocr_par' dir='ltr' id='par_1_11' title="bbox 348 1052 2009 1125">
     <span class='ocr_line' id='line_1_11' title="bbox 348 1052 2009 1125; baseline 0.003 -19"><span class='ocrx_word' id='word_1_71' title='bbox 348 1069 467 1123; x_wconf 61' lang='lat' dir='ltr'>pra</span> <span class='ocrx_word' id='word_1_72' title='bbox 486 1057 615 1107; x_wconf 89' lang='lat' dir='ltr'>estu</span> <span class='ocrx_word' id='word_1_73' title='bbox 634 1052 816 1107; x_wconf 91' lang='lat' dir='ltr'>nimio</span> <span class='ocrx_word' id='word_1_74' title='bbox 840 1052 935 1108; x_wconf 85' lang='lat' dir='ltr'>siti</span> <span class='ocrx_word' id='word_1_75' title='bbox 960 1053 1200 1125; x_wconf 86' lang='lat' dir='ltr'>fatigata</span> <span class='ocrx_word' id='word_1_76' title='bbox 1222 1054 1469 1121; x_wconf 87' lang='lat' dir='ltr'>sum;fac</span> <span class='ocrx_word' id='word_1_77' title='bbox 1484 1070 1618 1125; x_wconf 83' lang='lat' dir='ltr'>ergo</span> <span class='ocrx_word' id='word_1_78' title='bbox 1642 1055 2009 1123; x_wconf 82' lang='lat' dir='ltr'>charitatem,</span> 
     </span>
    </p>
   </div>
   <div class='ocr_carea' id='block_1_12' title="bbox 349 1143 2008 1215">
    <p class='ocr_par' dir='ltr' id='par_1_12' title="bbox 349 1143 2008 1215">
     <span class='ocr_line' id='line_1_12' title="bbox 349 1143 2008 1215; baseline 0 -16"><span class='ocrx_word' id='word_1_79' title='bbox 349 1150 538 1215; x_wconf 86' lang='lat' dir='ltr'>pater,</span> <span class='ocrx_word' id='word_1_80' title='bbox 573 1148 631 1199; x_wconf 88' lang='lat' dir='ltr'>et</span> <span class='ocrx_word' id='word_1_81' title='bbox 661 1145 735 1199; x_wconf 90' lang='lat' dir='ltr'>da</span> <span class='ocrx_word' id='word_1_82' title='bbox 781 1143 924 1198; x_wconf 88' lang='lat' dir='ltr'>mihi</span> <span class='ocrx_word' id='word_1_83' title='bbox 985 1143 1267 1213; x_wconf 86' lang='lat' dir='ltr'>pusillum</span> <span class='ocrx_word' id='word_1_84' title='bbox 1320 1161 1504 1215; x_wconf 77' lang='lat' dir='ltr'>aquze.</span> <span class='ocrx_word' id='word_1_85' title='bbox 1566 1145 1766 1215; x_wconf 83' lang='lat' dir='ltr'>Itaque</span> <span class='ocrx_word' id='word_1_86' title='bbox 1797 1144 2008 1215; x_wconf 87' lang='lat' dir='ltr'>protuli</span> 
     </span>
    </p>
   </div>
   <div class='ocr_carea' id='block_1_13' title="bbox 353 1234 2009 1304">
    <p class='ocr_par' dir='ltr' id='par_1_13' title="bbox 353 1234 2009 1304">
     <span class='ocr_line' id='line_1_13' title="bbox 353 1234 2009 1304; baseline 0.001 -17"><span class='ocrx_word' id='word_1_87' title='bbox 353 1250 624 1299; x_wconf 86' lang='lat' dir='ltr'>urceum,</span> <span class='ocrx_word' id='word_1_88' title='bbox 651 1240 709 1289; x_wconf 92' lang='lat' dir='ltr'>et</span> <span class='ocrx_word' id='word_1_89' title='bbox 738 1234 867 1288; x_wconf 89' lang='lat' dir='ltr'>dedi</span> <span class='ocrx_word' id='word_1_90' title='bbox 901 1234 971 1288; x_wconf 91' lang='lat' dir='ltr'>ei.</span> <span class='ocrx_word' id='word_1_91' title='bbox 1010 1236 1143 1298; x_wconf 65' lang='lat' dir='ltr'>Quae</span> <span class='ocrx_word' id='word_1_92' title='bbox 1171 1250 1304 1288; x_wconf 90' lang='lat' dir='ltr'>cum</span> <span class='ocrx_word' id='word_1_93' title='bbox 1338 1250 1581 1289; x_wconf 88' lang='lat' dir='ltr'>sumens</span> <span class='ocrx_word' id='word_1_94' title='bbox 1614 1234 1884 1304; x_wconf 79' lang='lat' dir='ltr'>bibisset,</span> <span class='ocrx_word' id='word_1_95' title='bbox 1918 1235 2009 1289; x_wconf 85' lang='lat' dir='ltr'>di-</span> 
     </span>
    </p>
   </div>
   <div class='ocr_carea' id='block_1_14' title="bbox 355 1322 2009 1394">
    <p class='ocr_par' dir='ltr' id='par_1_14' title="bbox 355 1322 2009 1394">
     <span class='ocr_line' id='line_1_14' title="bbox 355 1322 2009 1394; baseline 0.001 -18"><span class='ocrx_word' id='word_1_96' title='bbox 355 1322 493 1377; x_wconf 87' lang='lat' dir='ltr'>misi</span> <span class='ocrx_word' id='word_1_97' title='bbox 516 1322 702 1377; x_wconf 88' lang='lat' dir='ltr'>illam.</span> <span class='ocrx_word' id='word_1_98' title='bbox 727 1324 873 1378; x_wconf 86' lang='lat' dir='ltr'>Cum</span> <span class='ocrx_word' id='word_1_99' title='bbox 895 1325 1087 1377; x_wconf 88' lang='lat' dir='ltr'>autem</span> <span class='ocrx_word' id='word_1_100' title='bbox 1114 1322 1374 1391; x_wconf 90' lang='lat' dir='ltr'>abiisset,</span> <span class='ocrx_word' id='word_1_101' title='bbox 1398 1322 1572 1394; x_wconf 82' lang='lat' dir='ltr'>coepit</span> <span class='ocrx_word' id='word_1_102' title='bbox 1592 1322 1862 1378; x_wconf 87' lang='lat' dir='ltr'>diabolus</span> <span class='ocrx_word' id='word_1_103' title='bbox 1894 1323 2009 1378; x_wconf 86' lang='lat' dir='ltr'>im-</span> 
     </span>
    </p>
   </div>
   <div class='ocr_carea' id='block_1_15' title="bbox 350 1411 2006 1484">
    <p class='ocr_par' dir='ltr' id='par_1_15' title="bbox 350 1411 2006 1484">
     <span class='ocr_line' id='line_1_15' title="bbox 350 1411 2006 1484; baseline 0.001 -19"><span class='ocrx_word' id='word_1_104' title='bbox 350 1428 618 1484; x_wconf 84' lang='lat' dir='ltr'>pugnare</span> <span class='ocrx_word' id='word_1_105' title='bbox 636 1413 1065 1467; x_wconf 87' lang='lat' dir='ltr'>meimmittens</span> <span class='ocrx_word' id='word_1_106' title='bbox 1079 1411 1457 1481; x_wconf 80' lang='lat' dir='ltr'>cogitationes</span> <span class='ocrx_word' id='word_1_107' title='bbox 1490 1412 1756 1467; x_wconf 81' lang='lat' dir='ltr'>sordidas</span> <span class='ocrx_word' id='word_1_108' title='bbox 1779 1413 1835 1466; x_wconf 92' lang='lat' dir='ltr'>in</span> <span class='ocrx_word' id='word_1_109' title='bbox 1859 1429 2006 1467; x_wconf 83' lang='lat' dir='ltr'>eam.</span> 
     </span>
    </p>
   </div>
   <div class='ocr_carea' id='block_1_16' title="bbox 351 1500 2011 1574">
    <p class='ocr_par' dir='ltr' id='par_1_16' title="bbox 351 1500 2011 1574">
     <span class='ocr_line' id='line_1_16' title="bbox 351 1500 2011 1574; baseline 0.001 -18"><span class='ocrx_word' id='word_1_110' title='bbox 351 1502 679 1574; x_wconf 83' lang='lat' dir='ltr'>Superatus</span> <span class='ocrx_word' id='word_1_111' title='bbox 738 1504 917 1574; x_wconf 83' lang='lat' dir='ltr'>igitur</span> <span class='ocrx_word' id='word_1_112' title='bbox 948 1519 1136 1573; x_wconf 86' lang='lat' dir='ltr'>neque</span> <span class='ocrx_word' id='word_1_113' title='bbox 1170 1503 1359 1557; x_wconf 89' lang='lat' dir='ltr'>ferens</span> <span class='ocrx_word' id='word_1_114' title='bbox 1411 1500 1671 1557; x_wconf 80' lang='lat' dir='ltr'>libidinis</span> <span class='ocrx_word' id='word_1_115' title='bbox 1719 1504 2011 1570; x_wconf 87' lang='lat' dir='ltr'>ardorem,</span> 
     </span>
    </p>
   </div>
   <div class='ocr_carea' id='block_1_17' title="bbox 348 1591 2009 1664">
    <p class='ocr_par' dir='ltr' id='par_1_17' title="bbox 348 1591 2009 1664">
     <span class='ocr_line' id='line_1_17' title="bbox 348 1591 2009 1664; baseline 0.001 -17"><span class='ocrx_word' id='word_1_116' title='bbox 348 1598 592 1664; x_wconf 87' lang='lat' dir='ltr'>sumpta</span> <span class='ocrx_word' id='word_1_117' title='bbox 613 1594 776 1664; x_wconf 85' lang='lat' dir='ltr'>virga</span> <span class='ocrx_word' id='word_1_118' title='bbox 796 1609 947 1659; x_wconf 89' lang='lat' dir='ltr'>mea,</span> <span class='ocrx_word' id='word_1_119' title='bbox 981 1591 1187 1647; x_wconf 80' lang='lat' dir='ltr'>cellam</span> <span class='ocrx_word' id='word_1_120' title='bbox 1221 1608 1494 1663; x_wconf 85' lang='lat' dir='ltr'>egressus</span> <span class='ocrx_word' id='word_1_121' title='bbox 1527 1608 1658 1647; x_wconf 90' lang='lat' dir='ltr'>sum</span> <span class='ocrx_word' id='word_1_122' title='bbox 1693 1592 1751 1646; x_wconf 92' lang='lat' dir='ltr'>in</span> <span class='ocrx_word' id='word_1_123' title='bbox 1789 1593 2009 1648; x_wconf 83' lang='lat' dir='ltr'>fervore</span> 
     </span>
    </p>
   </div>
   <div class='ocr_carea' id='block_1_18' title="bbox 353 1680 2006 1752">
    <p class='ocr_par' dir='ltr' id='par_1_18' title="bbox 353 1680 2006 1752">
     <span class='ocr_line' id='line_1_18' title="bbox 353 1680 2006 1752; baseline 0.001 -17"><span class='ocrx_word' id='word_1_124' title='bbox 353 1686 555 1747; x_wconf 68' lang='lat' dir='ltr'>aestus,</span> <span class='ocrx_word' id='word_1_125' title='bbox 593 1698 724 1736; x_wconf 91' lang='lat' dir='ltr'>cum</span> <span class='ocrx_word' id='word_1_126' title='bbox 760 1680 984 1751; x_wconf 86' lang='lat' dir='ltr'>lapides</span> <span class='ocrx_word' id='word_1_127' title='bbox 1017 1681 1402 1752; x_wconf 88' lang='lat' dir='ltr'>ignescerent,</span> <span class='ocrx_word' id='word_1_128' title='bbox 1436 1681 1843 1752; x_wconf 82' lang='lat' dir='ltr'>profectusque</span> <span class='ocrx_word' id='word_1_129' title='bbox 1874 1699 2006 1736; x_wconf 91' lang='lat' dir='ltr'>sum</span> 
     </span>
    </p>
   </div>
   <div class='ocr_carea' id='block_1_19' title="bbox 352 1770 2081 1851">
    <p class='ocr_par' dir='ltr' id='par_1_19' title="bbox 352 1770 2081 1851">
     <span class='ocr_line' id='line_1_19' title="bbox 352 1770 2081 1851; baseline 0.001 -27"><span class='ocrx_word' id='word_1_130' title='bbox 352 1772 425 1824; x_wconf 88' lang='lat' dir='ltr'>ad</span> <span class='ocrx_word' id='word_1_131' title='bbox 486 1770 671 1837; x_wconf 85' lang='lat' dir='ltr'>illam,</span> <span class='ocrx_word' id='word_1_132' title='bbox 704 1775 766 1825; x_wconf 92' lang='lat' dir='ltr'>ut</span> <span class='ocrx_word' id='word_1_133' title='bbox 809 1770 1116 1841; x_wconf 88' lang='lat' dir='ltr'>implerem</span> <span class='ocrx_word' id='word_1_134' title='bbox 1166 1775 1396 1843; x_wconf 88' lang='lat' dir='ltr'>turpem</span> <span class='ocrx_word' id='word_1_135' title='bbox 1446 1771 2001 1841; x_wconf 84' lang='lat' dir='ltr'>concupiscentiam.</span> <span class='ocrx_word' id='word_1_136' title='bbox 2037 1790 2081 1851; x_wconf 79' lang='grc' dir='ltr'>Β</span> 
     </span>
    </p>
   </div>
   <div class='ocr_carea' id='block_1_20' title="bbox 350 1859 2003 1931">
    <p class='ocr_par' dir='ltr' id='par_1_20' title="bbox 350 1859 2003 1931">
     <span class='ocr_line' id='line_1_20' title="bbox 350 1859 2003 1931; baseline 0 -15"><span class='ocrx_word' id='word_1_137' title='bbox 350 1863 497 1916; x_wconf 89' lang='lat' dir='ltr'>Cum</span> <span class='ocrx_word' id='word_1_138' title='bbox 532 1878 667 1915; x_wconf 92' lang='lat' dir='ltr'>vero</span> <span class='ocrx_word' id='word_1_139' title='bbox 729 1861 909 1916; x_wconf 84' lang='lat' dir='ltr'>ferme</span> <span class='ocrx_word' id='word_1_140' title='bbox 943 1878 1057 1915; x_wconf 87' lang='lat' dir='ltr'>uno</span> <span class='ocrx_word' id='word_1_141' title='bbox 1089 1860 1280 1915; x_wconf 88' lang='lat' dir='ltr'>stadio</span> <span class='ocrx_word' id='word_1_142' title='bbox 1308 1859 1379 1914; x_wconf 89' lang='lat' dir='ltr'>ab</span> <span class='ocrx_word' id='word_1_143' title='bbox 1411 1862 1536 1929; x_wconf 83' lang='lat' dir='ltr'>ejus</span> <span class='ocrx_word' id='word_1_144' title='bbox 1571 1861 1762 1915; x_wconf 88' lang='lat' dir='ltr'>adhuc</span> <span class='ocrx_word' id='word_1_145' title='bbox 1794 1860 2003 1931; x_wconf 82' lang='lat' dir='ltr'>spelaco</span> 
     </span>
    </p>
   </div>
   <div class='ocr_carea' id='block_1_21' title="bbox 349 1948 2004 2021">
    <p class='ocr_par' dir='ltr' id='par_1_21' title="bbox 349 1948 2004 2021">
     <span class='ocr_line' id='line_1_21' title="bbox 349 1948 2004 2021; baseline 0.001 -17"><span class='ocrx_word' id='word_1_146' title='bbox 349 1950 656 2021; x_wconf 87' lang='lat' dir='ltr'>distarem,</span> <span class='ocrx_word' id='word_1_147' title='bbox 692 1955 895 2004; x_wconf 85' lang='lat' dir='ltr'>urente</span> <span class='ocrx_word' id='word_1_148' title='bbox 935 1950 1192 2021; x_wconf 86' lang='lat' dir='ltr'>graviter</span> <span class='ocrx_word' id='word_1_149' title='bbox 1249 1955 1388 2005; x_wconf 80' lang='lat' dir='ltr'>aestu</span> <span class='ocrx_word' id='word_1_150' title='bbox 1446 1948 1732 2018; x_wconf 88' lang='lat' dir='ltr'>libidinis,</span> <span class='ocrx_word' id='word_1_151' title='bbox 1769 1955 2004 2020; x_wconf 83' lang='lat' dir='ltr'>repente</span> 
     </span>
    </p>
   </div>
   <div class='ocr_carea' id='block_1_22' title="bbox 348 2039 2002 2109">
    <p class='ocr_par' dir='ltr' id='par_1_22' title="bbox 348 2039 2002 2109">
     <span class='ocr_line' id='line_1_22' title="bbox 348 2039 2002 2109; baseline 0 -16"><span class='ocrx_word' id='word_1_152' title='bbox 348 2040 541 2094; x_wconf 84' lang='lat' dir='ltr'>factus</span> <span class='ocrx_word' id='word_1_153' title='bbox 576 2039 630 2093; x_wconf 90' lang='lat' dir='ltr'>in</span> <span class='ocrx_word' id='word_1_154' title='bbox 656 2040 887 2107; x_wconf 83' lang='lat' dir='ltr'>ecstasi,</span> <span class='ocrx_word' id='word_1_155' title='bbox 921 2039 1037 2093; x_wconf 89' lang='lat' dir='ltr'>vidi</span> <span class='ocrx_word' id='word_1_156' title='bbox 1066 2044 1322 2109; x_wconf 84' lang='lat' dir='ltr'>apertam</span> <span class='ocrx_word' id='word_1_157' title='bbox 1359 2044 1594 2106; x_wconf 81' lang='lat' dir='ltr'>terram,</span> <span class='ocrx_word' id='word_1_158' title='bbox 1629 2044 1686 2094; x_wconf 89' lang='lat' dir='ltr'>et</span> <span class='ocrx_word' id='word_1_159' title='bbox 1718 2055 1808 2093; x_wconf 91' lang='lat' dir='ltr'>me</span> <span class='ocrx_word' id='word_1_160' title='bbox 1842 2039 2002 2093; x_wconf 89' lang='lat' dir='ltr'>hiatu</span> 
     </span>
    </p>
   </div>
   <div class='ocr_carea' id='block_1_23' title="bbox 346 2127 2004 2200">
    <p class='ocr_par' dir='ltr' id='par_1_23' title="bbox 346 2127 2004 2200">
     <span class='ocr_line' id='line_1_23' title="bbox 346 2127 2004 2200; baseline 0.001 -18"><span class='ocrx_word' id='word_1_161' title='bbox 346 2132 515 2183; x_wconf 65' lang='lat' dir='ltr'>terrae</span> <span class='ocrx_word' id='word_1_162' title='bbox 535 2127 1260 2200; x_wconf 86' lang='lat' dir='ltr'>absorptum.Aspicioque</span> <span class='ocrx_word' id='word_1_163' title='bbox 1276 2127 1355 2182; x_wconf 90' lang='lat' dir='ltr'>illi</span> <span class='ocrx_word' id='word_1_164' title='bbox 1373 2128 1653 2183; x_wconf 85' lang='lat' dir='ltr'>cadavera</span> <span class='ocrx_word' id='word_1_165' title='bbox 1675 2127 2004 2199; x_wconf 88' lang='lat' dir='ltr'>putridaja-</span> 
     </span>
    </p>
   </div>
   <div class='ocr_carea' id='block_1_24' title="bbox 348 2216 2001 2288">
    <p class='ocr_par' dir='ltr' id='par_1_24' title="bbox 348 2216 2001 2288">
     <span class='ocr_line' id='line_1_24' title="bbox 348 2216 2001 2288; baseline 0.001 -18"><span class='ocrx_word' id='word_1_166' title='bbox 348 2217 631 2287; x_wconf 88' lang='lat' dir='ltr'>centia,et</span> <span class='ocrx_word' id='word_1_167' title='bbox 661 2216 938 2284; x_wconf 89' lang='lat' dir='ltr'>resoluta,</span> <span class='ocrx_word' id='word_1_168' title='bbox 964 2217 1361 2272; x_wconf 77' lang='lat' dir='ltr'>etincredlbili</span> <span class='ocrx_word' id='word_1_169' title='bbox 1388 2219 1565 2272; x_wconf 83' lang='lat' dir='ltr'>fetore</span> <span class='ocrx_word' id='word_1_170' title='bbox 1589 2217 2001 2288; x_wconf 86' lang='lat' dir='ltr'>plena,quem-</span> 
     </span>
    </p>
   </div>
   <div class='ocr_carea' id='block_1_25' title="bbox 346 2306 2002 2378">
    <p class='ocr_par' dir='ltr' id='par_1_25' title="bbox 346 2306 2002 2378">
     <span class='ocr_line' id='line_1_25' title="bbox 346 2306 2002 2378; baseline 0 -17"><span class='ocrx_word' id='word_1_171' title='bbox 346 2307 607 2378; x_wconf 80' lang='lat' dir='ltr'>demque</span> <span class='ocrx_word' id='word_1_172' title='bbox 639 2307 941 2363; x_wconf 86' lang='lat' dir='ltr'>reverendi</span> <span class='ocrx_word' id='word_1_173' title='bbox 978 2307 1215 2362; x_wconf 88' lang='lat' dir='ltr'>habitus</span> <span class='ocrx_word' id='word_1_174' title='bbox 1246 2306 1435 2361; x_wconf 91' lang='lat' dir='ltr'>virum</span> <span class='ocrx_word' id='word_1_175' title='bbox 1459 2324 1525 2361; x_wconf 88' lang='lat' dir='ltr'>ea</span> <span class='ocrx_word' id='word_1_176' title='bbox 1554 2307 1697 2361; x_wconf 89' lang='lat' dir='ltr'>mihi</span> <span class='ocrx_word' id='word_1_177' title='bbox 1730 2307 2002 2362; x_wconf 90' lang='lat' dir='ltr'>demons-</span> 
     </span>
    </p>
   </div>
   <div class='ocr_carea' id='block_1_26' title="bbox 341 2394 1998 2464">
    <p class='ocr_par' dir='ltr' id='par_1_26' title="bbox 341 2394 1998 2464">
     <span class='ocr_line' id='line_1_26' title="bbox 341 2394 1998 2464; baseline 0.001 -15"><span class='ocrx_word' id='word_1_178' title='bbox 341 2398 626 2460; x_wconf 86' lang='lat' dir='ltr'>trantem,</span> <span class='ocrx_word' id='word_1_179' title='bbox 653 2413 719 2451; x_wconf 89' lang='lat' dir='ltr'>ac</span> <span class='ocrx_word' id='word_1_180' title='bbox 753 2395 1041 2450; x_wconf 85' lang='lat' dir='ltr'>dicentem</span> <span class='ocrx_word' id='word_1_181' title='bbox 1072 2412 1084 2449; x_wconf 90' lang='lat'><strong><em>:</em></strong></span> <span class='ocrx_word' id='word_1_182' title='bbox 1121 2395 1259 2450; x_wconf 87' lang='lat' dir='ltr'>Ecce</span> <span class='ocrx_word' id='word_1_183' title='bbox 1290 2396 1447 2450; x_wconf 86' lang='lat' dir='ltr'>istud</span> <span class='ocrx_word' id='word_1_184' title='bbox 1482 2394 1748 2450; x_wconf 87' lang='lat' dir='ltr'>mulieris</span> <span class='ocrx_word' id='word_1_185' title='bbox 1782 2400 1889 2464; x_wconf 89' lang='lat' dir='ltr'>est,</span> <span class='ocrx_word' id='word_1_186' title='bbox 1924 2395 1998 2451; x_wconf 84' lang='lat' dir='ltr'>is-</span> 
     </span>
    </p>
   </div>
   <div class='ocr_carea' id='block_1_27' title="bbox 340 2484 2003 2557">
    <p class='ocr_par' dir='ltr' id='par_1_27' title="bbox 340 2484 2003 2557">
     <span class='ocr_line' id='line_1_27' title="bbox 340 2484 2003 2557; baseline -0.001 -19"><span class='ocrx_word' id='word_1_187' title='bbox 340 2486 448 2538; x_wconf 93' lang='lat' dir='ltr'>tud</span> <span class='ocrx_word' id='word_1_188' title='bbox 486 2485 615 2551; x_wconf 91' lang='lat' dir='ltr'>viri,</span> <span class='ocrx_word' id='word_1_189' title='bbox 650 2485 808 2539; x_wconf 88' lang='lat' dir='ltr'>istud</span> <span class='ocrx_word' id='word_1_190' title='bbox 844 2484 1046 2557; x_wconf 78' lang='lat' dir='ltr'>pueri;</span> <span class='ocrx_word' id='word_1_191' title='bbox 1076 2486 1265 2540; x_wconf 86' lang='lat' dir='ltr'>fruere</span> <span class='ocrx_word' id='word_1_192' title='bbox 1288 2485 1408 2556; x_wconf 84' lang='lat' dir='ltr'>jam</span> <span class='ocrx_word' id='word_1_193' title='bbox 1464 2489 1527 2539; x_wconf 91' lang='lat' dir='ltr'>ut</span> <span class='ocrx_word' id='word_1_194' title='bbox 1570 2484 1688 2553; x_wconf 87' lang='lat' dir='ltr'>vis,</span> <span class='ocrx_word' id='word_1_195' title='bbox 1722 2490 1779 2539; x_wconf 91' lang='lat' dir='ltr'>et</span> <span class='ocrx_word' id='word_1_196' title='bbox 1815 2501 2003 2555; x_wconf 88' lang='lat' dir='ltr'>quan-</span> 
     </span>
    </p>
   </div>
   <div class='ocr_carea' id='block_1_28' title="bbox 332 2572 1999 2646">
    <p class='ocr_par' dir='ltr' id='par_1_28' title="bbox 332 2572 1999 2646">
     <span class='ocr_line' id='line_1_28' title="bbox 332 2572 1999 2646; baseline -0.001 -19"><span class='ocrx_word' id='word_1_197' title='bbox 332 2576 465 2627; x_wconf 89' lang='lat' dir='ltr'>tum</span> <span class='ocrx_word' id='word_1_198' title='bbox 496 2573 640 2629; x_wconf 86' lang='lat' dir='ltr'>libet</span> <span class='ocrx_word' id='word_1_199' title='bbox 669 2574 1150 2646; x_wconf 89' lang='lat' dir='ltr'>concupiscentia</span> <span class='ocrx_word' id='word_1_200' title='bbox 1183 2578 1321 2629; x_wconf 88' lang='lat' dir='ltr'>tua:</span> <span class='ocrx_word' id='word_1_201' title='bbox 1357 2573 1537 2644; x_wconf 87' lang='lat' dir='ltr'>hujus</span> <span class='ocrx_word' id='word_1_202' title='bbox 1570 2578 1765 2628; x_wconf 89' lang='lat' dir='ltr'>tamen</span> <span class='ocrx_word' id='word_1_203' title='bbox 1798 2572 1999 2645; x_wconf 91' lang='lat' dir='ltr'>volup-</span> 
     </span>
    </p>
   </div>
   <div class='ocr_carea' id='block_1_29' title="bbox 338 2662 1999 2735">
    <p class='ocr_par' dir='ltr' id='par_1_29' title="bbox 338 2662 1999 2735">
     <span class='ocr_line' id='line_1_29' title="bbox 338 2662 1999 2735; baseline -0.001 -18"><span class='ocrx_word' id='word_1_204' title='bbox 338 2663 482 2718; x_wconf 89' lang='lat' dir='ltr'>tatis</span> <span class='ocrx_word' id='word_1_205' title='bbox 512 2664 697 2735; x_wconf 72' lang='lat' dir='ltr'>gratia</span> <span class='ocrx_word' id='word_1_206' title='bbox 728 2664 857 2719; x_wconf 91' lang='lat' dir='ltr'>vide</span> <span class='ocrx_word' id='word_1_207' title='bbox 890 2668 1032 2735; x_wconf 90' lang='lat' dir='ltr'>quot</span> <span class='ocrx_word' id='word_1_208' title='bbox 1065 2664 1290 2719; x_wconf 79' lang='lat' dir='ltr'>labores</span> <span class='ocrx_word' id='word_1_209' title='bbox 1319 2663 1586 2719; x_wconf 89' lang='lat' dir='ltr'>amittere</span> <span class='ocrx_word' id='word_1_210' title='bbox 1616 2662 1875 2717; x_wconf 88' lang='lat' dir='ltr'>voluisti.</span> <span class='ocrx_word' id='word_1_211' title='bbox 1899 2662 1999 2716; x_wconf 87' lang='lat' dir='ltr'>Vi-</span> 
     </span>
    </p>
   </div>
   <div class='ocr_carea' id='block_1_30' title="bbox 336 2754 1993 2827">
    <p class='ocr_par' dir='ltr' id='par_1_30' title="bbox 336 2754 1993 2827">
     <span class='ocr_line' id='line_1_30' title="bbox 336 2754 1993 2827; baseline 0.001 -19"><span class='ocrx_word' id='word_1_212' title='bbox 336 2755 412 2808; x_wconf 91' lang='lat' dir='ltr'>de</span> <span class='ocrx_word' id='word_1_213' title='bbox 448 2761 687 2826; x_wconf 89' lang='lat' dir='ltr'>propter</span> <span class='ocrx_word' id='word_1_214' title='bbox 717 2756 871 2825; x_wconf 88' lang='lat' dir='ltr'>quod</span> <span class='ocrx_word' id='word_1_215' title='bbox 908 2760 1211 2827; x_wconf 85' lang='lat' dir='ltr'>peccatum</span> <span class='ocrx_word' id='word_1_216' title='bbox 1246 2771 1345 2809; x_wconf 86' lang='lat' dir='ltr'>vos</span> <span class='ocrx_word' id='word_1_217' title='bbox 1381 2755 1537 2826; x_wconf 88' lang='lat' dir='ltr'>ipsos</span> <span class='ocrx_word' id='word_1_218' title='bbox 1572 2755 1799 2826; x_wconf 87' lang='lat' dir='ltr'>privare</span> <span class='ocrx_word' id='word_1_219' title='bbox 1845 2754 1993 2809; x_wconf 76' lang='lat'>867</span> 
     </span>
    </p>
   </div>
   <div class='ocr_carea' id='block_1_31' title="bbox 334 2843 1997 2915">
    <p class='ocr_par' dir='ltr' id='par_1_31' title="bbox 334 2843 1997 2915">
     <span class='ocr_line' id='line_1_31' title="bbox 334 2843 1997 2915; baseline -0.001 -17"><span class='ocrx_word' id='word_1_220' title='bbox 334 2843 518 2898; x_wconf 86' lang='lat' dir='ltr'>vultis</span> <span class='ocrx_word' id='word_1_221' title='bbox 546 2860 723 2915; x_wconf 92' lang='lat' dir='ltr'>regno</span> <span class='ocrx_word' id='word_1_222' title='bbox 756 2844 1056 2900; x_wconf 82' lang='lat' dir='ltr'>ccelorum.</span> <span class='ocrx_word' id='word_1_223' title='bbox 1087 2845 1180 2900; x_wconf 69' lang='lat' dir='ltr'>Vae</span> <span class='ocrx_word' id='word_1_224' title='bbox 1212 2845 1482 2900; x_wconf 70' lang='lat' dir='ltr'>humana:</span> <span class='ocrx_word' id='word_1_225' title='bbox 1517 2844 1797 2899; x_wconf 66' lang='lat' dir='ltr'>miseriae!</span> <span class='ocrx_word' id='word_1_226' title='bbox 1830 2862 1997 2915; x_wconf 90' lang='lat' dir='ltr'>prop-</span> 
     </span>
    </p>
   </div>
   <div class='ocr_carea' id='block_1_32' title="bbox 338 2933 1999 3006">
    <p class='ocr_par' dir='ltr' id='par_1_32' title="bbox 338 2933 1999 3006">
     <span class='ocr_line' id='line_1_32' title="bbox 338 2933 1999 3006; baseline 0.001 -19"><span class='ocrx_word' id='word_1_227' title='bbox 338 2937 433 2987; x_wconf 85' lang='lat' dir='ltr'>ter</span> <span class='ocrx_word' id='word_1_228' title='bbox 464 2934 640 2988; x_wconf 89' lang='lat' dir='ltr'>unius</span> <span class='ocrx_word' id='word_1_229' title='bbox 673 2933 826 2988; x_wconf 63' lang='lat' dir='ltr'>horae</span> <span class='ocrx_word' id='word_1_230' title='bbox 856 2934 1216 3006; x_wconf 87' lang='lat' dir='ltr'>voluptatem</span> <span class='ocrx_word' id='word_1_231' title='bbox 1263 2934 1413 2989; x_wconf 88' lang='lat' dir='ltr'>tanti</span> <span class='ocrx_word' id='word_1_232' title='bbox 1468 2933 1683 2989; x_wconf 90' lang='lat' dir='ltr'>laboris</span> <span class='ocrx_word' id='word_1_233' title='bbox 1737 2934 1999 2989; x_wconf 83' lang='lat' dir='ltr'>mercede</span> 
     </span>
    </p>
   </div>
   <div class='ocr_carea' id='block_1_33' title="bbox 338 3023 1997 3096">
    <p class='ocr_par' dir='ltr' id='par_1_33' title="bbox 338 3023 1997 3096">
     <span class='ocr_line' id='line_1_33' title="bbox 338 3023 1997 3096; baseline 0 -20"><span class='ocrx_word' id='word_1_234' title='bbox 338 3023 735 3078; x_wconf 83' lang='lat' dir='ltr'>frustramini.</span> <span class='ocrx_word' id='word_1_235' title='bbox 772 3024 885 3096; x_wconf 86' lang='lat' dir='ltr'>Ego</span> <span class='ocrx_word' id='word_1_236' title='bbox 918 3030 1113 3079; x_wconf 88' lang='lat' dir='ltr'>autem</span> <span class='ocrx_word' id='word_1_237' title='bbox 1170 3042 1285 3095; x_wconf 70' lang='lat' dir='ltr'>pra:</span> <span class='ocrx_word' id='word_1_238' title='bbox 1341 3023 1525 3078; x_wconf 90' lang='lat' dir='ltr'>nimio</span> <span class='ocrx_word' id='word_1_239' title='bbox 1581 3025 1759 3078; x_wconf 91' lang='lat' dir='ltr'>fetore</span> <span class='ocrx_word' id='word_1_240' title='bbox 1788 3023 1845 3076; x_wconf 87' lang='lat' dir='ltr'>in</span> <span class='ocrx_word' id='word_1_241' title='bbox 1879 3027 1997 3077; x_wconf 89' lang='lat' dir='ltr'>ter-</span> 
     </span>
    </p>
   </div>
   <div class='ocr_carea' id='block_1_34' title="bbox 335 3110 1997 3183">
    <p class='ocr_par' dir='ltr' id='par_1_34' title="bbox 335 3110 1997 3183">
     <span class='ocr_line' id='line_1_34' title="bbox 335 3110 1997 3183; baseline -0.001 -17"><span class='ocrx_word' id='word_1_242' title='bbox 335 3128 466 3167; x_wconf 87' lang='lat' dir='ltr'>ram</span> <span class='ocrx_word' id='word_1_243' title='bbox 503 3112 719 3168; x_wconf 91' lang='lat' dir='ltr'>corrui.</span> <span class='ocrx_word' id='word_1_244' title='bbox 752 3116 911 3168; x_wconf 87' lang='lat' dir='ltr'>Tunc</span> <span class='ocrx_word' id='word_1_245' title='bbox 946 3115 1225 3169; x_wconf 89' lang='lat' dir='ltr'>accedens</span> <span class='ocrx_word' id='word_1_246' title='bbox 1256 3113 1343 3168; x_wconf 91' lang='lat' dir='ltr'>vir</span> <span class='ocrx_word' id='word_1_247' title='bbox 1374 3113 1468 3167; x_wconf 91' lang='lat' dir='ltr'>ille</span> <span class='ocrx_word' id='word_1_248' title='bbox 1497 3111 1871 3179; x_wconf 89' lang='lat' dir='ltr'>venerabilis,</span> <span class='ocrx_word' id='word_1_249' title='bbox 1897 3110 1997 3183; x_wconf 91' lang='lat' dir='ltr'>qui</span> 
     </span>
    </p>
   </div>
   <div class='ocr_carea' id='block_1_35' title="bbox 338 3201 1997 3275">
    <p class='ocr_par' dir='ltr' id='par_1_35' title="bbox 338 3201 1997 3275">
     <span class='ocr_line' id='line_1_35' title="bbox 338 3201 1997 3275; baseline -0.001 -19"><span class='ocrx_word' id='word_1_250' title='bbox 338 3202 489 3257; x_wconf 86' lang='lat' dir='ltr'>mihi</span> <span class='ocrx_word' id='word_1_251' title='bbox 526 3207 903 3273; x_wconf 88' lang='lat' dir='ltr'>apparuerat,</span> <span class='ocrx_word' id='word_1_252' title='bbox 940 3202 1120 3258; x_wconf 86' lang='lat' dir='ltr'>erexit</span> <span class='ocrx_word' id='word_1_253' title='bbox 1152 3219 1264 3257; x_wconf 90' lang='lat' dir='ltr'>me.</span> <span class='ocrx_word' id='word_1_254' title='bbox 1298 3204 1365 3257; x_wconf 85' lang='lat' dir='ltr'>Et</span> <span class='ocrx_word' id='word_1_255' title='bbox 1396 3202 1615 3273; x_wconf 85' lang='lat' dir='ltr'>gratias</span> <span class='ocrx_word' id='word_1_256' title='bbox 1650 3218 1828 3275; x_wconf 83' lang='lat' dir='ltr'>agens</span> <span class='ocrx_word' id='word_1_257' title='bbox 1861 3201 1997 3268; x_wconf 89' lang='lat' dir='ltr'>Deo,</span> 
     </span>
    </p>
   </div>
   <div class='ocr_carea' id='block_1_36' title="bbox 343 3290 1360 3346">
    <p class='ocr_par' dir='ltr' id='par_1_36' title="bbox 343 3290 1360 3346">
     <span class='ocr_line' id='line_1_36' title="bbox 343 3290 1360 3346; baseline 0 -2"><span class='ocrx_word' id='word_1_258' title='bbox 343 3306 617 3345; x_wconf 88' lang='lat' dir='ltr'>reversus</span> <span class='ocrx_word' id='word_1_259' title='bbox 648 3307 779 3346; x_wconf 90' lang='lat' dir='ltr'>snm</span> <span class='ocrx_word' id='word_1_260' title='bbox 811 3291 870 3346; x_wconf 92' lang='lat' dir='ltr'>in</span> <span class='ocrx_word' id='word_1_261' title='bbox 906 3290 1113 3346; x_wconf 88' lang='lat' dir='ltr'>cellam</span> <span class='ocrx_word' id='word_1_262' title='bbox 1148 3308 1360 3346; x_wconf 87' lang='lat' dir='ltr'>meam.</span> 
     </span>
    </p>
   </div>
   <div class='ocr_carea' id='block_1_37' title="bbox 988 3407 1358 3465">
    <p class='ocr_par' dir='ltr' id='par_1_37' title="bbox 988 3407 1358 3465">
     <span class='ocr_line' id='line_1_37' title="bbox 988 3407 1358 3465; baseline 0.008 -4"><span class='ocrx_word' id='word_1_263' title='bbox 988 3407 1220 3463; x_wconf 87' lang='lat' dir='ltr'>CAPUT</span> <span class='ocrx_word' id='word_1_264' title='bbox 1242 3407 1358 3465; x_wconf 87' lang='lat' dir='ltr'>XX.</span> 
     </span>
    </p>
   </div>
   <div class='ocr_carea' id='block_1_38' title="bbox 337 3496 2002 3566">
    <p class='ocr_par' dir='ltr' id='par_1_38' title="bbox 337 3496 2002 3566">
     <span class='ocr_line' id='line_1_38' title="bbox 337 3496 2002 3566; baseline -0.001 -15"><span class='ocrx_word' id='word_1_265' title='bbox 337 3496 635 3553; x_wconf 83' lang='lat' dir='ltr'>Conversio</span> <span class='ocrx_word' id='word_1_266' title='bbox 663 3496 954 3566; x_wconf 81' lang='lat' dir='ltr'>cujusdam</span> <span class='ocrx_word' id='word_1_267' title='bbox 984 3498 1183 3552; x_wconf 77' lang='lat' dir='ltr'>militis</span> <span class='ocrx_word' id='word_1_268' title='bbox 1234 3498 1311 3551; x_wconf 80' lang='lat' dir='ltr'>ad</span> <span class='ocrx_word' id='word_1_269' title='bbox 1361 3497 1698 3551; x_wconf 76' lang='lat' dir='ltr'>miraculum</span> <span class='ocrx_word' id='word_1_270' title='bbox 1736 3496 1829 3550; x_wconf 87' lang='lat' dir='ltr'>Dei</span> <span class='ocrx_word' id='word_1_271' title='bbox 1858 3496 1915 3550; x_wconf 88' lang='lat' dir='ltr'>in</span> <span class='ocrx_word' id='word_1_272' title='bbox 1950 3511 2002 3549; x_wconf 85' lang='lat' dir='ltr'>se</span> 
     </span>
    </p>
   </div>
   <div class='ocr_carea' id='block_1_39' title="bbox 390 3567 1943 3640">
    <p class='ocr_par' dir='ltr' id='par_1_39' title="bbox 390 3567 1943 3640">
     <span class='ocr_line' id='line_1_39' title="bbox 390 3567 1943 3640; baseline -0.003 -17"><span class='ocrx_word' id='word_1_273' title='bbox 390 3572 627 3639; x_wconf 77' lang='lat' dir='ltr'>factum,</span> <span class='ocrx_word' id='word_1_274' title='bbox 659 3570 817 3638; x_wconf 81' lang='lat' dir='ltr'>cujus</span> <span class='ocrx_word' id='word_1_275' title='bbox 848 3570 1016 3624; x_wconf 81' lang='lat' dir='ltr'>etiam</span> <span class='ocrx_word' id='word_1_276' title='bbox 1049 3568 1157 3624; x_wconf 83' lang='lat' dir='ltr'>vita</span> <span class='ocrx_word' id='word_1_277' title='bbox 1197 3570 1572 3640; x_wconf 78' lang='lat' dir='ltr'>compendiose</span> <span class='ocrx_word' id='word_1_278' title='bbox 1598 3567 1943 3623; x_wconf 81' lang='lat' dir='ltr'>describitur.</span> 
     </span>
    </p>
   </div>
   <div class='ocr_carea' id='block_1_40' title="bbox 409 3656 1998 3729">
    <p class='ocr_par' dir='ltr' id='par_1_40' title="bbox 409 3656 1998 3729">
     <span class='ocr_line' id='line_1_40' title="bbox 409 3656 1998 3729; baseline 0.001 -19"><span class='ocrx_word' id='word_1_279' title='bbox 409 3656 683 3711; x_wconf 88' lang='lat' dir='ltr'>Narravit</span> <span class='ocrx_word' id='word_1_280' title='bbox 699 3656 866 3712; x_wconf 91' lang='lat' dir='ltr'>nobis</span> <span class='ocrx_word' id='word_1_281' title='bbox 885 3657 1125 3728; x_wconf 89' lang='lat' dir='ltr'>quidam</span> <span class='ocrx_word' id='word_1_282' title='bbox 1144 3662 1403 3726; x_wconf 84' lang='lat' dir='ltr'>Patrum,</span> <span class='ocrx_word' id='word_1_283' title='bbox 1420 3657 1716 3729; x_wconf 84' lang='lat' dir='ltr'>accepisse</span> <span class='ocrx_word' id='word_1_284' title='bbox 1730 3674 1791 3712; x_wconf 89' lang='lat' dir='ltr'>se</span> <span class='ocrx_word' id='word_1_285' title='bbox 1808 3673 1998 3728; x_wconf 83' lang='lat' dir='ltr'>aquo-</span> 
     </span>
    </p>
   </div>
   <div class='ocr_carea' id='block_1_41' title="bbox 335 3745 1997 3817">
    <p class='ocr_par' dir='ltr' id='par_1_41' title="bbox 335 3745 1997 3817">
     <span class='ocr_line' id='line_1_41' title="bbox 335 3745 1997 3817; baseline 0.001 -18"><span class='ocrx_word' id='word_1_286' title='bbox 335 3745 473 3800; x_wconf 89' lang='lat' dir='ltr'>dam</span> <span class='ocrx_word' id='word_1_287' title='bbox 496 3745 702 3814; x_wconf 89' lang='lat' dir='ltr'>milite,</span> <span class='ocrx_word' id='word_1_288' title='bbox 723 3748 877 3817; x_wconf 90' lang='lat' dir='ltr'>quod</span> <span class='ocrx_word' id='word_1_289' title='bbox 900 3764 1026 3802; x_wconf 90' lang='lat' dir='ltr'>cum</span> <span class='ocrx_word' id='word_1_290' title='bbox 1049 3747 1269 3802; x_wconf 89' lang='lat' dir='ltr'>bellum</span> <span class='ocrx_word' id='word_1_291' title='bbox 1296 3747 1352 3801; x_wconf 91' lang='lat' dir='ltr'>in</span> <span class='ocrx_word' id='word_1_292' title='bbox 1380 3747 1573 3802; x_wconf 84' lang='lat' dir='ltr'>Africa</span> <span class='ocrx_word' id='word_1_293' title='bbox 1594 3751 1861 3817; x_wconf 88' lang='lat' dir='ltr'>gererent</span> <span class='ocrx_word' id='word_1_294' title='bbox 1888 3751 1997 3801; x_wconf 83' lang='lat' dir='ltr'>Ro-</span> 
     </span>
    </p>
   </div>
   <div class='ocr_carea' id='block_1_42' title="bbox 336 3834 1997 3908">
    <p class='ocr_par' dir='ltr' id='par_1_42' title="bbox 336 3834 1997 3908">
     <span class='ocr_line' id='line_1_42' title="bbox 336 3834 1997 3908; baseline -0.001 -19"><span class='ocrx_word' id='word_1_295' title='bbox 336 3834 496 3889; x_wconf 85' lang='lat' dir='ltr'>mani</span> <span class='ocrx_word' id='word_1_296' title='bbox 511 3851 645 3890; x_wconf 86' lang='lat' dir='ltr'>cum</span> <span class='ocrx_word' id='word_1_297' title='bbox 660 3836 1289 3908; x_wconf 83' lang='lat' dir='ltr'>Mauritanis,victique</span> <span class='ocrx_word' id='word_1_298' title='bbox 1306 3837 1649 3907; x_wconf 68' lang='lat' dir='ltr'>ingerentur</span> <span class='ocrx_word' id='word_1_299' title='bbox 1665 3834 1997 3901; x_wconf 85' lang='lat' dir='ltr'>abarbaris,</span> 
     </span>
    </p>
   </div>
   <div class='ocr_carea' id='block_1_43' title="bbox 335 3922 2002 3996">
    <p class='ocr_par' dir='ltr' id='par_1_43' title="bbox 335 3922 2002 3996">
     <span class='ocr_line' id='line_1_43' title="bbox 335 3922 2002 3996; baseline 0.001 -19"><span class='ocrx_word' id='word_1_300' title='bbox 335 3939 402 3978; x_wconf 87' lang='lat' dir='ltr'>ac</span> <span class='ocrx_word' id='word_1_301' title='bbox 436 3922 679 3995; x_wconf 91' lang='lat' dir='ltr'>plurimi</span> <span class='ocrx_word' id='word_1_302' title='bbox 713 3923 947 3980; x_wconf 91' lang='lat' dir='ltr'>illorum</span> <span class='ocrx_word' id='word_1_303' title='bbox 983 3924 1204 3996; x_wconf 88' lang='lat' dir='ltr'>passim</span> <span class='ocrx_word' id='word_1_304' title='bbox 1235 3926 1602 3981; x_wconf 67' lang='lat' dir='ltr'>caederentur</span> <span class='ocrx_word' id='word_1_305' title='bbox 1638 3924 1828 3995; x_wconf 90' lang='lat' dir='ltr'>ipsum</span> <span class='ocrx_word' id='word_1_306' title='bbox 1866 3940 2002 3994; x_wconf 88' lang='lat' dir='ltr'>qoo-</span> 
     </span>
    </p>
   </div>
   <div class='ocr_carea' id='block_1_44' title="bbox 335 4012 1999 4083">
    <p class='ocr_par' dir='ltr' id='par_1_44' title="bbox 335 4012 1999 4083">
     <span class='ocr_line' id='line_1_44' title="bbox 335 4012 1999 4083; baseline 0 -17"><span class='ocrx_word' id='word_1_307' title='bbox 335 4028 450 4083; x_wconf 87' lang='lat' dir='ltr'>que</span> <span class='ocrx_word' id='word_1_308' title='bbox 484 4030 637 4068; x_wconf 88' lang='lat' dir='ltr'>unus</span> <span class='ocrx_word' id='word_1_309' title='bbox 671 4029 737 4068; x_wconf 87' lang='lat' dir='ltr'>ex</span> <span class='ocrx_word' id='word_1_310' title='bbox 767 4013 1032 4070; x_wconf 87' lang='lat' dir='ltr'>barbaris</span> <span class='ocrx_word' id='word_1_311' title='bbox 1056 4020 1264 4070; x_wconf 90' lang='lat' dir='ltr'>nactus</span> <span class='ocrx_word' id='word_1_312' title='bbox 1289 4014 1543 4083; x_wconf 87' lang='lat' dir='ltr'>hastam,</span> <span class='ocrx_word' id='word_1_313' title='bbox 1570 4018 1632 4068; x_wconf 92' lang='lat' dir='ltr'>ut</span> <span class='ocrx_word' id='word_1_314' title='bbox 1662 4012 1829 4067; x_wconf 91' lang='lat' dir='ltr'>illum</span> <span class='ocrx_word' id='word_1_315' title='bbox 1867 4012 1999 4067; x_wconf 83' lang='lat' dir='ltr'>feri-</span> 
     </span>
    </p>
   </div>
   <div class='ocr_carea' id='block_1_45' title="bbox 335 4103 1988 4174">
    <p class='ocr_par' dir='ltr' id='par_1_45' title="bbox 335 4103 1988 4174">
     <span class='ocr_line' id='line_1_45' title="bbox 335 4103 1988 4174; baseline 0.001 -18"><span class='ocrx_word' id='word_1_316' title='bbox 335 4103 1075 4174; x_wconf 85' lang='lat' dir='ltr'>ret,vibrare,cocpit.Quod</span> <span class='ocrx_word' id='word_1_317' title='bbox 1096 4103 1189 4158; x_wconf 87' lang='lat' dir='ltr'>ille</span> <span class='ocrx_word' id='word_1_318' title='bbox 1204 4121 1336 4159; x_wconf 90' lang='lat' dir='ltr'>cum</span> <span class='ocrx_word' id='word_1_319' title='bbox 1355 4108 1988 4169; x_wconf 88' lang='lat' dir='ltr'>cerneret,orareDcum</span> 
     </span>
    </p>
   </div>
   <div class='ocr_carea' id='block_1_46' title="bbox 334 4192 1998 4265">
    <p class='ocr_par' dir='ltr' id='par_1_46' title="bbox 334 4192 1998 4265">
     <span class='ocr_line' id='line_1_46' title="bbox 334 4192 1998 4265; baseline -0.001 -18"><span class='ocrx_word' id='word_1_320' title='bbox 334 4192 533 4263; x_wconf 74' lang='lat' dir='ltr'>erepit,</span> <span class='ocrx_word' id='word_1_321' title='bbox 567 4208 634 4247; x_wconf 89' lang='lat' dir='ltr'>ac</span> <span class='ocrx_word' id='word_1_322' title='bbox 665 4192 889 4247; x_wconf 90' lang='lat' dir='ltr'>dicere:</span> <span class='ocrx_word' id='word_1_323' title='bbox 926 4192 1173 4248; x_wconf 88' lang='lat' dir='ltr'>Domine</span> <span class='ocrx_word' id='word_1_324' title='bbox 1211 4195 1380 4261; x_wconf 88' lang='lat' dir='ltr'>Deus,</span> <span class='ocrx_word' id='word_1_325' title='bbox 1406 4192 1501 4264; x_wconf 87' lang='lat' dir='ltr'>qui</span> <span class='ocrx_word' id='word_1_326' title='bbox 1537 4192 1860 4265; x_wconf 89' lang='lat' dir='ltr'>apparuisti</span> <span class='ocrx_word' id='word_1_327' title='bbox 1897 4210 1998 4246; x_wconf 88' lang='lat' dir='ltr'>an-</span> 
     </span>
    </p>
   </div>
   <div class='ocr_carea' id='block_1_47' title="bbox 335 4280 1997 4354">
    <p class='ocr_par' dir='ltr' id='par_1_47' title="bbox 335 4280 1997 4354">
     <span class='ocr_line' id='line_1_47' title="bbox 335 4280 1997 4354; baseline 0 -20"><span class='ocrx_word' id='word_1_328' title='bbox 335 4280 481 4335; x_wconf 78' lang='lat' dir='ltr'>cillae</span> <span class='ocrx_word' id='word_1_329' title='bbox 518 4286 631 4336; x_wconf 66' lang='lat' dir='ltr'>tum</span> <span class='ocrx_word' id='word_1_330' title='bbox 664 4280 917 4352; x_wconf 67' lang='lat' dir='ltr'>Theclae,</span> <span class='ocrx_word' id='word_1_331' title='bbox 950 4288 1004 4337; x_wconf 89' lang='lat' dir='ltr'>et</span> <span class='ocrx_word' id='word_1_332' title='bbox 1034 4282 1307 4354; x_wconf 90' lang='lat' dir='ltr'>eripuisti</span> <span class='ocrx_word' id='word_1_333' title='bbox 1357 4300 1485 4338; x_wconf 89' lang='lat' dir='ltr'>eam</span> <span class='ocrx_word' id='word_1_334' title='bbox 1538 4285 1605 4337; x_wconf 89' lang='lat' dir='ltr'>de</span> <span class='ocrx_word' id='word_1_335' title='bbox 1654 4281 1997 4352; x_wconf 91' lang='lat' dir='ltr'>iniquorum</span> 
     </span>
    </p>
   </div>
   <div class='ocr_carea' id='block_1_48' title="bbox 336 4368 2001 4441">
    <p class='ocr_par' dir='ltr' id='par_1_48' title="bbox 336 4368 2001 4441">
     <span class='ocr_line' id='line_1_48' title="bbox 336 4368 2001 4441; baseline 0 -17"><span class='ocrx_word' id='word_1_336' title='bbox 336 4371 633 4441; x_wconf 84' lang='lat' dir='ltr'>manibus,</span> <span class='ocrx_word' id='word_1_337' title='bbox 670 4368 854 4425; x_wconf 89' lang='lat' dir='ltr'>libera</span> <span class='ocrx_word' id='word_1_338' title='bbox 885 4377 940 4426; x_wconf 92' lang='lat' dir='ltr'>et</span> <span class='ocrx_word' id='word_1_339' title='bbox 972 4388 1063 4426; x_wconf 90' lang='lat' dir='ltr'>me</span> <span class='ocrx_word' id='word_1_340' title='bbox 1095 4372 1165 4427; x_wconf 91' lang='lat' dir='ltr'>de</span> <span class='ocrx_word' id='word_1_341' title='bbox 1188 4372 1295 4427; x_wconf 87' lang='lat' dir='ltr'>hac</span> <span class='ocrx_word' id='word_1_342' title='bbox 1321 4370 1727 4439; x_wconf 87' lang='lat' dir='ltr'>necccssitate,</span> <span class='ocrx_word' id='word_1_343' title='bbox 1753 4375 1807 4424; x_wconf 91' lang='lat' dir='ltr'>et</span> <span class='ocrx_word' id='word_1_344' title='bbox 1839 4369 2001 4425; x_wconf 89' lang='lat' dir='ltr'>salva</span> 
     </span>
    </p>
   </div>
   <div class='ocr_carea' id='block_1_49' title="bbox 333 4460 1996 4530">
    <p class='ocr_par' dir='ltr' id='par_1_49' title="bbox 333 4460 1996 4530">
     <span class='ocr_line' id='line_1_49' title="bbox 333 4460 1996 4530; baseline 0 -17"><span class='ocrx_word' id='word_1_345' title='bbox 333 4475 402 4514; x_wconf 82' lang='lat' dir='ltr'>ex</span> <span class='ocrx_word' id='word_1_346' title='bbox 437 4460 546 4514; x_wconf 88' lang='lat' dir='ltr'>hac</span> <span class='ocrx_word' id='word_1_347' title='bbox 575 4460 785 4514; x_wconf 87' lang='lat' dir='ltr'>acerba</span> <span class='ocrx_word' id='word_1_348' title='bbox 820 4466 1172 4527; x_wconf 83' lang='lat' dir='ltr'>morte,mox</span> <span class='ocrx_word' id='word_1_349' title='bbox 1206 4461 1300 4517; x_wconf 92' lang='lat' dir='ltr'>ibo</span> <span class='ocrx_word' id='word_1_350' title='bbox 1335 4461 1393 4516; x_wconf 90' lang='lat' dir='ltr'>in</span> <span class='ocrx_word' id='word_1_351' title='bbox 1427 4477 1712 4527; x_wconf 90' lang='lat' dir='ltr'>eremum,</span> <span class='ocrx_word' id='word_1_352' title='bbox 1742 4464 1797 4515; x_wconf 91' lang='lat' dir='ltr'>ct</span> <span class='ocrx_word' id='word_1_353' title='bbox 1827 4475 1996 4530; x_wconf 88' lang='lat' dir='ltr'>agam</span> 
     </span>
    </p>
   </div>
   <div class='ocr_carea' id='block_1_50' title="bbox 334 4548 1997 4606">
    <p class='ocr_par' dir='ltr' id='par_1_50' title="bbox 334 4548 1997 4606">
     <span class='ocr_line' id='line_1_50' title="bbox 334 4548 1997 4606; baseline 0.001 -5"><span class='ocrx_word' id='word_1_354' title='bbox 334 4549 514 4603; x_wconf 75' lang='lat' dir='ltr'>vitam</span> <span class='ocrx_word' id='word_1_355' title='bbox 571 4548 922 4604; x_wconf 87' lang='lat' dir='ltr'>solitariam.</span> <span class='ocrx_word' id='word_1_356' title='bbox 957 4551 1285 4606; x_wconf 86' lang='lat' dir='ltr'>Conversus</span> <span class='ocrx_word' id='word_1_357' title='bbox 1340 4555 1536 4605; x_wconf 89' lang='lat' dir='ltr'>autem</span> <span class='ocrx_word' id='word_1_358' title='bbox 1597 4549 1896 4605; x_wconf 89' lang='lat' dir='ltr'>neminem</span> <span class='ocrx_word' id='word_1_359' title='bbox 1929 4564 1997 4603; x_wconf 84' lang='lat' dir='ltr'>ex</span> 
     </span>
    </p>
   </div>
   <div class='ocr_carea' id='block_1_51' title="bbox 333 4636 1994 4709">
    <p class='ocr_par' dir='ltr' id='par_1_51' title="bbox 333 4636 1994 4709">
     <span class='ocr_line' id='line_1_51' title="bbox 333 4636 1994 4709; baseline -0.001 -18"><span class='ocrx_word' id='word_1_360' title='bbox 333 4636 607 4691; x_wconf 85' lang='lat' dir='ltr'>barbaris</span> <span class='ocrx_word' id='word_1_361' title='bbox 640 4636 804 4691; x_wconf 87' lang='lat' dir='ltr'>vidit.</span> <span class='ocrx_word' id='word_1_362' title='bbox 832 4639 1034 4709; x_wconf 84' lang='lat' dir='ltr'>Itaque</span> <span class='ocrx_word' id='word_1_363' title='bbox 1065 4639 1341 4695; x_wconf 90' lang='lat' dir='ltr'>continuo</span> <span class='ocrx_word' id='word_1_364' title='bbox 1370 4638 1529 4695; x_wconf 86' lang='lat' dir='ltr'>venit</span> <span class='ocrx_word' id='word_1_365' title='bbox 1561 4638 1630 4693; x_wconf 92' lang='lat' dir='ltr'>ad</span> <span class='ocrx_word' id='word_1_366' title='bbox 1661 4637 1812 4693; x_wconf 89' lang='lat' dir='ltr'>hanc</span> <span class='ocrx_word' id='word_1_367' title='bbox 1846 4637 1994 4691; x_wconf 88' lang='lat' dir='ltr'>Lau-</span> 
     </span>
    </p>
   </div>
   <div class='ocr_carea' id='block_1_52' title="bbox 333 4725 1995 4799">
    <p class='ocr_par' dir='ltr' id='par_1_52' title="bbox 333 4725 1995 4799">
     <span class='ocr_line' id='line_1_52' title="bbox 333 4725 1995 4799; baseline 0 -18"><span class='ocrx_word' id='word_1_368' title='bbox 333 4742 451 4781; x_wconf 87' lang='lat' dir='ltr'>ram</span> <span class='ocrx_word' id='word_1_369' title='bbox 482 4725 773 4798; x_wconf 90' lang='lat' dir='ltr'>Cupatha,</span> <span class='ocrx_word' id='word_1_370' title='bbox 798 4732 1214 4799; x_wconf 90' lang='lat' dir='ltr'>manseratque</span> <span class='ocrx_word' id='word_1_371' title='bbox 1237 4729 1363 4797; x_wconf 85' lang='lat' dir='ltr'>jam</span> <span class='ocrx_word' id='word_1_372' title='bbox 1395 4730 1453 4783; x_wconf 91' lang='lat' dir='ltr'>in</span> <span class='ocrx_word' id='word_1_373' title='bbox 1486 4728 1787 4799; x_wconf 87' lang='lat' dir='ltr'>spelunca,</span> <span class='ocrx_word' id='word_1_374' title='bbox 1815 4726 1909 4783; x_wconf 89' lang='lat' dir='ltr'>Dei</span> <span class='ocrx_word' id='word_1_375' title='bbox 1933 4741 1995 4782; x_wconf 91' lang='lat' dir='ltr'>se</span> 
     </span>
    </p>
   </div>
   <div class='ocr_carea' id='block_1_53' title="bbox 335 4816 1745 4890">
    <p class='ocr_par' dir='ltr' id='par_1_53' title="bbox 335 4816 1745 4890">
     <span class='ocr_line' id='line_1_53' title="bbox 335 4816 1745 4890; baseline 0.001 -19"><span class='ocrx_word' id='word_1_376' title='bbox 335 4820 675 4887; x_wconf 84' lang='lat' dir='ltr'>protegente</span> <span class='ocrx_word' id='word_1_377' title='bbox 702 4816 914 4887; x_wconf 88' lang='lat' dir='ltr'>gratia,</span> <span class='ocrx_word' id='word_1_378' title='bbox 951 4834 1138 4873; x_wconf 88' lang='lat' dir='ltr'>annos</span> <span class='ocrx_word' id='word_1_379' title='bbox 1172 4816 1417 4890; x_wconf 88' lang='lat' dir='ltr'>triginta</span> <span class='ocrx_word' id='word_1_380' title='bbox 1452 4818 1745 4889; x_wconf 89' lang='lat' dir='ltr'>quinque.</span> 
     </span>
    </p>
   </div>
   <div class='ocr_carea' id='block_1_54' title="bbox 949 4932 1385 5001">
    <p class='ocr_par' dir='ltr' id='par_1_54' title="bbox 949 4932 1385 5001">
     <span class='ocr_line' id='line_1_54' title="bbox 949 4932 1385 5001; baseline 0.005 -15"><span class='ocrx_word' id='word_1_381' title='bbox 949 4932 1182 4988; x_wconf 80' lang='lat' dir='ltr'>CAPUT</span> <span class='ocrx_word' id='word_1_382' title='bbox 1208 4998 1211 5001; x_wconf 24' lang='grc' dir='ltr'><strong><em>λ</em></strong></span> <span class='ocrx_word' id='word_1_383' title='bbox 1238 4932 1385 4989; x_wconf 86' lang='lat' dir='ltr'>XXI.</span> 
     </span>
    </p>
   </div>
   <div class='ocr_carea' id='block_1_55' title="bbox 577 5021 1746 5092">
    <p class='ocr_par' dir='ltr' id='par_1_55' title="bbox 577 5021 1746 5092">
     <span class='ocr_line' id='line_1_55' title="bbox 577 5021 1746 5092; baseline 0.003 -18"><span class='ocrx_word' id='word_1_384' title='bbox 577 5021 719 5077; x_wconf 75' lang='lat' dir='ltr'>Mors</span> <span class='ocrx_word' id='word_1_385' title='bbox 750 5021 1100 5079; x_wconf 49' lang='lat' dir='ltr'>anachoreta</span> <span class='ocrx_word' id='word_1_386' title='bbox 1126 5026 1175 5077; x_wconf 88' lang='lat' dir='ltr'>et</span> <span class='ocrx_word' id='word_1_387' title='bbox 1204 5023 1321 5092; x_wconf 88' lang='lat' dir='ltr'>ejus</span> <span class='ocrx_word' id='word_1_388' title='bbox 1353 5022 1746 5091; x_wconf 78' lang='lat' dir='ltr'>inter/estoris.</span> 
     </span>
    </p>
   </div>
   <div class='ocr_carea' id='block_1_56' title="bbox 403 5109 1990 5183">
    <p class='ocr_par' dir='ltr' id='par_1_56' title="bbox 403 5109 1990 5183">
     <span class='ocr_line' id='line_1_56' title="bbox 403 5109 1990 5183; baseline 0.003 -18"><span class='ocrx_word' id='word_1_389' title='bbox 403 5109 599 5166; x_wconf 82' lang='lat' dir='ltr'>Abbas</span> <span class='ocrx_word' id='word_1_390' title='bbox 657 5111 971 5167; x_wconf 87' lang='lat' dir='ltr'>Gerontius</span> <span class='ocrx_word' id='word_1_391' title='bbox 1031 5111 1379 5183; x_wconf 85' lang='lat' dir='ltr'>praepositus</span> <span class='ocrx_word' id='word_1_392' title='bbox 1410 5114 1749 5169; x_wconf 89' lang='lat' dir='ltr'>monasterii</span> <span class='ocrx_word' id='word_1_393' title='bbox 1802 5115 1990 5170; x_wconf 89' lang='lat' dir='ltr'>sancti</span> 
     </span>
    </p>
   </div>
   <div class='ocr_carea' id='block_1_57' title="bbox 330 5200 1975 5273">
    <p class='ocr_par' dir='ltr' id='par_1_57' title="bbox 330 5200 1975 5273">
     <span class='ocr_line' id='line_1_57' title="bbox 330 5200 1975 5273; baseline 0.002 -19"><span class='ocrx_word' id='word_1_394' title='bbox 330 5200 521 5255; x_wconf 83' lang='lat' dir='ltr'>Patris</span> <span class='ocrx_word' id='word_1_395' title='bbox 553 5201 739 5256; x_wconf 88' lang='lat' dir='ltr'>nostri</span> <span class='ocrx_word' id='word_1_396' title='bbox 770 5200 1067 5272; x_wconf 83' lang='lat' dir='ltr'>Euthymii</span> <span class='ocrx_word' id='word_1_397' title='bbox 1117 5202 1376 5257; x_wconf 88' lang='lat' dir='ltr'>narravit</span> <span class='ocrx_word' id='word_1_398' title='bbox 1408 5202 1553 5259; x_wconf 88' lang='lat' dir='ltr'>mihi</span> <span class='ocrx_word' id='word_1_399' title='bbox 1593 5209 1649 5258; x_wconf 90' lang='lat' dir='ltr'>et</span> <span class='ocrx_word' id='word_1_400' title='bbox 1688 5202 1975 5273; x_wconf 64' lang='lat' dir='ltr'>Sophiste</span> 
     </span>
    </p>
   </div>
   <div class='ocr_carea' id='block_1_58' title="bbox 330 5289 1987 5359">
    <p class='ocr_par' dir='ltr' id='par_1_58' title="bbox 330 5289 1987 5359">
     <span class='ocr_line' id='line_1_58' title="bbox 330 5289 1987 5359; baseline 0.002 -16"><span class='ocrx_word' id='word_1_401' title='bbox 330 5289 682 5359; x_wconf 85' lang='lat' dir='ltr'>Sephroniu,</span> <span class='ocrx_word' id='word_1_402' title='bbox 714 5291 955 5344; x_wconf 89' lang='lat' dir='ltr'>dicens:</span> <span class='ocrx_word' id='word_1_403' title='bbox 986 5290 1126 5345; x_wconf 89' lang='lat' dir='ltr'>Tres</span> <span class='ocrx_word' id='word_1_404' title='bbox 1155 5290 1332 5345; x_wconf 90' lang='lat' dir='ltr'>simul</span> <span class='ocrx_word' id='word_1_405' title='bbox 1364 5308 1601 5347; x_wconf 89' lang='lat' dir='ltr'>eramus</span> <span class='ocrx_word' id='word_1_406' title='bbox 1631 5297 1795 5347; x_wconf 89' lang='lat' dir='ltr'>trans</span> <span class='ocrx_word' id='word_1_407' title='bbox 1828 5309 1987 5348; x_wconf 89' lang='lat' dir='ltr'>mare</span> 
     </span>
    </p>
   </div>
   <div class='ocr_carea' id='block_1_59' title="bbox 333 5378 1985 5450">
    <p class='ocr_par' dir='ltr' id='par_1_59' title="bbox 333 5378 1985 5450">
     <span class='ocr_line' id='line_1_59' title="bbox 333 5378 1985 5450; baseline 0.001 -16"><span class='ocrx_word' id='word_1_408' title='bbox 333 5378 1247 5450; x_wconf 84' lang='lat' dir='ltr'>Mortuum;ambulantibusque</span> <span class='ocrx_word' id='word_1_409' title='bbox 1273 5381 1443 5435; x_wconf 91' lang='lat' dir='ltr'>nobis</span> <span class='ocrx_word' id='word_1_410' title='bbox 1473 5380 1529 5434; x_wconf 93' lang='lat' dir='ltr'>in</span> <span class='ocrx_word' id='word_1_411' title='bbox 1565 5386 1822 5437; x_wconf 88' lang='lat' dir='ltr'>montem</span> <span class='ocrx_word' id='word_1_412' title='bbox 1852 5398 1985 5436; x_wconf 87' lang='lat' dir='ltr'>ana-</span> 
     </span>
    </p>
   </div>
   <div class='ocr_carea' id='block_1_60' title="bbox 331 5467 1983 5541">
    <p class='ocr_par' dir='ltr' id='par_1_60' title="bbox 331 5467 1983 5541">
     <span class='ocr_line' id='line_1_60' title="bbox 331 5467 1983 5541; baseline 0.001 -18"><span class='ocrx_word' id='word_1_413' title='bbox 331 5467 573 5524; x_wconf 85' lang='lat' dir='ltr'>choreta</span> <span class='ocrx_word' id='word_1_414' title='bbox 603 5468 845 5539; x_wconf 90' lang='lat' dir='ltr'>quidam</span> <span class='ocrx_word' id='word_1_415' title='bbox 875 5467 1027 5522; x_wconf 87' lang='lat' dir='ltr'>alius</span> <span class='ocrx_word' id='word_1_416' title='bbox 1060 5467 1216 5524; x_wconf 89' lang='lat' dir='ltr'>circa</span> <span class='ocrx_word' id='word_1_417' title='bbox 1248 5470 1424 5524; x_wconf 87' lang='lat' dir='ltr'>maris</span> <span class='ocrx_word' id='word_1_418' title='bbox 1458 5470 1644 5541; x_wconf 88' lang='lat' dir='ltr'>ripam</span> <span class='ocrx_word' id='word_1_419' title='bbox 1699 5470 1983 5525; x_wconf 88' lang='lat' dir='ltr'>deambu-</span> 
     </span>
    </p>
   </div>
   <div class='ocr_carea' id='block_1_61' title="bbox 327 5556 1986 5631">
    <p class='ocr_par' dir='ltr' id='par_1_61' title="bbox 327 5556 1986 5631">
     <span class='ocr_line' id='line_1_61' title="bbox 327 5556 1986 5631; baseline 0.002 -21"><span class='ocrx_word' id='word_1_420' title='bbox 327 5556 511 5612; x_wconf 87' lang='lat' dir='ltr'>labat.</span> <span class='ocrx_word' id='word_1_421' title='bbox 536 5557 791 5629; x_wconf 89' lang='lat' dir='ltr'>Contigit</span> <span class='ocrx_word' id='word_1_422' title='bbox 820 5563 1017 5613; x_wconf 89' lang='lat' dir='ltr'>autem</span> <span class='ocrx_word' id='word_1_423' title='bbox 1048 5556 1365 5614; x_wconf 85' lang='lat' dir='ltr'>Saracenos</span> <span class='ocrx_word' id='word_1_424' title='bbox 1395 5560 1473 5630; x_wconf 85' lang='lat'>(2)</span> <span class='ocrx_word' id='word_1_425' title='bbox 1492 5560 1741 5616; x_wconf 87' lang='lat' dir='ltr'>transire</span> <span class='ocrx_word' id='word_1_426' title='bbox 1772 5576 1874 5631; x_wconf 90' lang='lat' dir='ltr'>per</span> <span class='ocrx_word' id='word_1_427' title='bbox 1905 5559 1986 5614; x_wconf 85' lang='lat' dir='ltr'>lo—</span> 
     </span>
    </p>
   </div>
   <div class='ocr_carea' id='block_1_62' title="bbox 327 5645 1986 5721">
    <p class='ocr_par' dir='ltr' id='par_1_62' title="bbox 327 5645 1986 5721">
     <span class='ocr_line' id='line_1_62' title="bbox 327 5645 1986 5721; baseline 0.001 -19"><span class='ocrx_word' id='word_1_428' title='bbox 327 5662 398 5702; x_wconf 88' lang='lat' dir='ltr'>ca</span> <span class='ocrx_word' id='word_1_429' title='bbox 430 5645 533 5701; x_wconf 89' lang='lat' dir='ltr'>illa</span> <span class='ocrx_word' id='word_1_430' title='bbox 582 5651 641 5702; x_wconf 88' lang='lat' dir='ltr'>et</span> <span class='ocrx_word' id='word_1_431' title='bbox 670 5662 977 5703; x_wconf 86' lang='lat' dir='ltr'>occurrere</span> <span class='ocrx_word' id='word_1_432' title='bbox 1007 5646 1121 5718; x_wconf 91' lang='lat' dir='ltr'>ipsi</span> <span class='ocrx_word' id='word_1_433' title='bbox 1148 5671 1163 5716; x_wconf 84' lang='lat'><strong>;</strong></span> <span class='ocrx_word' id='word_1_434' title='bbox 1198 5664 1333 5704; x_wconf 90' lang='lat' dir='ltr'>cum</span> <span class='ocrx_word' id='word_1_435' title='bbox 1365 5664 1503 5720; x_wconf 84' lang='lat' dir='ltr'>ergo</span> <span class='ocrx_word' id='word_1_436' title='bbox 1562 5649 1986 5721; x_wconf 83' lang='lat' dir='ltr'>praeteriissent</span> 
     </span>
    </p>
   </div>
   <div class='ocr_carea' id='block_1_63' title="bbox 2116 522 3761 616">
    <p class='ocr_par' dir='ltr' id='par_1_63' title="bbox 2116 522 3761 616">
     <span class='ocr_line' id='line_1_63' title="bbox 2116 522 3761 616; baseline 0.019 -42"><span class='ocrx_word' id='word_1_437' title='bbox 2116 522 2275 592; x_wconf 82' lang='lat' dir='ltr'>cidit,</span> <span class='ocrx_word' id='word_1_438' title='bbox 2314 526 2485 580; x_wconf 88' lang='lat' dir='ltr'>nobis</span> <span class='ocrx_word' id='word_1_439' title='bbox 2518 530 2587 582; x_wconf 93' lang='lat' dir='ltr'>de</span> <span class='ocrx_word' id='word_1_440' title='bbox 2621 529 2937 603; x_wconf 83' lang='lat' dir='ltr'>longinquo</span> <span class='ocrx_word' id='word_1_441' title='bbox 2969 542 3410 607; x_wconf 88' lang='lat' dir='ltr'>spectantibus:</span> <span class='ocrx_word' id='word_1_442' title='bbox 3437 522 3561 616; x_wconf 64' lang='lat' dir='ltr'>jam</span> <span class='ocrx_word' id='word_1_443' title='bbox 3606 550 3761 605; x_wconf 91' lang='lat' dir='ltr'>enim</span> 
     </span>
    </p>
   </div>
   <div class='ocr_carea' id='block_1_64' title="bbox 2117 616 3766 706">
    <p class='ocr_par' dir='ltr' id='par_1_64' title="bbox 2117 616 3766 706">
     <span class='ocr_line' id='line_1_64' title="bbox 2117 616 3766 706; baseline 0.019 -42"><span class='ocrx_word' id='word_1_444' title='bbox 2117 616 2649 675; x_wconf 87' lang='lat' dir='ltr'>conscenderamus</span> <span class='ocrx_word' id='word_1_445' title='bbox 2682 628 2963 681; x_wconf 89' lang='lat' dir='ltr'>montem.</span> <span class='ocrx_word' id='word_1_446' title='bbox 2989 631 3129 682; x_wconf 84' lang='lat' dir='ltr'>Cum</span> <span class='ocrx_word' id='word_1_447' title='bbox 3162 631 3766 706; x_wconf 89' lang='lat' dir='ltr'>verolacrymaremur</span> 
     </span>
    </p>
   </div>
   <div class='ocr_carea' id='block_1_65' title="bbox 2116 700 3767 791">
    <p class='ocr_par' dir='ltr' id='par_1_65' title="bbox 2116 700 3767 791">
     <span class='ocr_line' id='line_1_65' title="bbox 2116 700 3767 791; baseline 0.019 -39"><span class='ocrx_word' id='word_1_448' title='bbox 2116 700 2316 756; x_wconf 79' lang='lat' dir='ltr'>tristes</span> <span class='ocrx_word' id='word_1_449' title='bbox 2350 709 2955 775; x_wconf 71' lang='lat' dir='ltr'>propteranachoretze</span> <span class='ocrx_word' id='word_1_450' title='bbox 2980 700 3449 791; x_wconf 75' lang='lat' dir='ltr'>casum,repente</span> <span class='ocrx_word' id='word_1_451' title='bbox 3470 727 3767 783; x_wconf 90' lang='lat' dir='ltr'>cernimus</span> 
     </span>
    </p>
   </div>
   <div class='ocr_carea' id='block_1_66' title="bbox 2117 799 3764 875">
    <p class='ocr_par' dir='ltr' id='par_1_66' title="bbox 2117 799 3764 875">
     <span class='ocr_line' id='line_1_66' title="bbox 2117 799 3764 875; baseline 0.019 -35"><span class='ocrx_word' id='word_1_452' title='bbox 2117 805 2279 843; x_wconf 87' lang='lat' dir='ltr'>avem</span> <span class='ocrx_word' id='word_1_453' title='bbox 2314 808 2566 863; x_wconf 90' lang='lat' dir='ltr'>superne</span> <span class='ocrx_word' id='word_1_454' title='bbox 2597 799 2947 868; x_wconf 85' lang='lat' dir='ltr'>venientem,</span> <span class='ocrx_word' id='word_1_455' title='bbox 2985 811 3217 875; x_wconf 85' lang='lat' dir='ltr'>raptum</span> <span class='ocrx_word' id='word_1_456' title='bbox 3265 810 3651 869; x_wconf 89' lang='lat' dir='ltr'>Sarracenum</span> <span class='ocrx_word' id='word_1_457' title='bbox 3704 817 3764 872; x_wconf 89' lang='lat' dir='ltr'>in</span> 
     </span>
    </p>
   </div>
   <div class='ocr_carea' id='block_1_67' title="bbox 2117 877 3766 959">
    <p class='ocr_par' dir='ltr' id='par_1_67' title="bbox 2117 877 3766 959">
     <span class='ocr_line' id='line_1_67' title="bbox 2117 877 3766 959; baseline 0.019 -30"><span class='ocrx_word' id='word_1_458' title='bbox 2117 877 2370 933; x_wconf 90' lang='lat' dir='ltr'>sublime</span> <span class='ocrx_word' id='word_1_459' title='bbox 2401 882 2629 954; x_wconf 77' lang='lat' dir='ltr'>tulisse,</span> <span class='ocrx_word' id='word_1_460' title='bbox 2666 892 2838 958; x_wconf 90' lang='lat' dir='ltr'>atque</span> <span class='ocrx_word' id='word_1_461' title='bbox 2888 892 3021 945; x_wconf 91' lang='lat' dir='ltr'>inde</span> <span class='ocrx_word' id='word_1_462' title='bbox 3053 896 3109 948; x_wconf 88' lang='lat' dir='ltr'>in</span> <span class='ocrx_word' id='word_1_463' title='bbox 3145 900 3356 952; x_wconf 88' lang='lat' dir='ltr'>terram</span> <span class='ocrx_word' id='word_1_464' title='bbox 3388 898 3554 956; x_wconf 91' lang='lat' dir='ltr'>illum</span> <span class='ocrx_word' id='word_1_465' title='bbox 3591 904 3766 959; x_wconf 90' lang='lat' dir='ltr'>dimi-</span> 
     </span>
    </p>
   </div>
   <div class='ocr_carea' id='block_1_68' title="bbox 2116 968 3549 1047">
    <p class='ocr_par' dir='ltr' id='par_1_68' title="bbox 2116 968 3549 1047">
     <span class='ocr_line' id='line_1_68' title="bbox 2116 968 3549 1047; baseline 0.017 -28"><span class='ocrx_word' id='word_1_466' title='bbox 2116 968 2284 1034; x_wconf 88' lang='lat' dir='ltr'>sisse,</span> <span class='ocrx_word' id='word_1_467' title='bbox 2318 984 2382 1023; x_wconf 85' lang='lat' dir='ltr'>ex</span> <span class='ocrx_word' id='word_1_468' title='bbox 2416 988 2598 1044; x_wconf 90' lang='lat' dir='ltr'>eoque</span> <span class='ocrx_word' id='word_1_469' title='bbox 2624 976 2788 1047; x_wconf 74' lang='lat' dir='ltr'>lapsu</span> <span class='ocrx_word' id='word_1_470' title='bbox 2822 980 3205 1039; x_wconf 88' lang='lat' dir='ltr'>Sarracenum</span> <span class='ocrx_word' id='word_1_471' title='bbox 3240 987 3549 1047; x_wconf 86' lang='lat' dir='ltr'>interiisse.</span> 
     </span>
    </p>
   </div>
   <div class='ocr_carea' id='block_1_69' title="bbox 2723 1084 3158 1146">
    <p class='ocr_par' dir='ltr' id='par_1_69' title="bbox 2723 1084 3158 1146">
     <span class='ocr_line' id='line_1_69' title="bbox 2723 1084 3158 1146; baseline 0.018 -8"><span class='ocrx_word' id='word_1_472' title='bbox 2723 1084 2957 1142; x_wconf 82' lang='lat' dir='ltr'>CAPUT</span> <span class='ocrx_word' id='word_1_473' title='bbox 2980 1088 3158 1146; x_wconf 87' lang='lat' dir='ltr'>XXII.</span> 
     </span>
    </p>
   </div>
   <div class='ocr_carea' id='block_1_70' title="bbox 2496 1170 3387 1239">
    <p class='ocr_par' dir='ltr' id='par_1_70' title="bbox 2496 1170 3387 1239">
     <span class='ocr_line' id='line_1_70' title="bbox 2496 1170 3387 1239; baseline 0.018 -17"><span class='ocrx_word' id='word_1_474' title='bbox 2496 1170 2612 1224; x_wconf 83' lang='lat' dir='ltr'>Vita</span> <span class='ocrx_word' id='word_1_475' title='bbox 2644 1172 2878 1230; x_wconf 77' lang='lat' dir='ltr'>alterius</span> <span class='ocrx_word' id='word_1_476' title='bbox 2912 1180 3058 1232; x_wconf 84' lang='lat' dir='ltr'>senis</span> <span class='ocrx_word' id='word_1_477' title='bbox 3099 1180 3387 1239; x_wconf 85' lang='lat' dir='ltr'>Cononis..</span> 
     </span>
    </p>
   </div>
   <div class='ocr_carea' id='block_1_71' title="bbox 2188 1254 3766 1334">
    <p class='ocr_par' dir='ltr' id='par_1_71' title="bbox 2188 1254 3766 1334">
     <span class='ocr_line' id='line_1_71' title="bbox 2188 1254 3766 1334; baseline 0.017 -26"><span class='ocrx_word' id='word_1_478' title='bbox 2188 1254 2372 1310; x_wconf 86' lang='lat' dir='ltr'>Senex</span> <span class='ocrx_word' id='word_1_479' title='bbox 2403 1258 2643 1327; x_wconf 87' lang='lat' dir='ltr'>quidam</span> <span class='ocrx_word' id='word_1_480' title='bbox 2678 1267 2800 1317; x_wconf 89' lang='lat' dir='ltr'>erat</span> <span class='ocrx_word' id='word_1_481' title='bbox 2830 1263 2884 1318; x_wconf 91' lang='lat' dir='ltr'>in</span> <span class='ocrx_word' id='word_1_482' title='bbox 2920 1268 3180 1324; x_wconf 79' lang='lat' dir='ltr'>cmnobio</span> <span class='ocrx_word' id='word_1_483' title='bbox 3203 1273 3390 1327; x_wconf 88' lang='lat' dir='ltr'>sancti</span> <span class='ocrx_word' id='word_1_484' title='bbox 3418 1275 3608 1332; x_wconf 75' lang='lat' dir='ltr'>Patris</span> <span class='ocrx_word' id='word_1_485' title='bbox 3630 1294 3766 1334; x_wconf 87' lang='lat' dir='ltr'>nos-</span> 
     </span>
    </p>
   </div>
   <div class='ocr_carea' id='block_1_72' title="bbox 2119 1341 3763 1433">
    <p class='ocr_par' dir='ltr' id='par_1_72' title="bbox 2119 1341 3763 1433">
     <span class='ocr_line' id='line_1_72' title="bbox 2119 1341 3763 1433; baseline 0.018 -39"><span class='ocrx_word' id='word_1_486' title='bbox 2119 1341 2193 1395; x_wconf 87' lang='lat' dir='ltr'>tri</span> <span class='ocrx_word' id='word_1_487' title='bbox 2227 1343 2561 1417; x_wconf 90' lang='lat' dir='ltr'>Theodosii,</span> <span class='ocrx_word' id='word_1_488' title='bbox 2598 1351 2831 1405; x_wconf 89' lang='lat' dir='ltr'>nomine</span> <span class='ocrx_word' id='word_1_489' title='bbox 2891 1354 3107 1423; x_wconf 90' lang='lat' dir='ltr'>Conon,</span> <span class='ocrx_word' id='word_1_490' title='bbox 3141 1358 3281 1414; x_wconf 86' lang='lat' dir='ltr'>Cilix</span> <span class='ocrx_word' id='word_1_491' title='bbox 3341 1378 3573 1433; x_wconf 86' lang='lat' dir='ltr'>genere,</span> <span class='ocrx_word' id='word_1_492' title='bbox 3610 1365 3763 1423; x_wconf 89' lang='lat' dir='ltr'>hanc</span> 
     </span>
    </p>
   </div>
   <div class='ocr_carea' id='block_1_73' title="bbox 2117 1432 3763 1512">
    <p class='ocr_par' dir='ltr' id='par_1_73' title="bbox 2117 1432 3763 1512">
     <span class='ocr_line' id='line_1_73' title="bbox 2117 1432 3763 1512; baseline 0.018 -29"><span class='ocrx_word' id='word_1_493' title='bbox 2117 1432 2247 1487; x_wconf 68' lang='lat' dir='ltr'>vitm</span> <span class='ocrx_word' id='word_1_494' title='bbox 2278 1450 2541 1490; x_wconf 86' lang='lat' dir='ltr'>normam</span> <span class='ocrx_word' id='word_1_495' title='bbox 2574 1454 2675 1507; x_wconf 88' lang='lat' dir='ltr'>per</span> <span class='ocrx_word' id='word_1_496' title='bbox 2702 1440 2944 1511; x_wconf 84' lang='lat' dir='ltr'>triginta</span> <span class='ocrx_word' id='word_1_497' title='bbox 2974 1462 3159 1501; x_wconf 87' lang='lat' dir='ltr'>annos</span> <span class='ocrx_word' id='word_1_498' title='bbox 3183 1432 3557 1509; x_wconf 84' lang='lat' dir='ltr'>custodiens:</span> <span class='ocrx_word' id='word_1_499' title='bbox 3582 1456 3763 1512; x_wconf 90' lang='lat' dir='ltr'>semel</span> 
     </span>
    </p>
   </div>
   <div class='ocr_carea' id='block_1_74' title="bbox 2118 1522 3761 1612">
    <p class='ocr_par' dir='ltr' id='par_1_74' title="bbox 2118 1522 3761 1612">
     <span class='ocr_line' id='line_1_74' title="bbox 2118 1522 3761 1612; baseline 0.018 -40"><span class='ocrx_word' id='word_1_500' title='bbox 2118 1522 2460 1612; x_wconf 85' lang='lat' dir='ltr'>comedebat</span> <span class='ocrx_word' id='word_1_501' title='bbox 2491 1524 2546 1579; x_wconf 91' lang='lat' dir='ltr'>in</span> <span class='ocrx_word' id='word_1_502' title='bbox 2580 1526 2943 1586; x_wconf 86' lang='lat' dir='ltr'>hebdomada</span> <span class='ocrx_word' id='word_1_503' title='bbox 2974 1551 3183 1605; x_wconf 88' lang='lat' dir='ltr'>panem</span> <span class='ocrx_word' id='word_1_504' title='bbox 3204 1542 3261 1593; x_wconf 91' lang='lat' dir='ltr'>et</span> <span class='ocrx_word' id='word_1_505' title='bbox 3292 1556 3527 1612; x_wconf 90' lang='lat' dir='ltr'>aquam,</span> <span class='ocrx_word' id='word_1_506' title='bbox 3553 1548 3607 1597; x_wconf 90' lang='lat' dir='ltr'>et</span> <span class='ocrx_word' id='word_1_507' title='bbox 3634 1546 3761 1601; x_wconf 91' lang='lat' dir='ltr'>sine</span> 
     </span>
    </p>
   </div>
   <div class='ocr_carea' id='block_1_75' title="bbox 2117 1608 3762 1752">
    <p class='ocr_par' dir='ltr' id='par_1_75' title="bbox 2117 1608 3762 1752">
     <span class='ocr_line' id='line_1_75' title="bbox 2117 1608 3762 1752; baseline 0.018 -91"><span class='ocrx_word' id='word_1_508' title='bbox 2117 1608 2552 1752; x_wconf 46' lang='lat' dir='ltr'>antirmissionc</span> <span class='ocrx_word' id='word_1_509' title='bbox 2582 1632 2850 1689; x_wconf 80' lang='lat' dir='ltr'>operans,</span> <span class='ocrx_word' id='word_1_510' title='bbox 2880 1638 3184 1696; x_wconf 86' lang='lat' dir='ltr'>nunquam</span> <span class='ocrx_word' id='word_1_511' title='bbox 3218 1627 3286 1682; x_wconf 91' lang='lat' dir='ltr'>de</span> <span class='ocrx_word' id='word_1_512' title='bbox 3319 1608 3566 1686; x_wconf 73' lang='lat' dir='ltr'>ecclesia</span> <span class='ocrx_word' id='word_1_513' title='bbox 3598 1648 3762 1705; x_wconf 89' lang='lat' dir='ltr'>egre-</span> 
     </span>
     <span class='ocr_line' id='line_1_76' title="bbox 2160 1698 2406 1752; baseline 0.004 -1"><span class='ocrx_word' id='word_1_514' title='bbox 2160 1698 2207 1751; x_wconf 89' lang='lat' dir='ltr'>ie</span> <span class='ocrx_word' id='word_1_515' title='bbox 2256 1704 2406 1752; x_wconf 88' lang='lat' dir='ltr'>atur.</span> 
     </span>
    </p>
   </div>
   <div class='ocr_carea' id='block_1_76' title="bbox 2160 1698 2406 1756">
    <p class='ocr_par' dir='ltr' id='par_1_76' title="bbox 2160 1698 2406 1756">
     <span class='ocr_line' id='line_1_77' title="bbox 2160 1698 2406 1756; baseline 0.024 -6"><span class='ocrx_word' id='word_1_516' title='bbox 2160 1698 2406 1756; x_wconf 87' lang='lat' dir='ltr'>iebatur.</span> 
     </span>
    </p>
   </div>
   <div class='ocr_carea' id='block_1_77' title="bbox 2698 1796 3162 1859">
    <p class='ocr_par' dir='ltr' id='par_1_77' title="bbox 2698 1796 3162 1859">
     <span class='ocr_line' id='line_1_78' title="bbox 2698 1796 3162 1859; baseline 0.017 -9"><span class='ocrx_word' id='word_1_517' title='bbox 2698 1796 2931 1854; x_wconf 77' lang='lat' dir='ltr'>CAPUT</span> <span class='ocrx_word' id='word_1_518' title='bbox 2962 1800 3162 1859; x_wconf 85' lang='lat' dir='ltr'>XXIII.</span> 
     </span>
    </p>
   </div>
   <div class='ocr_carea' id='block_1_78' title="bbox 2584 1883 3297 1950">
    <p class='ocr_par' dir='ltr' id='par_1_78' title="bbox 2584 1883 3297 1950">
     <span class='ocr_line' id='line_1_79' title="bbox 2584 1883 3297 1950; baseline 0.02 -14"><span class='ocrx_word' id='word_1_519' title='bbox 2584 1883 2698 1939; x_wconf 80' lang='lat' dir='ltr'>Vita</span> <span class='ocrx_word' id='word_1_520' title='bbox 2730 1886 2994 1944; x_wconf 72' lang='lat' dir='ltr'>Theoduli</span> <span class='ocrx_word' id='word_1_521' title='bbox 3020 1893 3297 1950; x_wconf 78' lang='lat' dir='ltr'>monachi.</span> 
     </span>
    </p>
   </div>
   <div class='ocr_carea' id='block_1_79' title="bbox 2185 1965 3762 2057">
    <p class='ocr_par' dir='ltr' id='par_1_79' title="bbox 2185 1965 3762 2057">
     <span class='ocr_line' id='line_1_80' title="bbox 2185 1965 3762 2057; baseline 0.018 -39"><span class='ocrx_word' id='word_1_522' title='bbox 2185 1965 2375 2021; x_wconf 85' lang='lat' dir='ltr'>Alium</span> <span class='ocrx_word' id='word_1_523' title='bbox 2392 1968 2859 2031; x_wconf 89' lang='lat' dir='ltr'>vidimussenem</span> <span class='ocrx_word' id='word_1_524' title='bbox 2878 1977 2933 2032; x_wconf 93' lang='lat' dir='ltr'>in</span> <span class='ocrx_word' id='word_1_525' title='bbox 2964 1981 3165 2036; x_wconf 85' lang='lat' dir='ltr'>eodem</span> <span class='ocrx_word' id='word_1_526' title='bbox 3185 1986 3563 2057; x_wconf 90' lang='lat' dir='ltr'>monasterio,</span> <span class='ocrx_word' id='word_1_527' title='bbox 3579 1989 3762 2046; x_wconf 85' lang='lat' dir='ltr'>Theo-</span> 
     </span>
    </p>
   </div>
   <div class='ocr_carea' id='block_1_80' title="bbox 2116 2053 3758 2136">
    <p class='ocr_par' dir='ltr' id='par_1_80' title="bbox 2116 2053 3758 2136">
     <span class='ocr_line' id='line_1_81' title="bbox 2116 2053 3758 2136; baseline 0.017 -30"><span class='ocrx_word' id='word_1_528' title='bbox 2116 2053 2318 2109; x_wconf 90' lang='lat' dir='ltr'>dulum</span> <span class='ocrx_word' id='word_1_529' title='bbox 2381 2060 2638 2131; x_wconf 87' lang='lat' dir='ltr'>nomine,</span> <span class='ocrx_word' id='word_1_530' title='bbox 2672 2063 2767 2132; x_wconf 90' lang='lat' dir='ltr'>qui</span> <span class='ocrx_word' id='word_1_531' title='bbox 2826 2066 2994 2122; x_wconf 89' lang='lat' dir='ltr'>miles</span> <span class='ocrx_word' id='word_1_532' title='bbox 3052 2075 3223 2126; x_wconf 89' lang='lat' dir='ltr'>antea</span> <span class='ocrx_word' id='word_1_533' title='bbox 3281 2072 3488 2129; x_wconf 88' lang='lat' dir='ltr'>fuerat.</span> <span class='ocrx_word' id='word_1_534' title='bbox 3529 2053 3581 2132; x_wconf 87' lang='lat' dir='ltr'>Is</span> <span class='ocrx_word' id='word_1_535' title='bbox 3633 2079 3758 2136; x_wconf 87' lang='lat' dir='ltr'>dies</span> 
     </span>
    </p>
   </div>
   <div class='ocr_carea' id='block_1_81' title="bbox 2116 2147 3636 2225">
    <p class='ocr_par' dir='ltr' id='par_1_81' title="bbox 2116 2147 3636 2225">
     <span class='ocr_line' id='line_1_82' title="bbox 2116 2147 3636 2225; baseline 0.016 -28"><span class='ocrx_word' id='word_1_536' title='bbox 2116 2159 2318 2201; x_wconf 90' lang='lat' dir='ltr'>omnes</span> <span class='ocrx_word' id='word_1_537' title='bbox 2341 2147 2642 2221; x_wconf 87' lang='lat' dir='ltr'>jejunans,</span> <span class='ocrx_word' id='word_1_538' title='bbox 2678 2169 2979 2225; x_wconf 86' lang='lat' dir='ltr'>nunquam</span> <span class='ocrx_word' id='word_1_539' title='bbox 3012 2157 3070 2212; x_wconf 90' lang='lat' dir='ltr'>in</span> <span class='ocrx_word' id='word_1_540' title='bbox 3102 2158 3257 2216; x_wconf 86' lang='lat' dir='ltr'>latus</span> <span class='ocrx_word' id='word_1_541' title='bbox 3291 2163 3636 2222; x_wconf 86' lang='lat' dir='ltr'>dormiebat.</span> 
     </span>
    </p>
   </div>
   <div class='ocr_carea' id='block_1_82' title="bbox 2702 2260 3173 2324">
    <p class='ocr_par' dir='ltr' id='par_1_82' title="bbox 2702 2260 3173 2324">
     <span class='ocr_line' id='line_1_83' title="bbox 2702 2260 3173 2324; baseline 0.021 -10"><span class='ocrx_word' id='word_1_542' title='bbox 2702 2260 2929 2319; x_wconf 69' lang='lat' dir='ltr'>CAPUT</span> <span class='ocrx_word' id='word_1_543' title='bbox 2961 2267 3173 2324; x_wconf 83' lang='lat' dir='ltr'>XXIV.</span> 
     </span>
    </p>
   </div>
   <div class='ocr_carea' id='block_1_83' title="bbox 2191 2343 3685 2420">
    <p class='ocr_par' dir='ltr' id='par_1_83' title="bbox 2191 2343 3685 2420">
     <span class='ocr_line' id='line_1_84' title="bbox 2191 2343 3685 2420; baseline 0.015 -22"><span class='ocrx_word' id='word_1_544' title='bbox 2191 2343 2306 2399; x_wconf 83' lang='lat' dir='ltr'>Vita</span> <span class='ocrx_word' id='word_1_545' title='bbox 2331 2346 2479 2400; x_wconf 82' lang='lat' dir='ltr'>senis</span> <span class='ocrx_word' id='word_1_546' title='bbox 2507 2349 2809 2420; x_wconf 86' lang='lat' dir='ltr'>cujusdam</span> <span class='ocrx_word' id='word_1_547' title='bbox 2838 2352 3147 2411; x_wconf 78' lang='lat' dir='ltr'>habitantis</span> <span class='ocrx_word' id='word_1_548' title='bbox 3180 2358 3243 2412; x_wconf 85' lang='lat' dir='ltr'>in</span> <span class='ocrx_word' id='word_1_549' title='bbox 3272 2360 3428 2415; x_wconf 83' lang='lat' dir='ltr'>cellis</span> <span class='ocrx_word' id='word_1_550' title='bbox 3458 2361 3685 2420; x_wconf 74' lang='lat' dir='ltr'>Guziba.</span> 
     </span>
    </p>
   </div>
   <div class='ocr_carea' id='block_1_84' title="bbox 2189 2433 3762 2509">
    <p class='ocr_par' dir='ltr' id='par_1_84' title="bbox 2189 2433 3762 2509">
     <span class='ocr_line' id='line_1_85' title="bbox 2189 2433 3762 2509; baseline 0.014 -22"><span class='ocrx_word' id='word_1_551' title='bbox 2189 2433 2322 2489; x_wconf 87' lang='lat' dir='ltr'>Erat</span> <span class='ocrx_word' id='word_1_552' title='bbox 2352 2451 2529 2491; x_wconf 84' lang='lat' dir='ltr'>senex</span> <span class='ocrx_word' id='word_1_553' title='bbox 2560 2438 2798 2508; x_wconf 90' lang='lat' dir='ltr'>quidam</span> <span class='ocrx_word' id='word_1_554' title='bbox 2832 2440 3104 2501; x_wconf 88' lang='lat' dir='ltr'>habitans</span> <span class='ocrx_word' id='word_1_555' title='bbox 3137 2445 3194 2501; x_wconf 89' lang='lat' dir='ltr'>in</span> <span class='ocrx_word' id='word_1_556' title='bbox 3246 2448 3406 2505; x_wconf 91' lang='lat' dir='ltr'>cellis</span> <span class='ocrx_word' id='word_1_557' title='bbox 3455 2453 3667 2508; x_wconf 85' lang='lat' dir='ltr'>Cuziha</span> <span class='ocrx_word' id='word_1_558' title='bbox 3692 2454 3762 2509; x_wconf 89' lang='lat' dir='ltr'>de</span> 
     </span>
    </p>
   </div>
   <div class='ocr_carea' id='block_1_85' title="bbox 2117 2524 3760 2609">
    <p class='ocr_par' dir='ltr' id='par_1_85' title="bbox 2117 2524 3760 2609">
     <span class='ocr_line' id='line_1_86' title="bbox 2117 2524 3760 2609; baseline 0.014 -34"><span class='ocrx_word' id='word_1_559' title='bbox 2117 2538 2230 2593; x_wconf 93' lang='lat' dir='ltr'>quo</span> <span class='ocrx_word' id='word_1_560' title='bbox 2260 2524 2576 2580; x_wconf 82' lang='lat' dir='ltr'>narrabant</span> <span class='ocrx_word' id='word_1_561' title='bbox 2598 2528 2766 2584; x_wconf 87' lang='lat' dir='ltr'>nobis</span> <span class='ocrx_word' id='word_1_562' title='bbox 2796 2529 2905 2585; x_wconf 90' lang='lat' dir='ltr'>loci</span> <span class='ocrx_word' id='word_1_563' title='bbox 2938 2532 3065 2603; x_wconf 86' lang='lat' dir='ltr'>ejus</span> <span class='ocrx_word' id='word_1_564' title='bbox 3097 2535 3376 2605; x_wconf 87' lang='lat' dir='ltr'>seniores,</span> <span class='ocrx_word' id='word_1_565' title='bbox 3412 2541 3565 2609; x_wconf 90' lang='lat' dir='ltr'>quod</span> <span class='ocrx_word' id='word_1_566' title='bbox 3619 2542 3760 2597; x_wconf 90' lang='lat' dir='ltr'>dum</span> 
     </span>
    </p>
   </div>
   <div class='ocr_carea' id='block_1_86' title="bbox 2114 2611 3766 2698">
    <p class='ocr_par' dir='ltr' id='par_1_86' title="bbox 2114 2611 3766 2698">
     <span class='ocr_line' id='line_1_87' title="bbox 2114 2611 3766 2698; baseline 0.013 -33"><span class='ocrx_word' id='word_1_567' title='bbox 2114 2611 2172 2665; x_wconf 91' lang='lat' dir='ltr'>in</span> <span class='ocrx_word' id='word_1_568' title='bbox 2206 2612 2329 2668; x_wconf 86' lang='lat' dir='ltr'>vico</span> <span class='ocrx_word' id='word_1_569' title='bbox 2361 2631 2467 2669; x_wconf 90' lang='lat' dir='ltr'>suo</span> <span class='ocrx_word' id='word_1_570' title='bbox 2498 2622 2672 2687; x_wconf 89' lang='lat' dir='ltr'>esset,</span> <span class='ocrx_word' id='word_1_571' title='bbox 2706 2617 2853 2673; x_wconf 84' lang='lat' dir='ltr'>hanc</span> <span class='ocrx_word' id='word_1_572' title='bbox 2883 2619 3135 2678; x_wconf 88' lang='lat' dir='ltr'>habebat</span> <span class='ocrx_word' id='word_1_573' title='bbox 3155 2629 3666 2698; x_wconf 89' lang='lat' dir='ltr'>consuetudinem,</span> <span class='ocrx_word' id='word_1_574' title='bbox 3699 2637 3766 2686; x_wconf 87' lang='lat' dir='ltr'>ut</span> 
     </span>
    </p>
   </div>
   <div class='ocr_carea' id='block_1_87' title="bbox 2115 2700 3761 2784">
    <p class='ocr_par' dir='ltr' id='par_1_87' title="bbox 2115 2700 3761 2784">
     <span class='ocr_line' id='line_1_88' title="bbox 2115 2700 3761 2784; baseline 0.013 -29"><span class='ocrx_word' id='word_1_575' title='bbox 2115 2700 2165 2755; x_wconf 87' lang='lat' dir='ltr'>si</span> <span class='ocrx_word' id='word_1_576' title='bbox 2190 2718 2363 2772; x_wconf 85' lang='lat' dir='ltr'>quem</span> <span class='ocrx_word' id='word_1_577' title='bbox 2395 2703 2637 2761; x_wconf 88' lang='lat' dir='ltr'>vidisset</span> <span class='ocrx_word' id='word_1_578' title='bbox 2666 2707 2723 2761; x_wconf 91' lang='lat' dir='ltr'>in</span> <span class='ocrx_word' id='word_1_579' title='bbox 2758 2708 2880 2763; x_wconf 89' lang='lat' dir='ltr'>vico</span> <span class='ocrx_word' id='word_1_580' title='bbox 2912 2726 3026 2780; x_wconf 71' lang='lat' dir='ltr'>prae</span> <span class='ocrx_word' id='word_1_581' title='bbox 3057 2710 3255 2784; x_wconf 87' lang='lat' dir='ltr'>inopia</span> <span class='ocrx_word' id='word_1_582' title='bbox 3304 2732 3419 2771; x_wconf 89' lang='lat' dir='ltr'>non</span> <span class='ocrx_word' id='word_1_583' title='bbox 3470 2718 3761 2775; x_wconf 88' lang='lat' dir='ltr'>valentem</span> 
     </span>
    </p>
   </div>
   <div class='ocr_carea' id='block_1_88' title="bbox 2115 2795 3764 2881">
    <p class='ocr_par' dir='ltr' id='par_1_88' title="bbox 2115 2795 3764 2881">
     <span class='ocr_line' id='line_1_89' title="bbox 2115 2795 3764 2881; baseline 0.013 -37"><span class='ocrx_word' id='word_1_584' title='bbox 2115 2807 2321 2881; x_wconf 82' lang='lat' dir='ltr'>agrum</span> <span class='ocrx_word' id='word_1_585' title='bbox 2355 2809 2528 2848; x_wconf 89' lang='lat' dir='ltr'>suum</span> <span class='ocrx_word' id='word_1_586' title='bbox 2561 2795 2874 2867; x_wconf 88' lang='lat' dir='ltr'>seminare,</span> <span class='ocrx_word' id='word_1_587' title='bbox 2907 2805 3081 2855; x_wconf 90' lang='lat' dir='ltr'>noctu</span> <span class='ocrx_word' id='word_1_588' title='bbox 3116 2800 3256 2870; x_wconf 86' lang='lat' dir='ltr'>ibat,</span> <span class='ocrx_word' id='word_1_589' title='bbox 3291 2803 3600 2875; x_wconf 88' lang='lat' dir='ltr'>ignorante</span> <span class='ocrx_word' id='word_1_590' title='bbox 3637 2801 3764 2881; x_wconf 80' lang='lat' dir='ltr'>agri</span> 
     </span>
    </p>
   </div>
   <div class='ocr_carea' id='block_1_89' title="bbox 2112 2880 3754 2966">
    <p class='ocr_par' dir='ltr' id='par_1_89' title="bbox 2112 2880 3754 2966">
     <span class='ocr_line' id='line_1_90' title="bbox 2112 2880 3754 2966; baseline 0.013 -34"><span class='ocrx_word' id='word_1_591' title='bbox 2112 2880 2369 2951; x_wconf 90' lang='lat' dir='ltr'>domino,</span> <span class='ocrx_word' id='word_1_592' title='bbox 2400 2898 2716 2955; x_wconf 86' lang='lat' dir='ltr'>semenque</span> <span class='ocrx_word' id='word_1_593' title='bbox 2766 2903 2963 2943; x_wconf 87' lang='lat' dir='ltr'>secum</span> <span class='ocrx_word' id='word_1_594' title='bbox 3018 2891 3233 2962; x_wconf 82' lang='lat' dir='ltr'>ferens,</span> <span class='ocrx_word' id='word_1_595' title='bbox 3270 2897 3545 2966; x_wconf 90' lang='lat' dir='ltr'>pauperis</span> <span class='ocrx_word' id='word_1_596' title='bbox 3592 2880 3754 2955; x_wconf 83' lang='lat' dir='ltr'>illius</span> 
     </span>
    </p>
   </div>
   <div class='ocr_carea' id='block_1_90' title="bbox 2111 2970 3764 3055">
    <p class='ocr_par' dir='ltr' id='par_1_90' title="bbox 2111 2970 3764 3055">
     <span class='ocr_line' id='line_1_91' title="bbox 2111 2970 3764 3055; baseline 0.013 -32"><span class='ocrx_word' id='word_1_597' title='bbox 2111 2970 2338 3024; x_wconf 85' lang='lat' dir='ltr'>serebat</span> <span class='ocrx_word' id='word_1_598' title='bbox 2366 2973 2757 3041; x_wconf 89' lang='lat' dir='ltr'>agrum.Cum</span> <span class='ocrx_word' id='word_1_599' title='bbox 2791 2981 2986 3032; x_wconf 90' lang='lat' dir='ltr'>autem</span> <span class='ocrx_word' id='word_1_600' title='bbox 3020 2980 3275 3038; x_wconf 88' lang='lat' dir='ltr'>venisset</span> <span class='ocrx_word' id='word_1_601' title='bbox 3306 2983 3364 3037; x_wconf 90' lang='lat' dir='ltr'>in</span> <span class='ocrx_word' id='word_1_602' title='bbox 3396 2994 3764 3055; x_wconf 88' lang='lat' dir='ltr'>eremum,et</span> 
     </span>
    </p>
   </div>
   <div class='ocr_carea' id='block_1_91' title="bbox 2112 3060 3762 3132">
    <p class='ocr_par' dir='ltr' id='par_1_91' title="bbox 2112 3060 3762 3132">
     <span class='ocr_line' id='line_1_92' title="bbox 2112 3060 3762 3132; baseline 0.013 -21"><span class='ocrx_word' id='word_1_603' title='bbox 2112 3064 2444 3114; x_wconf 90' lang='lat' dir='ltr'>moraretur</span> <span class='ocrx_word' id='word_1_604' title='bbox 2471 3060 2530 3116; x_wconf 90' lang='lat' dir='ltr'>in</span> <span class='ocrx_word' id='word_1_605' title='bbox 2563 3062 2726 3118; x_wconf 90' lang='lat' dir='ltr'>cellis</span> <span class='ocrx_word' id='word_1_606' title='bbox 2751 3066 2987 3132; x_wconf 87' lang='lat' dir='ltr'>Cuziba,</span> <span class='ocrx_word' id='word_1_607' title='bbox 3010 3069 3211 3123; x_wconf 90' lang='lat' dir='ltr'>eadem</span> <span class='ocrx_word' id='word_1_608' title='bbox 3250 3072 3644 3131; x_wconf 88' lang='lat' dir='ltr'>miserationis</span> <span class='ocrx_word' id='word_1_609' title='bbox 3677 3078 3762 3132; x_wconf 86' lang='lat' dir='ltr'>fa-</span> 
     </span>
    </p>
   </div>
   <div class='ocr_carea' id='block_1_92' title="bbox 2031 3147 3763 3230">
    <p class='ocr_par' dir='ltr' id='par_1_92' title="bbox 2031 3147 3763 3230">
     <span class='ocr_line' id='line_1_93' title="bbox 2031 3147 3763 3230; baseline 0.012 -31"><span class='ocrx_word' id='word_1_610' title='bbox 2031 3156 2073 3222; x_wconf 74' lang='grc' dir='ltr'>ί]</span> <span class='ocrx_word' id='word_1_611' title='bbox 2112 3147 2301 3202; x_wconf 89' lang='lat' dir='ltr'>ciebat</span> <span class='ocrx_word' id='word_1_612' title='bbox 2330 3165 2526 3219; x_wconf 88' lang='lat' dir='ltr'>opera.</span> <span class='ocrx_word' id='word_1_613' title='bbox 2551 3151 2679 3206; x_wconf 87' lang='lat' dir='ltr'>Ibat</span> <span class='ocrx_word' id='word_1_614' title='bbox 2708 3153 2863 3208; x_wconf 90' lang='lat' dir='ltr'>enim</span> <span class='ocrx_word' id='word_1_615' title='bbox 2896 3172 2999 3226; x_wconf 92' lang='lat' dir='ltr'>per</span> <span class='ocrx_word' id='word_1_616' title='bbox 3028 3156 3201 3227; x_wconf 89' lang='lat' dir='ltr'>viam,</span> <span class='ocrx_word' id='word_1_617' title='bbox 3228 3176 3355 3230; x_wconf 67' lang='lat' dir='ltr'>quae</span> <span class='ocrx_word' id='word_1_618' title='bbox 3386 3162 3607 3218; x_wconf 88' lang='lat' dir='ltr'>ducite</span> <span class='ocrx_word' id='word_1_619' title='bbox 3635 3165 3763 3219; x_wconf 87' lang='lat' dir='ltr'>Jor-</span> 
     </span>
    </p>
   </div>
   <div class='ocr_carea' id='block_1_93' title="bbox 2111 3237 3760 3324">
    <p class='ocr_par' dir='ltr' id='par_1_93' title="bbox 2111 3237 3760 3324">
     <span class='ocr_line' id='line_1_94' title="bbox 2111 3237 3760 3324; baseline 0.011 -33"><span class='ocrx_word' id='word_1_620' title='bbox 2111 3237 2261 3292; x_wconf 80' lang='lat' dir='ltr'>dane</span> <span class='ocrx_word' id='word_1_621' title='bbox 2288 3238 2354 3293; x_wconf 92' lang='lat' dir='ltr'>ad</span> <span class='ocrx_word' id='word_1_622' title='bbox 2388 3244 2654 3294; x_wconf 83' lang='lat' dir='ltr'>sanctam</span> <span class='ocrx_word' id='word_1_623' title='bbox 2688 3241 3206 3313; x_wconf 84' lang='lat' dir='ltr'>civitatem,ferens</span> <span class='ocrx_word' id='word_1_624' title='bbox 3230 3265 3409 3318; x_wconf 89' lang='lat' dir='ltr'>panes</span> <span class='ocrx_word' id='word_1_625' title='bbox 3432 3255 3489 3306; x_wconf 90' lang='lat' dir='ltr'>et</span> <span class='ocrx_word' id='word_1_626' title='bbox 3520 3269 3760 3324; x_wconf 87' lang='lat' dir='ltr'>aquam.</span> 
     </span>
    </p>
   </div>
   <div class='ocr_carea' id='block_1_94' title="bbox 2108 3326 3758 3411">
    <p class='ocr_par' dir='ltr' id='par_1_94' title="bbox 2108 3326 3758 3411">
     <span class='ocr_line' id='line_1_95' title="bbox 2108 3326 3758 3411; baseline 0.01 -30"><span class='ocrx_word' id='word_1_627' title='bbox 2108 3326 2177 3381; x_wconf 88' lang='lat' dir='ltr'>Et</span> <span class='ocrx_word' id='word_1_628' title='bbox 2203 3326 2253 3381; x_wconf 89' lang='lat' dir='ltr'>si</span> <span class='ocrx_word' id='word_1_629' title='bbox 2281 3329 2520 3397; x_wconf 89' lang='lat' dir='ltr'>quando</span> <span class='ocrx_word' id='word_1_630' title='bbox 2550 3329 2769 3385; x_wconf 89' lang='lat' dir='ltr'>videret</span> <span class='ocrx_word' id='word_1_631' title='bbox 2818 3332 3071 3403; x_wconf 87' lang='lat' dir='ltr'>aliquem</span> <span class='ocrx_word' id='word_1_632' title='bbox 3116 3333 3528 3410; x_wconf 78' lang='lat' dir='ltr'>lacessentem,</span> <span class='ocrx_word' id='word_1_633' title='bbox 3560 3346 3758 3411; x_wconf 87' lang='lat' dir='ltr'>porta-</span> 
     </span>
    </p>
   </div>
   <div class='ocr_carea' id='block_1_95' title="bbox 2106 3413 3762 3495">
    <p class='ocr_par' dir='ltr' id='par_1_95' title="bbox 2106 3413 3762 3495">
     <span class='ocr_line' id='line_1_96' title="bbox 2106 3413 3762 3495; baseline 0.01 -26"><span class='ocrx_word' id='word_1_634' title='bbox 2106 3413 2208 3469; x_wconf 90' lang='lat' dir='ltr'>bat</span> <span class='ocrx_word' id='word_1_635' title='bbox 2227 3432 2378 3471; x_wconf 90' lang='lat' dir='ltr'>onus</span> <span class='ocrx_word' id='word_1_636' title='bbox 2394 3418 2543 3486; x_wconf 87' lang='lat' dir='ltr'>ejus,</span> <span class='ocrx_word' id='word_1_637' title='bbox 2561 3421 2985 3476; x_wconf 88' lang='lat' dir='ltr'>etascendebat</span> <span class='ocrx_word' id='word_1_638' title='bbox 3006 3439 3192 3495; x_wconf 90' lang='lat' dir='ltr'>usque</span> <span class='ocrx_word' id='word_1_639' title='bbox 3213 3426 3281 3479; x_wconf 85' lang='lat' dir='ltr'>ad</span> <span class='ocrx_word' id='word_1_640' title='bbox 3307 3428 3579 3483; x_wconf 82' lang='lat' dir='ltr'>sanctum</span> <span class='ocrx_word' id='word_1_641' title='bbox 3599 3446 3762 3484; x_wconf 91' lang='lat' dir='ltr'>mon-</span> 
     </span>
    </p>
   </div>
   <div class='ocr_carea' id='block_1_96' title="bbox 2107 3504 3762 3581">
    <p class='ocr_par' dir='ltr' id='par_1_96' title="bbox 2107 3504 3762 3581">
     <span class='ocr_line' id='line_1_97' title="bbox 2107 3504 3762 3581; baseline 0.01 -23"><span class='ocrx_word' id='word_1_642' title='bbox 2107 3508 2222 3559; x_wconf 90' lang='lat' dir='ltr'>tem</span> <span class='ocrx_word' id='word_1_643' title='bbox 2257 3504 2485 3577; x_wconf 85' lang='lat' dir='ltr'>Oliveti,</span> <span class='ocrx_word' id='word_1_644' title='bbox 2506 3524 2827 3581; x_wconf 90' lang='lat' dir='ltr'>rursusque</span> <span class='ocrx_word' id='word_1_645' title='bbox 2860 3526 2962 3580; x_wconf 90' lang='lat' dir='ltr'>per</span> <span class='ocrx_word' id='word_1_646' title='bbox 2981 3513 3246 3569; x_wconf 89' lang='lat' dir='ltr'>eamdem</span> <span class='ocrx_word' id='word_1_647' title='bbox 3271 3531 3404 3571; x_wconf 91' lang='lat' dir='ltr'>cum</span> <span class='ocrx_word' id='word_1_648' title='bbox 3429 3518 3650 3573; x_wconf 64' lang='lat' dir='ltr'>caeteris</span> <span class='ocrx_word' id='word_1_649' title='bbox 3676 3537 3762 3575; x_wconf 86' lang='lat' dir='ltr'>re-</span> 
     </span>
    </p>
   </div>
   <div class='ocr_carea' id='block_1_97' title="bbox 2109 3593 3762 3676">
    <p class='ocr_par' dir='ltr' id='par_1_97' title="bbox 2109 3593 3762 3676">
     <span class='ocr_line' id='line_1_98' title="bbox 2109 3593 3762 3676; baseline 0.01 -29"><span class='ocrx_word' id='word_1_650' title='bbox 2109 3593 2271 3649; x_wconf 87' lang='lat' dir='ltr'>dibat</span> <span class='ocrx_word' id='word_1_651' title='bbox 2300 3596 2473 3663; x_wconf 89' lang='lat' dir='ltr'>viam,</span> <span class='ocrx_word' id='word_1_652' title='bbox 2509 3596 2699 3653; x_wconf 85' lang='lat' dir='ltr'>ferens</span> <span class='ocrx_word' id='word_1_653' title='bbox 2724 3597 2959 3656; x_wconf 86' lang='lat' dir='ltr'>illorum</span> <span class='ocrx_word' id='word_1_654' title='bbox 2980 3618 3154 3657; x_wconf 91' lang='lat' dir='ltr'>onera</span> <span class='ocrx_word' id='word_1_655' title='bbox 3182 3620 3369 3676; x_wconf 89' lang='lat' dir='ltr'>usque</span> <span class='ocrx_word' id='word_1_656' title='bbox 3388 3605 3641 3665; x_wconf 88' lang='lat' dir='ltr'>Jericho.</span> <span class='ocrx_word' id='word_1_657' title='bbox 3660 3610 3762 3663; x_wconf 85' lang='lat' dir='ltr'>Vi-</span> 
     </span>
    </p>
   </div>
   <div class='ocr_carea' id='block_1_98' title="bbox 2106 3682 3762 3768">
    <p class='ocr_par' dir='ltr' id='par_1_98' title="bbox 2106 3682 3762 3768">
     <span class='ocr_line' id='line_1_99' title="bbox 2106 3682 3762 3768; baseline 0.01 -31"><span class='ocrx_word' id='word_1_658' title='bbox 2106 3682 2297 3739; x_wconf 89' lang='lat' dir='ltr'>disses</span> <span class='ocrx_word' id='word_1_659' title='bbox 2324 3700 2526 3741; x_wconf 87' lang='lat' dir='ltr'>senem</span> <span class='ocrx_word' id='word_1_660' title='bbox 2557 3686 2876 3758; x_wconf 87' lang='lat' dir='ltr'>aliquando</span> <span class='ocrx_word' id='word_1_661' title='bbox 2909 3690 3192 3747; x_wconf 89' lang='lat' dir='ltr'>ferentem</span> <span class='ocrx_word' id='word_1_662' title='bbox 3225 3708 3375 3750; x_wconf 91' lang='lat' dir='ltr'>onus</span> <span class='ocrx_word' id='word_1_663' title='bbox 3400 3694 3629 3768; x_wconf 89' lang='lat' dir='ltr'>ingens,</span> <span class='ocrx_word' id='word_1_664' title='bbox 3663 3716 3762 3752; x_wconf 84' lang='lat' dir='ltr'>su-</span> 
     </span>
    </p>
   </div>
   <div class='ocr_carea' id='block_1_99' title="bbox 2106 3772 3764 3853">
    <p class='ocr_par' dir='ltr' id='par_1_99' title="bbox 2106 3772 3764 3853">
     <span class='ocr_line' id='line_1_100' title="bbox 2106 3772 3764 3853; baseline 0.01 -27"><span class='ocrx_word' id='word_1_665' title='bbox 2106 3772 2464 3845; x_wconf 88' lang='lat' dir='ltr'>dantemque</span> <span class='ocrx_word' id='word_1_666' title='bbox 2494 3776 2606 3831; x_wconf 88' lang='lat' dir='ltr'>sub</span> <span class='ocrx_word' id='word_1_667' title='bbox 2642 3776 2829 3839; x_wconf 86' lang='lat' dir='ltr'>fasce;</span> <span class='ocrx_word' id='word_1_668' title='bbox 2859 3778 3178 3850; x_wconf 87' lang='lat' dir='ltr'>aliquando</span> <span class='ocrx_word' id='word_1_669' title='bbox 3202 3788 3535 3853; x_wconf 87' lang='lat' dir='ltr'>portantem</span> <span class='ocrx_word' id='word_1_670' title='bbox 3560 3786 3617 3840; x_wconf 90' lang='lat' dir='ltr'>in</span> <span class='ocrx_word' id='word_1_671' title='bbox 3653 3786 3764 3843; x_wconf 87' lang='lat' dir='ltr'>hu-</span> 
     </span>
    </p>
   </div>
   <div class='ocr_carea' id='block_1_100' title="bbox 2108 3863 3765 3943">
    <p class='ocr_par' dir='ltr' id='par_1_100' title="bbox 2108 3863 3765 3943">
     <span class='ocr_line' id='line_1_101' title="bbox 2108 3863 3765 3943; baseline 0.009 -28"><span class='ocrx_word' id='word_1_672' title='bbox 2108 3863 2287 3918; x_wconf 90' lang='lat' dir='ltr'>meris</span> <span class='ocrx_word' id='word_1_673' title='bbox 2302 3863 2643 3935; x_wconf 90' lang='lat' dir='ltr'>puerulum,</span> <span class='ocrx_word' id='word_1_674' title='bbox 2660 3882 2812 3937; x_wconf 73' lang='lat' dir='ltr'>szepe</span> <span class='ocrx_word' id='word_1_675' title='bbox 2826 3866 2998 3921; x_wconf 80' lang='lat' dir='ltr'>etiam</span> <span class='ocrx_word' id='word_1_676' title='bbox 3022 3869 3191 3925; x_wconf 91' lang='lat' dir='ltr'>duos.</span> <span class='ocrx_word' id='word_1_677' title='bbox 3206 3870 3645 3943; x_wconf 88' lang='lat' dir='ltr'>Nonnunquam</span> <span class='ocrx_word' id='word_1_678' title='bbox 3671 3893 3765 3930; x_wconf 91' lang='lat' dir='ltr'>se-</span> 
     </span>
    </p>
   </div>
   <div class='ocr_carea' id='block_1_101' title="bbox 2107 3950 3762 4028">
    <p class='ocr_par' dir='ltr' id='par_1_101' title="bbox 2107 3950 3762 4028">
     <span class='ocr_line' id='line_1_102' title="bbox 2107 3950 3762 4028; baseline 0.009 -25"><span class='ocrx_word' id='word_1_679' title='bbox 2107 3950 2416 4016; x_wconf 88' lang='lat' dir='ltr'>debat,viri</span> <span class='ocrx_word' id='word_1_680' title='bbox 2442 3954 2561 4008; x_wconf 92' lang='lat' dir='ltr'>sive</span> <span class='ocrx_word' id='word_1_681' title='bbox 2586 3954 2851 4010; x_wconf 88' lang='lat' dir='ltr'>mulieris</span> <span class='ocrx_word' id='word_1_682' title='bbox 2873 3955 3142 4028; x_wconf 88' lang='lat' dir='ltr'>disrupta</span> <span class='ocrx_word' id='word_1_683' title='bbox 3160 3959 3555 4017; x_wconf 89' lang='lat' dir='ltr'>calceamenta</span> <span class='ocrx_word' id='word_1_684' title='bbox 3570 3979 3762 4018; x_wconf 84' lang='lat' dir='ltr'>resar-</span> 
     </span>
    </p>
   </div>
   <div class='ocr_carea' id='block_1_102' title="bbox 2107 4038 3761 4118">
    <p class='ocr_par' dir='ltr' id='par_1_102' title="bbox 2107 4038 3761 4118">
     <span class='ocr_line' id='line_1_103' title="bbox 2107 4038 3761 4118; baseline 0.01 -27"><span class='ocrx_word' id='word_1_685' title='bbox 2107 4038 2266 4095; x_wconf 90' lang='lat' dir='ltr'>ciens</span> <span class='ocrx_word' id='word_1_686' title='bbox 2290 4060 2303 4097; x_wconf 86' lang='lat'><strong>:</strong></span> <span class='ocrx_word' id='word_1_687' title='bbox 2341 4042 2555 4097; x_wconf 87' lang='lat' dir='ltr'>ferebat</span> <span class='ocrx_word' id='word_1_688' title='bbox 2570 4043 2785 4114; x_wconf 90' lang='lat' dir='ltr'>quippe</span> <span class='ocrx_word' id='word_1_689' title='bbox 2800 4060 2995 4099; x_wconf 86' lang='lat' dir='ltr'>secum</span> <span class='ocrx_word' id='word_1_690' title='bbox 3011 4063 3373 4118; x_wconf 73' lang='lat' dir='ltr'>quaecunque</span> <span class='ocrx_word' id='word_1_691' title='bbox 3386 4051 3453 4103; x_wconf 89' lang='lat' dir='ltr'>ad</span> <span class='ocrx_word' id='word_1_692' title='bbox 3476 4050 3579 4105; x_wconf 92' lang='lat' dir='ltr'>hoc</span> <span class='ocrx_word' id='word_1_693' title='bbox 3592 4058 3761 4107; x_wconf 86' lang='lat' dir='ltr'>erant</span> 
     </span>
    </p>
   </div>
   <div class='ocr_carea' id='block_1_103' title="bbox 2108 4130 3756 4208">
    <p class='ocr_par' dir='ltr' id='par_1_103' title="bbox 2108 4130 3756 4208">
     <span class='ocr_line' id='line_1_104' title="bbox 2108 4130 3756 4208; baseline 0.008 -27"><span class='ocrx_word' id='word_1_694' title='bbox 2108 4130 2631 4186; x_wconf 87' lang='lat' dir='ltr'>necessaria.Alios</span> <span class='ocrx_word' id='word_1_695' title='bbox 2646 4134 2885 4202; x_wconf 80' lang='lat' dir='ltr'>petebat</span> <span class='ocrx_word' id='word_1_696' title='bbox 2915 4151 2980 4189; x_wconf 90' lang='lat' dir='ltr'>ea</span> <span class='ocrx_word' id='word_1_697' title='bbox 2998 4152 3174 4205; x_wconf 89' lang='lat' dir='ltr'>quam</span> <span class='ocrx_word' id='word_1_698' title='bbox 3198 4138 3415 4191; x_wconf 87' lang='lat' dir='ltr'>ferebat</span> <span class='ocrx_word' id='word_1_699' title='bbox 3433 4154 3605 4208; x_wconf 91' lang='lat' dir='ltr'>aqua,</span> <span class='ocrx_word' id='word_1_700' title='bbox 3621 4140 3756 4196; x_wconf 88' lang='lat' dir='ltr'>aliis</span> 
     </span>
    </p>
   </div>
   <div class='ocr_carea' id='block_1_104' title="bbox 2109 4218 3754 4298">
    <p class='ocr_par' dir='ltr' id='par_1_104' title="bbox 2109 4218 3754 4298">
     <span class='ocr_line' id='line_1_105' title="bbox 2109 4218 3754 4298; baseline 0.007 -27"><span class='ocrx_word' id='word_1_701' title='bbox 2109 4218 2401 4287; x_wconf 66' lang='lat' dir='ltr'>praebebat</span> <span class='ocrx_word' id='word_1_702' title='bbox 2420 4236 2617 4289; x_wconf 84' lang='lat' dir='ltr'>panes;</span> <span class='ocrx_word' id='word_1_703' title='bbox 2631 4222 2682 4274; x_wconf 90' lang='lat' dir='ltr'>si</span> <span class='ocrx_word' id='word_1_704' title='bbox 2696 4237 2870 4291; x_wconf 89' lang='lat' dir='ltr'>quem</span> <span class='ocrx_word' id='word_1_705' title='bbox 2888 4222 3354 4280; x_wconf 87' lang='lat' dir='ltr'>veroinvenisset</span> <span class='ocrx_word' id='word_1_706' title='bbox 3375 4227 3535 4280; x_wconf 90' lang='lat' dir='ltr'>nudu</span> <span class='ocrx_word' id='word_1_707' title='bbox 3549 4228 3754 4298; x_wconf 81' lang='lat' dir='ltr'>ni,pal-</span> 
     </span>
    </p>
   </div>
   <div class='ocr_carea' id='block_1_105' title="bbox 2108 4308 3759 4384">
    <p class='ocr_par' dir='ltr' id='par_1_105' title="bbox 2108 4308 3759 4384">
     <span class='ocr_line' id='line_1_106' title="bbox 2108 4308 3759 4384; baseline 0.007 -22"><span class='ocrx_word' id='word_1_708' title='bbox 2108 4308 2252 4363; x_wconf 92' lang='lat' dir='ltr'>lium</span> <span class='ocrx_word' id='word_1_709' title='bbox 2286 4313 2439 4379; x_wconf 91' lang='lat' dir='ltr'>quod</span> <span class='ocrx_word' id='word_1_710' title='bbox 2476 4311 2715 4373; x_wconf 82' lang='lat' dir='ltr'>ferebat,</span> <span class='ocrx_word' id='word_1_711' title='bbox 2750 4312 2931 4366; x_wconf 84' lang='lat' dir='ltr'>dabat</span> <span class='ocrx_word' id='word_1_712' title='bbox 2959 4312 3030 4368; x_wconf 89' lang='lat' dir='ltr'>ei.</span> <span class='ocrx_word' id='word_1_713' title='bbox 3066 4314 3318 4384; x_wconf 87' lang='lat' dir='ltr'>Eratque</span> <span class='ocrx_word' id='word_1_714' title='bbox 3340 4316 3533 4384; x_wconf 90' lang='lat' dir='ltr'>dulce,</span> <span class='ocrx_word' id='word_1_715' title='bbox 3564 4318 3759 4373; x_wconf 88' lang='lat' dir='ltr'>videre</span> 
     </span>
    </p>
   </div>
   <div class='ocr_carea' id='block_1_106' title="bbox 2107 4397 3755 4476">
    <p class='ocr_par' dir='ltr' id='par_1_106' title="bbox 2107 4397 3755 4476">
     <span class='ocr_line' id='line_1_107' title="bbox 2107 4397 3755 4476; baseline 0.007 -26"><span class='ocrx_word' id='word_1_716' title='bbox 2107 4413 2311 4452; x_wconf 88' lang='lat' dir='ltr'>senem</span> <span class='ocrx_word' id='word_1_717' title='bbox 2362 4397 2614 4469; x_wconf 87' lang='lat' dir='ltr'>singulis</span> <span class='ocrx_word' id='word_1_718' title='bbox 2669 4399 2879 4454; x_wconf 88' lang='lat' dir='ltr'>diebus</span> <span class='ocrx_word' id='word_1_719' title='bbox 2910 4400 3297 4457; x_wconf 89' lang='lat' dir='ltr'>laborantem.</span> <span class='ocrx_word' id='word_1_720' title='bbox 3335 4404 3405 4458; x_wconf 87' lang='lat' dir='ltr'>Et</span> <span class='ocrx_word' id='word_1_721' title='bbox 3433 4404 3483 4459; x_wconf 91' lang='lat' dir='ltr'>si</span> <span class='ocrx_word' id='word_1_722' title='bbox 3518 4406 3755 4476; x_wconf 90' lang='lat' dir='ltr'>quando</span> 
     </span>
    </p>
   </div>
   <div class='ocr_carea' id='block_1_107' title="bbox 2029 4488 3760 4575">
    <p class='ocr_par' dir='ltr' id='par_1_107' title="bbox 2029 4488 3760 4575">
     <span class='ocr_line' id='line_1_108' title="bbox 2029 4488 3760 4575; baseline 0.007 -36"><span class='ocrx_word' id='word_1_723' title='bbox 2029 4490 2406 4575; x_wconf 80' lang='lat' dir='ltr'>Dmortuum</span> <span class='ocrx_word' id='word_1_724' title='bbox 2450 4488 2506 4541; x_wconf 89' lang='lat' dir='ltr'>in</span> <span class='ocrx_word' id='word_1_725' title='bbox 2564 4488 2659 4542; x_wconf 89' lang='lat' dir='ltr'>via</span> <span class='ocrx_word' id='word_1_726' title='bbox 2716 4489 3050 4559; x_wconf 90' lang='lat' dir='ltr'>reperisset,</span> <span class='ocrx_word' id='word_1_727' title='bbox 3083 4492 3330 4563; x_wconf 87' lang='lat' dir='ltr'>expletis</span> <span class='ocrx_word' id='word_1_728' title='bbox 3389 4510 3568 4565; x_wconf 88' lang='lat' dir='ltr'>super</span> <span class='ocrx_word' id='word_1_729' title='bbox 3623 4512 3760 4552; x_wconf 88' lang='lat' dir='ltr'>eum</span> 
     </span>
    </p>
   </div>
   <div class='ocr_carea' id='block_1_108' title="bbox 2111 4575 3741 4653">
    <p class='ocr_par' dir='ltr' id='par_1_108' title="bbox 2111 4575 3741 4653">
     <span class='ocr_line' id='line_1_109' title="bbox 2111 4575 3741 4653; baseline 0.007 -23"><span class='ocrx_word' id='word_1_730' title='bbox 2111 4575 2358 4647; x_wconf 88' lang='lat' dir='ltr'>psalmis</span> <span class='ocrx_word' id='word_1_731' title='bbox 2387 4577 2689 4633; x_wconf 85' lang='lat' dir='ltr'>consuetis</span> <span class='ocrx_word' id='word_1_732' title='bbox 2716 4582 2775 4632; x_wconf 90' lang='lat' dir='ltr'>et</span> <span class='ocrx_word' id='word_1_733' title='bbox 2803 4578 3194 4651; x_wconf 90' lang='lat' dir='ltr'>orationibus,</span> <span class='ocrx_word' id='word_1_734' title='bbox 3219 4580 3544 4653; x_wconf 88' lang='lat' dir='ltr'>sepeliebat</span> <span class='ocrx_word' id='word_1_735' title='bbox 3580 4601 3741 4641; x_wconf 89' lang='lat' dir='ltr'>eum.</span> 
     </span>
    </p>
   </div>
   <div class='ocr_carea' id='block_1_109' title="bbox 2699 4684 3160 4741">
    <p class='ocr_par' dir='ltr' id='par_1_109' title="bbox 2699 4684 3160 4741">
     <span class='ocr_line' id='line_1_110' title="bbox 2699 4684 3160 4741; baseline 0.007 -3"><span class='ocrx_word' id='word_1_736' title='bbox 2699 4684 2932 4740; x_wconf 89' lang='lat' dir='ltr'>CAPUT</span> <span class='ocrx_word' id='word_1_737' title='bbox 2980 4686 3160 4741; x_wconf 86' lang='lat' dir='ltr'>XXV.</span> 
     </span>
    </p>
   </div>
   <div class='ocr_carea' id='block_1_110' title="bbox 2101 4772 3758 4843">
    <p class='ocr_par' dir='ltr' id='par_1_110' title="bbox 2101 4772 3758 4843">
     <span class='ocr_line' id='line_1_111' title="bbox 2101 4772 3758 4843; baseline 0.005 -16"><span class='ocrx_word' id='word_1_738' title='bbox 2101 4773 2175 4827; x_wconf 91' lang='lat' dir='ltr'>De</span> <span class='ocrx_word' id='word_1_739' title='bbox 2193 4775 2370 4843; x_wconf 83' lang='lat' dir='ltr'>fratre</span> <span class='ocrx_word' id='word_1_740' title='bbox 2398 4772 2720 4828; x_wconf 80' lang='lat' dir='ltr'>monasterii</span> <span class='ocrx_word' id='word_1_741' title='bbox 2751 4773 2977 4839; x_wconf 69' lang='lat' dir='ltr'>Cuziba,</span> <span class='ocrx_word' id='word_1_742' title='bbox 3001 4778 3053 4829; x_wconf 90' lang='lat' dir='ltr'>et</span> <span class='ocrx_word' id='word_1_743' title='bbox 3078 4783 3286 4833; x_wconf 65' lang='lat' dir='ltr'>sancta?</span> <span class='ocrx_word' id='word_1_744' title='bbox 3306 4776 3601 4834; x_wconf 81' lang='lat' dir='ltr'>oblationis</span> <span class='ocrx_word' id='word_1_745' title='bbox 3630 4796 3758 4835; x_wconf 84' lang='lat' dir='ltr'>ver-</span> 
     </span>
    </p>
   </div>
   <div class='ocr_carea' id='block_1_111' title="bbox 2453 4846 3406 4911">
    <p class='ocr_par' dir='ltr' id='par_1_111' title="bbox 2453 4846 3406 4911">
     <span class='ocr_line' id='line_1_112' title="bbox 2453 4846 3406 4911; baseline 0.005 -12"><span class='ocrx_word' id='word_1_746' title='bbox 2453 4846 2557 4911; x_wconf 85' lang='lat' dir='ltr'>bis,</span> <span class='ocrx_word' id='word_1_747' title='bbox 2585 4862 2687 4900; x_wconf 87' lang='lat' dir='ltr'>nec</span> <span class='ocrx_word' id='word_1_748' title='bbox 2714 4861 2823 4900; x_wconf 82' lang='lat' dir='ltr'>non</span> <span class='ocrx_word' id='word_1_749' title='bbox 2858 4846 2921 4899; x_wconf 80' lang='lat' dir='ltr'>de</span> <span class='ocrx_word' id='word_1_750' title='bbox 2952 4846 3144 4901; x_wconf 85' lang='lat' dir='ltr'>abbate</span> <span class='ocrx_word' id='word_1_751' title='bbox 3173 4848 3406 4904; x_wconf 86' lang='lat' dir='ltr'>Joanne.</span> 
     </span>
    </p>
   </div>
   <div class='ocr_carea' id='block_1_112' title="bbox 2172 4934 3759 5005">
    <p class='ocr_par' dir='ltr' id='par_1_112' title="bbox 2172 4934 3759 5005">
     <span class='ocr_line' id='line_1_113' title="bbox 2172 4934 3759 5005; baseline 0.006 -19"><span class='ocrx_word' id='word_1_752' title='bbox 2172 4938 2370 4989; x_wconf 78' lang='lat' dir='ltr'>Frater</span> <span class='ocrx_word' id='word_1_753' title='bbox 2399 4934 2640 5004; x_wconf 89' lang='lat' dir='ltr'>quidam</span> <span class='ocrx_word' id='word_1_754' title='bbox 2674 4939 2798 4989; x_wconf 87' lang='lat' dir='ltr'>erat</span> <span class='ocrx_word' id='word_1_755' title='bbox 2829 4936 2887 4989; x_wconf 92' lang='lat' dir='ltr'>in</span> <span class='ocrx_word' id='word_1_756' title='bbox 2921 4937 3182 4991; x_wconf 82' lang='lat' dir='ltr'>ccenobio</span> <span class='ocrx_word' id='word_1_757' title='bbox 3216 4939 3447 5005; x_wconf 88' lang='lat' dir='ltr'>Cuziba,</span> <span class='ocrx_word' id='word_1_758' title='bbox 3480 4947 3545 4995; x_wconf 91' lang='lat' dir='ltr'>ut</span> <span class='ocrx_word' id='word_1_759' title='bbox 3588 4942 3759 4997; x_wconf 89' lang='lat' dir='ltr'>nobis</span> 
     </span>
    </p>
   </div>
   <div class='ocr_carea' id='block_1_113' title="bbox 2100 5022 3756 5099">
    <p class='ocr_par' dir='ltr' id='par_1_113' title="bbox 2100 5022 3756 5099">
     <span class='ocr_line' id='line_1_114' title="bbox 2100 5022 3756 5099; baseline 0.005 -22"><span class='ocrx_word' id='word_1_760' title='bbox 2100 5023 2281 5077; x_wconf 85' lang='lat' dir='ltr'>abbas</span> <span class='ocrx_word' id='word_1_761' title='bbox 2300 5022 3083 5092; x_wconf 79' lang='lat' dir='ltr'>GregoriusexScholaribus</span> <span class='ocrx_word' id='word_1_762' title='bbox 3099 5026 3167 5096; x_wconf 75' lang='lat'>(3)</span> <span class='ocrx_word' id='word_1_763' title='bbox 3187 5026 3406 5095; x_wconf 90' lang='lat' dir='ltr'>retulit,</span> <span class='ocrx_word' id='word_1_764' title='bbox 3424 5031 3526 5099; x_wconf 88' lang='lat' dir='ltr'>qui</span> <span class='ocrx_word' id='word_1_765' title='bbox 3540 5035 3756 5086; x_wconf 78' lang='lat' dir='ltr'>sanctas</span> 
     </span>
    </p>
   </div>
   <div class='ocr_carea' id='block_1_114' title="bbox 2098 5111 3761 5191">
    <p class='ocr_par' dir='ltr' id='par_1_114' title="bbox 2098 5111 3761 5191">
     <span class='ocr_line' id='line_1_115' title="bbox 2098 5111 3761 5191; baseline 0.006 -25"><span class='ocrx_word' id='word_1_766' title='bbox 2098 5111 2410 5167; x_wconf 84' lang='lat' dir='ltr'>oblationis</span> <span class='ocrx_word' id='word_1_767' title='bbox 2441 5112 2615 5166; x_wconf 88' lang='lat' dir='ltr'>verba</span> <span class='ocrx_word' id='word_1_768' title='bbox 2642 5113 2941 5183; x_wconf 89' lang='lat' dir='ltr'>ritumque</span> <span class='ocrx_word' id='word_1_769' title='bbox 2975 5113 3280 5170; x_wconf 85' lang='lat' dir='ltr'>didicerat.</span> <span class='ocrx_word' id='word_1_770' title='bbox 3310 5116 3415 5172; x_wconf 88' lang='lat' dir='ltr'>Die</span> <span class='ocrx_word' id='word_1_771' title='bbox 3447 5134 3583 5191; x_wconf 88' lang='lat' dir='ltr'>ergo</span> <span class='ocrx_word' id='word_1_772' title='bbox 3620 5136 3761 5191; x_wconf 84' lang='lat' dir='ltr'>qua-</span> 
     </span>
    </p>
   </div>
   <div class='ocr_carea' id='block_1_115' title="bbox 2098 5200 3760 5275">
    <p class='ocr_par' dir='ltr' id='par_1_115' title="bbox 2098 5200 3760 5275">
     <span class='ocr_line' id='line_1_116' title="bbox 2098 5200 3760 5275; baseline 0.005 -21"><span class='ocrx_word' id='word_1_773' title='bbox 2098 5201 2233 5255; x_wconf 87' lang='lat' dir='ltr'>darn</span> <span class='ocrx_word' id='word_1_774' title='bbox 2270 5200 2487 5254; x_wconf 90' lang='lat' dir='ltr'>missus</span> <span class='ocrx_word' id='word_1_775' title='bbox 2510 5204 2572 5253; x_wconf 91' lang='lat' dir='ltr'>ut</span> <span class='ocrx_word' id='word_1_776' title='bbox 2593 5200 3030 5257; x_wconf 89' lang='lat' dir='ltr'>benedictiones</span> <span class='ocrx_word' id='word_1_777' title='bbox 3047 5202 3239 5271; x_wconf 89' lang='lat' dir='ltr'>ferret,</span> <span class='ocrx_word' id='word_1_778' title='bbox 3255 5206 3525 5275; x_wconf 85' lang='lat' dir='ltr'>cumjam</span> <span class='ocrx_word' id='word_1_779' title='bbox 3544 5208 3760 5264; x_wconf 90' lang='lat' dir='ltr'>rediret</span> 
     </span>
    </p>
   </div>
   <div class='ocr_carea' id='block_1_116' title="bbox 2097 5289 3755 5367">
    <p class='ocr_par' dir='ltr' id='par_1_116' title="bbox 2097 5289 3755 5367">
     <span class='ocr_line' id='line_1_117' title="bbox 2097 5289 3755 5367; baseline 0.005 -22"><span class='ocrx_word' id='word_1_780' title='bbox 2097 5291 2168 5346; x_wconf 87' lang='lat' dir='ltr'>ad</span> <span class='ocrx_word' id='word_1_781' title='bbox 2205 5289 2653 5355; x_wconf 88' lang='lat' dir='ltr'>monasterium,</span> <span class='ocrx_word' id='word_1_782' title='bbox 2684 5290 2859 5344; x_wconf 88' lang='lat' dir='ltr'>verba</span> <span class='ocrx_word' id='word_1_783' title='bbox 2885 5295 3100 5345; x_wconf 70' lang='lat' dir='ltr'>sanctae</span> <span class='ocrx_word' id='word_1_784' title='bbox 3119 5290 3433 5348; x_wconf 89' lang='lat' dir='ltr'>oblationis</span> <span class='ocrx_word' id='word_1_785' title='bbox 3465 5298 3565 5363; x_wconf 79' lang='grc'>(4),</span> <span class='ocrx_word' id='word_1_786' title='bbox 3586 5301 3755 5367; x_wconf 84' lang='lat' dir='ltr'>quasi</span> 
     </span>
    </p>
   </div>
   <div class='ocr_carea' id='block_1_117' title="bbox 2095 5378 3758 5449">
    <p class='ocr_par' dir='ltr' id='par_1_117' title="bbox 2095 5378 3758 5449">
     <span class='ocr_line' id='line_1_118' title="bbox 2095 5378 3758 5449; baseline 0.004 -15"><span class='ocrx_word' id='word_1_787' title='bbox 2095 5394 2298 5434; x_wconf 89' lang='lat' dir='ltr'>versus</span> <span class='ocrx_word' id='word_1_788' title='bbox 2314 5378 2543 5449; x_wconf 90' lang='lat' dir='ltr'>aliquos</span> <span class='ocrx_word' id='word_1_789' title='bbox 2559 5379 3245 5447; x_wconf 86' lang='lat' dir='ltr'>caneret,dixit.Easdem</span> <span class='ocrx_word' id='word_1_790' title='bbox 3261 5399 3391 5437; x_wconf 92' lang='lat' dir='ltr'>vero</span> <span class='ocrx_word' id='word_1_791' title='bbox 3406 5384 3758 5442; x_wconf 90' lang='lat' dir='ltr'>benedictio-</span> 
     </span>
    </p>
   </div>
   <div class='ocr_carea' id='block_1_118' title="bbox 2094 5467 3757 5539">
    <p class='ocr_par' dir='ltr' id='par_1_118' title="bbox 2094 5467 3757 5539">
     <span class='ocr_line' id='line_1_119' title="bbox 2094 5467 3757 5539; baseline 0.003 -15"><span class='ocrx_word' id='word_1_792' title='bbox 2094 5485 2198 5524; x_wconf 89' lang='lat' dir='ltr'>nes</span> <span class='ocrx_word' id='word_1_793' title='bbox 2232 5468 2641 5539; x_wconf 90' lang='lat' dir='ltr'>imposuerunt</span> <span class='ocrx_word' id='word_1_794' title='bbox 2670 5467 2901 5523; x_wconf 86' lang='lat' dir='ltr'>diaconi</span> <span class='ocrx_word' id='word_1_795' title='bbox 2934 5472 3138 5524; x_wconf 89' lang='lat' dir='ltr'>sancto</span> <span class='ocrx_word' id='word_1_796' title='bbox 3193 5471 3386 5526; x_wconf 88' lang='lat' dir='ltr'>altari.</span> <span class='ocrx_word' id='word_1_797' title='bbox 3418 5474 3571 5538; x_wconf 88' lang='lat' dir='ltr'>Quas</span> <span class='ocrx_word' id='word_1_798' title='bbox 3622 5490 3757 5529; x_wconf 88' lang='lat' dir='ltr'>cum</span> 
     </span>
    </p>
   </div>
   <div class='ocr_carea' id='block_1_119' title="bbox 2095 5557 3761 5632">
    <p class='ocr_par' dir='ltr' id='par_1_119' title="bbox 2095 5557 3761 5632">
     <span class='ocr_line' id='line_1_120' title="bbox 2095 5557 3761 5632; baseline 0.002 -18"><span class='ocrx_word' id='word_1_799' title='bbox 2095 5559 2278 5614; x_wconf 86' lang='lat' dir='ltr'>abbas</span> <span class='ocrx_word' id='word_1_800' title='bbox 2302 5558 2562 5613; x_wconf 84' lang='lat' dir='ltr'>Joannes</span> <span class='ocrx_word' id='word_1_801' title='bbox 2590 5557 2896 5628; x_wconf 84' lang='lat' dir='ltr'>presbyter</span> <span class='ocrx_word' id='word_1_802' title='bbox 2932 5557 3188 5626; x_wconf 78' lang='lat' dir='ltr'>offerret,</span> <span class='ocrx_word' id='word_1_803' title='bbox 3222 5560 3323 5630; x_wconf 92' lang='lat' dir='ltr'>qui</span> <span class='ocrx_word' id='word_1_804' title='bbox 3345 5565 3545 5632; x_wconf 87' lang='lat' dir='ltr'>postea</span> <span class='ocrx_word' id='word_1_805' title='bbox 3577 5563 3761 5617; x_wconf 61' lang='lat' dir='ltr'>Cresa.</span> 
     </span>
    </p>
   </div>
   <div class='ocr_carea' id='block_1_120' title="bbox 2096 5645 3761 5719">
    <p class='ocr_par' dir='ltr' id='par_1_120' title="bbox 2096 5645 3761 5719">
     <span class='ocr_line' id='line_1_121' title="bbox 2096 5645 3761 5719; baseline 0.002 -16"><span class='ocrx_word' id='word_1_806' title='bbox 2096 5664 2205 5705; x_wconf 71' lang='lat' dir='ltr'>reae</span> <span class='ocrx_word' id='word_1_807' title='bbox 2238 5645 2554 5704; x_wconf 70' lang='lat' dir='ltr'>Palaestina:</span> <span class='ocrx_word' id='word_1_808' title='bbox 2585 5646 2900 5718; x_wconf 89' lang='lat' dir='ltr'>episcopus</span> <span class='ocrx_word' id='word_1_809' title='bbox 2934 5646 3065 5716; x_wconf 87' lang='lat' dir='ltr'>fuit,</span> <span class='ocrx_word' id='word_1_810' title='bbox 3099 5662 3215 5702; x_wconf 92' lang='lat' dir='ltr'>non</span> <span class='ocrx_word' id='word_1_811' title='bbox 3251 5648 3415 5719; x_wconf 89' lang='lat' dir='ltr'>vidit,</span> <span class='ocrx_word' id='word_1_812' title='bbox 3445 5654 3508 5706; x_wconf 87' lang='lat' dir='ltr'>ut</span> <span class='ocrx_word' id='word_1_813' title='bbox 3549 5650 3761 5707; x_wconf 83' lang='lat' dir='ltr'>solitus</span> 
     </span>
    </p>
   </div>
  </div>
