4122 6188
1609 302 1909 360 PRATUM
1948 295 2400 355 SPIRITUALB.

1993 424 2048 489 Α
2646 419 2887 477 CAPUT
2915 421 3117 479 xxxr.

2362 531 2647 587 Conversio
2678 537 2728 587 et
2760 532 2875 589 Vita
2896 534 3083 591 Mariae
3108 538 3434 594 meretricis.

293 311 400 367 133
1609 306 1909 360 PRATUM
1948 306 1987 355 Β

2098 306 2400 353 ιιΤυΑως.
3616 306 3717 362 134

908 431 1142 489 CAPUT
1194 430 1391 487 XXIX.

578 531 919 588 Miraculum
947 530 1318 585 sanctissima?
1346 525 1737 583 Eucharistiae.

377 656 560 722 Quasi
593 655 834 728 triginta
864 653 1217 710 milliaribus
1253 653 1324 707 ab
1340 651 1547 723 {Egina
1577 648 1809 705 civitate
1830 642 1969 701 Cili-

303 746 659 815 ciae,Stylita3
674 747 788 801 duo
808 750 978 799 erant
1001 742 1253 813 separati
1277 743 1346 796 ab
1373 741 1617 795 invicem
1652 755 1753 794 sex
1788 734 1967 791 milli-

308 836 422 891 bus
457 835 854 907 passunm.Ex
885 833 977 887 his
1012 831 1156 886 alter
1180 834 1390 885 sanctas
1423 828 1724 885 catholicae
1749 831 1805 881 et
1832 841 1970 895 apo-

318 924 543 980 stolicae
578 921 851 979 Ecclesiae
883 919 1395 985 communicabat;
1430 917 1575 973 alter
1624 920 1819 971 autem
1871 910 1971 983 qui

318 1016 498 1071 etiam
532 1013 665 1085 plus
688 1010 967 1082 temporis
1002 1010 1059 1063 in
1094 1008 1368 1064 columna
1406 1010 1620 1077 egerat,
1652 1003 1969 1060 Severiana:

311 1101 638 1175 impietatis
670 1106 813 1169 erat,
844 1099 1135 1170 variisque
1167 1097 1357 1153 modis
1390 1096 1695 1151 haereticus
1716 1091 1971 1151 Catholi-

316 1210 456 1249 cum
490 1191 941 1247 criminabatur.
978 1188 1079 1243 Ille
1109 1204 1243 1243 vero
1293 1186 1578 1241 divinitus
1626 1184 1970 1256 inspiratus,

326 1282 497 1354 petiit
527 1282 599 1336 ab
632 1296 699 1335 eo
734 1285 799 1334 ut
828 1283 1053 1350 partem
1085 1276 1197 1332 sibi
1230 1275 1484 1331 mitteret
1530 1271 1973 1330 Communionis

319 1390 465 1428 suae.
498 1371 608 1435 Qui
638 1369 854 1441 gaudio
880 1366 1091 1433 elatus,
1126 1366 1280 1437 quod
1314 1364 1486 1436 quasi
1517 1363 1677 1418 illum
1707 1361 1975 1418 seduxis-

336 1467 449 1528 set,
480 1461 752 1533 protinus
787 1457 949 1513 misit
978 1455 1123 1511 nihil
1156 1454 1454 1510 haesitans.
1482 1452 1819 1525 Suscipiens
1869 1452 1973 1505 ita-

342 1567 457 1622 que
488 1549 822 1607 Catholicus
855 1547 1098 1601 missam
1150 1544 1261 1600 sibi
1286 1544 1357 1599 ab
1388 1542 1656 1599 baeretico
1682 1540 1977 1598 Severiani

2144 656 2301 711 Duos
2323 656 2489 712 senes
2511 657 2782 713 abierunt
2804 660 2875 714 ab
2896 659 3053 730 Egis
3077 660 3452 732 inThrasum,
3479 668 3721 725 venien-

2073 750 2279 816 tesque
2311 745 2365 799 in
2402 747 2701 801 stabulum
2726 754 2789 802 ut
2819 751 3253 820 requiescerent
3285 754 3430 824 (erat
3459 757 3614 812 enim
3640 776 3717 811 a3-

2075 840 2225 906 stus)
2258 851 2359 903 per
2390 836 3002 907 dispensationemDei
3026 840 3451 898 inveneruntin
3484 846 3717 901 stabulo

2076 929 2193 979 tres
2224 924 2622 982 adolescentes
2655 927 2938 983 habentes
2979 946 3175 985 secum
3232 947 3403 987 unam
3459 938 3722 990 meretri-

2077 1015 2303 1069 tricem.
2336 1017 2512 1071 Senes
2543 1031 2679 1087 ergo
2710 1034 2977 1073 seorsum
3011 1020 3313 1089 sederunt,
3351 1039 3621 1095 unusque
3652 1042 3721 1079 ex

2078 1104 2161 1158 eis
2192 1103 2486 1175 accipiens
2515 1107 3168 1179 sanctumEvangelium
3202 1109 3728 1182 legebat.Meretrix

2077 1210 2210 1248 vero
2239 1209 2366 1263 quas
2397 1198 2521 1249 erat
2550 1211 2682 1249 cum
2714 1196 3209 1266 adolescentibus,
3242 1206 3305 1255 ut
3335 1202 3482 1256 vidit
3525 1202 3731 1275 legen-

2077 1289 2308 1353 gentem
2342 1300 2565 1351 senem,
2598 1285 2813 1341 relictis
2846 1286 2942 1341 ille
2974 1289 3219 1344 accessit
3252 1292 3320 1345 ad
3373 1309 3598 1362 senem,
3632 1309 3725 1349 se-

2080 1373 2857 1443 ditquejuxtaillum.Senex
2870 1380 3064 1431 autem
3080 1377 3238 1433 illam
3259 1381 3725 1452 rejiciens,dixit:

2079 1460 2350 1531 Multum,
2374 1479 2405 1516 ο
2429 1462 2971 1535 infelix,impudens
3004 1482 3220 1537 es,quze
3240 1468 3421 1525 verita
3441 1487 3554 1526 non
3581 1472 3733 1527 fuis-

2079 1550 2121 1605 ti
2142 1551 2415 1607 accedere
2444 1552 2515 1607 ad
2540 1569 2645 1607 nos
2695 1570 2761 1607 ac
2794 1555 3015 1609 sedere.
3049 1558 3120 1609 At
3180 1557 3276 1612 illa
3309 1574 3321 1612 :
3358 1559 3459 1629 Ne,
3516 1577 3733 1631 quaeso,

325 1644 616 1696 sectatore
646 1636 1017 1711 particulam,
1052 1635 1108 1688 in
1142 1634 1455 1689 ferventem
1517 1632 1693 1687 ollam
1754 1630 1975 1702 injecit,

326 1745 584 1800 moxque
614 1727 876 1783 resoluta
906 1731 1015 1780 est.
1053 1725 1361 1795 Sumptam
1395 1738 1629 1794 quoque
1675 1721 1974 1777 catholica:

2084 1640 2355 1708 Pater,ne
2386 1642 2739 1697 abomineris
2768 1660 2881 1709 me,
2914 1661 3103 1715 neque
3122 1646 3363 1717 abjicias
3400 1650 3544 1718 ;etsi
3573 1651 3732 1707 enim

2086 1730 2245 1785 omni
2278 1737 2513 1801 peccato
2545 1730 2719 1803 plena
2757 1748 2909 1801 sum,
2945 1750 3061 1788 non
3112 1739 3308 1791 tamen
3370 1738 3587 1809 repulit
3644 1757 3737 1796 ve-

485 1788 504 1800 .
1199 1788 1219 1795 -
1410 1788 1429 1793 -
1533 1788 1551 1794 -
2278 1788 2296 1801 .
2545 1788 2565 1803 ι
2898 1788 2909 1801 ,
3144 1788 3308 1791 μέγ-η
3370 1788 3586 1809 ηρ---
3654 1788 3707 1796 .-

325 1819 587 1875 ecclesia:
619 1822 886 1874 sanctam
918 1814 1394 1871 communionem
1425 1813 1483 1867 in
1532 1829 1657 1867 eam
1692 1812 1979 1883 conjecit;
2011 1788 2057 1848 Β
2092 1818 2348 1874 nientem
2388 1820 2458 1874 ad
2492 1836 2555 1875 se
2605 1822 2970 1877 meretricem
3002 1823 3310 1891 Dominus,
3371 1831 3427 1881 et
3472 1828 3736 1885 Salvator

325 1909 650 1979 statimque
706 1908 931 1962 fervens
978 1905 1093 1959 olla
1151 1903 1497 1975 refrigerata
1528 1906 1639 1973 est,
1675 1907 1732 1957 et
1782 1905 1986 1958 sancta

331 1998 672 2055 communio
698 1995 1022 2070 permansit
1054 1996 1495 2065 integra,neque
1530 1993 1853 2048 madefacta
1873 1999 1982 2047 est.

338 2091 531 2154 Quam
560 2092 617 2143 et
647 2087 959 2158 diligenter
992 2083 1262 2155 servavit,
1295 2086 1351 2139 et
1372 2083 1625 2139 ostendit
1650 2082 1819 2139 nobis
1850 2099 1983 2138 cum

329 2178 403 2233 ad
437 2176 607 2233 illum
630 2176 1019 2232 venissemus.

936 2315 1168 2372 CAPUT
1198 2315 1381 2371 XXX.

340 2429 463 2486 Vita
494 2429 701 2485 Isidori
731 2426 982 2483 monachi
1008 2423 1393 2492 Melitinensis,
1426 2423 1766 2494 alterumque
1812 2423 1987 2479 mira-

554 2502 741 2556 culum
770 2500 919 2555 circa
944 2498 1355 2555 sanctissimam
1379 2494 1808 2551 Euchari'uiam.

404 2620 568 2675 Dade
591 2616 761 2690 Cypri
784 2614 1118 2686 emporium
1140 2616 1250 2683 est,
1282 2611 1341 2666 in
1366 2628 1432 2667 eo
1456 2611 1877 2667 monasterium
1901 2616 1992 2668 est

332 2708 492 2780 quod
526 2708 739 2762 dicitur
770 2703 1082 2760 Philoxene
1112 2718 1124 2756 :
1152 2703 1222 2757 ad
1255 2702 1310 2755 id
1338 2717 1471 2756 cum
1501 2700 1991 2768 venissemus,in-

334 2798 611 2853 venimus
644 2794 725 2850 ibi
750 2793 1106 2850 monacbum
1128 2788 1990 2863 genereMelitinensem,Isido-

338 2904 475 2943 rum
491 2886 749 2942 nomine.
785 2884 951 2939 Hunc
974 2882 1233 2937 vidimus
1256 2880 1382 2935 sine
1407 2878 1527 2933 ulla
1548 2879 1992 2935 intermissione

340 2991 477 3031 cum
511 2973 733 3045 ejulatu
768 2970 1174 3027 flentem.Cum
1206 2973 1402 3024 autem
1431 2972 1735 3039 rogaretur
1766 2970 1836 3024 ab
1868 2986 1991 3024 om-

342 3065 519 3121 nibus
552 3068 613 3119 ut
644 3061 1081 3135 aliquantulum
1124 3059 1471 3131 quiesceret,
1502 3063 1558 3114 et
1588 3077 1621 3115 a
1670 3060 1810 3116 ﬂetu
1840 3064 1994 3117 tem-

2091 1910 2356 1963 omnium
2380 1908 2649 1965 Christus
2682 1914 2832 1966 Deus
2866 1915 3079 1966 noster.
3104 1914 3425 1985 Respondit
3451 1917 3501 1971 ei
3534 1934 3731 1974 senex:

2093 1998 2201 2053 Sed
2224 1996 2497 2052 meretrix
2518 1996 2617 2052 illa
2638 2015 2751 2053 non
2771 2001 3096 2070 permansit
3112 2004 3556 2061 meretrix.Tum
3582 2006 3732 2078 ipsa:

2090 2091 2267 2158 Spero
2298 2086 2356 2140 in
2389 2086 2599 2142 Filium
2634 2088 2735 2142 Dei
2769 2088 2901 2155 vivi,
2933 2089 3072 2160 quia
3095 2092 3166 2146 ab
3191 2092 3476 2149 hodierno
3506 2096 3601 2151 die
3635 2114 3737 2153 ne-

2094 2192 2205 2247 que
2223 2191 2327 2248 ego
2352 2177 2705 2247 permanebo
2729 2178 2787 2233 in
2822 2184 3056 2249 peccato
3089 2180 3216 2236 hoc.
3250 2182 3609 2255 Relinquens
3632 2187 3741 2257 igi-

2093 2269 2189 2320 tur
2219 2265 2638 2336 adolescentes,
2671 2272 2728 2321 et
2758 2285 2865 2323 sua
2916 2270 3137 2338 omnia,
3186 2276 3389 2327 secuta
3428 2278 3520 2329 est
3572 2292 3743 2331 senes

2092 2354 2244 2411 illos.
2284 2355 2568 2410 Miserunt
2599 2356 2754 2411 870
2785 2362 2981 2413 autem
3031 2358 3192 2414 illam
3226 2360 3282 2414 in
3314 2364 3739 2420 monasterium

2095 2460 2274 2515 prope
2302 2445 2441 2514 [Ega
2472 2445 2788 2501 civitatem.
2824 2446 2986 2502 Ilanc
3034 2452 3091 2503 et
3126 2465 3229 2517 ego
3257 2451 3375 2519 jam
3410 2469 3588 2508 anum
3620 2454 3739 2509 vidi

2096 2548 2324 2603 magna:
2355 2535 2676 2605 prudentia:
2708 2534 3009 2607 feminam,
3043 2542 3099 2592 et
3125 2537 3239 2594 ista
3263 2556 3331 2595 ex
3354 2540 3483 2612 ejus
3516 2560 3614 2599 ore
3647 2544 3735 2599 di-

2096 2622 2230 2677 dici.
2265 2622 2398 2678 Erat
2427 2628 2623 2679 autem
2654 2622 2739 2679 illi
2773 2642 2984 2682 nomen
3019 2626 3224 2684 Maria.

2664 2766 2893 2822 CAPUT
2931 2768 3157 2827 XXXII.

2100 2872 2388 2929 Conversio
2426 2880 2479 2927 et
2507 2872 2874 2947 vitarBabylaz
2922 2875 2999 2947 (5)
3026 2876 3050 2934 l’
3055 2877 3233 2941 mimi,
3270 2894 3369 2934 nec
3396 2897 3504 2937 non
3546 2882 3736 2939 Come-

2409 2948 2475 2999 tre
2508 2954 2559 2999 et
2595 2946 2793 3001 Ticosae
2819 2948 3253 3004 cancubz'narum
3280 2952 3416 3021 ejus.

2172 3059 2387 3115 Mimus
2417 3060 2655 3131 quidem
2687 3066 2809 3117 erat
2839 3062 2893 3117 in
2954 3064 3177 3120 Tharso
3234 3066 3464 3135 Cilicize,
3502 3071 3741 3127 nomine

342 3159 596 3226 peraret,
634 3151 781 3208 nulli
817 3150 1052 3223 penitus
1082 3149 1513 3220 acquiescebat,
1564 3150 1765 3205 dicens
1808 3151 1991 3206 omni-
2025 3162 2066 3229 α
2106 3148 2394 3220 Babylas:
2432 3153 2599 3205 erant
2628 3154 2821 3205 autem
2852 3150 2936 3205 illi
2968 3153 3095 3207 dua:
3129 3156 3504 3223 concubinae;
3533 3176 3744 3214 nomen

342 3246 458 3300 bus
490 3263 503 3300 :
540 3243 808 3301 Nimium
842 3243 1113 3313 peccator
1165 3256 1296 3295 sum
1332 3237 1486 3294 ultra
1532 3256 1737 3296 omnes
1787 3241 1887 3312 qui
1920 3242 1992 3297 ab

342 3333 511 3389 initio
543 3332 746 3389 saeculi
775 3332 1033 3386 fuerunt.
1069 3330 1213 3385 Cum
1248 3333 1445 3384 autem
1477 3327 1561 3382 illi
1613 3329 1943 3387 diceremus
1976 3348 1989 3387 :

339 3422 554 3478 Nullus
588 3425 742 3477 certe
775 3420 902 3476 sine
934 3424 1169 3490 peccato
1190 3422 1300 3487 est,
1333 3418 1447 3474 nisi
1480 3435 1635 3473 unus
1660 3419 1840 3487 Deus,
1871 3436 1994 3475 res-

339 3512 637 3584 pondebat
667 3511 905 3566 dicens:
940 3508 1251 3573 Veraciter,
1280 3508 1509 3575 fratres,
1540 3506 1768 3563 nullum
1797 3507 1995 3563 inveni

336 3602 494 3657 inter
522 3600 795 3656 homines
828 3598 1083 3654 similem
1116 3596 1263 3651 mihi
1314 3601 1699 3667 peccatorem,
1731 3597 1993 3653 nullum-

340 3707 454 3762 que
488 3691 685 3761 majus
718 3687 1001 3744 delietum
1034 3702 1210 3758 quam
1239 3701 1456 3741 meum.
1491 3686 1559 3740 Et
1590 3690 1995 3758 utcognosca-

336 3782 414 3837 tis
450 3798 545 3836 me
577 3797 710 3836 vera
735 3778 1030 3852 prosequi,
1064 3776 1261 3832 audite
1279 3780 1583 3848 peccatum
1607 3793 1826 3849 meum,
1862 3782 1998 3834 utet

346 3887 449 3927 vos
482 3870 665 3927 oretis
697 3886 801 3941 pro
835 3860 967 3923 me.

407 3966 532 4033 Ego
565 3976 698 4016 cum
721 3974 912 4015 essem
934 3956 995 4012 in
1028 3954 1509 4025 saeculo,uxorem
1533 3955 1731 4012 habui:
1760 3973 1997 4015 eramus

340 4056 541 4107 autem
589 4050 759 4106 ambo
810 4045 1104 4103 Severiani
1144 4046 1461 4117 dogmatis.
1517 4048 1659 4101 Cum
1716 4064 1851 4117 ergo
1905 4048 1997 4104 die

343 4141 599 4212 quadam
656 4138 947 4195 venissem
1011 4136 1273 4202 domum,
1328 4151 1442 4190 non
1498 4134 1693 4191 inveni
1755 4153 1993 4193 uxorem

340 4246 538 4285 meam
564 4246 578 4284 :
613 4228 807 4283 audivi
826 4229 1020 4282 autem
1045 4224 1203 4296 quod
1236 4223 1478 4280 abiisset
1504 4224 1575 4279 ad
1595 4223 1843 4280 vicinam
1872 4243 1996 4282 mu-

340 4320 546 4375 lierem
581 4323 645 4374 ut
676 4317 758 4374 illi
782 4315 1249 4372 communicaret
1279 4315 1425 4385 (erat
1446 4318 1641 4369 autem
1674 4314 1778 4370 illa
1799 4316 1997 4372 catho-

336 4409 461 4463 lica:
494 4406 795 4479 religionis
824 4411 881 4461 et
924 4404 1080 4473 fidei)
1113 4403 1466 4473 cucurrique
1498 4402 1768 4474 protinus
1798 4404 1997 4461 volens

340 4498 674 4570 prohibere.
708 4496 1011 4551 Profectus
1043 4499 1241 4549 autem
1276 4492 1540 4563 domum,
1591 4492 1783 4548 inveni
1832 4494 1995 4551 illam

330 4590 459 4659 jam
484 4586 971 4643 communicasse.
1005 4584 1192 4649 Quare
1222 4582 1628 4654 indignatione
1673 4584 1998 4640 concitatus

340 4678 701 4750 apprehendi
732 4682 939 4749 guttur
970 4676 1121 4746 ejus,
1157 4674 1382 4745 fecique
1410 4672 1573 4729 illam
1596 4690 1861 4731 evomere
1892 4693 1991 4731 sa-

340 4786 500 4825 cram
529 4766 1030 4823 communionem.
1066 4765 1377 4835 Sumptam
1410 4763 1618 4819 deinde
1642 4765 1989 4835 particulam

342 4864 609 4915 sanctam
634 4857 748 4913 huc
768 4855 1026 4927 illucque
1047 4854 1367 4925 iactabam,
1401 4853 1584 4908 donec
1608 4853 1665 4909 in
1684 4854 1873 4910 lutum
1900 4872 1993 4912 ce-

343 4947 505 5003 cidit.
552 4951 681 5002 Mox
713 4949 911 5001 autem
933 4944 1047 4999 vidi
1071 4941 1531 4998 coruscationem
1558 4942 1613 4996 in
1635 4944 1833 4999 eodem
1866 4945 1991 5001 loco

343 5040 607 5091 sanctam
630 5034 1032 5105 assumpsisse
1064 5029 1563 5087 communionem.
1591 5030 1724 5087 Post
1747 5032 1993 5089 biduum

341 5141 476 5181 vero
508 5124 730 5196 aspicio
777 5124 968 5179 virum
1003 5122 1173 5193 quasi
1228 5120 1557 5191 Ethiopem
1610 5121 1993 5181 semicinctiis

340 5215 641 5281 vestitum,
698 5213 1104 5282 dicentemque
1157 5209 1301 5265 mihi
1337 5213 1490 5281 :Ego
1522 5212 1578 5264 et
1607 5214 1667 5265 tu
1705 5210 1883 5267 simul
1933 5213 1992 5269 in

339 5321 524 5360 unum
568 5302 927 5375 supplicium
980 5299 1356 5358 condemnati
1415 5314 1644 5355 sumus.
1679 5299 1745 5354 Et
1782 5318 1887 5373 ego
1920 5303 1991 5357 ad

338 5410 475 5449 eum
513 5410 527 5449 :
578 5394 691 5460 Tu,
738 5391 999 5462 inquam,
1036 5388 1137 5461 qui
1186 5405 1247 5444 es
1276 5392 1298 5444 Ρ
1328 5387 1685 5458 Respondit:
1714 5389 1831 5460 Ego
1862 5407 1993 5446 sum

335 5482 437 5555 qui
471 5482 833 5539 conditorem
889 5478 1153 5535 omnium
1188 5478 1500 5533 Dominum
1550 5479 1751 5532 Jesum
1794 5479 1996 5537 Chris-

336 5578 465 5628 tum
499 5572 559 5627 in
590 5570 833 5627 maxilla
861 5567 1131 5642 percussi
1174 5566 1467 5639 passionis
1498 5569 1779 5639 tempore.
1813 5572 1999 5642 Atque

334 5662 449 5720 hac
480 5662 553 5719 de
582 5676 765 5719 causa
794 5677 829 5718 a
857 5648 995 5717 ﬂetu
1021 5662 1345 5731 temperare
1376 5671 1492 5713 non
1528 5672 1796 5728 possum.

2105 3237 2204 3293 uni
2237 3237 2495 3306 Cometa,
2530 3254 2742 3293 nomen
2776 3238 2939 3293 alteri
2992 3240 3223 3297 Nicosa.
3256 3242 3501 3300 Vivebat
3548 3251 3745 3302 autem

2104 3325 2400 3382 luxuriose
2414 3343 2591 3398 agens
2609 3328 2808 3383 omnia
2830 3346 2954 3399 qua:
2974 3328 3056 3384 illi
3075 3331 3300 3386 daemon
3324 3335 3744 3405 suggessissct.

2104 3413 2205 3471 Die
2234 3431 2365 3471 vero
2396 3416 2651 3487 quadam
2682 3416 2983 3488 ingressus
3015 3418 3344 3486 ecclesiam,
3379 3423 3601 3479 audivit
3650 3442 3753 3495 per

2103 3504 2605 3575 dispensationem
2639 3506 2735 3561 Dei
2759 3511 3026 3563 sanctum
3050 3508 3428 3580 Evangelium
3453 3510 3590 3584 legi.
3614 3518 3752 3569 Erat

2104 3598 2297 3649 autem
2313 3594 3046 3652 istalectiozPoenitentiam
3069 3599 3747 3673 agite,appropinquavit

2103 3685 2256 3739 enim
2276 3700 2527 3755 regnum
2545 3685 2823 3741 cmlorum
2847 3687 3054 3757 (Matth.
3089 3692 3195 3756 ιιι).
3230 3690 3751 3764 Compunctusque

2102 3775 2277 3846 cmpit
2303 3792 2436 3831 cum
2470 3775 2746 3848 lacrymis
2779 3776 3034 3847 horrere,
3069 3795 3133 3833 ac
3158 3794 3219 3835 se
3242 3780 3519 3836 miserum
3553 3784 3745 3838 dicere

2106 3882 2208 3936 pro
2239 3864 2331 3920 his
2362 3882 2488 3937 qua:
2520 3872 2877 3937 peccaverat.
2912 3868 3229 3924 Confestim
3260 3869 3442 3942 igitur
3470 3886 3747 3943 egressus

2105 3959 2265 4009 extra
2282 3955 2842 4022 ecclesiam,vocavit
2868 3957 3015 4012 duas
3047 3958 3265 4014 amicas
3298 3976 3458 4029 suas,
3485 3961 3749 4030 dixitque

2106 4044 2260 4101 illis:
2294 4044 2469 4100 Scitis
2501 4047 2795 4117 quomodo
2816 4047 3117 4102 vobiscum
3140 4046 3438 4103 luxuriose
3472 4050 3737 4119 vixerim,

2106 4140 2285 4206 utque
2308 4151 2570 4206 unquam
2604 4134 2847 4191 alteram
2881 4136 3011 4206 plus
3043 4152 3219 4207 quam
3251 4136 3497 4192 alteram
3520 4138 3739 4195 dilexe-

2107 4223 2215 4278 rim
2243 4223 2479 4295 ;itaque
2508 4228 2700 4279 vestra
2732 4229 2869 4279 sunt
2900 4225 3098 4280 omnia
3128 4242 3490 4297 quaecunque
3520 4243 3625 4299 ego
3656 4244 3751 4283 ac-

2106 4314 2340 4384 quisivi,
2375 4314 2619 4385 accipite
2637 4314 2877 4385 insuper
2900 4331 3025 4369 mea
3042 4315 3243 4370 omnia
3261 4320 3317 4369 et
3339 4314 3575 4371 dividite
3602 4317 3755 4372 inter

2105 4420 2239 4472 vos;
2274 4420 2379 4475 ego
2410 4405 2566 4459 enim
2595 4420 2663 4459 ex
2695 4421 2851 4459 nunc
2882 4404 3231 4460 abrenuntio
3272 4406 3503 4475 saeculo,
3536 4411 3593 4462 et
3622 4408 3754 4463 effi-

2108 4493 2229 4548 cior
2258 4492 2605 4548 monachus.
2641 4492 2755 4547 Illae
2790 4497 2986 4548 autem
3015 4509 3083 4548 ex
3114 4510 3230 4549 uno
3287 4511 3385 4551 ore
3434 4496 3752 4567 responde-

2105 4585 2243 4637 runt
2270 4581 2321 4636 ei
2353 4598 2485 4636 cum
2529 4581 2841 4653 lacrymis:
2873 4582 2957 4637 Ad
2990 4581 3287 4638 luxuriam
3319 4590 3376 4639 et
3407 4583 3746 4642 animarum

2102 4676 2437 4729 nostrarum
2472 4672 2775 4728 interitum
2826 4674 3392 4730 communicavimus
3424 4675 3571 4737 tibi;
3595 4694 3751 4731 nunc

2099 4780 2232 4819 vero
2263 4763 2497 4834 quando
2532 4763 2638 4818 hoc
2671 4768 2781 4818 Deo
2815 4763 3096 4834 placitum
3129 4780 3274 4835 opus
3307 4765 3495 4821 facere
3527 4765 3636 4835 vis,
3661 4767 3752 4821 di-

2104 4853 2289 4908 mittis
2320 4869 2449 4919 nos,
2473 4856 2529 4907 et
2558 4853 2615 4907 id
2647 4852 2808 4908 solus
2842 4853 2983 4909 facis
3006 4852 3033 4906 ?
3063 4854 3317 4924 profecto
3352 4872 3465 4909 non
3510 4855 3591 4910 ita
3622 4856 3753 4923 erit,

2104 4943 2203 4998 sed
2236 4942 2411 4998 etiam
2443 4941 2503 4996 in
2535 4942 2686 4998 bono
2712 4942 3427 4998 communicabimustibi.
3462 4947 3647 5015 Atque
3670 4945 3754 5001 ita

2104 5032 2324 5087 mimus
2358 5032 2595 5103 quidem
2628 5032 2869 5088 inclusit
2900 5048 2961 5087 se
2988 5031 3046 5086 in
3098 5048 3211 5087 una
3258 5033 3510 5089 turrium
3543 5034 3752 5089 civita-

2102 5121 2180 5175 tis
2212 5136 2225 5174 :
2257 5118 2366 5174 illae
2398 5136 2551 5187 vero,
2586 5120 2840 5175 venditis
2872 5120 3146 5177 omnibus
3177 5120 3325 5189 suis,
3371 5122 3743 5195 erogatisque

2103 5209 2480 5282 pauperibus,
2515 5210 2867 5282 accipientes
2920 5214 2975 5266 et
3006 5210 3148 5281 ipsa!
3198 5211 3538 5283 religiosum
3590 5211 3758 5268 habi-

2104 5305 2255 5369 tum,
2288 5300 2548 5356 fecerunt
2580 5300 2691 5355 sibi
2724 5316 2903 5371 prOpe
2941 5305 3164 5355 turrem
3198 5301 3490 5371 cellulam,
3542 5307 3597 5357 et
3644 5303 3757 5358 sei-

2105 5406 2243 5462 psas
2276 5389 2495 5462 pariter
2524 5390 2911 5446 incluserunt.
2945 5394 3113 5445 Hunc
3148 5394 3202 5445 et
3232 5407 3357 5463 ego,
3402 5392 3543 5458 vidi,
3587 5396 3643 5446 et
3687 5391 3758 5445 ab

2104 5496 2171 5536 eo
2192 5479 2361 5535 valde
2392 5479 2717 5536 aedificatus
2750 5496 2881 5535 sum
2909 5499 2923 5548 ;
2953 5484 3041 5535 est
3062 5479 3219 5534 enim
3242 5481 3330 5535 vir
3359 5479 3529 5535 valde
3560 5480 3756 5533 humi-

2103 5568 2178 5624 lis
2210 5572 2267 5624 et
2296 5568 2575 5639 clemens,
2608 5573 2782 5640 atque
2812 5567 3171 5624 misericors.
3216 5569 3432 5641 Scripsi
3463 5572 3662 5625 autem
3695 5571 3756 5622 et

2109 5658 2219 5716 hoc
2247 5674 2355 5731 pro
2388 5656 2643 5715 utilitate
2671 5657 3015 5731 legentium.
