4122 6188
399 293 507 351 135

947 409 1183 467 CAPUT
1232 406 1488 462 XXXIII.

764 503 879 558 Vita
908 501 1086 554 sancti
1115 498 1354 570 episcopi
1384 493 1653 551 Theodoti.

473 593 741 651 Narravit
773 590 941 645 nobis
969 587 1451 660 quidamPatrum
1469 584 1623 656 quod
1642 579 1884 637 fueritin
1911 594 2051 632 san-

399 694 489 740 cla
521 684 759 739 civitate
790 681 1105 751 episcopus
1137 677 1400 747 quidam,
1426 672 1660 728 nomine
1685 670 2047 734 Theodotus,

402 778 578 829 tantas
611 767 1011 840 benignitatis,
1046 771 1106 820 ut
1136 781 1268 820 cum
1302 764 1361 818 in
1396 780 1511 817 una
1544 758 1918 815 solemnitate
1956 754 2047 808 in-

399 865 645 917 vitasset
678 858 963 930 qnosdam
998 857 1068 909 de
1109 853 1337 910 clericis
1396 852 1522 907 suis
1557 852 1627 905 ad
1691 845 2045 907 convivium,

401 968 674 1020 unusque
708 964 772 1003 ex
806 948 891 1002 eis
917 945 1111 999 venire
1146 942 1453 1006 noluisset,
1480 956 1667 1010 neque
1708 932 2043 991 invitationi

403 1036 969 1109 acquievisset,tunc
1002 1032 1238 1102 quidem
1263 1029 1595 1102 patriarcha
1616 1025 1864 1093 siluerit,
1898 1023 2046 1076 alias

403 1144 535 1182 vero
573 1127 696 1198 ipse
728 1125 797 1179 ad
832 1140 964 1178 eum
1000 1121 1291 1191 profectus
1322 1120 1418 1185 sit,
1453 1133 1664 1189 rogans
1699 1119 1763 1169 ut
1802 1113 2046 1180 veniret,

404 1230 737 1286 menszeque
771 1210 1100 1267 communis
1127 1208 1420 1280 particeps
1449 1207 1629 1262 ﬁeret.

480 1305 712 1360 Dicebat
738 1306 931 1357 autem
956 1316 1163 1354 rursus
1186 1299 1256 1351 de
1287 1299 1414 1368 ipso
1428 1296 1702 1366 episcopo
1725 1291 2046 1355 Theodoto,

407 1395 562 1466 quod
601 1394 682 1448 ita
708 1391 882 1447 fuerit
910 1388 1071 1444 mitis
1102 1394 1275 1458 atque
1307 1386 1571 1448 humilis,
1605 1390 1669 1439 ut
1699 1399 1833 1437 cum
1867 1378 2049 1435 semel

404 1485 519 1540 iter
549 1486 746 1555 ageret
776 1496 907 1535 cum
942 1494 1059 1533 uno
1091 1478 1321 1542 clerico,
1355 1480 1410 1530 et
1440 1476 1565 1546 ipse
1583 1474 1819 1544 quidem
1844 1470 2051 1525 lectica

405 1574 735 1637 veheretur,
788 1569 1035 1624 clericus
1083 1583 1216 1622 vero
1279 1580 1431 1635 equo
1488 1563 1789 1629 insideret,
1842 1558 2052 1613 dixerit

405 1662 617 1719 clerico
650 1675 757 1715 suo
791 1656 1160 1730 patriarcha:
1200 1655 1498 1709 Mutemus
1527 1650 1797 1707 vehicula
1827 1653 2049 1714 nostra,

1591 282 1687 335 DE
1724 277 1916 333 VITIB
1949 275 2250 331 PATBUM
2286 274 2499 331 LIBER
2534 278 2609 331 X.

2071 404 2121 464 Α
2154 397 2419 469 Ephraem
2452 399 2807 455 Antiocheno
2839 399 3192 471 patriarcha,
3223 400 3375 471 quod
3403 399 3573 455 valde
3603 398 3803 455 zelans

3700 276 3807 333 136

2157 487 2329 542 fuerit
2359 492 2417 542 et
2446 488 2675 543 fervens
2707 489 2859 544 circa
2882 488 3237 545 ﬁdem.Cum
3270 489 3425 544 enim
3443 490 3709 545 audisset
3732 490 3804 545 de

2153 577 2355 647 Stylite
2386 576 2484 632 illo
2517 577 2616 648 qui
2640 582 2765 634 erat
2787 579 2841 632 in
2869 578 3135 649 partibus
3158 578 3675 651 Hierapolis,quod
3702 579 3803 633 Se-

2153 663 2397 718 veriana:
2431 669 2583 719 esset
2615 665 2887 729 haresos,
2921 666 3064 719 abiit
3094 666 3162 719 ad
3212 665 3402 735 illum,
3438 670 3501 719 ut
3530 666 3805 736 impieta-

2153 755 2268 806 tem
2304 751 2676 807 dissuaderet
2700 752 2805 807 illi.
2830 754 3013 824 Coepit
3030 769 3165 825 ergo
3190 753 3363 808 divus
3388 753 3649 824 Ephrazm
3668 770 3804 808 cor-

2154 840 2342 911 ripere
2373 840 2661 913 Stylitem,
2696 847 2752 896 et
2777 859 2961 910 orare,
2997 847 3060 895 ut
3091 843 3387 897 accederet
3419 844 3488 897 ad
3524 848 3799 897 sanctum

2154 933 2541 1006 apostolicum
2575 934 2877 1003 thronum,
2910 939 2967 989 et
2998 936 3462 990 communicaret
3494 940 3714 990 sanctae
3745 940 3803 991 et

2154 1023 2486 1094 apostolica:
2516 1023 2807 1078 Ecclesiae.
2834 1026 3212 1095 Respondeas
3237 1040 3374 1079 vero
3405 1024 3645 1097 Stylites
3680 1026 3759 1078 ait
3785 1043 3798 1080 :

2153 1112 2271 1184 Ego
2295 1113 2513 1184 synodo
2547 1128 2785 1183 prorsus
2818 1130 2931 1168 non
2965 1113 3357 1169 communico.
3385 1114 3533 1168 Dicit
3563 1115 3634 1169 ad
3666 1131 3804 1169 eum

2157 1207 2395 1257 sanctus
2423 1201 2690 1271 Ephraam
2721 1218 2734 1255 :
2768 1202 2833 1257 Et
2856 1203 3148 1274 quomodo
3179 1203 3267 1256 vis
3310 1207 3372 1256 ut
3402 1218 3602 1257 curem
3638 1208 3712 1269 te,
3748 1206 3805 1257 et

2157 1291 2513 1347 satisfaciam
2534 1308 2636 1363 pro
2660 1292 2847 1363 gratia
2870 1292 3102 1347 Domini
3129 1293 3313 1347 nostri
3366 1294 3500 1348 Jesu
3540 1292 3754 1347 Christi
3780 1292 3808 1347 ?

2154 1386 2361 1437 sancta
2390 1380 2650 1436 Ecclesia
2680 1381 2865 1436 libera
2890 1386 2980 1436 est
3008 1382 3082 1436 ab
3115 1382 3275 1436 omni
3317 1383 3491 1436 sorde
3541 1382 3806 1453 pravita-

2157 1472 2237 1527 tis
2266 1470 2573 1525 hasretiese.
2598 1469 2748 1525 Dicit
2779 1471 2849 1525 ad
2896 1486 3029 1525 eum
3064 1470 3303 1542 Stylites
3339 1487 3353 1527 :
3392 1471 3806 1527 Accendamus

2157 1561 2457 1632 ignem(7),
2478 1560 2714 1615 domine
2732 1559 3574 1631 patriarcha,ctingrediamur
3603 1560 3807 1630 simul,

2157 1656 2215 1704 et
2246 1665 2420 1720 quem
2454 1649 2693 1703 ﬂamma
2716 1665 2830 1704 non
2864 1648 3102 1718 laeserit,
3151 1648 3249 1705 ille
3281 1650 3639 1705 orthodoxus
3671 1650 3804 1714 erit,

404 1756 464 1807 et
494 1755 558 1806 tu
592 1750 831 1821 quidem
876 1747 1075 1802 lectica
1117 1745 1347 1810 vehere,
1392 1758 1497 1814 ego
1521 1746 1712 1796 autem
1734 1736 2046 1809 equesibu.
2082 1747 2126 1811 Β
2161 1738 2446 1808 illumque
2473 1738 2641 1810 sequi
2673 1738 2975 1793 debemus.
3009 1738 3126 1794 Hoc
3142 1743 3334 1794 autem
3361 1739 3610 1807 dixit,ut
3632 1746 3807 1795 terre-

406 1840 552 1895 Cum
582 1854 716 1895 vero
747 1836 995 1892 clericus
1016 1835 1071 1888 id
1116 1834 1304 1888 facere
1337 1835 1630 1886 recusaret
1660 1828 1923 1895 omnino,
1961 1825 2047 1880 di-

404 1946 539 1986 cens
571 1929 626 1983 id
656 1928 905 1981 dedecus
937 1925 1057 1979 fore
1090 1921 1508 1994 patriarchaz,si
1536 1919 1773 1990 quidem
1797 1915 2047 1971 clericus

402 2018 609 2075 lectica
640 2020 993 2088 portaretur,
1028 2030 1142 2067 non
1176 2011 1397 2083 quievit
1428 2014 1665 2065 sanctus
1696 2011 1753 2062 et
1800 2004 2047 2060 humilis

400 2108 758 2172 Theodotus,
792 2105 975 2159 donec
1007 2101 1277 2156 ministro
1295 2099 1589 2171 persuasit
1618 2114 1733 2151 non
1766 2110 1895 2150 esse
1927 2110 2046 2149 rem

401 2197 573 2252 istam
610 2193 978 2265 injuriosam,
1012 2190 1319 2261 coegitque
1351 2188 1515 2243 illum
1548 2188 1630 2241 ita
1662 2187 1869 2241 facere.

966 2304 1200 2360 CAPUT
1232 2302 1497 2359 XXXIV.

481 2400 599 2454 Vita
633 2397 755 2452 divi
778 2394 1081 2451 Alexandri
1107 2392 1453 2461 patriarcha?
1480 2388 1953 2461 Jerosolymilani.

478 2488 671 2543 Alium
690 2485 899 2540 habuit
917 2483 1119 2539 civitas
1139 2481 1367 2554 ipsaDei
1385 2479 1801 2553 patriarcham,
1816 2476 2052 2532 Alexan-

410 2578 583 2632 drum
617 2576 871 2639 nomine,
903 2574 1045 2627 adeo
1070 2572 1227 2642 pium
1262 2576 1319 2625 et
1345 2569 1803 2635 misericordem,
1834 2571 1895 2621 ut
1916 2582 2049 2620 cum

408 2666 499 2721 illi
533 2664 772 2737 quidam
806 2680 874 2718 ex
897 2660 1276 2717 notariissuis
1309 2662 1535 2714 furatus
1565 2661 1719 2714 esset
1744 2672 1973 2723 aurum,
1998 2660 2054 2709 et

410 2760 570 2811 metu
603 2753 951 2826 perterritus
987 2752 1215 2823 fugiens
1238 2750 1295 2803 in
1329 2748 1685 2804 Thebaidem
1716 2744 2048 2818 Egyptijw

409 2845 845 2914 cidissetvagus
867 2846 922 2896 et
951 2856 1156 2895 errans
1188 2840 1247 2893 in
1279 2838 1555 2906 latrones,
1581 2852 1645 2891 ac
1670 2836 1881 2891 ductus
1907 2834 2051 2889 fuis-

409 2939 499 2990 set
533 2933 604 2988 ab
628 2932 711 2987 eis
735 2932 998 3002 captivus
1022 2930 1091 2984 ad
1117 2932 1408 2983 extremas
1427 2926 1656 2998 Egypti
1693 2930 1919 2996 partes;
1946 2923 2053 2977 hoc

409 3026 732 3095 comperto,
762 3021 933 3075 divus
958 3019 1279 3075 Alexander
1310 3017 1771 3072 redemeriteum
1795 3015 2052 3068 vinctum

407 3129 475 3168 ac
506 3111 801 3183 captivum
824 3108 1121 3180 octoginta
1151 3107 1409 3178 quinque
1442 3103 2053 3166 numismatibus.Quo
2084 3103 2126 3170 C

404 3217 638 3256 reverso
667 3198 751 3254 ita
783 3200 876 3270 pie
908 3197 1481 3266 misericorditerque
1517 3211 1660 3249 usus
1689 3196 1803 3257 est,
1838 3197 1900 3246 ut
1925 3191 2057 3263 qni-

408 3292 543 3346 dam
578 3306 645 3345 ex
669 3288 829 3345 urbis
862 3286 1295 3342 habitatoribus
1328 3283 1536 3339 dixerit
1566 3282 1877 3354 aliquando
1916 3279 2057 3335 nihil

419 3395 548 3435 esse
580 3378 786 3433 utilius
817 3393 994 3448 quam
1027 3376 1083 3430 in
1116 3374 1506 3429 Alexandrum
1542 3388 1798 3443 peccare.

477 3468 602 3524 Alio
634 3483 870 3538 quoque
903 3471 1163 3535 tempore
1198 3480 1350 3517 unus
1382 3479 1453 3517 ex
1479 3461 1745 3516 diaconis
1779 3460 1927 3530 ejus,
1963 3475 2060 3513 co-

406 3574 528 3612 ram
565 3556 790 3612 clericis
840 3554 1116 3608 omnibus
1162 3552 1395 3622 injuriis
1447 3550 1635 3606 affecit
1692 3549 1888 3603 divum
1923 3546 2057 3603 Ale-

411 3646 726 3701 xandrum.
761 3642 869 3706 Qui
902 3658 1032 3696 max
1064 3644 1362 3712 postratus
1395 3640 1557 3694 humi
1610 3638 1837 3694 veniam
1894 3636 2056 3709 petit,

406 3734 611 3790 dicens
646 3750 659 3789 :
698 3734 937 3804 Ignosce
972 3730 1137 3796 mihi,
1173 3730 1406 3784 domine
1440 3728 1634 3783 frater.

985 3846 1228 3903 CAPUT
1263 3844 1472 3902 XXXV.

412 3939 544 3994 Vita
598 3936 744 3994 Elia:
778 3936 1349 4007 (6)]erosolymorum
1407 3932 1831 4007 archiepiscopi,
1887 3936 1939 3987 et
1993 3931 2059 3986 de

737 4006 835 4064 Fla
847 4007 1014 4063 viano
1054 4008 1355 4063 Antiochia:
1383 4006 1727 4077 patriarcha.

481 4099 724 4156 Dicebat
764 4096 1377 4170 abbasl’olychronius
1408 4098 1475 4151 de
1495 4093 2057 4150 sanctoEliaJeroso-

408 4188 699 4261 lymorum
736 4186 1195 4258 archiepiscopo,
1230 4185 1379 4256 quod
1400 4185 1552 4240 sicut
1585 4200 1717 4239 cum
1752 4188 1909 4238 esset
1941 4199 2061 4236 mo-

411 4278 659 4343 nachus,
694 4276 891 4331 vinum
928 4292 1041 4330 non
1071 4274 1407 4341 bibebat,ita
1434 4291 1539 4329 nec
1560 4272 1897 4345 patriarcha
1928 4272 2059 4341 qui-

409 4368 543 4422 dem
578 4367 764 4422 factus
800 4365 965 4431 bibit,
1001 4365 1099 4419 sed
1132 4364 1394 4419 eamdem
1426 4363 1673 4419 servavit
1704 4362 1983 4433 regulam.

2161 1831 2245 1881 ret
2273 1827 2691 1898 patriarcham.
2727 1826 3050 1898 Respondit
3082 1832 3324 1883 sanctus
3383 1828 3649 1899 Ephrem
3676 1828 3805 1901 Sty-

2160 1916 2308 1984 litaa;
2344 1917 2664 1988 Oportebat
2696 1916 2931 1987 quidem
2965 1921 3039 1984 te,
3077 1916 3158 1971 ﬁli
3189 1918 3289 1985 mi,
3326 1922 3605 1989 tanquam
3653 1919 3806 1990 patri

2161 2007 2586 2078 obtemperare,
2622 2006 2889 2078 nihilque
2948 2024 2981 2061 a
3013 2006 3181 2061 nobis
3213 2006 3473 2079 amplius
3522 2024 3804 2079 quaerere.

2166 2095 2451 2160 Quoniam
2487 2112 2620 2150 vero
2665 2112 2786 2151 rem
2822 2095 3132 2167 postulasti
3158 2099 3532 2152 excedentem
3566 2098 3805 2169 quidem

2160 2187 2209 2239 vi
2222 2202 2311 2241 res
2328 2185 2689 2240 infelicitatis
2704 2185 3101 2253 mee,conﬁdo
3116 2190 3313 2240 tamen
3329 2187 3384 2240 in
3414 2186 3807 2241 miserationi-

2158 2274 2803 2346 busFiliiDei,quiatuze
2815 2274 3022 2329 salutis
3038 2290 3141 2331 cau
3153 2275 3390 2330 saethoc
3410 2276 3810 2332 faciam.Tuno

2162 2367 2242 2420 ait
2272 2365 2438 2419 divus
2465 2362 2728 2434 Ephraem
2763 2365 3091 2418 astantibus
3123 2365 3435 2419 omnibus:
3462 2365 3811 2422 Benedictus

2162 2453 2449 2510 Dominus
2479 2470 2491 2518 ;
2524 2452 2724 2507 atl‘erte
2756 2452 2871 2507 huc
2903 2451 3235 2525 ligna.Cum
3256 2469 3391 2507 vero
3417 2452 3591 2508 allata
3612 2461 3815 2510 essent

2163 2544 2346 2615 ligna,
2380 2542 2685 2597 succendit
2707 2541 2807 2596 illa
2836 2542 3163 2613 patriarcha
3184 2547 3317 2597 ante
3341 2542 3703 2611 columnam,
3727 2544 3813 2599 di-

2163 2635 2364 2703 xitque
2396 2630 2653 2703 Stylitae:
2689 2630 2987 2686 Descende
3019 2648 3197 2698 nunc,
3231 2632 3481 2702 utjuxta
3510 2633 3811 2688 decretum

2167 2730 2333 2777 tuum
2351 2719 3069 2791 ingrediamurambo.Stu
3082 2720 3456 2791 pefactusille
3469 2722 3536 2775 ad
3561 2722 3814 2791 patriar-

2165 2813 2283 2868 chae
2315 2810 2707 2867 constantiam
2738 2810 3090 2865 descendere
3121 2810 3330 2865 noluit.
3365 2811 3530 2867 Tunc
3562 2812 3709 2867 dixit
3738 2812 3812 2867 ad

2166 2919 2299 2957 eum
2324 2900 2694 2973 patriarcha:
2725 2899 2923 2955 Nonne
2946 2905 3007 2954 tu
3032 2898 3141 2954 hoc
3167 2900 3288 2955 ﬁeri
3312 2900 3580 2970 petiisti?
3600 2906 3655 2956 et
3676 2919 3817 2971 quo-

2168 2992 2341 3046 modo
2376 2990 2431 3044 id
2466 3006 2623 3043 nunc
2658 2989 2841 3043 facere
2875 3005 2989 3043 non
3017 2988 3104 3044 vis
3126 2989 3153 3043 ‘I
3182 2989 3343 3044 Tunc
3366 3005 3583 3044 exuens
3607 3006 3669 3045 se
3700 3007 3819 3060 qua

2164 3078 2431 3135 indultus
2446 3083 2569 3133 erat
2589 3077 2739 3132 stola
2762 3077 3255 3149 patriarcha,cum
3275 3079 3622 3134 accessisset
3637 3096 3817 3150 prope

2167 3171 2383 3241 ignem,
2418 3167 2624 3231 oravit,
2659 3166 2897 3220 dicens:
2932 3165 3179 3220 Domine
3205 3170 3347 3221 Jesu
3387 3167 3635 3235 Christe,
3662 3167 3819 3223 Deus

2170 3263 2385 3323 noster,
2421 3256 2520 3327 qui
2556 3260 2792 3326 propter
2827 3272 2932 3310 nos
2964 3256 3243 3327 dignatus
3273 3273 3335 3311 es
3384 3258 3454 3313 de
3484 3264 3691 3312 sancta
3721 3258 3821 3312 do-

2167 3348 2329 3403 mina
2352 3351 2553 3402 nostra
2588 3344 2683 3401 Dei
2714 3344 2996 3416 genitrice
3024 3362 3374 3417 semperque
3392 3347 3615 3417 virgine
3638 3347 3822 3401 Maria

2166 3436 2458 3493 incarnari
2482 3441 2539 3490 et
2564 3434 2747 3504 nasci,
2780 3435 3021 3489 ostende
3045 3435 3213 3489 nobis
3235 3434 3635 3491 veritatem.Et
3663 3452 3821 3491 eom-

2168 3528 2321 3599 pleta
2379 3524 2660 3590 oratione,
2713 3522 2958 3593 jactavit
3012 3522 3199 3578 solam
3252 3540 3420 3579 suam
3499 3524 3556 3578 in
3602 3525 3814 3581 mediis

2165 3616 2424 3687 ignibus.
2452 3614 2596 3669 Cum
2623 3619 2820 3669 autem
2851 3612 3005 3684 ignis
3029 3612 3198 3684 quasi
3230 3629 3334 3685 per
3362 3618 3480 3669 tres
3498 3613 3675 3670 horas
3707 3616 3820 3669 du-

2166 3709 2379 3772 rasset,
2404 3703 2680 3774 lignaque
2712 3703 2829 3772 iam
2863 3702 2997 3774 igne
3029 3706 3384 3773 consumpta
3413 3708 3631 3769 essent,
3666 3703 3817 3760 tule-

2167 3799 2305 3850 runt
2337 3794 2473 3848 inde
2504 3791 2716 3847 stolam
2748 3791 3065 3862 integram,
3100 3791 3180 3847 ita
3211 3798 3274 3846 ut
3297 3791 3459 3847 nulla
3490 3792 3642 3862 ignis
3674 3794 3824 3848 indi-

2168 3884 2259 3938 cia
2291 3882 2347 3936 in
2381 3897 2447 3935 ea
2478 3879 2838 3951 deprehendi
2872 3885 3129 3950 possent.
3166 3880 3329 3935 Tunc
3352 3879 3591 3952 Stylites
3613 3881 3822 3937 videns

2168 3971 2324 4043 quod
2360 3971 2570 4025 factum
2606 3970 2816 4037 fuerat,
2849 3970 3061 4024 certior
3091 3970 3162 4024 de
3182 3968 3427 4024 veritate
3446 3970 3660 4035 factus,
3684 3987 3826 4025 ana-

2167 4059 2567 4115 thematizavit
2595 4062 2892 4123 Serveum,
2927 4060 2983 4111 et
3012 4059 3141 4127 ejus
3174 4057 3467 4124 haeresim,
3502 4059 3815 4113 accedens-

2167 4165 2280 4221 que
2309 4148 2378 4203 ad
2414 4152 2678 4202 sanctam
2702 4146 3051 4202 catholicam
3079 4146 3416 4212 Ecclesium,
3440 4147 3510 4201 de
3543 4148 3821 4204 manibus

2166 4240 2356 4293 sancti
2380 4236 2647 4307 prrzem
2676 4235 3217 4301 communicavit,et
3245 4235 3818 4308 gloriﬁcavitDeum.

2739 4354 2964 4410 CAPUT
2994 4354 3270 4409 XXXVII.

484 4455 765 4510 Dicebant
792 4451 1715 4523 deeodemarchiepiscopo.Elia,
1748 4455 1803 4506 et
1836 4450 1906 4504 de
1932 4449 2058 4503 Fla-
2098 4469 2139 4533 Ι)
2184 4458 2309 4511 Vita
2370 4454 2644 4533 Episcopi,
2707 4454 2804 4533 qui
2839 4453 3098 4533 cathedra:
3128 4452 3352 4533 felicia
3376 4456 3549 4533 repit
3579 4455 3641 4533 in
3688 4470 3821 4533 sa_n_-

408 4542 580 4597 viano
632 4541 946 4596 Antiochia:
1006 4539 1468 4611 archiepisc0po,
1531 4540 1682 4609 quod
1756 4538 1827 4593 ab
1878 4544 2061 4591 Anas-

408 4628 559 4684 tasio
584 4629 935 4700 imperatore
950 4628 1121 4682 ambo
1142 4627 1357 4681 fuerint
1387 4627 1589 4681 exsilio
1616 4626 1854 4697 relegati
1885 4641 2059 4696 prop-

408 4723 500 4773 ter
530 4722 792 4773 sanctam
828 4716 1359 4771 Cbalcedonensem
1386 4716 1674 4787 synodum
1702 4714 1893 4781 ;Elias
1925 4714 2059 4784 qui-

412 4809 547 4862 dem
580 4807 636 4861 in
668 4806 853 4874 H’aila,
886 4804 1194 4859 Flavianus
1220 4820 1355 4859 vero
1390 4806 1541 4875 apud
1567 4808 1815 4859 Petram.
1845 4803 1939 4858 Die
1961 4819 2057 4857 ve-

410 4914 473 4952 ro
523 4895 775 4967 quadam
827 4894 1301 4967 signiﬁcaverunt
1335 4893 1446 4947 sibi
1493 4894 1661 4949 ambo
1695 4892 2057 4965 patriarcha,

410 4989 618 5040 mutuo
644 4983 943 5039 dicentes:
998 4981 1348 5037 Anastasius
1395 4982 1565 5037 hodie
1613 4989 1880 5037 mortuus
1930 4985 2054 5049 est;

412 5089 620 5129 eamus
654 5072 837 5144 igitur
892 5076 948 5127 et
980 5088 1105 5139 nos,
1141 5075 1202 5125 ut
1260 5088 1393 5126 cum
1444 5070 1542 5127 illo
1591 5072 1949 5143 judicemur.
1995 5070 2063 5124 Et

414 5168 551 5235 post
582 5162 729 5219 duos
761 5162 884 5217 dies
916 5161 1089 5216 ambo
1122 5159 1521 5230 migraverunt
1554 5163 1622 5216 ad
1651 5161 1985 5217 Dominum.

975 5275 1214 5331 CAPUT
1246 5276 1496 5332 XXXVI.

420 5366 540 5422 Vita
576 5368 843 5437 Ephrcrm
904 5365 1235 5438 Antiocheai
1282 5368 1638 5437 patriarcha’,
1705 5372 1753 5423 et
1793 5371 2063 5438 quomodo

484 5441 723 5509 Stylilen
746 5438 1074 5519 monachum
1104 5453 1137 5490 a
1162 5437 1476 5496 Severianac
1498 5439 1763 5496 haereseos
1786 5437 2068 5511 impietate

494 5519 855 5565 converterit.

490 5608 638 5663 87!
677 5608 946 5663 Narravit
972 5606 1141 5663 nobis
1190 5608 1429 5680 quidam
1462 5612 1702 5665 Patrum
1744 5609 1817 5664 de
1863 5614 2065 5668 sancto

2244 4535 2389 4652 plain}
2417 4528 2722 4593 civitatem,
2749 4528 2799 4580 et
2816 4529 3030 4581 mutato
3044 4525 3237 4580 habitu
3266 4527 3620 4580 ministrabat
3644 4525 3828 4580 archi-

2265 4614 2322 4652 ec
2349 4614 2412 4652 ιδ.

2265 4614 2412 4653 ecus.

2241 4714 2741 4785 Quidamfpatrum
2759 4712 3051 4769 enarravit
3067 4713 3234 4768 nobis
3248 4714 3317 4768 de
3332 4714 3583 4785 quodam
3601 4712 3824 4784 episco-

2167 4804 2425 4877 po,quod
2446 4802 2645 4858 relicto
2665 4803 3006 4875 episcopatu
3024 4820 3130 4858 suo
3146 4803 3441 4875 profectus
3459 4804 3537 4859 sit
3553 4804 3621 4857 ad
3648 4821 3820 4861 sanc-

2168 4899 2289 4949 tam
2314 4893 3092 4965 civitatem,ibiquesumplo
3113 4892 3357 4964 operarii
3374 4892 3603 4959 habitu,
3624 4892 3830 4948 minis-

2168 4984 2411 5038 traverit
2441 4981 2804 5037 architectis.
2840 4982 2915 5036 Eo
2942 4997 3076 5037 vero
3108 4985 3371 5053 tempore
3422 4982 3512 5036 vir
3568 4980 3825 5037 clemens

2169 5078 2226 5129 et
2260 5071 2678 5128 misericordiae
2695 5072 2973 5144 operibus
2997 5070 3229 5126 deditus
3252 5071 3599 5144 Ephremius
3622 5088 3821 5128 eomes

2171 5162 2426 5217 Orientis
2450 5164 2592 5225 erat,
2620 5177 2685 5215 ac
2719 5177 2819 5231 per
2849 5160 3043 5231 ipsum
3066 5161 3306 5215 aediﬁcia
3335 5160 3570 5233 publica
3592 5177 3823 5232 repara-

2172 5252 2423 5316 hantur;
2450 5250 2654 5304 civitas
2678 5250 2832 5305 enim
2860 5254 3029 5305 terra:
3060 5254 3220 5305 motu
3256 5250 3563 5306 ceciderat.
3590 5249 3686 5305 Die
3718 5267 3824 5305 au-

2172 5345 2287 5395 tem
2304 5339 2555 5409 quadam
2582 5338 2843 5408 viditper
2871 5338 3420 5409 visumEphremius
3435 5338 3823 5395 dormientem

2171 5430 2538 5501 episcopum,
2573 5426 2968 5498 columnaque
3005 5429 3157 5500 ignis
3175 5443 3498 5498 supersum
3516 5428 3587 5483 ad
3611 5426 3824 5482 cmlum

2176 5533 2363 5588 usque
2386 5516 2963 5589 pertingentem.Hoe
2996 5522 3189 5573 autem
3210 5533 3341 5571 cum
3365 5534 3479 5573 non
3513 5515 3829 5582 semel,nec

2174 5607 2396 5677 bis,sed
2428 5607 2641 5679 saepius
2656 5607 3247 5679 cerneret,obstupuit
3261 5606 3655 5679 Euphremius
3676 5605 3830 5679 (erat
