4122 6188
308 354 406 417 ut

1622 352 1918 411 PBATUM
1954 351 2403 412 SPIRITUALE.

3612 366 3715 432 142

304 479 466 535 estin
487 477 786 551 regionem
802 492 971 533 suam
999 476 1146 548 (erat
1167 482 1359 532 autem
1378 473 1957 546 Constantinopoliin
1990 477 2045 544 Α
2078 476 2196 533 bet:
2240 479 2650 550 perorationes
2682 482 2838 538 enim
2871 484 3004 538 tuas
3037 499 3216 557 supra
3246 490 3421 560 caput
3459 489 3718 563 episcopi

302 584 421 639 qua
451 567 723 623 habitant
743 565 1163 639 principes,qui
1180 566 1350 637 juxta
1373 564 1719 637 prophetam
1737 564 1960 634 justifi-

308 656 707 729 cantimpium
725 659 963 729 propter
984 671 1250 722 munera,
1266 659 1321 709 et
1339 656 1567 725 justum
1585 654 1733 725 justi
1752 653 1967 709 tollunt

307 745 740 818 ['saimv.]l.Sed
760 745 1135 817 omnipotens
1167 744 1322 799 Deus
1347 746 1611 799 sanctam
1646 742 1964 797 Ecclesiam

307 852 478 893 suam
510 852 627 891 non
671 836 936 906 despexit
965 834 1094 902 ;sed
1120 834 1401 889 adversus
1443 831 1835 905 apostolorum
1876 849 1964 886 ca-

316 923 694 981 noneslatam
711 940 813 996 pro
830 924 957 997 ipso
972 923 1321 979 sententiam
1341 938 1547 977 rursus
1562 921 1752 977 utsibi
1788 922 1963 976 mini-

312 1031 407 1070 me
430 1017 729 1085 acceptam
755 1013 1077 1068 damnavit.
1109 1016 1257 1068 Cum
1279 1012 1434 1067 enim
1467 1011 1722 1083 quadam
1744 1011 1836 1066 die
1868 1010 1964 1066 ille

308 1120 698 1176 processurus
711 1107 863 1158 esset
881 1118 1016 1157 cum
1036 1102 1286 1174 superbo
1301 1105 1506 1157 ornatu
1518 1104 1603 1169 ,ut
1621 1102 1691 1156 ad
1709 1100 1783 1155 im
1795 1116 1959 1173 pera-

310 1198 470 1249 tores
492 1192 1121 1265 pergeret,sacerdotiu
1134 1207 1308 1262 mque
1325 1190 1575 1247 decretis
1592 1189 1826 1246 illorum
1843 1191 1957 1245 ite-

310 1300 445 1339 rum
461 1286 808 1350 resumeret,
832 1281 1261 1354 pupugitillum
1286 1286 1503 1349 venter,
1520 1285 1861 1353 utpergeret
1886 1284 1955 1338 ad

306 1372 643 1429 necessaria
656 1376 981 1428 naturae.Cu
993 1389 1045 1427 m
1059 1389 1195 1427 vero
1215 1376 1505 1427 secretum
1529 1371 1721 1427 locum
1737 1371 1792 1425 in
1802 1388 1957 1443 gres-

304 1480 410 1517 sus
425 1466 582 1518 esset
594 1462 951 1517 exonerandi
966 1461 1183 1517 ventris
1202 1460 1843 1532 causa,mansissetque
1868 1461 1953 1515 in-

304 1556 403 1607 tus
436 1551 729 1621 duasjam
761 1550 987 1606 veltres
1017 1550 1215 1617 horas,
1248 1566 1439 1622 neque
1462 1554 1850 1605 reverteretur
1881 1551 1952 1605 ad

304 1639 1122 1713 suosingressisuntquidam
1155 1656 1223 1695 ex
1252 1639 1344 1694 his
1361 1638 1951 1711 quiilliassistebant,

304 1730 680 1801 utillumjam
696 1731 904 1785 debere
927 1729 1196 1802 progredi
1219 1734 1544 1800 monerent,
1579 1730 1952 1785 invenerunt-

295 1819 895 1892 queinl‘elicemillum
919 1819 1106 1891 capite
1129 1820 1533 1890 deorsum,ubi
1566 1819 1953 1918 egerebatitur
1982 1854 2028 1918 Β

296 1916 559 1966 stercora
572 1910 1305 1981 demersum,pedibusque
1328 1926 1565 1964 sursum
1589 1908 1811 1964 erectis.
1832 1908 1947 1963 Eri-

295 2004 505 2071 gentes
519 2003 715 2053 autem
731 1996 1503 2069 illum,invenerunta2quali
1518 1997 1944 2069 impiiArii,Dei

297 2088 702 2158 hostis,morte
726 2087 1078 2142 exstinctum
1095 2086 1358 2142 horribili
1377 2092 1432 2142 et
1450 2088 1859 2159 mterna.[Nam
1889 2092 1944 2143 et

297 2177 493 2244 illum,
512 2192 647 2233 cum
674 2175 887 2232 auxilio
911 2176 1096 2231 fretus
1114 2176 1442 2248 principum
1469 2193 1529 2231 se
1550 2175 1608 2230 in
1623 2176 1941 2232 Ecclesiam

294 2268 399 2322 Dei
433 2270 699 2339 speraret
717 2266 1437 2338 tyranniceingressurum
1464 2275 1677 2322 sancta:
1707 2266 1803 2321 Dei
1838 2268 1942 2322 Ec-

291 2356 487 2412 clesia
502 2355 794 2411 mirabilis
807 2360 863 2411 et
880 2355 1073 2427 magni
1090 2355 1313 2411 consilii
1330 2354 1594 2427 angelus,
1610 2356 1739 2427 ejus
1762 2356 1946 2412 visce-

291 2464 499 2517 raquae
521 2446 810 2503 nefarium
828 2445 1020 2501 scelus
1044 2446 1465 2517 parturiebant,
1482 2446 1539 2501 in
1573 2464 1809 2503 secessu
1833 2448 1947 2502 dis-

295 2533 997 2605 sipavit;cthuncauxilio
1012 2534 1152 2590 item
1169 2534 1435 2589 innixum
1452 2534 1945 2606 principum,cum

287 2623 593 2695 prioribus
616 2624 881 2695 sepejora
911 2627 1279 2694 patraturum
1323 2627 1607 2694 speraret,
1644 2623 1946 2680 Thessalo-

292 2712 563 2768 nicensis
592 2711 861 2767 Ecclesiae
894 2715 1083 2767 rector
1113 2710 1356 2783 angelus
1379 2728 1511 2766 cum
1554 2712 1763 2783 Magno
1796 2730 1946 2768 mar-

291 2807 421 2874 tyre
436 2799 758 2869 Demetrio,
778 2800 1223 2873 praeveniensﬁn
1256 2817 1321 2856 eo
1346 2800 1469 2856 loco
1492 2801 1548 2855 in
1574 2818 1687 2873 quo
1716 2803 1947 2873 sedens,

288 2896 355 2945 et
372 2889 795 2947 commercium
810 2890 1033 2946 habens
1048 2907 1176 2946 cum
1194 2890 1426 2962 impuro
1442 2891 1724 2955 daemone,
1746 2893 1949 2948 adver-

290 2985 683 3035 sussanctam
704 2979 801 3034 Dei
832 2979 1151 3035 Ecclesium
1187 2979 1449 3035 struebat
1478 2980 1746 3048 insidias,
1772 2981 1831 3035 in
1856 2998 1947 3038 eo-

289 3072 424 3125 dem
463 3069 693 3125 inutilis
726 3070 873 3125 servi
907 3069 1670 3142 pedes,quirecteincedere
1694 3070 1949 3137 nolebat,

286 3150 473 3206 clavis
504 3151 756 3206 sufﬁxos
780 3151 1098 3221 pendentes
1114 3149 1390 3221 reliquit;
1422 3151 1476 3204 in
1499 3151 1949 3221 quibusindicia

2076 570 2188 622 sto.

2673 660 2910 718 CAPUT
2942 663 3116 718 XLV.

2075 744 2190 801 Vita
2220 747 2469 804 Monachi
2498 750 2700 805 inclusi
2724 753 2784 805 in
2809 752 3303 821 monteOtivarum,
3336 761 3389 811 et
3419 756 3485 813 de
3511 758 3678 816 adora
3701 794 3713 803 -

2103 835 2249 891 tione
2264 837 2309 905 (l
2321 838 2375 909 0)
2398 838 2662 908 imaginis
2680 842 3051 899 sanctissime
3070 844 3170 899 Dei
3197 845 3487 913 genitricis
3500 849 3709 908 Maria.

2141 925 2384 983 Dicebat
2416 929 2596 984 abbas
2624 931 3205 989 TheodorusiEliotes
3229 936 3380 1005 quod
3398 936 3713 1011 fueritqui-

2065 1013 2199 1069 dam
2233 1014 2499 1073 inclusus
2533 1019 2589 1073 in
2620 1024 2817 1076 monte
2861 1021 3159 1078 Olivarum
3213 1030 3465 1083 certator
3523 1029 3712 1083 maxi-

2066 1119 2236 1159 mus:
2270 1104 2659 1179 impugnabat
2696 1114 2894 1166 autem
2928 1112 3096 1168 illum
3147 1114 3555 1173 fornicationis
3591 1119 3712 1190 spi-

2066 1192 2231 1249 ritus.
2258 1194 2354 1251 Die
2374 1213 2509 1253 vero
2543 1200 2799 1270 quadam
2832 1217 2965 1256 cum
2992 1202 3237 1258 instaret
3264 1204 3347 1259 illi
3397 1205 3708 1263 vehemen-

2063 1286 2170 1350 ter,
2204 1284 2375 1355 coepit
2402 1285 2622 1356 ejulare
2646 1305 2840 1356 senex,
2875 1294 2932 1345 et
2964 1290 3155 1348 dicere
3183 1293 3432 1350 deemoni
3461 1312 3474 1351 :
3515 1298 3709 1363 Quan-

2063 1371 2164 1426 diu
2220 1390 2331 1427 non
2367 1374 2617 1432 dimittis
2676 1379 2815 1433 me?
2846 1381 3048 1436 recede
3070 1382 3198 1452 jam
3249 1400 3282 1438 a
3314 1400 3426 1454 me,
3460 1386 3562 1456 qui
3588 1403 3710 1443 me-

2062 1477 2196 1516 cum
2221 1464 2898 1539 consenuisti.Apparuit
2924 1473 3121 1526 autem
3155 1471 3205 1526 ei
3238 1473 3465 1529 daemon
3496 1475 3707 1532 visibi-

2059 1540 2209 1609 liter,
2237 1542 2472 1600 dicens:
2506 1550 2647 1601 Jura
2677 1547 2843 1615 mihi,
2869 1550 3007 1621 quia
3025 1550 3241 1606 nemini
3267 1552 3423 1609 dices
3446 1557 3601 1627 quod
3622 1557 3707 1628 ;ti-

2059 1630 2118 1684 bi
2142 1629 2404 1688 diclurus
2421 1650 2574 1703 sum,
2609 1640 2665 1690 et
2697 1640 2753 1691 te
2778 1654 2890 1692 non
2926 1638 3185 1710 amplius
3206 1644 3581 1714 oppugnabo.
3605 1649 3709 1701 Ju-

2059 1720 2318 1791 ravitque
2349 1722 2445 1777 ille
2493 1740 2688 1791 senex,
2741 1727 2980 1783 dicens:
3012 1732 3121 1783 Per
3170 1730 3595 1789 inhabitantem
3646 1734 3706 1790 in

2060 1806 2365 1864 altissimis
2398 1809 2543 1865 nulli
2577 1812 2767 1868 dicam
2801 1830 2928 1885 qua:
2963 1815 3109 1870 mihi
3141 1817 3373 1874 dixeris.
3411 1821 3576 1877 Tunc
3626 1822 3709 1878 ait

2063 1896 2144 1952 illi
2178 1899 2444 1956 daemon:
2480 1902 2608 1957 Noli
2642 1904 2883 1961 adorare
2916 1905 3067 1961 hanc
3102 1907 3441 1980 imaginem,
3465 1916 3523 1967 et
3553 1912 3707 1968 ultra

2060 1990 2115 2041 te
2147 2003 2260 2043 non
2295 1988 2674 2062 impugnabo.
2709 1992 2969 2048 Habebat
3001 2000 3196 2051 autem
3222 1997 3343 2051 haec
3373 1998 3565 2071 imago
3607 2018 3704 2055 ex-

2061 2092 2323 2147 pressam
2350 2078 2601 2151 figuram
2635 2080 2881 2136 dominae
2916 2089 3126 2138 nostra:
3154 2090 3368 2141 sanctas
3399 2088 3500 2143 Dei
3542 2090 3704 2162 geni-

2060 2164 2223 2219 tricis
2254 2165 2468 2237 Mariae,
2512 2169 2785 2225 ferentem
2818 2172 3133 2229 Dominum
3168 2184 3436 2232 nostrum
3494 2178 3697 2235 Jesum

2059 2253 2379 2310 Christum.
2411 2257 2506 2311 Ait
2561 2256 2829 2315 inclusus
2873 2261 3163 2317 daamoni:
3198 2263 3438 2320 Dimitte
3498 2281 3591 2321 me
3636 2270 3703 2321 ut

2060 2342 2472 2401 deliberem.In
2498 2348 2823 2403 crastinum
2858 2354 3053 2406 autem
3081 2351 3189 2407 hoc
3216 2354 3701 2428 signiﬁcavitipsi

2061 2431 2256 2487 abbati
2288 2433 2592 2491 Theodoro
2631 2436 2850 2493 ZEliotm
2890 2443 3029 2495 tunc
3084 2440 3373 2497 habitanti
3407 2444 3464 2499 in
3516 2445 3706 2500 Laura

2060 2520 2309 2592 Pharan,
2344 2512 2719 2595 narravitque
2753 2524 2837 2579 illi
2870 2527 3089 2583 omnia.
3123 2532 3307 2584 Senex
3357 2535 3551 2587 autem
3628 2532 3711 2587 ait

2060 2609 2326 2666 recluso:
2359 2611 2525 2680 Vere,
2560 2614 2798 2669 domine
2828 2615 2999 2685 abba,
3026 2616 3239 2674 illusus
3261 2635 3340 2688 es,
3363 2621 3705 2692 quiajuras-

2060 2699 2102 2753 ti
2137 2700 2422 2770 daemoni;
2456 2708 2858 2759 verumtamen
2894 2705 3039 2761 bene
3071 2708 3256 2763 fecisti
3290 2708 3395 2765 hoc
3421 2711 3705 2767 revelans.

2062 2790 2306 2861 Expedit
2336 2796 2532 2846 autem
2565 2793 2670 2847 tibi
2705 2794 2937 2850 nullum
2989 2797 3046 2851 in
3101 2797 3222 2853 ulla
3269 2801 3411 2856 urbe
3460 2800 3713 2873 lupanar

2062 2878 2355 2949 omittere,
2388 2882 2542 2951 quod
2576 2898 2689 2936 non
2718 2883 3091 2955 ingrediaris,
3126 2902 3299 2957 quam
3334 2894 3396 2943 ut
3428 2907 3603 2963 neges
3651 2898 3707 2949 te

2062 2971 2305 3026 adorare
2335 2978 2542 3040 Deum,
2576 2976 2631 3028 et
2648 2973 2963 3029 Dominum
2988 2981 3255 3033 nostrum
3280 2979 3483 3036 Jesum
3514 2982 3706 3040 Chris-

2062 3063 2187 3114 tum
2221 3077 2354 3116 cum
2390 3067 2575 3118 matre
2607 3080 2732 3119 sua.
2764 3065 3191 3123 Conﬁrmatum
3218 3069 3395 3140 igitur
3427 3076 3482 3127 et
3512 3090 3703 3129 corro-

2062 3149 2332 3204 boratum
2370 3150 2642 3222 pluribus
2671 3152 2861 3208 verbis
2893 3155 3130 3226 reliquit
3153 3156 3321 3213 illum
3346 3160 3404 3214 in
3430 3160 3555 3217 loco
3578 3181 3707 3219 suo.

284 3218 1173 3310 eminebantilliusjudicii,quo
1193 3218 1752 3309 plectentus‘erat,et
1770 3256 1946 3311 quam
1980 3218 2021 3284 C
2059 3235 2344 3308 Apparuit
2364 3218 2499 3311 ergo
2525 3239 2749 3294 daemon
2781 3218 3271 3312 incluso-rursus,
3297 3246 3532 3304 dicens:
3558 3251 3706 3314 Quid

282 3327 553 3384 terribile
574 3327 652 3384 sit
674 3328 729 3381 in
763 3327 1779 3397 manusincidereDeiviventisUIeb.
1807 3330 1882 3399 x).
1903 3332 1945 3400 ι]

887 3434 1115 3491 CAPUT
1146 3434 1342 3490 XLIV.

290 3526 351 3584 γ
354 3527 430 3580 ita
450 3525 598 3581 senis
626 3526 883 3579 monachi
907 3540 1077 3596 prape
1092 3524 1376 3580 civitatem
1393 3524 1688 3580 Antinoum
1706 3541 1911 3582 commo
1927 3556 1946 3565 -

581 3597 783 3665 rantis,
815 3600 867 3651 et
896 3598 963 3650 de
993 3597 1242 3652 oratione
1270 3613 1372 3667 pro
1418 3599 1651 3652 mortuis

366 3686 555 3741 Senex
577 3685 816 3757 quidam
866 3686 1157 3741 enarravit
1198 3686 1367 3741 nobis
1398 3702 1532 3741 cum
1582 3685 1945 3743 Thebaidam

289 3774 692 3838 venissemus,
712 3775 865 3845 quod
892 3789 1068 3829 senex
1091 3791 1242 3830 unus
1262 3776 1603 3830 morabatur
1624 3780 1784 3831 extra
1807 3776 1970 3835 civi-~

292 3863 1047 3934 tatemAntinoum,magnaa
1072 3864 1304 3919 virtutis
1336 3864 1559 3936 vir,qui
1594 3864 1650 3919 in
1679 3864 1825 3920 cella
1840 3882 1949 3920 sua

291 3957 494 4023 egerat
513 3969 701 4007 annos
729 3954 1309 4024 septuaginta.Erant
1339 3962 1532 4008 autem
1563 3952 1648 4008 illi
1672 3954 1946 4026 discipuli

299 4043 536 4107 decem,
568 4057 635 4096 ex
657 4041 872 4113 quibus
896 4060 1048 4097 unus
1072 4047 1195 4098 erat
1217 4042 1383 4098 valde
1406 4042 1705 4115 negligens
1728 4044 1949 4100 sui.Sev

297 4148 414 4185 nex
444 4146 582 4202 ergo
614 4131 829 4202 saepius
887 4130 1052 4186 illum
1085 4130 1457 4203 corripiebat,
1490 4137 1547 4186 et
1584 4131 1950 4201 hortabatur,

297 4220 543 4274 dicens:
572 4219 791 4286 Frater,
831 4218 1289 4275 sollicitudinem
1322 4236 1456 4293 gere
1488 4237 1589 4291 pro
1612 4220 1812 4275 anima
1832 4225 1953 4289 tua;

298 4308 490 4363 habes
513 4307 671 4362 enim
706 4308 888 4375 mori;
919 4313 975 4363 et
996 4307 1108 4363 nisi
1125 4313 1180 4363 te
1209 4310 1634 4378 emendaveris,
1659 4308 1717 4363 in
1734 4308 1956 4381 suppli-

298 4398 463 4453 cium
494 4397 722 4453 tendes.
760 4398 955 4452 Frater
985 4402 1178 4453 autem
1214 4398 1310 4453 ille
1340 4416 1574 4471 semper
1602 4399 1728 4454 seni
1756 4399 1956 4455 inobo-

297 4488 471 4542 diens
486 4492 744 4553 erat,nec
757 4503 824 4541 ea
842 4504 968 4559 qua:
983 4491 1053 4543 ab
1068 4487 1195 4558 ipso
1214 4489 1524 4544 dicebantu
1535 4490 1658 4556 r,ad
1669 4490 1953 4547 mittebat.

295 4575 561 4647 Contigit
593 4580 791 4631 autem
824 4582 956 4646 post
978 4576 1413 4648 aliquantulum
1444 4578 1821 4649 temporis,ut
1844 4579 1952 4634 iste

297 4663 1059 4720 moreretur.Contristatur
1079 4682 1214 4721 vero
1245 4666 1439 4721 senior
1462 4683 1638 4737 super
1665 4666 1764 4722 illo
1788 4667 1955 4724 valde

296 4751 552 4823 (sciebat
576 4752 736 4807 enim
761 4754 989 4823 quodin
1022 4770 1238 4825 magna
1268 4755 1494 4810 desidia
1523 4761 1578 4810 et
1600 4756 1957 4828 negligentia

300 4843 381 4896 de
411 4841 622 4896 seculo
653 4840 933 4913 exiisset),
966 4843 1145 4914 ccepit
1176 4860 1358 4910 orare,
1384 4860 1447 4898 ac
1479 4844 1692 4900 dicere:
1712 4846 1958 4901 Domine

295 4931 444 4986 Jesu
478 4929 726 4993 Christe,
747 4947 919 4986 verax
944 4933 1092 4988 Deus
1115 4937 1333 5001 noster,
1350 4932 1540 4988 revela
1560 4933 1702 4987 mihi
1728 4935 1867 5005 quid
1887 4934 1960 4991 sit

299 5020 464 5075 circa
479 5018 679 5074 fratris
695 5020 977 5076 animam.
996 5022 1443 5093 Aspexitautem
1462 5023 1518 5077 in
1536 5038 1773 5078 excessu
1793 5041 1960 5080 men-

301 5108 385 5165 tis
412 5108 677 5179 eli’eetus,
703 5109 949 5166 ﬂuvium
971 5110 1573 5183 ignis,ingentemque
1596 5112 1653 5166 in
1678 5113 1805 5184 ipso
1826 5114 1961 5186 igne

305 5199 779 5267 multitudinem,
810 5216 876 5255 ac
907 5200 1169 5256 medium
1197 5202 1435 5257 fratrem
1456 5201 1621 5257 illum
1646 5203 1716 5257 ad
1742 5202 1958 5258 collum

300 5303 500 5359 usque
531 5289 890 5344 demersum.
926 5289 1092 5344 Tunc
1141 5289 1221 5344 ait
1254 5290 1335 5344 illi
1380 5290 1609 5358 senior;
1648 5291 1847 5346 Nonne
1907 5297 1961 5346 te

300 5384 546 5451 propter
579 5378 726 5433 hanc
752 5395 981 5448 poenam
1015 5379 1276 5447 orabam,
1304 5385 1367 5435 ut
1388 5397 1586 5435 curam
1610 5381 1818 5435 animae
1849 5386 1959 5435 ture

301 5481 536 5535 ageres,
573 5465 653 5519 ﬁli
685 5468 708 5519 ?
736 5465 1058 5536 Respondit
1089 5467 1284 5530 frater,
1318 5472 1374 5524 et
1423 5468 1505 5522 ait
1535 5468 1695 5523 seni:
1737 5469 1963 5524 Gratias

300 5561 419 5617 ago
452 5545 592 5615 Deo,
625 5545 811 5614 Pater,
846 5562 963 5618 quo
994 5546 1081 5601 vel
1114 5552 1290 5619 caput
1322 5564 1518 5603 meum
1562 5549 1821 5620 requiem
1856 5550 1960 5605 ha-

386 5673 402 5705 ί
435 5668 635 5725 Unicis
666 5668 897 5726 inclusa
928 5670 1200 5743 suppleta
1224 5676 1363 5727 sunt
1403 5688 1471 5728 ex
1495 5673 1714 5730 Greco.

2058 3327 2165 3380 hoc
2224 3330 2333 3394 est,
2390 3327 2644 3399 pessime
2698 3329 3089 3388 senex?875
3126 3332 3331 3390 Nonne
3393 3340 3453 3391 tu
3490 3339 3709 3407 jurasti

2058 3414 2200 3468 mihi
2224 3414 2356 3485 quia
2383 3414 2439 3469 id
2470 3415 2690 3470 nemini
2716 3416 2936 3473 diceres
2968 3418 2995 3472 ?
3014 3419 3083 3474 Et
3106 3436 3285 3493 quare
3308 3422 3505 3480 dixisti
3532 3427 3581 3482 ei
3608 3430 3708 3499 qui

2054 3503 2211 3558 venit
2242 3504 2313 3559 ad
2356 3507 2448 3559 te:
2484 3505 2622 3561 Dico
2658 3506 2757 3561 libi
2792 3508 2931 3578 quia
2964 3511 3404 3580 utperjurusin
3437 3515 3710 3587 diejudi-

2057 3593 2282 3649 cahoris
2311 3594 2338 3647 ?
2368 3594 2691 3666 Respondit
2749 3595 3040 3669 inclusus,
3096 3600 3298 3658 dicens
3342 3620 3355 3659 :
3397 3604 3525 3660 Scio
3573 3609 3702 3678 qui-

2058 3683 2211 3747 dem,
2244 3684 2382 3755 quia
2430 3685 2644 3755 juravi,
2679 3689 2732 3740 et
2790 3687 3042 3757 pejeravi
3075 3707 3087 3757 ;

2057 3771 2343 3827 obediam.
2378 3776 2422 3826 Α
2483 3779 2537 3829 te
2594 3774 2751 3829 enim
2792 3780 2855 3829 ut
2910 3782 3149 3833 auctore
3206 3784 3263 3834 et
3310 3782 3472 3853 pravi
3518 3786 3711 3843 consi-

2060 3860 2123 3915 lii
2158 3863 2213 3916 et
2245 3862 2484 3933 perjurii
2518 3880 2699 3934 pmnm
2729 3864 3099 3923 inevitabiles
3125 3868 3449 3942 exigentur.

3164 3691 3268 3746 tibi
3334 3697 3529 3750 autem
3594 3714 3709 3752 non

2636 4034 2873 4090 CAPUT
2918 4036 3115 4094 XLVI.

2064 4182 2333 4238 Mirabitis
2361 4185 2739 4267 visio_ab_batis
2769 4186 2990 4267 σῃπίᾳᾴ
3017 4190 3236 4267 Laurea
3268 4192 3614 4267 Calamonis,
3663 4205 3717 4255 et

2382 4256 2446 4312 de
2473 4255 2681 4312 duobus
2710 4255 2874 4329 impii
2902 4260 3141 4316 Nectarii
3171 4261 3351 4318 libris.

2139 4364 2509 4419 Accessimus
2540 4364 2611 4419 ad
2641 4364 2911 4421 abbatem
2956 4367 3261 4438 Cyriacum
3303 4372 3711 4446 presbyterum

2070 4452 2785 4522 LaurmCalamonisjuxta
2800 4455 3711 4526 sanctumJordanem,narravit-

1990 4589 2030 4652 Β
2070 4558 2182 4612 qne
2222 4541 2391 4596 nobis
2448 4542 2688 4598 dicens:
2729 4543 2826 4598 Die
2873 4544 3124 4612 quadam
3157 4546 3273 4601 vidi
3315 4564 3417 4619 per
3435 4567 3709 4610 somnum

2069 4629 2366 4652 __--_1:-._-___
2400 4629 2639 4652 L-_-_A_
2680 4631 2819 4652 ιι--ε-
2881 4648 3126 4652 ..η-κακή
3172 4633 3184 4652 3
3254 4635 3269 4652 ς
3326 4642 3334 4652 .
3538 4645 3547 4652 .

2069 4629 2371 4685 mulierem
2400 4629 2648 4686 honesta
2678 4631 2845 4700 facie,
2881 4648 3141 4703 purpura
3171 4633 3467 4704 indutam,
3499 4645 3713 4698 etcum

2066 4736 2132 4776 ea
2162 4720 2316 4774 viros
2349 4720 2518 4786 duos,
2550 4724 2607 4775 et
2637 4720 2799 4792 ipsos
2829 4723 3158 4778 venerando
3181 4723 3407 4795 habitu,
3434 4734 3491 4783 et
3514 4747 3717 4802 espec-

2066 4811 2128 4862 tu
2165 4808 2458 4879 praeclaro.
2483 4809 2814 4865 Arbitratus
2836 4814 3034 4865 autem
3056 4828 3187 4868 sum
3218 4814 3527 4874 mulierem
3553 4819 3714 4877 illam

2068 4911 2196 4951 esse
2236 4896 2545 4952 Dominam
2595 4902 2858 4954 nostram
2912 4904 3177 4955 sanctam
3210 4901 3313 4957 Dei
3347 4906 3712 4976 genitricem,

2068 5002 2273 5056 eosque
2292 4986 2392 5057 qui
2411 5003 2545 5041 cum
2569 4986 2667 5041 illa
2683 4991 2850 5042 erant
2879 4988 3027 5044 duos
3049 4988 3227 5058 viros,
3249 4999 3519 5051 sanctum
3536 4997 3718 5054 Joan—

2070 5091 2202 5130 nem
2234 5075 2594 5147 Theologum
2627 5080 2682 5131 et
2714 5080 2984 5131 sanctum
3026 5077 3315 5135 Joannem
3370 5082 3720 5155 Baptistam.

2070 5165 2471 5236 Egressusque
2505 5165 2573 5218 de
2605 5164 2820 5221 cellula
2852 5166 3092 5220 orabam
3145 5166 3279 5223 illos
3338 5176 3403 5225 ut
3454 5173 3727 5247 ingrede-

2072 5260 2276 5308 rentur
2306 5258 2362 5309 et
2392 5254 2449 5307 in
2486 5253 2631 5309 cella
2663 5271 2793 5309 mea
2815 5260 3070 5322 orarent,
3104 5273 3229 5327 qua:
3264 5275 3379 5315 non
3405 5267 3729 5322 consensit.

2070 5343 2373 5397 Permansi
2405 5360 2540 5415 ergo
2574 5344 2798 5399 diutius
2831 5361 3005 5399 orans
3047 5349 3104 5399 et
3151 5346 3488 5418 obsecrans,
3524 5371 3589 5409 ac
3640 5356 3729 5410 di-

2073 5449 2210 5487 cens
2234 5449 2247 5487 :
2271 5432 2373 5499 Ne,
2397 5450 2613 5503 quaeso,
2636 5438 2928 5489 avertatur
2960 5434 3203 5491 humilis
3225 5438 3421 5495 factus
3442 5446 3731 5501 contusus

2074 5522 2242 5591 (Psat.
2280 5524 2528 5590 LXXXIII),
2562 5527 2617 5577 et
2647 5522 2759 5577 alia
2791 5522 3047 5593 plurima
3066 5524 3429 5594 huiusmodi.
3470 5531 3577 5587 illa
3610 5534 3726 5602 igi-

2074 5616 2372 5668 turutme
2392 5611 2536 5667 vidit
2574 5612 2792 5669 instare
2832 5614 3123 5685 precibus,
3156 5618 3483 5689 eademque
3517 5626 3726 5693 postu-
