4122 6188
345 330 447 389 143
508 370 523 390 ι.

1522 327 1619 382 DE
1656 326 1849 381 VITIS
1890 324 2192 382 PATRUM
2228 325 2444 382 LIBER
2477 326 2553 384 X.

3653 325 3779 385 144

337 462 615 518 lationem
650 460 883 526 iterare,
907 459 1168 517 severius
1202 456 1347 512 mihi
1378 454 1701 528 respondit,
1746 452 1984 509 dicens:
2018 459 2071 525 Α
2102 456 2307 509 nostra
2328 456 2531 510 sancta
2563 453 2662 509 Dei
2692 453 2942 526 genitrix
2973 469 3106 510 cum
3131 452 3264 510 aliis
3288 468 3523 527 quoque
3552 454 3762 513 mulie-

332 552 525 605 Habes
557 549 712 604 intra
732 547 934 604 cellam
960 551 1127 602 tuam
1160 545 1466 600 inimicum
1490 558 1709 612 meum,
1732 545 1789 597 et
1812 541 1898 596 vis
1922 545 1987 595 ut

336 637 683 710 ingrediar?
714 638 781 692 Et
802 637 897 691 his
928 635 1101 691 dictis
1125 634 1430 690 abscessit.
1465 632 1761 703 Evigilans
1793 635 1993 686 autem

341 744 447 800 ego
481 726 665 799 afﬂigi
690 724 1436 797 coepi,etcogitabam,num
1462 721 1680 793 aliquid
1716 720 1772 774 in
1798 724 1994 775 mente

341 820 646 888 peccatum
713 818 919 870 contra
958 812 1122 868 illam
1168 811 1569 881 admisissem,
1612 825 1804 881 neque
1838 808 1991 863 enim

338 909 465 960 erat
484 902 701 975 aliquis
724 902 781 956 in
807 902 953 957 cella
978 918 1131 971 mea,
1154 901 1267 956 nisi
1292 917 1397 972 ego
1419 899 1599 955 solus.
1621 898 1855 954 Diutius
1878 897 1991 968 igi-

337 999 438 1049 tur
460 992 754 1063 meipsum
784 990 1127 1057 discutiens,
1153 988 1300 1045 nihil
1325 988 1543 1059 inveni,
1568 987 1721 1059 quod
1748 987 1807 1041 in
1828 985 1991 1042 illam

338 1098 697 1155 peccassem.
750 1080 896 1136 Cum
936 1097 1069 1136 vero
1101 1079 1382 1134 vidissem
1410 1093 1500 1133 me
1534 1076 1716 1133 nimio
1750 1092 1993 1131 maerore

345 1170 669 1239 absorberi,
704 1186 955 1241 surgens
988 1168 1182 1241 accepi
1233 1168 1451 1223 librum
1483 1172 1548 1222 ut
1570 1166 1843 1238 legerem,
1875 1181 1990 1236 quo

338 1279 441 1334 per
461 1260 805 1330 huiusmodi
828 1259 1139 1315 lectionem
1161 1259 1421 1314 dolorem
1448 1274 1563 1312 una
1577 1255 1990 1328 cogitationes-

338 1365 451 1419 que
482 1348 850 1421 repellerem.
901 1347 1139 1402 Librum
1166 1355 1360 1402 autem
1411 1346 1609 1416 ipsum
1659 1359 1989 1414 acceperam

341 1442 550 1493 mutuo
582 1456 615 1493 a
645 1438 811 1493 beato
844 1436 1073 1508 Isycbio
1110 1436 1449 1508 presbytero
1487 1432 1990 1506 Jerosolymitanze

338 1526 630 1583 Ecclesiae.
682 1525 1074 1595 Evolvensque
1124 1524 1341 1580 librum
1391 1523 1585 1578 inveni
1632 1523 1781 1578 duos
1823 1520 1991 1592 impii

344 1616 611 1672 Nestoris
640 1615 825 1671 libros
858 1616 915 1670 in
948 1616 1063 1670 ﬁne
1094 1612 1411 1670 voluminis
1432 1612 1705 1683 scriptos,
1741 1626 1992 1681 moxque

342 1707 551 1778 agnovi
582 1706 738 1761 hunc
769 1721 895 1761 esse
918 1709 1139 1760 sanctas
1171 1703 1427 1759 Dominae
1461 1706 1672 1757 nostra;
1691 1700 1791 1755 Dei
1823 1716 1989 1770 gene'

2098 542 2825 610 ribus,dicens:Quomodo
2838 558 2972 598 eum
2987 547 3189 599 nostra
3205 558 3320 598 non
3335 543 3561 610 sis,hue
3574 546 3761 601 audes

2102 630 2379 702 ingredi?
2405 636 2462 687 et
2479 631 2995 703 probibebateam.
3019 632 3220 703 Neque
3235 632 3391 687 enim
3412 632 3758 706 (inquiebat)

2099 725 2303 775 nostra
2332 724 2442 776 est.
2477 720 2781 776 Eratenim
2816 721 2885 777 de
2905 720 3624 795 haeresiSeveriacepbali.
3651 722 3761 778 Illa

2098 825 2231 865 vero
2255 808 2503 865 multum
2525 810 3202 882 rogabat,utmereretur
3222 809 3561 882 ingredi.Ad
3582 828 3759 883 quam

2100 902 2311 954 sancta
2332 898 2701 971 Deigenitrix
2718 899 3084 970 respondens
3099 899 3207 955 ait:
3230 899 3412 956 Crede
3436 900 3601 969 mihi,
3630 918 3763 957 mu-

2098 987 2234 1055 lier,
2271 1004 2387 1043 non
2417 988 2764 1059 ingrediaris
2788 988 2924 1055 huc,
2949 988 3061 1043 nisi
3096 989 3405 1044 nobiscum
3429 990 3764 1045 communi-

2097 1077 2338 1132 caveris.
2374 1078 2582 1149 Agnito
2617 1082 2814 1133 autem
2847 1079 3001 1149 quod
3027 1077 3166 1149 quia
3189 1082 3347 1134 esset
3374 1078 3649 1136 haeretica
3669 1079 3761 1135 in-

2097 1168 2259 1238 gredi
2278 1167 2710 1239 prohiberetur,
2725 1183 2959 1239 quoque
2974 1168 3083 1222 nisi
3100 1168 3399 1224 accederet
3410 1169 3480 1224 ad
3496 1173 3760 1225 sanctam

2098 1254 2450 1311 catholicam
2485 1261 2543 1311 et
2577 1257 2959 1327 apostolicam
2994 1256 3149 1311 876
3190 1256 3509 1313 Ecclesiam
3542 1257 3762 1314 Christi

2098 1344 2327 1400 Domini
2352 1349 2409 1400 et
2424 1347 2523 1401 Dei
2541 1346 2749 1417 nostri,
2775 1345 2996 1402 intrare
3010 1363 3126 1402 non
3151 1346 3612 1418 permitteretur,
3627 1364 3762 1404 eon-

2098 1433 2265 1489 tinuo
2281 1433 2595 1490 diaconum
2632 1434 2959 1503 accersivit,
2993 1440 3053 1491 et
3081 1435 3353 1492 veniente
3380 1442 3583 1492 sancto
3617 1436 3763 1493 cali-

2097 1539 2162 1578 ce
2193 1539 2425 1578 sacrum
2448 1526 2950 1597 corpussumpsit
2973 1529 3029 1581 et
3064 1525 3388 1597 pretiosum
3412 1526 3762 1598 sanguinem

2098 1611 2298 1684 magni
2332 1612 2431 1668 Dei
2464 1618 2521 1669 et
2552 1613 2885 1670 Salvatoris
2920 1614 3113 1671 nostri
3142 1614 3283 1670 Jesu
3312 1614 3547 1670 Christi.
3580 1617 3767 1687 Atque

2096 1701 2177 1757 ita
2192 1702 2417 1773 absque
2433 1702 2553 1758 ulla
2568 1703 2963 1775 prohibitione
2993 1704 3174 1775 digna
3188 1705 3390 1761 habita
3419 1708 3510 1760 est
3524 1704 3769 1760 adorare

342 1795 506 1851 tricis
538 1810 887 1868 semperque
930 1793 1176 1866 virginis
1206 1792 1397 1848 Maria:
1446 1791 1776 1846 inimicum.
1825 1790 1987 1845 Tunc
2016 1832 2064 1896 B
2098 1793 3761 1864 sanctumetvenerabilesepulcrumDominiJesuChristi.

344 1901 590 1955 surgens
608 1882 1185 1953 abii,librumqueilli
1210 1880 1309 1953 qui
1328 1880 1475 1935 mihi
1495 1896 1631 1936 eum
1660 1894 1988 1934 accommo-

344 1974 604 2042 daverat,
640 1972 889 2043 reddidi,
923 1971 1123 2027 dicens
1156 1970 1280 2025 illi:
1312 1969 1522 2041 Accipe
1552 1968 1769 2025 librum
1802 1974 1988 2035 tuum,

343 2062 543 2133 frater,
600 2077 789 2133 neque
847 2062 1006 2116 enim
1065 2078 1134 2115 ex
1164 2077 1229 2116 eo
1264 2065 1498 2115 tantum
1532 2057 1803 2113 utilitatis
1843 2057 1991 2129 cepi,

342 2155 629 2222 quantum
654 2150 1009 2206 detrimenti.
1025 2151 1170 2206 Cum
1188 2165 1321 2205 vero
1338 2147 1432 2203 ille
1449 2147 1784 2203 detrimenti
1803 2147 1990 2218 ipsius

343 2257 583 2297 causam
619 2241 979 2310 scistaretur,
1014 2255 1250 2294 omnem
1282 2237 1367 2292 illi
1393 2238 1474 2293 rei
1499 2237 1764 2293 ordinem
1794 2236 1988 2293 retuli.

344 2329 452 2395 Qui
481 2330 603 2385 zelo
634 2329 737 2384 Dei
760 2345 1083 2385 succensus
1108 2328 1377 2400 protinus
1404 2328 1554 2382 duos
1576 2325 1711 2381 illos
1740 2326 1990 2381 Nestorii

344 2420 527 2475 libros
558 2434 627 2474 ex
657 2418 953 2475 volumine
1002 2417 1284 2489 praecidit,
1319 2432 1538 2487 eosque
1568 2415 1691 2487 igni
1727 2415 1987 2485 tradidit,

346 2508 583 2565 dicens:
617 2509 742 2563 Non
774 2507 1035 2564 manebit
1059 2509 1117 2561 in
1151 2505 1295 2562 cella
1326 2522 1456 2561 mea
1489 2504 1747 2560 Dominae
1781 2509 1989 2560 [108th

346 2600 561 2652 sanctas
592 2596 691 2653 Dei
715 2596 1018 2670 genitricis
1042 2610 1393 2668 semperque
1415 2593 1658 2667 virginis
1675 2592 1863 2649 Mariae
1888 2593 1991 2648 ini-

352 2702 565 2745 mIOUS.

920 2774 1152 2831 CAPUT
1193 2771 1413 2829 XLVII.

346 2864 688 2921 Miraculum
719 2868 921 2921 sancite
943 2866 1039 2920 Dei
1061 2862 1348 2934 genitricis
1381 2868 1569 2917 contra
1588 2861 1855 2918 Gaianum
1883 2862 1989 2916 mi-

559 2954 711 2992 mum
734 2939 831 3009 qui
858 2954 985 2993 eam
1018 2938 1076 2991 in
1105 2941 1315 2990 theatro
1347 2934 1776 3005 blasphemabat.

416 3024 736 3097 Heliopolis
760 3026 1060 3081 Phcenices
1084 3022 1429 3079 Libanensis
1457 3023 1659 3078 civitas
1682 3025 1857 3078 est.In
1883 3022 1991 3079 hac

346 3114 545 3170 minus
569 3116 809 3188 quidam
836 3119 980 3187 erat,
1005 3114 1263 3171 Gaianus
1292 3114 1549 3182 nomine,
1575 3113 1990 3184 quiintheatro

2698 1882 2932 1938 CAPUT
2964 1882 3149 1938 XLIX.

2094 1971 2370 2027 Mirabitis
2412 1973 2550 2028 visio
2596 1971 2752 2027 ducis
2782 1974 3100 2041 Palestinae,
3158 1989 3266 2044 qua
3295 1981 3347 2028 et
3378 1975 3492 2043 ipse
3536 1983 3764 2030 coactus

2166 2044 2580 2128 [aitprevdictae
2597 2047 2795 2101 haeresi
2815 2046 3241 2116 abrenuntiare,
3279 2048 3334 2101 et
3357 2045 3560 2101 Christi
3580 2046 3767 2103 Eccle-

2168 2131 2269 2171 διέε
2296 2132 2728 2171 communicare.

2167 2203 2437 2259 Narravit
2468 2209 2663 2260 autem
2689 2204 2857 2261 nobis
2881 2205 3067 2262 ethoc
3091 2206 3244 2261 idem
3280 2206 3585 2280 presbyter
3604 2210 3755 2264 Ana-

2098 2292 2338 2359 stasius,
2370 2293 2594 2361 dicens,
2628 2295 2784 2365 quod
2830 2294 3149 2350 Palaestinis
3181 2296 3299 2351 dux
3337 2300 3617 2352 Gevemer
3645 2297 3755 2353 ali-

2099 2383 2334 2453 quando
2377 2383 2601 2438 venerit
2650 2385 2893 2439 adorare
2938 2388 3203 2439 sanctam
3250 2385 3467 2442 Christi
3524 2386 3757 2442 Domini

2103 2470 2289 2525 nostri
2323 2470 2833 2527 resurrectionem.
2869 2472 2937 2527 Et
2967 2489 3103 2527 eum
3135 2474 3408 2546 coepisset
3440 2474 3669 2547 ingredi
3700 2476 3759 2530 in

2099 2564 2369 2615 sanctum
2389 2566 2861 2631 monumentum,
2878 2562 3360 2633 aspexitarietem
3376 2580 3509 2619 cum
3535 2564 3759 2636 impetu

2098 2666 2275 2720 super
2290 2667 2352 2705 se
2367 2649 2719 2720 venientem,
2746 2652 3143 2722 cornibusque
3167 2651 3334 2707 illum
3351 2653 3757 2724 impetentem,

2097 2738 2194 2794 ille
2216 2755 2347 2794 vero
2372 2756 2583 2810 pavore
2606 2745 2929 2811 correptus,
2954 2746 3108 2795 retro
3133 2741 3380 2797 redibat.
3398 2742 3608 2797 Custos
3625 2759 3760 2798 vero

2098 2832 2314 2883 sanctae
2336 2828 2525 2884 crucis
2541 2828 2795 2899 Azarias,
2817 2834 2873 2884 et
2890 2830 2987 2900 qui
3005 2829 3362 2885 assistebant
3385 2831 3618 2886 lictores
3641 2834 3691 2899 (1
3707 2835 3760 2901 t)

2102 2918 2311 2971 timore
2335 2917 2581 2988 permoti
2612 2917 2817 2972 dicunt
2836 2917 2882 2972 ei
2914 2934 2925 2971 :
2951 2918 3097 2983 Quid
3122 2924 3230 2986 est,
3253 2919 3393 2990 quid
3419 2919 3623 2987 habes,
3650 2920 3755 2975 do-

2100 3005 2258 3060 mine
2284 3006 2424 3060 ?cur
2446 3023 2560 3061 non
2584 3006 2909 3077 ingrederis
2931 3007 2957 3061 ?
2982 3006 3229 3063 Diciteis
3256 3023 3268 3063 :
3295 3007 3368 3063 Ut
3391 3009 3531 3079 quid
3558 3008 3759 3063 intuli-

2101 3095 2207 3151 stis
2233 3094 2475 3150 arietem
2496 3095 2676 3150 istum
2700 3095 2727 3149 ἰ)
2748 3095 2852 3160 Qui
2878 3097 3189 3168 stupefacti
3214 3097 3595 3168 inspexerunt
3618 3115 3755 3152 san-

342 3184 605 3259 sanctam
624 3203 722 3259 Dei
738 3184 1080 3275 genitricem
1100 3201 1990 3274 blasphemans,populospecta-
2022 3197 2064 3264 C
2099 3184 3758 3275 ClummonumeAntium-nihilque‘ddentes’aiuntadillum:

343 3291 540 3347 culum
574 3292 952 3365 blasphemiae
1002 3293 1317 3364 praebebat.
1360 3291 1647 3364 Apparuit
1684 3295 1877 3347 autem
1915 3291 1998 3345 illi

348 3386 550 3435 sancta
579 3382 672 3435 Dei
693 3381 967 3452 genitrix,
992 3382 1196 3436 dicens
1222 3379 1402 3447 :Quid
1429 3378 1529 3434 tibi
1553 3376 1833 3448 malifeei,
1859 3380 2000 3450 quia

347 3486 539 3525 coram
562 3475 726 3525 tanta
747 3470 1127 3525 multitudine
1150 3470 1294 3524 mihi
1314 3468 1596 3536 detrahis,
1620 3472 1678 3523 et
1720 3467 1995 3539 blasphe-

351 3575 480 3614 mas
512 3575 602 3615 me
629 3561 656 3616 ?
686 3559 787 3615 Ille
817 3576 949 3615 vero
981 3576 1251 3631 surgens,
1286 3575 1399 3613 non
1421 3557 1611 3613 solum
1638 3574 1751 3611 non
1776 3574 1838 3613 se
1870 3574 1998 3613 cor-

352 3646 523 3714 rexit,
555 3663 755 3703 verum
780 3647 957 3703 etiam
981 3647 1113 3718 plus
1131 3646 1597 3718 blasphemabat.
1616 3646 1839 3700 Rursus
1860 3661 1995 3717 ergo

356 3736 631 3806 apparuit
654 3736 740 3791 illi
762 3741 965 3792 sancta
988 3735 1086 3791 Dei
1113 3735 1384 3807 genitrix,
1409 3734 1728 3805 corripiens
1750 3750 1906 3803 eum,
1931 3750 1995 3790 ac

354 3823 587 3880 dicens:
621 3824 771 3895 Noli,
797 3842 1013 3897 quaeso,
1043 3825 1161 3880 noli
1188 3825 1270 3880 ita
1289 3823 1493 3879 laedere
1520 3824 1779 3878 animam
1806 3827 1991 3878 tuam.

352 3910 600 3967 Illevero
615 3929 851 3968 rursum
877 3912 1307 3968 doteriusillam
1339 3910 1806 3983 blasphemabat.
1835 3910 1993 3967 Unde

348 4000 478 4071 ipsa
510 4000 678 4056 tertio
709 4002 896 4057 eidem
918 4017 1227 4073 apparens,
1262 4000 1465 4055 eadem
1497 3998 1813 4070 repetebat.
1847 3998 1990 4055 Cum

347 4093 541 4144 autem
577 4106 638 4145 se
668 4090 765 4146 ille
794 4107 908 4145 non
933 4090 1265 4162 corrigeret,
1296 4090 1394 4145 sed
1418 4088 1548 4160 plus
1578 4104 1807 4160 quoque
1830 4088 1989 4144 blas-

342 4175 597 4247 phemiis
620 4179 917 4249 adjiceret,
945 4179 1186 4233 meridie
1218 4177 1527 4234 dormienti
1561 4176 1672 4231 sibi
1695 4178 1987 4248 apparuit,

342 4266 607 4338 nihilque
639 4268 860 4335 dicens,
890 4268 1072 4339 digito
1097 4268 1220 4324 solo
1250 4266 1501 4339 signavit
1530 4266 1657 4336 ejus
1691 4282 1901 4322 manus
1933 4272 1990 4322 et

340 4358 536 4429 pedes.
571 4359 869 4431 Evigilans
901 4363 1119 4429 autem,
1153 4360 1376 4414 invenit
1406 4375 1467 4413 se
1487 4361 1824 4412 truncatum
1861 4374 1986 4413 ma-

337 4444 511 4500 nibus
534 4451 589 4502 et
619 4449 887 4518 pedibus.
907 4450 1095 4520 Atque
1124 4447 1205 4503 ita
1226 4447 1428 4502 infelix
1447 4451 1511 4501 ut
1535 4452 1778 4502 truncus
1802 4446 1985 4502 inuti-

337 4533 411 4589 lis
432 4535 669 4625 jacens,
686 4538 1077 4593 conﬁtebatur
1097 4538 1373 4593 omnibus
1391 4537 1560 4606 cujus
1586 4536 1664 4591 rei
1690 4536 1896 4625 gratia,
1924 4542 1981 4593 et
2016 4564 2055 4625 Ι)

332 4624 624 4692 quomodo
657 4623 761 4679 hcc
795 4642 1005 4696 passus
1030 4630 1206 4693 esset,
1238 4631 1419 4695 utque
1446 4629 1681 4695 propter
1702 4623 1977 4696 blasphe-

332 4710 481 4767 mias
511 4728 650 4768 suas
673 4711 992 4769 clementer
1020 4715 1316 4770 cruciatus
1349 4714 1578 4768 fuisset.

895 4820 1123 4876 CAPUT
1166 4820 1409 4875 XLVIII.

325 4905 653 4961 Miraculum
685 4907 815 4963 item
847 4918 1055 4966 sancta?
1100 4911 1197 4964 Dei
1224 4910 1515 4981 genitricis
1545 4925 1647 4981 quo
1678 4911 1975 4967 Cosmiana

396 4995 543 5033 uxor
575 4980 831 5035 Germani
858 4981 1092 5047 patricii
1112 4992 1301 5036 coacta
1320 4990 1395 5036 est
1424 4998 1493 5037 ex
1513 4980 1705 5036 haeresi
1717 4987 1973 5039 Severia-

394 5068 466 5105 na
495 5052 565 5105 ad
596 5068 781 5107 veram
812 5052 1020 5108 Christi
1045 5053 1205 5122 ﬁdem
1226 5054 1427 5109 redire.

390 5140 653 5195 Narravit
678 5142 848 5197 nobis
865 5142 1213 5198 Anastasius
1238 5144 1560 5215 presbyter,
1585 5146 1641 5198 et
1662 5161 1968 5201 ornamen-

318 5230 512 5283 torum
529 5234 739 5284 sanctae
763 5232 1205 5287 resurrectionis
1230 5232 1324 5286 Dei
1345 5236 1401 5287 et
1418 5231 1640 5287 Domini
1669 5235 1847 5288 nostri
1864 5235 1962 5291 Je-

316 5334 384 5371 su
401 5317 613 5373 Christi
632 5321 995 5391 custos,quia
1008 5320 1323 5375 adveniens
1338 5320 1475 5376 illuc
1489 5322 1961 5385 Cosmiana.uxo-

315 5404 586 5461 Germani
608 5405 1056 5477 patricii,voluit
1079 5411 1513 5480 noctequadam
1538 5415 1749 5465 sanetae
1765 5411 1959 5467 Domi-

314 5494 588 5550 nicmsola
604 5495 846 5551 adorare
859 5502 1132 5553 sanctum
1152 5497 1385 5553 Domini
1409 5498 1592 5553 nostri
1613 5499 1755 5555 Jesu
1771 5500 1959 5557 Chris-

308 5584 351 5637 ti
382 5583 608 5639 vivilicu
621 5600 793 5655 mque
810 5591 1276 5644 monumentum.
1292 5588 1506 5642 Etcum
1522 5588 1955 5659 apprOpinqua-

309 5677 388 5726 ret
416 5674 612 5742 januae
649 5674 913 5743 sacrarii,
944 5676 1215 5746 apparuit
1238 5675 1320 5730 illi
1355 5675 1663 5731 visibiliter
1704 5678 1953 5734 Domina

2109 3274 2444 3346 Ingredere,
2479 3273 2625 3329 nihil
2657 3273 2771 3329 tale
2793 3274 2953 3329 intus
2976 3278 3086 3330 est.
3112 3275 3367 3330 Rursum
3402 3275 3500 3331 ille
3528 3276 3759 3348 ingredi

2107 3362 2299 3435 coepit,
2334 3364 2434 3420 sed
2469 3363 2683 3418 iterum
2706 3363 2933 3434 aspexit
2954 3364 3193 3419 arietem
3218 3368 3424 3419 contra
3444 3380 3507 3420 se
3526 3366 3760 3421 venien-

2104 3457 2246 3523 tem,
2279 3457 2336 3508 et
2367 3469 2429 3508 se
2461 3453 2702 3507 introire
2734 3452 3167 3523 prohibentem.
3203 3457 3388 3509 Istum
3422 3470 3557 3509 cum
3602 3471 3758 3526 saepe

2105 3544 2324 3597 factum
2349 3546 2528 3608 esset,
2552 3542 3007 3613 illequeeazteris
3030 3542 3180 3597 nihil
3208 3544 3562 3613 videntibus,
3592 3544 3760 3601 solus

2105 3631 2344 3686 arietem
2380 3636 2662 3698 cerneret,
2690 3630 2875 3686 aitilli
2900 3633 3091 3687 crucis
3119 3635 3315 3688 custos
3343 3649 3355 3687 :
3382 3634 3562 3689 Crede
3587 3634 3756 3703 mihi,

2104 3719 2359 3786 domine,
2376 3721 2597 3792 aliquid
2622 3720 2801 3775 habes
2825 3721 2879 3775 in
2898 3720 3226 3787 animatua,
3245 3722 3399 3792 quod
3414 3726 3469 3777 te
3485 3723 3758 3795 prohibet

2102 3809 2343 3864 adorare
2361 3814 2651 3876 sanetum,
2677 3826 2742 3865 ac
2765 3809 3118 3879 venerabile,
3146 3815 3203 3865 et
3226 3811 3516 3866 viviﬁcum
3546 3829 3753 3868 monu-

2101 3905 2362 3954 mentum
2395 3898 2710 3954 Salvatoris
2742 3899 2924 3955 nostri
2952 3917 2965 3967 ;
3000 3900 3200 3972 itaque
3232 3916 3443 3957 moneo
3479 3903 3755 3958 uteouii-

2098 3988 2274 4044 tearis
2304 3987 2553 4044 Domino
2585 3993 2821 4059 peccata
2852 3993 2971 4044 tua.
3007 3990 3272 4045 Clemens
3303 3989 3461 4045 enim
3487 3995 3544 4046 et
3576 3991 3752 4047 mise-

2098 4076 2536 4133 ricordissimus
2560 4094 2689 4133 cum
2710 4078 2805 4143 sit,
2830 4082 2887 4132 et
2907 4079 2991 4132 tui
3022 4078 3284 4134 misereri
3304 4079 3527 4150 volens,
3543 4080 3753 4153 hujus-

2098 4167 2257 4221 modi
2272 4166 2375 4220 tibi
2401 4165 2749 4221 miraculum
2776 4166 3052 4222 ostendit.
3078 4166 3179 4222 Ille
3194 4172 3387 4223 autem
3407 4185 3538 4223 cum
3560 4168 3752 4243 lacry-

2097 4256 2210 4310 mis
2227 4255 2371 4310 dixit
2385 4255 2434 4310 ei
2461 4255 2633 4311 :Vere
2651 4256 2853 4311 multis
2870 4256 3218 4328 magnisque
3234 4256 3752 4315 sceleribusobno-

2093 4343 2226 4398 xius
2257 4362 2411 4399 sum.
2445 4346 2515 4399 Et
2543 4362 2604 4401 se
2638 4346 2835 4416 ipsum
2868 4344 2928 4399 in
2960 4346 3166 4401 faciem
3203 4352 3609 4419 prosternens,
3644 4365 3751 4420 per

2095 4432 2315 4489 multas
2342 4434 2512 4489 horas
2545 4435 2871 4504 permansit
2905 4435 3049 4490 ﬂens
3069 4438 3125 4489 et
3156 4435 3442 4491 conﬁtens
3474 4436 3747 4494 Domino.

2094 4523 2351 4578 Surrexit
2384 4522 2616 4593 deinde,
2649 4527 2705 4578 et
2755 4540 2962 4579 rursus
2994 4524 3222 4595 ingredi
3255 4524 3459 4592 voluit,
3494 4527 3595 4581 sed
3640 4527 3747 4582 ite-

2088 4628 2216 4666 rum
2243 4613 2314 4667 ab
2342 4613 2519 4669 ariete
2541 4613 2868 4684 permissus
2892 4630 3005 4668 non
3030 4613 3311 4668 est.Tunc
3335 4612 3413 4668 ait
3430 4612 3511 4668 illi
3528 4621 3745 4672 sancta:

2090 4700 2281 4756 crucis
2310 4706 2507 4757 custos
2532 4719 2544 4757 :
2569 4701 2715 4756 Vere
2736 4700 2892 4757 aliud
2913 4706 3024 4772 est,
3049 4703 3202 4773 quod
3237 4707 3293 4758 te
3313 4702 3541 4775 ingredi
3562 4708 3740 4761 vetat.

2092 4789 2449 4845 Dixitautem
2468 4790 2562 4845 ille
2587 4808 2599 4845 :
2625 4790 2774 4845 Num
2793 4791 3182 4846 fortasseideo
3204 4791 3367 4863 ,quia
3381 4809 3492 4847 non
3518 4798 3736 4849 sancte

2086 4877 2383 4934 catholicae
2444 4879 2733 4949 Ecclesize,
2792 4881 2892 4935 sed
2928 4881 3134 4935 Severo
3191 4881 3583 4948 communico,
3648 4882 3738 4937 in-

2083 4966 2259 5022 troire
2290 4968 2646 5039 prohibeor?
2666 4970 2831 5024 Tune
2857 4968 3019 5039 petiit
3051 4970 3340 5025 acuetode
3369 4973 3647 5026 utsancta
3681 4976 3738 5027 et

2079 5056 2313 5112 vivifica
2345 5057 2557 5114 Christi
2595 5058 2691 5113 Dei
2723 5059 2907 5113 nostri
2940 5058 3219 5130 mysteria
3241 5058 3356 5113 sibi
3388 5059 3737 5116 efferrentur

2080 5148 2146 5199 Et
2176 5145 2353 5201 allato
2398 5151 2600 5202 sancto
2632 5146 2829 5215 calice,
2880 5146 3356 5202 communicavit.
3407 5152 3601 5219 Atque
3654 5149 3734 5205 ita

2077 5233 2376 5305 ingressus
2394 5241 2503 5302 est,
2523 5240 2580 5291 et
2594 5236 2877 5305 adoravit,
2895 5235 2975 5289 nil
2995 5235 3148 5291 ultra
3165 5236 3572 5307 impedimenti
3590 5254 3728 5309 pas-

2074 5340 2197 5392 sus,
2234 5324 2499 5397 nihilque
2532 5325 2777 5379 ulterius
2808 5340 3075 5396 cernens,
3109 5326 3262 5396 quod
3297 5342 3359 5381 se
3392 5326 3727 5383 deterreret.

2727 5412 2957 5469 CAPUT
2991 5415 3051 5469 L.

2288 5504 2429 5559 Visio
2461 5508 2517 5557 et
2544 5503 2753 5558 dictum
2784 5503 2996 5558 abbatis
3029 5503 3251 5575 Georgii
3280 5504 3508 5560 inclusi.

2135 5591 2502 5664 Scythopolis
2534 5594 2795 5648 secunda
2816 5600 2902 5647 est
2922 5593 3239 5649 Palaestinae
3264 5593 3627 5665 metropolis.
3653 5601 3718 5650 In

2065 5697 2131 5736 ea
2145 5680 2522 5738 convenimus
2537 5682 2806 5739 abbatem
2823 5682 3203 5739 Anastasium
3220 5683 3595 5754 narravitque
3609 5700 3719 5740 no-
