4122 6188
408 334 430 386 1
447 333 513 387 45
1721 326 2022 382 PRATUM

2135 326 2506 379 ’IRITUALE.
3634 310 3636 314 ’
3714 318 3816 380 146

399 457 493 512 bis
518 457 584 511 de
606 455 820 511 abbate
840 452 1085 525 Georgio
1106 451 1357 523 incluso,
1380 451 1615 507 dicens:
1641 451 1782 505 Cum
1804 450 2058 522 quadam
2093 452 2144 519 Α
2174 448 2287 504 lam
2307 449 2509 520 [ϐπ-ατε
2524 443 2817 517 Κοουλάν],
2838 463 3161 519 parumque
3180 451 3505 504 remoratus
3524 447 3678 505 circa
3695 466 3816 506 ma-

404 552 566 603 nocte
597 544 1009 610 surrexissem,
1037 549 1103 600 ut
1128 543 1424 616 pulsarem
1445 542 1682 611 signum
1715 541 1807 613 (ea
1836 541 2054 613 quippe
2167 554 2227 594 re
2248 539 2562 607 Mortuum,
2588 537 2826 592 redierit
2848 537 3061 592 iterum
3086 538 3155 593 ad
3197 536 3403 593 cellam
3444 555 3635 595 suam.
3664 541 3810 596 Cum

398 654 538 693 cura
555 636 701 692 mihi
731 640 793 690 ut
818 634 1198 690 canonarchaa
1222 634 1337 704 (12)
1362 632 1629 701 injuncta
1652 631 1840 686 fuerat
1863 635 1926 685 ut
1953 646 2049 685 ex-
2161 644 2293 683 vero
2316 632 2472 683 esset
2493 633 2669 683 aestus
2696 626 3363 693 vehementissimus,ita
3385 632 3449 683 ut
3469 645 3645 684 senex
3666 646 3812 701 pene

396 726 636 782 citarem
671 726 882 780 fratres
914 724 985 778 ad
1020 723 1351 793 collectam)
1384 722 1578 777 audivi
1602 720 1926 792 plorantem
1961 735 2050 774 se-
2159 717 2449 783 deficeret,
2479 717 2794 772 extendens
2812 732 3024 771 manus
3042 733 3179 771 suas
3200 716 3258 770 in
3278 716 3487 772 coelum
3508 718 3580 772 ad
3600 724 3807 785 Deum,

393 832 561 883 nem;
596 816 1008 886 profectusque
1042 814 1113 868 ad
1149 812 1338 880 illum,
1373 828 1579 883 rogare
1603 810 1769 882 cmpi,
1810 809 2045 864 dicens:
2161 806 2601 861 oravitdicens:
2630 805 2975 875 Domine,tu
3003 805 3414 877 scisquiajam
3435 824 3549 877 pra
3571 808 3809 863 sitiam-

391 904 537 969 Quid
570 904 775 971 habes,
809 904 999 972 Pater,
1034 901 1176 973 quia
1204 902 1287 957 sic
1315 900 1511 973 ploras
1532 901 1560 955 ‘I
1586 900 1687 955 Ille
1719 915 1851 955 vero
1899 897 2047 953 nihil
2157 894 2361 951 bulare
2382 912 2494 951 non
2515 911 2777 966 possum.
2804 895 3128 965 Statimque
3151 896 3340 951 nubes
3359 895 3513 950 circa
3535 895 3705 951 illum
3727 898 3809 953 fa-

390 993 535 1048 mibi
555 993 877 1064 respondit.
900 992 1130 1047 Rursus
1153 1007 1285 1047 cum
1311 1006 1579 1061 rogarem
1599 989 1791 1054 illum,
1820 991 1885 1043 ut
1909 1004 2045 1042 cau-
2153 990 2244 1040 cta
2273 989 2579 1057 est,neque
2611 986 2851 1040 recessit
2882 986 2954 1040 ab
2982 1002 3070 1055 eo,
3099 985 3363 1055 quandiu
3400 985 3812 1042 restitueretur

384 1099 512 1140 sam
547 1084 719 1138 ﬂetus
750 1081 896 1137 mihi
936 1080 1187 1153 aperiret
1225 1080 1616 1152 ingemiscens
1645 1079 1762 1148 ille,
1784 1082 1841 1133 et
1866 1093 1933 1133 ex
1956 1078 2042 1133 in-
2154 1074 2309 1130 cellae
2341 1092 2484 1130 suae.
2514 1075 2777 1131 Distabat
2808 1079 3003 1131 autem
3044 1092 3077 1130 a
3125 1073 3271 1131 cella
3306 1074 3664 1132 milliaribus
3691 1076 3807 1132 fere

381 1174 525 1228 timo
558 1173 730 1228 corde
763 1171 1093 1243 suspirans,
1129 1170 1249 1227 ait:
1309 1169 1609 1235 Quomodo
1640 1168 1786 1223 mihi
1821 1185 1853 1222 a
1902 1167 2039 1223 ﬂetu
2153 1165 2491 1221 duodecim.

380 1267 734 1335 temperem,
783 1277 917 1317 cum
964 1259 1250 1315 Dominus
1305 1263 1505 1314 noster
1547 1258 1724 1314 Jesus
1772 1257 2041 1312 Christus
2225 1256 2383 1310 Idem
2402 1255 2585 1310 abbas
2602 1254 2936 1326 Stephanus
2955 1259 3011 1310 et
3028 1255 3136 1311 hoc
3154 1254 3323 1310 nobis
3345 1255 3416 1310 de
3435 1255 3639 1310 eodem
3666 1272 3803 1312 sene

378 1350 744 1409 reconciliari
769 1350 941 1407 nobis
963 1348 1156 1405 nolit?
1173 1348 1287 1420 Ego
1310 1348 1608 1417 enim,ﬁli,
1631 1347 1874 1401 videbar
1896 1344 2039 1401 mihi
2149 1345 2446 1411 narrabat,
2468 1345 2622 1415 quod
2650 1344 2913 1400 venerint
2936 1346 3023 1400 sui
3052 1346 3144 1400 die
3167 1345 3421 1416 quadam
3447 1349 3512 1400 ut
3534 1344 3699 1400 illum
3721 1347 3803 1403 vi-

377 1444 657 1501 assistere
684 1442 922 1497 cuidam
971 1456 1151 1511 super
1191 1438 1419 1495 excelso
1465 1438 1681 1494 throno
1714 1436 1992 1492 residenti
2021 1455 2035 1505 ;
2147 1434 2374 1489 derent.
2417 1434 2562 1489 Cum
2595 1450 2732 1506 ergo
2773 1434 3072 1490 venissent
3103 1435 3173 1489 ad
3208 1434 3425 1503 locum,
3460 1440 3802 1506 quaerebant

380 1530 570 1589 multa
600 1548 731 1587 vero
764 1528 1120 1585 milliacirca
1142 1526 1309 1583 illum
1332 1531 1500 1582 erant
1522 1526 1819 1582 orantium
1844 1524 2034 1592 illum,
2143 1522 2620 1595 ipsiuscellulam
2643 1541 2655 1578 :
2677 1541 2852 1593 quam
2890 1526 3032 1579 dum
3052 1524 3412 1595 quibusdam
3434 1525 3798 1581 ostendenti—

375 1626 557 1693 atque
581 1618 1030 1690 deprecantium
1056 1616 1125 1671 de
1143 1617 1400 1688 quadam
1426 1632 1507 1683 re,
1530 1615 1630 1687 qui
1651 1614 1885 1670 illorum
1910 1630 2034 1685 pre-
2143 1613 2254 1668 bus
2272 1612 2639 1683 didicissent,
2659 1613 2944 1670 adeuntes
2964 1613 3631 1685 pulsaveruntjanuam.
3660 1615 3797 1680 Qui-

374 1711 541 1767 cibus
556 1711 743 1765 ﬂexus
758 1724 871 1764 non
887 1710 995 1763 est.
1014 1704 1269 1761 Posthaec
1284 1705 1623 1761 accessitad
1643 1703 1805 1759 illam
1822 1702 2034 1759 mulier
2142 1702 2253 1757 bus
2285 1701 2556 1773 cognitis,
2591 1717 2767 1757 senex
2787 1703 2973 1758 Deum
2993 1702 3199 1773 oravit,
3220 1720 3291 1759 ne
3314 1704 3387 1758 ab
3406 1702 3551 1773 ipsis
3570 1703 3794 1759 videre-

372 1800 644 1872 quaadam
661 1798 1168 1869 purpurainduta,
1193 1794 1563 1868 prociditque
1587 1792 1765 1863 illi,et
1788 1792 1901 1847 ait:
1931 1791 2027 1847 Vel
2061 1823 2106 1887 B
2140 1795 2256 1846 tur.
2278 1791 2903 1862 Etaperiensjanuam,
2922 1792 3061 1848 exiit
3079 1794 3150 1847 de
3167 1791 3379 1848 cellula
3395 1795 3595 1862 sua,et
3613 1793 3683 1849 ab
3705 1793 3791 1849 eis

368 1893 610 1960 propter
667 1904 757 1943 me
815 1888 1066 1959 placare,
1111 1887 1214 1941 fili.
1269 1884 1369 1940 Ille
1435 1900 1569 1939 vero
1642 1881 2028 1937 nihilominus
2061 1880 2102 1887 ”
2135 1880 2549 1950 penitusvisus
2571 1897 2683 1935 non
2702 1881 3251 1952 estzabiensquein
3275 1882 3575 1937 desertum
3597 1880 3787 1936 redire

368 1975 749 2032 inexorabilis
767 1974 1010 2031 mansit.
1034 1978 1224 2046 Atque
1246 1972 1463 2029 idcirco
1480 1971 1643 2043 ploro
1659 1969 1906 2040 etejulo,
1934 1987 2028 2026 ve-
2133 1967 2340 2024 tandiu
2382 1967 2590 2038 noluit,
2623 1968 2808 2025 donec
2839 1969 2969 2026 illos
3001 1969 3315 2026 recessisse
3346 1968 3636 2042 cognovit.

363 2082 496 2122 rens
529 2066 693 2138 quod
726 2065 994 2157 futurum
1028 2069 1134 2121 est.
1161 2062 1453 2157 Haec-mihi
1480 2061 1827 2157 dixit—abbas
1847 2060 2026 2157 _Geor-
2757 2100 2986 2157 CAPUT
3010 2102 3150 2157 LW’

363 2158 516 2228 gius,
554 2156 767 2229 quinta
798 2155 1177 2212 illucescente
1210 2154 1352 2210 feria
1401 2169 1575 2209 ccsnae
1628 2150 1899 2218 Domini;
1935 2166 2030 2206 se-

363 2248 573 2319 quenti
604 2264 761 2314 vero,
789 2247 848 2301 id
882 2250 971 2302 est
1013 2260 1345 2317 parasceve,
1396 2243 1538 2299 hora
1581 2241 1696 2297 diei
1726 2257 1900 2306 nona,
1934 2256 2028 2296 re-

363 2336 608 2408 pentino
640 2351 977 2407 magnoque
1021 2339 1191 2390 terrae
1238 2337 1398 2389 motu
1453 2335 1801 2387 corruerunt
1856 2330 2028 2385 urbes

364 2427 681 2487 maritima:
702 2426 1030 2483 Phoenices.

434 2518 605 2573 Idem
629 2517 813 2572 abbas
838 2515 1190 2571 Anastasius
1213 2514 1322 2570 hoc
1346 2514 1483 2569 item
1499 2512 1667 2568 nobis
1683 2512 1752 2567 de
1771 2527 1910 2567 sene
1931 2527 2028 2566 eo-

363 2610 503 2664 dem
538 2607 857 2673 enarravit,
888 2606 1045 2677 quod
1080 2610 1210 2678 post
1250 2602 1686 2676 aliquantulum
1720 2602 2027 2675 temporis,

369 2715 503 2753 curn
543 2698 616 2753 ad
653 2698 969 2753 fenestram
1003 2701 1207 2763 staret,
1234 2694 1460 2767 plorare
1480 2710 1655 2748 senex
1677 2693 1945 2763 coeperit;
1972 2694 2029 2745 et

363 2787 687 2843 dixeritilli
720 2804 733 2842 :
768 2790 860 2840 Vae
885 2786 1081 2852 nobis,
1106 2786 1305 2855 frater,
1332 2784 1472 2855 quia
1489 2782 1715 2838 nullam
1738 2780 2027 2836 habemus

360 2894 485 2935 com
497 2878 907 2951 punctionem,
927 2876 1027 2932 sed
1046 2876 1103 2931 in
1120 2874 1478 2947 negligentia
1493 2874 1743 2929 vivimus
1756 2915 1769 2941 ,
1783 2872 2028 2928 ettimeo

368 2986 505 3025 cum
538 2970 630 3024 ira
651 2968 752 3024 Dei
783 2966 1243 3039 comprehendat
1273 2982 1403 3031 nos,
1435 2964 1567 3021 etin
1586 2964 1790 3035 januis
1814 2964 2029 3029 simus,

358 3062 424 3112 ut
448 3056 813 3128 iudicemur.
829 3057 898 3113 Et
919 3056 1186 3128 sequenti
1204 3055 1296 3111 die
1318 3054 1470 3127 ignis
1483 3053 1752 3126 apparuit
1775 3054 1832 3109 in
1853 3050 2020 3108 coelo.

1017 3162 1249 3219 CAPUT
1288 3162 1380 3217 LI.

514 3254 637 3309 Vita
669 3253 884 3309 Iuliani
910 3252 1058 3309 senis
1106 3252 1436 3307 monasterii
1472 3252 1873 3321 Egyptiorum.

434 3343 783 3398 Anazarbus
798 3340 1138 3414 metropolis
1156 3347 1243 3397 est
1257 3342 1524 3397 secundae
1539 3339 1782 3395 Cilicum
1800 3337 2027 3410 provin-

366 3432 487 3499 cite,
522 3432 600 3487 ab
632 3431 742 3487 hac
760 3432 877 3487 fere
895 3431 1203 3487 duodecim
1231 3430 1583 3485 milliaribus
1601 3428 1779 3484 distat
1796 3444 2027 3483 monas-

366 3523 587 3578 terium
604 3523 759 3594 quod
779 3521 997 3578 dicitur
1026 3522 1448 3594 Egyptiorum.
1464 3521 1863 3576 Narraverunt
1890 3534 2027 3590 ergo

370 3612 541 3667 nobis
560 3612 760 3667 Patres
774 3611 1039 3682 ejusdem
1053 3610 1162 3667 loci
1177 3611 1329 3681 quod
1362 3610 1484 3665 illic
1504 3614 1638 3665 ante
1654 3625 1837 3665 annos
1855 3606 2027 3679 quin-

372 3718 483 3772 que
497 3704 777 3756 mortuus
790 3704 946 3757 esset
960 3716 1157 3768 senex,
1172 3699 1447 3756 Julianus
1468 3699 1728 3767 nomine,
1746 3698 1846 3770 qui
1862 3696 2028 3752 circi-

371 3794 456 3845 ter
477 3805 673 3845 annos
689 3788 1065 3861 septuaginta
1079 3789 1136 3844 in
1151 3790 1408 3862 quodam
1424 3788 1583 3845 brevi
1607 3787 1818 3860 spelan
1840 3802 2028 3842 mora-

372 3884 464 3933 tus
482 3878 822 3945 esset,nihil
838 3878 1279 3935 omninoszeculi
1297 3878 1470 3934 istius
1486 3878 2031 3949 possidens,przeter

370 3966 720 4031 cilicium,et
739 3982 973 4039 sagum,
996 3972 1054 4023 et
1073 3966 1374 4023 vasculum
1398 3965 1683 4039 ligneum,
1709 3970 1766 4022 et
1786 3964 2026 4020 librum.

439 4055 730 4111 Dicebant
758 4060 957 4111 autem
991 4056 1161 4112 nobis
1190 4060 1247 4112 et
1278 4056 1385 4111 hoc
1417 4056 1486 4111 de
1524 4055 1675 4127 ipso,
1719 4055 1873 4126 quod
1907 4057 2026 4109 toto

364 4144 493 4200 vitae
521 4161 648 4200 sua:
672 4151 929 4216 tempore
960 4161 1073 4200 non
1097 4144 1363 4200 accendit
1386 4144 1640 4199 lucernae
1662 4142 1885 4210 lumen,
1912 4142 2012 4197 sed

369 4250 467 4305 per
492 4238 700 4289 noctes
732 4232 955 4290 caelitus
984 4232 1319 4290 illustrabat
1348 4250 1482 4289 eum
1510 4232 1631 4303 lux,
1668 4232 1749 4288 ita
1780 4235 1845 4287 ut
1875 4231 2029 4288 clare

366 4321 563 4394 legere
594 4326 817 4394 posset.

996 4419 1228 4476 CAPUT
1280 4420 1404 4475 LII.

729 4508 951 4566 Dictum
979 4510 1192 4565 abbatis
1232 4510 1372 4567 Elia?
1401 4508 1665 4565 solitarii.

2140 2189 2257 2247 Vita
2285 2195 2675 2246 monachorum
2693 2189 3126 2263 Scythiotarum,
3150 2190 3291 2248 etde
3312 2207 3439 2248 sene
3469 2191 3777 2248 Ammonio.

2202 2304 2488 2361 Venimus
2514 2308 2716 2377 postea
2732 2306 3101 2363 Terenuthen
3126 2307 3197 2363 ad
3226 2307 3498 2363 abbatem
3525 2308 3785 2363 Theodo-

2135 2412 2265 2449 rum
2296 2394 2798 2464 Alexandrinum;
2846 2396 3047 2468 aitque
3090 2397 3259 2452 nobis
3307 2414 3523 2453 senex:
3573 2396 3784 2463 Filioli,

2135 2485 2391 2540 multum
2407 2501 2602 2540 revera
2618 2485 2996 2555 perdiderunt
3010 2485 3319 2558 Scythiotae
3340 2484 3789 2557 monachijuxta

2132 2588 2342 2629 senum
2376 2573 2839 2645 praedictionem.
2868 2574 3095 2631 Credite
3117 2575 3275 2631 enim
3304 2574 3475 2641 mihi,
3496 2574 3621 2643 ﬁlii,
3647 2575 3788 2645 quia

2136 2679 2349 2734 magna
2378 2667 2501 2717 erat
2525 2662 2783 2719 charitas
2810 2664 2964 2731 apud
2993 2664 3345 2736 Scytbiotas,
3373 2680 3588 2737 magna
3611 2664 3787 2720 absti-

2136 2753 2354 2820 nentia,
2379 2768 2592 2825 magna
2608 2752 2904 2809 discretio.
2922 2753 3055 2809 Vidi
3074 2770 3180 2826 ego
3197 2753 3316 2809 illic
3332 2769 3525 2820 senes,
3542 2754 3645 2824 qui
3670 2753 3784 2809 nisi

2135 2841 2268 2912 quis
2299 2841 2369 2895 ad
2414 2858 2514 2896 eos
2553 2841 2825 2909 venisset,
2856 2859 3159 2914 nunquam
3194 2845 3507 2899 sumebant
3540 2844 3736 2899 cibum
3764 2860 3777 2899 :

2134 2930 2287 2985 inter
2318 2948 2466 3001 quos
2497 2937 2621 2987 erat
2650 2948 2826 2988 senex
2856 2934 3121 3004 quidam,
3142 2932 3489 2989 Ammonius
3521 2932 3784 3001 nomine,

2126 3020 2297 3090 juxta
2320 3036 2412 3076 me
2434 3036 2676 3076 manens
2703 3038 2717 3089 ;
2738 3023 2909 3091 cujus
2930 3038 3036 3093 ego
3057 3022 3249 3078 sciens
3271 3023 3785 3089 consuetudinem,

2136 3125 2238 3180 per
2269 3126 2441 3164 omne
2464 3109 2787 3165 Sabbatum
2812 3112 2883 3166 ad
2916 3110 3085 3166 illum
3104 3112 3432 3179 veniebam,
3457 3116 3523 3167 ut
3545 3116 3787 3183 propter

2055 3192 2098 3259 C
2135 3197 2450 3253 adventum
2499 3214 2694 3254 meum
2743 3203 3005 3256 sumeret
3052 3199 3270 3255 cibum.
3324 3200 3627 3256 Habebant
3674 3200 3784 3255 hoc

2131 3302 2338 3342 omnes
2356 3287 2728 3359 generaliter,
2747 3289 2899 3359 quod
2917 3306 3266 3361 quacunque
3281 3288 3426 3345 hora
3440 3290 3787 3345 accederent

2132 3377 2202 3431 ad
2237 3392 2333 3431 eos
2365 3377 2569 3448 aliqui,
2604 3378 3017 3448 permittebant
3049 3378 3182 3435 illos
3214 3378 3537 3434 oralionem
3572 3378 3782 3445 facere,

2130 3463 2365 3536 illisque
2382 3466 2709 3535 orantibus,
2729 3467 2843 3538 ipsi
2864 3484 3127 3524 mensam
3149 3468 3540 3541 apponebant,
3561 3469 3618 3522 et
3642 3482 3776 3521 con-

2133 3554 2298 3610 tinuo
2331 3555 2529 3612 cibum
2562 3556 2891 3611 sumebant.

2773 3693 3009 3750 CAPUT
3030 3693 3139 3749 LV.

2138 3781 2279 3839 Visio
2308 3782 2602 3853 cujusdam
2653 3784 2799 3839 senis
2841 3783 3235 3839 commorantis
3278 3784 3337 3840 in
3392 3783 3601 3855 Scythi,
3633 3783 3781 3839 etde

2734 3855 2927 3910 abbate
2945 3857 3169 3911 Irenaeo.

2199 3970 2394 4024 Abbas
2443 3968 2696 4025 Irenaeus
2750 3969 3007 4026 narravit
3048 3971 3217 4026 nobis
3249 3971 3319 4026 de
3351 3986 3489 4027 sene
3520 3973 3775 4043 quodam

2130 4074 2254 4113 com
2266 4063 2527 4113 morante
2559 4058 2617 4113 in
2634 4059 2852 4131 Scythi,
2874 4060 3026 4130 quod
3046 4059 3346 4115 diabolum
3366 4059 3579 4115 viderit
3602 4065 3775 4115 noctu

2129 4146 2414 4215 sarculos,
2448 4151 2658 4212 rastra,
2692 4152 2748 4202 et
2777 4148 3057 4220 cophinos
3077 4148 3433 4220 prabentem
3462 4148 3777 4215 fratribus;

2128 4236 2392 4306 dixitque
2416 4236 2649 4291 diabolo
2682 4252 2896 4291 senex:
2930 4238 3064 4303 Quae
3095 4238 3208 4292 ista
3240 4237 3422 4292 sunt?
3458 4236 3779 4308 Respondit

2128 4324 2434 4380 diabolus:
2466 4324 2921 4380 Distractionem
2955 4325 3234 4381 fratribus
3269 4341 3551 4397 praepara,
3586 4330 3650 4380 ut
3679 4325 3776 4381 his

2129 4414 2419 4484 occupati,
2438 4414 2581 4469 fiant
2600 4413 3052 4486 negligentiores
3068 4414 3141 4470 ad
3164 4415 3453 4471 orandum
3474 4419 3529 4471 et
3555 4413 3776 4487 gloriﬁ-

2134 4502 2387 4557 candum
2419 4502 2625 4559 Deum.

436 4598 533 4653 87
552 4601 589 4654 7
615 4551 1368 4671 νεηἶιᾜιξὶέινκέιᾜᾶζωυζῖ
1379 4551 1859 4653 abbatem-Eliam
1881 4596 2022 4653 soli-
2056 4551 2104 4614 Β
2207 4591 2365 4646 Idem
2380 4592 2560 4647 abbas
2579 4595 2833 4648 Irenmus
2853 4592 3108 4648 narravit
3127 4592 3295 4649 nobis
3312 4593 3770 4650 dicensiterum:

368 4687 586 4743 torium
611 4688 671 4744 in
694 4688 1021 4744 ccsnobium
1043 4688 1271 4760 antiqui
1290 4687 1472 4759 patris
1491 4686 1672 4757 Sabae,
1693 4691 1749 4741 et
1765 4686 1912 4742 dixit
1933 4685 1982 4742 ei
2005 4704 2018 4743 :

371 4774 468 4831 Dic
502 4776 649 4832 mihi
680 4777 948 4846 verbum,
979 4780 1173 4833 Pater.
1206 4776 1392 4832 Senex
1438 4792 1572 4831 vero
1622 4775 1770 4831 dixit
1818 4775 2019 4831 fratri:

370 4865 590 4921 Diebus
610 4870 852 4921 Patrum
880 4869 1216 4922 nostrorum
1236 4869 1356 4920 tres
1374 4866 1501 4921 ista:
1517 4864 1761 4921 virtutes
1783 4865 1842 4919 in
1866 4882 2023 4921 amo-

372 4969 430 5009 re
457 4960 514 5009 et
544 4954 739 5010 studio
771 4956 926 5026 apud
962 4954 1281 5011 monachos
1310 4958 1514 5011 erant:
1550 4954 1789 5010 nuditas
1823 4971 2017 5009 rerum

374 5044 661 5113 omnium,
692 5045 1110 5112 mansuetudo,
1133 5049 1192 5100 et
1222 5044 1620 5112 continentia;
1650 5060 1805 5099 nunc
1827 5048 2021 5099 autem

371 5132 633 5203 avaritia,
666 5133 807 5206 gula
831 5141 885 5189 et
918 5133 1183 5189 audacia.
1219 5134 1383 5200 Quod
1419 5132 1629 5188 horum
1674 5132 1782 5187 tibi
1832 5132 2021 5204 placet

373 5221 584 5293 arripe.

984 5311 1214 5368 CAPUT
1258 5312 1405 5367 LIII.

475 5398 594 5456 Vita
621 5402 767 5457 senis
788 5400 1020 5473 Cyriaci
1046 5417 1116 5457 ea:
1144 5400 1482 5457 monasterio
1519 5400 1705 5456 sancti
1734 5399 1915 5456 Saba.

446 5488 712 5544 Narravit
741 5488 914 5544 nobis
935 5488 1116 5544 abbas
1144 5488 1480 5560 Stephanus
1502 5489 1571 5544 de
1595 5488 1851 5561 quodam
1880 5504 2018 5543 sene

378 5581 638 5633 morante
652 5577 713 5633 in
732 5578 1090 5634 monasterio
1108 5576 1296 5634 sancti
1315 5577 1502 5634 Patris
1522 5579 1709 5634 nostri
1724 5577 2016 5646 Sabae,no-

377 5663 538 5722 mine
564 5663 823 5738 Gyriaco,
840 5666 998 5741 quod
1017 5666 1110 5725 die
1130 5666 1386 5740 quadam
1409 5666 1775 5725 descenderit
1794 5664 2015 5723 Tuthe«

2129 4682 2274 4738 Cum
2307 4681 2604 4737 venissent
2634 4682 2867 4737 barbari
2898 4682 2957 4737 in
2987 4683 3271 4755 Scythim,
3298 4683 3515 4739 recessi
3538 4683 3695 4755 inde,
3720 4688 3777 4740 et

2128 4769 2257 4825 veni
2289 4768 2348 4824 in
2382 4775 2577 4842 partes
2608 4771 2788 4840 Gazae,
2823 4773 3140 4845 accepique
3194 4772 3340 4828 mihi
3389 4772 3661 4829 cellulam
3712 4772 3773 4828 in

2129 4859 2505 4915 monasterio.
2536 4860 2731 4915 Abbas
2762 4877 2892 4917 vero
2924 4861 3054 4933 ipsa
3084 4861 3176 4916 die
3208 4861 3367 4917 dedit
3388 4861 3531 4917 mihi
3555 4861 3774 4918 librum

2130 4950 2197 5004 ad
2225 4948 2558 5020 legendum,
2579 4949 2638 5003 in
2662 4966 2777 5020 quo
2797 4966 3005 5005 senum
3028 4954 3191 5020 gesta
3214 4951 3327 5022 (13)
3347 4950 3566 5023 scripta
3586 4957 3772 5007 erant.

2132 5038 2376 5108 Moxque
2397 5041 2459 5092 ut
2476 5038 2677 5110 aperui
2708 5038 2945 5106 librum,
2971 5038 3427 5095 occurritoculis
3451 5040 3778 5113 capitulum

2128 5128 2308 5193 istud,
2338 5128 2491 5198 quod
2512 5128 2988 5201 veneritquidam
3009 5129 3266 5184 fraterad
3295 5145 3515 5196 senem,
3542 5132 3780 5187 dixerit-

2130 5233 2242 5287 que
2264 5216 2377 5271 illi:
2399 5217 2508 5271 Ora
2524 5234 2627 5288 pro
2648 5234 2761 5286 me,
2785 5218 2978 5286 Pater;
2997 5218 3211 5274 dixerit
3234 5222 3431 5273 autem
3454 5218 3541 5275 illi
3565 5237 3778 5277 senex:

2128 5310 2269 5360 Cum
2289 5321 2448 5362 esses
2465 5306 2797 5374 nobiscum,
2820 5309 3058 5363 orabam
3080 5324 3182 5379 pro
3204 5312 3291 5377 te;
3320 5325 3476 5363 nunc
3492 5314 3683 5364 autem
3709 5327 3779 5364 ex

2129 5412 2243 5466 quo
2273 5395 2332 5449 in
2367 5397 2600 5467 propria
2630 5397 2849 5463 abiisti,
2874 5414 2989 5452 non
3012 5396 3139 5468 jam
3176 5413 3272 5452 oro
3306 5414 3408 5469 pro
3435 5402 3511 5453 te.
3546 5398 3617 5453 Ut
3644 5414 3778 5469 ergo

2127 5485 2237 5556 legi
2263 5501 2367 5556 ego
2388 5484 2715 5556 capitulum
2735 5486 2913 5553 istud,
2934 5486 3114 5558 plicui
3134 5485 3371 5553 librum,
3394 5491 3451 5541 et
3471 5487 3585 5541 dixi
3604 5486 3663 5539 in
3689 5502 3781 5541 me

2126 5574 2253 5646 ipso
2279 5589 2291 5628 :
2326 5572 2419 5629 Vae
2447 5573 2575 5645 tibi,
2606 5580 2843 5645 Irenaae,
2876 5576 3016 5648 quia
3042 5577 3101 5631 in
3133 5576 3371 5647 pr0pria
3390 5573 3621 5641 venisti,
3651 5590 3781 5630 nec-

2120 5665 2246 5736 jam
2278 5667 2445 5720 orant
2471 5679 2573 5736 pro
2604 5668 2659 5720 te
2680 5663 2902 5722 Patres.
2934 5668 3178 5736 Moxque
3210 5662 3431 5719 librum
3472 5662 3670 5720 abbati
3698 5682 3766 5722 re
