4088 6180
489 325 593 380 147

1669 329 1766 383 DE
1801 325 1993 380 VITIS
2031 319 2331 376 PATRUM
2369 317 2580 373 LIBER
2615 319 2690 376 X.

3773 313 3867 369 148

490 453 741 507 stituens
791 450 1026 522 recessi,
1067 455 1123 507 et
1155 450 1284 507 veni
1316 451 1374 506 in
1411 451 1537 509 loca
1566 451 1699 509 ista.
1733 453 1802 507 Et
1831 452 1952 508 haec
1983 448 2127 506 mihi
2161 446 2214 514 Α
2246 442 2560 517 provincia.
2596 443 2895 498 Profectus
2927 458 3060 498 vero
3092 442 3269 497 frater
3295 441 3518 496 invenit
3541 440 3760 497 leonem
3783 443 3870 512 ja-

493 558 671 597 causa
702 540 831 610 fuit,
866 540 1024 596 filioli
1060 541 1329 597 veniendi
1361 541 1419 598 in
1451 542 1608 599 hunc
1641 543 1858 600 locum.

1119 649 1348 706 CAPUT
1373 651 1510 706 LVI.

499 738 616 794 Vita
645 739 872 795 Joannis
901 738 1168 815 discipuli
1212 743 1355 815 senis
1412 743 1626 812 magni,
1681 743 1778 815 qui
1826 740 2142 798 morabatur

997 814 1054 866 in
1085 815 1204 867 vico
1251 813 1642 884 Caparasima.

568 908 878 966 Ptolemais
908 911 1112 967 civitas
1155 915 1244 968 est
1273 912 1590 983 phmnices,
1623 914 1680 968 in
1727 914 1836 969 hac
1865 914 2027 969 vicus
2059 914 2148 967 est

501 999 600 1071 qui
623 999 834 1054 dicitur
856 1000 1446 1073 Caparasimammce
1477 1000 1694 1076 Παράση
1708 1003 1821 1074 uel].
1849 1004 1910 1058 In
1933 1019 1999 1058 eo
2021 1003 2144 1057 vico

501 1104 676 1145 senex
691 1089 926 1160 quidam
947 1095 1069 1146 erat
1086 1108 1360 1163 magnus,
1376 1092 1745 1164 habebatque
1760 1093 2143 1164 discipulum,

501 1177 786 1234 Joannem
807 1179 1063 1248 nomine,
1086 1180 1354 1252 etipsum
1383 1198 1684 1254 magnum,
1711 1181 2149 1253 singularisque

503 1269 864 1327 obedientiee.
883 1270 1144 1335 Quadam
1160 1287 1295 1342 ergo
1312 1271 1403 1326 die
1427 1272 1586 1326 misit
1607 1288 1782 1326 senex
1796 1270 2149 1342 discipulum

505 1377 680 1417 suum
713 1359 772 1414 in
806 1359 1222 1426 ministerium,
1257 1361 1467 1416 dansei
1497 1365 1550 1415 et
1575 1362 2024 1432 mudicospanes
2049 1378 2148 1432 pro

504 1451 659 1506 victu
694 1466 820 1506 suo.
854 1449 1156 1504 Profectus
1189 1454 1278 1504 est
1311 1455 1507 1504 autem
1540 1450 1888 1522 discipulus,
1922 1455 1978 1506 et
1998 1467 2152 1506 com-

508 1541 662 1613 pleto
684 1539 1006 1595 ministerio
1029 1539 1221 1610 rediit,
1243 1540 1558 1610 retulitque
1583 1556 1785 1612 panes.
1811 1541 2028 1595 Videas
2056 1558 2154 1594 au-

509 1637 625 1688 tem
657 1629 850 1685 senior
883 1645 1083 1701 panes,
1115 1628 1195 1683 ait
1212 1629 1261 1683 ei
1288 1646 1300 1682 :
1335 1629 1465 1699 Fili,
1495 1646 1674 1700 quare
1705 1647 1818 1684 non
1847 1613 2153 1684 comedisti

513 1736 694 1794 panes
713 1736 858 1791 quos
878 1719 1010 1774 dedi
1035 1718 1184 1774 tibi?
1207 1722 1540 1774 Prostratus
1558 1719 1656 1774 ille
1675 1736 1870 1774 coram
1894 1736 2050 1784 sene,
2074 1719 2156 1772 di-

2243 537 2490 590 centem.
2524 534 2785 605 Cumque
2817 534 2990 589 verba
3020 531 3177 588 senis
3211 530 3295 587 illi
3326 531 3872 599 dixisset,continuo

2245 623 2484 680 recessit
2512 622 2621 679 leo.

2855 713 3090 768 CAPUT
3135 713 3275 769 LIX.

2555 805 2673 858 Vita
2705 803 2928 859 abbatis
2960 802 3213 858 Thalelmi
3240 802 3348 874 (15)
3377 802 3584 858 Cilicis.

2319 902 2515 956 Abbas
2550 903 2748 957 Petrus
2784 901 3081 973 presbyter
3103 901 3362 970 ejusdem
3387 900 3876 966 monasterii,nar-

2251 989 2400 1045 ravit
2415 988 2580 1044 nobis
2593 989 2664 1044 de
2678 989 2885 1044 abbate
2898 989 3186 1044 Thalelaao
3201 988 3398 1056 Cilice,
3415 989 3570 1059 quod
3587 989 3879 1060 sexaginta

2252 1096 2440 1136 annos
2469 1079 2924 1150 transegissetin
2949 1080 3064 1133 vita
3083 1077 3408 1134 monastica
3427 1094 3728 1149 nunquam
3756 1078 3882 1134 flere

2254 1169 2567 1237 desistens,
2601 1167 3156 1240 dicensquejugiter
3180 1183 3193 1222 :
3218 1167 3476 1238 Tempus
3498 1166 3605 1222 hoc
3627 1166 3790 1222 nobis
3813 1167 3880 1221 ad

2255 1258 2658 1330 pmnitentiam
2679 1257 2975 1313 indultum
2999 1262 3110 1328 est,
3133 1256 3371 1312 etvalde
3393 1257 3721 1328 requiretur
3738 1274 3768 1312 a
3789 1274 3884 1312 no-

2257 1348 2345 1403 bis
2377 1347 2424 1404 si
2455 1348 2600 1403 illud
2629 1346 3078 1419 neglexerimus.

2895 1463 3119 1518 CAPUT
3151 1462 3257 1517 LX.

2260 1557 2484 1610 Factum
2514 1554 2796 1622 egregium
2843 1552 3288 1606 sanctimonialis
3333 1553 3573 1620 feminae,
3619 1568 3714 1620 per
3759 1553 3892 1623 quod

2331 1633 2686 1750 cpmpunctus
2715 1624 3022 1680 adolescens
3052 1624 3168 1695 ejus
3190 1628 3430 1691 amator,
3453 1624 3744 1680 monachus
3771 1627 3892 1695 θηε-

2331 1714 2359 1750 c
2388 1713 2448 1750 us
2473 1705 2568 1750 est.

2331 1713 2448 1753 eius
2473 1713 2568 1750 est.

511 1810 656 1865 xitei
674 1828 686 1863 :
705 1814 940 1879 Ignosce
956 1807 1325 1877 mihi,Pater,
1343 1809 1607 1880 quianon
1624 1808 1968 1863 benedixisti
1987 1807 2152 1880 mihi,
2184 1817 2230 1882 Β
2278 1873 2292 1882 _
2334 1784 2579 1882 Qnidam
2601 1802 2691 1838 νη
2713 1784 2901 1882 βίξθηδ
2923 1783 3393 1882 ξιιδξῖδνιξηοδξὲν
3419 1802 3552 1882 cur?
3657 1785 3895 1882 ρξῙθΧεΨ·

513 1917 643 1956 cum
669 1898 930 1954 mitteres
952 1913 1063 1966 me,
1086 1913 1273 1969 neque
1289 1897 1523 1968 jussisti
1548 1897 1818 1953 utcibum
1837 1913 2150 1966 sumerem,

512 1989 728 2045 idcirco
753 2005 868 2044 non
893 1987 1141 2058 sumpsi.
1168 1987 1624 2058 Admiratusque
1649 2003 1824 2043 senex
1847 1987 2154 2044 discretio-

513 2096 645 2135 nem
680 2078 899 2146 fratris,
932 2076 1229 2133 benedixit
1259 2092 1415 2132 eum.

583 2170 664 2224 Ad
681 2169 833 2224 hunc
849 2169 1083 2223 fratrem
1098 2167 1656 2240 postdormitionem
1673 2167 1850 2234 senis,
1868 2166 2158 2238 cumjeju-

514 2261 706 2315 nasset
739 2256 1128 2328 quadraginta
1157 2257 1385 2322 diebus,
1421 2274 1529 2312 vox
1560 2257 1706 2311 facta
1737 2260 1826 2311 est
1854 2255 2155 2323 divinitus,

510 2349 707 2403 dicens
725 2364 737 2400 :
754 2348 938 2416 Super
955 2361 1364 2417 quemcunque
1382 2346 1648 2401 morbum
1664 2344 2016 2417 imposueris
2032 2361 2158 2398 ma-

519 2455 651 2508 nus,
676 2436 998 2492 curabitur.
1027 2436 1178 2489 878
1202 2436 1370 2490 Mane
1392 2440 1586 2490 autem
1613 2434 1781 2504 facto,
1807 2451 1909 2507 per
1929 2435 2161 2504 dispen-

517 2528 805 2583 sationem
821 2526 918 2581 Dei
932 2541 1081 2593 ,ecce
1095 2525 1265 2580 homo
1282 2525 1519 2596 quidam
1535 2541 1668 2580 cum
1685 2541 1861 2580 uxore
1875 2525 2157 2590 veniebat,

518 2618 688 2688 cujus
711 2614 1034 2673 mamillam
1060 2614 1252 2670 cancri
1279 2615 1518 2670 morbus
1543 2615 1947 2670 consumebat.
1974 2615 2160 2685 Roga-

518 2707 618 2762 bat
647 2722 783 2779 ergo
816 2705 983 2761 illum
1015 2705 1102 2759 vir
1127 2705 1254 2775 ejus
1270 2708 1585 2759 utuxorem
1602 2720 1769 2759 suam
1787 2704 2162 2769 curaret.Qui

520 2813 653 2852 cum
670 2799 1028 2867 peccatorem
1047 2809 1106 2849 se
1122 2794 1423 2862 diceret,et
1438 2793 1746 2865 indignum
1763 2794 1832 2849 ad
1848 2793 1958 2849 tale
1974 2797 2162 2849 atten-

519 2885 767 2940 tandum
789 2901 960 2956 opus,
978 2881 1178 2938 virille
1207 2881 1558 2953 persislebat
1575 2899 1772 2952 orans,
1793 2886 1855 2937 ut
1881 2885 2165 2937 annueret

519 2974 651 3042 sibi,
690 2974 1004 3044 uxorisque
1035 2989 1153 3028 sua:
1189 2971 1580 3026 misereretur.
1615 2971 1758 3026 Cum
1793 2987 1924 3026 vero
1976 2971 2163 3042 impo-

518 3064 737 3121 suisset
767 3063 850 3119 illi
889 3079 1150 3130 manum,
1187 3061 1632 3133 mamillamque
1660 3061 2167 3132 signasset,conti-

519 3172 634 3211 nuo
668 3158 874 3210 sanata
906 3156 1014 3209 est.
1049 3152 1115 3206 Et
1144 3167 1211 3206 ex
1245 3155 1382 3206 tunc
1415 3150 1668 3223 plurima
1708 3152 1832 3222 jam
1866 3167 1968 3223 per
1998 3150 2162 3206 illum

517 3245 686 3317 signa
717 3244 871 3300 Deus
903 3245 1176 3314 operatus
1195 3248 1422 3308 est,non
1457 3245 1685 3296 tantum
1711 3241 1767 3296 in
1791 3241 1908 3297 vita
1927 3257 2163 3307 sua,ve-

518 3351 651 3390 rum
684 3333 858 3389 etiam
900 3336 1033 3403 post
1066 3335 1331 3386 mortem.

1163 3437 1396 3494 CAPUT
1429 3437 1592 3497 LVII.

524 3534 660 3589 Mors
691 3531 958 3587 Simeonis
1000 3527 1423 3652 Stytitze,8tetl{tte
1466 3526 1693 3582 Iuliano
1750 3527 1938 3582 abbate
1995 3527 2167 3583 etiam

1299 3616 1326 3652 ll
1358 3616 1374 3651 'l
1406 3613 1452 3652 e.

1295 3613 1452 3668 yme.

590 3698 991 3769 Quadraginta
1011 3697 1126 3752 fere
1145 3694 1496 3750 milliaribus
1522 3695 1592 3750 ab
1607 3695 1761 3766 .‘Egis
1785 3696 2014 3751 civitate
2034 3697 2167 3751 Cili-

521 3791 620 3848 ciae
653 3788 892 3861 Stylites
925 3789 1050 3842 erat
1081 3785 1317 3840 nomine
1349 3783 1618 3853 Simeon;
1651 3784 1744 3840 hic
1777 3785 2005 3858 fulgure
2037 3803 2166 3858 pcr-

521 3896 734 3935 cussus
757 3876 997 3932 interiit.
1018 3875 1214 3930 Abbas
1231 3890 1367 3945 ergo
1385 3873 1655 3929 Julianus
1673 3874 1908 3947 Stylites
1928 3876 2166 3947 presby-

520 3973 610 4025 ter
625 3970 834 4040 praeter
851 3965 1339 4022 consuetudinem
1360 3981 1530 4019 suam
1553 3963 1788 4020 insolito
1813 3969 2071 4036 tempore
2089 3966 2171 4020 di-

520 4061 604 4117 xit
635 4058 941 4132 discipulis
971 4057 1133 4113 suis:
1172 4055 1377 4112 Mittite
1409 4056 1736 4127 thymiama
1785 4058 1842 4111 in
1894 4058 2172 4113 thuribu-

525 4155 648 4209 lum
669 4152 802 4224 (14).
822 4151 927 4216 Qui
948 4150 1219 4204 dixerunt
1249 4148 1299 4203 ei
1327 4148 1461 4203 :Dic
1493 4149 1661 4204 nobis
1693 4166 1950 4218 causam,
1970 4151 2168 4217 Pater;

525 4243 889 4312 orabantque
923 4243 983 4293 ut
1010 4238 1227 4293 diceret
1257 4236 1359 4292 eis.
1395 4238 1581 4294 Senex
1603 4243 1799 4293 autem
1824 4239 2001 4294 dixit:
2029 4239 2174 4302 Quia

529 4332 699 4388 modo
720 4329 896 4385 frater
916 4344 1084 4383 meus
1101 4326 1334 4382 Simeon
1355 4343 1387 4380 a
1406 4326 1637 4398 fulgure
1656 4327 1913 4397 dejectus
1933 4328 2171 4395 interiit,

528 4426 586 4477 et
616 4436 743 4475 ecce
775 4416 987 4473 transit
1017 4416 1212 4471 anima
1243 4416 1370 4485 ejus
1399 4431 1530 4470 cum
1562 4415 1818 4487 tripudio
1842 4421 1898 4472 et
1920 4417 2177 4472 exsulta-

531 4510 707 4564 tione.
745 4507 1045 4561 Distabant
1079 4509 1273 4561 autem
1308 4506 1377 4559 ab
1404 4505 1647 4561 invicem
1687 4505 2039 4562 milliaribus
2063 4508 2177 4562 fere

531 4597 738 4669 viginti
768 4599 1040 4667 quatuor.

1125 4682 1357 4737 CAPUT
1393 4683 1580 4737 LVIII.

1103 4774 1235 4828 Item
1269 4772 1332 4827 de
1369 4773 1610 4828 Iuliano.

610 4866 806 4921 Abbas
821 4863 1154 4936 Stephanus
1170 4861 1494 4927 Trichinas,
1518 4862 1853 4918 monasterii
1873 4863 2058 4920 sancti
2080 4864 2181 4919 Pa-

541 4956 616 5012 tri
651 4953 833 5011 nostri
849 4952 1012 5010 Sabaa
1031 4951 1297 5021 antistes,
1317 4955 1374 5006 et
1396 4951 1503 5006 hoc
1521 4952 1590 5006 de
1617 4956 1934 5008 memorato
1976 4954 2183 5008 abbate

541 5045 774 5101 Juliano
804 5041 1012 5116 Stylita
1043 5040 1318 5109 narravit,
1352 5041 1503 5110 quod
1529 5040 1617 5096 leo
1643 5042 1811 5110 juxta
1834 5058 1968 5097 eum
1990 5042 2181 5098 locum

543 5137 600 5191 in
627 5153 738 5206 quo
767 5133 1103 5189 morabatur
1124 5130 1480 5201 apparuerit,
1509 5130 1915 5202 plurimosque
1937 5133 2185 5204 peregri-

545 5243 650 5282 nos
667 5230 721 5280 et
748 5222 1054 5294 indigenas
1081 5235 1284 5274 necare
1308 5219 1518 5274 solitus
1543 5219 1734 5275 fuerit.
1765 5221 1865 5276 Die
1888 5237 2024 5292 ergo
2041 5239 2183 5293 qua-

545 5316 678 5371 dam
696 5314 985 5369 advocans
1009 5307 1365 5380 discipulum
1393 5326 1564 5364 suum
1591 5327 1785 5378 senex,
1812 5311 2183 5366 Pancratium

547 5403 802 5468 nomine,
822 5399 964 5455 dixit
985 5399 1035 5454 ei
1055 5416 1066 5454 :
1086 5399 1242 5453 Vade
1267 5397 1448 5454 ferme
1471 5399 1584 5454 duo
1612 5399 1793 5454 millia
1815 5417 2097 5471 passuum
2115 5403 2185 5457 ad

546 5497 848 5558 Austrum,
883 5488 1261 5558 inveniesque
1282 5487 1398 5543 illic
1417 5487 1972 5559 lconemjacentem,
1992 5491 2082 5545 cui
2102 5491 2188 5545 di-

550 5599 682 5639 ces:
716 5578 966 5636 Humilis
996 5575 1268 5632 Julianus
1303 5577 1360 5632 in
1393 5579 1628 5634 nomine
1659 5579 1797 5634 Jesu
1828 5578 2042 5635 Christi
2084 5581 2189 5638 filii

554 5670 654 5730 Dei
683 5665 1959 5740 vivificantisomniatibipraecipitutrecedas
1973 5667 2044 5726 ab
2080 5667 2188 5730 hac

2262 1873 2389 1928 dria
2405 1890 2694 1942 essemus,
2711 1872 2822 1929 tale
2839 1873 3116 1944 quiddam
3139 1890 3149 1928 :
3173 1874 3669 1943 Sanctimonialis,
3690 1876 3893 1946 inquit,

2265 1963 2527 2034 quaedam
2561 1963 2801 2017 sedebat
2831 1963 2889 2017 in
2921 1963 3092 2017 domo
3125 1963 3420 2018 suavilam
3441 1963 3758 2019 solitariam
3787 1965 3892 2018 du-

2265 2068 2439 2119 cens;
2476 2051 2769 2122 salutique
2790 2069 2907 2107 suae
2933 2051 3098 2107 valde
3121 2051 3389 2119 sollicita,
3407 2052 3650 2124 jejuniis
3672 2070 3734 2108 ac
3754 2056 3896 2124 vigi-

2265 2142 2360 2197 liis
2375 2141 2863 2213 vacabatjugiter,
2876 2143 3209 2213 multasque
3226 2142 3473 2198 faciebat
3488 2142 3899 2214 eleemosynas.

2265 2231 2374 2286 Sed
2397 2232 2680 2286 bonorum
2701 2231 2967 2285 omnium
2988 2231 3466 2302 sempcrinvidus
3482 2231 3767 2298 diabolus,
3785 2238 3906 2286 tan-

2268 2325 2356 2376 tas
2387 2320 2443 2374 in
2475 2319 2697 2391 virgine
2730 2319 2970 2375 virtutes
3005 2337 3116 2375 non
3139 2321 3352 2389 ferens,
3385 2321 3761 2376 contraillam
3783 2322 3910 2393 pul-

2267 2426 2458 2465 verem
2493 2408 2782 2464 excitavit.
2821 2409 3070 2465 Immisit
3101 2412 3257 2464 enim
3291 2409 3644 2466 adolescenti
3680 2412 3909 2466 cuidam

2271 2506 2500 2570 turpem
2535 2499 2606 2553 de
2639 2497 2739 2553 illa
2769 2498 3238 2569 diabolicamque
3262 2499 3621 2571 cupidinem.
3647 2500 3914 2554 Manebat

2273 2593 2466 2644 autem
2499 2588 2856 2644 extralimen
2891 2589 3018 2659 ejus
3051 2589 3577 2646 adolescens.Cum
3603 2607 3735 2661 ergo
3753 2590 3910 2660 virgo

2271 2678 2372 2734 illa
2405 2679 2576 2734 domo
2610 2695 2717 2734 sua
2747 2677 2920 2734 vellet
2938 2678 3158 2749 egredi,
3180 2683 3354 2748 atque
3371 2679 3441 2733 ad
3463 2679 3765 2735 ecclesiam
3785 2696 3911 2733 ora-

2272 2769 2450 2823 tionis
2467 2769 2654 2840 gratia
2673 2784 2996 2837 occurrere,
3020 2767 3341 2838 ingerebat,
3362 2785 3422 2823 se
3437 2768 3595 2825 illius
3609 2768 3916 2824 oculisim-

2275 2858 2494 2929 probus
2527 2861 2582 2911 et
2599 2857 2864 2928 impurus
2881 2855 3238 2924 adolescens,
3258 2873 3362 2912 nec
3377 2857 3537 2913 illam
3553 2857 3745 2930 egredi
3761 2860 3883 2912 sine
3898 2888 3914 2898 ο

2273 2948 2395 3016 bat,
2417 2946 2702 3002 amatoria
2721 2947 2986 3017 qumdam
3008 2946 3181 3001 verba
3209 2947 3555 3017 procacibus
3576 2949 3813 3002 nutibus
3835 2947 3914 3000 illi

2275 3036 2658 3092 insusurrans
2685 3053 2697 3103 ;
2731 3036 2874 3090 adeo
2895 3036 3086 3107 utjam
3113 3052 3227 3107 pra:
3246 3035 3430 3092 nimia
3447 3035 3710 3092 molestia
3725 3037 3921 3091 adole-

2277 3127 2496 3182 scentis
2514 3130 2820 3197 cogeretur
2835 3125 2992 3194 virgo
3010 3125 3181 3181 domo
3200 3143 3306 3180 sua
3322 3143 3613 3197 nusquam
3633 3126 3922 3198 progredi.

2197 3209 2242 3274 C
2273 3215 2374 3270 Die
2409 3215 2588 3286 igitur
2619 3214 2873 3284 quadam
2907 3214 3071 3269 misit
3101 3213 3375 3270 ancillam
3395 3232 3562 3270 suam
3589 3217 3748 3286 virgo
3768 3217 3837 3270 ad
3858 3215 3927 3269 il-

2276 3303 2400 3359 lum
2436 3308 2499 3358 ut
2528 3303 2578 3359 ei
2610 3304 2826 3358 diceret
2852 3321 2862 3356 :
2885 3303 3045 3368 Veni,
3065 3307 3301 3359 vocatte
3320 3303 3558 3360 domina
3585 3321 3732 3360 mea.
3766 3304 3926 3358 Abiit

2277 3409 2413 3466 ergo
2446 3393 2514 3447 ad
2550 3392 2710 3447 illam
2745 3393 3029 3464 gaudens,
3065 3397 3119 3446 ct
3151 3397 3418 3464 stuprum
3443 3395 3806 3449 committere
3825 3410 3926 3466 ge-

2278 3482 2481 3536 stiens.
2507 3480 2982 3536 Sanctimonialis
2999 3497 3131 3536 vero
3150 3481 3385 3537 sedebat
3406 3482 3462 3538 in
3484 3482 3660 3538 cubili
3681 3500 3786 3538 suo
3803 3501 3816 3550 ;
3835 3483 3922 3537 in-

2277 3587 2477 3642 gresso
2493 3571 2673 3642 igitur
2695 3570 3043 3625 adolescenti
3062 3571 3140 3624 ait
3159 3588 3170 3624 :
3188 3571 3352 3627 Sede.
3371 3575 3631 3643 Cumque
3646 3573 3924 3627 sedisset:

2277 3661 2402 3726 Dic,
2435 3676 2533 3715 oro
2567 3663 2641 3726 te,
2677 3659 3084 3731 frater,inquit
3117 3659 3928 3729 illa,curitamihimolestus

2279 3765 2486 3817 es,nec
2517 3747 2808 3821 permittis
2839 3765 2930 3804 me
2961 3749 3133 3804 domo
3167 3765 3295 3804 mea
3325 3750 3571 3820 egredi?
3602 3750 3932 3822 Respondit

2279 3839 2657 3894 adolescens:
2708 3838 2874 3903 Vere,
2927 3838 3185 3904 domina,
3236 3843 3290 3893 te
3341 3839 3590 3894 multum
3657 3857 3812 3908 amo,
3871 3846 3932 3895 ct

2281 3928 2514 4000 quando
2548 3926 2884 3998 teinspicio,
2910 3930 3069 3981 totus
3091 3927 3148 3980 in
3169 3926 3252 3980 tui
3278 3928 3814 3999 concupiscentiam
3838 3929 3930 3982 in-

2281 4019 2570 4073 flammor.
2589 4019 2720 4084 Quae
2737 4017 2898 4070 aitad
2915 4016 3079 4070 illum
3100 4033 3112 4070 :
3130 4015 3415 4079 Quidnam
3436 4018 3487 4071 in
3508 4034 3595 4073 me
3610 4017 3933 4089 pulchrum

2281 4107 2500 4175 vidisti,
2534 4107 2671 4178 quia
2707 4105 2788 4160 sic
2820 4122 2984 4160 amas
3018 4122 3108 4160 me
3131 4105 3157 4159 ?
3180 4106 3274 4159 Ait
3304 4107 3681 4162 adolescens:
3715 4109 3938 4164 Oculos

2283 4201 2454 4252 tuos:
2489 4196 2600 4268 ipsi
2635 4196 2789 4250 enim
2811 4196 3169 4251 seduxerunt
3189 4212 3297 4251 me.
3326 4199 3502 4269 Virgo
3525 4215 3657 4254 vero
3681 4204 3744 4253 ut
3768 4200 3944 4254 audi-

2284 4287 2363 4340 vit
2391 4287 2527 4357 quia
2559 4285 2712 4340 oculi
2745 4286 2871 4355 ejus
2903 4285 3062 4339 illum
3105 4286 3494 4354 seduxissent,
3517 4293 3752 4360 sumpto
3773 4289 3949 4344 radio

2286 4375 2530 4429 textorio
2563 4389 2692 4428 mox
2723 4372 2923 4428 oculos
2957 4373 3128 4428 eruit.
3163 4377 3279 4429 Hoc
3313 4378 3506 4430 autem
3533 4393 3663 4430 cum
3688 4377 3950 4432 vidisset

2287 4462 2646 4533 adolescens,
2682 4462 2904 4517 eruisse
2945 4463 3171 4518 scilicet
3218 4462 3328 4518 sibi
3377 4464 3656 4534 virginem
3708 4467 3948 4535 oculos,

2208 4553 2254 4617 D
2287 4558 2676 4624 compunctus
2700 4553 2872 4607 corde
2904 4552 3048 4606 abiit
3080 4552 3136 4607 in
3171 4553 3452 4624 Scythim,
3489 4555 3688 4626 ibique
3719 4560 3951 4612 saeculo

2293 4645 2658 4714 renuntians,
2694 4645 2932 4700 effectus
2965 4649 3053 4699 est
3083 4645 3533 4716 probatissimus
3582 4648 3950 4705 monachus.

2916 4758 3149 4814 CAPUT
3181 4758 3311 4816 LXI.

2690 4848 2807 4902 Vita
2837 4847 3049 4902 abbatis
3081 4847 3295 4904 Leontii
3334 4849 3548 4905 Cilicis.

2367 4947 2652 5002 Dicebant
2684 4945 2921 5017 quidam
2943 4945 3174 5000 Patrum
3191 4947 3260 5002 de
3275 4946 3480 5004 abbate
3498 4949 3730 5005 Leontio
3747 4949 3959 5020 Cilice,

2297 5038 2451 5107 quod
2485 5037 2540 5091 in
2559 5035 2834 5106 obsequio
2866 5034 3112 5089 domina:
3129 5040 3339 5091 nostra:
3354 5043 3564 5094 sancta
3580 5038 3677 5094 Dei
3693 5041 3964 5112 genitri—

2299 5129 2379 5184 cis
2414 5128 2589 5184 fuerit
2621 5126 3112 5194 ferventissimus,
3134 5144 3198 5183 ac
3218 5145 3319 5200 per
3346 5131 3736 5204 quadraginta
3757 5149 3963 5188 annos

2299 5237 2600 5292 nunquam
2633 5221 2703 5274 de
2735 5219 2892 5273 illius
2925 5218 3144 5289 templo
3178 5222 3502 5276 recesserit.
3551 5227 3686 5278 Erat
3743 5229 3959 5279 autem

2300 5327 2534 5381 semper
2564 5310 2725 5363 mira:
2757 5306 3086 5378 gravitatis,
3119 5311 3176 5363 et
3207 5309 3314 5363 sibi
3341 5311 3565 5382 jugiter
3604 5312 3960 5368 intendens.

2371 5399 2652 5454 Dicebant
2669 5400 2723 5452 et
2753 5396 2862 5450 hoc
2885 5396 2956 5450 de
2982 5395 3104 5463 illo,
3126 5399 3278 5467 quod
3298 5399 3601 5456 sividisset
3625 5418 3960 5472 pauperem

2299 5488 2626 5544 venientem
2660 5487 2729 5540 ad
2764 5499 2848 5554 se,
2883 5484 2931 5539 si
2968 5484 3204 5556 quidem
3243 5485 3338 5542 ille
3381 5492 3536 5544 esset
3585 5505 3796 5560 caicus,
3850 5507 3967 5560 per

2301 5595 2537 5635 manum
2570 5575 2652 5630 illi
2677 5573 3005 5647 porrigebat
3034 5574 3463 5648 eleemosynam
3492 5597 3506 5646 ;
3541 5577 3591 5634 si
3623 5583 3828 5634 autem
3864 5579 3962 5632 vi-

2301 5673 2466 5742 dens,
2489 5667 2744 5742 ponebat
2773 5667 2907 5724 ante
2947 5664 3139 5738 illum,
3190 5666 3341 5724 818
3391 5673 3494 5727 aut
3542 5669 3602 5727 in
3652 5667 3959 5728 columnae
