4122 6188
394 356 497 411 149

1714 341 2011 398 PRATUM
2051 339 2503 395 SPIBIUTALE.

3646 292 3811 394 {5450

387 480 540 547 basi,
576 481 676 535 aut
706 478 765 533 in
824 490 1084 542 scamno,
1118 478 1221 531 aut
1253 472 1314 527 in
1363 467 1686 527 sanctuarii
1743 465 2045 540 gradibus.
2078 468 2132 535 Α
2164 461 2401 519 dalizari
2434 479 2547 519 non
2578 461 2871 529 debuisti;
2905 478 3042 518 nam
3102 464 3145 520 si
3198 463 3409 520 merita
3457 466 3515 519 et
3560 464 3808 537 gloriam

387 568 727 640 Atqueinde
756 566 915 621 illam
937 564 1177 620 tollebat
1196 560 1823 634 pauperlnterrogatus
1842 559 2037 611 autem
2149 553 2345 609 fratris
2389 553 2473 608 tui
2507 552 2702 608 videre
2734 552 2921 624 cupis,
2957 557 3112 609 retro
3172 557 3532 625 convertere,
3565 559 3623 610 et
3652 554 3804 610 vide.

384 676 415 712 a
446 673 622 713 sene:
656 656 864 725 Quare,
896 658 1087 720 Pater,
1120 669 1220 724 per
1250 667 1461 705 manus
1488 665 1605 703 non
1655 648 1761 701 das
1789 644 2037 700 eleemo-

386 765 563 820 synas
584 747 611 801 ?
633 745 973 817 respondit:
1001 745 1240 814 Ignosce
1264 740 1406 796 mihi
1440 740 1607 794 Pater
1630 754 1645 800 :
1669 750 1854 807 neque
1877 733 2034 789 enim

2147 642 2593 712 Conversusqne
2622 641 2767 696 vidit
2804 642 3038 697 fratrem
3072 659 3245 698 suum
3293 642 3633 698 crucifixum
3666 660 3802 700 cum

2149 732 2411 807 Domino.
2438 732 2638 800 Aitque
2670 731 2741 785 ad
2765 747 2897 786 eum
2922 732 2971 786 is
3004 732 3102 802 qui
3130 730 3214 785 illi
3238 736 3589 804 apparuerat
3617 734 3799 789 :Ecce

384 819 490 908 ego
524 852 651 892 sum
680 835 776 905 qui
804 833 965 888 illam
992 832 1241 903 praebeo,
1265 829 1365 885 sed
1398 826 1639 883 domina
1669 840 1800 880 mea
1829 824 2037 879 sancta
2145 821 2202 875 in
2236 838 2348 891 qua
2380 819 2568 891 gloria
2612 819 2791 875 frater
2830 824 2970 876 tuus
3026 824 3133 876 est.
3166 820 3438 877 Gloriﬁca
3484 838 3621 894 ergo
3659 838 3795 879 eum

386 926 481 982 Dei
509 924 781 997 genitrix,
814 939 942 995 quia
974 926 1031 977 et
1062 937 1177 988 me,
1207 924 1265 975 et
1292 917 1427 974 illos
1458 916 1662 974 nutrit.

1042 1028 1272 1085 CAPUT
1302 1025 1474 1081 LXII.

382 1123 503 1178 Vita
529 1121 748 1177 abbatis
774 1118 1037 1192 Stephani
1065 1114 1403 1245 mqnaaten'i
1432 1115 1759 1170 [Eliotarum
1804 1108 2030 1182 presby-

1164 1206 1272 1245 era.

1164 1206 1272 1245 era.

448 1281 721 1339 Narravit
749 1280 921 1337 nobis
955 1296 1109 1336 unus
1140 1296 1209 1335 ex
1248 1277 1490 1334 senibus
1541 1275 1611 1329 de
1659 1272 1869 1329 abbate
1897 1274 2024 1325 Ste-

377 1373 573 1445 phano
593 1372 930 1445 presbytero
954 1368 1293 1425 monasterii
1316 1362 1854 1434 zEliotarum,quod
1889 1376 2024 1416 cum

372 1463 604 1518 sederet
623 1462 682 1516 in
706 1460 853 1517 cella
873 1477 1002 1529 sua,
1024 1458 1273 1514 immisit
1288 1456 1371 1511 illi
1396 1454 1779 1527 cogitationes
1798 1451 2023 1505 damon

372 1552 614 1607 dicens:
651 1550 891 1619 Recede,
927 1548 1074 1605 nihil
1106 1547 1264 1603 enim
1292 1547 1385 1601 hic
1419 1543 1671 1617 proficis.
1704 1543 1890 1597 Senex
1918 1556 2021 1593 au-

370 1645 491 1695 tem
524 1639 759 1695 dicebat
789 1636 1073 1693 daemoni:
1110 1636 1231 1690 Non
1265 1634 1439 1689 audio
1497 1637 1552 1687 te
1585 1630 1704 1686 scio
1732 1629 1888 1684 enim
1922 1626 2023 1698 qui

372 1744 434 1783 es
463 1746 477 1783 :
511 1729 658 1784 ferre
688 1744 800 1783 non
836 1731 999 1799 potes
1030 1729 1097 1781 ut
1126 1724 1342 1795 aliquis
1373 1721 1670 1790 salvetur;
1701 1719 1799 1774 sed
1851 1716 2021 1772 Cbis-

372 1824 472 1875 tus
504 1818 684 1873 Filius
718 1815 814 1873 Dei
845 1817 956 1871 vivi
987 1816 1112 1885 ipse
1144 1819 1199 1869 te
1224 1816 1505 1869 conteret.

973 1921 1205 1978 CAPUT
1233 1920 1425 1976 LXIII.

1053 2014 1124 2067 De
1161 2011 1368 2066 eodem.

452 2104 738 2161 Dicebant
767 2104 837 2159 de
888 2103 1090 2158 eodem
1120 2102 1329 2156 abbate
1377 2096 1671 2169 Stephano
1705 2094 1859 2166 quod
1891 2108 2025 2147 cum

378 2194 607 2249 sederet
637 2193 696 2247 in
729 2191 875 2247 cella
905 2208 1013 2247 sua
1045 2194 1100 2246 et
1128 2190 1367 2261 legeret,
1393 2186 1553 2241 venit
1583 2184 1790 2239 iterum
1824 2181 2027 2237 diabo-

374 2282 470 2338 lus
498 2282 825 2348 visibiliter,
854 2280 1115 2351 dixitque
1144 2278 1235 2334 ei:
1270 2276 1513 2341 Recede,
1553 2272 1698 2328 nihil
1742 2271 1895 2326 enim
1932 2269 2026 2324 hic

374 2371 629 2444 proficis.
666 2372 830 2426 Tunc
863 2369 958 2425 ille
990 2366 1278 2423 demoni:
1313 2365 1370 2420 Si
1402 2364 1487 2419 vis
1521 2368 1584 2418 ut
1614 2361 1902 2426 recedam,
1939 2360 2026 2413 fac

370 2465 437 2515 ut
460 2461 516 2516 id
553 2461 612 2515 in
644 2477 759 2532 quo
791 2476 896 2531 ego
950 2458 1124 2515 sedeo
1174 2454 1457 2513 ambulet.
1491 2452 1930 2509 sedebatautem
1965 2448 2022 2502 in

369 2548 516 2606 sella
589 2549 861 2604 viminea.
920 2550 1043 2615 Quo
1122 2545 1343 2612 audito,
1404 2544 1630 2598 daemon
1712 2538 2024 2595 confestim

370 2639 579 2695 sellam
611 2639 774 2695 illam
806 2655 908 2709 per
934 2642 1117 2693 totam
1150 2635 1356 2691 cellam
1390 2631 1691 2689 ambulare
1738 2629 1891 2685 fecit.
1925 2629 2024 2683 Se-

372 2747 485 2785 nex
515 2734 709 2785 autem
741 2726 1034 2800 aspiciens
1080 2726 1403 2782 versutiam
1450 2719 1754 2785 daemonis,
1788 2718 1869 2773 ait
1900 2717 2019 2772 illi:

372 2820 594 2893 Nempe
620 2818 896 2892 quoniam
930 2817 1009 2873 ita
1034 2816 1196 2872 velox
1229 2818 1283 2870 et
1316 2818 1545 2870 astutus
1595 2828 1678 2882 es,
1711 2826 1825 2865 non
1886 2808 2023 2862 hinc

372 2910 598 2965 recedo.
634 2910 926 2979 Factaque
956 2905 1026 2961 ab
1074 2923 1139 2961 eo
1172 2904 1455 2970 oratione,
1488 2902 1715 2957 daemon
1763 2896 2017 2955 evanuit.

967 3013 1198 3071 CAPUL
1230 3013 1425 3069 LXIV.

1037 3105 1112 3159 De
1147 3103 1366 3159 eodem.

2143 911 2244 981 qui
2275 908 2564 981 gloriﬁcat
2593 924 2693 964 eos
2723 908 2824 980 qui
2856 925 2919 964 se
2947 908 3206 983 diligunt
3238 910 3297 966 in
3328 910 3586 967 veritate.

2740 1026 2974 1083 CAPUT
3003 1029 3202 1084 LXVI.

2497 1128 2612 1184 Vita
2641 1126 2856 1183 abbatis
2879 1127 3161 1184 Theodosii
3180 1128 3446 1185 solitarii.

2203 1238 3069 1311 AbbasAntoniusprzepositus
3096 1237 3805 1295 monasteriiJEliotarum

2134 1328 2235 1397 qui
2267 1326 2441 1382 etiam
2475 1327 2619 1383 illud
2656 1328 3004 1398 aediﬁcavit,
3026 1328 3283 1383 narravit
3304 1328 3473 1384 nobis
3497 1330 3569 1384 de
3595 1329 3805 1385 abbate

2131 1415 2478 1487 Theodosio,
2511 1418 2669 1488 quod
2712 1433 2887 1472 senex
2919 1417 3044 1488 ipse
3075 1417 3198 1472 haec
3247 1418 3317 1473 de
3376 1417 3568 1490 seipso
3600 1435 3803 1474 narra-

2130 1504 2267 1560 bat:
2300 1505 2651 1577 Priusquam
2688 1507 2757 1561 ad
2818 1507 2998 1562 vitam
3053 1506 3376 1563 solitariam
3430 1508 3800 1575 transissem,

2133 1595 2318 1649 factus
2341 1595 2399 1649 in
2432 1596 2652 1651 exstasi
2676 1596 2879 1665 aspexi
2909 1596 3105 1651 virum
3135 1597 3452 1666 quemdam
3477 1598 3646 1668 cujus
3662 1613 3799 1669 spe-

2130 1684 2248 1738 cies
2279 1683 2604 1740 claritatem
2654 1685 2800 1740 solis
2852 1684 3127 1741 vinceret.
3160 1684 3265 1741 Hic
3307 1690 3508 1742 tenens
3555 1702 3797 1743 manum

2132 1788 2318 1828 meam
2348 1790 2361 1828 :
2386 1772 2553 1839 Veni,
2582 1773 2683 1841 ait,
2717 1773 2858 1844 quia
2890 1790 3151 1845 pugnare
3177 1778 3235 1828 et
3257 1773 3468 1830 luctari
3502 1780 3557 1830 te
3587 1792 3797 1831 conve-

2054 1842 2101 1907 B
2132 1862 2251 1927 nit;
2275 1866 2332 1917 et
2363 1862 2595 1917 induxit
2626 1842 2807 1918 meﬁin
2832 1842 3134 1918 theatrum
3166 1862 3407 1919 infinitae
3434 1866 3794 1936 magnitudi-

2142 1949 2259 2005 nis.
2283 1951 2493 2021 Aspexi
2526 1954 2722 2006 autem
2766 1950 3057 2006 theatrum
3092 1951 3330 2023 plenum
3381 1952 3521 2009 viris
3578 1971 3647 2009 ex
3678 1972 3797 2011 una

2139 2044 2305 2111 parte
2335 2039 2583 2095 candido
2617 2040 2857 2107 amictu,
2890 2056 2959 2095 ex
3005 2039 3122 2096 alia
3152 2057 3281 2097 vero
3332 2041 3501 2113 nigro
3544 2043 3790 2098 vestitis.

2138 2127 2284 2183 Cum
2300 2144 2435 2201 ergo
2451 2129 2754 2201 injecisset
2768 2146 2859 2184 me
2872 2129 2931 2184 in
2947 2129 3472 2199 theatrumaspicio
3486 2130 3674 2187 virum
3688 2131 3796 2186 mi-

2141 2231 2215 2269 rae
2244 2215 2676 2287 magnitudinis
2722 2215 3071 2287 Ethiopem,
3107 2216 3276 2287 cujus
3311 2221 3484 2287 caput
3525 2218 3796 2289 turpissi-

2138 2321 2298 2361 mum
2314 2306 2658 2378 penetrabat
2671 2306 3041 2361 nuhes.Tunc
3057 2306 3219 2362 aitad
3236 2306 3570 2378 mejuvenis
3583 2307 3681 2364 ille
3694 2307 3791 2380 qui

2140 2394 2282 2448 mihi
2303 2401 2685 2467 apparuerat:
2710 2400 2851 2450 Cum
2872 2396 2977 2450 hoc
2995 2394 3199 2451 luctari
3220 2400 3278 2451 te
3295 2401 3542 2467 oportet.
3558 2398 3676 2468 Ego
3692 2398 3793 2469 qui

2138 2488 2376 2553 aspectu
2395 2483 2502 2538 viri
2534 2483 2696 2539 illius
2722 2484 2945 2555 proceri
2969 2485 3207 2540 territus
3240 2502 3422 2553 eram,
3445 2490 3698 2542 tremere
3726 2504 3791 2542 ac

2137 2589 2345 2643 pavere
2366 2574 2531 2644 ccepi,
2551 2573 3191 2645 orabamquejuvenem
3208 2572 3373 2629 illum
3392 2575 3789 2647 splendidum,

2136 2663 2236 2733 qui
2272 2678 2364 2717 me
2391 2662 2702 2717 induxerat
2734 2661 3124 2729 intheatrum,
3157 2663 3395 2719 dicens:
3430 2664 3569 2729 Quis
3599 2664 3789 2720 homi-

2137 2768 2277 2806 num
2304 2751 2536 2806 mortali
2554 2750 2888 2806 conditione
2912 2755 2968 2806 et
2992 2751 3341 2807 inﬁrmitate
3364 2752 3788 2824 circumdatus,

2134 2856 2268 2895 cum
2288 2840 2392 2895 hoc
2410 2838 2616 2895 luctari
2634 2838 2860 2910 posset?
2878 2840 2999 2894 Non
3020 2841 3214 2911 ipsum
3240 2840 3581 2896 universum
3605 2858 3792 2914 genus

2133 2930 2485 2996 humanum,
2502 2929 2548 2983 si
2566 2929 2624 2982 in
2645 2945 2826 2983 unum
2844 2928 3122 2998 conﬂuat,
3142 2928 3277 2984 huic
3293 2930 3564 2986 resistere
3579 2948 3795 3003 praeva-

2132 3018 2229 3074 let.
2250 3020 2345 3073 Ait
2378 3023 2575 3073 autem
2606 3018 2676 3072 ad
2708 3017 3161 3087 mejuvenisille
3180 3018 3791 3089 praeclarus:Prorsus

2129 3123 2263 3162 cum
2297 3105 2394 3161 illo
2426 3111 2482 3160 te
2513 3105 2723 3160 luctari
2747 3122 2895 3177 opus
2934 3110 3043 3160 est.
3080 3107 3389 3175 Ingredere
3429 3108 3610 3178 igitur
3653 3125 3788 3164 cum

437 3198 582 3252 Tres
641 3211 812 3251 senes
870 3196 1155 3249 venerunt
1202 3192 1274 3247 ad
1332 3190 1602 3279 abbatem
1653 3186 2016 3279 Stephflnutn
2049 3208 2091 3279 ρ
2131 3194 2291 3251 omni
2310 3193 3258 3261 alacritateetﬁducia;moxenim
3281 3195 3789 3253 uttuillumador-

362 3286 796 3358 presbyterum,
811 3286 868 3338 et
890 3298 1022 3338 cum
1042 3283 1479 3353 perseverarent
1499 3277 1799 3350 loquentes
1816 3276 1886 3330 de
1904 3274 2013 3330 uti-

360 3374 525 3430 litate
558 3373 792 3439 animze,
816 3372 1047 3427 tacebat
1082 3369 1298 3426 senior.
1332 3368 1544 3424 Dicunt
1574 3366 1625 3421 ei
1659 3382 1849 3430 senes,
1884 3362 1966 3419 illi
1994 3380 2007 3419 :

361 3463 517 3519 Nihil
552 3462 724 3518 nobis
772 3460 1113 3532 respondes,
1138 3456 1649 3513 Pater?utilitatis
1688 3457 1877 3526 gratia
1918 3468 2009 3507 ve-

357 3552 557 3609 nimus
588 3553 661 3608 ad
694 3557 771 3608 te.
802 3551 965 3605 Tunc
996 3550 1077 3604 ait
1105 3547 1263 3603 illis:
1307 3545 1596 3618 Ignoscite
1619 3543 1787 3610 mihi,
1820 3558 2010 3613 usque

358 3642 533 3696 modo
568 3657 681 3696 non
715 3635 1101 3695 animadverti
1134 3633 1275 3707 quid
1305 3632 1483 3689 locuti
1515 3630 1674 3699 sitis;
1706 3632 2005 3684 verumta-

360 3746 495 3785 men
529 3733 683 3801 quod
716 3728 926 3794 habeo,
950 3724 1059 3780 hoc
1083 3724 1210 3779 dico
1239 3720 1423 3776 vobis.
1449 3721 1567 3792 Ego
1590 3719 1684 3774 die
1713 3721 2009 3787 noctuque

360 3818 507 3874 nihil
540 3818 702 3874 aliud
757 3815 997 3888 aspicio,
1024 3813 1137 3869 nisi
1172 3811 1482 3868 Dominum
1508 3812 1776 3865 nostrum
1800 3807 2005 3862 Jesum

355 3908 653 3967 Christum
680 3907 735 3961 in
770 3905 928 3978 ligno
951 3899 1501 3976 pendentem.Quod
1521 3913 1651 3953 cum
1679 3896 2005 3960 audissent,

356 3996 614 4054 multum
647 3994 916 4051 aedificati
948 3993 1335 4049 recesserunt.

964 4080 1198 4139 CAPUT
1232 4078 1395 4135 LXV.

1022 4173 1092 4226 De
1128 4169 1332 4225 eodem.

419 4265 622 4320 Abhas
637 4263 917 4328 Joannes,
932 4261 1319 4331 cognomento
1335 4254 1619 4326 Molybas,
1635 4250 1893 4307 narravit
1910 4266 2005 4305 no-

346 4356 438 4411 bis
473 4355 542 4409 de
571 4351 898 4409 venerando
928 4364 1068 4406 sene
1098 4348 1211 4403 isto
1241 4346 1412 4401 beato
1441 4343 1736 4415 Stephano
1768 4340 2006 4413 presby-

344 4449 492 4513 tero,
526 4443 682 4515 quod
713 4456 847 4498 cum
880 4438 1197 4511 aliquando
1220 4437 1392 4506 jecur
1422 4434 1586 4490 illius
1617 4431 1872 4505 graviter
1910 4430 2000 4484 in-

346 4534 707 4599 firmaretur,
725 4547 792 4586 ex
823 4546 939 4601 qua
958 4526 1302 4583 inﬁrmitate
1325 4527 1529 4580 sancta
1550 4522 1650 4576 illa
1672 4520 1869 4575 anima
1886 4516 1995 4572 mi-

345 4622 539 4695 gravit
587 4638 619 4675 a
648 4636 909 4692 corpore,
942 4620 1259 4687 coegerunt
1290 4614 1457 4669 illum
1520 4610 1729 4667 medici
1761 4624 1996 4664 carnem
2031 4583 2079 4645 D

349 4714 728 4770 manducare.
746 4712 881 4766 Erat
903 4706 1194 4766 autemilli
1212 4708 1390 4762 frater
1410 4703 1707 4761 saecularis
1732 4700 1992 4773 quidam,

347 4803 453 4857 sed
484 4800 649 4857 valde
680 4799 951 4871 religiose
971 4802 1028 4854 et
1051 4796 1376 4853 secundum
1401 4794 1582 4849 Deum
1608 4792 1828 4847 vivens.
1859 4790 1993 4843 Fac-

344 4898 477 4947 tum
500 4896 588 4947 est
609 4894 807 4947 autem
831 4904 965 4944 cum
989 4902 1193 4942 carnes
1216 4884 1543 4940 comederet
1565 4881 1884 4954 presbyter,
1902 4893 1996 4931 su-

337 4981 606 5055 pervenit
634 4980 815 5035 frater
844 4979 973 5049 ejus
994 4974 1652 5045 seecularis,vidensque
1673 4968 1838 5024 illum
1864 4983 1992 5023 ves-

334 5074 564 5126 centem
598 5068 899 5133 carnibus,
935 5063 1363 5121 scandalizatus
1403 5066 1492 5117 est
1547 5064 1600 5116 et
1659 5057 1826 5113 valde
1854 5072 1991 5111 con-

327 5160 627 5227 tristatus,
645 5159 800 5231 quod
823 5174 892 5214 ex
930 5159 1096 5211 tanta
1116 5152 1473 5210 abstinentia
1497 5154 1669 5223 atque
1693 5146 1993 5204 continen-

326 5252 420 5307 tia
451 5251 510 5307 in
544 5255 805 5306 extremo
834 5246 966 5303 vita:
997 5262 1113 5302 suae
1144 5248 1408 5316 tempore
1439 5242 1510 5298 ad
1562 5238 1989 5297 comedendum

328 5356 539 5397 carnes
566 5338 876 5395 devolutus
909 5338 1083 5392 esset.
1117 5334 1249 5389 Mox
1278 5348 1415 5405 ergo
1469 5331 1526 5386 in
1559 5330 1742 5388 extasi
1775 5328 1987 5394 factus,

326 5429 473 5485 vidit
504 5429 825 5501 quemdam
854 5426 1148 5480 dicentem
1181 5422 1331 5478 sibi:
1366 5424 1553 5488 Quare
1601 5420 1685 5476 sic
1716 5419 1785 5474 de
1817 5433 1985 5490 pres-

332 5519 535 5591 bytero
562 5514 996 5574 scandalizatus
1028 5528 1111 5580 es,
1146 5512 1282 5583 quia
1309 5510 1473 5566 illum
1524 5510 1676 5566 vesci
1711 5506 1989 5564 carnibus

329 5607 576 5663 vidisti?
606 5606 813 5664 Nescis
842 5603 983 5677 quia
1009 5601 1358 5658 necessitate
1388 5599 1752 5672 compulsus,
1778 5604 1831 5653 et
1854 5612 1988 5668 pro-

335 5698 465 5770 pter
492 5695 889 5756 obedientiam
921 5692 981 5749 id
1010 5689 1191 5748 fecit?
1221 5688 1440 5760 Nempe
1472 5691 1779 5761 propterea
1810 5701 1987 5742 scan-

2130 3304 2234 3342 sus
2251 3286 2561 3357 fueris,ego
2573 3285 3243 3356 adjutoradero,tibique
3256 3286 3507 3341 victoria:
3521 3303 3784 3343 coronam

2126 3391 2428 3446 reponam.
2463 3374 2533 3430 Ut
2563 3390 2699 3445 ergo
2730 3373 3037 3445 ingressus
3069 3375 3139 3428 ad
3174 3378 3463 3429 certamen
3496 3392 3629 3430 sum
3662 3376 3782 3431 Iuc-

2125 3465 2349 3535 tarique
2374 3464 2620 3519 invicem
2652 3462 2963 3534 cuipimus,
2994 3461 3269 3518 continuo
3323 3462 3635 3533 praeclarus
3681 3464 3778 3519 ille

2117 3554 2301 3624 judex
2332 3552 2516 3608 nostri
2575 3552 2889 3608 ceraminis
2947 3551 3154 3619 adfuit,
3191 3552 3451 3624 mihique
3498 3569 3774 3611 coronam

2122 3642 2304 3697 dedit.
2337 3645 2524 3713 Atque
2546 3640 2713 3714 plebs
2736 3639 2835 3695 illa
2857 3640 3126 3705 obscura,
3156 3640 3609 3714 )Ethiopumque
3627 3643 3776 3699 mul-

2121 3732 2312 3787 titudo
2344 3731 2553 3803 ingens
2603 3730 2891 3803 ejulantes
2932 3734 3334 3800 evanuerunt;
3361 3748 3496 3803 pars
3526 3748 3660 3788 vero
3680 3750 3774 3789 re-

2119 3819 2277 3890 liqua
2336 3820 2783 3876 candidatorum
2835 3819 3053 3891 gratias
3086 3818 3169 3874 illi
3230 3824 3285 3876 et
3328 3820 3534 3877 laudes
3564 3822 3774 3877 refere-

2118 3911 2279 3979 bant,
2298 3910 2397 3981 qui
2420 3927 2513 3967 me
2528 3910 2783 3981 juverat,
2798 3926 2864 3965 ac
2888 3908 3421 3981 praeclaravictoria
3435 3910 3772 3968 donaverat.

2705 4024 2940 4081 CAPUT
2971 4024 3194 4082 LXVII.

2773 4116 2847 4170 De
2868 4114 3073 4171 eodem.

2187 4223 2341 4279 880
2372 4228 2450 4280 De
2481 4224 2590 4279 hoc
2621 4222 2829 4278 abbate
2857 4222 3180 4278 Theodosio
3212 4222 3473 4278 solitario
3514 4224 3770 4280 narravit

2116 4313 2285 4368 nobis
2318 4314 2499 4368 abbas
2530 4311 2807 4383 Cyriacus
2837 4311 2965 4381 ejus
2995 4310 3342 4381 discipulus,
3377 4312 3532 4381 quod
3566 4311 3768 4384 trigin-

2116 4406 2170 4455 ta
2199 4402 2456 4471 quinque
2483 4416 2669 4456 annos
2699 4399 2883 4470 egerit
2914 4399 2972 4453 in
3004 4398 3345 4467 solitudine,
3378 4416 3611 4471 semper
3636 4406 3766 4471 post

2115 4489 2363 4544 biduum
2414 4488 2749 4557 comedens,
2783 4491 2839 4542 et
2888 4487 3114 4558 jugiter
3168 4487 3469 4544 silentium
3500 4506 3765 4562 servans,

2113 4594 2299 4648 neque
2332 4578 2403 4633 ad
2438 4576 2697 4649 aliquem
2728 4576 3011 4647 loquens;
3046 4580 3315 4633 ceterum
3364 4577 3416 4634 si
3463 4577 3624 4650 loqui
3662 4596 3765 4634 vo-

2106 4666 2337 4735 luisset,
2372 4666 2537 4738 signo
2572 4665 2768 4738 potius
2798 4682 2977 4737 quam
3006 4666 3183 4721 verbo
3215 4666 3510 4723 utebatur.
3545 4667 3663 4723 Hoc
3709 4673 3765 4724 et

2103 4772 2208 4828 ego
2240 4755 2381 4814 vidi.
2409 4756 2598 4813 Mansi
2630 4756 2787 4811 enim
2820 4755 2880 4811 in
2915 4755 3117 4812 eodem
3146 4755 3490 4813 IEIiotarum
3524 4773 3761 4814 monas-

2102 4846 2250 4904 terio
2280 4846 2453 4902 annis
2487 4846 2711 4901 decem.

2668 4950 2899 5006 CAPUT
2932 4950 3180 5007 LXVIII.

2774 5042 2849 5095 De
2868 5039 3073 5097 eodem.

2170 5153 2251 5203 De
2282 5149 2490 5203 abbate
2521 5146 2848 5202 Theodosio
2871 5163 3002 5201 cum
3028 5145 3290 5203 audisset
3309 5148 3624 5206 Ahramius
3647 5168 3752 5207 an-

2100 5236 2267 5293 tistes
2292 5240 2509 5293 sancta:
2526 5236 2720 5291 Mariae
2740 5251 2920 5299 novae,
2940 5235 3091 5306 quod
3113 5252 3226 5291 non
3247 5236 3487 5295 haberet
3506 5239 3753 5312 pallium

2100 5342 2216 5398 quo
2234 5326 2425 5382 hieme
2444 5329 2727 5391 uteretur,
2749 5324 2893 5379 emit
2910 5323 3016 5377 illi.
3038 5323 3198 5387 Quod
3224 5330 3536 5399 postquam
3556 5329 3754 5383 senior

2101 5416 2343 5488 accepit,
2364 5416 2615 5487 quadam
2640 5414 2732 5469 die
2752 5430 2883 5468 cum
2903 5413 3260 5469 obdormiret
3283 5416 3631 5485 (dormiebat
3652 5434 3750 5471 au-

2098 5509 2215 5560 tem
2250 5504 2309 5560 in
2332 5504 2479 5560 cella
2510 5504 2731 5573 senex),
2751 5503 3145 5559 ascenderunt
3193 5502 3469 5575 latrones,
3496 5509 3551 5559 et
3571 5521 3748 5560 exue-

2099 5598 2238 5649 runt
2266 5592 2432 5649 illum
2468 5592 2670 5666 pallio,
2703 5593 3106 5663 abeuntesque
3149 5608 3349 5648 secum
3398 5592 3541 5648 illud
3592 5592 3749 5649 tule-

2097 5687 2254 5740 runt.
2290 5685 2412 5749 Quo
2443 5683 2615 5754 facto,
2649 5680 2797 5737 nihil
2831 5681 3069 5737 omnino
3101 5679 3332 5737 locutus
3362 5684 3451 5737 est
3480 5696 3676 5740 senex.
