4088 6180
482 278 579 338 151

1082 405 1308 461 CAPUT
1336 404 1529 461 LXIX.

492 512 533 571 ν
532 514 614 568 ita
635 510 854 567 abbatis
876 511 1142 578 Palladii,
1161 518 1214 568 ct
1235 513 1386 640 sem;
1409 514 1893 641 Tit-gssalonicensis
1915 512 2136 569 inclusi.

1088 601 1315 641 uomzne
1391 604 1483 641 am
1528 629 1541 641 .

1088 601 1315 641 1101111128
1344 601 1541 641 Dama.

557 708 927 765 Perreximus
950 726 1064 765 una
1086 725 1191 781 ego
1233 714 1290 765 et
1328 709 1606 765 dominus
1644 708 2008 781 Sophronius
2041 710 2141 765 So-

480 798 1047 872 phista,priusquam
1064 798 1728 868 saculorenuntiaretﬁn
1745 786 2141 855 Alexandriam

482 888 553 943 ad
594 887 864 944 abbatem
890 886 1238 957 Palladium,
1280 889 1468 944 virum
1518 897 1811 955 sanctum,
1851 893 1905 943 et
1945 905 2142 944 verum

482 992 713 1033 servum
730 976 852 1047 Dei,
870 977 968 1049 qui
998 978 1417 1034 monasterium
1438 995 1611 1033 suum
1636 978 1889 1033 habebat
1913 976 1969 1032 in
1996 976 2145 1032 The-

481 1064 785 1120 lazomeno
819 1063 1912 1139 [GraveAioaedpavov].Cumqueillum
1930 1067 2147 1137 pariter

481 1154 947 1225 deprecaremur,
974 1158 1040 1209 ut
1062 1156 1301 1210 verbum
1327 1156 1494 1211 nobis
1511 1156 1903 1211 adificationis
1926 1156 2146 1226 impen~

488 1244 670 1313 deret,
706 1242 882 1315 coepit
904 1259 1081 1299 senex
1106 1243 1189 1299 ita
1214 1244 1285 1299 ad
1316 1262 1421 1300 nos
1447 1244 1645 1315 loqui:
1676 1244 1883 1313 Filioli,
1909 1248 2143 1315 tempus

484 1331 611 1401 jam
634 1330 1036 1387 abbreviatum
1056 1337 1166 1403 est,
1185 1338 1477 1388 certemus
1502 1332 1595 1387 hic
1621 1333 1941 1403 modicum,
1970 1337 2143 1403 atque

490 1418 830 1476 laboremus
856 1424 921 1475 ut
950 1421 1386 1477 immortalibus
1415 1422 1587 1478 bonis
1619 1422 1677 1476 in
1705 1426 1987 1478 aeternum
2023 1438 2143 1491 per-

492 1508 778 1565 fruamur.
804 1509 1006 1565 Videte
1032 1514 1340 1583 martyres,
1360 1512 1551 1567 videte
1589 1511 1816 1583 pugiles
1858 1511 2140 1578 caelestes,

494 1600 786 1670 quomodo
799 1598 1044 1655 viriliter
1061 1604 1118 1655 et
1137 1600 1361 1656 fortiter
1377 1606 1586 1657 cuncta
1601 1605 1971 1673 superarunt.
1989 1603 2140 1665 Quos

492 1688 850 1759 praeteritum
885 1688 1117 1760 quidem
1152 1696 1381 1762 tempus
1427 1690 1682 1762 agnovit,
1714 1690 1914 1745 vivunt
1946 1694 2138 1745 autem

492 1793 723 1848 semper
741 1778 798 1832 in
824 1777 1571 1851 memorianostra,vixque
1593 1780 1735 1835 satis
1752 1779 1989 1835 illorum
2006 1779 2146 1835 tole-
2176 1766 2225 1832 B

492 1866 745 1921 rantiam
763 1866 1043 1923 admirari
1058 1883 1397 1939 possumus.
1414 1872 1776 1924 Attestantur
1790 1868 2149 1925 audientium

489 1953 1046 2029 singuli,stupentes
1060 1957 1131 2012 ad
1150 1961 1373 2012 tantam
1391 1957 1689 2013 beatorum
1707 1962 2026 2031 martyrum
2046 1975 2152 2029 pa-

489 2042 782 2113 tientiam,
797 2059 925 2115 quae
946 2060 1078 2100 vere
1100 2049 1370 2101 naturam
1404 2047 1630 2103 excedit
1651 2047 2152 2111 humanamouo-

489 2149 621 2188 rum
638 2132 770 2189 aliis
785 2133 1019 2204 quidem
1035 2134 1231 2191 effossi
1248 2138 1388 2190 sunt
1410 2136 1583 2202 oculi,
1602 2135 1735 2191 aliis
1754 2136 1943 2191 excisa
1959 2152 2057 2191 cru
2068 2153 2149 2205 ra,

491 2220 613 2275 illis
639 2225 955 2293 amputatae
988 2240 1222 2290 manus,
1256 2223 1388 2279 istis
1413 2225 1660 2280 abscissi
1695 2225 1894 2296 pedes.
1920 2227 1988 2280 Et
2019 2224 2153 2281 illos

495 2310 731 2381 quidem
748 2310 904 2382 ignis
920 2317 1155 2383 repente
1171 2313 1546 2385 consumpsit,
1566 2314 1708 2369 istos
1726 2318 1920 2369 autem
1935 2313 2154 2370 lentius

503 2398 784 2467 adurens,
802 2398 901 2454 diu
915 2399 1222 2456 cruviavit.
1242 2404 1432 2472 Atque
1449 2401 1595 2457 alios
1613 2402 1890 2457 nimirum
1911 2403 2153 2475 profun—

501 2487 644 2541 dum
662 2488 842 2543 maris
855 2487 1104 2559 excepit,
1121 2488 1265 2544 alios
1281 2489 1525 2545 flumina
1540 2491 1992 2560 absorbuerunt;
2011 2491 2155 2548 alios

497 2574 638 2631 item
653 2576 909 2631 ferarum
925 2577 1340 2648 dcntes,veluti
1368 2578 1769 2636 malefactores
1792 2581 2075 2651 quosdam
2102 2584 2158 2636 et

504 2662 1019 2732 sceleratos,vivos
1032 2672 1418 2739 acceperunt;
1449 2668 1593 2724 alios
1620 2668 1797 2725 variis
1820 2669 2156 2741 exquisitis-

498 2769 611 2825 que
624 2754 935 2826 suppliciis
949 2757 1397 2827 praemortuosin
1425 2757 1613 2813 cibum
1637 2764 1972 2831 aceperunt.
1988 2763 2159 2815 Crete-

492 2858 691 2897 rorum
710 2843 907 2898 omnia
922 2849 1125 2901 contra
1140 2845 1270 2902 illos
1286 2845 1599 2903 bellatores
1613 2848 1715 2903 Dei
1730 2854 2155 2904 tormentorum

489 2933 1032 3006 generaexcogitata
1049 2934 1239 2991 dicere
1254 2953 1365 2991 non
1381 2953 1555 3007 possu
1567 2954 1855 3008 mus,quaa
1867 2938 2161 3011 suggessit

494 3019 1293 3093 humanigenerisinimicus
1325 3025 1575 3097 daemon,
1601 3025 1819 3082 invidia
1835 3033 2157 3100 martyrum

488 3109 754 3182 ipsorum
769 3109 1015 3168 etlivore
1034 3112 1413 3170 tabescens.0
1428 3131 1536 3185 qua
1547 3133 1609 3170 mc
1620 3116 1844 3172 fortiter
1857 3118 2147 3173 sustinue-

491 3217 556 3255 ru
567 3199 649 3255 nt!
667 3216 698 3255 o
714 3205 935 3272 quanto
954 3200 1030 3257 ﬁd
1045 3202 1095 3257 ei
1111 3203 1318 3259 ardore
1332 3206 2045 3276 pugnaverunt,imbecilli
2058 3212 2144 3262 ta-

495 3292 613 3345 tem
631 3289 889 3362 corporis
905 3291 1112 3347 anima:
1128 3292 1344 3349 virtute
1359 3300 1727 3366 superantes,
1743 3300 1800 3351 et
1813 3314 1938 3369 quae
1953 3314 2145 3370 spera-

489 3382 702 3434 verunt
730 3380 993 3451 prccmia,
1017 3382 1404 3453 praesentibus
1445 3383 1746 3442 laboribus
1788 3387 2055 3458 digniora
2091 3392 2147 3441 et

498 3483 647 3539 onge
662 3468 1071 3525 excellentiora
1090 3472 1553 3542 capientes.Quze
1571 3476 1822 3546 profecto
1836 3476 2035 3531 omnia
2049 3476 2146 3530 ﬁr-

502 3556 1071 3613 missamillorumin
1088 3564 1398 3631 utramque
1425 3567 1647 3632 partem
1678 3564 1851 3619 ﬁdem
1879 3566 2148 3621 ostende-

503 3645 669 3702 bant.
694 3647 840 3703 Hinc
870 3648 1130 3719 quidem,
1158 3650 1293 3722 quia
1326 3650 1661 3708 laborantes
1692 3656 2147 3725 modicum,exi-

508 3734 647 3790 miis
678 3735 848 3791 bonis
880 3736 938 3791 in
973 3741 1254 3793 aeternum
1280 3741 1836 3811 perfruuntur,inde
1857 3760 1988 3799 vero
2011 3744 2151 3815 quia

507 3823 803 3880 horrenda
824 3826 1171 3898 corporibus
1189 3827 1423 3884 illorum
1450 3830 1674 3887 invecta
1697 3832 2003 3904 supplicia,
2023 3851 2149 3906 qua:

502 3912 782 3970 inimicus
814 3920 1013 3972 noster
1046 3916 1318 3973 diabolus
1349 3919 1598 3991 induxit,
1632 3921 1949 3979 fortissime
1979 3925 2152 3979 susti-

502 4008 782 4058 nuerunt.
819 4003 880 4059 Si
911 4004 1090 4076 igitur
1119 4005 1528 4064 tribulationes
1559 4009 1892 4077 toleremus,
1928 4017 1985 4067 et
2013 4028 2148 4068 cum

502 4090 599 4146 Dei
630 4091 821 4163 gratia
847 4091 1328 4163 vincamus,vere
1351 4096 1451 4152 Dei
1481 4102 1771 4154 amatores
1794 4100 2144 4169 invenimur,

506 4181 780 4254 Deusque
810 4182 1116 4240 nobiscum
1147 4189 1257 4253 est,
1291 4203 1557 4259 pugnans
1588 4189 1713 4260 ipse
1762 4190 1819 4245 in
1872 4191 2061 4260 nobis,
2095 4200 2148 4248 et

493 4271 759 4340 vincens,
788 4272 1137 4347 laboresque
1171 4276 1343 4333 nobis
1391 4295 1456 4334 ac
1504 4280 1747 4336 sudores
1791 4281 2146 4354 dignationis

497 4380 616 4421 sura
648 4364 836 4436 gratia
878 4364 1158 4423 allevans.
1192 4367 1454 4425 Scientes
1511 4370 1711 4443 igitur,
1748 4371 1930 4439 ﬁlioli,
1990 4376 2147 4445 quali

499 4454 835 4525 operatione
860 4459 918 4513 et
947 4457 1344 4529 expectatione
1400 4464 1636 4532 tempus
1667 4462 1910 4534 indiget,
1942 4465 2145 4537 digno-

506 4558 741 4599 scamus
773 4560 879 4599 nos
910 4545 1071 4617 ipsos
1103 4562 1205 4618 per
1227 4549 1475 4620 quieten:
1514 4555 1569 4605 et
1590 4550 1908 4609 silentium.
1944 4557 2006 4610 In
2039 4555 2148 4612 hoc

501 4631 661 4687 enim
724 4632 954 4688 indulto
1001 4635 1170 4691 nobis
1223 4643 1509 4709 tempore,
1542 4656 1778 4697 necesse
1808 4646 1895 4698 est
1927 4660 2031 4699 nos
2064 4645 2149 4700 uti

505 4721 661 4777 bona
692 4724 750 4777 et
806 4721 1084 4793 praeclara
1141 4742 1249 4797 ope
1298 4728 1674 4798 paenitentiae,
1707 4735 1771 4785 ut
1800 4732 1900 4787 Dei
1931 4733 2151 4805 templa

498 4826 627 4867 esse
658 4828 1026 4882 mereamur;
1060 4830 1250 4887 neque
1306 4816 1460 4873 enim
1520 4819 1788 4876 modicus
1845 4828 1902 4878 et
1959 4824 2148 4881 brevis

500 4898 688 4957 honor
717 4902 888 4958 nobis
921 4902 980 4958 in
1013 4904 1208 4960 futuro
1239 4906 1452 4962 saeculo
1477 4912 2036 4981 recompensabitur.

568 4990 726 5048 Dixit
756 4992 969 5048 iterum
997 5010 1009 5049 :
1037 4993 1323 5051 Memores
1354 5013 1588 5068 semper
1614 4998 1772 5055 illius
1803 5001 2015 5072 simus,
2046 5004 2144 5074 qui

494 5096 612 5136 non
631 5081 839 5137 habuit
855 5082 952 5138 ubi
978 5088 1153 5155 caput
1175 5084 1481 5141 reclinaret
1504 5088 1722 5156 (Matth.
1739 5091 1879 5163 vui).
1906 5092 2001 5147 Ait
2022 5109 2143 5148 rur-

494 5185 595 5226 sus
628 5170 754 5242 ipse
803 5171 1034 5228 senior:
1068 5172 1375 5241 Quoniam,
1401 5176 1571 5247 juxta
1614 5177 1858 5235 Paulum
1908 5186 2143 5253 aposto-

492 5256 640 5328 lum,
664 5258 963 5315 tribulatio
994 5260 1336 5332 patientiam
1369 5270 1642 5335 operatur
1671 5268 1847 5338 (Rom.
1873 5270 1949 5341 v),
1974 5270 2140 5327 iacia-

491 5364 627 5403 mus
660 5353 915 5405 mentem
940 5354 1203 5405 nostram
1236 5368 1504 5422 capacem
1530 5355 1694 5427 regni
1716 5357 2014 5414 caelorum.
2043 5361 2139 5416 Ait

486 5435 745 5494 iterum:
780 5437 992 5504 Filioli,
1021 5455 1135 5493 non
1177 5439 1495 5513 diligamus
1530 5447 1841 5516 mundum,
1862 5465 2048 5520 neque
2070 5466 2137 5506 ea

489 5540 618 5599 quae
649 5524 710 5581 in
743 5526 963 5583 mundo
997 5531 1138 5585 sunt
1168 5528 1214 5602 (I
1238 5531 1399 5589 Joan.
1432 5534 1515 5603 Il).

1678 284 1771 337 DE
1810 280 2000 337 VITIS
2034 276 2336 335 PATRUM
2372 277 2585 333 LIBER
2620 279 2692 332 Χ.

2156 401 2213 469 Α
2312 401 2467 458 Dixit
2517 401 2768 458 iterum:
2816 400 3209 457 Observemus
3265 392 3670 467 cogitationes,
3728 389 3883 463 quod

2247 492 2741 548 medicamentum
2777 490 2986 547 salutis
3018 496 3125 545 est.

3784 259 3883 319 152

2318 581 2475 637 Idem
2510 583 2691 638 abbas
2722 580 3033 647 Palladius,
3055 581 3290 649 rogatus
3313 594 3345 632 a
3361 575 3531 632 nobis
3550 576 3616 628 ut
3637 570 3889 626 aedifica-

2246 672 2425 727 tionis
2456 677 2668 727 nostrae
2696 688 2873 726 causa
2904 670 3122 725 diceret
3146 666 3314 723 nobis
3357 682 3473 737 qua
3504 662 3726 718 ratione
3757 658 3889 731 qui-

2251 761 2477 832 busque
2500 760 2952 833 cogitationibus
2972 760 3039 814 ad
3059 755 3449 812 monasticum
3472 756 3691 809 statum
3706 765 3893 804 acces-

2251 852 2424 907 sisset
2450 870 2462 918 ;
2496 856 2619 906 erat
2650 855 2844 906 autem
2880 866 3055 905 senex
3078 843 3637 912 Thessalonicensis,
3668 845 3725 896 et
3754 856 3893 895 nar-

2251 940 2401 996 ravit
2429 941 2619 1011 nobis,
2654 941 2893 997 dicens:
2927 942 2988 995 In
3022 938 3258 1010 regione
3289 952 3420 992 mea
3448 949 3622 999 senex
3652 930 3893 1002 quidam

2252 1036 2411 1086 extra
2438 1048 2639 1087 muros
2671 1030 2921 1086 civitatis
2953 1028 3121 1102 quasi
3154 1025 3361 1083 stadiis
3410 1024 3597 1080 tribus
3629 1021 3895 1075 inclusus

2253 1125 2375 1177 erat
2397 1137 2463 1177 ex
2484 1119 2924 1193 Mesopotamia,
2942 1117 3178 1175 nomine
3212 1113 3416 1182 David;
3440 1111 3753 1168 virtutibus
3769 1108 3895 1163 val-

2251 1211 2321 1265 de
2344 1209 2944 1278 ornatus,misericors
2976 1212 3030 1263 et
3051 1199 3689 1272 continens.Transegit
3708 1201 3900 1253 autem

2251 1301 2309 1356 in
2343 1300 2554 1356 cellula
2586 1299 2852 1356 inclusus
2885 1301 3001 1354 fere
3032 1314 3217 1353 annos
3248 1292 3571 1364 octingiuta
3600 1290 3777 1356 [Atlas
3808 1304 3899 1342 se-

2252 1388 2601 1462 ptuaginta].
2623 1388 2906 1452 Quoniam
2939 1404 3073 1443 vero
3105 1388 3339 1458 propter
3369 1386 3593 1438 metum
3619 1378 3901 1435 barbaro-

2252 1496 2380 1533 rum
2401 1481 2568 1533 nocte
2587 1478 2738 1533 muri
2766 1476 3017 1533 civitatis
3036 1473 3515 1531 custodiebantur
3537 1486 3569 1524 a
3590 1466 3901 1530 militibus,

2250 1567 2309 1622 hi
2345 1568 2443 1640 qui
2473 1568 2633 1623 illam
2666 1567 2819 1622 muri
2868 1572 3091 1639 partem
3144 1562 3551 1628 observabant,
3584 1574 3711 1630 quae
3742 1556 3903 1612 senis

2251 1656 2521 1712 cellulam
2546 1656 2916 1728 respiciebat,
2934 1660 3099 1711 nocte
3123 1653 3375 1726 quadam
3396 1652 3747 1722 aspexerunt
3764 1646 3904 1718 quia

2260 1763 2327 1801 ex
2350 1745 2621 1802 fenestris
2645 1745 2868 1802 cellulae
2899 1745 3054 1817 ignis
3085 1743 3511 1813 egrediebatur.
3546 1739 3906 1794 Putaverunt

2256 1841 2452 1891 autem
2486 1835 2706 1891 milites
2737 1836 3018 1891 barbaros
3048 1833 3105 1888 in
3141 1831 3345 1889 cellam
3377 1830 3536 1887 senis
3582 1826 3904 1899 ingessisse

2257 1926 2479 1998 ignem.
2519 1925 2684 1982 Mane
2714 1930 2907 1982 autem
2944 1926 3113 1992 facto,
3147 1921 3397 1995 ingressi
3428 1919 3643 1975 milites
3672 1919 3905 1973 invene-

2259 2021 2397 2071 runt
2422 2020 2479 2071 et
2509 2033 2707 2072 senem
2742 2016 3012 2082 illaesum,
3047 2018 3104 2069 et
3137 2012 3344 2068 cellam
3393 2010 3633 2066 omnino
3681 2009 3905 2063 incom-

2257 2108 2492 2162 bustam
2527 2110 2584 2161 et
2628 2106 3075 2176 obstupuerunt.
3121 2104 3349 2158 Rursus
3406 2100 3587 2173 igitur
3638 2097 3905 2169 sequenti

2258 2199 2425 2250 nocte
2468 2195 2739 2250 eumdem
2790 2194 3139 2265 aspicientes
3188 2193 3406 2263 ignem,
3437 2187 3906 2245 admirabantur.

2255 2284 2379 2340 Non
2395 2283 2579 2339 solum
2597 2287 2785 2339 autem
2799 2282 3064 2355 sequenti
3082 2287 3245 2338 nocte
3259 2281 3411 2353 ignis
3425 2279 3572 2336 881
3592 2279 3649 2333 in
3665 2276 3910 2333 cellase-

2259 2375 2351 2430 nis
2366 2373 2659 2447 apparuit,
2673 2391 2871 2430 verum
2889 2378 2942 2429 et
2958 2372 3140 2429 multo
3154 2376 3266 2427 tem
3279 2387 3435 2443 pore,
3451 2370 3531 2425 ita
3544 2372 3609 2424 ut
3622 2368 3907 2423 universa:

2259 2463 2479 2520 civitati
2505 2464 2881 2519 manifestum
2910 2464 3125 2518 factum
3151 2458 3712 2531 fuerit,plurimique
3734 2461 3906 2512 nocte

2260 2553 2320 2608 in
2354 2569 2518 2608 muro
2551 2569 2702 2624 saepe
2749 2551 3066 2625 vigilarint,
3100 2548 3450 2623 inspiciendi
3497 2549 3652 2621 ignis
3679 2547 3897 2619 gratia.

2257 2642 2436 2698 Visus
2463 2647 2658 2698 autem
2692 2642 2846 2714 ignis
2877 2641 2975 2698 ille
3004 2657 3193 2713 usque
3222 2640 3293 2697 ad
3327 2639 3551 2695 obitum
3585 2637 3761 2693 senis.
3788 2637 3909 2692 Hoc

2262 2747 2368 2802 ego
2400 2730 2681 2786 miraculo
2707 2748 2819 2786 non
2850 2730 3031 2786 semel
3057 2736 3113 2785 et
3138 2730 3246 2799 bis,
3267 2729 3365 2783 sed
3387 2728 3601 2800 szepius
3622 2727 3911 2798 inspecto,

2262 2820 2377 2875 dixi
2412 2819 2470 2875 in
2503 2836 2596 2875 me
2623 2820 2783 2891 ipso:
2820 2820 2877 2876 Si
2909 2820 2965 2874 in
3001 2821 3110 2875 hoc
3140 2819 3354 2874 saeculo
3396 2822 3614 2873 tantam
3657 2814 3904 2888 gloriam

2263 2909 2445 2965 servis
2477 2908 2601 2964 suis
2631 2908 2880 2981 largitur
2910 2908 3085 2975 Deus,
3110 2912 3388 2980 quantam
3414 2912 3587 2978 putas
3610 2905 3695 2961 eis
3719 2921 3908 2959 reser-

2262 2998 2419 3054 vavit
2450 2998 2508 3052 in
2541 2998 2759 3067 futuro,
2794 2999 3028 3070 quando
3055 3003 3111 3053 et
3141 2998 3375 3053 illorum
3402 2996 3577 3052 facies
3600 2993 3914 3067 fulgebunt

2266 3091 2332 3142 ut
2353 3085 2471 3142 sol?
2487 3089 2604 3142 Ista
2623 3087 2790 3155 mihi,
2809 3087 3179 3153 tilioli,causa
3200 3086 3426 3142 exstitit
3451 3084 3766 3156 arripiendi
3783 3100 3911 3138 mo-

2263 3176 2552 3233 nasticum
2575 3175 2927 3245 habitum,et
2949 3176 3101 3232 hanc
3118 3175 3612 3233 conversationem
3629 3172 3906 3245 eligendi.

2875 3294 3098 3351 CAPUT
3129 3295 3292 3350 LXX.

2431 3385 2551 3440 Vita
2582 3384 2838 3440 monachi
2867 3385 3046 3442 Addas
3075 3384 3497 3457 MesOpotameni
3524 3385 3744 3440 inclusi.

2337 3474 2577 3530 Dicebat
2596 3479 2654 3531 et
2674 3475 2783 3531 hoc
2805 3475 2973 3532 nobis
2993 3491 3188 3543 senex,
3211 3474 3364 3546 quod
3394 3478 3526 3548 post
3544 3475 3701 3530 hunc
3723 3475 3913 3531 abba-

2263 3566 2381 3618 tem
2416 3564 2592 3619 David
2615 3564 2773 3620 venit
2797 3569 2853 3619 et
2871 3563 3022 3620 alius
3054 3564 3401 3635 monachus,
3424 3564 3660 3620 nomine
3690 3565 3913 3635 Addas,

2263 3655 2320 3707 et
2341 3652 2466 3724 ipse
2484 3653 2554 3708 de
2571 3653 3009 3726 Mesopotamia,
3026 3658 3081 3709 et
3097 3654 3355 3725 seipsum
3376 3653 3618 3709 inclusit
3641 3655 3708 3710 ad
3730 3656 3913 3710 aliam

2266 3744 2491 3812 partem
2525 3741 2799 3812 civitatis,
2827 3743 2885 3797 in
2920 3744 3169 3814 quadam
3205 3758 3415 3814 magna
3454 3743 3711 3816 platano,
3745 3744 3915 3800 fecit-

2265 3848 2379 3903 que
2411 3831 2522 3887 sibi
2554 3831 2891 3903 fenestram,
2924 3847 2991 3887 ex
3018 3848 3135 3903 qua
3165 3832 3337 3899 etiam
3370 3849 3503 3890 cum
3544 3834 3918 3891 advenienti-

2262 3921 2376 3977 bus
2408 3920 2862 3992 eolloquebalur.
2896 3922 3038 3978 Cum
3074 3938 3209 3994 ergo
3239 3922 3539 3979 venissent
3568 3922 3822 3991 barbari,
3856 3928 3918 3979 et

2260 4026 2491 4066 omnem
2512 4011 2869 4081 provinciam
2890 4010 3129 4082 praedati
3156 4016 3371 4079 essent,
3386 4014 3664 4085 contingit
3685 4030 3783 4069 eos
3807 4030 3919 4085 per

2262 4098 2454 4153 locum
2488 4097 2657 4154 illum
2688 4101 2957 4156 transire.
2992 4099 3257 4171 Cumque
3305 4117 3461 4158 unus
3512 4117 3579 4157 ex
3609 4102 3691 4157 eis
3737 4119 3913 4158 cons-

2261 4192 2425 4260 pecto
2458 4204 2616 4257 sene,
2647 4187 2905 4260 gladium
2937 4190 3253 4256 eduxisset,
3290 4200 3353 4247 ut
3382 4190 3548 4246 illum
3594 4192 3911 4262 occideret,

2260 4276 2554 4331 sublatam
2585 4277 2643 4331 in
2678 4277 2930 4333 sublime
2963 4295 3203 4333 manum
3235 4283 3297 4334 ut
3347 4279 3564 4347 feriret,
3598 4281 3914 4337 demittere

2258 4365 2537 4439 nequivit,
2571 4366 2671 4422 sed
2695 4382 2760 4422 ea
2780 4383 3070 4439 suspensa
3096 4367 3415 4424 immobilis
3444 4371 3718 4441 perstitit.
3743 4371 3913 4434 Quod

2262 4471 2393 4510 cum
2445 4460 2751 4511 cernerent
2792 4454 3025 4511 barbari
3075 4457 3284 4524 caeteri,
3317 4458 3592 4515 admirati
3624 4460 3917 4533 rogabant

2264 4561 2460 4600 senem
2494 4549 2560 4600 ut
2589 4545 2815 4600 socium
2845 4561 3044 4601 eorum
3074 4552 3320 4603 curaret.
3356 4548 3541 4604 Senex
3571 4548 3768 4621 igitur,
3791 4551 3915 4606 fac-

2262 4637 2319 4689 ta
2350 4633 2632 4703 oratione,
2665 4635 2889 4690 curavit
2916 4651 3070 4706 eum,
3105 4640 3161 4691 et
3190 4635 3272 4691 ita
3300 4636 3522 4694 dimisit
3546 4639 3603 4694 in
3636 4655 3793 4711 pace.

2831 4744 3061 4800 CAPUT
3120 4744 3312 4800 LXXI.

2258 4831 2560 4888 Pulchrum
2585 4831 2807 4909 dictum
2829 4832 3121 4909 homicida:
3161 4834 3238 4889 ad
3290 4835 3625 4909 monachum
3655 4838 3753 4909 qui
3780 4853 3913 4895 eum

2408 4904 2743 4975 sequebatur
2770 4906 2903 4960 dum
2932 4905 3223 4961 duceretur
3249 4907 3320 4960 ad
3347 4904 3745 4965 decollandu'm.

2324 5002 2593 5058 Narravit
2622 5002 2792 5058 nobis
2822 5002 3033 5060 iterum
3062 5004 3217 5059 idem
3248 5005 3428 5061 abbas
3461 5006 3778 5077 Palladius,
3811 5009 3905 5064 di-

2254 5109 2412 5159 cens,
2443 5093 2600 5163 quod
2631 5091 2690 5147 in
2716 5092 3042 5161 Arsenoite,
3066 5110 3193 5165 qua:
3220 5095 3421 5151 civitas
3442 5096 3752 5155 Thebaidis
3786 5106 3901 5171 est,

2251 5186 2448 5237 tentus
2481 5181 2657 5237 fuerit
2686 5182 2924 5253 quidam
2962 5182 3259 5239 homicidii
3291 5201 3464 5254 reus;
3500 5187 3599 5259 qui
3632 5204 3765 5244 cum
3796 5190 3903 5245 diu

2252 5272 2549 5327 cruciatus
2572 5276 2747 5341 esset,
2766 5273 3000 5327 tandem
3029 5274 3367 5330 sententiam
3383 5276 3782 5334 decollationis
3805 5297 3906 5335 ac-

2251 5362 2424 5433 cepit.
2452 5361 2595 5416 Cum
2628 5362 3261 5431 ergoducereturextra
3287 5363 3579 5422 civitatem
3603 5384 3703 5423 sex
3726 5369 3909 5425 milli-

2248 5452 2359 5507 bus
2392 5466 2674 5521 passuum
2698 5448 2841 5519 (illie
2871 5450 3025 5507 enim
3056 5452 3231 5508 etiam
3254 5459 3618 5526 perpetrarat
3648 5456 3908 5515 homici-

2248 5540 2435 5611 dium)
2466 5538 2787 5597 monachus
2818 5540 3059 5612 quidam
3078 5546 3231 5600 retro
3252 5545 3608 5616 sequebatur
3644 5552 3708 5603 ut
3726 5546 3903 5608 illum

2246 5627 2521 5686 decollari
2535 5629 2917 5702 conspiceret;
2933 5629 3033 5704 qui
3052 5636 3245 5690 autem
3265 5634 3336 5690 ad
3351 5633 3760 5696 decollandum
3782 5638 3899 5697 du-
