4122 6188
64 76 529 150 Ψτ
552 74 611 87 r'r

259 335 360 393 153

1570 328 1869 385 PRATUM
1906 326 2353 383 SPIRITUALE.

3556 309 3659 365 154

258 457 917 527 cebatur,cumvidisset
934 457 1287 513 monachum
1312 453 1768 529 sequentem,ait
1790 451 1896 510 illi:
1929 451 1980 519 Α
2012 450 2183 521 ravit,
2214 450 2415 505 dicens
2445 465 2457 502 :
2491 448 2629 503 Erat
2660 446 2717 499 in
2760 440 3108 529 Alexandria
3160 438 3329 529 miles
3388 435 3655 529 quidam,

260 551 558 623 Nunquid,
595 550 768 618 abba,
803 566 917 605 non
950 548 1133 605 habes
1163 548 1459 619 cellulam,
1491 552 1545 604 et
1604 562 1751 619 opus
1784 560 1911 599 ma-

268 641 482 698 nuum?
504 639 1186 712 Responditmonnchus:
1216 641 1385 695 Parce
1417 638 1583 705 mihi,
1612 638 1806 701 frater;
1853 636 1909 687 et

258 732 464 788 cellam
500 731 655 787 enim
688 734 743 785 et
774 747 922 801 opus
954 727 1161 785 habeo.
1188 729 1671 801 Quirespondens
1693 726 1771 781 ait
1793 722 1899 778 illi:

252 822 440 885 Quare
470 836 607 891 ergo
640 836 753 874 non
787 818 1009 874 resides
1042 818 1098 873 in
1130 817 1277 873 cella
1328 822 1383 872 et
1436 818 1615 872 defles
1675 818 1909 888 peccata

262 910 411 965 tua?
441 909 594 965 Dicit
622 908 671 963 ei
705 908 1067 964 monachus:
1125 908 1291 977 Vere,
1354 907 1529 963 frater
1588 905 1686 974 mi,
1739 904 1908 959 valde

255 1001 548 1071 meipsum
583 998 835 1071 neglige,
869 998 1502 1070 compunctionemque
1551 996 1749 1051 anima
1779 1012 1909 1050 mea

258 1106 375 1145 non
410 1088 607 1158 habet,
640 1093 696 1143 et
723 1088 938 1143 idcirco
970 1088 1136 1143 venio
1170 1091 1234 1142 ut
1290 1087 1570 1159 aspiciam
1630 1091 1707 1153 te,
1765 1084 1905 1138 dum

258 1176 555 1243 morieris,
572 1175 735 1232 utvel
758 1175 842 1231 sic
868 1174 921 1230 in
943 1174 1453 1247 compunctionem
1477 1175 1723 1230 veniam.
1742 1174 1907 1228 Tunc

247 1266 334 1321 ait
363 1264 450 1319 illi
478 1281 635 1322 reus:
665 1264 869 1335 Valde,
906 1265 1104 1331 frater,
1139 1282 1240 1336 per
1272 1264 1611 1321 Dominum:
1660 1263 1799 1318 sede
1849 1262 1906 1315 in

246 1354 400 1409 cella
434 1358 557 1423 tua,
594 1358 651 1409 et
681 1354 905 1425 gratias
939 1370 1042 1425 age
1075 1352 1356 1409 Salvatori
1384 1357 1520 1408 Jesu
1554 1352 1803 1407 Christo.
1831 1352 1910 1405 Ex

247 1459 367 1513 quo
400 1444 560 1498 enim
586 1441 683 1498 ille
701 1443 874 1499 homo
909 1444 1099 1499 factus
1129 1447 1240 1509 est,
1274 1447 1329 1498 et
1361 1459 1464 1514 pro
1498 1442 1668 1497 nobis
1706 1457 1910 1513 pecca-

254 1532 491 1587 toribus
511 1536 781 1589 mortuus
802 1536 913 1604 est,
936 1532 1248 1604 homojam
1267 1549 1384 1589 non
1414 1531 1664 1587 moritur
1693 1536 1910 1587 aeterna

261 1626 477 1679 morte.

842 1727 1070 1784 CAPUT
1115 1729 1329 1786 LXXII.

2013 542 2265 595 Joannes
2298 538 2552 603 nomine,
2584 533 2976 590 hunchabens
2989 528 3251 584 ordinem
3268 526 3419 580 vitaz.
3442 524 3658 578 Diebus

2015 630 2265 701 singulis
2296 646 2328 683 a
2358 643 2529 683 mane
2563 641 2748 697 usque
2778 623 2837 677 in
2880 622 3081 676 horam
3104 633 3314 673 nonam
3335 614 3576 670 sedebat
3597 612 3657 665 in

2015 718 2370 773 monasterio
2403 716 2565 772 solus
2593 718 2764 786 juxta
2794 711 3014 783 gradus
3047 706 3231 763 sancti
3267 704 3439 769 Petri,
3465 701 3657 757 cilicio

2016 806 2277 871 indutus,
2320 811 2376 860 et
2421 803 2729 877 sportellas
2780 807 3001 864 texens,
3056 803 3253 851 tacens
3307 792 3567 857 omnino,
3600 794 3657 844 et

2016 896 2160 951 nulli
2196 897 2517 968 quidquam
2539 894 2803 964 loquens;
2825 890 3068 945 sedebat
3090 891 3285 942 autem
3314 884 3372 936 in
3405 879 3657 935 oratorio

2015 985 2291 1041 laborans
2324 985 2596 1041 manibus
2629 982 2776 1048 suis,
2809 987 2984 1053 atque
3041 978 3151 1033 hoc
3182 974 3373 1030 solum
3414 970 3660 1025 canebat

2014 1076 2281 1131 dulciter:
2307 1076 2571 1142 Domine,
2596 1075 2666 1129 ab
2690 1071 2935 1127 occultis
2960 1068 3071 1123 mei
3100 1065 3316 1121 munda
3336 1078 3427 1117 me
3475 1058 3653 1128 (Psal.

2013 1168 2193 1233 xvml,
2230 1170 2423 1221 utnon
2447 1158 3153 1220 confundarorans.Hunc
3168 1166 3399 1209 versum
3424 1146 3658 1204 cumdi-

2014 1256 2216 1321 xisset,
2250 1272 2367 1310 una
2395 1255 2573 1309 ferme
2603 1252 2743 1307 hora
2764 1250 3015 1314 tacebat,
3045 1250 3099 1301 et
3125 1258 3360 1299 rursum
3381 1237 3658 1294 eumdem

2018 1345 2348 1401 resumebat
2364 1343 2944 1413 versum,ipsumque
2957 1335 3169 1407 septies
3188 1348 3290 1404 per
3306 1333 3487 1385 totam
3505 1325 3660 1380 diem

2017 1435 2335 1506 repetebat,
2369 1432 2515 1489 nihil
2548 1429 2789 1488 omnino
2820 1427 2977 1483 aliud
3011 1425 3231 1480 dicens.
3266 1420 3417 1475 Hora
3465 1420 3658 1506 autem

2018 1503 2172 1580 nona
2196 1503 2445 1579 exuebat
2467 1521 2745 1589 cilicium,
2772 1517 3171 1584 induebatque
3192 1508 3506 1565 militarem
3557 1503 3663 1601 ha-

2018 1612 2290 1680 bitum,id
2313 1616 2420 1679 est,
2443 1611 2787 1665 indumenta
2831 1622 2957 1671 sua,
2998 1610 3163 1674 alque
3195 1600 3275 1653 ita
3304 1598 3374 1653 ad
3426 1598 3662 1666 propria

2016 1705 2186 1775 signa
2217 1701 2584 1774 properabat.
2614 1702 2761 1753 Cum
2792 1697 2902 1751 hoc
2933 1698 2990 1750 et
3021 1708 3125 1763 ego
3149 1705 3333 1745 annos
3352 1692 3480 1741 octo
3499 1699 3661 1775 man-

252 1818 471 1875 Relatio
492 1817 714 1873 abbatis
746 1775 1598 1888 palilia"teli'gfimm,
1631 1820 1726 1890 qui
1772 1820 1907 1876 ado-
1939 1804 1988 1870 B
2020 1792 2487 1890 siimultumque
2517 1790 2844 1845 aediﬁcatus
2875 1801 3008 1841 sum
3042 1785 3099 1837 in
3133 1778 3365 1836 silentio
3396 1780 3453 1831 et
3490 1775 3659 1828 insti-

405 1891 691 1946 lescentem
718 1892 869 1961 falso
888 1890 956 1945 de
979 1892 1162 1947 eodem
1192 1892 1426 1946 crimine
1455 1892 1768 1946 armusabat.

329 1988 401 2042 Et
436 1987 546 2043 hoc
576 1986 717 2044 item
751 1989 1007 2044 narravit
1036 1988 1207 2044 nobis
1237 1988 1363 2060 ipse
1391 1990 1573 2045 abbas
1597 1989 1915 2063 Palladius,

258 2077 491 2132 dicens:
516 2078 704 2133 Senex
731 2077 971 2149 quidam
995 2077 1291 2133 saecularis
1320 2079 1418 2150 qui
1439 2078 1817 2133 homicidium
1845 2081 1917 2134 fe-

256 2168 726 2235 cerat,detentus
758 2171 847 2223 est
878 2184 910 2222 a
940 2167 1285 2239 magistratu
1317 2168 1375 2222 in
1410 2167 1777 2223 Alexandria.
1811 2168 1916 2231 Qui

260 2272 400 2311 cum
425 2254 808 2323 cruciaretur,
843 2254 1075 2310 dicebat
1105 2259 1162 2310 et
1179 2254 1355 2310 alium
1390 2255 1569 2310 fuisse
1591 2272 1789 2310 secum
1813 2272 1919 2310 cm-

261 2344 355 2400 dis
392 2342 562 2399 illius
592 2343 839 2399 socium.
874 2346 928 2400 Is
959 2348 1152 2399 autem
1188 2345 1257 2399 de
1290 2360 1404 2416 quo
1451 2362 1626 2421 senex
1668 2344 1920 2409 dicebat,

263 2432 621 2489 adolescens
651 2437 775 2488 erat
802 2426 1007 2504 viginti
1032 2433 1212 2489 ferme
1235 2450 1545 2488 annorum.
1566 2432 1765 2488 Multis
1786 2449 1923 2503 ergo

264 2521 583 2594 suppliciis
614 2522 786 2577 ambo
818 2521 1003 2577 affecti
1036 2527 1193 2578 sunt.
1215 2523 1281 2577 Et
1301 2540 1476 2578 senex
1507 2524 1744 2595 quidem
1768 2523 1923 2578 dice-

260 2611 384 2667 bat:
414 2610 646 2666 Mecum
678 2610 863 2681 fuisti,
898 2612 1133 2683 quando
1166 2612 1489 2684 perpetravi
1513 2610 1922 2668 homicidium.

262 2699 635 2755 Adolescens
664 2716 801 2756 vero
833 2701 1178 2772 denegabat,
1213 2701 1357 2757 nihil
1393 2718 1454 2758 se
1472 2702 1772 2759 conscium
1798 2718 1926 2757 esse

267 2789 608 2859 homicidii,
642 2806 827 2861 neque
854 2807 987 2845 cum
1021 2790 1120 2847 illo
1150 2808 1210 2846 se
1242 2792 1424 2847 fuisse
1458 2808 1748 2847 asserens.
1781 2792 1923 2847 Cum

258 2895 404 2951 ergo
444 2880 690 2936 cruciati
712 2879 985 2948 fuissent,
1001 2881 1352 2936 sententiam
1379 2882 1549 2937 ambo
1576 2884 1928 2953 acceperunt

257 2974 322 3023 ut
346 2969 407 3023 fu
421 2967 542 3023 rcis
561 2969 1075 3039 suspenderentur.
1093 2970 1378 3025 Abierunt
1391 2986 1527 3041 ergo
1542 2970 1746 3042 quinto
1769 2974 1929 3025 extra

266 3057 487 3112 urbem
514 3057 813 3124 milliario,
847 3057 967 3115 illic
996 3058 1151 3114 enim
1184 3059 1527 3129 bnjusmodi
1562 3075 1690 3114 reos
1721 3059 1928 3130 punire

2023 1886 2149 1939 tuto
2180 1897 2306 1937 suo.

2591 1964 2823 2022 CAPUT
2862 1958 3096 2018 LXXIV.

2133 2060 2390 2133 Ejusdem
2422 2056 2679 2113 Palladii
2704 2070 2876 2109 verna:
2917 2051 3121 2105 dictum
3146 2046 3211 2101 de
3238 2041 3559 2101 hmresibus.

2096 2158 2429 2230 Corripiens
2460 2172 2568 2210 nos
2615 2152 2932 2224 aliquando
2964 2163 3163 2214 senex,
3212 2144 3337 2215 ipse
3369 2142 3447 2196 ita
3500 2135 3669 2193 nobis

2028 2250 2279 2305 dicebat:
2313 2246 2537 2303 Credite
2564 2243 2731 2307 mihi,
2764 2239 2949 2305 filioli,
2984 2236 3131 2293 nihil
3162 2233 3318 2289 aliud
3352 2230 3672 2286 schismata

2029 2346 2085 2395 et
2116 2339 2365 2394 haereses
2387 2332 2711 2389 introduxit
2742 2331 2801 2385 in
2835 2333 3098 2385 sanctam
3149 2320 3493 2383 Ecclesiam,
3552 2314 3667 2370 nisi

2031 2430 2184 2501 quod
2220 2445 2333 2483 non
2366 2432 2554 2483 Deum
2584 2428 2643 2480 et
2673 2438 2779 2477 nos
2810 2418 3058 2474 invicem
3078 2413 3249 2470 valde
3276 2409 3598 2479 diligimus.

2612 2536 2851 2594 CAPUT
2881 2534 3089 2590 LXXV.

2033 2635 2357 2691 Miraculum
2392 2629 2645 2687 Domina:
2682 2643 2814 2698 erga
2834 2619 3344 2698 uxorem_etﬁlinm
3370 2609 3675 2698 virili-detis

2153 2689 2249 2778 ί]ίαὶ
2278 2706 2520 2776 hospitio
2552 2689 2830 2770 suscipere
2860 2694 3148 2751 monachos
3179 2689 3552 2745 consueverat.

2106 2816 2263 2872 Idem
2295 2812 2474 2868 abbas
2496 2806 2793 2865 Palladius
2806 2820 2939 2859 cum
2955 2801 3095 2857 alias
3109 2799 3178 2853 ad
3204 2798 3399 2868 ipsum
3413 2791 3676 2847 venisse-

2037 2922 2191 2973 mus,
2225 2901 2336 2958 tale
2363 2898 2643 2972 quiddam
2680 2892 2974 2950 enarravit
3003 2889 3171 2944 nobis
3202 2912 3215 2953 ς
3256 2886 3415 2948 Erat,
3461 2879 3671 2973 inquit,

2037 2997 2093 3050 in
2127 2969 2473 3049 Alexandria
2500 2988 2589 3042 vir
2614 2984 2853 3057 quidam
2878 2979 3086 3043 fidelis,
3111 2974 3415 3046 religiosus
3436 2969 3604 3024 valde
3621 2972 3677 3021 et

2038 3082 2395 3149 misericors,
2420 3083 2476 3132 et
2496 3074 2751 3146 hospitio
2772 3070 3102 3140 suscipiens
3126 3062 3462 3121 monachos.
3490 3058 3675 3149 Habe-

262 3150 729 3202 consueverant.
762 3146 1029 3201 Distabat
1058 3152 1254 3202 autem
1289 3147 1361 3203 ab
1392 3163 1458 3202 eo
1490 3146 1615 3203 loco
1648 3148 1765 3203 fere
1808 3164 1924 3203 uno
1957 3160 1999 3227 ρ
2040 3175 2137 3228 bat
2164 3174 2356 3227 autem
2375 3146 2915 3234 uxoremﬂtipsam
2934 3156 3220 3212 humilem
3249 3150 3436 3216 valde,
3460 3146 3679 3234 etjejuf

270 3235 729 3291 stadioSaturni
747 3234 1031 3307 templum
1054 3250 1342 3291 eversum.
1368 3236 1513 3293 Cum
1546 3236 1725 3309 igitur
1740 3235 1809 3291 ad
1834 3234 1923 3290 lo-

267 3342 403 3379 cum
442 3324 749 3380 venissent
777 3329 834 3379 et
866 3323 1117 3396 pepulus
1148 3330 1205 3380 et
1229 3324 1467 3395 milites,
1492 3325 1922 3381 adolescentem

265 3414 469 3486 primo
501 3414 862 3486 suspendere
893 3413 953 3469 in
985 3413 1144 3486 ligno
1183 3414 1534 3482 voluerunt;
1586 3415 1925 3471 adolescens

266 3508 477 3560 autem
510 3507 841 3575 prostratus
872 3504 931 3558 in
964 3503 1089 3559 solo
1123 3503 1340 3559 milites
1395 3504 1619 3572 orabat,
1680 3505 1921 3559 dicens:

264 3593 374 3649 Per
404 3592 730 3648 Dominum
764 3593 939 3649 facite
965 3592 1403 3659 cbaritatem,et
1428 3595 1498 3649 ad
1518 3594 1809 3649 Orientem
1835 3608 1928 3648 me

266 3682 644 3755 suspendite,
680 3682 1164 3739 utillumvideam
1200 3685 1433 3755 quando
1464 3700 1789 3755 suspensus
1806 3698 1928 3738 ero.

268 3771 496 3827 Dicunt
526 3770 580 3827 ei
609 3771 848 3827 milites:
881 3774 1065 3837 Quam
1097 3772 1169 3827 ob
1200 3790 1439 3828 causam
1463 3772 1490 3827 ‘?
1520 3773 1743 3836 Quibus
1789 3773 1930 3828 ado-

270 3860 509 3917 lescens
536 3876 549 3914 :
574 3860 739 3929 Vere,
773 3861 994 3916 domini
1030 3861 1168 3929 mei,
1203 3878 1317 3916 non
1351 3860 1536 3917 habeo
1596 3861 1795 3917 infelix
1825 3878 1931 3933 ego

274 3950 408 4021 plus
425 3966 614 4021 quam
632 3954 852 4022 septem
874 3966 1105 4006 menses
1120 3965 1315 4021 exquo
1338 3955 1607 4006 sanctum
1636 3952 1931 4023 baptisma

274 4038 604 4110 suscepi,et
623 4037 991 4095 Christianus
1026 4039 1213 4095 factus
1247 4039 1553 4095 sum.Cum
1587 4040 1695 4095 hoc
1728 4040 1931 4095 audis-

277 4132 407 4183 sent
432 4128 658 4183 milites
675 4127 981 4200 lacrymati
995 4133 1136 4184 sunt
1153 4145 1329 4201 super
1341 4129 1727 4185 adolescente.
1750 4130 1935 4185 Senex

278 4223 481 4272 autem
514 4232 650 4272 cum
683 4216 1090 4289 hocfaudisset,
1110 4219 1363 4274 fremens
1385 4218 1640 4291 graviter
1669 4218 1934 4273 dixitmi-

282 4305 519 4362 litibus:
550 4306 653 4361 Per
680 4306 940 4378 Serapim
972 4306 1142 4363 facite
1196 4308 1336 4379 (t6),
1395 4311 1460 4362 ut
1489 4322 1595 4379 ego
1653 4307 1935 4379 aspiciam

282 4402 494 4452 contra
522 4400 864 4452 Saturnum.
889 4399 1035 4452 Cum
1066 4413 1199 4452 vero
1222 4396 1527 4452 audissent
1546 4396 1762 4451 milites
1786 4395 1937 4451 blas-

2037 3266 2277 3318 nantem
2310 3254 2589 3329 quotidie.
2628 3233 2764 3305 Erat
2792 3254 2989 3305 autem
3018 3245 3135 3300 illis
3170 3247 3225 3297 et
3284 3237 3457 3329 filiola
3508 3233 3675 3329 quasi

2038 3325 2467 3407 annorum—sex.
2502 3342 2760 3408 Quadam
2792 3354 2929 3393 vero
2960 3335 3053 3391 die
3082 3334 3169 3387 vir
3198 3330 3292 3385 ille
3322 3328 3453 3400 pius
3488 3325 3675 3396 profe-

2038 3446 2166 3496 ctus
2197 3443 2284 3494 est
2314 3428 2901 3501 Constantinopolim;
2940 3429 3065 3480 erat
3121 3421 3273 3477 enim
3332 3416 3675 3488 negotiator.

2041 3529 2281 3586 Relictis
2315 3542 2419 3598 ego
2452 3521 2609 3578 domi
2642 3533 2840 3587 uxore,
2876 3521 2933 3572 ct
2964 3512 3181 3586 puella,
3236 3514 3290 3564 et
3316 3523 3433 3563 uno
3494 3518 3679 3598 servo,

2042 3620 2183 3675 abiit
2213 3623 2278 3673 ut
2308 3592 2623 3686 navigaret.
2645 3610 2790 3665 Cum
2820 3623 2955 3662 vero
2986 3604 3095 3659 iret
3125 3602 3195 3656 ad
3226 3613 3453 3661 navem,
3483 3594 3563 3686 ait
3610 3592 3681 3686 ad

2040 3709 2205 3764 illum
2241 3723 2417 3762 uxor:
2443 3681 2544 3759 Elui
2570 3719 2675 3758 nos
2699 3695 3136 3756 commendatos
3167 3687 3473 3758 relinquis,
3495 3681 3684 3738 domi-

2045 3796 2163 3854 ne?
2194 3795 2512 3863 Respondit
2541 3792 2630 3847 vir
2648 3791 2796 3861 ejus:
2820 3785 3081 3843 Domina:
3108 3784 3315 3836 nostra":
3345 3778 3560 3831 sanctas
3584 3770 3686 3825 Dei

2044 3885 2329 3960 genitrici.
2359 3884 2456 3937 Die
2482 3898 2615 3937 vero
2638 3878 2892 3950 quadam
2910 3890 3042 3929 cum
3058 3871 3287 3927 sederet
3308 3881 3453 3960 uxor
3478 3867 3533 3916 et
3554 3875 3689 3930 ope-

2046 3953 2861 4041 raretur,habensetpuellam
2895 3974 3327 4027 secum,servus
3343 3953 3438 4008 ille
3460 3968 3529 4041 ex
3548 3964 3689 4041 sug-

2044 4038 2304 4137 gestione
2326 4038 2627 4117 diabolica
2644 4056 2831 4113 voluit
2853 4068 3058 4109 necare
3080 4049 3379 4105 dominam
3404 4040 3608 4137 etejus
3630 4038 3691 4089 {i-

2047 4130 2205 4222 liam,
2238 4156 2294 4208 et
2349 4150 2599 4221 diripere
2658 4144 2941 4218 quidquid
2996 4140 3293 4204 haberent,
3346 4136 3431 4225 et,

2047 4214 2293 4315 Sumpto
2324 4214 2502 4313 igitur
2532 4255 2600 4294 ex
2626 4214 2878 4307 coquina
2906 4231 3113 4297 cultro,
3135 4222 3393 4315 perrexit
3419 4220 3477 4273 in
3508 4214 3691 4315 tricli-

2049 4309 2215 4388 nium
2249 4309 2542 4385 ubiverant
2572 4327 2775 4382 ambae.
2808 4323 2949 4377 Cum
2980 4334 3114 4374 vero
3146 4313 3404 4369 venisset
3431 4309 3563 4361 ante
3593 4309 3691 4402 ja-

2050 4438 2253 4490 nuam,
2286 4416 2743 4489 comprehensus
2768 4416 2855 4467 est
2873 4408 3149 4471 caecitate,
3178 4404 3260 4457 ita
3288 4404 3353 4455 ut
3382 4409 3569 4490 neque
3593 4397 3693 4490 tri-

282 4485 588 4557 pbemiam
624 4485 804 4555 senis,
834 4486 1055 4542 omisso
1087 4485 1477 4553 adolescente,
1506 4502 1706 4542 senem
1748 4486 1937 4557 primo
1968 4522 2014 4587 Β
2046 4485 2290 4567 clinium
2322 4485 2570 4579 ingredi,
2604 4518 2793 4573 neque
2816 4499 2886 4554 ad
2902 4494 3211 4566 coquinam
3246 4487 3447 4545 reverti
3473 4485 3690 4556 posset.

285 4577 757 4648 suspenderunt.
790 4575 936 4631 Cum
967 4592 1099 4631 vere
1134 4574 1301 4631 illum
1334 4575 1391 4630 in
1426 4575 1584 4647 ligno
1616 4574 1939 4647 suspende-

284 4670 437 4731 rent,
471 4680 610 4721 ecce
640 4680 819 4736 eques
852 4664 923 4720 ab
955 4663 1269 4736 Augustali
1300 4664 1566 4720 celeriter
1596 4664 1835 4733 missus,
1860 4663 1942 4719 ait

284 4752 616 4809 militibus:
652 4752 1098 4808 Adolescentem
1130 4752 1308 4808 nolite
1336 4753 1682 4825 interficere,
1716 4753 1816 4809 sed
1848 4770 1938 4808 re-

286 4841 485 4898 ducite
515 4841 711 4897 illum.
738 4846 977 4897 Factum
1009 4846 1100 4897 est
1143 4846 1337 4898 autem
1387 4842 1595 4915 ingens
1656 4842 1939 4915 gaudium

286 4930 580 4986 militibus
592 4936 651 4986 et
671 4931 901 4986 cunctis
916 4929 1349 4986 assistentibus.
1366 4930 1435 4985 Et
1454 4932 1794 4987 reducentes
1808 4946 1941 4986 eum

286 5018 747 5076 introduxerunt
767 5020 825 5074 in
842 5020 1201 5092 pratorium,
1236 5019 1599 5091 absolvitque
1619 5019 1786 5074 illum
1820 5021 1938 5074 Au-

294 5126 367 5180 gu
380 5108 567 5165 stalis.
593 5108 947 5164 Adolescens
960 5125 1090 5163 vero
1118 5113 1327 5180 praeter
1344 5125 1508 5180 spem
1536 5108 1732 5164 salvus
1751 5108 1939 5165 factus

298 5200 502 5254 abiens
518 5198 842 5254 monachus
856 5198 1095 5253 effectus
1109 5202 1215 5253 est.
1241 5198 1358 5254 Hoc
1372 5203 1566 5254 autem
1586 5198 1657 5253 ad
1679 5202 1938 5254 nostram

290 5288 346 5337 et
397 5284 725 5357 legentium
780 5286 1097 5343 utilitatem
1154 5287 1524 5359 scripsimus,
1584 5292 1650 5342 ut
1680 5287 1940 5343 sciamus

289 5374 434 5443 quia
466 5376 627 5435 novit
650 5377 938 5433 Dominus
972 5375 1099 5449 pios
1130 5393 1163 5432 a
1194 5377 1514 5432 tentatione
1544 5375 1812 5433 liberare.

839 5492 1071 5549 CAPUT
1117 5491 1384 5547 LXXIII.

599 5582 721 5639 Vita
746 5582 975 5640 Joannis
1003 5579 1209 5636 militis
1235 5580 1630 5638 Alexandrini.

348 5665 509 5729 882
540 5673 661 5728 Hoc
693 5671 871 5730 etiam
906 5668 1073 5731 nobis
1094 5668 1252 5727 idem
1275 5668 1457 5728 abbas
1476 5668 1773 5730 Palladius
1795 5686 1936 5729 nar-

2048 4599 2193 4656 Cum
2222 4577 2417 4653 autem
2452 4612 2568 4651 una
2599 4593 2779 4648 ferme
2808 4589 2951 4644 hora
2969 4582 3340 4657 perstitisset,
3359 4577 3695 4643 frustraque

2048 4690 2361 4744 conaretur
2394 4682 2644 4757 ingredi,
2676 4678 2850 4751 cmpit
2878 4689 3083 4731 vocare
3140 4668 3441 4726 dominam
3466 4754 3478 4757 _
3500 4675 3693 4757 suam,

2049 4778 2290 4834 dicens:
2318 4752 2820 4842 Veni‘hucusque.
2848 4766 2953 4823 Illa
2983 4761 3304 4828 admirans,
3328 4752 3557 4827 quodin
3572 4765 3697 4842 me:

2048 4866 2143 4923 dio
2169 4867 2367 4937 januae
2382 4862 2724 4936 persistens,
2747 4858 2817 4914 ad
2842 4854 3003 4911 illam
3020 4846 3572 4937 noningrederetur,
3597 4836 3697 4893 sed

2049 4934 2350 5023 clamaret,
2382 4934 2465 5009 ait
2497 4952 2621 5007 illi:
2654 4951 2741 5005 Tu
2774 4946 2965 5018 magis
3024 4944 3135 4998 huc
3192 4937 3343 5005 veni,
3393 4934 3697 5032 ignorans,

2050 5046 2205 5117 quod
2240 5018 2497 5099 caecitate
2529 5042 2842 5095 teneretur.
2880 5035 3029 5089 Puer
3060 5033 3250 5119 autem
3303 5023 3477 5119 coepit
3509 5018 3695 5119 “illam

2050 5114 2343 5206 adjurare,
2380 5136 2442 5186 ut
2472 5130 2580 5184 iret
2609 5142 2786 5199 prope
2817 5123 3019 5190 illum;
3043 5118 3144 5175 illa
3173 5133 3306 5206 vero
3330 5114 3695 5185 juravit,non

2050 5241 2111 5279 se
2129 5205 2539 5277 riturnm.'l‘unc
2572 5214 2779 5273 aitilli:
2809 5212 2969 5267 Mitte
2997 5209 3085 5265 vel
3120 5205 3396 5280 puellam.
3431 5206 3564 5265 Quae
3590 5215 3696 5252 no-

2047 5312 2179 5379 luit,
2212 5311 2310 5367 sed
2336 5310 2433 5366 ait:
2471 5309 2529 5365 Si
2573 5306 2708 5379 quid
2736 5304 2845 5373 vis,
2876 5301 3001 5373 ipse
3051 5297 3244 5370 potius
3300 5291 3449 5349 veni.
3482 5290 3699 5344 Videns

2050 5406 2242 5459 autem
2267 5415 2490 5469 servus,
2518 5396 2671 5469 quod
2703 5392 2850 5450 nihil
2883 5388 3171 5464 potuisset
3201 5398 3391 5457 agere,
3438 5379 3698 5450 seipsum

2047 5490 2241 5564 gladio
2274 5488 2591 5562 percussit,
2622 5491 2680 5541 et
2701 5477 3343 5540 corruit.Dominavero
3374 5470 3532 5566 illi-us
3567 5481 3699 5564 cum

2046 5559 2447 5650 Vidissetquid
2473 5578 2693 5649 egerat,
2709 5564 3403 5652 clamavit,continuoque
3419 5559 3590 5652 vicini
3616 5569 3705 5652 ac:

2047 5646 2648 5740 curreruntJngressi
2669 5663 2815 5722 sunt
2831 5662 2933 5718 aut
2945 5671 3032 5715 em
3056 5658 3114 5712 et
3143 5669 3211 5711 ex
3232 5648 3422 5709 ofﬁcio
3447 5646 3701 5719 praetorii
