4088 6180
593 361 695 416 155

1783 361 1878 412 DE
1915 360 2105 412 VITIS
2143 360 2223 412 PA

2337 356 2442 414 UM
2481 358 2692 412 LIBER
2730 360 2801 410 X.
3853 362 3938 414 156

595 483 883 553 nonnulli,
944 499 1308 556 puerumque
1365 483 1720 555 reperientes
1778 482 1970 538 adhuc
2018 481 2236 552 vivum,
2268 485 2321 551 Α
2352 482 2674 537 ascendens
2707 478 2925 544 navim,
2959 477 3074 532 dixi
3110 477 3340 533 mulieri
3366 493 3378 532 :
3403 477 3681 535 Descende
3733 486 3783 537 et
3808 488 3860 538 tu
3891 485 3939 540 in

593 573 921 628 didicerunt
951 576 1022 628 ab
1052 573 1179 644 ipso
1204 573 1421 639 omnia,
1456 576 1512 628 et
1541 570 2239 644 gloriﬁcaveruntDomi-

592 679 732 718 num
768 664 866 734 qui
899 663 1610 728 ostenderatmiracula,et
1643 667 1886 718 matrem
1922 661 2243 716 salvaverat

593 769 728 808 cum
762 752 898 808 ﬁlia.

1147 850 1382 905 CAPUT
1428 848 1677 905 LXXVI.

800 939 1114 996 Submersio
1148 940 1357 996 Marim
1398 940 1652 994 mulieris
1677 935 2020 1009 peccatrz'cis.

664 1057 730 1111 Et
759 1055 868 1111 hoc
898 1057 1036 1111 item
1069 1055 1368 1111 Palladius
1392 1056 1517 1127 ipse
1540 1054 1790 1109 narravit
1813 1053 2002 1109 nobis:
2028 1049 2235 1106 Audivi

592 1145 1098 1216 inquit,nauclero
1158 1146 1409 1215 quodam
1459 1149 1790 1209 enarrante,
1848 1143 1963 1198 tale
1992 1140 2236 1212 aliquid,

590 1235 743 1305 quod
764 1234 856 1289 die
879 1234 1128 1304 quadam
1145 1251 1278 1289 cum
1295 1233 1613 1304 navigaret,
1634 1238 1893 1288 vectores
1915 1232 2137 1286 habens
2150 1229 2236 1284 vi-

589 1339 684 1377 ros
716 1327 772 1377 et
802 1323 1099 1388 mulieres,
1132 1323 1505 1391 venissetque
1537 1322 1594 1376 in
1643 1320 2078 1387 altum,caeteris
2109 1336 2231 1374 om-

588 1413 762 1466 nibus
793 1412 939 1467 bene
968 1411 1541 1484 navigantibus,aliis
1561 1411 1795 1482 quidem
1819 1408 2233 1466 Constantino—

589 1501 789 1570 polim,
824 1501 953 1556 aliis
979 1518 1110 1556 vero
1140 1501 1570 1568 Alexandriam,
1605 1505 1662 1555 et
1694 1500 1826 1554 aliis
1870 1499 2004 1566 alio,
2059 1501 2231 1552 vento

585 1589 703 1644 illis
723 1591 896 1645 ﬂante
912 1591 1343 1662 prospero,ipse
1367 1588 1529 1644 solus
1550 1589 1821 1660 navigare
1840 1605 1952 1642 non
1982 1589 2226 1657 poterat.

590 1680 656 1734 Et
689 1680 1017 1742 mansinus,
1049 1680 1262 1750 inquit.
1297 1679 1466 1749 quasi
1501 1679 1624 1733 dies
1670 1677 2028 1748 quindecim,
2081 1674 2228 1729 nihil

586 1785 653 1823 ex
685 1786 749 1823 eo
770 1769 892 1824 loco
919 1768 1016 1822 ubi
1042 1785 1295 1835 eramus,
1328 1767 1491 1822 moti.
1535 1767 1930 1822 Versabamur
1958 1765 2137 1836 igitur
2168 1765 2226 1817 in

2350 571 2646 642 scapham.
2680 570 2814 632 Quas
2847 584 2981 623 mox
3011 571 3075 622 ut
3106 566 3424 638 descendit,
3458 569 3662 640 scapha
3692 587 3747 626 se
3775 575 3938 626 conti-

2350 675 2464 714 nuo
2489 659 3050 729 quinquiesgyrans,
3086 657 3145 712 in
3199 657 3548 729 profundum
3583 675 3704 713 cum
3736 659 3939 716 muliere

2348 750 2657 804 submersa
2681 747 2973 804 est.Navis
2987 751 3180 802 autem
3198 750 3330 818 post
3356 747 3471 802 haec
3501 751 3658 803 tanta
3679 749 3939 805 velocitate

2347 838 2628 904 cucurrit,
2662 842 2724 892 ut
2755 836 2946 891 tribus
2978 837 3188 891 diebus
3247 853 3311 890 ac
3373 837 3611 892 dimidio
3654 838 3939 909 navigatio-

2347 943 2480 981 nem
2512 926 2931 998 peregerimus,
2966 941 3143 997 quam
3177 925 3384 981 diebus
3429 925 3747 998 quindecim
3801 944 3939 998 pera-

2348 1015 2498 1070 cturi
2529 1032 2773 1072 eramus.

2889 1122 3135 1178 CAPUT.
3184 1122 3447 1178 LXXVII.

2345 1223 2552 1278 Relatz'o
2583 1223 2751 1278 trium
2775 1238 3084 1295 pauperum
3115 1237 3410 1295 parcorum,
3443 1220 3695 1293 quomodo
3725 1228 3939 1278 excaecat;

3034 1293 3294 1364 fuissent.

2416 1409 2531 1480 Ego
2559 1412 2616 1463 et
2637 1409 2912 1466 dominus
2945 1426 3109 1465 meus
3148 1410 3514 1481 Sephronius
3545 1409 3939 1482 perreximusad

2341 1497 2672 1568 philosophi
2706 1499 2984 1568 Stephani
3019 1501 3283 1565 domum,
3316 1500 3592 1554 doctrina:
3622 1499 3939 1571 gratiazeral

2341 1592 2536 1642 autem
2574 1587 2961 1642 meridianum
2996 1593 3251 1659 tempus.
3295 1588 3627 1643 Morabalur
3680 1587 3763 1640 hic
3816 1585 3939 1656 apud

2339 1676 2519 1729 erdem
2552 1681 2764 1730 sanctae
2797 1677 2891 1730 Dei
2917 1677 3237 1748 genitricis,
3265 1693 3390 1747 quae
3417 1675 3848 1748 cognominatur
3864 1674 3939 1727 Do

2338 1764 2570 1830 rotheze,
2602 1781 2776 1836 quam
2813 1767 3125 1821 aediﬁcavit
3151 1767 3356 1821 beatus
3390 1783 3537 1838 papa
3590 1764 3850 1835 Eulogius
3891 1763 3939 1816 ac'

587 1875 795 1927 magna
824 1857 1099 1913 mmstitia
1129 1863 1183 1911 et
1215 1857 1645 1927 desperatione,
1680 1857 2008 1911 nescientes
2060 1853 2228 1924 quid-
2263 1854 2309 1918 Β
2341 1854 2825 1925 0rienlem,juxta
2849 1856 3523 1928 magnumTetrapylum
3548 1854 3812 1925 (18).Cum
3835 1869 3939 1921 ergc

585 1963 717 2001 nam
749 1947 908 2001 istud
942 1947 1052 2001 sibi
1085 1946 1277 2001 vellet.
1314 1947 1431 2018 Ego
1464 1961 1616 2015 vero,
1673 1950 1740 1999 ut
1771 1945 2082 1999 nauclerus
2139 1943 2231 1996 cui

585 2053 726 2090 cura
749 2037 911 2091 navis
928 2035 1307 2090 incumbebat
1329 2040 1385 2089 et
1411 2035 1678 2090 omnium
1699 2051 1823 2104 quae
1840 2034 1894 2087 in
1911 2033 2039 2103 ipsa
2068 2036 2234 2086 erant

587 2125 733 2195 ccepi
755 2141 958 2195 rogare
989 2129 1175 2179 Deum
1192 2141 1294 2195 pro
1328 2123 1435 2178 hac
1468 2139 1547 2178 re.
1569 2123 1830 2187 Quadam
1858 2138 1992 2175 vero
2024 2120 2116 2174 die
2137 2136 2228 2174 ve-

588 2215 676 2268 nit
705 2215 774 2268 ad
809 2230 900 2268 me
929 2231 1058 2280 vox,
1081 2214 1307 2268 dicens:
1346 2213 1506 2268 Mitte
1531 2214 1683 2267 foras
1706 2212 1971 2280 Mariam,
2005 2215 2060 2264 et
2088 2211 2232 2264 bene

591 2302 915 2373 navigabis.
949 2301 1105 2372 ϐαδρὶ
1139 2318 1270 2369 ergo
1295 2303 1549 2371 cogitare
1583 2301 1862 2372 quidnam
1896 2300 2004 2354 hoc
2053 2303 2230 2368 esset,

589 2396 645 2445 et
668 2408 793 2461 quae
817 2396 972 2446 esset
995 2391 1344 2445 Maria.Cum
1386 2395 1582 2444 autem
1616 2389 1938 2444 haesitarem
1998 2389 2070 2442 de
2099 2388 2230 2453 hoc,

588 2480 746 2536 venit
771 2497 878 2536 vox
910 2482 978 2534 de
1002 2496 1166 2546 novo,
1204 2481 1442 2534 dicens:
1479 2479 1606 2534 Dixi
1656 2479 1801 2534 tibi:
1851 2479 2017 2532 Mitte
2076 2477 2230 2532 foras

587 2569 854 2636 Mariam,
887 2573 942 2623 et
973 2569 1117 2624 salvi
1153 2569 1337 2624 eritis.
1368 2569 1530 2624 Tunc
1561 2585 1666 2638 ego
1697 2568 1961 2638 cogitans
1984 2566 2124 2637 quid
2160 2567 2232 2620 is-

584 2659 685 2712 tud
718 2664 890 2724 esset,
911 2658 1224 2714 exclamavi
1257 2657 1554 2724 continuo,
1583 2658 1625 2712 Ο
1656 2657 1857 2712 Maria.
1886 2656 2227 2711 Nesciebam

583 2750 739 2805 enim
775 2766 901 2820 qua)
933 2754 1089 2805 esset
1120 2749 1317 2804 Maria.
1356 2748 1455 2804 illa
1485 2765 1616 2804 vero
1642 2750 1847 2818 jacens
1873 2749 1931 2802 in
1966 2748 2090 2803 loco
2123 2764 2228 2802 suo

588 2847 645 2893 ut
668 2838 909 2908 audivit,
944 2837 1264 2909 respondit,
1291 2838 1513 2892 dicens:
1548 2837 1692 2902 Quid
1720 2837 1914 2925 jub‘es,
1949 2836 2230 2891 domine?

583 2929 747 2982 Tunc
779 2928 867 2982 aio
896 2929 962 2982 ad
991 2927 1148 2980 illam
1178 2943 1188 2980 :
1221 2926 1326 2980 Fac
1351 2926 1718 2991 charitatem,
1747 2926 1875 2980 veni
1900 2925 2226 2996 hucusque.

582 3023 912 3087 Exsurgens
937 3020 1131 3070 autem
1158 3015 1434 3070 continuo
1453 3015 1627 3070 venit.
1653 3016 1797 3069 Cum
1813 3030 1949 3086 ergo
1970 3014 2228 3070 venisset

585 3107 654 3159 ad
696 3122 808 3170 me,
843 3104 1036 3175 accepi
1093 3121 1218 3158 eam
1270 3121 1558 3170 seorsum,
1619 3108 1674 3158 et
1733 3103 1848 3158 dixi
1882 3104 1972 3158 ei:
2031 3103 2224 3170 Vides,

2341 1942 2712 2014 pulsaremus
2744 1944 3075 2015 philosophi
3110 1944 3548 2016 ostium,puella
3563 1941 3862 2015 respiciens
3885 1941 3939 1994 ai

2341 2033 2546 2088 nobis:
2582 2035 2807 2089 Dormit
2837 2034 2955 2098 ille,
3012 2040 3237 2106 oportet
3292 2040 3629 2105 exspectare
3681 2030 3932 2104 pusillum

2340 2123 2503 2176 Tunc
2535 2123 2623 2177 aio
2655 2123 2892 2177 domino
2919 2140 3045 2179 meo
3069 2124 3414 2194 Sophronio:
3439 2124 3648 2177 Eamus
3684 2122 3748 2177 ad
3780 2123 3939 2174 Tetra

2341 2209 2562 2280 pylum,
2595 2216 2651 2265 et
2677 2210 2792 2266 illic
2821 2211 3299 2266 maneamus.Est
3317 2217 3515 2267 autem
3546 2211 3702 2265 locus
3734 2208 3826 2263 ille
3846 2206 3939 2260 Alei

2339 2300 2640 2354 xandrinis
2659 2300 3027 2369 venerabilis;
3051 2300 3254 2356 dicunt
3273 2301 3429 2355 enim
3445 2300 3707 2356 Jeremire
3734 2296 3939 2370 prephe

2340 2392 2412 2443 ta:
2439 2405 2572 2444 ossa
2593 2406 2659 2444 ex
2689 2391 2932 2461 .IEgypto
2965 2395 3205 2462 sumpta
3227 2391 3296 2444 ab
3318 2390 3652 2445 Alexandro
3685 2385 3939 2442 conditori

2339 2479 2501 2533 urbis
2533 2478 2650 2533 illic
2683 2479 2861 2534 fuisse
2876 2480 3301 2550 reposita/Sum
3315 2496 3453 2551 ergo
3470 2477 3607 2534 illuc
3620 2477 3939 2534 venissemu:

2338 2568 2632 2623 neminem
2667 2569 3001 2624 invenimus
3020 2569 3133 2624 nisi
3165 2585 3346 2624 caecos
3370 2573 3511 2624 tres:
3541 2566 3826 2623 eratenim
3852 2579 3939 2618 me

2337 2657 2912 2713 ridies.Perreximus
2934 2660 3254 2730 ergojuxta
3283 2658 3416 2713 illos
3449 2675 3630 2713 caecos
3663 2655 3846 2728 quiete
3899 2669 3939 2707 ac

2338 2746 2726 2816 silenter,sedi
2739 2763 2908 2818 musq
2921 2763 2989 2801 ue
3004 2747 3285 2802 habentes
3300 2746 3484 2802 libros
3501 2748 3930 2812 nostros.Loque

2340 2836 2553 2891 bantur
2577 2840 2775 2890 autem
2795 2835 2927 2890 caeci
2949 2836 3014 2890 ad
3035 2835 3284 2890 invicem
3304 2836 3519 2891 multa.
3539 2834 3803 2904 Dixitque
3825 2846 3939 2885 unu:

2338 2925 2407 2979 ad
2443 2923 2643 2978 alium:
2675 2925 2758 2978 Tu
2795 2925 3089 2995 quomodo
3120 2925 3360 2980 effectus
3384 2941 3444 2980 es
3462 2923 3930 2990 caicus?Respon

2335 3013 2421 3066 dit
2442 3011 2557 3067 ille:
2591 3013 2780 3067 Nauta
2803 3030 2961 3068 eram
2985 3029 3116 3068 cum
3141 3029 3331 3068 essem
3359 3012 3727 3082 adolescens,
3761 3015 3816 3065 et
3842 3023 3939 3063 cun

2337 3103 2407 3156 ab
2426 3102 2618 3156 Africa
2637 3102 3065 3173 navigaremus,
3087 3103 3144 3157 in
3163 3102 3308 3157 mari
3322 3102 3512 3159 oculis
3529 3106 3764 3174 repente
3778 3103 3930 3169 captu

580 3195 760 3250 Maria
782 3213 963 3263 soror,
990 3195 1140 3265 quod
1170 3199 1405 3264 peccata
1437 3211 1567 3249 mea
1598 3199 1754 3258 sunt,
1781 3199 1843 3250 ut
1875 3199 2109 3265 propter
2131 3209 2222 3247 me
2256 3215 2298 3283 ο
2337 3208 2492 3260 sum,
2519 3209 2621 3247 nec
2644 3190 2840 3246 valens
2865 3191 3189 3258 ambulare,
3214 3191 3556 3264 albuginem
3582 3192 3640 3246 in
3673 3189 3848 3245 oculis
3869 3187 3933 3241 ha

577 3303 680 3340 vos
713 3302 919 3341 omnes
952 3285 1252 3355 pereatis?
1282 3284 1386 3340 Illa
1417 3301 1550 3339 vero
1584 3284 1759 3339 altius
1809 3284 2221 3355 ingemiscens,

579 3376 694 3429 ait:
729 3374 894 3439 Vere,
931 3374 1167 3429 domine
1201 3373 1587 3442 minauclere,
1621 3389 1725 3444 ego
1760 3372 2049 3444 peccatrix
2067 3389 2220 3427 sum.

582 3462 910 3516 Etdixiilli:
946 3463 1079 3526 Quae
1123 3467 1360 3531 peccata
1417 3461 1616 3526 habes,
1682 3461 1938 3515 mulier?
1965 3463 2032 3516 Et
2070 3461 2221 3515 883

580 3550 718 3603 illa:
754 3550 844 3604 Vae
877 3549 1046 3614 mihi,
1078 3548 1442 3619 inquit,quia
1465 3565 1580 3602 non
1613 3552 1700 3602 est
1732 3551 2034 3618 peccatum
2067 3548 2221 3618 quod

578 3653 682 3707 ego
717 3654 826 3691 non
861 3637 1102 3709 egerim,
1137 3643 1190 3691 et
1222 3641 1457 3707 propter
1489 3641 1726 3707 peccata
1742 3654 1870 3692 mea
1898 3654 1998 3692 vos
2021 3653 2222 3692 omnes

577 3726 632 3778 in
666 3725 920 3795 periculo
942 3725 1242 3780 constituti
1279 3726 2222 3781 estis.’l‘uucenarravitmihimu-

578 3813 684 3867 lier
714 3830 841 3884 qua”:
868 3814 1020 3869 circa
1052 3831 1112 3868 se
1145 3819 1334 3880 erant,
1369 3814 1606 3881 dicens;
1647 3815 1928 3881 Profecto,
1991 3815 2222 3870 domine

582 3902 870 3971 nauclerc,
905 3902 1104 3958 infelix
1121 3919 1225 3974 ego
1242 3903 1429 3957 virum
1451 3903 1732 3972 habui,ex
1763 3921 1877 3974 quo
1900 3904 2047 3959 duos
2072 3903 2222 3959 ﬁlios

580 3992 754 4062 genui
782 4010 794 4046 :
827 4008 1080 4063 cumque
1094 3993 1161 4047 ad
1196 3996 1421 4047 aetatem
1440 3992 2020 4063 pervenissent,unus
2041 4009 2222 4048 anno-

583 4096 712 4134 rum
750 4096 974 4146 novem,
1011 4080 1161 4135 alius
1193 4081 1470 4150 quinque,
1507 4086 1774 4135 mortuus
1807 4084 1894 4136 est
1924 4081 2010 4135 vir
2032 4098 2218 4152 meus,

578 4175 637 4226 et
660 4170 912 4225 remansi
945 4169 1135 4224 vidua.
1169 4169 1333 4223 Miles
1375 4174 1570 4223 autem
1623 4170 1863 4239 quidam
1923 4169 2224 4225 habitabat

571 4262 741 4334 juxta
776 4276 885 4323 me,
921 4275 1093 4330 quem
1121 4275 1226 4331 ego
1260 4258 1534 4313 maritum
1570 4259 1829 4329 accipere
1859 4258 2034 4329 volui,
2061 4260 2221 4314 misi-

578 4366 690 4421 que
722 4349 792 4403 ad
825 4349 1018 4418 ipsum
1052 4349 1359 4419 quosdam.
1408 4347 1506 4402 [lle
1536 4351 1728 4401 autem
1763 4365 1876 4402 non
1937 4348 2223 4419 acquievit

577 4439 777 4493 dicens
804 4455 815 4492 :
844 4438 964 4491 Non
998 4437 1219 4508 accipio
1254 4453 1494 4490 uxorem
1520 4453 1644 4506 quae
1674 4436 1887 4492 habent
1943 4455 2010 4493 ex
2041 4438 2220 4493 altero

574 4527 694 4579 viro
727 4525 900 4581 ﬁlios.
927 4526 1040 4597 Ego
1065 4531 1258 4580 autem
1283 4525 1484 4580 videns
1503 4527 1898 4597 quodpropter
1927 4527 2075 4582 ﬁlios
2095 4528 2219 4583 nol-

573 4615 652 4670 let
684 4631 772 4669 me
805 4614 1065 4685 accipere
1099 4613 1608 4684 uxorem,inducta
1630 4632 1826 4670 amore
1856 4617 2004 4686 ejus,
2035 4617 2219 4672 occidi

575 4706 721 4758 duos
753 4703 904 4758 ﬁlios
929 4719 1110 4770 meos,
1135 4702 1506 4773 iudicavique
1530 4703 1615 4757 illi
1639 4704 2017 4759 dicenszEcce
2051 4707 2214 4761 modo

575 4791 803 4847 nullum
841 4791 1020 4846 habeo
1054 4791 1259 4846 ﬁlium.
1292 4791 1459 4846 Miles
1480 4809 1612 4846 vero
1636 4809 1765 4846 cum
1791 4793 2055 4849 audisset
2077 4795 2214 4866 quid

573 4881 825 4951 egissem
859 4881 928 4935 de
960 4881 1113 4946 ﬁliis,
1143 4881 1260 4935 ait:
1295 4879 1448 4934 Vivit
1479 4880 1762 4935 Dominus
1796 4883 1896 4953 qui
1938 4883 1998 4937 in
2055 4883 2214 4940 cmlis

575 4971 818 5038 habitat,
854 4971 992 5042 quia
1021 4975 1075 5024 te
1109 4987 1221 5025 non
1255 4969 1558 5041 accipiam.
1592 4971 1755 5024 Unde
1787 4988 1890 5042 ego
1924 4977 2212 5044 metuens,

573 5078 642 5115 ne
674 5060 781 5115 hoc
815 5059 1197 5114 manifestum
1225 5059 1471 5128 ﬁeret,et
1504 5061 1929 5131 morerer,fugi.
1959 5061 2086 5118 Haec
2109 5079 2212 5135 ego

571 5150 817 5204 audiens
852 5166 919 5204 ex
950 5166 1045 5204 ore
1079 5148 1363 5212 mulieris,
1415 5164 1486 5202 ne
1545 5148 1628 5203 sic
1671 5150 1907 5219 quidem
1960 5151 2117 5207 illam
2153 5153 2212 5206 in

571 5254 728 5292 mare
761 5239 1043 5308 projicere
1067 5236 1241 5304 volui,
1278 5237 1378 5292 sed
1413 5235 1687 5292 differens
1746 5239 1863 5293 dixi
1922 5241 1991 5295 ad
2051 5240 2211 5297 illam

574 5344 822 5382 rursus:
852 5332 1001 5383 Ecce
1033 5344 1136 5398 ego
1170 5327 1418 5383 ascendo
1451 5327 1508 5382 in
1543 5328 1819 5383 carabum
1862 5329 1996 5400 (f7),
2053 5337 2109 5386 et
2167 5332 2213 5386 si

571 5415 963 5471 ambulaverit
996 5415 1180 5486 navis,
1207 5416 1351 5472 scito
1385 5417 1522 5487 quia
1555 5422 1791 5488 peccata
1823 5435 1949 5474 mea
1982 5419 2040 5474 in
2083 5421 2212 5476 navi

569 5504 1248 5576 operantur.Vocavique
1266 5505 1540 5561 continuo
1565 5506 1962 5576 scapharium,
1985 5513 2040 5564 et
2072 5509 2211 5565 dixi:

566 5595 789 5651 Produc
820 5594 1120 5666 scapham.
1155 5596 1414 5668 Cumque
1448 5595 1852 5650 ascendissem
1906 5596 1964 5652 in
2023 5597 2210 5669 illam,

571 5683 751 5743 nihilo
781 5684 971 5758 magis
1002 5684 1089 5742 vel
1115 5684 1278 5743 navis
1308 5683 1396 5741 vel
1437 5683 1657 5757 scapha
1690 5688 1848 5743 mota
1878 5689 1988 5744 est.
2049 5689 2213 5747 Tunc

2252 4579 2300 4642 D

2337 3279 2458 3336 hui.
2483 3281 2637 3336 Dixit
2666 3285 2862 3336 autem
2895 3280 2985 3335 hic
3013 3282 3109 3336 alii
3143 3298 3329 3336 caaco:
3365 3282 3449 3335 Tu
3501 3298 3639 3337 vero
3698 3277 3939 3350 quomo-Ji

2334 3370 2572 3425 effectus
2594 3388 2656 3425 es
2678 3386 2866 3426 caecus
2887 3370 2913 3424 7
2936 3371 3257 3442 Respondit
3277 3375 3331 3426 et
3354 3371 3451 3425 ille
3475 3372 3717 3427 dicens:
3743 3366 3878 3421 Vitri
3899 3381 3939 3418 at

2336 3475 2483 3513 usus
2512 3459 2702 3515 varios
2735 3459 3018 3515 fundendi
3050 3459 3258 3514 artifex
3287 3459 3393 3528 fui,
3427 3464 3488 3515 et
3548 3476 3619 3515 ex
3652 3459 3778 3529 igne
3809 3454 3939 3511 amis

2334 3548 2481 3603 duos
2511 3547 2712 3604 oculos
2743 3565 2926 3614 meos,
2958 3553 3014 3603 et
3034 3564 3221 3603 caecus
3253 3549 3496 3604 effectus
3521 3547 3852 3604 sum.Aiuut
3873 3561 3936 3598 au

2333 3641 2448 3692 tem
2485 3639 2656 3692 ambo
2688 3637 2747 3691 hi
2781 3638 2878 3709 qui
2911 3638 3252 3709 interrogati
3285 3638 3523 3693 fuerant
3579 3639 3651 3693 ad
3701 3635 3923 3692 tertium

2332 3726 2434 3781 Dic
2466 3731 2521 3780 et
2554 3732 2614 3781 tu
2647 3728 2938 3797 quomodo
2970 3727 3158 3782 factus
3191 3743 3252 3782 es
3302 3744 3494 3783 caecus
3528 3728 3556 3781 ‘l
3617 3724 3926 3798 Respondit

2333 3814 2476 3869 Vere
2508 3831 2612 3886 ego
2645 3816 2807 3871 vobis
2828 3816 3039 3870 dicam:
3064 3820 3206 3870 Cum
3222 3832 3411 3872 essem
3439 3812 3936 3883 adolescens,labo

2334 3919 2455 3959 rem
2487 3904 2654 3960 valde
2684 3906 2939 3975 oderam,
2994 3913 3048 3960 et
3104 3905 3470 3972 recusabam,
3527 3905 3932 3972 luxuriosusqu

2333 3996 2523 4051 factus
2545 4000 2958 4067 sum.Cumque
2980 4012 3095 4050 non
3120 3996 3394 4051 haberem
3419 3995 3761 4053 necessaria
3781 3990 3939 4048 victui

2334 4084 2513 4139 furari
2546 4083 2661 4156 iam
2685 4084 3104 4156 coeperam.Die
3135 4100 3267 4140 vero
3317 4086 3579 4155 quadam
3642 4101 3777 4140 cum
3831 4081 3935 4137 mal

2333 4174 2518 4231 multa
2532 4178 2982 4246 perpetrassem,
3000 4173 3227 4230 stabam
3243 4174 3303 4228 in
3320 4175 3580 4245 quodam
3596 4173 3744 4243 loco,
3760 4173 3939 4228 videns

2333 4282 2444 4337 que
2478 4268 2774 4318 mortuum
2801 4262 2986 4318 efferri
3022 4263 3239 4334 optime
3261 4262 3562 4330 indutum,
3588 4267 3826 4320 secutus
3848 4276 3939 4316 sur

2331 4355 2528 4422 funus,
2564 4356 2627 4407 ut
2664 4351 2917 4408 viderem
2950 4352 3047 4406 ubi
3081 4359 3414 4422 poneretur.
3447 4353 3758 4410 Venerunt
3788 4355 3939 4406 auter

2331 4447 2484 4498 retro
2517 4444 2787 4496 sanctum
2817 4445 3126 4511 Joannem,
3162 4445 3216 4496 et
3247 4441 3326 4497 ibi
3362 4447 3697 4513 posuerunt
3727 4440 3889 4498 illum
3919 4438 3932 4492 i

2331 4534 2734 4600 monumento,
2769 4529 3134 4600 peractisque
3165 4530 3374 4585 ofﬁciis
3415 4535 3814 4588 recesserunt.
3867 4530 3939 4598 Eg

2331 4638 2464 4677 mox
2495 4625 2558 4675 ut
2587 4619 2716 4675 illos
2734 4619 3047 4674 recessisse
3061 4618 3939 4692 vidi,ingressusmonumentui

2326 4709 2458 4764 exui
2483 4709 2700 4780 ipsum,
2726 4707 2938 4762 nihilei
2956 4707 3293 4778 relinquens
3321 4713 3532 4780 praeter
3557 4727 3750 4766 unum
3774 4709 3939 4763 lintea

2327 4814 2480 4852 men.
2516 4797 2656 4852 Cum
2688 4813 2824 4868 ergo
2839 4797 3110 4869 progredi
3131 4797 3450 4868 inciperem
3475 4799 3546 4853 de
3571 4802 3939 4855 monument:

2325 4886 2527 4942 multis
2560 4890 2808 4942 onustus
2840 4887 3075 4958 pannis,
3109 4886 3251 4942 dicit
3281 4886 3720 4960 mihiimproba
3739 4905 3866 4944 mea
3889 4904 3939 4941 cc

2323 4976 2528 5047 gitatio
2559 4992 2572 5029 :
2605 4975 2812 5047 Accipe
2843 4979 2899 5031 et
2930 4975 3200 5046 linteum,
3226 4973 3363 5045 quia
3393 4975 3616 5031 bonum
3654 4982 3768 5034 est.
3817 4977 3939 5032 Red.

2323 5070 2514 5121 autem
2541 5064 2742 5120 infelix
2774 5080 2900 5137 ego,
2924 5069 2988 5119 ut
3018 5068 3256 5136 sumpto
3287 5065 3462 5120 etiam
3497 5065 3706 5136 linteo,
3755 5068 3939 5122 nudur

2320 5154 2486 5210 illum
2508 5154 2896 5225 relinquerem
2913 5197 2922 5211 .
2939 5155 3100 5209 Tunc
3117 5154 3331 5210 resedit
3357 5169 3550 5210 coram
3574 5171 3672 5211 me
3689 5161 3939 5212 mortuus

2321 5245 2752 5313 exleudensque
2784 5261 2963 5315 super
2993 5260 3086 5298 me
3122 5261 3334 5299 manus
3366 5261 3527 5313 suas,
3580 5246 3795 5318 digitis
3857 5245 3939 5300 sui

2322 5333 2475 5388 eruit
2506 5332 2706 5388 oculos
2740 5348 2920 5388 meos.
2945 5336 3062 5404 Ego
3085 5333 3263 5403 igitur
3293 5333 3677 5401 miserabilis,
3723 5335 3939 5390 dimiss:

2326 5421 2630 5492 omnibus,
2665 5437 2797 5475 cum
2829 5421 3441 5493 magnatribulatione
3464 5429 3516 5477 et
3543 5423 3820 5494 periculo
3844 5424 3939 5479 exii

2320 5511 2390 5566 de
2422 5515 2826 5566 monumento.
2861 5514 3002 5567 Ecce
3034 5515 3089 5568 et
3121 5528 3226 5584 ego
3289 5511 3406 5567 dixi
3456 5511 3626 5568 vobis
3691 5513 3939 5586 quomod

2321 5616 2506 5655 caecus
2531 5601 2715 5655 factus
2732 5603 3009 5657 sum.1sta
3023 5618 3157 5657 cum
3181 5601 3580 5671 audissemus,
3610 5602 3818 5660 innuit
3842 5603 3939 5659 mil

2323 5687 2599 5747 dominus
2621 5704 2787 5748 meus
2819 5688 3206 5764 Sophronius,
3239 5696 3296 5749 et
3317 5692 3706 5750 recessimus.
3741 5693 3815 5751 Et
3846 5695 3939 5749 dix
