4122 6188
250 349 353 408 161

1566 350 1869 410 PRATUM
1903 346 2355 406 SPIRITUALE.

3564 358 3669 416 162

248 480 367 531 Per
385 473 893 545 dispensationem
913 430 1107 531 autem
1134 474 1232 532 Dei
1254 474 1399 532 abiit
1420 490 1597 532 senex
1617 474 1689 530 ad
1711 476 1909 545 partes
1939 472 1994 539 Α
2025 472 2222 527 autem
2244 471 2305 528 in
2327 489 2437 530 sua
2453 472 2835 546 perstiterunt
2855 477 3429 546 sententia,dicentes
3448 481 3667 540 abbati:

248 563 745 620 illas.Nauclerus
775 568 997 633 autem,
1021 569 1335 636 conspecto
1367 581 1530 629 sene,
1560 579 1909 637 agnoscens-
1967 566 2008 615 Ν
2047 576 2121 615 on
2152 563 2419 633 suppetit
2449 562 2617 617 nobis
2641 563 2794 633 qucd
2821 564 2958 618 dare
2976 566 3467 635 possimus.Tunc
3490 572 3672 628 abbas

252 670 369 726 que
400 658 675 709 sanctum
705 652 920 721 virum,
952 653 1035 709 ait
1061 653 1167 710 illi:
1194 655 1327 723 Ora,
1348 653 1585 710 domine
1617 654 1788 722 abba,
1809 668 1911 724 pro

251 744 386 798 navi
417 742 559 809 ista,
593 759 697 814 per
728 746 883 798 artes
904 743 1061 798 enim
1094 745 1354 815 magicas
1386 743 1445 798 in
1478 759 1638 798 mare
1670 743 1911 797 descen-

247 834 389 887 dere
411 848 533 887 non
550 836 765 904 potest.
792 831 945 887 Dicit
959 831 1011 887 ei
1029 833 1257 889 senior:
1283 832 1465 899 Vade,
1490 833 1579 887 fac
1618 836 1686 887 ut
1714 831 1909 885 cibum

258 937 525 988 sumam,
553 925 612 974 et
640 920 791 976 Deus
816 920 1049 991 juvabit
1080 927 1154 975 te.
1193 923 1305 977 Iloc
1336 925 1531 977 autem
1550 921 1691 976 dixit
1714 936 1911 987 senex,

250 1017 318 1065 ut
352 1009 673 1066 nauclerus
704 1010 894 1065 abiret
917 1011 1177 1065 domum.
1199 1011 1341 1067 Cum
1362 1028 1501 1067 vero
1525 1010 1622 1066 ille
1646 1009 1909 1077 abiisset,

256 1099 518 1155 accessit
539 1115 717 1155 senex
735 1098 897 1154 solus
923 1100 994 1153 ad
1019 1106 1319 1166 navem,et
1339 1101 1509 1155 tertio
1531 1098 1669 1155 sein
1694 1103 1910 1154 terram

254 1193 667 1261 prosternens,
698 1192 755 1242 et
785 1204 960 1244 orans
994 1189 1197 1256 Deum,
1231 1189 1401 1245 tertio
1424 1187 1660 1261 signivit
1719 1188 1909 1241 navim

254 1278 431 1350 signo
466 1280 684 1333 sancta
718 1276 910 1333 crucis
942 1278 1000 1332 in
1027 1278 1263 1333 nomine
1296 1279 1524 1333 Domini
1559 1277 1743 1333 nostri
1773 1276 1911 1333 Jesu

252 1366 499 1423 Christi.
528 1366 785 1422 Veniens
815 1366 1026 1423 deinde
1050 1384 1223 1423 senex
1250 1367 1307 1422 in
1339 1368 1580 1423 domum
1629 1366 1911 1433 naucleri,

259 1455 522 1511 dixitilli
549 1472 563 1511 :
597 1454 752 1511 Vade
784 1457 856 1511 ad
891 1471 1097 1532 navem
1127 1462 1312 1525 tuam,
1344 1463 1401 1512 et
1431 1457 1615 1512 deduc
1658 1456 1819 1511 illam
1853 1456 1912 1509 in

258 1561 447 1600 mare.
483 1543 806 1600 Nauclerus
838 1549 1037 1601 autem
1069 1546 1313 1601 credens
1342 1546 1535 1601 verbis
1566 1545 1746 1613 senis,
1771 1544 1914 1600 abiit

259 1651 401 1689 cum
425 1634 891 1706 paucis,illisque
915 1635 1455 1705 trahentibus,mox
1473 1636 1531 1691 in
1557 1653 1715 1691 mare
1740 1636 1846 1692 ded
1859 1653 1916 1691 u-

259 1730 358 1779 cta
389 1729 483 1779 est
517 1723 702 1779 navis.

808 1812 1040 1870 CAPUT
1092 1814 1381 1870 LXXXIV.

2019 649 2403 705 contristatus
2436 652 2518 705 ait
2548 650 2705 707 illis:
2743 652 2847 719 Ite,
2873 658 2930 708 et
2960 658 3283 713 secundum
3317 661 3470 731 quod
3495 662 3667 717 vultis

2019 737 2340 793 facite.Non
2368 740 2586 809 itaque,
2610 744 2674 796 ut
2695 747 3042 798 consuetum
3065 750 3208 814 erat,
3242 748 3528 804 dederunt
3572 752 3672 806 be-

2019 826 2408 884 nedictionem
2458 830 2517 883 in
2560 830 2652 885 die
2708 836 2911 887 sancto
2968 832 3153 889 Caenis
3202 840 3258 891 et
3302 837 3663 896 Paresceves.

2017 916 2317 971 Profectus
2344 919 2717 989 postmodum
2751 921 2849 991 qui
2881 928 3123 992 praeerat
3150 923 3396 993 horreis,
3441 930 3669 998 aperuit

2016 1004 2188 1072 ostia,
2222 1011 2280 1061 et
2302 1008 2521 1079 reperit
2542 1008 2801 1063 triticum
2829 1014 3014 1066 totum
3051 1014 3439 1083 germinasse;
3490 1034 3667 1088 quare

2018 1094 2200 1149 coacti
2232 1101 2435 1166 postea
2466 1113 2674 1153 sumus
2706 1098 2851 1154 illud
2887 1101 2944 1154 in
2978 1116 3137 1157 mare
3170 1105 3471 1175 projicere.
3507 1108 3667 1161 Tunc

2016 1183 2163 1239 887
2201 1186 2372 1255 erepit
2402 1186 2584 1242 abbas
2620 1192 2821 1243 noster
2851 1189 3043 1246 dicere
3065 1191 3364 1249 fratribus:
3419 1195 3525 1259 Qui
3558 1196 3667 1250 Pa-

2018 1272 2123 1329 tris
2156 1276 2339 1330 nostri
2372 1277 2595 1331 monita
2623 1277 2788 1332 irrita
2816 1278 2974 1349 facit,
3008 1280 3121 1335 ista
3154 1282 3407 1354 patitur;
3438 1284 3667 1341 labores

2018 1379 2176 1419 nunc
2198 1364 2601 1420 inobedientize
2617 1367 3207 1441 metite.Quingentos
3231 1373 3456 1429 modios
3471 1374 3664 1430 daturi

2016 1468 2272 1519 eramus,
2308 1458 2363 1507 et
2393 1454 2547 1509 l’atri
2572 1460 2771 1511 nostro
2795 1457 3120 1514 Theodosio
3153 1477 3256 1532 per
3276 1462 3663 1519 obedientiam

2017 1540 2804 1616 placuissemus,fratresque
2822 1554 3051 1603 nostros
3075 1566 3360 1622 pauperes
3384 1553 3666 1608 consolati

2018 1630 2356 1700 fuissemus;
2393 1650 2546 1688 nunc
2570 1650 2699 1690 vero
2716 1636 2978 1707 quinque
2996 1638 3110 1693 fere
3135 1638 3319 1694 millia
3337 1642 3666 1697 modiorum

2017 1720 2194 1775 tritici
2220 1722 2603 1790 perdidimus.
2629 1724 2777 1790 Quid
2813 1726 3019 1781 lucrati
3044 1745 3273 1797 sumus,
3304 1729 3457 1785 filii?
3480 1749 3670 1803 quan-

2018 1812 2145 1864 tum
2179 1811 2348 1865 nobis
2380 1811 2526 1882 ipsis
2556 1813 2900 1869 nocuimus?
2920 1815 3043 1870 Duo
3064 1818 3321 1888 profecto
3347 1820 3499 1875 mala
3548 1821 3672 1893 egi-

262 1902 387 1957 I’ita
408 1910 459 1957 et
477 1918 631 1957 mors
648 1901 997 1961 anachoreta:
1016 1903 1255 1975 ejusdem
1282 1904 1607 1961 monasterii
1636 1906 1783 1960 servi
1796 1904 1915 1961 Dei.
1950 1902 1997 1967 B
2030 1915 2181 1954 mus-
2200 1899 2413 1967 Unum,
2434 1900 2571 1971 quia
2594 1903 2937 1957 mandatum
2952 1904 3141 1961 Patris
3158 1907 3339 1961 nostri
3354 1910 3671 1979 prmtcrivi-

337 2009 628 2080 Ejusdem
650 2011 987 2065 monasterii
1009 2014 1214 2067 Patres
1238 2012 1825 2079 narraveruntnobis,
1843 2012 1929 2067 di-

261 2105 469 2156 centes
497 2115 511 2154 :
543 2098 908 2155 Anacboreta
935 2100 1178 2171 quidam
1214 2100 1272 2154 in
1308 2100 1398 2157 bis
1432 2101 1732 2156 montibus
1780 2103 1925 2185 erat,

263 2204 530 2259 magnus
559 2186 727 2243 valde
747 2189 1074 2244 secundum
1099 2189 1307 2258 Deum,
1327 2189 1612 2262 plurimos
1633 2208 1819 2247 annos
1845 2191 1929 2245 vi-

260 2281 388 2332 tam
424 2275 751 2341 solitariam
775 2277 1013 2332 ducens.
1039 2277 1304 2335 Mortuus
1325 2283 1413 2337 est
1436 2284 1633 2335 autem
1669 2280 1727 2334 in
1752 2297 1929 2351 parva

257 2366 522 2437 quadam
543 2365 845 2437 spelunca,
862 2367 1031 2423 nobis
1048 2368 1470 2437 nescientibus;
1488 2369 1929 2424 arbitrabamur

262 2455 432 2511 enim
460 2470 688 2524 omnes,
713 2456 868 2527 quod
889 2457 958 2511 ad
985 2457 1158 2513 aliam
1183 2474 1444 2514 eremum
1466 2460 1799 2530 migrasset.
1819 2460 1926 2515 No-

262 2551 357 2600 cte
395 2561 531 2601 vero
552 2546 808 2616 quadam
840 2547 1000 2602 venit
1024 2546 1081 2601 in
1100 2548 1346 2616 somnis,
1368 2553 1423 2603 et
1456 2548 1727 2620 apparuit
1751 2550 1801 2604 ei
1823 2549 1923 2620 qui

256 2650 431 2690 nunc
461 2638 572 2704 est,
600 2634 751 2705 patri
783 2640 1011 2702 nostro,
1044 2636 1191 2692 bono
1224 2641 1282 2692 et
1311 2638 1534 2709 optimo
1558 2638 1797 2709 pastori,
1827 2639 1923 2693 ab-

272 2724 407 2779 bati
436 2723 690 2792 Iuliano,
721 2724 944 2780 dicens:
977 2726 1153 2781 Sume
1179 2730 1367 2782 tecum
1400 2727 1648 2800 aliquos,
1682 2733 1740 2783 et
1769 2728 1919 2799 veni,

267 2812 498 2868 tollens
530 2829 623 2868 me
651 2814 723 2869 de
754 2812 878 2869 loco
911 2815 1010 2870 ubi
1034 2816 1225 2886 jaceo,
1250 2816 1308 2870 in
1341 2822 1536 2872 monte
1555 2817 1656 2889 qui
1688 2823 1923 2873 vocatur

260 2904 514 2958 Cervus.
547 2902 815 2973 Sumpsit
846 2904 1027 2975 igitur
1080 2906 1367 2977 quosdam
1399 2923 1467 2961 ex
1524 2907 1693 2962 nobis
1751 2912 1922 2963 Pater

256 2995 498 3059 noster,
530 2995 584 3046 et
616 2992 879 3047 ascendit
910 2993 968 3047 in
1032 2999 1285 3049 montem
1334 3010 1510 3067 quem
1545 2995 1641 3051 ille
1671 2996 1915 3054 dixerat.

252 3084 538 3153 Cumque
556 3099 657 3155 per
686 3083 883 3155 plures
902 3085 1076 3140 horas
1099 3085 1535 3157 quaesissemus,
1556 3104 1666 3143 non
1692 3087 1917 3143 inveni-

248 3188 404 3227 mus
432 3172 797 3229 anachoreta:
826 3173 1126 3246 reliquias.
1159 3176 1291 3230 Erat
1322 3177 1472 3231 enim
1508 3176 1795 3247 speluncas
1826 3178 1914 3233 in-

2037 2006 2191 2057 mus,
2224 1990 2494 2059 alterum,
2522 1992 2659 2063 quia
2690 2009 2851 2063 spem
2886 1993 2942 2047 in
2975 1994 3159 2051 Deum
3182 2014 3296 2052 non
3329 1998 3675 2068 habuimus,

2034 2079 2134 2134 sed
2160 2079 2217 2133 in
2241 2079 2449 2135 horreo
2471 2086 2689 2137 nostro.
2715 2081 2818 2137 Vel
2848 2100 2916 2138 ex
2947 2083 3057 2140 hoc
3088 2085 3410 2153 discamus,
3444 2088 3673 2155 fratres,

2034 2167 2173 2239 quia
2204 2169 2358 2224 Deus
2386 2173 2475 2224 est
2505 2171 2603 2241 qui
2636 2171 2895 2241 disponit
2925 2189 3096 2227 omne
3112 2174 3440 2230 humanum
3469 2193 3673 2248 genus,

2033 2258 2305 2329 quodque
2331 2263 2573 2314 sanctus
2604 2260 2964 2317 Theodosius
2984 2262 3359 2321 invisibiliter
3383 2283 3483 2338 pro
3508 2269 3676 2323 nobis

2030 2346 2169 2402 filiis
2199 2346 2325 2403 suis
2355 2364 2553 2403 curam
2587 2348 2835 2405 sollicite
2864 2349 3031 2422 gerit.

2566 2464 2802 2520 CAPUT
2854 2466 3138 2522 LXXXVI.

2028 2551 2099 2606 De
2120 2552 2294 2608 altero
2315 2552 2560 2635 eiusdem
2587 2555 3264 2635 monasteriianaehoreta
3281 2558 3370 2629 qui
3404 2560 3595 2615 statim
3619 2570 3681 2616 ut

2099 2628 2540 2680 communionem
2564 2642 2776 2681 sacram
2801 2628 3058 2698 sumpsit,
3080 2636 3485 2686 consummatus
3504 2637 3602 2687 est.

2100 2722 2293 2777 Abbas
2320 2723 2583 2794 Egiarius
2608 2726 2864 2779 narravit
2888 2726 3284 2793 nobis,dicens
3309 2746 3321 2783 :
3348 2733 3492 2786 Cum
3526 2731 3677 2786 exis-

2026 2828 2148 2866 sem
2181 2828 2246 2867 ex
2280 2813 2434 2883 Egis
2464 2818 2596 2883 post
2628 2813 3083 2883 solemnitatem,
3114 2815 3426 2888 hiemsque
3487 2820 3680 2874 acrior

2025 2900 2573 2968 iuhorruisset,veni
2607 2903 2665 2956 in
2690 2904 3113 2959 monasterium
3139 2905 3679 2980 Scopuli.Cumque

2025 2989 2144 3044 illic
2158 3006 2370 3055 essem,
2386 2990 2501 3045 tale
2518 2990 2736 3062 aliquid
2755 2992 3020 3063 contigit:
3050 2994 3421 3051 Anacboreta
3436 2997 3677 3068 quidam

2026 3079 2081 3133 in
2108 3078 2371 3150 partibus
2406 3078 2523 3134 illis
2553 3085 2676 3135 erat
2708 3080 3030 3150 solitarius,
3056 3084 3441 3156 veniebatque
3473 3093 3675 3143 sancto

2024 3168 2115 3223 die
2141 3167 2464 3234 Dominico,
2489 3172 2546 3223 et
2578 3169 2851 3224 sumebat
2876 3173 3210 3227 veneranda
3252 3176 3546 3245 mysteria.
3581 3178 3679 3231 Sc-

242 3276 514 3331 gressus
536 3278 638 3332 pro
668 3265 929 3333 tempore
962 3263 1197 3318 nivibus
1240 3268 1299 3319 et
1350 3262 1526 3336 lignis
1584 3272 1912 3337 coopertus.
1946 3257 1988 3323 C
2028 3257 2139 3313 mel
2174 3261 2369 3312 autem
2404 3257 2835 3313 scandalizatus
2875 3259 3247 3331 anachoreta,
3275 3263 3535 3333 quinque
3568 3266 3683 3321 fere

241 3354 414 3403 Cum
445 3365 582 3421 ergo
610 3366 727 3406 non
761 3352 1214 3418 invenissemus,
1239 3352 1385 3408 dixit
1415 3353 1647 3410 senior:
1696 3354 1921 3421 Venite,

244 3438 1129 3513 descendamus,ﬁlii.Cumque
1149 3442 1504 3499 descendere
1528 3442 1923 3515 inciperemus

244 3542 400 3583 ecce
434 3543 641 3599 caprea
670 3529 843 3599 venit,
877 3535 933 3585 et
954 3531 1121 3586 stetit
1143 3547 1260 3587 non
1283 3531 1453 3603 longe
1476 3550 1509 3587 a
1530 3533 1701 3587 nobis
1722 3534 1923 3605 ccrpit-

247 3633 379 3688 que
415 3615 663 3686 pedibus
693 3618 819 3673 suis
854 3619 1094 3674 humum
1122 3620 1337 3677 fodere.
1374 3621 1536 3685 Quod
1588 3638 1721 3677 cum
1758 3622 1925 3678 Pater

250 3709 471 3761 noster
496 3705 963 3777 aspiceret,dixit
992 3710 1184 3765 nobis:
1210 3711 1437 3766 Credite
1460 3710 1626 3777 mihi,
1653 3711 1779 3778 filii,
1806 3712 1923 3767 illic

252 3792 541 3866 sepultus
571 3800 655 3849 est
686 3811 891 3851 servus
913 3796 1033 3852 Dei.
1060 3798 1365 3854 Fodientes
1386 3798 1921 3869 igiturinvenimus

256 3899 489 3955 corpus
522 3885 649 3954 ejus
681 3884 1000 3956 integrum;
1033 3887 1186 3957 quod
1212 3888 1513 3943 sublatum
1540 3889 1598 3944 in
1624 3895 1920 3946 monaste-

253 3972 426 4027 rium
458 3988 594 4028 cum
626 3972 842 4030 honore
867 3976 1206 4047 sepelimus.

826 4092 1065 4148 CAPUT
1099 4093 1365 4151 LXXXV.

254 4178 548 4246 Quomodo
595 4180 851 4236 triticum
881 4182 1127 4252 ejusdem
1172 4186 1499 4240 monasterii
1526 4186 1923 4253 germinaverit

445 4260 667 4321 propter
694 4256 1056 4310 cessationem
1083 4261 1346 4311 eonsuetw
1365 4258 1738 4329 eleemosynaa.

325 4350 735 4407 Narraverunt
765 4359 959 4410 autem
987 4355 1158 4411 nobis
1182 4374 1391 4413 rursus
1408 4363 1463 4413 et
1488 4358 1615 4424 hoc,
1636 4359 1917 4415 dicentes.

250 4440 646 4496 Consuetudo
680 4441 808 4512 fuit,
841 4448 907 4498 ut
942 4444 999 4499 in
1027 4462 1190 4499 ccena
1224 4446 1450 4501 Domini
1483 4464 1769 4518 pauperes
1796 4464 1919 4503 om-

248 4545 368 4583 nes
394 4537 447 4583 et
467 4529 675 4601 pupilli
697 4532 952 4605 regionis
968 4533 1148 4604 hujus
1170 4536 1675 4603 conﬂuerenthuc,
1691 4542 1749 4593 et
1766 4538 1920 4592 acci-

250 4622 473 4689 perent
500 4620 761 4676 medium
786 4622 965 4678 tritici
990 4626 1775 4693 sextarium,benedictiones
1798 4632 1918 4683 tre-
1950 4612 1996 4677 D

252 4705 482 4774 decim,
516 4711 571 4763 et
603 4710 915 4766 sextarium
961 4712 1103 4781 vini,
1160 4714 1540 4786 mediumque
1597 4719 1916 4772 sextarium

252 4793 461 4850 mellis
496 4813 600 4867 pro
631 4798 909 4869 quolibet.
932 4805 1079 4857 Ante
1109 4802 1217 4858 hoc
1238 4803 1917 4872 autemtriennium,ma-

249 4900 381 4956 gna
401 4886 581 4941 tritici
614 4888 889 4945 sterilitas
910 4890 1041 4955 fuit,
1062 4891 1539 4964 vendebaturque
1570 4894 1828 4951 triticum
1856 4897 1915 4951 in

251 4972 504 5045 regione
534 4975 665 5047 hac,
698 4979 936 5033 sextarii
969 4980 1279 5036 duodecim
1314 4997 1428 5037 uno
1460 4983 1842 5041 numismate.

323 5068 473 5119 Cum
498 5080 638 5138 ergo
659 5067 1179 5139 venissentjejunii
1202 5070 1562 5138 dies,dicunt
1593 5072 1785 5128 abbati
1814 5091 1914 5129 no-

246 5158 378 5208 stro
397 5153 641 5223 quidam
662 5172 731 5211 ex
752 5158 1039 5228 patribus:
1064 5158 1215 5225 Noli,
1236 5160 1473 5217 domine
1491 5166 1680 5227 Pater,
1702 5179 1913 5218 secun-

250 5243 403 5297 dum
436 5246 929 5301 consuetudinem
963 5248 1101 5304 dare
1134 5250 1491 5321 pauperibus
1522 5251 1808 5321 triticum,
1844 5270 1914 5309 ne

239 5331 405 5387 desit
428 5334 789 5390 monasterio
811 5354 824 5404 ;
850 5336 1111 5393 triticum
1126 5339 1283 5393 enim
1305 5355 1417 5394 non
1452 5340 1766 5396 invenitur.
1799 5343 1911 5397 Ab-

238 5422 353 5477 bas
381 5429 580 5479 autem
606 5426 781 5496 ccepit
803 5426 995 5483 dicere
1020 5428 1324 5485 fratribus:
1348 5432 1474 5486 Non
1494 5431 1909 5503 infringamus,

243 5511 380 5575 ﬁlii,
416 5512 889 5571 benedictionem
910 5516 1101 5573 Patris
1124 5519 1311 5574 nostri
1332 5520 1662 5576 Theodosii.
1686 5521 1907 5591 Videte,

245 5602 607 5657 mandatum
638 5605 801 5661 senis
830 5611 1065 5674 est,non
1098 5608 1331 5679 expedit
1351 5610 1522 5665 nobis
1549 5609 1692 5665 illud
1716 5616 1911 5668 trans-

246 5691 439 5762 gredi,
472 5707 607 5749 vere
639 5694 762 5765 ipse
790 5700 881 5751 est
908 5695 1007 5766 qui
1029 5713 1231 5754 curam
1261 5700 1445 5754 nostri
1474 5700 1637 5771 gerit.
1678 5700 1909 5759 Fratres

2026 3347 2426 3402 hebdomadas
2447 3347 3178 3419 mansit,nunquamjuxta
3195 3354 3681 3410 consuetudinem

2026 3436 2083 3490 in
2116 3436 2537 3491 monasterium
2570 3436 2829 3492 veniens:
2858 3444 3219 3510 quapropter
3240 3441 3450 3497 fratres
3474 3460 3679 3499 mona-

2026 3524 2186 3579 sterii
2220 3524 2733 3579 contristabantur.
2764 3527 2906 3582 Cum
2933 3542 3069 3599 ergo
3101 3527 3159 3582 in
3192 3528 3293 3585 illo
3325 3534 3680 3590 monasterio

2026 3629 2239 3678 essem,
2268 3613 2423 3669 venit
2440 3613 2746 3669 Dominico
2764 3616 2875 3670 die.
2902 3616 3085 3679 Quem
3105 3633 3239 3672 cum
3260 3619 3544 3677 vidissent
3566 3623 3682 3678 fra-

2025 3707 2143 3758 trcs
2166 3702 2724 3775 monasterii,gavisi
2768 3709 2927 3774 sunt,
2951 3706 3353 3781 prostratique
3410 3712 3685 3782 petebant

2023 3792 2279 3859 veniam,
2300 3796 2355 3847 et
2375 3790 2470 3846 ille
2489 3792 2763 3848 similiter
2783 3798 3113 3865 prostratus
3137 3799 3367 3854 veniam
3387 3801 3575 3871 petiit,
3600 3802 3685 3857 fe-

2025 3886 2349 3951 ceruntque
2362 3881 3102 3940 cbaritatem.Anachorela
3117 3902 3251 3942 vero
3265 3905 3397 3943 cum
3415 3890 3681 3961 accepis-
3722 3904 3725 3905 '

2025 3975 2114 4026 set
2136 3986 2350 4042 corpus
2376 3974 2433 4026 et
2460 3971 2810 4042 sanguinem
2829 3972 3053 4027 Domini
3081 3977 3265 4031 nostri
3292 3977 3432 4034 Jesu
3461 3978 3675 4036 Christi

2023 4060 2221 4132 posuit
2243 4060 2503 4131 seipsum
2537 4062 2593 4114 in
2627 4060 2878 4116 ecclesias
2912 4062 3126 4129 medio,
3160 4066 3481 4137 statimque
3530 4084 3674 4124 con-

2025 4154 2363 4205 summatus
2394 4154 2505 4216 est,
2537 4166 2676 4204 cum
2711 4166 2952 4220 prorsus
2983 4156 3156 4209 antea
3180 4171 3293 4209 non
3318 4160 3675 4227 mgrotasset.

2024 4239 2431 4309 Cognoverunt
2448 4254 2584 4309 ergo
2603 4240 2943 4295 monasterii
2962 4246 3179 4308 Patres,
3200 4244 3338 4314 quia
3352 4246 3679 4314 praescisset

2023 4327 2179 4382 diem
2206 4327 2399 4383 obitus
2432 4328 2521 4382 sui
2556 4327 2926 4396 anachoreta,
2963 4335 3017 4384 et
3049 4330 3265 4386 idcirco
3305 4333 3580 4400 venisset,
3611 4339 3676 4389 ut

2026 4416 2171 4471 nihil
2204 4416 2428 4471 habens
2461 4417 2739 4471 adversus
2774 4416 3027 4488 aliquem
3059 4420 3335 4492 migraret
3366 4423 3436 4477 ad
3477 4423 3674 4478 Domi-

2026 4522 2191 4560 num.

2557 4594 2787 4650 CAPUT
2831 4595 3138 4653 LXXXVII.

2030 4694 2279 4750 Inventio
2300 4694 2549 4763 corporis
2578 4693 2813 4750 Joannis
2842 4694 3188 4770 anachoreta:
3218 4701 3528 4770 nuncupati
3556 4703 3672 4757 Hu-

2768 4766 2943 4822 milis.

2098 4881 2375 4938 Venimus
2392 4880 2449 4934 in
2466 4882 2782 4952 quemdam
2796 4884 2989 4939 vicum
3007 4900 3105 4940 sex
3121 4886 3675 4947 milliaribusaRoso

2026 4972 2427 5039 distantem,et
2441 4972 2557 5026 duo
2572 4988 2742 5026 senes
2762 4972 3072 5029 saeculares
3089 4974 3342 5047 hospitio
3357 4995 3462 5035 nos
3482 4996 3675 5035 susce-

2025 5064 2237 5134 perunt
2268 5061 2324 5113 in
2358 5059 2603 5115 ecclesia
2626 5061 2789 5115 fundi
2819 5062 3115 5119 sui.Vicus
3138 5070 3329 5121 autem
3355 5069 3426 5122 ad
3446 5068 3673 5126 radices

2025 5150 2242 5207 montis
2264 5152 2479 5204 erat.In
2503 5148 2943 5222 ecclesiaigitur
2960 5152 3088 5223 ipsa
3102 5156 3485 5212 ostenderunt
3503 5159 3671 5215 nobis

2024 5254 2413 5296 marmoream
2448 5238 3017 5309 tabulam,di.entes;
3044 5240 3392 5314 Christiani,
3419 5264 3671 5320 magnus

2023 5333 2080 5387 in
2100 5330 2210 5384 hoc
2230 5328 3457 5401 monumento,anaehoretajacel.Diximus
3474 5342 3667 5394 autem

2021 5421 2123 5477 eis:
2161 5418 2280 5473 Hoc
2312 5417 2466 5471 unde
2501 5417 2686 5472 nostis
2707 5417 2734 5471 ?
2758 5422 2823 5472 Et
2854 5418 3126 5476 dixerunt
3157 5422 3364 5479 nobis:
3397 5427 3544 5481 Ante
3566 5445 3672 5482 an-

2021 5528 2128 5567 nos
2159 5512 2379 5577 septem
2405 5506 2839 5578 aspiciebamus
2861 5526 2965 5565 nos
2988 5510 3095 5565 vici
3116 5511 3295 5583 hujus
3317 5513 3671 5572 habitatores

2021 5616 2123 5672 per
2153 5600 2379 5653 noctem
2412 5595 2471 5649 in
2504 5596 2716 5651 vertice
2750 5600 2965 5655 montis
2997 5599 3187 5657 lucem
3221 5603 3391 5673 quasi
3452 5602 3669 5675 ignem;

2019 5705 2126 5745 nos
2139 5702 2274 5757 ergo
2294 5684 2653 5757 putabamus
2672 5689 2829 5758 quod
2856 5688 3050 5760 ignem
3086 5690 3298 5762 aliquis
3322 5690 3443 5747 illic
3463 5708 3667 5749 accen-
