3986 6168
514 316 621 376 163

1706 314 1804 372 DE
1840 310 2034 371 VITIB
2068 309 2369 370 PATRUM
2404 309 2620 367 LIBER
2654 311 2728 368 Χ.

3778 324 3870 387 1M

512 442 713 498 disset.
739 438 1002 511 Cumque
1019 452 1121 510 per
1142 436 1263 494 dies
1282 435 1569 508 plurimos
1588 435 1746 491 istud
1766 434 2159 505 aspiceremus
2189 434 2245 500 Α
2274 434 2407 489 ante
2436 431 2605 489 illum
2637 432 2754 490 ait:
2789 434 2901 491 Ora
2922 450 3025 507 pro
3056 451 3173 504 me,
3196 436 3379 494 Pater.
3428 436 3552 511 Ipso
3576 457 3696 500 vero
3740 446 3872 504 nihil

512 528 887 586 ascendimus
906 527 998 583 die
1024 528 1300 598 quadam,
1325 531 1382 582 et
1403 525 1566 581 nulla
1603 526 1755 597 ignis
1780 523 1995 579 indicia
2018 522 2167 577 vidi-

512 636 662 687 mus;
697 634 885 688 neque
909 616 1126 689 ignem,
1155 632 1343 687 neque
1375 614 1601 687 aliquid
1634 614 1690 669 in
1726 613 1874 669 silva
1904 612 2038 685 igne
2070 612 2163 666 ad-

512 707 997 764 ustum.Rursum
1024 704 1293 777 sequenti
1318 701 2162 760 noctevidimuseademlumi-

512 797 830 853 na.Tribus
850 796 1029 868 igitur
1046 794 1342 850 continuis
1362 793 1661 849 mensibus
1681 792 1875 863 ignem
1904 789 2063 845 hunc
2080 789 2161 843 vi-

511 887 726 941 dimus.
748 886 925 941 Nocte
946 901 1082 941 vero
1106 885 1359 955 quadam
1379 900 1515 939 assu
1528 886 1752 937 mentes
1777 880 2067 952 quosdam
2095 895 2163 933 ex

509 976 635 1031 vico
666 991 802 1030 cum
837 974 1016 1028 armis
1049 978 1284 1046 propter
1314 974 1488 1043 feras,
1513 971 1890 1027 ascendimus
1911 970 1972 1025 in
1995 985 2159 1047 mon-

510 1070 624 1119 tem
642 1065 712 1119 ad
730 1062 918 1118 lucem
939 1080 1066 1135 qua:
1090 1066 1462 1135 apparuerat,
1479 1060 1932 1131 mansimusque
1945 1057 2045 1113 ubi
2065 1056 2163 1111 lux

510 1158 635 1209 erat
668 1169 855 1224 usque
887 1153 958 1207 ad
993 1152 1143 1207 diem
1180 1156 1544 1223 sequentem.
1583 1151 1747 1206 Mane
1792 1164 1924 1204 vero
1985 1148 2157 1216 facto,

510 1242 832 1314 aspicimus
849 1242 1139 1297 modicam
1157 1240 1496 1313 speluncam
1515 1240 1574 1295 in
1591 1256 1654 1295 eo
1675 1238 1799 1294 loco
1815 1237 1913 1292 ubi
1934 1236 2161 1291 lumina

504 1333 862 1387 videramus.
889 1330 1137 1402 Ingressi
1162 1334 1360 1385 autem
1388 1329 1721 1384 invenimus
1743 1326 2159 1382 anachoretam

511 1422 875 1476 defunctum.
904 1421 1039 1474 Erat
1067 1423 1261 1475 autem
1285 1420 1527 1475 indutus
1559 1418 1745 1474 cilicio
1777 1422 1834 1473 et
1853 1415 2049 1487 pallio,
2073 1419 2155 1470 te-

510 1510 801 1581 nebatque
820 1510 878 1563 in
899 1509 1173 1565 manibus
1197 1513 1527 1581 argenteam
1549 1523 1801 1562 crucem.
1821 1504 2157 1561 Invenimus

504 1599 679 1655 etiam
700 1599 962 1653 chartam
987 1598 1066 1653 ita
1089 1597 1323 1668 scripta:
1347 1600 1647 1667 Dte/unctus
1683 1612 1803 1650 sum
1848 1609 1944 1662 ego
1987 1595 2155 1649 Joan-

502 1706 597 1745 nes
630 1687 870 1742 Humilis
892 1687 1196 1742 Indictione
1252 1688 1445 1757 quinta
1503 1684 1740 1741 decima.
1793 1682 2155 1753 Computatis

506 1793 642 1847 ergo
669 1777 863 1842 annis,
889 1776 1223 1830 invenimus
1254 1791 1386 1830 eum
1411 1778 1544 1829 ante
1574 1779 1791 1844 septem
1839 1788 2025 1827 annos
2055 1772 2151 1826 de-

510 1867 777 1921 functum
805 1882 949 1931 esse;
974 1864 1055 1919 ita
1085 1881 1218 1919 vero
1250 1868 1375 1919 erat
1398 1864 1641 1935 integer,
1665 1878 1728 1917 ac
1752 1861 1800 1916 si
1834 1862 1926 1916 die
1949 1860 2153 1916 eadem

509 1954 1105 2009 obiisset.Sublatum
1140 1968 1273 2022 ergo
1317 1953 1375 2007 in
1434 1950 1683 2007 ecclesia
1741 1966 1876 2004 cum
1938 1948 2157 2004 honore

506 2043 903 2115 sepelivimus.

1020 2156 1252 2212 CAPUT
1295 2156 1636 2213 LXXXVIII.

508 2267 632 2323 Vita
682 2264 892 2319 abbatis
948 2264 1163 2319 Thomas
1212 2263 1565 2333 apocrisiarii
1609 2262 1719 2332 (21)
1748 2260 1979 2315 cernobii
2010 2265 2154 2330 Apa-

558 2337 786 2392 miensis
814 2340 864 2391 et
895 2336 958 2390 de
983 2334 1252 2389 miraculo
1282 2336 1525 2405 corporis
1554 2333 1672 2403 ejus
1696 2337 1820 2403 post
1848 2341 2104 2386 mortem.

575 2457 719 2512 Cum
750 2454 1116 2510 venissemus
1146 2451 1510 2524 Theopolim,
1566 2452 1861 2524 presbyter
1912 2451 2152 2522 quidam

507 2544 696 2617 ipsius
710 2543 965 2599 ecclesiae
984 2542 1242 2597 narravit
1256 2542 1425 2597 nobis
1444 2542 1513 2596 de
1527 2541 1737 2595 abbate
1749 2541 2151 2611 Thoma,quod

507 2633 923 2705 apocrisiarius
948 2632 1122 2687 fuerit
1169 2630 1417 2686 cmnobii
1467 2630 1620 2701 quod
1651 2635 1741 2685 est
1771 2630 1829 2683 in
1888 2629 2155 2701 partibus

503 2721 1125 2794 Apamize.Veuitergo
1158 2735 1333 2774 senex
1380 2718 1718 2789 TheOpolim
1750 2736 1851 2789 pro
1902 2717 2154 2772 utilitate

506 2810 870 2877 monasterii,
895 2814 1099 2864 etcum
1134 2809 1227 2863 hic
1260 2811 1674 2871 remoraretur,
1729 2806 2039 2861 defunctus
2070 2812 2155 2861 est

506 2902 565 2955 in
599 2900 841 2970 Daphne
865 2901 920 2953 in
947 2897 1164 2970 templo
1190 2902 1402 2953 sanctae
1437 2897 1789 2967 Euphemiaz.
1825 2895 2026 2951 Clerici
2051 2915 2150 2950 au-

506 2997 619 3045 tem
655 2988 841 3060 ipsius
872 2988 982 3043 loci
1015 2986 1374 3059 sepelierunt
1405 3003 1537 3041 eum
1564 2985 1732 3056 quasi
1784 2985 2151 3056 peregrinum

504 3080 659 3135 inter
688 3078 1129 3149 peregrinorum
1164 3075 1453 3147 sepulcra:
1479 3074 1747 3145 sequenti
1773 3090 1901 3129 vero
1934 3073 2151 3128 diebu-

2276 523 2941 597 respondenle,surgens
2956 542 3136 598 prope
3155 525 3321 582 illum
3336 529 3662 601 accessit,ut
3678 534 3875 591 saluta-

2276 615 2363 665 ret
2382 627 2514 666 eum
2540 615 2595 667 et
2618 612 3066 685 amplexaretur;
3094 616 3193 671 sed
3218 619 3421 672 tenens
3445 616 3653 690 ipsum,
3683 621 3875 680 invenit

2276 704 2593 757 mortuum.
2619 703 2821 774 Itaque
2854 703 2951 758 illo
2974 704 3512 773 dimisso,exivit.Et
3534 724 3659 764 cum
3690 717 3872 782 paulu-

2273 788 2392 845 lum
2417 792 2817 863 processisset,
2843 792 2985 848 vidit
3002 794 3171 849 aliam
3198 794 3553 865 speluncam;
3574 798 3870 869 ingressus-

2274 894 2387 947 que
2418 880 2639 936 invenit
2670 898 2891 937 senem.
2918 882 3025 946 Qui
3049 883 3131 938 ait
3160 885 3229 938 ad
3265 883 3461 940 illum:
3488 886 3631 943 Bene
3664 889 3873 957 venisti,

2272 968 2469 1036 frater;
2504 969 2884 1042 ingressusne
2902 988 2963 1028 es
2994 971 3170 1029 aliam
3203 973 3875 1049 speluncam?Etrespon-

2272 1057 2416 1113 dens
2448 1058 2530 1113 ait
2559 1058 2681 1115 illi:
2716 1060 2950 1132 Utique,
2978 1063 3166 1118 Pater.
3200 1063 3452 1120 Rursum
3482 1064 3622 1120 dixit
3647 1065 3714 1121 ei:
3742 1067 3874 1122 Num

2270 1145 2642 1217 aliquidinde
2657 1150 2964 1221 accepisti?
2986 1152 3307 1223 Respondit
3330 1156 3503 1208 :Non.
3532 1154 3597 1208 Et
3626 1154 3875 1211 ille:Vere

2270 1237 2812 1309 frater,quindecim
2846 1241 2980 1296 anni
3010 1242 3131 1311 jam
3158 1241 3341 1313 elapsi
3374 1247 3511 1298 sunt
3540 1260 3607 1298 ex
3627 1261 3733 1315 quo
3755 1262 3874 1300 con-

2269 1331 2599 1382 summatus
2630 1333 2739 1383 est.
2769 1330 2848 1384 [ta
2869 1344 3001 1385 vero
3033 1336 3159 1385 erat
3189 1347 3255 1385 ac
3285 1331 3333 1386 si
3355 1336 3484 1387 ante
3507 1350 3677 1388 unam
3694 1332 3873 1389 horam

2268 1414 2677 1472 obdormisset.
2702 1417 2965 1490 Cumque
3000 1419 3234 1475 fecisset
3263 1436 3435 1477 senex
3464 1422 3769 1478 orationem
3787 1439 3874 1494 pro

2268 1503 2416 1575 ipso,
2447 1504 2782 1576 gloriﬁcans
2804 1507 2985 1563 Deum
3014 1508 3249 1565 recessi.

2904 1624 3132 1679 CAPUT
3160 1625 3266 1680 XC.

2362 1710 2497 1765 Mors
2527 1711 2760 1767 duorum
2780 1713 3245 1770 anarhoretarum
3272 1717 3475 1771 montis
3508 1717 3783 1789 Phterigii.

2182 1800 2230 1865 B
2329 1809 2452 1864 Duo
2468 1810 2829 1866 anachoreta:
2845 1817 3201 1884 erantsupra
3216 1814 3435 1869 Rosum
3463 1815 3521 1869 in
3550 1819 3756 1883 monte,
3785 1816 3871 1886 qui

2262 1897 2820 1971 diciturPhterigius
2835 1918 3011 1973 prope
3026 1902 3236 1973 Piapen
3259 1902 3750 1975 fluvium,etjuxta
3770 1922 3876 1959 mo-

2259 1987 2580 2043 nasterium
2610 1989 2837 2045 abbatis
2853 1990 3163 2047 Theodosii
3185 1992 3243 2045 in
3265 1992 3535 2064 Scopulo.
3559 1993 3689 2047 Erat
3705 1998 3871 2047 autem

2259 2092 2327 2131 ex
2350 2076 2439 2131 his
2469 2078 2824 2145 altersenex,
2854 2079 3229 2151 alterjunior,
3251 2083 3532 2153 senisque
3555 2082 3875 2153 discipulus.

2262 2168 2340 2220 Cu
2354 2182 2408 2220 m
2431 2181 2563 2220 vero
2580 2167 2889 2223 defunctus
2906 2174 3054 2224 esset
3071 2185 3268 2239 senex,
3284 2169 3437 2225 facta
3459 2170 3706 2225 oratione
3727 2171 3878 2225 disci-

2259 2254 2432 2325 pulus
2455 2256 2725 2327 sepelivit
2746 2274 2880 2312 eum
2907 2259 2963 2312 in
2991 2264 3207 2314 monte.
3236 2260 3509 2316 Postdies
3531 2276 3661 2315 vero
3684 2275 3877 2330 paucos

2259 2344 2617 2400 descendens
2648 2346 2718 2401 de
2750 2352 2947 2403 monte
2976 2348 3335 2404 anachoretaa
3360 2348 3701 2421 discipulus,
3745 2348 3881 2402 venit

2250 2431 2556 2501 juxtaloca
2572 2434 3111 2503 habitahilia,inven
3124 2438 3282 2508 itque
3298 2438 3595 2494 hominem
3612 2438 3877 2508 quemdam

2256 2531 2619 2581 exercentem
2653 2532 2892 2593 terram,
2913 2534 2969 2583 et
2991 2528 3073 2583 ait
3096 2528 3181 2583 illi
3210 2546 3223 2584 :
3258 2534 3365 2584 Fac
3395 2530 3754 2595 charitatem,
3777 2530 3878 2583 fra-

2255 2618 2360 2685 ter,
2394 2616 2593 2688 accipe
2624 2617 2935 2672 fossorium
2966 2624 3023 2673 et
3052 2619 3374 2686 sarculum,
3407 2626 3467 2675 et
3494 2619 3622 2675 veni
3648 2634 3877 2673 mecum.

2256 2705 2533 2761 Rusticus
2566 2723 2695 2762 vero
2728 2708 3009 2763 continuo
3041 2714 3279 2765 secutus
3310 2714 3400 2765 est
3432 2727 3588 2765 eum.
3638 2711 3877 2780 Cumque

2254 2794 2507 2850 venisset
2538 2800 2596 2850 in
2631 2803 2911 2865 montem,
2945 2798 3203 2853 ostendit
3236 2800 3592 2855 anachoreta
3634 2798 3873 2855 saeculari

2254 2886 2588 2957 sepulcrum
2622 2890 2781 2943 senis
2812 2889 2924 2956 sui,
2950 2894 3009 2944 et
3038 2889 3184 2944 dixit
3211 2890 3283 2945 ei:
3320 2891 3757 2947 Fodehic.Cum
3784 2906 3877 2944 au-

2252 2978 2369 3029 tem
2385 2975 2956 3047 ell‘odissetscpulcru
2970 2994 3020 3032 m
3033 3020 3045 3043 ,
3063 2979 3411 3034 anachoreta
3427 2980 3670 3035 stetitad
3688 2977 3877 3034 oratio-

2254 3081 2408 3119 nem.
2434 3064 2623 3119 Finita
2653 3081 2785 3119 vero
2817 3067 3100 3134 oratione,
3134 3065 3434 3122 osculatus
3459 3074 3547 3123 est
3562 3067 3877 3124 smcularem

508 3172 815 3224 maverunt
843 3172 901 3222 et
928 3165 1760 3235 mulierem,etimposuerunt
1789 3163 1946 3217 illam
1976 3180 2149 3233 super
2180 3152 2223 3219 C
2264 3154 2482 3208 dicens:
2509 3154 2621 3207 0P8
2653 3171 2756 3225 PFO
2789 3172 2903 3220 me.
2924 3157 3120 3211 frater.
3147 3156 3636 3228 Descendensque
3654 3156 3880 3212 colloca-

503 3259 806 3313 eum.Erat
836 3260 1031 3311 autem
1067 3255 1211 3311 hora
1242 3255 1539 3322 secunda;
1596 3253 1716 3307 cira
1760 3252 1963 3307 horam
2018 3268 2150 3306 vero

504 3353 726 3403 sextam
752 3346 1009 3402 evomuit
1031 3344 1192 3399 illam
1217 3348 1390 3399 terra.
1414 3342 1542 3397 Loci
1574 3358 1706 3397 vero
1752 3340 1913 3395 illius
1944 3338 2150 3395 accola:

499 3438 761 3492 videntes
775 3436 926 3506 quod
946 3435 1161 3489 factum
1180 3434 1386 3499 fuerat,
1406 3430 1599 3485 mirati
1617 3434 1773 3485 sunt.
1792 3429 2006 3483 Deinde
2024 3445 2150 3482 rur-

501 3543 634 3581 sum
668 3541 904 3596 vespere
928 3522 1286 3594 sepelierunt
1318 3521 1506 3592 ipsam
1529 3520 1585 3573 in
1606 3520 1809 3574 eodem
1832 3517 2075 3585 tumulo,
2096 3522 2153 3572 et

506 3614 775 3684 sequenti
809 3613 901 3667 die
936 3612 1285 3665 invenerunt
1315 3625 1529 3679 corpus
1564 3624 1742 3679 supra
1790 3606 2148 3679 sepulcrum.

497 3702 866 3774 Accipientes
879 3716 1015 3771 ergo
1031 3716 1244 3770 corpus
1261 3702 1316 3752 in
1331 3697 1439 3753 alio
1461 3702 1838 3751 monumento
1854 3696 2043 3767 ipsum
2058 3712 2153 3767 po-

503 3789 916 3846 sucrunt.Post
934 3803 1147 3859 paucos
1166 3792 1363 3841 autem
1388 3784 1531 3852 dies,
1555 3784 1765 3839 iterum
1792 3782 2151 3855 sepelierunt

501 3878 677 3934 aliam
706 3876 1009 3932 mulierem
1038 3892 1217 3945 supra
1243 3876 1515 3930 abbatem
1540 3873 1971 3939 Thomam,non
1997 3873 2149 3945 cogi-

499 3975 691 4024 tantes
722 3966 829 4022 loci
861 3966 1049 4037 ipsius
1082 3964 1273 4019 clerici
1308 3964 1447 4036 quia
1483 3981 1597 4019 non
1632 3962 1921 4034 permittit
1944 3978 2147 4033 quem-

500 4058 659 4129 piam
694 4072 868 4127 super
890 4070 952 4110 se
978 4052 1485 4126 sepeliri.Etillam
1504 4069 1635 4123 ergo
1668 4069 1875 4106 rursus
1893 4052 2153 4107 evomuit

502 4154 678 4203 terra.
703 4148 867 4202 Tunc
908 4148 1291 4216 agnoverunt,
1326 4142 1465 4214 quia
1497 4160 1610 4197 non
1645 4141 1929 4213 permittit
1976 4157 2152 4196 senex

504 4238 809 4294 mulierem
845 4251 1023 4306 super
1054 4250 1116 4288 se
1148 4232 1404 4299 humari,
1427 4233 1828 4302 abeuntesque
1848 4230 2149 4287 nuntiave-

502 4333 643 4385 runt
666 4326 1007 4398 patriarcha:
1038 4325 1348 4381 Domnino.
1382 4324 1533 4379 888
1573 4324 1675 4386 Qui
1705 4340 1937 4378 omnem
1968 4324 2149 4379 simul

499 4419 785 4474 civitatem
821 4416 1151 4472 cumcereis
1176 4414 1490 4470 ascendere
1524 4414 1658 4469 fecit
1689 4413 1748 4467 in
1772 4413 2149 4483 Daphnem,et

2258 3241 2340 3295 vit
2363 3242 2745 3312 semetipsum
2771 3260 2952 3315 supra
2970 3260 3168 3299 senem
3188 3262 3383 3311 suum,
3403 3251 3463 3301 et
3479 3245 3749 3301 continuo
3766 3244 3881 3299 red-

2257 3330 2711 3403 diditspiritum.
2727 3331 3039 3387 Saecularis
3052 3338 3247 3387 autem
3265 3340 3683 3405 rursusoperto
3697 3331 3882 3405 sepul-

2258 3438 2377 3489 cro,
2414 3422 2527 3476 Deo
2559 3422 2781 3491 gratias
2813 3422 2949 3494 egit.
2984 3422 3125 3477 Cum
3159 3428 3351 3477 autem
3408 3424 3801 3479 descendisset
3827 3422 3885 3473 de

2258 3514 2477 3573 monte,
2513 3515 2799 3579 quantum
2824 3511 3024 3579 jactus
3042 3515 3131 3565 est
3154 3510 3389 3581 lapidis,
3416 3512 3670 3567 aitintra
3697 3514 3887 3565 semet-

2257 3598 2491 3669 ipsum:
2527 3601 2673 3653 Vere
2701 3599 3640 3670 debuiacciperebenedictionem
3673 3604 3882 3654 sancto-

2258 3704 2409 3753 rum;
2445 3704 2850 3759 reversusque,
2886 3687 3119 3743 illorum
3143 3688 3483 3760 sepulcrum
3517 3689 3771 3746 invenire
3788 3704 3887 3741 non

2258 3776 2467 3849 potuit.

2858 3879 3098 3936 CAPUT
3146 3881 3290 3934 XCI.

2263 3967 2380 4024 Vita
2412 3968 2625 4022 abbatis
2657 3967 2913 4036 Gregorii
2940 3969 3323 4093 danae/infect,
3364 3975 3416 4025 et
3475 3969 3729 4027 Thalelasi
3780 3968 3885 4037 eius

2979 4056 3157 4093 iscum
3187 4058 3225 4093 ι.

2979 4056 3225 4107 isczpuu.

2327 4136 2609 4193 Dicebant
2638 4137 2877 4208 quidam
2908 4154 2977 4193 ex
3002 4138 3270 4195 Patrihus
3300 4139 3373 4195 de
3400 4140 3610 4196 abbate
3632 4138 3889 4210 Gregorio

2259 4227 2801 4297 anachoreta,quod
2821 4227 3060 4299 triginta
3074 4228 3337 4300 quinque
3350 4245 3537 4285 annos
3562 4230 3773 4303 egisset
3792 4244 3887 4281 nu-

2255 4317 2367 4371 dus
2399 4317 2629 4370 deserta
2660 4316 3036 4371 circumiens.

2325 4405 2763 4460 Dicebantitem
2788 4406 2857 4460 de
2876 4404 3158 4477 illo,quod
3184 4424 3317 4463 cum
3341 4414 3497 4464 esset
3516 4408 3577 4463 in
3603 4407 3887 4464 montibus

499 4524 633 4563 cum
660 4506 984 4577 psalmodia
1011 4504 1324 4559 sanctiviri
1351 4502 1709 4574 reliquiasin
1741 4504 1941 4558 urbem
1983 4504 2146 4559 ferre.
2182 4511 2230 4576 Ι)
2259 4494 2598 4549 monasterii
2633 4494 2861 4549 abbatis
2890 4495 3203 4551 Theodosii
3236 4497 3294 4551 in
3332 4497 3610 4568 Scopulo,
3654 4498 3891 4552 habebat

498 4602 908 4669 Deposuerunt
939 4601 1132 4651 autem
1168 4596 1583 4667 sancticorpus
1607 4595 1663 4648 in
1688 4596 2023 4666 cmmiterio,
2049 4596 2148 4650 ubi

501 4687 687 4742 multa
720 4691 1041 4754 martyrum
1074 4701 1317 4756 corpora
1346 4684 1582 4739 condita
1640 4690 1798 4754 sunt,
1860 4684 2145 4739 fecerunt-

500 4795 613 4849 que
646 4793 825 4848 supra
850 4775 1045 4848 ipsum
1069 4776 1238 4830 breve
1270 4773 1612 4829 oratorium.

1049 4908 1274 4963 CAPUT
1306 4906 1597 4961 LXXXIX.

494 5000 734 5056 Inventio
764 5000 1013 5070 corporis
1037 4998 1215 5053 sancti
1235 4995 1584 5051 anachoreta:
1614 4994 1674 5048 in
1702 4999 1883 5051 monte
1914 4997 2142 5051 Amano.

566 5115 834 5171 Narravit
853 5114 1021 5169 nobis
1044 5112 1285 5185 quidam
1312 5114 1723 5176 Patrum,cum
1750 5110 2029 5182 Thespoli
2051 5128 2144 5168 es-

494 5205 876 5277 semus,quod
894 5200 1221 5258 ascenderit
1239 5200 1493 5271 quadam
1513 5198 1607 5253 die
1626 5198 1681 5252 in
1699 5204 1954 5255 montem
1976 5206 2145 5257 Ama-

494 5313 636 5352 num
655 5293 967 5366 cujusdam
984 5287 1369 5345 necessitanis
1386 5304 1580 5353 causa,
1599 5288 1999 5359 inveneritque
2015 5308 2145 5361 spe-

490 5386 1068 5455 luncam.1ngressus
1091 5385 1287 5436 autem
1315 5380 1372 5434 in
1395 5378 1805 5451 illam,reperit
1833 5382 2146 5437 anachore-

492 5481 611 5531 tam
647 5472 893 5545 genibus
918 5468 1506 5539 ﬂexis,manibusque
1537 5468 1594 5522 in
1628 5468 1834 5523 emtum
1864 5470 2145 5527 extensis.

494 5564 665 5635 cujus
698 5561 890 5617 crines
921 5559 1127 5630 capitis
1159 5558 1421 5630 usquein
1443 5556 1845 5628 pavimentum
1864 5561 2142 5616 extende-

489 5656 730 5709 bantur.
764 5651 906 5706 Cum
940 5652 1135 5706 autem
1169 5652 1401 5721 putaret
1422 5664 1555 5705 eum
1588 5648 1798 5716 vivere,
1818 5654 2149 5722 prostratus

2258 4581 2637 4652 discipulum.
2671 4581 2793 4644 Quo
2824 4583 3118 4646 defuncto,
3143 4601 3279 4639 cum
3312 4601 3425 4639 non
3462 4586 3701 4641 haberet
3729 4599 3891 4639 senex

2256 4672 2651 4727 instrumenta
2679 4677 2737 4725 ut
2764 4671 2999 4727 humum
3032 4673 3253 4729 foderet
3282 4678 3339 4728 et
3369 4674 3649 4745 sepeliret
3692 4687 3891 4743 corpus

2258 4759 2476 4825 fratris,
2507 4760 2807 4815 descendit
2838 4760 2908 4814 de
2925 4765 3119 4816 monte
3136 4778 3315 4832 prope
3348 4778 3531 4832 mare,
3557 4761 3887 4831 invenitque

2256 4848 2645 4920 applicantem
2670 4864 2870 4902 navem
2883 4848 3099 4903 .Oravit
3116 4854 3309 4904 autem
3324 4849 3668 4906 nauclerum
3685 4855 3739 4906 et
3752 4864 3894 4904 nau-

2255 4940 2368 5005 tas,
2402 4942 2467 4991 ut
2497 4936 2879 4991 ascenderent
2899 4952 3099 4991 secum
3122 4937 3179 4991 in
3208 4942 3564 5007 montem,et
3589 4937 3893 5010 sepelirent

2256 5025 2517 5081 fratrem.
2545 5024 2631 5081 Illi
2656 5030 2851 5080 autem
2867 5031 3137 5097 prompto
3153 5026 3349 5081 animo
3371 5026 3723 5082 obedierunt
3750 5023 3889 5089 seni,

2257 5118 2676 5185 sumentesque
2708 5114 3099 5169 instrumenta
3131 5115 3478 5184 necessaria,
3509 5115 3893 5170 ascenderunt

2256 5211 2554 5275 cumeo,et
2570 5206 3487 5277 fodienteshumaveruntcorpus
3503 5207 3718 5262 fratris.
3743 5206 3893 5261 Unus

2260 5302 2452 5351 autem
2486 5313 2554 5351 ex
2585 5296 2801 5361 nautis,
2818 5294 3410 5362 nomineThalelaaus,
3435 5302 3823 5369 compunctus
3841 5294 3890 5347 in

2255 5386 2470 5442 virtute
2487 5386 2664 5453 senis,
2691 5388 2897 5441 orabat
2916 5404 3051 5441 eum
3076 5391 3141 5442 ut
3161 5403 3288 5442 cum
3313 5386 3409 5443 illo
3430 5391 3775 5443 moraretur.
3800 5390 3892 5439 Se—

2256 5492 2366 5533 nex
2387 5479 2584 5531 autem
2610 5476 2729 5530 dixi
2764 5476 2812 5530 ei
2842 5493 2854 5532 :
2892 5476 3015 5533 Non
3052 5481 3214 5547 potes
3244 5476 3394 5532 ferre
3426 5477 3781 5549 pmuitentia:
3814 5476 3891 5529 la-

2256 5566 2475 5620 borem.
2503 5563 2597 5617 Ait
2621 5563 2735 5618 ille:
2762 5563 3015 5633 Ita,sane
3038 5564 3282 5621 tolerare
3300 5564 3892 5637 possum.Mansitque

2258 5669 2393 5709 cum
2425 5670 2564 5709 sene
2594 5668 2746 5709 anno
2780 5669 2917 5723 uno,
2942 5654 3194 5710 nimium
3216 5653 3275 5709 in
3307 5670 3475 5711 sacra
3495 5654 3892 5712 exercitatione
