4122 6188
466 282 569 338 167

1061 407 1291 463 CAPUT
1333 406 1496 463 XCV.

633 497 749 553 Vita
781 497 1014 552 Pazrz'cz'i
1040 499 1185 552 senis
1226 498 1554 553 monasterii
1582 499 1642 551 z'n
1664 496 1915 569 Scapula.

523 589 658 643 Erat
688 586 927 658 quidam
964 602 1141 641 senex
1178 585 1237 640 in
1286 587 1489 641 eodem
1548 586 1808 641 cmnobio
1867 586 2097 643 abbatis

448 675 758 732 Theodosii
781 675 967 730 sancti
994 673 1182 728 Patris
1204 673 1409 741 nostri,
1434 688 1640 743 genere
1659 673 1897 745 quidem
1924 675 2097 729 Seba-

448 765 686 831 stensis,
716 762 951 819 nomine
974 767 1165 817 autem
1190 761 1498 827 Patricius,
1524 778 1698 817 senex
1726 762 1892 818 valde
1922 762 2097 835 (dice-

446 856 545 910 bat
575 854 729 909 enim
752 869 813 908 se
827 867 955 907 esse
974 868 1265 906 annorum
1289 856 1524 906 centum
1540 855 1595 906 et
1617 852 1915 921 tredecim)
1935 852 2095 908 mitis

447 949 504 999 et
522 942 1181 1015 quietus.Narraverunt
1213 956 1348 1012 ergo
1366 941 1533 995 nobis
1553 941 1622 995 de
1650 940 1747 996 illo
1773 941 1960 1012 ipsius
1985 941 2094 996 loci

446 1036 666 1101 Patres,
683 1033 837 1105 quod
862 1031 1070 1087 fuisset
1083 1031 1434 1103 przepositus
1455 1031 1793 1086 monasterii
1816 1033 2092 1103 Abazani,

448 1122 889 1192 dimisissetque
910 1120 1201 1192 praepositi
1217 1120 1832 1191 ofticium,periculum
1858 1122 2092 1193 etjuzli-

446 1214 602 1269 cium
620 1212 1265 1282 metuens(magnorum
1281 1210 1437 1264 enim
1453 1210 1710 1265 virorum
1726 1227 1853 1267 esse
1867 1210 2095 1267 dicebat

435 1290 680 1374 pascere
706 1300 1018 1356 rationales
1040 1303 1198 1368 oves)
1219 1316 1283 1354 ac
1308 1300 1564 1356 venisset
1583 1299 1938 1366 illuc,utsub
1961 1301 2089 1355 ohe-

443 1390 667 1446 dientia
699 1388 1338 1459 viveret,hocjudicans
1375 1388 1583 1443 animai
1617 1388 1823 1444 utilius
1855 1405 2002 1445 esse.

1042 1504 1271 1562 CAPUT
1309 1504 1495 1562 XCVI.

696 1598 769 1651 De
800 1595 1007 1665 eodem,
1039 1605 1089 1650 el
1119 1597 1187 1650 de
1217 1596 1448 1651 Iuliano
1478 1596 1656 1650 Arabe
1683 1611 1841 1650 caeo.

512 1688 795 1745 Dicebant
827 1691 1022 1741 autem
1058 1686 1226 1741 nobis
1258 1686 1447 1741 ethoc
1481 1688 1551 1741 de
1583 1686 1731 1756 ipso:
1766 1686 1909 1741 Cum
1942 1685 2092 1741 alius

442 1780 536 1835 hic
570 1780 778 1834 fuisset
804 1794 1003 1846 senex,
1034 1793 1245 1848 genere
1283 1777 1493 1841 Arabs,
1524 1776 1800 1831 Julianus
1831 1777 2089 1842 nomine,
2120 1781 2168 1846 B

442 1874 651 1940 captus
683 1867 893 1936 oculis,
925 1867 1051 1938 ipse
1082 1866 1399 1937 aliquando
1430 1866 1860 1922 scandalizatus
1908 1871 1995 1923 est
2026 1867 2085 1923 in

442 1958 763 2014 Macarium
789 1955 1296 2027 archiepiscopum
1328 1954 2085 2026 Jerosolymilanum,nole-

436 2050 661 2119 batque
679 2046 1115 2101 communicare
1135 2043 1509 2109 illi.Quadam
1532 2061 1665 2115 ergo
1681 2044 1773 2099 die
1788 2045 2083 2099 abbasJu-

440 2136 636 2192 lienus
657 2133 1225 2207 significavitabbati
1249 2134 1634 2204 Simeoni,qui
1666 2133 1861 2205 eratin
1888 2137 2082 2188 monte

438 2224 695 2281 mirabili
716 2224 918 2296 (distat
934 2227 1132 2277 autem
1164 2222 1679 2294 aTheopolimons
1712 2222 1837 2294 ipse
1865 2221 2080 2277 millia-

436 2315 599 2369 ribus
633 2312 865 2383 novem)
896 2312 1117 2367 dicens:
1168 2311 1366 2366 Cacus
1419 2328 1574 2378 sum,
1607 2314 1663 2366 et
1722 2328 1838 2381 quo
1871 2311 2075 2366 abeam

433 2404 646 2471 nescio;
682 2418 871 2473 neque
894 2417 1026 2456 vero
1049 2400 1234 2456 habeo
1257 2401 1356 2471 qui
1398 2400 1585 2471 possit
1617 2400 1883 2455 auxiliari
1910 2400 2074 2469 mihi,

432 2498 490 2548 et
517 2489 1213 2548 communicareMacario
1237 2489 2077 2556 detrecto.lndicamihi,Pater

431 2583 573 2655 quid
608 2597 778 2652 agere
809 2580 1052 2635 debeam
1077 2579 1147 2634 de
1166 2578 1470 2649 fratre,qui
1520 2578 1843 2634 fornicatus
1891 2583 1997 2645 est,
2020 2584 2075 2634 et

431 2675 501 2728 de
527 2671 756 2742 illo,qui
772 2686 979 2725 secum
1004 2669 1424 2739 eojuramento
1440 2668 2071 2740 constrinxit.Respon-

431 2759 517 2814 dit
548 2763 742 2814 autem
775 2757 954 2812 abbas
973 2756 1210 2811 Simeon
1243 2754 1711 2825 abbatiJuliano,
1734 2756 1956 2812 dicens:
1990 2757 2072 2813 Ne

427 2848 685 2917 recedas,
720 2862 906 2917 neque
935 2850 992 2900 te
1022 2844 1218 2915 ipsum
1253 2862 1287 2899 a
1315 2846 1519 2899 sancta
1540 2843 1792 2900 Ecclesia
1813 2861 2069 2917 separes;

429 2936 787 3008 nequeenim
804 2935 905 2989 illa
921 2933 1718 3005 malebabet,gratiaDomini
1736 2934 2068 2990 nostriJesu

429 3026 645 3082 Christi
676 3024 804 3080 Filii
836 3024 957 3079 Dei.
993 3023 1102 3077 Sed
1137 3028 1193 3078 et
1226 3022 1334 3077 hoc
1386 3022 1550 3091 scito,
1605 3024 1802 3091 frater,
1835 3025 1986 3094 quod
2020 3024 2068 3080 si

429 3118 561 3189 quis
595 3116 652 3170 in
668 3113 936 3169 haeresim
954 3111 1247 3181 inciderit,
1260 3112 1317 3166 in
1335 3111 1595 3183 coenobio
1610 3118 1825 3179 vestro,
1842 3113 2069 3170 habetis

427 3223 622 3263 senem
642 3220 946 3276 magnum,
961 3202 1198 3257 nomine
1212 3201 1461 3257 Patriciu
1474 3219 1524 3256 m
1539 3242 1551 3255 .
1566 3202 1669 3257 Hic
1684 3208 1877 3258 autem
1894 3218 2071 3258 senex

418 3297 585 3366 juxta
600 3294 923 3351 sacrarium
940 3293 997 3347 in
1010 3294 1093 3347 fra
1105 3308 1309 3347 omnes
1326 3296 1791 3363 moratur,prope
1805 3292 1959 3347 occid
1970 3308 2070 3347 en-

421 3386 597 3440 talem
618 3383 876 3440 ecclesia:
901 3398 1159 3451 murum;
1177 3380 1435 3450 dicitque
1449 3389 1502 3434 et
1526 3382 1649 3451 ipse
1673 3398 1777 3452 pro
1793 3381 2069 3436 omnibus

420 3480 683 3529 sanetam
708 3472 1030 3528 orationem
1065 3469 1403 3540 oblationis,
1419 3469 1677 3541 etipsius
1698 3468 1914 3525 oblatio
1932 3487 2066 3525 san-

415 3567 510 3618 cta
541 3562 932 3618 existimatur.

990 3666 1223 3721 CAPUT
1261 3665 1489 3721 XCVII.

424 3759 539 3814 Vita
592 3761 644 3811 et
701 3771 847 3811 mors
901 3754 1140 3836 duorum
1196 3757 1443 3822 fratrum
1497 3755 1908 3836 mcnachorum,
1966 3759 2063 3828 qui

580 3844 870 3899 nunquam
900 3828 971 3882 ab
1006 3826 1239 3881 invicem
1268 3826 1518 3897 separari
1536 3826 1888 3897 juraveruut.

484 3927 723 3983 Dicebat
753 3930 949 3981 autem
983 3926 1164 3981 abbas
1181 3928 1435 3980 Joannes
1456 3925 1824 3995 anachoreta,
1850 3941 2057 3997 cogno-

414 4021 609 4073 mento
642 4015 896 4086 Rutilus,
929 4015 1167 4070 audisse
1188 4031 1250 4069 se
1272 4015 1342 4069 ab
1363 4014 1569 4069 abbate
1588 4014 1884 4085 Stephano
1902 4016 2055 4071 Moa-

410 4107 535 4162 bita
568 4107 871 4172 referente,
908 4104 1047 4176 quia
1077 4121 1212 4159 cum
1245 4111 1397 4159 esset
1447 4103 1504 4157 in
1557 4104 1817 4160 coenobio
1868 4106 2054 4160 sancti

408 4196 638 4252 abbatis
667 4195 974 4251 Theodosii
1007 4194 1202 4265 magni
1264 4192 1687 4248 monachorum
1749 4193 2052 4266 principis,

407 4290 573 4342 erant
602 4285 721 4340 illic
748 4286 864 4340 duo
898 4286 1126 4354 fratres,
1157 4283 1256 4355 qui
1291 4282 1401 4337 sibi
1435 4281 1683 4337 invicem
1710 4284 2054 4354 juraverant

405 4376 558 4447 quod
589 4391 778 4447 neque
801 4376 858 4429 in
882 4373 1019 4440 vita,
1054 4389 1242 4444 neque
1270 4372 1328 4427 in
1366 4375 1550 4427 morte
1579 4372 1651 4427 ab
1683 4372 1928 4427 invicem
1958 4390 2049 4429 se-

403 4467 775 4537 pararentur.
798 4465 941 4519 Cum
971 4478 1106 4533 ergo
1140 4466 1380 4517 cunctos
1413 4461 1470 4516 in
1505 4462 1767 4517 coenobio
1799 4463 2047 4518 (adifica-

1652 286 1751 340 ως
1788 285 1975 341 νιτιε
2009 258 2311 343 PATBUM
2347 284 2562 341 LIBER
2597 284 2673 339 x.

2131 413 2185 478 Α
2215 407 2477 464 lucratus
2509 422 2573 466 es
2603 422 2670 464 ex
2683 412 2943 481 peccato,
2960 412 3137 468 frater
3159 412 3274 469 mi?
3293 419 3579 487 quantum
3613 418 3750 477 inde
3769 423 3873 478 de-

3768 296 3872 355 168

2202 497 2546 553 trimentum
2565 497 2810 570 cepisti?
2831 503 3052 556 Eamus
3069 503 3349 559 rursusin
3367 507 3719 566 cmnobium.
3746 512 3857 575 Qui

2204 585 2304 641 ait:
2328 586 2450 641 Non
2479 588 2603 658 jam
2636 603 2876 659 possum
2911 589 2968 644 in
3003 594 3659 661 eremumvenire,vade
3690 616 3865 658 ame:

2203 692 2308 746 ego
2339 676 2495 730 enim
2518 675 2576 731 in
2611 676 2822 733 szeculo
2856 695 3079 736 maneo.
3116 680 3258 737 Cum
3281 681 3462 755 igitur
3493 686 3744 744 multum
3770 708 3862 746 ro-

2204 768 2368 836 garet
2389 781 2547 833 eum,
2582 764 2850 835 nihilque
2881 768 3206 839 proﬁceret,
3238 788 3425 844 neque
3456 791 3519 830 se
3569 776 3664 832 ille
3694 780 3866 851 sequi

2194 852 2321 923 jam
2355 854 2426 907 ad
2459 868 2717 908 eremum
2752 855 2945 926 vellet,
2981 858 3202 914 mansit
3233 865 3290 916 et
3320 861 3444 933 ipse
3493 880 3626 919 cum
3676 867 3776 921 illo
3802 869 3861 924 in

2202 941 2435 996 szeculo:
2464 941 2927 1016 laborabantque
2957 947 3129 1003 ambo
3154 949 3428 1007 manibus
3452 953 3597 1021 suis,
3630 961 3693 1011 ut
3712 957 3862 1014 vive-

2202 1034 2352 1086 rent.

2274 1119 2379 1174 Per
2408 1120 2560 1176 idem
2596 1126 2828 1194 tempus
2861 1123 3043 1180 abbas
3075 1127 3412 1197 Abramius,
3448 1132 3548 1201 qui
3593 1138 3858 1205 postmo-

2201 1208 2342 1265 dum
2362 1210 2549 1265 factus
2572 1215 2660 1265 est
2682 1212 2993 1285 episcopus
3013 1216 3244 1286 Ephesi,
3272 1222 3328 1272 et
3350 1236 3536 1291 nuper
3560 1232 3860 1279 monaste-

2202 1299 2355 1353 rium
2383 1302 2713 1356 construxit
2739 1304 3242 1375 Constantinopoli
3277 1308 3498 1365 dictum
3518 1312 3850 1369 Abramita-

2200 1405 2352 1456 rum,
2376 1388 2643 1445 bonusac
2660 1390 2823 1447 mitis
2839 1397 3062 1462 pastor,
3083 1395 3410 1453 aedificabat
3425 1402 3854 1458 monasterium

2199 1496 2394 1547 suum,
2429 1482 2583 1552 quod
2616 1482 2831 1537 dicitur
2859 1484 3289 1556 Byzantiorum.
3316 1489 3609 1546 Abeuntes
3655 1497 3859 1549 autem

2199 1569 2232 1623 d
2246 1586 2315 1624 uo
2331 1570 2538 1625 fratres
2554 1570 2895 1628 laborabant
2910 1574 2964 1628 in
2981 1578 3592 1646 opere,ministrantes
3607 1586 3856 1638 caemen-

2198 1658 2384 1714 tariis.
2419 1659 2728 1731 Sumptam
2763 1678 2895 1717 vero
2927 1666 3255 1720 mercedem
3292 1668 3483 1738 operis
3538 1670 3852 1727 amborum

2199 1747 2377 1803 frater
2392 1747 2487 1803 ille
2502 1750 2601 1821 qui
2618 1750 2674 1804 in
2692 1750 3136 1807 fornicationem
3152 1753 3354 1826 lapsus
3371 1756 3856 1830 fuerat,quotidie

2202 1853 2449 1907 pergens
2482 1837 2542 1892 in
2575 1838 2871 1896 civitatem
2900 1844 3289 1899 consumebat
3318 1844 3375 1900 in
3401 1845 3652 1903 luxuria.
3687 1848 3853 1906 Alius

2198 1943 2335 1981 vero
2359 1927 2909 2000 quotidiejejunans
2932 1936 2987 1986 et
3008 1931 3287 2003 psallens,
3310 1952 3445 1991 cum
3469 1937 3630 1992 omni
3653 1939 3854 2010 quiete

2200 2014 2448 2071 faciebat
2470 2034 2639 2087 opus,
2658 2019 2876 2074 nemini
2896 2019 3120 2092 aliquid
3145 2021 3414 2094 loquens.
3440 2026 3711 2083 Videntes
3735 2045 3848 2084 au-

2198 2107 2313 2159 tem
2347 2104 2515 2161 illum
2535 2108 2788 2163 artifices
2806 2109 3011 2165 diebus
3029 2111 3281 2184 singulis
3312 2130 3499 2185 neque
3532 2118 3851 2174 comeden-

2195 2199 2335 2264 tem,
2359 2212 2550 2268 neque
2572 2198 2791 2270 aliquid
2811 2199 3171 2272 loquentem,
3195 2204 3297 2260 sed
3316 2222 3549 2278 semper
3563 2209 3852 2279 cogitanti

2196 2284 2470 2355 similem,
2504 2288 2829 2343 retulerunt
2850 2291 2921 2345 de
2954 2290 3051 2346 illo
3074 2297 3129 2347 et
3158 2294 3227 2348 de
3248 2297 3690 2353 conversatione
3715 2300 3849 2369 ejus

2195 2378 2395 2429 sancto
2427 2375 2622 2431 abbati
2655 2377 2947 2434 Abramio.
2980 2381 3145 2435 Tunc
3166 2398 3416 2455 magnus
3437 2400 3635 2441 revera
3656 2388 3846 2443 Abra-

2195 2463 2348 2519 mius
2367 2465 2668 2521 accersivit
2687 2469 3020 2539 operarium
3044 2470 3101 2525 in
3126 2471 3331 2528 cellam
3355 2490 3550 2543 suam,
3583 2480 3639 2530 et
3659 2476 3843 2532 inter-

2193 2556 2416 2625 rogavit
2440 2572 2595 2621 eum,
2624 2556 2844 2613 dicens:
2877 2559 3039 2633 Unde
3070 2577 3155 2628 es,
3189 2563 3484 2620 frater?et
3536 2567 3689 2637 quod
3742 2572 3838 2623 est

2191 2659 2338 2715 Opus
2365 2649 2531 2699 tuum
2555 2647 2581 2700 ?
2604 2645 2704 2702 Ille
2734 2652 2927 2703 autem
2950 2651 3150 2706 omnia
3179 2651 3264 2707 illi
3289 2670 3391 2725 per
3411 2655 3674 2710 ordinem
3690 2673 3834 2712 con-

2188 2732 2379 2789 fessus
2401 2739 2508 2802 est,
2530 2741 2585 2791 et
2602 2736 2739 2807 quia
2760 2738 2957 2794 fratris
2977 2740 3065 2795 sui
3090 2742 3280 2813 gratia
3303 2744 3841 2801 sustineretomnia

2192 2826 2253 2877 ut
2277 2823 2764 2897 Deus(inquiens)
2782 2844 2965 2883 meam
2984 2829 3422 2887 tribulationem
3440 2833 3843 2891 videnssalvet

2191 2912 2427 2968 fratrem
2457 2930 2672 2970 meum.
2706 2916 2809 2972 His
2834 2918 3073 2987 auditis,
3106 2921 3417 2977 Abramius
3450 2924 3594 2978 dixit
3628 2925 3790 2979 fratri
3822 2943 3837 2981 :

2191 3002 2259 3055 Et
2294 3003 2573 3057 Dominus
2605 3004 2844 3060 donavit
2869 3006 2976 3060 tibi
3010 3008 3266 3064 animam
3302 3010 3500 3067 fratris
3533 3013 3640 3068 tui.
3690 3014 3840 3070 Cum

2187 3105 2322 3161 ergo
2336 3090 2796 3148 dimisisseteum
2814 3100 3055 3152 sanctus
3072 3097 3845 3173 Abramius,exiissetquede

2101 3157 2142 3223 (ἶ
2182 3157 2414 3249 cellula,
2445 3196 2575 3235 ecce
2608 3182 2783 3237 frater
2812 3183 2907 3239 ille
2938 3186 3171 3241 advenit
3192 3157 3491 3262 clamahs}:
3526 3190 3602 3245 Mi
3634 3157 3839 3263 frater,

2177 3284 2417 3323 assume
2436 3285 2525 3325 me
2542 3270 2597 3325 in
2622 3287 2904 3343 eremum,
2924 3278 2989 3329 ut
3025 3275 3218 3331 salvus
3243 3277 3403 3332 fiam.
3425 3280 3715 3337 Continuo
3735 3299 3899 3363 audi?

2176 3363 2291 3412 tem
2315 3359 3170 3431 assumpsiteum,etabierunt
3190 3367 3254 3420 ad
3281 3367 3622 3439 speluncam
3648 3359 3835 3444 prope

2177 3453 2448 3503 sanctum
2478 3449 2816 3521 Jordanem,
2851 3458 2907 3507 et
2933 3452 3304 3510 incluserunt
3353 3458 3499 3513 89]
3540 3476 3623 3514 se.
3685 3460 3834 3516 Post

2174 3536 2468 3593 modicum
2497 3554 2631 3594 vero
2654 3540 2958 3611 temporis,
2990 3559 3125 3598 cum
3152 3546 3464 3617 magniﬁce
3496 3550 3829 3605 secundum

2170 3626 2355 3682 Deum
2387 3627 2730 3699 profecisset
2759 3629 2969 3701 spiritu
3002 3632 3184 3688 frater
3205 3633 3323 3706 ille,
3353 3634 3453 3707 qui
3485 3636 3543 3691 in
3571 3638 3834 3693 fornica-

2167 3716 2386 3771 tionem
2414 3716 2718 3785 inciderat,
2766 3718 3041 3791 migravit
3096 3724 3167 3778 ad
3217 3724 3555 3781 Dominum.
3588 3726 3820 3784 Mansit

2166 3809 2358 3860 autem
2383 3810 2682 3877 superstes
2726 3807 2905 3863 frater
2960 3809 3016 3864 in
3051 3811 3252 3867 eadem
3313 3814 3593 3886 spelunca
3639 3817 3815 3887 juxta

2156 3894 2910 3965 juramentum,quousque
2943 3903 2999 3953 et
3028 3899 3153 3971 ipse
3186 3907 3534 3962 moreretur.

2724 4001 2951 4058 CAPUT
2997 4004 3243 4064 XCVIII.

2557 4095 2637 4145 De
2673 4091 2857 4146 eodem
2895 4096 3076 4162 fratre
3112 4099 3419 4167 superstite.

2232 4179 2311 4234 Ad
2346 4178 2503 4233 hunc
2537 4179 2773 4235 fratrem
2801 4187 2931 4253 post
2961 4188 3207 4240 mortem
3238 4185 3478 4242 alterius
3497 4188 3692 4244 fratris
3717 4207 3818 4246 νει

2160 4268 2328 4324 niens
2344 4285 2517 4323 senex
2537 4269 2774 4339 quidam
2790 4285 2857 4325 ex
2874 4273 3230 4328 monasterio
3247 4274 3681 4343 Calamonis,ait
3705 4278 3813 4335 illi:

2156 4351 2260 4405 Dic
2287 4349 2455 4420 mihi,
2471 4349 2738 4418 frater,in
2759 4354 2923 4407 tanto
2944 4356 3205 4424 tempore
3229 4354 3505 4411 solitaria:
3526 4356 3675 4426 vitas,
3699 4359 3823 4430 spi-

2158 4437 2464 4508 ritalisque
2479 4439 2793 4503 excercitii,
2809 4439 2947 4510 quid
2964 4440 3227 4498 lucratus
3240 4444 3334 4499 es?
3356 4444 3509 4500 Dixit
3532 4446 3580 4501 ei
3608 4446 3809 4503 frater:

402 4526 552 4619 rent,
588 4569 740 4607 unus
771 4569 838 4607 ex
869 4552 954 4607 eis
985 4526 1368 4623 impugnatus
1399 4568 1432 4605 a
1463 4550 1867 4616 fornicatione,
1903 4551 2049 4606 dixit
2078 4533 2125 4597 Ι)
2157 4527 2334 4623 Ῡξλξίθν
2359 4530 2415 4581 et
2441 4530 2572 4598 po8t
2597 4526 2890 4623 aemulum
2921 4529 3075 4584 dlem
3098 4547 3229 4623 ναίω
3257 4533 3331 4623 βά
3367 4550 3483 4602 me:
3514 4539 3569 4590 et
3610 4535 3805 4591 dlcam

400 4640 565 4697 fratri
590 4658 719 4696 suo:
753 4640 990 4695 Dimitte
1011 4656 1120 4705 me,
1149 4642 1347 4706 frater,
1373 4640 1512 4710 quia
1534 4639 1851 4712 impugnor
1872 4658 1905 4695 a
1932 4642 2045 4697 for-

400 4728 712 4795 nicatione,
748 4731 804 4783 et
826 4726 973 4783 ferre
998 4743 1111 4781 non
1137 4725 1477 4797 praevalens,
1503 4725 1629 4781 volo
1662 4727 1731 4780 ad
1765 4726 2042 4782 saeculum

396 4818 833 4874 reverti.Frater
850 4820 1044 4871 autem
1062 4831 1263 4887 rogare
1285 4814 1458 4886 coepit
1479 4815 1861 4880 eum,dicens:
1890 4816 2040 4884 Noli,

398 4923 614 4979 quaeso,
641 4908 816 4961 frater
845 4905 944 4974 mi,
980 4904 1098 4959 noli
1130 4903 1650 4976 perderelaborem
1673 4913 1859 4959 tuum.
1882 4909 2043 4961 Tunc

392 4997 443 5052 is
468 4995 610 5051 dicit
632 4996 683 5051 ei
707 5012 719 5051 :
741 4999 855 5050 Aut
877 4993 1109 5049 dimitte
1135 5010 1223 5049 me
1237 4994 1417 5065 abire,
1435 4998 1535 5049 aut
1556 5002 1616 5049 tu
1640 4995 1769 5049 veni
1789 5011 2040 5063 mecum,

396 5083 755 5156 utvoluptati
776 5082 1371 5140 satistaciam.Frater
1392 5081 1844 5137 autemillecum
1864 5082 2044 5139 nollet

392 5191 526 5230 eum
549 5171 1025 5239 dimittere,abiit
1044 5188 1178 5227 cum
1204 5170 1373 5225 illoin
1399 5170 1713 5227 civitatem.
1732 5176 2040 5244 Ingressus

392 5262 573 5334 igitur
593 5266 680 5317 est
704 5262 761 5315 in
789 5260 1113 5316 meretricis
1133 5259 1516 5315 diversorium
1540 5260 1588 5315 is
1607 5260 1705 5332 qui
1724 5261 1801 5315 im
1813 5278 2037 5333 pugna-

387 5352 580 5407 batur:
606 5350 784 5405 frater
814 5355 1011 5405 autem
1044 5349 1142 5404 ille
1196 5349 1336 5404 foris
1387 5353 1576 5416 stans,
1636 5350 1932 5421 pulverem
1968 5354 2038 5406 de

386 5446 543 5497 terra
563 5456 739 5511 super
752 5444 928 5509 caput
942 5436 1399 5509 suumjaciebat,
1416 5442 1472 5492 et
1486 5439 1871 5510 semetipsum
1886 5439 2035 5494 affli-

384 5531 578 5602 gebat.
606 5532 925 5599 Postquam
958 5543 1091 5584 vero
1115 5526 1212 5582 ille
1243 5525 1533 5597 completo
1592 5528 1744 5583 fcedo
1804 5543 1974 5599 opere
2005 5544 2035 5583 e

381 5618 653 5692 lupanari
686 5633 961 5688 egressus
988 5621 1095 5685 est,
1128 5616 1275 5672 dixit
1304 5616 1375 5673 ad
1418 5632 1554 5672 eum
1605 5616 1821 5673 frater:
1882 5618 2028 5684 Quid

2160 4617 2287 4673 tibi.
2311 4622 2496 4672 Senex
2518 4621 2715 4672 autem
2744 4618 2967 4688 abiens,
2992 4624 3124 4692 post
3143 4622 3437 4679 decimum
3458 4624 3611 4680 diem
3637 4626 3819 4682 rediit

2156 4708 2497 4779 invenitque
2515 4709 2751 4764 fratrem
2769 4710 3056 4783 migrasse
3073 4713 3141 4767 ad
3161 4712 3479 4784 Christum,
3496 4720 3553 4771 et
3570 4719 3780 4771 testam
3793 4761 3808 4785 ,

2155 4808 2213 4862 in
2236 4815 2354 4870 qua
2381 4798 2468 4853 sic
2501 4799 2790 4869 scriptum
2823 4804 2966 4855 erat:
2992 4800 3252 4872 Ignosce,
3287 4803 3472 4870 Pater,
3501 4805 3637 4877 quia
3658 4822 3815 4860 nun-

2155 4902 2367 4958 quam,
2409 4887 2551 4942 dum
2585 4902 2734 4957 opus
2766 4888 2863 4941 Dei
2897 4904 3149 4961 agerem,
3182 4896 3281 4946 aut
3307 4892 3465 4949 horis
3487 4892 3826 4951 constitutis

2151 4976 2487 5048 psallerem,
2526 4980 2783 5032 mentem
2820 4993 3010 5033 meam
3049 4978 3250 5035 dimisi
3283 4980 3342 5036 in
3393 4986 3630 5040 terram.

2748 5084 2981 5140 CAPUT
3013 5085 3201 5142 XCIX.

2333 5174 2453 5228 Vita
2491 5172 2723 5228 Antonii
2751 5173 2899 5229 seni:
2928 5176 3255 5233 monasterii
3284 5176 3345 5233 in
3376 5178 3630 5250 Scapula.

2220 5265 2617 5317 Narraverunt
2640 5262 2809 5317 nobis
2828 5264 3029 5321 Patres
3044 5266 3307 5338 ejusdem
3329 5284 3417 5323 mc
3431 5268 3664 5325 nasterii
3684 5286 3821 5324 san-

2149 5350 2225 5406 cti
2246 5350 2434 5405 Patris
2458 5352 2643 5405 nostri
2668 5351 2981 5409 Theodosii
3013 5356 3277 5412 dicentes
3297 5374 3309 5412 :
3327 5357 3594 5414 Antehos
3618 5376 3812 5415 annos

2147 5440 2462 5495 defunctus
2494 5444 2582 5493 est
2607 5439 2701 5495 hic
2732 5458 2903 5497 senex
2942 5444 3207 5515 quidam,
3232 5447 3517 5503 Antonius
3542 5449 3807 5503 nomine.

2146 5532 2201 5584 Is
2234 5527 2291 5582 in
2318 5527 2436 5583 vita
2466 5544 2572 5583 sua
2595 5528 3111 5603 maximejejuniis
3140 5550 3377 5605 operam
3411 5537 3581 5607 dans,
3616 5538 3779 5607 profe
3799 5568 3819 5581 -

2147 5623 2277 5674 tcus
2308 5620 2397 5674 est
2426 5617 2487 5673 in
2517 5617 2712 5675 locum
2745 5621 3351 5692 quiCutulasdicitur.
3376 5626 3638 5691 Quadam
3662 5643 3810 5701 ergo
