4122 6188
280 360 389 412 169

1613 361 1906 417 PRATUM
1947 362 2397 414 SPIRITUALE.

3598 368 3701 424 170

276 485 376 538 die
408 501 546 539 cum
579 488 735 539 esset
769 484 827 539 in
862 500 1079 551 eremo,
1114 502 1245 541 ecce
1268 486 1539 541 Saraceni
1574 486 1686 557 (23)
1721 486 1775 538 in
1808 502 1937 555 par-
1974 494 2023 554 Α
2056 484 2160 553 git.
2199 484 2361 537 Tune
2393 483 2590 539 senior
2616 484 2830 540 certior
2854 486 3040 543 factus
3062 493 3151 543 est
3173 492 3326 560 quod
3353 497 3502 548 Deus
3524 497 3705 549 remi-

279 582 373 629 tes
403 575 536 627 illas
572 576 870 629 venientes
895 575 1170 630 viderunt
1202 593 1424 643 senem,
1454 591 1728 646 unusque
1761 591 1828 629 ex
1860 574 1942 628 eis

276 667 496 719 educte
528 664 725 735 gladio
757 666 916 719 venit
939 671 1142 720 contra
1171 684 1393 731 senem,
1417 666 1615 721 volens
1643 681 1849 719 necare
1874 662 1940 716 il-

280 754 430 808 lum.
466 756 651 809 Senex
674 759 867 809 autem
904 759 965 808 ut
988 756 1130 809 vidit
1161 757 1516 810 Saracenum
1543 760 1744 809 contra
1767 768 1827 806 se
1849 768 1941 806 ve-

281 843 574 908 nientem,
608 844 847 898 intuens
869 843 923 897 in
950 844 1182 910 coelum,
1209 846 1325 899 ait:
1356 844 1591 899 Domine
1612 844 1751 898 Jesu
1774 840 1940 896 Chri-

278 937 396 997 ste,
421 934 695 987 voluntas
718 938 819 987 tua
844 932 964 987 fiat.
997 934 1329 1005 Statimque
1360 938 1558 1003 aperta
1580 939 1667 987 est
1688 939 1863 994 terra,
1888 934 1944 985 et

279 1022 595 1076 absorbuit
623 1026 976 1077 Saracenum
1003 1021 1193 1088 illum,
1221 1039 1511 1093 senexque
1547 1022 1809 1076 salvatus
1832 1024 1939 1088 est,

273 1115 336 1164 et
371 1110 708 1181 gloriﬁcans
742 1111 927 1165 Deum
954 1110 1011 1165 in
1048 1111 1469 1166 monasterium
1499 1111 1807 1181 ingressus
1830 1114 1937 1162 est.

954 1217 1188 1273 CAPUT
1220 1220 1280 1271 υ.

701 1307 825 1361 Vita
856 1308 1012 1362 Petri
1060 1309 1280 1361 Pontici
1306 1305 1583 1360 monachi.

356 1401 588 1452 Rursus
639 1400 1024 1451 narraverunt
1072 1395 1240 1450 nobis
1273 1394 1531 1466 praedicti
1563 1392 1673 1448 loci
1717 1394 1935 1459 Patres,

278 1487 443 1555 quod
480 1486 601 1540 illic
634 1484 805 1539 fuerit
837 1484 1077 1556 quidam
1103 1500 1297 1546 senex,
1332 1484 1537 1538 Petrus
1560 1482 1813 1547 nomine,
1837 1498 1939 1551 ge-

277 1592 424 1631 nere
475 1573 776 1637 Pontieus,
809 1573 1010 1628 multis
1062 1572 1469 1644 praeclarisque
1501 1572 1819 1626 virtutibus
1854 1588 1941 1623 er-

277 1670 481 1720 natus.
509 1664 587 1719 De
612 1664 718 1718 hoc
740 1681 878 1718 sene
892 1663 1371 1732 Theoderus,qui
1389 1662 1816 1731 fuitepiscopus
1834 1660 1938 1714 Re-

277 1756 503 1817 sensis,
545 1754 775 1807 dicebat
823 1752 1015 1821 nobis,
1048 1752 1199 1821 quod
1233 1752 1327 1806 die
1359 1754 1614 1821 quadam
1668 1748 1939 1804 convenit

274 1841 870 1896 illumadJordanem
888 1840 947 1893 in
965 1840 1628 1906 menasterie'l‘urrium,
1646 1838 1933 1892 illicenim
1967 1841 2015 1905 B

280 1934 419 2002 ipse
441 1932 801 1999 morabatur,
827 1929 997 1999 eique
1030 1929 1212 1982 dixit:
1239 1929 1345 1982 Fac
1368 1928 1734 1995 cbaritatem,
1760 1929 1937 1981 frater

274 2019 748 2087 Theodere,veni
766 2034 996 2072 mecum
1016 2018 1070 2071 in
1090 2023 1345 2072 montem
1363 2018 1519 2082 Sina,
1538 2016 1936 2087 quiaillucpro

281 2108 472 2163 ﬁcisci
492 2115 689 2162 votum
707 2108 912 2163 habeo.
930 2106 1035 2170 Qui
1053 2105 1503 2161 cumnolletnon
1521 2106 1774 2174 obedire,
1792 2104 1939 2158 dixit

2052 576 2226 628 sisset
2257 573 2338 627 illi
2374 579 2702 644 peccatum,
2737 581 2793 629 et
2823 577 3065 632 veniens
3088 596 3294 635 rursus
3325 581 3383 635 in
3408 590 3699 640 monaste-

2052 663 2203 715 rium
2239 678 2435 725 suum,
2469 663 2614 717 vixit
2646 665 2705 717 in
2739 681 2953 735 magna
2985 668 3366 736 continentia,
3400 672 3697 729 aedificans

2051 767 2254 804 omnes
2286 752 2413 805 vitae
2436 769 2554 806 suae
2586 752 2853 823 exemplo
2879 771 3063 825 usque
3097 758 3163 810 ad
3189 757 3342 813 diem
3365 759 3558 816 obitus
3579 763 3694 818 sui.

2681 860 2914 916 CAPUT
2946 865 3064 919 Cll.

2048 947 2269 1003 Rctatio
2292 948 2586 1020 Sephronii
2614 950 2872 1077 sep/tisi}:
2892 951 2956 1005 de
2986 968 3047 1007 eo
3077 955 3217 1023 quod
3237 954 3347 1010 sibi
3375 957 3435 1011 in
3464 956 3554 1012 via
3575 974 3699 1014 con-

2784 1032 2981 1078 iacret.

2784 1040 2981 1092 igerat.

2120 1106 2260 1162 Cum
2280 1108 2671 1175 interrogatus
2694 1117 2849 1165 esset
2862 1112 3042 1167 abbas
3057 1114 3418 1185 Sophronius
3433 1117 3701 1189 sophista

2049 1196 2226 1251 frater
2249 1213 2432 1266 meus,
2457 1200 2887 1255 assistebamus
2914 1218 3093 1273 prope
3117 1202 3285 1259 illum
3310 1221 3415 1277 ego
3438 1211 3496 1261 et
3516 1207 3698 1263 abbas

2045 1285 2303 1341 Joannes
2336 1288 2743 1355 scholasticus,
2768 1295 2823 1343 et
2853 1291 3036 1346 abbas
3058 1292 3415 1360 Quiricus,et
3437 1295 3535 1351 alii
3560 1297 3697 1367 qui-

2047 1377 2179 1428 dam
2216 1391 2281 1429 ex
2318 1375 2609 1442 Patribus,
2642 1377 2901 1449 dixitque
2926 1381 3132 1436 nobis:
3168 1384 3483 1454 Pergebam
3520 1387 3695 1441 modo

2044 1476 2104 1530 in
2136 1463 2248 1530 via,
2283 1470 2338 1518 et
2368 1469 2500 1520 ante
2535 1482 2624 1521 me
2657 1465 3106 1524 adolescentulae
3138 1470 3409 1526 chorean:
3444 1474 3696 1545 agebant

2046 1552 2571 1624 tripudiabantque
2594 1556 2856 1611 dicentes
2882 1574 2893 1611 :
2919 1557 3072 1613 Bene
3087 1560 3655 1633 veniatSopbronius
3677 1582 3690 1633 ;

2024 1647 2359 1696 coronatus
2392 1648 2481 1697 est
2503 1643 2889 1715 Sophronias.

2648 1751 2881 1806 CAPUT
2929 1754 3073 1808 ClIl.

2337 1840 2467 1892 Vita
2500 1846 2550 1893 et
2599 1841 2831 1894 virtutes
2862 1841 3076 1897 abbatis
3124 1842 3403 1914 Stratigii.

2114 1924 2266 1980 892
2300 1924 2583 1981 Dicebant
2608 1928 2676 1981 de
2701 1928 2909 1982 abbate
2932 1931 3229 2001 Stratigio,
3256 1933 3417 1989 Patre
3439 1934 3692 2008 insignis

2041 2013 2379 2068 monasterii
2404 2016 2588 2070 sancti
2616 2017 2798 2072 Patris
2832 2020 3015 2073 nostri
3040 2020 3376 2088 Theodosii,
3399 2032 3688 2082 monaste-

2040 2102 2109 2155 rii
2143 2104 2329 2173 ipsius
2362 2108 2586 2173 Patres,
2619 2106 2773 2175 quod
2806 2112 2926 2161 tres
2957 2107 3102 2163 istas
3133 2110 3379 2166 virtutes
3411 2118 3688 2183 possede-

284 2199 362 2253 ad
383 2214 516 2251 eum
536 2195 1772 2251 Eamus.CumverotransissentJordanem
1789 2193 1938 2247 dixit
2038 2192 2113 2245 rit
2145 2209 2319 2262 supra
2351 2195 2537 2246 aetatis
2570 2200 2781 2249 nostra:
2817 2197 3154 2265 monachos,
3185 2200 3503 2269 jejunium,
3536 2202 3685 2275 vigi-

280 2288 357 2342 ad
386 2285 756 2340 Theodorum
793 2285 1023 2340 senior:
1058 2284 1225 2352 Veni,
1254 2285 1431 2339 frater
1459 2284 1773 2349 Theodore,
1807 2299 1935 2337 ere-

279 2392 423 2429 mus
458 2380 523 2429 ut
556 2390 739 2444 usque
772 2374 842 2427 ad
865 2379 1118 2429 montem
1148 2374 1282 2427 Sina
1305 2372 1501 2427 nullus
1534 2384 1802 2427 nostrum
1836 2388 1935 2425 co-

275 2464 507 2520 medat.
558 2464 636 2517 Ad
672 2478 846 2533 quem
876 2462 1009 2517 ille:
1040 2461 1206 2527 Vere,
1240 2461 1423 2530 Pater,
1472 2477 1578 2532 ego
1610 2461 1718 2517 hoc
1749 2462 1935 2515 facere

272 2571 405 2608 non
437 2569 703 2624 possum.
737 2552 1267 2606 Prostravitautem
1304 2567 1365 2605 se
1393 2551 1939 2617 senex.etoravit,et

271 2658 477 2712 usque
501 2642 570 2695 ad
588 2641 728 2695 Sina
745 2640 888 2694 nihil
905 2639 1174 2695 comedit.
1191 2638 1780 2709 Sumptisigiturillic
1804 2656 1935 2692 san-

267 2731 391 2787 ctis
424 2730 744 2801 mysteriis,
769 2734 907 2782 tunc
929 2733 984 2782 et
1004 2728 1200 2782 cibum
1225 2727 1497 2797 sumpsit.
1522 2727 1805 2782 Similiter
1826 2732 1880 2781 et
1902 2744 1935 2783 a

266 2821 423 2875 Sina
452 2835 643 2888 usque
663 2817 1073 2873 Alexandriam
1099 2817 1167 2870 ad
1200 2822 1468 2871 sanctum
1495 2819 1717 2870 Menam
1748 2832 1935 2886 perve-

270 2913 519 2973 nerunt,
542 2907 687 2961 nihil
711 2907 949 2961 omnino
970 2906 1314 2961 comedente
1337 2922 1492 2960 sene.
1522 2905 1721 2976 Ibique
1743 2906 1934 2960 denuo

268 2996 756 3059 communicans,
783 3000 911 3067 post
931 2994 1407 3049 communionem
1432 2995 1628 3049 cibum
1656 2995 1931 3065 sumpsit.

272 3089 351 3143 Et
390 3103 423 3141 α
450 3092 653 3140 sancto
675 3085 845 3139 Mena
868 3101 1054 3155 usque
1078 3085 1135 3137 in
1159 3089 1423 3139 sanctam
1448 3084 1738 3138 civitatem
1764 3100 1931 3139 vene-

2038 2280 2148 2336 lias
2178 2287 2235 2335 et
2260 2282 2398 2353 juge
2423 2299 2591 2353 opus.

2658 2372 2881 2428 CAPUT
2924 2374 3059 2429 CIV.

2402 2460 2521 2515 Vita
2554 2461 2765 2517 abbatis
2796 2464 2979 2518 Nonni
3005 2466 3334 2537 presbyteri.

2112 2547 2383 2602 Narravit
2431 2550 2598 2604 nobis
2630 2550 2687 2604 in
2740 2552 3010 2607 coenobio
3066 2558 3252 2611 sancti
3289 2556 3474 2613 Patris
3508 2560 3695 2615 nostri

2041 2637 2377 2703 Theodosii,
2399 2638 2580 2693 abbas
2597 2639 2984 2711 Theodosius,
3008 2642 3107 2713 qui
3132 2645 3242 2700 fuit
3258 2646 3573 2719 episcOpus
3589 2649 3698 2704 Ca-

2042 2725 2368 2795 pituliadis,
2402 2727 2473 2781 de
2497 2727 2706 2783 abbate
2733 2728 2939 2783 Nonne
2964 2732 3323 2803 presbytero,
3348 2736 3504 2805 quod
3530 2742 3698 2792 nocte

2041 2816 2319 2885 quadam,
2366 2820 2681 2887 antequam
2728 2817 2993 2888 pulsaret
3034 2828 3391 2877 nocturnum
3435 2824 3697 2896 signum,

2041 2905 2180 2958 dum
2208 2905 2431 2973 jaceret
2461 2904 2587 2977 ipse
2618 2906 2674 2959 in
2712 2906 2925 2961 lectule
2960 2925 3088 2971 suo,
3123 2912 3348 2967 audivit
3376 2915 3695 2983 quemdam

2043 2993 2157 3046 leni
2182 3009 2317 3047 voce
2342 2994 2657 3061 dicentem,
2682 2996 2843 3067 Kyrie
2867 2997 3105 3053 cleison.
3123 3004 3382 3071 Cumque
3398 3003 3696 3074 quinqua-

2041 3084 2203 3152 ginta
2224 3082 2450 3137 vicibus
2480 3083 2587 3137 hoe
2612 3082 2705 3137 ille
2732 3084 3210 3150 iterasset,voluit
3234 3090 3357 3159 ipse
3380 3090 3529 3146 scire
3562 3092 3695 3161 quis

267 3180 444 3243 runt,
469 3191 601 3228 cum
628 3174 1340 3243 nihilomninegustasset
1361 3172 1624 3227 seniorin
1649 3173 1760 3226 via.
1787 3173 1927 3226 Cum
1964 3186 2005 3252 ρ
2046 3178 2197 3226 esset
2221 3171 2316 3240 qui
2342 3170 2449 3226 hoc
2472 3170 2722 3226 dicebat.
2753 3174 2819 3227 Et
2843 3174 3155 3244 aspiciens,
3184 3176 3398 3247 inquit,
3424 3180 3480 3232 in
3505 3179 3694 3234 eccle-

266 3281 417 3319 vero
448 3265 509 3318 in
542 3267 743 3317 sancta
764 3262 976 3318 Christi
1010 3262 1109 3316 Dei
1135 3262 1315 3317 nostri
1352 3262 1777 3316 resurrectione
1801 3278 1931 3333 per-

267 3353 533 3425 cepisset
555 3353 883 3407 veneranda
902 3354 1200 3423 mysteria,
1226 3358 1283 3405 tu
1296 3368 1363 3405 nc
1381 3351 1617 3405 demum
1642 3351 1863 3421 accepit
1878 3355 1935 3405 et

267 3445 513 3498 cibum.
549 3444 611 3496 In
643 3441 753 3496 hoc
794 3457 929 3513 ergo
960 3446 1079 3495 toto
1115 3439 1218 3494 tali
1248 3445 1528 3511 tantoque
1578 3440 1787 3495 itinere
1820 3440 1934 3494 nisi

265 3531 452 3588 tertio
486 3548 603 3585 non
635 3529 1105 3596 comeditsenex,
1139 3528 1320 3583 semel
1355 3529 1409 3582 in
1433 3533 1574 3585 Sina
1607 3535 1822 3599 monte,
1848 3544 1932 3583 se-

268 3620 398 3677 mel
429 3621 490 3675 in
522 3619 889 3679 Alexandria.
921 3623 979 3673 et
1004 3618 1181 3673 semel
1214 3618 1270 3671 in
1304 3622 1509 3673 sancta
1540 3617 1791 3673 civitate.

930 3724 1159 3780 CAPUT
1208 3727 1296 3779 CI.

644 3816 758 3869 Vita
804 3815 979 3869 Pardi
1022 3814 1284 3868 monachi
1328 3814 1578 3868 Romani.

357 3906 759 3961 Narraverunt
782 3902 958 3958 etiam
984 3901 1152 3957 nobis
1183 3903 1251 3958 de
1275 3902 1387 3957 alio
1411 3906 1753 3957 sencPatres
1777 3904 1935 3972 ejus-

284 3999 424 4051 dem
459 3992 826 4057 monasterii,
860 3992 1161 4046 dicentes:
1198 3992 1331 4045 Erat
1363 3991 1456 4045 hic
1490 4009 1665 4046 senex
1696 3992 1936 4063 quidam

279 4084 391 4157 qui
414 4097 549 4138 ante
571 4081 865 4135 medicum
886 4087 1119 4151 tempus
1142 4081 1455 4135 defunctus
1470 4086 1579 4149 est,
1598 4082 1821 4135 Pardus
1844 4098 1940 4135 no-

277 4175 463 4239 mine,
488 4187 700 4243 genere
733 4171 1053 4224 Romanus.
1082 4170 1181 4223 llic
1213 4171 1351 4224 dum
1386 4175 1537 4224 esset
1562 4170 1785 4239 junior,
1812 4186 1937 4223 mu—

274 4265 359 4319 lio
383 4264 593 4316 fuerat.
622 4260 723 4314 Die
746 4260 925 4330 igitur
953 4259 1207 4329 quadam
1232 4258 1377 4312 abiit
1400 4258 1629 4313 Jericbo
1654 4275 1785 4313 cum
1815 4276 1939 4312 mu-

276 4352 378 4406 lis.
396 4351 609 4404 Etcum
627 4349 853 4403 essetin
870 4347 1253 4409 xenedechio.
1278 4347 1781 4402 inventusestillic
1799 4364 1944 4418 puer

276 4439 587 4513 parvulus,
609 4442 1019 4508 quem,agente
1038 4437 1507 4502 diabolo,mulus
1530 4436 1685 4491 calce
1707 4453 1945 4507 percus-

2042 3260 2193 3315 siam
2246 3276 2346 3330 per
2368 3258 2591 3314 cellulae
2622 3276 2761 3316 mea:
2796 3262 3133 3327 fenestram,
3165 3266 3279 3318 vidi
3330 3282 3530 3321 senem
3563 3283 3695 3337 pro-

2040 3349 2407 3404 cumbentem
2426 3350 2675 3420 genibus
2692 3350 3144 3415 suis,etstellam
3161 3352 3586 3410 lueidissimam
3603 3372 3700 3411 su-

2042 3456 2141 3509 per
2163 3442 2335 3505 caput
2370 3440 2499 3507 ejus
2533 3440 2939 3494 ostendentem
2975 3440 3123 3495 mihi
3156 3443 3289 3513 quis
3311 3451 3467 3499 esset
3499 3461 3698 3501 senex.

2116 3527 2277 3581 Alius
2330 3533 2523 3582 autem
2563 3527 2812 3598 quidam
2850 3530 2918 3583 de
2950 3531 3191 3585 senibus
3238 3532 3423 3603 ipsius
3455 3534 3704 3589 ccenobii

2045 3616 2302 3671 narravit
2351 3617 2520 3671 nobis
2556 3619 2625 3670 de
2658 3618 2863 3673 eodem
2930 3619 3136 3675 abbale
3187 3621 3416 3690 Nonne,
3467 3623 3707 3679 dicens:

2058 3706 2237 3760 Necte
2252 3706 2503 3776 quadam
2524 3706 2864 3776 priusquam
2886 3708 3423 3781 pulsaretsignum,
3440 3728 3714 3781 egressus

2044 3796 2115 3849 de
2146 3794 2361 3849 cellula
2395 3795 2715 3863 mea,ibam
2732 3797 2799 3849 ad
2840 3796 3165 3852 ecclesiam.
3186 3799 3485 3871 Etaspicio
3506 3817 3706 3857 senem

2046 3887 2177 3939 ante
2196 3884 2499 3939 ecclesiam
2528 3888 2804 3953 stantem,
2840 3890 2897 3941 et
2921 3888 3182 3943 extensis
3203 3888 3260 3942 in
3286 3889 3493 3945 caelum
3520 3891 3706 3946 mani-

2050 3973 2156 4026 bus
2207 3978 2511 4027 orantem:
2550 3972 2829 4027 lucebant
2880 3979 3078 4029 autem
3112 3992 3326 4032 manus
3357 3979 3482 4047 ejus
3533 3979 3702 4051 quasi

2046 4059 2349 4131 lampades
2383 4061 2565 4131 ignis.
2601 4063 2790 4127 Quare
2823 4067 2980 4117 metu
3015 4066 3361 4134 perterritus
3392 4068 3627 4124 recessi.

2693 4170 2919 4226 CAPUT
2950 4170 3061 4226 CV.

2164 4259 2279 4312 Vita
2311 4260 2488 4312 sancti
2512 4258 2661 4313 senis
2694 4258 3081 4331 ChrisIOphori,
3115 4278 3316 4330 genere
3346 4263 3594 4320 Romani.

2121 4348 2262 4402 Cum
2288 4348 2343 4401 in
2372 4347 2717 4401 Alexandria
2737 4362 3023 4415 essemus,
3049 4350 3407 4407 accessimus
3429 4354 3497 4406 ad
3522 4354 3706 4409 abba-

2051 4438 2171 4488 tem
2208 4434 2613 4499 Theodorum,
2649 4437 2746 4505 qui
2797 4442 2921 4490 erat
2954 4436 3010 4490 in
3047 4443 3251 4493 sancta
3281 4440 3498 4511 Sophia
3528 4458 3707 4514 prope

276 4532 358 4586 sit
391 4539 442 4584 et
466 4527 710 4591 occidit,
744 4522 1051 4597 ignorante
1082 4527 1190 4580 hoc
1216 4526 1425 4580 abbate
1448 4527 1654 4581 Pardo.
1680 4527 1944 4580 Altlictus
1979 4533 2023 4596 ι)
2055 4526 2339 4581 Pharum.
2380 4524 2446 4578 Et
2496 4524 2750 4578 narravit
2784 4526 2953 4579 nobis
2987 4542 3185 4595 senex,
3222 4526 3457 4584 dicens:
3502 4534 3616 4602 Ege
3648 4532 3707 4587 in

276 4636 416 4674 vero
447 4634 629 4688 super
660 4617 767 4670 hoc
800 4616 1049 4669 multum
1086 4616 1266 4669 abbas
1301 4616 1545 4682 Pardus,
1583 4615 1723 4670 abiit
1756 4616 1811 4668 in
1834 4617 1938 4669 Ar-

280 4724 526 4774 nonem,
560 4710 618 4760 et
648 4706 890 4761 etfectus
921 4710 1010 4759 est
1037 4703 1410 4767 anachoreta,
1444 4705 1652 4775 lugens
1686 4721 1935 4775 semper,

280 4798 487 4852 dicens
513 4813 525 4849 :
550 4796 666 4864 Ege
693 4794 796 4848 feci
820 4793 1228 4861 homicidium,
1278 4798 1334 4848 et
1362 4798 1425 4847 ut
1451 4794 1740 4848 homicida
1774 4794 1939 4863 inju-

281 4886 435 4942 dicio
449 4886 585 4939 dam
597 4889 773 4939 natus
785 4900 914 4938 sum
927 4930 934 4937 .
947 4883 1080 4938 Erat
1092 4887 1287 4937 autem
1303 4882 1419 4936 illic
1435 4899 1610 4954 prope
1625 4888 1938 4937 torrentem

280 4977 396 5032 leo.
425 4976 766 5045 Diebusque
789 4974 1042 5045 singulis
1064 4973 1185 5028 ibat
1207 4974 1388 5027 abbas
1413 4972 1634 5027 Pardus
1658 4973 1724 5025 ad
1753 4972 1939 5027 cubile

282 5068 493 5133 leonis,
518 5063 837 5119 stimulans
858 5071 913 5118 et
929 5062 1510 5133 provocansleonem,
1532 5066 1943 5131 utexsurgeret

278 5162 337 5211 et
358 5155 667 5209 devoraret
688 5168 823 5207 eum
852 5170 865 5219 ;
890 5151 979 5207 leo
1003 5157 1198 5206 autem
1228 5150 1373 5204 nihil
1399 5149 1639 5204 omnino
1667 5149 1830 5203 illum
1859 5150 1943 5204 la:-

278 5244 477 5299 debat.
497 5242 719 5297 Videns
742 5247 937 5296 autem
962 5258 1160 5309 senex,
1184 5239 1326 5311 quia
1342 5239 1487 5293 nihil
1516 5240 1837 5309 proficeret,
1864 5241 1945 5294 ait

280 5334 341 5388 in
378 5334 577 5403 seipse
606 5349 619 5384 :
653 5332 953 5386 Dermiam
986 5331 1044 5384 in
1077 5328 1187 5395 via,
1214 5345 1512 5400 perquam
1548 5327 1635 5382 leo
1662 5329 1849 5398 pergit
1872 5329 1941 5382 ad

273 5422 555 5477 ﬂuvium:
578 5436 714 5476 nam
738 5437 870 5474 eum
896 5419 1169 5475 transibit
1191 5424 1253 5472 ut
1277 5423 1370 5473 eat
1393 5418 1464 5471 ad
1490 5417 1943 5487 bibendum,de-

278 5511 515 5567 vorabit
543 5526 656 5565 me.
694 5510 837 5564 Cum
863 5526 999 5580 ergo
1033 5509 1275 5579 jaceret,
1302 5523 1433 5562 ecce
1465 5506 1551 5560 lee
1579 5512 1710 5577 post
1734 5507 1945 5577 paulu-

277 5600 407 5656 lum
432 5602 622 5668 venit,
645 5604 703 5653 et
724 5596 894 5669 quasi
918 5598 1144 5653 ratione
1167 5596 1445 5667 praeditus
1469 5602 1641 5659 esset,
1667 5613 1801 5650 cum
1827 5613 1947 5651 om-

278 5691 340 5746 ni
358 5689 568 5762 quiete
594 5687 916 5745 transilivit
936 5703 1159 5757 senem,
1183 5700 1367 5757 neque
1382 5685 1621 5741 omnino
1636 5685 1798 5741 illum
1820 5686 1949 5742 teti-

615 5808 880 5870 Pa'rnon.
926 5804 1190 5870 LXXIV.

2053 4614 2317 4673 coenobio
2351 4615 2538 4666 sancti
2576 4612 2759 4682 patris
2788 4613 2968 4667 nostri
2992 4612 3324 4683 Theodosii,
3359 4618 3509 4686 quod
3541 4619 3709 4674 estin

2048 4721 2243 4763 eremo
2268 4706 2481 4758 sancta:
2505 4699 2722 4755 Christi
2748 4702 2843 4755 Dei
2869 4703 3051 4757 nostri
3077 4703 3349 4770 civitatis,
3383 4706 3593 4762 saculo
3618 4726 3707 4764 re-

2050 4791 2315 4850 nuntiavi
2344 4807 2357 4855 ;
2388 4790 2701 4859 invenique
2727 4789 2845 4844 illic
2868 4807 3068 4846 senem
3095 4808 3373 4864 magnum
3393 4794 3578 4865 valde,
3606 4814 3710 4853 no-

2051 4885 2208 4940 mine
2240 4878 2758 4949 Christophorum,
2789 4879 3116 4935 Romanum
3143 4897 3371 4950 genere.
3406 4884 3507 4938 Die
3530 4885 3711 4956 igitur

2050 4974 2302 5046 quadam
2322 4973 2654 5040 prostratus
2673 4973 2805 5024 ante
2821 4969 2981 5023 illum
2997 4970 3141 5032 ,dixi
3167 4987 3177 5023 :
3205 4975 3312 5025 Fac
3335 4970 3705 5043 cbaritatcm,

2052 5067 2236 5134 pater,
2266 5065 2321 5115 et
2352 5059 2444 5112 die
2468 5057 2610 5111 mihi
2640 5058 2775 5127 quid
2812 5058 2869 5112 in
2893 5060 3205 5129 juventute
3228 5065 3327 5115 tua
3347 5065 3704 5133 eperabaris.

2053 5153 2315 5220 Cumque
2350 5146 2597 5201 multum
2626 5164 2658 5201 a
2691 5164 2784 5202 me
2807 5153 3048 5219 rogatus
3081 5149 3288 5204 fuisset
3308 5157 3709 5225 senex,agnite

2054 5240 2205 5312 quod
2227 5242 2461 5310 propter
2478 5236 2789 5290 utilitatem
2810 5236 3017 5291 anima:
3032 5237 3200 5292 illum
3219 5256 3532 5309 rogassem,
3549 5260 3716 5299 enar-

2054 5329 2201 5385 ravit
2234 5326 2400 5390 mihi,
2440 5326 2644 5380 dicens
2673 5342 2684 5381 :
2712 5327 2957 5391 Quando
2990 5327 3202 5383 saeculo
3234 5332 3586 5400 renuntiavi,
3613 5333 3716 5398 fili,

2056 5433 2338 5487 magnum
2353 5415 2533 5469 habui
2552 5415 2856 5482 fervorem,
2876 5420 3577 5487 summamquedesiderii
3595 5420 3719 5475 ala-

2067 5508 2334 5563 critatem
2371 5505 2440 5559 ad
2475 5505 2860 5559 monasticam
2895 5505 3114 5570 vitam;
3148 5523 3212 5559 ac
3245 5507 3452 5563 diebus
3484 5508 3715 5576 quidem

2056 5596 2367 5652 exercebar
2384 5594 2439 5648 in
2459 5593 2712 5665 regulari
2732 5594 2997 5666 psalmod
3010 5596 3362 5665 ia,noctibus
3376 5614 3505 5653 vero
3522 5613 3718 5669 perge-

2063 5684 2281 5741 bamin
2317 5682 2758 5755 speluncam,in
2774 5700 2891 5755 qua
2920 5688 3229 5742 etsanctus
3245 5686 3630 5755 Theodosius,
3660 5692 3717 5745 et

3353 5803 3392 5862 6
