3986 6168
473 301 572 355 171

469 435 545 490 cti
561 433 757 488 Patres
770 430 979 502 reliqui
1001 447 1165 489 orare
1182 433 1626 497 consueverant;
1645 429 2122 497 descendensque
2153 420 2201 484 A

464 523 520 576 in
555 520 917 593 speluncam,
943 520 1158 575 centies
1191 520 1494 575 ﬂectebam
1520 534 1734 590 genua,
1769 524 1827 574 et
1850 517 2113 588 procide-

466 612 603 666 bam
633 611 747 665 Deo
790 626 892 681 per
920 611 1138 679 gradus
1170 608 1473 680 singulos;
1510 613 1649 664 sunt
1676 613 1867 662 autem
1902 621 2112 661 nume-

467 716 529 755 ro
563 701 757 756 decem
774 704 988 754 etocto.
1005 699 1269 770 Cumque
1292 715 1609 770 peromnes
1627 698 1847 768 gradus
1873 697 2110 751 descen-

465 789 710 851 dissem,
745 788 1154 858 permanebam
1181 787 1322 856 illic,
1354 788 1535 842 donec
1561 786 1820 858 pulsaret
1851 786 2106 857 signum.

463 878 625 933 Tunc
659 878 814 931 ibam
850 877 921 931 ad
956 877 1223 948 synaxim
1257 892 1385 931 cum
1407 875 1699 930 Patribus.
1741 874 1884 928 Cum
1911 879 2106 928 autem

463 983 611 1036 opus
643 965 798 1019 istud
827 964 1098 1019 undecim
1127 964 1300 1020 anuis
1323 964 1545 1034 absque
1567 962 2005 1018 intermissione
2030 962 2106 1016 fe-

461 1055 693 1121 cissem,
714 1053 1103 1124 cumjeiuniis
1122 1053 1347 1120 multis,
1366 1058 1422 1108 et
1440 1052 1826 1116 continentia,
1851 1056 1907 1107 et
1933 1049 2104 1105 nudi-

458 1152 576 1202 tate
601 1163 798 1202 rerum
822 1145 1112 1214 omnium,
1139 1151 1195 1201 et
1225 1146 1577 1215 obedientia,
1601 1150 1657 1200 et
1674 1144 1874 1200 labore
1895 1160 2103 1214 corpo-

457 1235 584 1303 rali,
609 1235 736 1291 veni
771 1239 935 1289 nocte
955 1235 1212 1306 quadam
1237 1235 1561 1289 secundum
1588 1232 2102 1300 consuetudinem,

457 1330 520 1379 ut
550 1326 606 1378 in
630 1324 973 1396 speluncam
1002 1324 1441 1379 descenderem.
1467 1324 1734 1393 Cumque
1759 1320 2101 1392 implessem

453 1413 863 1468 inclinationes
876 1413 1136 1484 corporis
1153 1428 1251 1484 per
1269 1411 1534 1483 singulos
1548 1413 2102 1481 gradus,venturus-

455 1518 567 1572 que
584 1502 846 1556 essemin
863 1503 1152 1572 spelunca:
1168 1502 1585 1572 pavimentum,
1608 1501 1795 1554 factus
1817 1499 1876 1553 in
1907 1505 2100 1553 exsta-

456 1591 526 1659 si,
551 1591 716 1646 video
737 1595 925 1645 totum
959 1590 1248 1662 speluncae
1272 1591 1673 1661 pavimentum
1699 1588 1958 1644 candelis
1987 1588 2100 1658 ple-

458 1673 620 1749 num,
655 1696 725 1734 ex
767 1680 981 1749 quibus
1012 1679 1134 1734 alia:
1181 1679 1417 1749 quidem
1452 1695 1706 1734 accensa:
1742 1683 1927 1743 erant,
1975 1676 2100 1730 aliae

1656 299 1754 352 DE
1791 297 1982 350 VITIS
2017 296 2317 350 PATRUM
2367 297 2582 353 LIBER
2617 299 2693 353 X.

3746 304 3836 358 172

2853 422 3083 479 CAPUT
3123 423 3261 481 CVI.

2216 513 2425 569 Relatio
2456 515 2672 571 abbatis
2704 516 2971 572 Theodori
3000 516 3068 570 de
3098 516 3362 571 monacho
3387 516 3522 588 Syro
3541 516 3836 575 Severiano.

2290 621 2556 677 Narravit
2577 623 2786 678 iterum
2813 623 2982 679 nobis
3009 623 3164 678 idem
3189 624 3371 678 abbas
3393 623 3735 691 Theodorus,
3759 625 3841 679 di-

2220 728 2392 768 cens:
2445 714 2884 769 Xenodochium
2927 719 3017 770 est
3048 714 3142 770 hic
3176 729 3354 786 prepe
3401 714 3661 784 Pharum,
3701 715 3840 770 inter

2218 807 2480 856 sanctam
2515 802 2792 874 Sephiam
2818 809 2874 858 et
2895 807 3162 858 sanctum
3189 807 3467 858 Faustum
3500 819 3517 857 :
3541 804 3634 874 qui
3658 807 3838 859 autem

2214 890 2299 945 illi
2331 898 2592 962 praeerat,
2625 894 2716 947 die
2735 895 2992 964 quadam
3018 894 3204 949 oravit
3227 909 3321 948 me
3346 899 3411 948 ut
3433 894 3572 948 irem
3598 894 3653 948 in
3675 910 3836 949 xeno-

2215 979 2578 1047 doehium,et
2595 981 2675 1035 ibi
2699 998 2957 1037 morarer
2975 982 3177 1053 paucis
3199 981 3426 1036 diebus.
3449 981 3661 1037 Abiens
3679 981 3845 1053 igitur

2213 1066 2407 1122 inveni
2440 1068 2555 1123 illic
2590 1071 2942 1124 monachum
2980 1071 3296 1140 quemdam
3328 1069 3583 1141 hospitio
3625 1085 3843 1140 suscep-

2212 1158 2597 1229 tum,Syrium
2618 1159 3002 1230 genere,nihil
3018 1159 3328 1214 habentem
3353 1164 3559 1230 praeter
3577 1158 3844 1224 cilicium,

2210 1255 2266 1304 et
2315 1249 2580 1321 pallium,
2610 1257 2665 1305 et
2707 1267 2885 1321 panes
2923 1267 3160 1322 paucos.
3199 1251 3399 1305 Stabat
3420 1255 3612 1305 autem
3653 1250 3709 1304 in
3740 1265 3845 1304 uno

2211 1339 2447 1408 angulo,
2481 1356 2711 1411 semper
2730 1340 2821 1394 die
2837 1345 3130 1411 noctuque
3165 1337 3448 1411 psallens,
3474 1337 3847 1394 etneminilo-

2209 1443 2416 1497 quens.
2452 1427 2732 1483 Veniente
2755 1444 2888 1482 vero
2920 1428 3012 1482 die
3043 1445 3248 1484 sancta
3284 1427 3612 1493 Dominica,
3644 1426 3754 1480 abii
3781 1428 3844 1481 ad

2206 1517 2398 1582 illum,
2424 1517 2661 1573 dicens:
2695 1518 3062 1587 Veni,frater,
3088 1519 3156 1572 ad
3184 1522 3448 1573 sanctam
3473 1516 3852 1588 SOphiam,ut

2207 1607 2605 1661 communices
2666 1608 2887 1663 sanctis
2912 1609 3376 1678 venerandisque
3407 1606 3717 1679 mysteriis.
3751 1604 3850 1667 Qui

2207 1696 2450 1751 aitzNon
2484 1696 2763 1752 venio.Ad
2788 1713 2960 1768 quem
2987 1712 3092 1768 ego
3118 1712 3132 1751 :
3157 1696 3400 1761 Cur,oro
3430 1701 3488 1751 te
3515 1698 3534 1749 ἐ
3566 1695 3661 1750 Ait
3679 1694 3847 1748 mihi:

456 1787 594 1824 non.
626 1768 858 1840 Aspicio
877 1773 1069 1824 autem
1087 1774 1142 1823 et
1173 1769 1319 1823 duos
1337 1768 1491 1823 viros
1507 1767 1817 1838 chlamyde
1841 1766 2099 1832 indutos,
2128 1787 2179 1855 B
2210 1786 2356 1851 Quia
2387 1787 2735 1841 Severianus
2766 1766 2920 1852 δέω,
2951 1766 3154 1840 (at—non
3178 1786 3554 1840 communico
3587 1783 3849 1839 Ecclesia,

454 1858 818 1927 candidoque
849 1858 1052 1912 habitu
1088 1858 1356 1921 amietos,
1389 1858 1622 1912 easdem
1657 1855 1929 1910 candelas
1951 1872 2097 1926 prae-

451 1951 748 2018 parantes.
770 1947 888 2016 Ego
919 1951 1117 2001 autem
1137 1946 1258 2000 dixi
1293 1945 1411 2000 illis
1441 1946 1688 2016 :utquid
1709 1945 1991 2016 posuistis
2013 1945 2104 1999 hic

451 2035 726 2091 candelas
775 2035 940 2101 istas,
977 2052 1080 2090 nec
1131 2035 1471 2106 permittitis
1503 2052 1606 2090 nos
1642 2034 2015 2099 descendere,
2048 2038 2105 2088 et

445 2124 656 2180 orare?
705 2125 813 2190 Qui
862 2125 1284 2194 respondentes
1317 2125 1592 2179 dixerunt
1624 2123 1809 2178 mihi:
1863 2123 2099 2177 Patrum

446 2216 699 2270 candelae
734 2221 891 2271 sunt.
923 2216 1051 2270 Dixi
1080 2221 1276 2270 autem
1301 2216 1374 2270 ad
1407 2233 1504 2270 eos
1538 2231 1810 2270 rursum:
1836 2215 1952 2268 Cur
1973 2213 2098 2268 aliae

447 2321 516 2362 ex
538 2303 651 2358 illis
683 2305 911 2372 ardent,
929 2303 1053 2358 aliae
1081 2320 1194 2359 non
1219 2304 1245 2358 ?
1266 2304 1869 2375 Responderunt:Qui
1895 2302 2099 2357 volunt

449 2391 724 2447 candelas
744 2409 881 2446 suas
902 2393 1385 2459 accenderunt,et
1401 2392 1498 2463 qui
1518 2391 1869 2461 nolunt,non
1895 2407 2102 2446 accen-

447 2482 679 2536 derunt.
710 2481 812 2536 Aio
837 2482 906 2536 ad
925 2481 1281 2536 illositerum
1311 2481 1536 2536 :Facite
1560 2481 1902 2536 cbaritatem
1929 2498 2097 2548 ;can-

446 2569 577 2624 dela
611 2586 737 2624 mea
761 2569 946 2638 ardet,
981 2587 1052 2625 an
1081 2586 1194 2625 non
1220 2570 1432 2625 ardet?
1465 2569 1551 2625 Illi
1579 2574 1774 2625 autem
1801 2571 2093 2624 dixerunt:

445 2658 578 2726 Ora,
611 2664 669 2714 et
715 2659 1093 2714 accendimus
1124 2659 1311 2715 illam.
1346 2660 1510 2713 Tunc
1543 2659 1672 2714 dico
1707 2658 1821 2713 illis
1849 2676 1862 2713 :
1891 2659 2093 2714 Adhuc

447 2764 566 2801 oro.
607 2749 670 2802 Et
699 2748 839 2818 quid
876 2765 1059 2818 usque
1095 2749 1267 2802 modo
1301 2748 1584 2803 faciebam
1611 2748 1637 2802 ‘I
1671 2755 1860 2819 Atque
1892 2749 1948 2802 in
1984 2750 2092 2804 hoc

444 2837 617 2892 verbo
634 2838 703 2891 ad
722 2837 1018 2907 meipsum
1037 2855 1300 2893 reversus
1315 2855 1470 2905 sum,
1488 2855 1921 2909 conversusque
1938 2839 2092 2894 ultra

436 2925 561 2995 jam
597 2927 891 2981 neminem
926 2928 1061 2981 vidi.
1097 2928 1260 2982 Tunc
1293 2927 1407 2980 dixi
1443 2927 1497 2980 in
1528 2927 1790 2998 meipso:
1827 2927 2089 2982 Christo-

443 3017 645 3089 phore,
664 3015 1080 3086 majorilabore
1097 3032 1246 3087 opus
1278 3021 1385 3071 est.
1405 3017 1657 3070 Etmane
1674 3017 1848 3085 facto,
1875 3012 2086 3073 recessi

441 3107 511 3161 de
547 3105 923 3172 monasterio,
956 3109 1013 3159 et
1047 3106 1341 3175 profectus
1373 3121 1505 3159 sum
1541 3105 1610 3159 ad
1633 3112 1891 3160 montem
1925 3106 2083 3175 Sina,

441 3192 585 3248 nihil
638 3193 830 3248 fet-ens
893 3209 1148 3255 mecum.
1185 3194 1295 3248 nisi
1330 3211 1444 3265 quo
1499 3194 1788 3248 induebar
1829 3200 2082 3249 tantum.

440 3287 702 3352 Cumque
754 3281 876 3337 illic
913 3283 1166 3352 egissem
1213 3300 1396 3338 annos
1449 3282 1900 3355 quinquaginta,
1935 3282 2091 3338 venit

443 3374 589 3428 mihi
611 3391 738 3443 vox,
764 3376 1002 3430 dicens:
1033 3375 1468 3445 Christophore,
1496 3376 1617 3430 redi
1649 3375 1709 3428 in
1759 3374 2086 3429 coenobium

438 3467 608 3518 tuum
650 3462 749 3517 ubi
782 3463 958 3517 etiam
990 3464 1138 3518 bene
1170 3465 1428 3528 certasti,
1466 3469 1529 3518 ut
1562 3463 1681 3517 illic
1714 3479 2086 3519 consumme-

444 3552 524 3606 ris
556 3569 688 3607 cum
729 3552 999 3606 Patribus
1029 3552 1168 3606 tuis.
1202 3553 1269 3605 Et
1301 3553 1527 3606 modico
1554 3557 1812 3622 tempore
1856 3558 2085 3622 postea-

442 3658 619 3711 quam
681 3640 822 3695 mihi
877 3642 989 3696 ista
1039 3642 1285 3708 dixerat,
1336 3647 1540 3696 sancta
1584 3640 1742 3695 illius
1774 3641 1970 3696 anima
2026 3641 2084 3696 in

445 3746 585 3800 pace
617 3729 924 3799 requievit.

514 3820 770 3873 Rursum
805 3817 1099 3873 enarravit
1132 3818 1298 3872 nobis
1329 3818 1485 3872 idem
1518 3817 1861 3872 Theodorus
1895 3819 1964 3873 de
1988 3834 2080 3874 eo-

438 3906 571 3961 dem
604 3908 813 3962 abbate
841 3907 1285 3978 Christophoro.
1334 3906 1588 3975 Dicebat,
1622 3907 1834 3978 inquit,
1867 3924 2080 3962 senex:

433 3997 537 4052 Die
564 3998 819 4068 quadam
854 3997 1090 4052 ascendi
1119 3997 1178 4051 in
1211 4002 1476 4051 sanctam
1508 3997 1824 4065 civitatem,
1850 4001 1912 4051 ut
1943 3999 2080 4053 ado-

431 4102 620 4140 rarem
653 4090 919 4141 sanctam
955 4102 1209 4141 crucem.
1232 4085 1296 4138 Et
1324 4101 1457 4139 cum
1485 4085 1850 4151 adorassem,
1878 4090 1934 4140 et
1955 4087 2080 4155 jam

431 4177 675 4244 exirem,
706 4176 926 4248 aspicio
968 4177 1207 4231 fratrem
1256 4177 1568 4246 quemdam
1601 4175 1659 4229 in
1708 4175 1912 4230 limine
1947 4177 2079 4230 atrii

429 4265 695 4336 pretiosae
745 4265 957 4332 crucis,
999 4281 1189 4335 neque
1241 4264 1584 4333 intrantem,
1634 4281 1821 4335 neque
1861 4281 2076 4320 exeun-

426 4359 566 4409 tem.
603 4355 834 4426 Aspicio
858 4357 996 4410 item
1035 4361 1090 4410 et
1125 4357 1273 4410 duos
1299 4371 1501 4409 corvos
1540 4354 1911 4425 impudenter
1945 4360 2079 4412 ante

423 4441 584 4500 illius
607 4444 812 4498 faciem
836 4444 1119 4510 volantes,
1139 4449 1195 4498 et
1218 4443 1326 4498 alis
1341 4444 1466 4498 suis
1487 4443 1686 4498 oculos
1717 4445 2071 4515 eiusimpor-

423 4527 561 4578 tune
599 4523 984 4594 impetentes,
1032 4540 1136 4580 nec
1175 4524 1342 4579 illum
1385 4525 1601 4579 intrare
1641 4525 2065 4594 permittentes.

423 4612 684 4668 Intellexi
734 4631 866 4668 vero
917 4632 1015 4670 eos
1045 4617 1338 4670 daemones
1372 4631 1523 4678 esse,
1559 4619 1614 4668 et
1645 4614 1758 4668 dixi
1783 4615 1905 4670 illi:
1950 4617 2067 4682 Dic,

420 4700 619 4763 frater.
649 4718 752 4756 cur
777 4708 897 4757 stas
924 4703 978 4756 in
1003 4703 1192 4758 medio
1227 4707 1560 4773 januaa,nec
1581 4702 1765 4756 intras
1793 4702 1812 4756 Ρ
1845 4703 1952 4766 Qui
1987 4703 2070 4758 ait

421 4790 565 4844 mihi
591 4808 603 4845 :
627 4794 862 4863 Ignosce
885 4793 1046 4864 migi,
1068 4793 1235 4846 Pater
1257 4792 1359 4855 mi,
1379 4790 1763 4860 cogitationes
1790 4791 1969 4846 habeo
2001 4809 2068 4846 ex

422 4877 772 4950 quibusuna
804 4882 946 4935 mihi
982 4881 1121 4936 dicit
1163 4898 1174 4934 :
1213 4881 1541 4952 Ingredere,
1571 4886 1626 4933 et
1661 4881 1901 4934 adorare
1933 4897 2063 4950 pre-

419 4968 628 5025 tiosam
681 4987 931 5027 crucem.
965 4970 1092 5026 Alia
1123 4971 1264 5025 dicit
1297 4986 1309 5023 :
1363 4970 1510 5037 Non,
1562 4969 1660 5024 sed
1694 4970 1856 5034 vade,
1892 4973 1946 5023 et
1979 4970 2064 5024 l'ac

418 5074 758 5128 responsum
782 5062 914 5131 (211).
950 5066 1006 5115 et
1031 5061 1143 5114 alia
1163 5060 1287 5113 vice
1311 5058 1607 5112 adorabis.
1642 5059 1756 5129 Ego
1780 5064 1975 5113 autem
1998 5065 2061 5114 ut

415 5148 631 5214 audivi,
669 5150 821 5203 tenui
859 5166 1094 5203 manum
1146 5148 1354 5218 ipsius,
1389 5152 1444 5201 et
1474 5147 1771 5201 introduxi
1816 5148 1968 5202 893
2002 5147 2060 5202 in

411 5241 734 5308 templum:
771 5245 828 5292 et
855 5239 1130 5293 continuo
1173 5239 1447 5307 fugerunt
1483 5236 1656 5290 corvi.
1683 5236 1946 5307 Cumque
1981 5238 2059 5291 fe-

411 5326 623 5381 cissem
653 5327 817 5382 illum
845 5329 1087 5383 adorare
1121 5332 1384 5381 sanctam
1420 5341 1672 5394 crucem,
1707 5331 1762 5380 et
1792 5332 2054 5380 sanctam

411 5411 624 5468 Christi
660 5415 890 5469 Domini
912 5414 1423 5476 resurrectionem,
1453 5413 1652 5467 dimisi
1673 5430 1806 5468 eum
1831 5415 1887 5468 in
1918 5432 2060 5485 pace

411 5499 541 5556 Haec
572 5507 790 5569 autem,
827 5504 1015 5574 inquit
1048 5504 1413 5566 Theodorus,
1442 5503 1584 5556 mihi
1620 5519 1795 5557 senex
1826 5519 2058 5559 enarra-

409 5590 512 5658 vit,
538 5593 676 5662 quia
701 5592 840 5648 vidit
863 5610 954 5648 me
979 5592 1231 5648 multum
1257 5593 1312 5647 in
1335 5592 1680 5648 ministeriis
1704 5592 2057 5666 distentum,

412 5681 469 5732 et
501 5680 778 5736 orationis
809 5680 1226 5754 negligentem.

2208 1874 2607 1945 Audiensego,
2622 1875 2757 1944 quia
2779 1891 2890 1928 non
2908 1875 3372 1928 communicaret
3392 1877 3611 1929 sancta:
3626 1876 3852 1943 etapos-

2207 1963 2391 2018 tolicse
2409 1963 2702 2029 Ecclesia,
2718 1964 3014 2035 simulque
3033 1963 3407 2020 vidensillius
3421 1964 3706 2036 optimam
3725 1978 3855 2017 con-

2205 2054 2620 2117 versationem,
2642 2054 2941 2124 vitamque
2962 2053 3280 2108 virtutibus
3304 2053 3568 2125 plenam,
3615 2051 3733 2106 abii
3759 2049 3853 2105 lu-

2206 2158 2348 2214 gens
2384 2143 2440 2196 in
2475 2141 2746 2198 cellulam
2769 2157 2983 2211 meam,
3016 2146 3073 2197 et
3102 2141 3300 2197 clausa
3328 2143 3534 2214 janua,
3571 2138 3857 2213 prostravi

2207 2233 2498 2304 meipsum
2532 2232 2588 2286 in
2617 2231 2822 2286 faciem
2855 2247 3047 2286 coram
3082 2231 3324 2287 Domino
3347 2246 3451 2303 per
3477 2231 3609 2286 dies
3640 2234 3783 2297 tres,
3806 2233 3859 2283 et

2201 2322 2440 2377 orabam
2474 2321 2642 2375 illum
2675 2337 2807 2376 eum
2829 2320 3103 2392 lacrymis
3127 2321 3352 2386 multis,
3378 2321 3628 2376 dicens:
3661 2317 3859 2375 Domi-

2200 2419 2371 2465 nator
2400 2411 2627 2465 Christe
2658 2410 2812 2465 Deus
2841 2416 3057 2476 noster,
3091 2409 3187 2480 qui
3222 2417 3459 2481 propter
3496 2406 3857 2464 ineffabilem

2197 2505 2359 2555 tuam
2384 2500 2841 2569 immensamque
2865 2499 3234 2553 clementiam
3263 2498 3566 2554 inclinasti
3591 2497 3790 2565 ccelos,
3809 2501 3863 2551 et

2197 2587 2553 2643 descendisti
2587 2593 2818 2659 propter
2848 2585 3096 2642 salutem
3130 2592 3410 2655 nostram,
3441 2587 3550 2658 qui
3581 2586 3858 2641 incarna-

2197 2682 2294 2732 tus
2325 2695 2386 2733 es
2416 2695 2484 2733 ex
2510 2682 2714 2732 sancta
2738 2675 2984 2731 Domina
3019 2679 3218 2731 nostra
3251 2676 3349 2730 Dei
3382 2674 3678 2747 genitrice
3710 2689 3862 2730 sem-

2197 2783 2414 2839 perque
2444 2767 2669 2838 virgine
2702 2768 2906 2831 Maria,
2939 2764 3131 2821 revela
3163 2765 3304 2820 mihi
3338 2766 3436 2837 qui
3470 2766 3604 2821 sint
3635 2765 3738 2838 qui
3768 2765 3861 2818 be-

2195 2874 2266 2912 ne
2291 2862 2347 2912 et
2378 2861 2529 2912 recte
2544 2857 2788 2910 credunt
2811 2871 3025 2923 ;nosne
3047 2855 3145 2926 qui
3189 2861 3401 2910 sanctae
3430 2854 3712 2910 Ecclesia:
3732 2857 3863 2926 jun-

2192 2947 2409 3014 gimur.
2443 2963 2514 3000 an
2547 2946 2646 3016 qui
2699 2946 2908 3000 Severo
2940 2945 3335 3000 consentiunt.
3370 2944 3471 2999 Die
3505 2961 3650 3000 vero
3684 2944 3864 3000 tertia

2191 3035 2352 3090 venit
2383 3035 2526 3089 mihi
2557 3051 2667 3089 vox
2699 3033 3092 3099 invisibiliter,
3141 3034 3341 3088 dicens
3369 3049 3380 3088 :
3417 3033 3615 3097 Vade,
3676 3033 3862 3088 Theo-

2197 3125 2356 3191 dore,
2381 3123 2600 3193 inspice
2631 3124 2807 3177 ﬁdem
2833 3121 3041 3193 ipsius.
3066 3127 3129 3177 In
3155 3123 3481 3178 crastinum
3511 3124 3709 3195 igitur
3729 3139 3860 3194 pro-

2201 3214 2408 3281 fectus,
2445 3213 2569 3268 sedi
2603 3217 2735 3267 ante
2780 3211 2970 3279 illum,
3005 3217 3350 3283 exspectans
3382 3213 3585 3268 videre
3620 3212 3868 3283 aliquid.

2189 3305 2360 3374 juxta
2388 3303 2546 3374 quod
2581 3301 2725 3356 mihi
2757 3318 2864 3356 vox
2893 3301 3152 3356 dixerat:
3181 3305 3388 3356 etcum
3416 3303 3763 3359 mansisem
3794 3318 3877 3358 se-

2195 3393 2341 3448 dens
2373 3391 2540 3462 quasi
2571 3407 2688 3445 una
2720 3389 2884 3458 hora,
2902 3394 2958 3444 et
2988 3391 3248 3445 intuerer
3271 3389 3329 3444 in
3362 3391 3566 3460 ipsum
3603 3397 3866 3447 stantem

2194 3486 2250 3536 et
2273 3498 2409 3537 voce
2431 3481 2570 3552 Syra
2599 3479 2962 3549 psallentem,
2993 3478 3109 3532 vidi
3131 3482 3276 3534 teste
3299 3484 3437 3544 Deo,
3466 3480 3606 3547 ﬁlii,
3628 3480 3869 3537 colum-

2191 3570 2326 3624 bam
2360 3585 2535 3641 super
2566 3574 2739 3639 caput
2770 3570 2899 3638 ejus
2926 3572 3179 3622 stantem
3226 3567 3648 3638 fuliginosam,
3679 3568 3866 3624 veluti

2191 3676 2260 3714 ex
2290 3659 2540 3731 coquina
2569 3658 2920 3723 venientem,
2944 3657 3272 3727 squalidam
3307 3674 3370 3712 ac
3392 3657 3672 3714 fetidam.
3706 3662 3870 3714 Tunc

2190 3749 2399 3821 agnovi
2431 3766 2582 3813 eam,
2613 3763 2736 3818 qua;
2763 3747 2906 3802 mihi
2939 3752 3310 3818 apparuerat,
3343 3746 3757 3819 caliginosam
3788 3749 3874 3804 fe-

2189 3841 2493 3910 tidamque
2541 3838 2896 3903 columbam,
2931 3837 3120 3907 ipsius
3150 3853 3277 3892 esse
3328 3837 3529 3892 ﬁdem.
3569 3839 3715 3895 Haec
3759 3857 3870 3894 au-

2188 3934 2304 3984 tem
2338 3929 2507 3984 nobis
2539 3927 2794 3982 narravit
2817 3927 2874 3981 in
2903 3927 3146 3982 veritate
3168 3943 3301 3980 cum
3337 3927 3545 3984 multis
3574 3928 3871 4002 lacrymis

2189 4024 2245 4074 et
2274 4017 2633 4090 singultibus
2662 4020 2865 4072 sancta
2895 4015 3083 4088 ipsius
3117 4015 3336 4071 anima.

2790 4140 3019 4196 CAPUT
3059 4140 3229 4196 CVII.

2661 4231 2778 4286 Vita
2818 4229 3037 4285 abbatis
3077 4230 3373 4286 Gerasimi.

2263 4340 2378 4396 Uno
2411 4339 2527 4392 fere
2560 4335 2835 4391 milliario
2867 4335 3047 4389 distat
3078 4351 3111 4388 a
3136 4333 3387 4389 Jordane
3410 4337 3879 4393 monasterium

2187 4428 2338 4500 quod
2369 4425 2596 4481 abbatis
2614 4424 2899 4480 Gerasimi
2925 4423 3160 4478 dicitur.
3185 4424 3248 4478 In
3272 4423 3380 4479 hoc
3402 4427 3875 4482 monasterium

2099 4501 2147 4566 D
2179 4517 2624 4575 advenientibus
2647 4513 2816 4570 nobis
2849 4518 3233 4568 narraverunt
3255 4514 3354 4584 qui
3381 4513 3498 4569 illic
3523 4519 3884 4573 moraban-

2178 4615 2276 4664 tur
2307 4623 2476 4662 senes
2518 4606 2589 4660 de
2621 4605 2830 4658 abbate
2862 4603 3185 4672 Gerasimo,
3236 4606 3389 4673 quod
3433 4605 3527 4659 die
3581 4608 3878 4677 quadam

2180 4695 2491 4753 ambulans
2514 4709 2689 4764 super
2704 4691 2980 4747 Jordanis
3002 4692 3213 4763 ripam,
3239 4691 3474 4746 obvium
3492 4693 3734 4750 habuit
3753 4695 3890 4751 leo-

2179 4805 2310 4844 nem
2327 4787 2494 4842 valde
2507 4785 2834 4855 rugientem
2851 4829 2862 4849 ,
2877 4799 3165 4854 suspenso
3181 4784 3348 4854 pede,
3363 4784 3455 4838 cui
3473 4784 3723 4842 inﬁxus
3740 4790 3880 4843 erat

2176 4895 2244 4934 ex
2266 4877 2490 4933 calamo
2505 4874 2763 4936 aculeus.
2789 4875 2930 4928 adeo
2956 4879 3096 4928 utex
3110 4872 3219 4928 hoc
3237 4890 3334 4944 pes
3357 4873 3482 4946 ipse
3499 4875 3557 4929 in
3571 4879 3892 4934 tumuis-

2176 4972 2282 5032 set,
2298 4965 2531 5022 etsanie
2547 4963 2753 5034 plenus
2768 4962 3008 5018 elfeetus
3024 4967 3200 5017 esset.
3221 4965 3363 5018 Cum
3389 4963 3578 5034 igitur
3594 4965 3890 5023 vidisset

2174 5055 2262 5111 leo
2277 5071 2499 5118 senem,
2515 5051 3338 5107 ostendebatillivulneratum
3359 5053 3632 5110 exinﬁxo
3652 5055 3895 5113 aculeo

2173 5143 2564 5219 pedem,ﬂens
2596 5141 3033 5212 quodammodo
3067 5146 3122 5196 et
3154 5142 3470 5198 obsecrans
3509 5146 3578 5198 ut
3619 5145 3725 5199 illi
3772 5163 3895 5202 cu-

2173 5253 2296 5292 ram
2328 5231 2650 5288 adhiberet.
2672 5234 2813 5283 Cum
2835 5247 2969 5301 ergo
2988 5229 3230 5286 vidisset
3251 5247 3384 5286 eum
3409 5247 3591 5286 senex
3616 5232 3747 5288 tali
3769 5250 3897 5291 ne-

2171 5323 2443 5381 cessitate
2458 5318 3059 5374 constrictumsedens
3073 5318 3456 5390 apprehendit
3473 5320 3563 5389 eju
3576 5337 3612 5374 s
3640 5324 3895 5392 pedem

2174 5412 2562 5484 aperiensque
2598 5405 2816 5461 vulnus
2851 5408 3051 5462 eduxit
3084 5407 3353 5462 aculeum
3391 5408 3686 5474 inﬁxum,
3715 5427 3883 5468 cum

2172 5518 2385 5575 magna
2400 5495 2728 5570 putredinis
2743 5497 2908 5566 copia
2924 5498 3353 5570 diligenterque
3368 5500 3731 5570 depurgate
3749 5505 3903 5559 vul-

2169 5595 2391 5659 nere,et
2405 5603 2598 5661 panno
2616 5585 3391 5658 alligato,dimisiteum.Leo
3407 5593 3614 5644 autem
3637 5606 3729 5646 cu
3742 5609 3810 5647 m
3823 5611 3898 5650 se

2167 5685 2436 5742 curatum
2450 5675 2715 5746 vidisset,
2731 5675 2921 5732 noluit
2932 5693 3132 5734 senem
3148 5677 3417 5733 deserere
3431 5676 3530 5734 sed
3546 5690 3582 5729 ιι
3594 5678 3718 5736 tch
3729 5697 3860 5738 aru
3871 5700 3906 5741 ε
