4122 6188
262 327 371 382 173

1584 334 1880 390 PRATUM
1917 334 2368 389 SPIRITUALE.

3576 330 3692 385 174

257 452 621 525 discipulus,
679 469 1031 525 quocunque
1080 459 1369 527 pergeret,
1433 456 1780 527 magistrum
1832 471 1921 510 se-
1950 456 2007 522 Α
2037 457 2160 527 gitu
2193 456 2487 526 utebatur,
2521 459 2578 511 et
2606 455 2865 511 lamenta
2908 455 3240 526 adjiciebat,
3273 455 3590 512 ostendens
3620 469 3692 511 ex

258 543 578 613 quebatur,
614 542 691 597 ita
740 546 804 597 ut
850 544 1248 598 admiraretur
1293 560 1468 600 senex
1519 550 1743 601 tantam
1789 546 1921 599 fera:

264 632 920 703 gratitudinem.lgitur
949 649 1018 688 ex
1049 638 1193 689 tunc
1221 650 1395 689 senex
1422 634 1742 689 mutriebat
1762 648 1920 701 eum,

264 720 510 776 mittens
542 724 675 776 ante
706 721 878 776 illum
909 737 1122 794 panem
1146 727 1203 778 et
1233 723 1429 780 infusa
1456 723 1776 795 legumina.

339 828 603 883 Habebat
668 834 861 884 autem
926 830 1121 900 ipsum
1191 830 1609 886 monasterium
1684 829 1920 884 asinum

262 934 477 983 unum,
508 918 579 972 ad
613 917 912 973 ferendam
938 935 1153 989 aquam
1178 936 1277 989 pro
1299 918 1647 974 necessitate
1672 919 1916 973 fratrum

258 1008 337 1062 de
359 1008 635 1063 Jordane.
657 1009 1154 1063 Consuetudinem
1179 1013 1375 1063 autem
1404 1009 1615 1063 fecerat
1642 1024 1836 1067 senex.
1863 1016 1922 1062 ut

256 1113 469 1152 curam
493 1097 769 1168 pascendi
794 1096 945 1152 asini
971 1096 1058 1153 leo
1081 1097 1551 1168 haberet.ltaque
1566 1097 1769 1153 abiens
1785 1112 1919 1151 cum

256 1185 364 1241 illo
404 1186 580 1255 juxta
628 1185 903 1241 Jordanis
951 1187 1127 1257 ripas,
1158 1191 1496 1258 pascentem
1549 1186 1921 1241 observabat.

258 1275 530 1339 Quadam
556 1280 750 1330 autem
767 1275 860 1331 die
875 1276 1016 1330 dum
1050 1281 1391 1347 pasceretur
1421 1276 1645 1343 asinus,
1670 1274 1759 1330 leo
1774 1290 1836 1330 se
1850 1274 1922 1329 ab

258 1364 365 1419 illo
380 1363 746 1435 longiuscule
759 1363 995 1431 avertit;
1020 1381 1154 1419 cum
1178 1380 1309 1419 ecce
1324 1364 1675 1420 camelarius
1689 1381 1756 1419 ex
1778 1366 1919 1419 Ara-

260 1453 363 1506 bia
376 1454 951 1520 veniens,inventum
967 1454 1201 1508 asinum
1216 1454 1439 1525 accepit
1452 1459 1508 1508 et
1522 1468 1720 1508 secum
1736 1452 1921 1507 duxit.

261 1541 788 1607 Leovero,amisso
804 1542 991 1607 asino,
1009 1540 1180 1598 rediit
1201 1541 1258 1596 in
1282 1542 1709 1598 monasterium
1734 1542 1923 1597 tristis

263 1629 454 1697 Valde,
480 1634 535 1684 et
558 1630 782 1699 dejecta
805 1630 947 1686 facie
971 1647 1037 1685 ac
1058 1630 1301 1700 cervice,
1324 1631 1395 1685 ad
1420 1631 1691 1686 abbatem
1724 1647 1921 1685 suum.

262 1719 467 1774 Abbas
487 1719 669 1790 igitur
688 1720 1023 1775 Gerasimus
1046 1720 1264 1792 putavit
1288 1721 1443 1791 quod
1469 1721 1701 1775 asinum
1725 1736 1923 1775 come—

262 1809 585 1870 dissetleo,
612 1813 668 1863 et
694 1808 776 1864 ait
794 1808 880 1863 illi
906 1825 920 1863 :
948 1806 1053 1864 Ubi
1078 1814 1167 1864 est
1190 1810 1392 1864 asinus
1414 1810 1441 1863 ‘I
1471 1808 1570 1863 llle
1591 1826 1723 1865 vero
1755 1808 1923 1880 quasi
1955 1828 2001 1893 B

260 1897 447 1951 homo
482 1899 673 1951 stabat
706 1903 930 1966 tacens,
953 1902 1010 1952 et
1033 1898 1306 1953 deorsum
1341 1898 1652 1968 aspiciens.
1693 1898 1839 1953 Dicit
1870 1897 1921 1952 ei

261 2001 446 2041 senex
471 2001 485 2041 :
508 1984 825 2041 Comedisti
857 2002 1028 2053 eum;
1062 1985 1405 2042 benedictus
1424 1985 1921 2053 Dominus.Quid~

259 2073 409 2145 quid
446 2074 702 2129 faciebat
732 2073 958 2145 asinus,
983 2075 1193 2129 amodo
1224 2074 1403 2130 facies
1430 2080 1512 2129 tu.
1540 2076 1621 2130 Ex
1650 2080 1789 2129 tunc
1821 2074 1925 2146 igi-

258 2168 365 2218 tur
392 2162 505 2231 leo,
531 2164 778 2234 jubente
807 2179 966 2233 sene,
996 2164 1266 2235 portabat
1295 2164 1657 2220 canthelium
1687 2166 1798 2233 (25)
1823 2181 1923 2219 ca-

262 2254 531 2325 pientem
582 2254 897 2325 amphoras
946 2258 1217 2326 quatuor,
1251 2254 1587 2326 ferebatque
1617 2271 1830 2326 aquam
1860 2254 1921 2309 in

265 2343 725 2399 monasterium.

340 2452 446 2507 Die
459 2468 595 2507 vero
618 2452 869 2523 quadam
888 2451 1048 2507 venit
1069 2451 1236 2507 miles
1257 2452 1499 2524 quidam
1524 2452 1594 2507 ad
1614 2468 1813 2508 senem
1831 2454 1925 2508 be-

264 2540 626 2598 nedictionis
644 2541 852 2613 gratia.
876 2541 983 2605 Qui
1008 2557 1142 2596 cum
1161 2541 1383 2597 videret
1411 2541 1638 2597 leonem
1659 2541 1925 2610 bajulan-

262 2636 389 2686 tem
413 2629 1082 2701 aquam,didicissetque
1103 2644 1363 2696 causam,
1381 2629 1656 2684 misertus
1674 2630 1920 2698 estejus,

261 2719 694 2791 proferensque
718 2718 831 2773 tria
859 2718 1220 2774 numismata
1240 2717 1399 2773 dedit
1420 2718 1757 2783 senibus,ut
1773 2734 1922 2774 eme-

259 2813 403 2864 rent
426 2808 659 2864 asinum
694 2808 763 2862 ad
796 2807 982 2878 ipsius
1006 2824 1172 2878 aquae
1196 2806 1611 2875 ministerium,
1636 2812 1691 2863 et
1713 2808 1923 2862 libera-

257 2905 404 2955 rent
438 2916 507 2953 ea
538 2898 886 2952 necessitate
917 2896 1167 2951 leonem.
1203 2896 1365 2952 Brevi
1398 2902 1592 2952 autem
1626 2901 1923 2953 transacto

257 2994 558 3058 tempore,
582 2991 896 3058 postquam
924 2984 1213 3040 liberatus
1235 3003 1268 3040 a
1290 2986 1487 3041 labore
1508 2987 1715 3053 fuerat,
1739 3003 1927 3042 came-

256 3078 454 3133 larius
476 3075 601 3141 ille,
623 3075 723 3147 qui
748 3074 904 3130 894
925 3074 1155 3130 asinum
1180 3074 1522 3142 abstulerat,
1544 3076 1816 3131 veniebat
1840 3076 1924 3132 fc-

2032 562 2189 613 voce,
2210 545 2380 616 facie,
2403 551 2460 600 et
2491 544 2680 601 oculis
2715 560 3043 610 mmrorem,
3078 561 3251 615 quem
3286 544 3537 600 habebat
3568 560 3686 599 non

2031 634 2236 689 videns
2267 650 2492 690 senem.
2518 639 2680 690 Tunc
2710 635 2795 689 ait
2824 634 2909 688 illi
2943 633 3127 689 abbas
3158 634 3509 689 Sabbatius:
3541 632 3687 689 Veni

2034 739 2285 791 mecum,
2312 740 2381 778 ex
2411 742 2526 796 quo
2559 741 2673 779 non
2707 724 2898 779 credis
2933 724 3122 787 nobis,
3156 728 3215 778 et
3241 724 3547 778 ostendam
3578 723 3685 778 tibi

2035 814 2132 867 ubi
2155 814 2384 883 positus
2401 820 2492 869 est
2508 830 2684 869 senex
2712 816 2927 868 noster.
2952 813 3313 883 Sumensque
3336 828 3494 878 eum,
3518 812 3686 867 duxit

2033 902 2132 957 ubi
2152 902 2313 957 illum
2333 903 2694 975 sepelierant.
2711 902 2971 958 Distabat
2985 907 3179 958 autem
3195 904 3265 957 ab
3283 900 3532 957 ecclesia
3548 918 3688 973 qua-

2034 992 2083 1047 si
2106 993 2377 1063 passibus
2401 992 2679 1063 quinque.
2696 993 2763 1046 Et
2784 996 2947 1048 stans
2969 991 3150 1049 abbas
3174 991 3488 1047 Sabbatius
3510 1006 3687 1061 supra

2034 1081 2367 1153 sepulcrum
2416 1081 2643 1136 abbatis
2670 1081 2977 1149 Gerasimi,
3004 1080 3150 1135 dixit
3184 1079 3337 1136 leoni
3368 1098 3381 1137 :
3407 1080 3550 1136 Ecce
3592 1078 3685 1135 hic

2034 1186 2209 1226 senex
2242 1178 2441 1226 noster
2488 1170 2759 1242 sepultus
2791 1176 2899 1226 est.
2934 1171 2999 1225 Et
3029 1168 3327 1225 inclinavit
3356 1186 3549 1241 genua
3579 1184 3688 1223 sua

2034 1260 2216 1315 abbas
2248 1260 2561 1315 Sabbatius
2592 1276 2773 1330 supra
2804 1257 3141 1330 sepulcrum
3174 1257 3352 1314 senis.
3376 1259 3521 1316 Cum
3550 1273 3687 1327 ergo

2034 1348 2091 1403 id
2128 1348 2214 1404 leo
2247 1349 2533 1416 audisset,
2555 1354 2612 1404 et
2637 1348 2877 1404 vidisset
2897 1352 3256 1418 prostratum
3289 1364 3469 1419 super
3492 1351 3690 1402 tumu-

2037 1438 2156 1493 lum
2187 1440 2458 1494 abbatem
2490 1438 2859 1505 Sabbatium,
2892 1442 2951 1491 et
2979 1436 3241 1504 flentem,
3274 1442 3415 1491 tunc
3463 1440 3520 1491 et
3561 1435 3689 1507 ipse

2036 1528 2349 1599 prostravit
2406 1542 2489 1599 se,
2542 1526 2873 1599 percutiens
2920 1525 2979 1580 in
3026 1530 3242 1580 terram
3286 1530 3464 1596 caput
3509 1540 3686 1580 suum

2035 1617 2426 1685 vehementer,
2441 1622 2499 1672 et
2521 1616 2790 1688 rugiens;
2815 1620 2990 1686 atque
3022 1616 3102 1670 ita
3133 1614 3411 1670 continuo
3443 1613 3686 1669 defunc-

2036 1712 2131 1761 tus
2159 1712 2248 1761 est
2277 1722 2455 1777 super
2489 1705 2823 1777 sepulcrum
2858 1703 3040 1760 senis.

2110 1797 2224 1851 Hoc
2245 1802 2437 1850 autem
2462 1799 2647 1850 totum
2664 1796 2879 1849 factum
2903 1799 3135 1859 est,non
3156 1793 3295 1865 quia
3314 1792 3571 1847 animam
3593 1810 3683 1849 ra-

2034 1884 2308 1940 tionalem
2345 1884 2623 1939 habuisse
2652 1883 2742 1939 lco
2774 1882 3073 1955 putandus
3107 1883 3206 1948 sit,
3224 1883 3321 1937 sed
3349 1881 3503 1952 quod
3527 1880 3683 1936 Deus

2032 1972 2277 2030 voluerit
2296 1973 2692 2046 gloriﬁcantes
2714 1989 2775 2027 se
2798 1971 3265 2045 gloriﬁcare,non
3279 1969 3472 2026 solum
3488 1970 3548 2024 in
3564 1971 3684 2026 vita

2037 2064 2269 2125 hac,sed
2284 2064 2455 2118 etiam
2481 2067 2613 2134 post
2635 2067 2907 2131 mortem,
2931 2065 2988 2115 et
3010 2064 3336 2115 monstrare
3357 2058 3525 2114 nobis
3538 2074 3683 2129 qua-

2032 2151 2147 2208 lem
2180 2151 2368 2222 primo
2398 2150 2624 2205 homini
2655 2150 2973 2206 habuerint
3002 2148 3430 2218 subjectionem
3462 2148 3682 2215 bestiae,

2032 2242 2380 2313 priusquam
2412 2240 2754 2296 inobediens
2785 2243 2940 2295 esset
2968 2238 3338 2306 mandato,et
3367 2241 3683 2309 antequam

2032 2331 2321 2387 excideret
2351 2346 2381 2386 e
2414 2329 2686 2403 paradiso
2717 2328 3086 2384 deliciarum.

2619 2444 2847 2501 CAPUT
2885 2443 3079 2499 CVIII.

2039 2536 2154 2594 Vita
2180 2536 2491 2609 presbyteri
2518 2533 2775 2607 virginis,
2806 2535 3034 2615 eiusque
3078 2532 3281 2588 uxoris
3328 2530 3523 2588 itidem
3572 2530 3687 2587 vir-

2774 2622 2945 2675 ginis.

2105 2725 2249 2780 Cum
2282 2725 2343 2779 in
2372 2724 2614 2779 Samum
2650 2722 2906 2777 insulam
2938 2718 3589 2787 venissemus,vidimus
3624 2719 3682 2774 in

2033 2814 2473 2884 omnobio,quod
2496 2812 2805 2869 Cbarixeni
2838 2811 3189 2883 appellatur,
3209 2810 3478 2865 abbatem
3504 2809 3686 2864 Isido-

2035 2921 2164 2959 rum
2208 2903 2398 2975 ipsius
2439 2902 2780 2957 monasterii
2826 2901 3222 2972 praepositum,
3247 2900 3437 2953 virum
3462 2898 3684 2953 eximias

2033 2991 2286 3057 virtutis,
2320 2996 2378 3045 et
2410 3006 2633 3060 magnis
2663 2990 2731 3043 ad
2767 3005 2969 3043 omnes
3001 2985 3688 3058 cbaritatis,simplicita~

2034 3086 2205 3152 teque
2236 3084 2290 3135 et
2322 3078 2657 3133 humilitate
2692 3077 2942 3132 maxime
2975 3081 3247 3132 ornatum
3271 3093 3283 3129 :
3305 3092 3480 3147 quem
3502 3074 3682 3130 etiam

256 3182 407 3222 rens
434 3163 717 3231 triticum,
744 3168 808 3218 ut
830 3169 895 3220 ut
916 3166 1277 3219 venundaret
1305 3162 1452 3218 illud
1478 3163 1534 3218 in
1558 3169 1760 3220 sancta
1782 3165 1922 3220 civi-
1954 3186 1995 3252 ρ
2036 3175 2166 3242 post
2185 3167 2616 3239 aliquantulum
2642 3166 2922 3236 temporis
2944 3166 3281 3237 episcopum
3304 3164 3362 3218 in
3381 3164 3581 3218 eadem
3602 3178 3687 3217 re-

256 3260 409 3321 tate,
429 3254 659 3308 habens
672 3256 726 3307 et
742 3253 972 3308 asinum
989 3268 1209 3307 secum.
1234 3252 1450 3307 Etcum
1467 3253 1777 3309 transisset
1791 3255 1921 3310 Jor-

262 3344 487 3398 danem
505 3341 715 3397 accidit
735 3344 1140 3396 utoccurreret
1166 3339 1317 3398 leoni
1343 3360 1357 3409 ;
1393 3357 1507 3411 quo
1530 3342 1672 3408 viso,
1700 3342 1926 3399 dimisit

263 3430 533 3487 camelos
557 3434 615 3484 et
638 3429 805 3500 fugit.
832 3429 936 3485 Leo
954 3434 1173 3496 autem,
1199 3428 1431 3501 cognito
1462 3430 1643 3499 asino,
1668 3433 1929 3487 cucurrit

268 3521 342 3577 ad
372 3535 535 3583 eum,
556 3522 614 3573 et
635 3535 754 3584 ore,
778 3524 842 3572 ut
863 3517 1107 3585 solebat,
1129 3520 1257 3588 ejus
1280 3519 1601 3589 capistrum
1629 3522 1925 3590 mordens,

272 3608 455 3664 traxit
478 3624 614 3663 eum
638 3623 773 3662 cum
795 3606 986 3663 tribus
1017 3607 1279 3676 camelis,
1303 3614 1358 3663 et
1378 3610 1642 3680 gaudens
1673 3610 1847 3664 simul
1872 3616 1929 3665 et

272 3700 548 3769 rugiens,
572 3697 729 3768 quod
756 3696 1044 3766 perditum
1068 3696 1311 3752 asellum
1338 3698 1929 3769 reperisset,venitad

272 3802 505 3842 senem.
527 3786 713 3841 Senex
733 3800 891 3851 vero,
912 3784 1014 3855 qui
1038 3784 1203 3856 prius
1234 3786 1473 3856 putabat
1508 3788 1660 3858 quod
1693 3789 1929 3844 asinum

274 3878 370 3932 leo
396 3874 918 3942 comedisset,tunc
931 3890 1063 3929 vero
1077 3874 1283 3929 didicit
1304 3875 1439 3946 quia
1462 3876 1707 3932 insidias
1722 3895 1933 3949 passus

278 3966 499 4021 fuisset
521 3964 630 4019 leo.
655 3964 943 4036 Imposuit
960 3967 1152 4019 autem
1181 3981 1394 4020 nomen
1419 3966 1570 4020 leoni
1593 3965 1931 4025 Jordanem.

278 4054 419 4127 Egit
446 4054 647 4125 itaque
677 4052 767 4108 leo
798 4053 856 4108 in
889 4053 1245 4108 monasterio
1288 4070 1421 4107 cum
1472 4055 1752 4111 fratribus
1802 4057 1935 4129 plus

282 4160 466 4216 quam
502 4144 766 4215 quinque
795 4158 1003 4209 annos,
1038 4158 1339 4214 nunquam
1375 4144 1653 4201 recedens
1684 4162 1717 4200 a
1746 4162 1905 4202 sene.

356 4236 506 4290 Cum
530 4237 727 4289 autem
747 4233 1059 4305 migrasset
1075 4233 1145 4287 ad
1162 4233 1475 4289 Dominum
1500 4235 1680 4291 abbas
1704 4238 1937 4293 Gerasi-

282 4328 555 4394 mus,eta
570 4322 838 4378 Patribus
852 4322 1120 4394 sepultus
1137 4327 1424 4393 esset,per
1438 4323 1937 4395 dispensationem

2032 3259 2204 3330 gione
2217 3255 2957 3312 constitutumscimus.Hic
2971 3252 3444 3309 enarravitnobis
3459 3252 3683 3306 dicens:

2101 3347 2205 3402 Est
2235 3346 2291 3400 in
2324 3351 2525 3401 octavo
2562 3345 2738 3415 hujus
2779 3344 3030 3399 civitatis
3062 3342 3332 3397 milliario
3365 3342 3529 3396 vicus
3578 3339 3683 3394 ha-

2034 3439 2177 3491 bens
2200 3436 2376 3490 etiam
2402 3433 2707 3490 ecclesiam
2736 3451 2748 3487 :
2774 3434 2829 3488 in
2852 3432 2960 3487 hac
2987 3432 3291 3504 presbyter
3311 3429 3549 3502 quidam
3576 3427 3686 3482 fuit

2032 3525 2197 3580 valde
2221 3524 2711 3593 mirabilis,quem
2726 3526 2994 3595 parentes
3008 3521 3251 3575 invitum
3268 3524 3324 3574 et
3337 3518 3681 3575 renitentem

2036 3630 2271 3669 uxorem
2298 3613 2557 3683 accipere
2569 3611 3158 3683 compulerunLVeru
3171 3608 3337 3663 mille
3357 3625 3471 3663 non
3485 3606 3679 3662 solum

2034 3702 2355 3774 voluptatis
2380 3701 2654 3757 illecebra
2676 3706 2886 3772 captus
2909 3717 3023 3755 non
3047 3697 3688 3769 est,quamvisjuvcnis

2037 3796 2401 3861 existeret,et
2426 3791 2700 3863 legitimis
2725 3793 3076 3861 conjunctus
3102 3788 3287 3857 uxori,
3304 3788 3403 3842 sed
3419 3792 3475 3842 et
3496 3788 3686 3857 ipsam

2035 3883 2267 3938 induxit
2288 3886 2446 3936 caste
2469 3897 2668 3935 secum
2693 3896 2757 3935 ac
2784 3879 2992 3951 pudice
3015 3877 3569 3933 vivere.l)idicerunt
3589 3875 3695 3947 igi-

2039 3980 2136 4029 tur
2166 3972 2338 4028 ambo
2372 3970 2741 4041 psalterium,
2776 3970 3066 4039 amboque
3109 3968 3288 4022 simul
3336 3966 3397 4020 in
3447 3964 3695 4021 ecclesia

2041 4060 2392 4135 psallebant,
2418 4063 2720 4114 servantes
2752 4075 2813 4113 se
2844 4058 3004 4128 ipsos
3030 4057 3281 4127 virgines
3314 4071 3501 4126 usque
3535 4054 3592 4109 in
3626 4052 3692 4106 fi-

2042 4150 2308 4206 nemﬂic
2325 4149 2523 4219 itaque
2542 4147 2844 4220 presbyter
2863 4146 2954 4201 die
2969 4147 3222 4218 quadam
3242 4143 3384 4199 falsa
3396 4140 3697 4198 calumnia

2043 4240 2197 4311 apud
2257 4239 2595 4310 episcopum
2650 4240 2962 4291 accusatus
3015 4239 3126 4289 est.
3161 4236 3342 4297 Quem
3384 4229 3697 4302 episcopus

2044 4330 2324 4401 ignorans
2389 4326 2728 4381 institutum
2788 4326 2938 4394 ejus,
2990 4321 3295 4379 accersivit
3337 4336 3406 4375 ex
3454 4318 3598 4385 vico,
3642 4322 3702 4373 et

282 4414 389 4469 Dei
420 4412 514 4468 leo
543 4416 687 4467 tunc
717 4411 776 4466 in
808 4413 1165 4467 monasterio
1214 4412 1488 4468 inventus
1520 4431 1635 4469 non
1666 4421 1773 4471 est.
1808 4416 1941 4472 Post
2047 4418 2209 4472 misit
2240 4417 2298 4471 in
2328 4432 2639 4483 carcerem,
2660 4414 2715 4468 in
2744 4430 2918 4484 quem
2953 4412 3223 4468 solebant
3254 4413 3564 4482 peccantes
3585 4406 3701 4464 cleo

285 4501 595 4559 modicum
609 4517 744 4557 vero
758 4501 916 4556 venit
936 4499 1024 4556 leo
1039 4501 1098 4555 in
1117 4502 1563 4569 monasterium,
1578 4507 1943 4576 etquaarebat

287 4608 492 4649 senem
526 4607 726 4647 suum.
763 4591 958 4646 Abbas
990 4595 1182 4646 autem
1214 4592 1531 4648 Sabbatius
1561 4594 1725 4662 Cilix,
1758 4597 1853 4667 qui
1886 4602 1945 4653 et

2051 4507 2156 4561 rici
2186 4504 2409 4560 includi
2440 4508 2498 4559 et
2523 4502 2825 4558 custodiri.

2124 4600 2268 4655 Cum
2294 4596 2474 4669 igitur
2494 4600 2649 4650 esset
2672 4594 2728 4649 in
2750 4610 3002 4659 carcere,
3026 4592 3370 4647 adveniente
3390 4592 3593 4645 sancto
3615 4588 3709 4642 die

291 4681 629 4754 discipulus
653 4682 843 4737 fuerat
863 4681 1092 4737 abbatis
1111 4682 1549 4750 Gerasim1,viso
1573 4684 1693 4753 illo,
1709 4687 1850 4742 dixit
1870 4687 1944 4743 ei:

290 4775 572 4839 Jordane,
597 4786 774 4828 senex
794 4775 996 4828 noster
1026 4771 1253 4827 dimisit
1285 4789 1393 4828 nos
1424 4775 1741 4846 orphanos.
1766 4782 1821 4833 et
1840 4777 1952 4833 mi-

292 4865 486 4935 gravit
507 4863 579 4917 ad
606 4861 956 4929 Dominum;
981 4861 1079 4916 sed
1108 4860 1401 4931 accipe,et
1432 4865 1686 4920 comede.
1712 4866 1823 4922 Leo
1842 4884 1949 4923 au-

291 4962 415 5010 tem
445 4951 755 5007 comedere
774 4950 1031 5018 nolebat,
1056 4950 1154 5005 sed
1172 4950 1398 5022 jugiter
1417 4951 1531 5007 huc
1553 4954 1878 5024 atqueilluc
1892 4974 1953 5013 se

292 5047 534 5099 vertens
546 5038 1556 5110 circamspiciebat,quaerensvidere
1570 5058 1765 5097 senem
1784 5062 1952 5102 suum

300 5150 369 5189 ac
392 5132 591 5203 rugitu
618 5144 831 5199 magno
855 5128 1041 5199 ipsius
1063 5128 1385 5184 absentiam
1411 5146 1472 5184 se
1496 5131 1642 5187 ferre
1654 5149 1765 5189 non
1783 5152 1956 5205 posse

302 5221 675 5293 significans.
698 5216 893 5272 Abbas
917 5221 1113 5273 autem
1136 5217 1536 5286 Sabbatius,et
1557 5237 1725 5277 senes
1746 5226 1957 5297 reliqui

300 5313 581 5369 fricantes
615 5309 749 5380 ejus
770 5306 1073 5373 cervicem,
1095 5307 1363 5364 dicebant
1384 5309 1434 5364 ei
1463 5326 1474 5364 ε
1500 5310 1765 5381 Migravit
1784 5331 1959 5372 senex

302 5401 377 5458 ad
395 5400 804 5463 Dominum,et
821 5397 1302 5453 dimisitnos.Sed
1321 5398 1438 5455 ista
1452 5400 1712 5458 dicentes
1728 5420 1838 5460 non
1856 5423 1958 5477 po-

301 5498 492 5547 terant
523 5494 728 5545 tamen
762 5487 919 5542 illius
951 5503 1120 5542 voces
1151 5492 1209 5542 et
1238 5488 1494 5558 ejulatus
1530 5489 1821 5562 mitigare,
1858 5496 1957 5552 sed

304 5584 532 5654 quanto
554 5577 817 5649 amplius
839 5577 1033 5649 ipsum
1051 5576 1244 5632 verbis
1266 5577 1457 5633 fovere
1478 5596 1545 5634 ac
1565 5580 1743 5637 solari
1759 5600 1821 5639 se
1843 5586 1962 5641 exi-

300 5668 645 5737 stimabant,
660 5669 827 5725 tanto
854 5665 983 5739 ipse
1012 5665 1199 5739 magis
1230 5660 1854 5744 ejulabat,majorique
1870 5692 1964 5732 ru-

2060 4686 2381 4751 Dominico,
2407 4685 2683 4757 apparuit
2703 4683 3003 4755 eijuvenis
3026 4683 3321 4738 formosus
3344 4677 3710 4749 valde,dixit-

2060 4793 2171 4850 que
2194 4776 2243 4831 ei
2264 4777 2494 4846 :Surge,
2518 4775 2843 4845 presbyter,
2862 4773 3006 4827 vade
3028 4772 3086 4826 in
3112 4769 3418 4826 ecclesiam
3442 4772 3622 4835 tuam,
3648 4770 3716 4821 ut

2061 4870 2326 4923 sanctam
2360 4863 2718 4918 oblationem
2752 4863 2981 4916 offeras.
3009 4861 3102 4915 Ait
3134 4859 3212 4914 illi
3248 4856 3712 4931 presbyteeron

2062 4953 2480 5027 possum,quia
2502 4952 2770 5007 inclusus
2792 4967 2944 5006 sum.
2976 4949 3128 5005 Dixit
3149 4948 3199 5004 ei
3221 4948 3272 5003 is
3297 4947 3394 5019 qui
3420 4944 3716 5017 apparuit:

2063 5046 2179 5116 Ego
2202 5042 2306 5097 tibi
2330 5041 2528 5113 aperio
2553 5040 3287 5109 carcerem;veni,sequere
3303 5034 3721 5105 me.Aperiens-

2066 5132 2465 5205 quejanuam,
2490 5134 2624 5183 ante
2644 5128 2815 5183 illum
2838 5128 2979 5183 exiit
3004 5145 3016 5182 :
3040 5127 3185 5182 Cum
3208 5141 3342 5181 vero
3371 5123 3591 5195 egressi
3625 5138 3717 5176 es-

2067 5226 2215 5289 sent,
2241 5218 2565 5274 ambulavit
2588 5217 2685 5272 ille
2708 5235 2896 5289 usque
2912 5218 3048 5271 dum
3070 5215 3227 5270 mille
3243 5214 3518 5286 passibus
3533 5210 3723 5266 dista-

2068 5318 2155 5367 ret
2171 5327 2202 5364 a
2218 5309 2342 5363 vico
2358 5307 2676 5379 presbyteri
2690 5310 2883 5362 .Facta
2896 5311 3091 5361 autem
3116 5302 3335 5374 die,qui
3356 5299 3727 5357 custodiebat

2069 5414 2356 5456 carcerem
2392 5398 2696 5465 ingressus
2717 5395 3152 5467 est,requirens
3183 5409 3317 5448 eum
3352 5391 3452 5446 ubi
3486 5390 3726 5445 clausus

2071 5492 2278 5545 fuerat.
2306 5489 2375 5543 Et
2396 5505 2507 5543 non
2531 5487 2855 5556 inveniens,
2883 5485 3135 5558 perrexit
3166 5484 3235 5540 ad
3268 5484 3608 5555 episcopum
3634 5475 3727 5530 di-

2071 5598 2210 5639 cens
2235 5596 2249 5635 :
2275 5579 2491 5651 Effugit
2518 5580 2842 5652 presbyter,
2867 5595 2960 5633 me
2979 5577 3229 5632 habente
3250 5574 3491 5631 clavem.
3509 5570 3728 5623 Putans

2070 5674 2254 5747 igitur
2275 5671 2585 5745 episcopus
2598 5671 2737 5742 quia
2748 5670 2858 5727 eﬂ‘u
2867 5666 3241 5742 gisset,misit
3263 5678 3444 5721 unum
3461 5661 3532 5716 de
3546 5654 3731 5714 servis
