4122 6188
467 328 569 381 175

1646 326 1744 380 DE
1782 327 1971 380 VITIS
2010 324 2310 380 PATRUM
2348 327 2560 382 LIBER
2596 330 2669 385 X.

3766 329 3871 383 176

458 452 832 524 episcopatus
854 450 1055 505 dicens
1080 467 1091 504 :
1118 449 1354 519 Vade,et
1377 450 1501 505 vide
1524 450 1571 506 si
1596 449 1966 522 presbyterin
1986 449 2108 504 vico
2140 452 2192 517 Α
2222 449 2382 506 vobis
2414 451 2726 509 scientiam
2756 470 2923 509 suam
2955 454 3026 508 ad
3060 452 3483 511 illuminandas
3514 454 3741 512 animas
3770 473 3869 512 ve-

456 559 563 597 suo
594 546 699 609 est,
726 541 990 613 nihilque
1022 540 1104 597 illi
1136 540 1370 595 interim
1412 542 1592 596 dicas.
1624 542 1920 596 Profectus
1970 556 2106 610 ergo

460 650 605 704 puer
637 633 804 688 illum
837 632 1059 688 invenit
1088 632 1147 686 in
1180 632 1425 689 ecclesia
1459 638 1720 689 sanctam
1752 632 2105 687 oblationem

457 726 813 781 offerentem.
850 725 1249 795 Reversusque
1293 724 1438 779 dixit
1485 725 1776 796 episcopo,
1810 723 1927 778 illic
1978 738 2106 778 esse

458 817 964 887 presbyterum,ac
986 831 1120 870 eum
1144 832 1203 869 se
1230 815 1513 885 reperisse
1536 814 1872 870 offerentem
1891 812 2106 867 sacriﬁ-

457 906 967 977 cium.Episcopus
988 910 1181 961 autem
1206 906 1391 977 magis
1414 922 1478 959 ac
1501 906 1690 978 magis
1713 908 1914 961 contra
1935 903 2103 957 illum

458 996 821 1068 indignatus,
848 997 1069 1067 juravit
1119 997 1273 1067 quod
1327 997 1475 1053 895
1513 997 1571 1050 in
1604 996 1926 1052 crastinum
1969 1009 2104 1050 eum

458 1102 591 1140 cum
619 1102 856 1140 summa
886 1085 1211 1157 ignominia
1244 1086 1560 1141 reduceret.

527 1175 801 1247 Sequenti
835 1179 1032 1230 autem
1066 1178 1233 1230 nocte
1266 1174 1538 1246 apparuit
1564 1174 1899 1246 presbytero
1930 1173 1981 1228 is
2004 1173 2106 1244 qui

459 1266 647 1337 primo
696 1270 1068 1337 apparuerat,
1102 1265 1304 1320 dicens
1340 1282 1351 1319 :
1388 1266 1553 1332 Veni,
1592 1270 1655 1319 ut
1686 1282 1888 1319 eamus
1919 1264 2017 1317 ubi
2050 1270 2104 1318 te

457 1356 767 1426 episcopus
790 1353 1108 1410 incluserat
1128 1354 1187 1409 in
1211 1354 1458 1410 civitate.
1482 1358 1917 1424 Assumensque
1936 1353 2103 1407 illum

461 1446 704 1500 adduxit
733 1462 991 1513 rursum,
1025 1448 1081 1498 et
1112 1446 1370 1516 reposuit
1410 1444 1470 1499 in
1516 1460 1767 1513 carcere,
1798 1444 2104 1515 ignorante

459 1537 696 1591 custode
727 1535 1175 1591 carceris.Mane
1207 1551 1337 1589 vero
1369 1534 1483 1589 diei
1516 1535 1815 1605 sequentis
1850 1535 2054 1588 didicit
2075 1549 2105 1588 e

459 1624 777 1680 carcerario
808 1625 1119 1696 episcopus
1154 1625 1290 1695 quia
1321 1625 1379 1679 in
1412 1624 1679 1679 custodia
1710 1624 2012 1695 presbyter
2042 1638 2103 1677 se

457 1716 764 1786 ignorante
783 1716 1051 1771 inventus
1072 1720 1242 1770 esset.
1266 1715 1499 1771 Mittens
1512 1716 1823 1787 episcOpus
1846 1714 2104 1769 sciscita-

2216 541 2385 593 stras.

2287 626 2439 682 Dixit
2471 628 2680 684 iterum
2717 646 2729 683 :
2767 630 2824 685 Si
2858 629 3090 696 salvari,
3124 631 3253 697 filii,
3287 631 3728 704 cupitis,fugite
3759 632 3868 689 ho-

2215 716 2423 773 mines.
2451 718 2633 773 Hodie
2653 720 2809 774 enim
2832 737 2935 775 nos
2960 738 3072 775 non
3099 721 3442 777 desistimus
3476 724 3744 778 omnium
3780 728 3866 778 te-

2214 820 2340 858 rere
2370 805 2964 878 limina,omnemque
2998 809 3291 864 civitatem
3325 826 3388 864 ac
3422 811 3719 881 regionem
3751 812 3868 865 cir-

2214 893 2394 961 cuire,
2427 895 2613 950 sicubi
2666 898 2963 967 possimus
3008 899 3261 953 avaritia;
3293 899 3378 953 vel
3420 899 3612 955 inanis
3664 900 3867 972 gloria

2215 982 2384 1037 nobis
2414 983 2559 1054 ipsis
2588 985 2877 1057 stipendia
2911 988 3236 1059 acquirere,
3268 992 3326 1044 et
3370 989 3597 1044 animas
3627 996 3864 1046 nostras

2214 1070 2458 1141 implere
2488 1074 2767 1130 vanitate.

2284 1161 2439 1217 Dixit
2500 1164 2705 1219 iterum
2755 1181 2931 1220 senex
2964 1182 2976 1219 :
3013 1167 3331 1238 Fugiamus
3365 1168 3514 1239 jam,
3547 1167 3676 1236 filii,
3710 1185 3867 1241 quo-

2212 1250 2368 1304 niam
2403 1253 2836 1325 appropinquat
2866 1259 3122 1326 tempus.

2283 1338 2438 1393 Dixit
2468 1343 2677 1396 iterum
2715 1360 2727 1396 :
2760 1343 2876 1407 Vw,
2908 1360 3009 1412 vae,
3033 1350 3318 1415 quantum
3351 1346 3647 1412 ﬂebimus,
3672 1363 3867 1418 quan-

2212 1430 2459 1498 tumque
2511 1429 2925 1500 pmnitebimus
2958 1448 3060 1504 pro
3090 1448 3156 1488 eo
3187 1436 3339 1505 quod
3374 1436 3544 1491 modo
3576 1436 3865 1509 pasnitere

2216 1516 2514 1572 nolumus.

2288 1606 2439 1661 Dixit
2466 1606 2675 1662 iterum
2714 1624 2727 1663 ε
2759 1610 2957 1681 Neque
3008 1628 3139 1667 cum
3192 1611 3526 1681 laudamur,
3562 1630 3668 1669 nos
3700 1614 3865 1685 ipsos

2213 1695 2581 1750 continemus
2604 1698 2712 1752 sub
2738 1697 3089 1768 humilitate;
3106 1717 3293 1771 neque
3317 1718 3523 1757 rursus
3546 1719 3677 1757 cum
3705 1703 3864 1757 vitu-

460 1785 634 1862 biatur
663 1825 695 1863 a
726 1808 1063 1879 presbytero
1094 1808 1387 1878 quomodo
1421 1808 1491 1863 de
1520 1785 1750 1862 carcere
1780 1807 2014 1867 exisset,
2048 1808 2096 1859 et

2220 1785 2846 1853 peramur,toleramus.
2866 1788 3035 1843 Aliud
3062 1791 3272 1862 quippe
3297 1791 3711 1847 nobisinanem
3737 1792 3863 1861 glo-

459 1899 755 1969 quomodo
788 1915 992 1954 rursus
1017 1899 1237 1969 absque
1256 1899 1556 1954 carcerarii
1586 1898 2106 1965 notitiaingressus

458 1993 631 2045 esset.
658 1989 765 2053 Qui
784 1990 1086 2061 respondit
1112 2006 1123 2042 :
1146 1989 1388 2045 Juvenis
1410 1990 1650 2061 quidam
1675 1986 2107 2061 speciosusval-

458 2081 529 2135 de
560 2086 617 2136 et
645 2081 866 2152 optime
889 2081 1152 2150 vestitus,
1177 2081 1549 2152 episcopatus
1567 2081 1833 2145 vestri,ut
1854 2080 2104 2144 dicebat,

460 2171 749 2239 minister,
776 2172 1005 2243 aperuit
1029 2172 1173 2227 mihi
1197 2173 1502 2242 ostium,et
1525 2172 1988 2243 prazcedebatme
2015 2186 2109 2223 us—

461 2277 574 2332 que
595 2262 666 2316 ad
691 2278 873 2316 unum
904 2261 1151 2316 milliare
1172 2279 1345 2332 prope
1368 2263 1559 2316 vicum
1587 2265 1751 2317 nocte
1772 2260 2108 2325 Dominicaa,

460 2351 730 2422 idemque
752 2368 959 2407 rursus
983 2352 1253 2422 sequenti
1281 2356 1445 2407 nocte
1468 2352 1706 2405 veniens
1732 2350 1961 2404 reduxit
1993 2365 2106 2404 me.

457 2442 775 2512 Episcopus
801 2442 981 2513 igitur
1001 2442 1305 2496 accersivit
1338 2458 1542 2497 omnes
1570 2458 1768 2497 servos
1800 2442 2107 2511 episc0pa-

458 2536 577 2597 tus,
599 2533 701 2587 sed
725 2532 952 2587 nullum
987 2549 1055 2587 ex
1085 2534 1232 2604 ipsis
1264 2534 1597 2603 recognovit
1617 2532 2110 2604 presbyter.Tunc

457 2622 743 2678 intellexit
794 2624 1105 2695 episcopus
1138 2625 1289 2696 quod
1321 2623 1564 2696 angelus
1616 2623 1714 2679 Dei
1770 2624 1959 2677 fuerat
2008 2620 2109 2692 qui

457 2711 566 2766 hoc
598 2714 835 2784 egisset,
870 2730 941 2768 ne
971 2714 1160 2768 virtus
1191 2714 1511 2785 presbyteri
1557 2730 1796 2785 prorsus
1847 2710 2109 2766 occulta:

459 2802 748 2867 retur,sed
768 2808 831 2857 ut
855 2819 1059 2857 omnes
1090 2804 1467 2871 discerent,et
1485 2802 1882 2872 gloriﬁcarent
1905 2803 2106 2866 Deum,

457 2892 555 2963 qui
588 2892 978 2963 glorificantes
1012 2910 1074 2947 se
1104 2893 1408 2963 glorificat.
1436 2894 1504 2947 Et
1533 2893 1602 2947 de
1634 2892 1761 2964 ipso
1784 2890 1948 2947 valde
1972 2891 2109 2945 aedi-

455 2981 686 3048 ﬁcatus,
713 2980 939 3035 dimisit
990 2980 1157 3035 illum
1192 2999 1224 3036 a
1256 2998 1316 3036 se
1370 2982 1427 3035 in
1479 2998 1641 3052 pace,
1676 2980 1859 3034 multa
1907 2984 2109 3034 contra

452 3086 551 3126 eos
584 3069 847 3126 clamans
879 3072 981 3142 qui
1015 3070 1182 3126 illum
1220 3071 1440 3141 injuste
1470 3074 1903 3126 accusaverant.

1068 3178 1306 3235 CAPUT
1345 3178 1489 3234 CIX.

554 3269 668 3323 Vita
697 3268 907 3323 abbatis
940 3267 1177 3338 Georgii,
1211 3266 1307 3337 qui
1334 3284 1617 3337 nunquam
1649 3266 1998 3320 turbabnlur.

521 3357 600 3412 De
613 3359 824 3413 abbate
837 3358 1278 3429 Georgio,Patre
1302 3356 1640 3412 monasterii
1664 3358 1894 3412 abbatis
1911 3356 2100 3410 Theo-

450 3445 618 3509 dosii,
637 3447 890 3501 narravit
914 3447 1081 3501 nobis
1105 3446 1284 3501 abbas
1308 3445 1673 3499 Theodosius
1698 3445 1823 3514 ejus
1846 3444 2102 3514 discipu-

450 3532 543 3588 lus
584 3535 772 3589 bonus
822 3553 885 3590 ac
934 3536 1091 3590 mitis
1124 3542 1179 3590 et
1210 3534 1478 3604 humilis,
1512 3535 1611 3605 qui
1647 3535 1754 3588 fuit
1787 3534 2099 3604 episcopus

449 3624 848 3693 Capitoliadis,
912 3627 1067 3696 quod
1129 3626 1433 3679 duodecim
1493 3641 1676 3679 annos
1734 3626 2100 3679 observasset

450 3715 671 3782 eum,si
695 3715 777 3768 vel
803 3715 983 3769 semel
1008 3716 1362 3781 turbaretur,
1387 3719 1444 3769 et
1469 3731 1773 3785 nunquam
1794 3715 2097 3769 turbatum

449 3804 618 3869 vidit,
643 3805 820 3876 idque
843 3806 899 3860 in
927 3805 1037 3863 hoc
1070 3811 1351 3876 tempore,
1376 3806 1611 3876 quando
1634 3806 1824 3860 omnis
1849 3805 2097 3873 desidia,

448 3901 506 3948 et
537 3896 908 3968 negligentia,
944 3902 999 3951 et
1033 3897 1410 3963 mollities,et
1441 3897 1835 3951 inobedientia
1868 3901 2093 3966 regnat.

448 3985 588 4048 Quis
610 3993 829 4052 autem,
850 3989 1059 4053 aiebat,
1086 3990 1165 4044 ita
1197 3988 1441 4044 frenavit
1466 3988 1725 4057 oculum,
1750 3988 1903 4043 sicut
1926 3988 2098 4041 Pater

448 4086 649 4134 noster
673 4087 912 4135 sanctus
944 4080 1275 4149 Georgius?
1322 4080 1463 4145 Quis
1494 4081 1575 4133 ita
1609 4080 1802 4143 posuit
1843 4082 2090 4149 januam

444 4174 706 4233 auribus.
760 4173 909 4227 sicut
958 4172 1162 4225 beatus
1194 4170 1335 4225 ille?
1378 4172 1517 4235 Quis
1549 4171 1629 4225 ita
1662 4171 1950 4225 continuit
1982 4171 2093 4226 lin-

443 4280 641 4335 guam,
674 4264 827 4317 sicut
861 4264 1021 4316 Pater
1052 4264 1297 4316 noster?
1339 4262 1619 4324 Quisnam
1654 4260 1862 4314 solaris
1894 4262 2093 4316 radius

436 4354 520 4410 ita
566 4352 880 4409 illustravit
927 4357 1165 4413 terram,
1194 4352 1347 4405 sicut
1398 4350 1562 4405 Pater
1595 4356 1793 4405 noster
1824 4357 2089 4407 nostrum

441 4446 704 4498 omnium
739 4444 916 4498 corda
948 4442 1238 4497 radiavit?

1077 4553 1303 4609 CAPUT
1335 4553 1445 4610 CX.

540 4647 695 4700 Dicta
728 4648 958 4717 egregia
989 4645 1170 4699 sancti
1194 4645 1484 4716 cujusdam
1514 4643 1658 4698 senis
1694 4646 1973 4715 ngypu'i.

506 4735 815 4806 Assumpsi
843 4734 1147 4789 dominum
1184 4750 1377 4789 meum
1407 4733 1830 4804 Sophronium,
1861 4738 1919 4788 et
1948 4751 2083 4805 per-

431 4825 689 4882 reximus
712 4827 768 4881 in
793 4826 1209 4881 monasterium
1236 4826 1386 4896 quod
1410 4825 1481 4879 ab
1507 4824 1855 4879 Alexandria
1879 4826 2079 4881 decem

427 4922 483 4972 et
504 4922 631 4974 octo
656 4935 936 4990 passuum
968 4917 1516 4983 millibusdistal,ad
1538 4933 1735 4971 senem
1762 4918 2077 4989 quemdam

428 5023 651 5077 magna:
682 5007 937 5072 virtutis,
972 5006 1301 5077 Egyptium
1351 5021 1584 5075 genere,
1614 5004 1847 5076 dixique
1899 5008 2022 5063 seni
2060 5024 2073 5062 :

424 5096 526 5152 Dic
559 5098 727 5153 nobis
758 5098 1022 5165 verbum,
1057 5098 1243 5161 Pater,
1265 5096 1553 5165 quomodo
1588 5096 1869 5151 debemus
1896 5097 2073 5152 simul

424 5188 707 5255 habitare,
731 5188 865 5260 quia
884 5188 1162 5242 dominus
1185 5186 1455 5258 Sophista
1478 5185 1839 5242 voluntatem
1864 5188 2075 5243 smculo

421 5280 798 5335 renuntiandi
846 5279 1042 5334 habet.
1078 5280 1168 5333 Ait
1201 5294 1378 5332 senex
1414 5294 1426 5331 :
1464 5278 1613 5332 Bene
1646 5278 1805 5346 facis,
1844 5278 1944 5346 fili,
1982 5295 2075 5333 re-

423 5372 702 5427 nuntians
735 5370 969 5435 saeculo,
994 5370 1348 5441 salvansque
1380 5369 1641 5425 animam
1675 5372 2075 5428 tuam.Sedete

420 5463 673 5533 igiturin
697 5462 864 5532 cella,
898 5463 993 5517 ubi
1016 5461 1217 5526 vultis,
1242 5461 1431 5516 sobrie
1463 5462 1870 5533 etviliganter,
1908 5464 2075 5533 quie-

418 5561 535 5611 tem
586 5572 651 5610 ac
700 5554 998 5610 silentium
1033 5558 1354 5621 servantes,
1387 5557 1443 5607 et
1474 5552 1600 5607 sine
1634 5554 2074 5610 intermissione

415 5649 689 5713 orantes;
722 5648 780 5700 et
808 5660 971 5717 spem
1005 5642 1190 5698 habeo
1224 5642 1282 5697 in
1319 5641 1651 5709 Ueum,ﬁlii,
1682 5642 1842 5713 quod
1879 5644 2074 5701 mittet

2215 1875 2359 1928 riam
2381 1875 2838 1946 suggerit,a|iud
2859 1880 3197 1935 maestitiam
3223 1880 3391 1936 nobis
3425 1882 3652 1935 miseris
3685 1881 3861 1939 facit:

2214 1962 2313 2016 ubi
2346 1980 2476 2018 vero
2504 1966 2741 2021 tristitia
2770 1973 2826 2023 et
2856 1968 3050 2024 inanis
3079 1970 3266 2041 gloria
3294 1970 3565 2038 est,nihil
3597 1971 3735 2026 boni
3767 1988 3863 2027 re-

2213 2053 2457 2124 peritur.

2286 2142 2437 2196 Dixit
2459 2143 2666 2199 iterum
2691 2161 2703 2198 :
2727 2147 2923 2201 Patres
2950 2147 3153 2216 nostri,
3176 2154 3240 2202 ut.
3267 2151 3465 2221 magni
3488 2154 3663 2222 atque
3685 2149 3865 2206 mira-

2214 2230 2715 2301 biles,pascebant
2748 2235 2999 2304 multm;
3034 2252 3139 2306 ego
3173 2242 3371 2293 autem
3405 2238 3650 2294 humilis
3680 2255 3866 2295 unam

2212 2335 2375 2373 ovem
2412 2337 2606 2391 regere
2640 2340 2751 2377 non
2784 2324 2966 2395 valeo,
3001 2326 3102 2381 sed
3148 2343 3382 2397 semper
3413 2328 3666 2383 ferarum
3702 2344 3869 2383 mor-

2215 2408 2376 2463 sibus
2409 2419 2595 2480 pateo.

2283 2499 2377 2551 Ait
2401 2516 2637 2555 rursus:
2667 2500 3006 2558 Daemonum
3035 2521 3183 2575 opus
3204 2504 3313 2560 hoc
3334 2509 3446 2572 est,
3473 2510 3537 2560 ut
3566 2522 3699 2561 cum
3735 2506 3872 2561 ani-

2216 2606 2371 2643 mam
2405 2589 2461 2643 in
2498 2598 2800 2660 peccatum
2834 2593 3171 2663 dejecerint,
3205 2600 3345 2650 tunc
3374 2614 3479 2651 nos
3508 2596 3569 2651 in
3601 2598 3877 2668 despera-

2213 2678 2427 2732 tionem
2464 2682 2849 2752 praacipitent,
2884 2687 2948 2737 ut
2979 2684 3228 2754 perfecte
3260 2702 3365 2740 nos
3396 2685 3663 2757 perdant.
3700 2686 3872 2742 Sem-

2213 2784 2316 2838 per
2333 2767 2486 2822 enim
2509 2770 2801 2826 daemones
2820 2772 3024 2828 dicunt
3041 2774 3271 2829 animae:
3294 2774 3536 2838 Quando
3558 2776 3862 2843 morietur,

2212 2862 2267 2910 et
2290 2858 2501 2927 peribit
2534 2875 2745 2913 nomen
2788 2862 2914 2931 ejus
2936 2862 2963 2916 ?
2995 2862 3053 2916 Si
3087 2861 3267 2933 igitur
3297 2864 3494 2918 sobria
3524 2863 3697 2919 fuerit
3729 2864 3862 2919 ani-

2212 2961 2328 3012 ma,
2352 2954 2403 3000 et
2436 2946 2561 3017 ipsa
2593 2949 2663 3003 ad
2697 2966 2795 3004 eos
2826 2956 3062 3006 econtra
3092 2952 3391 3019 clamabit,
3412 2957 3469 3007 et
3498 2953 3651 3009 dicet
3683 2969 3697 3009 :
3730 2953 3861 3009 Non

2214 3035 2442 3099 moriar,
2466 3038 2565 3090 sed
2599 3040 2807 3107 vivam,
2840 3045 2897 3094 ct
2930 3041 3180 3096 narrabo
3210 3058 3385 3113 opera
3418 3042 3648 3098 Domini
3675 3044 3856 3114 (Psal.

2129 3164 2171 3231 Ο
2210 3124 2719 3231 c.xvu).‘Quuniam
2773 3128 2952 3200 igitur
2991 3146 3265 3202 magnam
3297 3131 3515 3187 habent
3545 3132 3861 3205 impuden-

2209 3215 2348 3268 tiam
2402 3216 2716 3280 daemones,
2750 3224 2805 3272 et
2854 3218 2962 3289 ipsi
3002 3237 3207 3275 rursus
3239 3220 3516 3290 clamant,
3548 3221 3805 3278 dicentes
3841 3239 3857 3280 :

2206 3305 2581 3375 Transmigra
2607 3305 2665 3360 in
2700 3312 2983 3374 montem,
3014 3308 3172 3364 velut
3202 3326 3405 3381 passer
3430 3312 3601 3381 (Psal.
3636 3311 3713 3383 x).
3759 3312 3862 3367 Id-

2210 3395 2360 3448 circo
2392 3400 2447 3449 et
2477 3411 2581 3449 nos
2614 3396 2681 3451 ad
2718 3395 2850 3451 illos
2878 3398 3069 3453 dicere
3100 3398 3382 3454 debemus
3415 3416 3429 3455 :
3464 3400 3606 3455 Nam
3639 3406 3696 3456 et
3726 3401 3861 3473 ipse

2209 3483 2362 3538 Deus
2414 3500 2597 3549 meus,
2628 3490 2683 3540 et
2714 3486 2976 3542 Salvator
3024 3505 3210 3556 meus,
3244 3491 3480 3561 adjutor
3510 3507 3698 3559 meus,
3735 3509 3858 3549 non

2206 3575 2505 3645 emigrabo
2545 3577 2711 3638 (Psal.
2747 3581 2875 3635 LXIl.

2282 3666 2431 3719 Dixit
2479 3666 2690 3721 iterum
2742 3684 2916 3723 senex
2951 3684 2962 3722 :
3004 3670 3137 3726 Esto
3162 3670 3386 3741 janitor
3415 3672 3607 3727 cordis
3637 3673 3744 3740 tui,
3779 3691 3858 3733 ne

2208 3756 2381 3811 intret
2438 3757 2801 3829 peregrinus,
2836 3758 3035 3815 dicens
3069 3777 3081 3816 :
3111 3761 3319 3818 Noster
3348 3778 3431 3830 es,
3465 3780 3538 3819 an
3570 3764 3859 3821 adversa-

2205 3846 2473 3901 riorum?

2817 3941 3051 3997 CAPUT
3089 3943 3231 3999 CXI.

2342 4032 2563 4084 Factum
2594 4031 2879 4101 cujusdam
2910 4033 3021 4088 viri
3047 4036 3194 4090 calvi
3221 4040 3275 4089 ei
3302 4053 3459 4094 sacco
3487 4039 3699 4095 induti.

2270 4120 2417 4192 Ergo
2440 4126 2496 4176 et
2518 4121 2737 4178 sodalis
2760 4140 2923 4178 meus
2946 4126 3331 4197 Sophronius,
3356 4145 3490 4184 cum
3515 4130 3572 4184 in
3597 4131 3852 4187 Alexan-

2199 4210 2326 4265 dria
2350 4228 2639 4275 essemus,
2664 4214 2755 4268 die
2778 4217 3027 4285 quadam
3052 4220 3416 4287 perreximus
3438 4221 3508 4275 ad
3531 4221 3854 4279 Theodosii

2198 4300 2529 4365 ecclesiam,
2581 4302 2934 4374 obviumque
2991 4305 3308 4363 habuimus
3358 4308 3416 4364 in
3476 4309 3601 4365 vico
3649 4312 3851 4369 virum

2199 4392 2514 4460 quemdam
2548 4392 3093 4460 calvum,indutum
3128 4414 3294 4453 sacco
3323 4415 3507 4471 usque
3530 4402 3597 4456 ad
3632 4418 3851 4473 genua.

2198 4480 2517 4537 Vibcbatnr
2547 4488 2742 4538 autem
2775 4485 2947 4555 quasi
2980 4487 3175 4543 fatuus
3204 4496 3261 4544 et
3290 4506 3515 4547 amens.
3550 4493 3699 4548 Dixit
3728 4493 3846 4565 igi-

2199 4578 2294 4626 tur
2324 4573 2466 4627 mihi
2501 4574 2682 4629 abbas
2710 4576 3073 4646 Sophronias
3108 4595 3120 4632 :
3155 4583 3235 4633 Da
3266 4580 3409 4635 mihi
3458 4599 3754 4653 nummos,
3788 4592 3852 4643 et

2193 4663 2421 4719 videbis
2468 4665 2741 4720 virtutem
2790 4669 3098 4723 venientis.
3145 4670 3299 4724 896
3357 4671 3501 4728 Dedi
3560 4690 3697 4746 ergo
3754 4675 3848 4732 illi

2193 4756 2452 4825 quinque
2483 4772 2792 4812 nummos:
2823 4759 2921 4828 qui
2942 4764 3211 4831 acceptos
3242 4762 3403 4817 dedit
3436 4762 3518 4818 illi
3552 4764 3651 4836 qui
3680 4766 3846 4822 vide-

2192 4842 2365 4897 batur
2396 4849 2459 4897 ut
2486 4860 2707 4900 amens.
2740 4846 2973 4917 Accepit
3003 4854 3199 4903 autem
3249 4866 3349 4905 eos
3382 4850 3500 4918 ille,
3534 4852 3676 4907 nihil
3709 4870 3842 4910 om-

2190 4935 2328 4987 nino
2361 4933 2624 5004 loqucns.
2663 4935 2776 4991 Nos
2808 4940 3002 4991 autem
3036 4938 3184 4993 clam
3217 4938 3384 4996 illum
3416 4943 3597 4997 secuti
3630 4960 3839 5003 sumus

2187 5040 2218 5079 e
2247 5024 2510 5095 vestigio.
2543 5024 2645 5079 Ille
2674 5043 2806 5082 vero
2838 5044 2971 5081 cum
3005 5028 3258 5085 flexisset
3288 5048 3320 5086 a
3346 5032 3458 5098 via,
3489 5034 3743 5089 extendit
3773 5035 3839 5094 in

2187 5114 2396 5169 coelum
2420 5132 2659 5170 manum
2681 5134 2848 5171 suam
2878 5119 3173 5175 dexteram
3193 5122 3507 5180 habentem
3530 5142 3837 5194 nummos,

2186 5210 2243 5260 et
2277 5210 2408 5277 post
2438 5205 2557 5260 haec
2591 5209 2903 5277 prostravit
2933 5226 2995 5266 se
3025 5227 3221 5267 coram
3250 5219 3388 5284 Deo,
3424 5216 3747 5288 positisque
3772 5218 3835 5274 in

2187 5302 2340 5351 terra
2373 5297 2633 5352 nummis
2662 5298 2826 5353 abiit.

2773 5390 3005 5448 CAPUT
3053 5395 3226 5451 CXII.

2259 5476 2375 5529 Vita
2403 5482 2456 5530 et
2486 5493 2634 5532 mors
2667 5479 2860 5534 Leonis
2890 5484 3149 5538 monachi
3175 5502 3372 5555 genere
3403 5486 3755 5558 Cappadocis.

2251 5564 2637 5633 Temporibus
2668 5569 2896 5640 imperii
2929 5572 3145 5627 Tiberii
3179 5574 3510 5631 fidelissimi
3559 5578 3827 5647 Caesaris,

2181 5648 2553 5706 ascendimus
2580 5649 2636 5704 in
2671 5651 2893 5723 Gasim,
2914 5653 3285 5727 vidimusque
3316 5657 3434 5714 illic
3466 5660 3827 5732 magnumin
