3986 6168
175 360 261 417 177

1443 359 1745 413 PRATUM
1787 360 2121 417 BPIRITUA
2132 364 2241 415 LE.

3449 360 3556 416 178

173 483 359 541 divinis
391 482 553 539 rebus
585 482 965 551 monachum,
990 497 1201 553 genere
1228 481 1466 554 quidem
1494 481 1788 552 Cappado-
1819 485 1867 548 Α
1901 483 2159 541 dicentes
2190 503 2202 539 :
2253 487 2352 542 Dic
2412 486 2579 543 nobis
2637 487 2897 542 verbum.
2933 487 3119 542 Senex
3176 490 3371 541 autem
3428 486 3507 541 ait
3536 503 3549 539 :

176 593 304 639 cem,
335 572 558 628 nomine
588 575 783 625 autem
826 571 1094 625 Leonem.
1133 573 1208 625 De
1240 572 1347 626 hoc
1382 570 1549 625 multi
1613 571 1796 626 multa

183 664 336 733 digna
361 658 739 715 admiratione
770 658 1091 713 narrabant
1126 659 1316 713 nobis.
1350 658 1466 712 Nos
1498 661 1690 713 autem
1723 659 1790 711 ad

176 751 319 807 illius
348 750 737 821 pertingentes
769 746 1057 802 familiare
1076 746 1459 817 colloquium,
1482 762 1791 817 magnum-

174 857 268 912 que
295 840 748 909 experimentum
782 836 1079 907 capientes
1101 838 1288 891 sancti
1314 836 1492 906 hujus
1516 836 1643 902 viri,
1665 852 1792 889 ma-

170 929 355 1002 gnifice
384 926 652 981 aedificati
686 942 921 993 sumus,
953 932 1011 980 et
1058 925 1314 979 maxime
1365 925 1421 979 in
1458 925 1791 979 humilitate

167 1020 293 1089 ejus,
324 1024 375 1071 et
429 1014 688 1080 silentio,
721 1019 777 1069 et
836 1014 1126 1082 nuditate,
1161 1032 1352 1069 rerum
1409 1014 1698 1079 omnium,
1733 1020 1790 1068 et

164 1107 437 1173 charitate,
471 1122 650 1176 quam
706 1104 775 1158 ad
838 1120 1044 1159 omnes
1101 1104 1331 1159 habuit.
1366 1103 1601 1159 Dicebat
1652 1120 1789 1175 ergo

161 1213 361 1266 semper
386 1192 742 1249 venerabilis
782 1193 878 1248 hic
928 1209 1142 1249 senex:
1178 1192 1407 1248 Credite
1460 1192 1624 1259 mihi,
1662 1192 1787 1257 lilii,

162 1286 277 1359 quia
304 1300 543 1355 regnare
578 1283 786 1339 habeo.
812 1282 929 1338 Nos
955 1287 1150 1337 autem
1177 1282 1518 1337 dicebamus
1550 1283 1599 1337 ei
1628 1282 1789 1337 :Cre-

158 1377 217 1431 de
242 1376 418 1440 nobis,
441 1373 595 1428 abba
630 1372 761 1437 Leo,
794 1371 931 1442 quia
959 1371 1159 1427 nullus
1190 1388 1260 1427 ex
1289 1370 1655 1443 Cappadocia
1678 1389 1784 1425 un-

160 1480 305 1535 quam
336 1463 634 1534 regnavit;
668 1462 1064 1532 importunam
1097 1478 1235 1532 ergo
1272 1460 1452 1516 babes
1484 1460 1653 1515 istam
1691 1477 1783 1515 co-

167 1552 495 1624 gitationem.
526 1550 634 1607 Ille
665 1567 799 1606 vero
829 1568 1035 1606 rursus
1058 1550 1310 1606 dicebat:
1334 1550 1785 1618 Veraciter,ﬁlii,

160 1658 367 1713 regnare
396 1641 609 1696 habeo.
645 1645 822 1695 Nemo
857 1647 1051 1695 autem
1104 1645 1330 1711 poterat
1387 1656 1519 1695 eum
1572 1639 1643 1693 ab
1676 1639 1783 1693 hac

161 1731 476 1801 cogitatione
508 1746 830 1785 removere.

210 1823 336 1875 Cum
368 1820 553 1891 igitur
584 1821 880 1876 venissent
913 1819 1183 1884 Mazices,
1209 1826 1265 1874 et
1290 1820 1619 1875 universam
1646 1836 1776 1891 pro-
1808 1853 1853 1916 B

155 1908 367 1964 vinciam
380 1909 543 1965 illam
561 1910 964 1964 devastassent
980 1926 1046 1963 ac
1060 1909 1468 1981 diripuissent,
1494 1926 1701 1963 venero
1714 1913 1775 1963 nt

152 1998 262 2051 etin
280 1998 492 2067 Oasim,
507 2006 569 2053 et
591 1998 911 2053 monachos
930 1997 1167 2069 quidem
1190 1999 1389 2069 plures
1408 1998 1769 2061 occiderunt,

155 2087 521 2160 plurimosque
552 2087 813 2159 captivos
836 2088 1148 2142 duxerunt.
1177 2090 1334 2143 Inter
1354 2104 1501 2158 quos
1532 2102 1771 2158 accepe-

157 2180 266 2231 runt
291 2182 342 2232 et
356 2177 634 2232 abbatem
652 2177 935 2232 Joannem
960 2179 1107 2247 (erat
1125 2181 1321 2232 autem
1340 2176 1434 2231 hic
1451 2174 1634 2231 lector
1652 2192 1771 2231 ma-

151 2281 250 2337 gna
278 2265 934 2337 Constantinopolitanae
964 2265 1250 2333 Ecclesiae)
1274 2270 1332 2321 et
1363 2266 1632 2321 abbatem
1666 2266 1778 2319 Eu-

150 2355 396 2411 stathium
416 2356 837 2422 Romanum,et
850 2355 1120 2410 abbatem
1136 2355 1505 2411 Theodorum
1521 2354 1771 2411 Cilicem.

148 2449 280 2498 erant
308 2450 498 2499 autem
530 2449 654 2498 tres
692 2442 789 2499 isti
824 2444 1215 2499 inﬁrmantes.
1241 2447 1384 2499 Cum
1413 2460 1549 2515 ergo
1597 2444 1775 2499 vincti

147 2533 379 2601 fuissent,
410 2535 486 2589 ait
520 2533 710 2588 abbas
739 2532 996 2588 Joannes
1030 2534 1293 2589 barbaris
1321 2550 1332 2589 :
1358 2533 1564 2588 Ducite
1592 2549 1683 2588 me
1713 2534 1772 2589 in

149 2622 422 2687 civitatem,
437 2623 726 2678 etfaciam
743 2627 805 2676 ut
826 2622 1139 2694 episcopus
1163 2623 1260 2677 det
1277 2639 1378 2694 pro
1397 2622 1568 2677 nobis
1585 2623 1775 2677 numi-

149 2717 307 2767 smata
334 2712 585 2785 vinginti
630 2715 907 2782 quatuor.
940 2711 1177 2782 Accepit
1224 2728 1361 2787 ergo
1396 2712 1561 2766 illum
1619 2729 1774 2767 unus

152 2818 204 2855 ex
232 2801 499 2868 barbaris,
528 2806 591 2856 et
613 2802 976 2872 duxitprope
1007 2801 1321 2870 civitalem,
1353 2802 1774 2873 ingressusque

148 2895 216 2942 est
233 2888 394 2943 abbas
410 2888 677 2944 Joannes
700 2888 771 2942 ad
796 2887 1155 2959 episcopum.
1173 2889 1452 2943 Inventus
1474 2895 1770 2944 estautem

151 2976 195 3029 in
207 2977 600 3033 urbeetabbas
617 2977 745 3045 Leo,
759 2982 815 3031 et
828 2975 924 3031 alii
944 2977 1183 3046 quidam
1201 2978 1436 3032 Patrum
1454 2984 1628 3050 atque
1642 2979 1772 3034 ideo

151 3065 266 3119 tenti
296 3082 403 3121 non
437 3070 695 3121 fuerant.
729 3069 1039 3137 Ingressus
1071 3067 1250 3139 igitur
1287 3068 1467 3123 abbas
1512 3069 1771 3124 Joannes

152 3156 287 3223 coepit
302 3172 459 3211 orare
473 3156 823 3227 episcopum
843 3156 1165 3211 utbarbaro
1189 3156 1552 3213 numismata
1572 3158 1770 3225 daret;

154 3242 424 3315 episcopus
456 3251 662 3299 autem
698 3261 813 3298 non
848 3243 1018 3315 plura
1046 3262 1221 3316 quam
1256 3252 1383 3301 octo
1418 3247 1773 3302 numismata

148 3329 624 3389 habereinventus
656 3338 764 3387 est.
800 3333 1121 3388 Voluerunt
1164 3350 1300 3406 ergo
1359 3336 1496 3391 dare
1529 3337 1774 3391 barbaro

151 3426 251 3473 octo
280 3424 665 3489 numismata,
692 3427 749 3475 et
781 3421 972 3476 noluit
1000 3424 1282 3493 accipere,
1307 3424 1541 3479 dicens:
1569 3428 1677 3479 Aut
1698 3425 1775 3479 vi-

152 3508 262 3577 ginti
292 3517 542 3581 quatuor
582 3510 943 3565 numismata
976 3512 1223 3582 praebete
1252 3512 1419 3577 mihi,
1439 3518 1540 3568 aut
1566 3530 1774 3568 mona-

154 3594 290 3652 chum
314 3599 459 3653 date.
494 3598 699 3653 Coacti
731 3598 914 3669 igitur
944 3600 1223 3671 sunt,qui
1257 3606 1424 3656 erant
1450 3602 1508 3655 in
1540 3602 1777 3657 civitate

158 3699 322 3741 rursus
350 3688 630 3743 abbatem
662 3688 948 3742 Joannem
980 3689 1231 3744 barbaro
1264 3690 1402 3745 dare
1456 3690 1687 3745 flentem
1716 3694 1779 3745 et

157 3773 444 3839 eiulantem.
473 3776 743 3831 Adduxit
769 3780 965 3831 autem
995 3776 1160 3832 illum
1188 3778 1245 3831 in
1264 3796 1373 3834 sua
1400 3779 1780 3834 tabernacula

158 3860 416 3921 barbarus.
441 3866 593 3920 Post
623 3872 743 3921 tres
763 3881 901 3937 ergo
932 3866 1081 3931 dies,
1109 3870 1369 3938 sumptis
1402 3874 1531 3923 octo
1563 3869 1781 3923 numis°

162 3952 396 4021 nutibus,
414 3955 606 4010 abbas
641 3955 746 4009 Leo
780 3954 837 4008 in
870 3970 1132 4011 eremum
1168 3957 1434 4026 exiit,ubi
1459 3962 1625 4012 erant
1648 3957 1780 4011 bar-

161 4037 282 4107 bari,
310 4045 616 4115 oravitque
645 4043 801 4113 illos,
825 4044 1060 4100 dicens:
1085 4046 1343 4117 Accipite
1372 4062 1464 4101 me
1495 4063 1627 4101 cum
1652 4052 1782 4102 octo

166 4131 591 4202 nnmistabus,et
623 4139 742 4189 tres
772 4134 917 4189 istos
935 4134 1233 4201 dimittite,
1261 4137 1358 4207 qui
1386 4136 1601 4190 inﬁrmi
1625 4141 1781 4190 sunt,

160 4230 310 4290 neque
337 4238 579 4295 pergere
602 4239 704 4295 per
724 4240 986 4278 eremum
1012 4229 1295 4296 possunt;
1318 4243 1452 4281 nam
1478 4228 1785 4285 interficie.

163 4308 219 4360 tis
245 4325 353 4381 eos,
382 4320 436 4367 et
468 4313 900 4369 detrimentum
936 4316 1240 4385 patiemini
1267 4335 1279 4372 :
1304 4333 1409 4389 ego
1440 4335 1571 4374 vero
1603 4336 1783 4375 sanus

160 4408 281 4459 sum.
309 4404 362 4454 et
389 4402 643 4457 serviam
699 4402 882 4458 vobis.
918 4404 1080 4459 Tunc
1135 4405 1368 4460 barbari
1428 4413 1782 4479 acceperunt

162 4485 388 4543 abbatem
416 4489 767 4557 Leonem,et
788 4496 916 4546 octo
942 4492 1323 4558 numismata,
1348 4498 1405 4549 et
1424 4495 1785 4552 dimiserunt

1900 579 2109 630 Amata
2133 576 2456 631 nuditatem
2490 592 2680 631 rerum
2712 574 3002 641 omnium,
3025 580 3080 629 et
3100 576 3549 630 continentiam.

1899 663 2121 719 Credite
2156 665 2371 721 dicenti
2407 665 2571 734 mihi,
2607 682 2740 721 cum
2804 663 3144 720 adolescens
3203 680 3461 719 morarer
3491 664 3549 718 in

1898 752 2119 821 Scythi,
2171 757 2411 825 quidam
2458 771 2663 810 senum
2720 755 2924 827 splene
2974 752 3244 820 indoluit,
3276 758 3332 808 et
3363 753 3551 807 modi-

1897 857 2031 897 cum
2066 844 2210 897 aceti
2246 847 2553 915 quresitum
2582 846 2744 900 estin
2779 850 3031 915 quatuor
3051 842 3179 912 ejus
3202 842 3309 897 loci
3344 858 3550 897 mona-

1897 932 2114 1002 steriis,
2149 938 2201 987 et
2234 933 2535 989 inventum
2570 952 2681 989 non
2732 940 2838 989 est.
2874 934 3056 988 Tanta
3088 934 3213 986 erat
3267 931 3417 1002 apud
3453 946 3550 986 eos

1896 1027 2229 1091 paupertas,
2262 1029 2319 1077 et
2350 1024 2606 1089 nuditas,
2640 1029 2697 1077 et
2729 1022 3110 1078 continentia.
3143 1023 3323 1075 Erant
3353 1023 3546 1075 autem

1894 1109 1974 1164 ibi
2009 1114 2210 1166 Patres
2242 1112 2407 1182 quasi
2445 1118 2531 1167 ter
2562 1111 2720 1166 mille
2750 1123 2805 1166 et
2835 1110 3162 1183 quingenti.

2487 1228 2719 1284 CAPUT
2751 1228 2942 1284 CXIV.

2245 1317 2361 1372 Vita
2392 1318 2605 1373 abbatis
2633 1319 2882 1373 Danielis
2919 1316 3192 1388 ngyptii.

1962 1423 2230 1479 Narravit
2262 1430 2455 1479 autem
2491 1425 2662 1480 nobis
2714 1429 2956 1480 sanctus
2999 1439 3175 1479 senex
3234 1423 3304 1478 de
3335 1422 3544 1477 abbate

1889 1512 2127 1569 Daniele
2152 1516 2443 1585 Egyptio,
2478 1514 2718 1569 dicens:
2751 1514 3031 1569 Ascendit
3062 1529 3234 1567 senex
3279 1512 3403 1583 ipse
3450 1510 3543 1566 die

1890 1603 2142 1673 quadam
2178 1604 2233 1657 in
2260 1603 2650 1671 Therenuten,
2681 1609 2745 1657 ut
2772 1619 2919 1666 opus
2944 1617 3231 1657 manuum
3256 1616 3540 1657 suaruum

1885 1692 2183 1746 venderet.
2207 1690 2563 1747 Adolescens
2588 1698 2783 1747 autem
2808 1692 3046 1763 quidam
3073 1691 3426 1761 precabatur
3447 1706 3538 1744 se-

1888 1796 2044 1848 nem,
2078 1780 2314 1835 dicens:
2349 1785 2457 1835 Per
2513 1781 2716 1850 Deum,
2748 1781 2965 1846 senior,
2998 1780 3123 1835 veni
3178 1779 3234 1833 in
3295 1779 3532 1833 domum

1887 1884 2098 1936 meam,
2127 1872 2184 1923 et
2214 1868 2302 1923 fac
2334 1868 2650 1924 oralionem
2688 1886 2867 1940 super
2886 1884 3124 1922 uxorem
3160 1882 3372 1933 meam,
3393 1866 3535 1937 quia

1889 1956 2105 2012 sterilis
2137 1966 2241 2012 est.
2268 1958 2456 2012 Senex
2481 1964 2675 2012 autem
2712 1957 3053 2027 compulsus
3087 1973 3119 2011 a
3143 1956 3357 2025 juvene
3390 1954 3531 2009 abiit

1891 2062 2021 2100 cum
2048 2045 2147 2101 illo
2182 2047 2237 2100 in
2263 2047 2502 2101 domum
2528 2064 2717 2113 suam,
2744 2046 2997 2117 fecitque
3015 2045 3336 2101 orationem
3358 2060 3537 2114 super

1892 2151 2126 2190 uxorem
2163 2136 2314 2205 ejus,
2346 2142 2403 2189 et
2433 2134 2661 2191 volente
2682 2136 2797 2190 Deo
2823 2134 3035 2189 mulier
3057 2134 3115 2188 in
3136 2138 3300 2187 utero
3326 2148 3534 2186 conce-

1887 2224 2123 2294 pit.Viri
2146 2240 2282 2295 ergo
2304 2224 2542 2295 quidam
2565 2242 2677 2279 non
2712 2224 2991 2278 timentes
3019 2223 3201 2277 Deum
3236 2225 3536 2293 cmperunt

1890 2312 2012 2368 seni
2038 2313 2362 2380 detrahere,
2390 2318 2448 2368 et
2469 2314 2692 2369 dicere:
2722 2311 3114 2381 Verejuvenis
3138 2312 3249 2365 iste
3273 2309 3540 2364 infecun-

1888 2404 2001 2458 dus
2035 2404 2258 2467 est,sed
2298 2402 2510 2467 mulier
2543 2420 2575 2458 a
2600 2418 2738 2457 sene
2763 2417 3072 2473 prazgnans
3095 2402 3246 2454 facta
3267 2398 3549 2453 est.Venit

1888 2492 2071 2563 igitur
2108 2491 2229 2546 haec
2264 2493 2415 2546 fama
2447 2493 2515 2547 ad
2549 2492 2711 2546 senis
2770 2507 2964 2554 aures,
2997 2494 3053 2545 et
3082 2488 3323 2559 scripsit
3367 2503 3542 2542 senex

1888 2581 2099 2637 marito
2116 2580 2633 2651 mulieris,dicens:
2652 2583 2796 2636 Cum
2816 2578 3255 2651 pepererituxor
3270 2582 3545 2642 tua,nun-

1887 2670 1971 2725 tia
2000 2670 2162 2736 mihi,
2188 2669 2331 2724 Cum
2358 2686 2495 2742 ergo
2521 2668 2843 2741 peperisset
2875 2685 3019 2723 uxor
3040 2666 3200 2722 illius
3216 2665 3541 2736 senisigni-

1887 2758 2353 2829 ficavitjuvenis,
2376 2759 2611 2813 dicens:
2638 2758 2744 2813 Per
2770 2760 2947 2813 Deum
2973 2761 3029 2811 et
3058 2755 3352 2810 orationes
3382 2759 3537 2820 tuas,

1884 2847 2071 2913 Pater,
2098 2846 2300 2917 genuit
2328 2864 2475 2902 uxor
2526 2863 2674 2901 mea.
2709 2847 2871 2901 Tunc
2921 2845 3101 2899 abbas
3147 2842 3352 2899 Daniel
3380 2843 3527 2897 897

1880 2935 2185 3006 ingressus
2218 2936 2298 2989 ait
2320 2936 2521 3003 juveni
2548 2952 2559 2989 :
2584 2936 2692 2989 Fac
2722 2934 3056 3004 prandium,
3077 2937 3133 2987 et
3153 2949 3295 2987 voca
3314 2948 3531 3003 cogna-

1882 3028 1974 3079 tos
1991 3028 2048 3077 et
2079 3024 2299 3078 amicos
2343 3032 2490 3079 tuos.
2534 3026 2675 3079 Cum
2702 3023 2879 3093 igitur
2899 3025 3536 3094 pranderent,sumens

1882 3129 2059 3168 senex
2090 3112 2402 3182 puerulum
2438 3113 2497 3166 in
2534 3113 2801 3168 manibus
2834 3128 3029 3166 coram
3086 3110 3363 3164 omnibus
3394 3109 3539 3163 dixit

1803 3216 1844 3283 ρ
1881 3201 2210 3258 int‘antulo:
2245 3201 2384 3264 Quis
2416 3207 2507 3256 est
2538 3210 2704 3272 pater
2732 3207 2894 3267 tuus,
2927 3199 3168 3254 infans?
3199 3199 3298 3252 Ait
3340 3202 3533 3253 autem

1882 3292 2077 3347 infans
2104 3306 2115 3343 :
2142 3291 2269 3356 Hic,
2304 3290 2620 3346 ostendens
2650 3291 2833 3361 digito
2865 3305 3075 3343 manus
3098 3288 3537 3357 suaejuvenem.

1882 3382 2018 3440 Erat
2049 3384 2246 3439 autem
2281 3380 2609 3436 infantulus
2642 3379 2866 3433 dierum
2899 3378 3061 3448 vigiti
3097 3377 3376 3447 quinque.

2492 3495 2726 3553 CAPUT
2765 3494 2926 3550 CXV.

2137 3598 2547 3655 Admonitiones
2578 3593 2790 3648 abbatis
2819 3593 3048 3649 Joannis
3082 3590 3289 3646 Cilicis.

1958 3709 2196 3764 Dicebat
2224 3707 2405 3762 abbas
2436 3704 2694 3759 Joannes
2724 3701 2868 3756 Cilix
2925 3700 3274 3771 praepositus
3307 3699 3535 3770 Raythu

1888 3798 2170 3853 fratribus
2198 3814 2210 3852 :
2246 3793 2397 3862 Filii,
2421 3793 2591 3847 sicuti
2626 3791 2886 3863 fugimus
2908 3790 3217 3857 mundum,
3242 3788 3537 3857 fugiamus

1886 3884 2397 3956 concupiscentiae
2428 3882 2619 3937 carnis
2648 3882 2693 3950 (Ι
2721 3882 2880 3937 Ιοαη.
2918 3880 2999 3949 11).

1958 3976 2116 4031 Dixit
2146 3974 2357 4029 iterum
2388 3989 2399 4027 :
2432 3970 2738 4025 Imitemur
2762 3970 2955 4024 Patres
2981 3971 3235 4035 nostros,
3267 3965 3369 4037 qui
3401 3981 3534 4020 cum

1887 4071 2051 4121 tanta
2078 4063 2423 4119 austeritate
2455 4061 2583 4114 vita:
2616 4064 2673 4114 et
2732 4057 2965 4114 silentio
3013 4057 3291 4111 sederunt
3324 4055 3378 4109 in
3413 4054 3537 4109 loco

1889 4156 2021 4211 isto.

1961 4243 2112 4299 Dixit
2146 4243 2358 4299 iterum
2392 4257 2403 4293 :
2438 4239 2519 4294 Ne
2551 4237 2921 4293 sordidemus
2953 4235 3144 4290 locum
3178 4233 3379 4297 istum,
3414 4232 3541 4297 lilii,

1890 4350 2064 4405 quem
2100 4338 2298 4403 patres
2331 4329 2515 4383 nostri
2536 4345 2568 4379 a
2595 4326 2962 4381 daemonibus
2983 4323 3467 4378 emundaverunt.

1959 4421 2054 4476 Ait
2086 4436 2295 4474 rursus
2323 4436 2333 4471 :
2370 4418 2556 4472 Locus
2580 4415 2687 4469 iste
2717 4413 3162 4481 monachorum,
3196 4427 3310 4465 non
3352 4425 3536 4480 nego-

1888 4511 2167 4565 tiatorum
2199 4514 2307 4563 est.

162 4570 266 4661 Ῠ¹¹⁰⁸
292 4582 416 4631 ίτθεο
446 4579 610 4634 Abiit
638 4594 775 4650 θτεο
800 4580 983 4635 abbas
1009 4581 1119 4635 L90
1148 4598 1334 4654 usque
1356 4584 1427 4638 ad
1456 4586 1767 4654 quemdam
1800 4590 1845 4653 D
1953 4600 2101 4654 Dixit
2134 4599 2347 4653 iterum
2383 4611 2397 4650 :
2435 4593 2630 4649 Inveni
2664 4592 2758 4647 hic
2790 4607 2981 4656 senes,
3016 4590 3114 4661 qui
3167 4589 3541 4661 septuaginta

164 4658 340 4731 locum,
370 4674 424 4722 et
452 4685 589 4723 cum
629 4685 743 4740 prae
786 4669 1085 4725 debilitate
1140 4687 1379 4742 pergere
1442 4673 1605 4727 ultra
1661 4690 1775 4727 non

170 4759 346 4817 posset,
396 4758 629 4812 barbari
694 4758 1129 4813 decollaverunt
1182 4776 1337 4815 eum.
1391 4761 1777 4834 lmplevitque

168 4842 313 4899 abbas
334 4846 438 4903 Leo
469 4849 835 4919 Scripturam
868 4850 1161 4905 dicentem
1191 4867 1203 4904 :
1240 4850 1519 4921 Majorem
1551 4853 1656 4907 hac
1688 4856 1776 4907 di-

169 4926 430 4991 lectionem
468 4954 638 4993 nemo
666 4937 840 4993 habet
863 4955 1040 5009 quam
1071 4945 1135 4994 ut
1165 4945 1343 5010 ponat
1364 4942 1496 5013 quis
1520 4944 1775 4997 animam

170 5031 305 5075 suam
337 5040 434 5089 pro
466 5026 676 5081 amicis
710 5028 836 5081 suis
867 5029 1039 5099 (Joan.
1068 5031 1183 5099 xv).
1214 5030 1377 5084 Tunc
1410 5048 1512 5085 nos
1547 5048 1780 5103 quoque

176 5112 514 5173 cognovimus
546 5116 831 5185 quidnam
864 5122 1019 5172 esset
1048 5119 1203 5189 quod
1236 5118 1480 5183 dixerat,
1515 5122 1662 5186 Quia
1696 5138 1779 5176 re-

171 5206 319 5262 gnare
348 5199 553 5257 habeo.
589 5204 877 5260 Veraciter
923 5206 1079 5261 enim
1143 5210 1425 5279 regnavit,
1461 5210 1558 5281 qui
1594 5211 1785 5281 posuit

174 5297 396 5344 animam
426 5308 595 5346 suam
630 5310 731 5364 pro
763 5294 966 5349 amicis
996 5296 1141 5351 suis.

712 5408 946 5465 CAPUT
977 5410 1181 5468 CXIII.

402 5494 711 5554 Admonitio
742 5498 954 5553 abbati:
980 5502 1209 5557 Joannis
1234 5502 1298 5557 de
1327 5504 1516 5559 Petra.

227 5586 299 5641 Ad
332 5591 595 5648 abbatem
625 5595 911 5651 Joannem
945 5598 1015 5653 de
1066 5598 1235 5655 Petra
1269 5603 1517 5671 perrexi,
1548 5608 1783 5674 sumpto

180 5688 374 5735 mecum
405 5688 458 5736 et
515 5684 697 5741 sodali
748 5687 1095 5759 Sophronia,
1129 5690 1573 5763 rogavimusque
1614 5694 1782 5749 illum

1888 4706 2076 4745 annos
2108 4688 2216 4742 hoc
2247 4686 2448 4741 eodem
2482 4684 2542 4738 in
2585 4682 2711 4737 loco
2744 4685 3002 4750 egerant,
3035 4678 3230 4735 herbis
3261 4678 3455 4734 solum
3486 4685 3543 4733 et

1887 4777 2220 4851 palmarum
2256 4774 2545 4829 fructibus
2576 4773 2856 4826 viventes.

1960 4867 2120 4921 Dixit
2151 4865 2363 4919 iterum
2390 4879 2564 4919 senex
2592 4879 2603 4915 :
2630 4859 3014 4933 Septuaginta
3031 4862 3088 4915 et
3109 4875 3208 4915 sex
3233 4874 3419 4913 annos
3438 4856 3536 4912 ha-

1888 4955 1995 5010 beo
2029 4954 2084 5007 in
2120 4954 2229 5008 hoc
2263 4952 2407 5016 loco,
2442 4950 2629 5005 multa
2660 4950 2811 5004 mala
2843 4954 2898 5003 et
2937 4948 3198 5004 horenda
3228 4962 3542 5019 perpessus

1891 5061 1924 5099 a
1954 5043 2341 5098 daemonibus.

2494 5128 2729 5185 CAPUT
2747 5128 2935 5182 CXVI.

1895 5233 1967 5287 De
1996 5230 2177 5301 fratre
2208 5231 2300 5284 cui
2326 5228 2468 5299 false
2499 5226 2865 5295 obiiciebalur
2884 5225 3225 5281 subtraxisse
3244 5228 3544 5281 numisma.

1966 5336 2235 5393 Narravit
2256 5336 2422 5391 nobis
2449 5335 2631 5389 abbas
2654 5335 2913 5388 Andreas
2938 5332 3284 5402 Messenios,
3303 5333 3440 5387 dum
3461 5349 3545 5387 es-

1894 5443 2097 5481 semus
2120 5427 2173 5479 in
2200 5424 2451 5495 Ilaythu,
2468 5424 2666 5477 dicens
2686 5441 2697 5477 :
2714 5426 2853 5476 Cum
2870 5438 3057 5477 essem
3084 5420 3443 5483 adolescens,
3460 5437 3544 5474 re-

1893 5518 2183 5571 cessimus
2205 5532 2309 5585 ego
2342 5520 2397 5569 ct
2430 5514 2610 5569 abbas
2638 5530 2801 5567 meus
2824 5512 2892 5565 de
2919 5512 3169 5583 Raythu,
3190 5515 3245 5564 et
3274 5509 3541 5563 venimus

1894 5606 1951 5661 in
1978 5605 2367 5667 Palaestinam;
2389 5605 2711 5658 mansimus
2736 5600 2927 5656 autem
2953 5601 3103 5670 apud
3130 5611 3538 5666 scnemquem-

1896 5697 2050 5751 dum.
2089 5700 2272 5749 Senex
2312 5708 2445 5763 ergo
2482 5692 2579 5763 qui
2628 5689 2883 5760 suscepit
2920 5704 3043 5753 nos,
3071 5686 3323 5741 habebat
3354 5700 3533 5739 unum
