4122 6188
465 360 575 419 179

1662 361 1757 412 DE
1794 360 1987 413 VITIS
2021 359 2323 414 PATRUM
2358 360 2575 413 LIBER
2610 362 2685 414 X.

3773 366 3874 423 180

467 485 787 554 numisma,
813 484 966 556 quod
992 483 1091 539 ubi
1112 482 1441 555 possuisset
1468 498 1569 554 per
1590 496 1845 537 errorem
1878 480 2117 548 oblitus,
2151 488 2202 553 Α
2235 482 2519 538 diaconus
2551 484 2860 539 ordinatus
2892 484 3122 556 fuisset,
3154 486 3387 542 vocavit
3418 487 3747 545 ministrum
3778 508 3869 547 su-

466 576 802 648 suspicatus
833 580 923 630 est
953 575 1106 645 quod
1127 573 1328 644 junior
1354 588 1459 644 ego
1484 574 1715 627 furatus
1736 570 1880 626 illud
1907 586 2118 626 essem.

466 666 702 722 Dicebat
733 681 867 735 ergo
899 679 1075 719 senex
1096 663 1367 718 Patribus
1400 661 1509 717 loci
1531 660 1743 732 ipsius,
1768 661 1910 732 quia
1946 661 2123 715 frater

462 757 725 812 Andreas
745 752 1044 809 numisma
1068 751 1306 823 accepit.
1325 751 1484 816 Quod
1500 766 1633 804 cum
1654 750 1912 804 audisset
1941 749 2124 803 abbas

464 862 654 912 meus,
678 840 904 899 vocavit
930 858 1044 908 me,
1067 846 1124 896 et
1145 843 1225 895 ait
1245 839 1405 895 mihi:
1431 838 1534 895 Dic
1554 839 1808 902 Andrea,
1834 842 1896 891 tu
1922 836 2125 891 numi-

466 951 596 992 sma
630 931 789 988 senis
820 930 1144 1002 accepisti?
1168 931 1252 984 Ad
1282 946 1456 1001 quem
1494 944 1634 999 ego:
1662 928 1922 999 Ignosce,
1949 926 2121 992 abba,

469 1040 576 1095 ego
608 1022 755 1078 nihil
813 1020 1028 1091 accepi.
1063 1020 1361 1075 Habebam
1418 1024 1614 1072 autem
1667 1016 1930 1088 pallium,
1966 1014 2122 1087 quod

471 1114 672 1169 abiens
702 1111 935 1167 vendidi
998 1110 1377 1175 numismate,
1406 1112 1464 1163 et
1494 1107 1785 1177 accipiens
1826 1106 2127 1161 numisma

469 1202 767 1273 profectus
797 1217 927 1255 sum
960 1201 1032 1256 ad
1062 1216 1282 1263 senem,
1313 1202 1369 1253 et
1400 1201 1731 1269 prostratus
1764 1195 1846 1249 illi
1896 1194 2125 1249 veniam

469 1292 631 1364 petii,
648 1291 867 1346 etdixi:
893 1293 1133 1362 Ignosce
1157 1288 1323 1355 mihi,
1345 1287 1668 1358 abba,quia
1691 1286 1940 1340 Satanas
1965 1283 2128 1338 dece-

468 1381 554 1452 pit
578 1396 690 1449 me,
714 1383 770 1435 et
795 1379 988 1450 accepi
1014 1377 1311 1433 nomisma
1334 1384 1521 1431 tuum.
1538 1376 1675 1430 Erat
1691 1378 1887 1429 autem
1922 1371 2041 1426 illic
2072 1375 2131 1426 et

469 1467 768 1524 secularis
792 1468 1050 1538 quidam.
1073 1466 1166 1520 Ait
1198 1468 1268 1519 ad
1295 1480 1383 1519 me
1407 1478 1585 1519 senex
1613 1480 1626 1518 :
1650 1463 1831 1530 Vade,
1858 1460 1963 1527 ﬁli,
1982 1459 2128 1514 nihil

472 1556 723 1630 perdidi.
741 1560 957 1612 Iterum
973 1555 1153 1627 igitur
1168 1557 1496 1624 prostratus
1510 1551 1739 1606 veniam
1759 1549 2024 1622 petebam
2042 1547 2129 1602 di-

473 1662 612 1701 cens
629 1662 641 1699 :
660 1646 763 1700 Per
785 1645 1114 1706 Dominum,
1132 1643 1303 1711 abba,
1321 1642 1516 1711 accipe
1537 1640 1857 1705 numisma,
1874 1653 2004 1693 ecce
2022 1637 2131 1691 hoc

471 1739 597 1791 est:
620 1740 677 1789 et
698 1734 786 1788 fac
812 1732 1318 1801 mihiorationem,
1340 1731 1618 1803 quoniam
1650 1730 1901 1785 Satanas
1934 1725 2131 1781 immi-

474 1824 551 1878 sit
584 1821 725 1876 mihi
760 1827 823 1876 ut
851 1824 1075 1877 furarer
1131 1821 1301 1887 illud,
1336 1824 1392 1875 et
1450 1819 1767 1889 afﬂigerem
1819 1832 1942 1871 vos.
1975 1814 2129 1870 Dixit

469 1910 684 1965 iterum
700 1925 905 1964 senex:
936 1909 1061 1977 Fili,
1086 1925 1201 1963 non
1230 1907 1453 1979 perdidi
1478 1907 1825 1977 quidquam.
1856 1908 2002 1961 Cum
2026 1919 2124 1958 ve-

470 2015 532 2053 ro
562 1997 645 2051 illi
698 2014 810 2052 non
837 1996 1292 2068 acquiescerem,
1326 2001 1467 2050 tunc
1499 1995 1581 2049 ait
1631 1994 1775 2049 mihi
1823 1991 2119 2049 saecularis

465 2086 564 2142 ille
583 2102 597 2143 :
617 2086 1026 2153 Vere,domine
1040 2085 1234 2154 frater,
1252 2085 1524 2140 hesterno
1539 2084 1631 2138 die
1646 2100 1779 2138 cum
1799 2082 1913 2138 huc
1931 2080 2123 2137 venis-

470 2192 620 2245 sem,
644 2175 837 2230 inveni
870 2191 1066 2230 senem
1095 2174 1418 2244 plorantem
1444 2178 1501 2229 et
1524 2175 2120 2244 prostratuzn,peten—

470 2268 711 2335 temque
730 2264 955 2319 veniam
990 2264 1048 2317 in
1082 2280 1296 2333 magna
1318 2262 1635 2317 afﬂictione
1657 2261 1860 2323 animi,
1886 2260 2123 2329 dixique

470 2352 554 2408 illi
583 2371 594 2408 :
626 2354 731 2407 Fac
763 2352 1136 2417 charitatem;
1162 2351 1301 2421 quid
1329 2356 1418 2405 est
1439 2350 1594 2421 quod
1630 2348 1856 2405 babes?
1878 2349 1948 2403 Et
1978 2346 2125 2402 dixit

471 2441 619 2497 mihi
648 2458 856 2497 senex:
883 2443 1027 2506 Quia
1052 2442 1291 2495 fratrem
1314 2440 1541 2509 injusta
1561 2437 2121 2508 calumniaexagita-

472 2530 550 2600 vi,
566 2531 769 2586 dicens
784 2531 935 2602 quod
954 2530 1253 2585 numisma
1270 2528 1497 2583 furatus
1516 2532 1690 2593 esset,
1707 2531 1764 2581 ct
1781 2540 1911 2581 ecce
1932 2523 2123 2579 inveni

470 2618 641 2675 illud.
658 2620 820 2676 Tunc
836 2636 1013 2674 senex
1035 2619 1356 2674 aediﬁcatus
1378 2616 1533 2673 estin
1552 2616 1830 2688 me,quod
1855 2631 1989 2671 cum
2006 2630 2122 2669 non

476 2710 834 2779 accepissem
868 2708 1187 2777 numisma,
1221 2708 1527 2762 detulerim
1572 2705 1719 2761 illud
1773 2705 1844 2760 ad
1876 2720 2010 2759 eum
2038 2702 2124 2757 di-

472 2814 653 2856 cens:
686 2799 896 2871 Accipe
924 2798 1245 2863 numisma,
1276 2813 1381 2868 ego
1412 2796 1567 2851 enim
1589 2794 1732 2850 illud
1766 2794 1911 2866 cepi.

1060 2922 1293 2978 CAPUT
1325 2921 1538 2979 CXVII.

567 3020 645 3071 De
665 3016 843 3085 fratre
871 3012 1215 3069 daemonicae
1244 3012 1310 3066 ab
1341 3012 1538 3066 abbate
1568 3009 1788 3065 Andrea
1815 3017 2033 3065 sanato.

547 3132 746 3187 Frater
760 3130 1001 3201 quidam
1016 3129 1360 3184 daemonium
1374 3127 1595 3183 habens
1610 3126 1938 3182 accessitad
1954 3125 2131 3182 abba-

479 3225 598 3276 tem
632 3220 961 3275 Simeonem
995 3218 1284 3290 Stylitem,
1317 3217 1372 3271 in
1400 3214 1805 3271 admirabilem
1856 3218 2132 3283 montem,
2170 3249 2212 3315 Ε

487 3326 700 3382 rogans
719 3313 781 3363 ut
807 3326 909 3381 pro
932 3324 992 3364 se
1011 3315 1219 3373 oraret,
1241 3311 1297 3362 et
1318 3306 1601 3377 etfngaret
1617 3305 1689 3359 ab
1708 3320 1774 3360 eo
1792 3306 2138 3359 daemonem.

491 3398 718 3455 Dixitei
771 3399 954 3453 abbas
1012 3398 1243 3453 Simeon
1274 3412 1285 3451 :
1312 3395 1416 3451 Ubi
1472 3394 1759 3448 moraris?
1788 3394 1895 3459 Qui
1945 3393 2062 3447 ait:
2094 3393 2155 3447 In

498 3487 751 3559 Raythu.
784 3486 867 3539 Ad
903 3501 1075 3556 quem
1112 3500 1287 3539 senex
1314 3501 1326 3539 :
1352 3485 1548 3547 Miror,
1582 3482 1798 3553 inquit,
1827 3486 2020 3549 frater,
2055 3499 2159 3536 cur

508 3581 670 3631 tanto
701 3580 755 3631 te
787 3573 985 3629 labore
1018 3572 1373 3645 fatigaveris,
1408 3575 1750 3641 tantumque
1779 3570 2005 3625 itineris
2028 3586 2158 3640 pcr-

508 3664 721 3736 egeris,
747 3668 809 3717 ut
839 3664 1063 3717 venires
1085 3663 1155 3716 ad
1182 3678 1273 3715 me
1294 3667 1651 3731 peccatorem
1678 3659 1999 3724 hominem,
2025 3674 2155 3712 cum

510 3753 656 3808 tales
673 3770 738 3809 ac
760 3755 954 3807 tantos
977 3755 1177 3807 Patres
1193 3749 1480 3805 habeasin
1498 3748 1850 3804 monasterio
1866 3752 1986 3802 tuo.
2001 3747 2160 3802 Vade

509 3844 691 3912 igitur
722 3842 792 3896 ad
813 3842 1079 3896 abbatem
1100 3842 1413 3904 Andream,
1437 3844 1493 3892 et
1510 3836 1828 3909 rogaillum
1846 3840 2161 3908 utoretpro

510 3935 589 4000 te,
614 3937 669 3987 et
687 3932 885 3986 statim
904 3930 1131 3985 curabit
1149 3934 1225 3983 te.
1242 3927 1415 3983 Venit
1433 3927 1612 3999 igitur
1631 3928 1805 3981 frater
1823 3925 1877 3980 in
1904 3925 2158 3998 Raythu;

510 4026 567 4077 et
583 4019 861 4076 sicutsibi
885 4021 1254 4074 mandaverat
1276 4018 1481 4073 beatus
1498 4017 1756 4083 Simeon,
1774 4015 2085 4086 prostravit
2100 4032 2163 4071 se

511 4110 619 4176 illi,
654 4126 866 4181 rogans
900 4115 956 4163 et
986 4109 1186 4162 dicens
1214 4123 1225 4161 :
1261 4106 1373 4161 Ora
1407 4122 1508 4176 pro
1561 4121 1676 4171 me,
1711 4105 1902 4159 Pater.
1934 4104 2081 4158 Dixit
2109 4105 2160 4160 ei

510 4200 690 4255 abbas
721 4199 1024 4255 Andreas:
1054 4195 1293 4267 Accepit
1322 4194 1569 4267 gratiam
1602 4194 1784 4263 hujus
1841 4192 2162 4249 curationis

512 4289 694 4345 abbas
724 4288 982 4343 Simeon.
1017 4288 1281 4355 Cumque
1312 4283 1548 4339 fecisset
1598 4282 1945 4349 orationem,
1978 4281 2159 4336 conti-

510 4394 628 4433 nuo
659 4380 978 4432 mundatus
1010 4379 1100 4430 est
1130 4374 1325 4441 frater,
1350 4378 1407 4429 et
1436 4371 1654 4445 gratias
1682 4372 1937 4427 reddidit
1964 4371 2099 4428 Deo.

1074 4498 1309 4554 CAPUT
1352 4495 1600 4554 CXVIII.

732 4590 854 4645 Vita
883 4589 1055 4644 Mena?
1078 4585 1299 4642 diaconi
1326 4586 1582 4640 monachi
1613 4586 1671 4640 in
1701 4586 1941 4656 Raylhu.

582 4706 854 4762 Narravit
885 4704 1054 4759 nobis
1085 4704 1265 4758 abbas
1296 4702 1533 4774 Sergius
1558 4703 1614 4757 in
1639 4703 1864 4775 Raytbu
1888 4704 1959 4759 de
1982 4704 2157 4758 fratre

514 4798 764 4868 quodam
803 4793 921 4847 illic
961 4792 1229 4855 diacono,
1261 4792 1425 4846 Mena
1472 4791 1727 4861 nomine,
1760 4798 1817 4846 et
1864 4792 2155 4848 ait:Cum

513 4886 728 4941 exisset
743 4882 1054 4954 aliquando
1070 4884 1262 4934 Menas
1275 4880 1345 4932 ad
1364 4878 1778 4946 ministerium,
1795 4885 2161 4935 reversusest

515 4974 585 5029 ad
622 4973 901 5027 szeculum
928 4988 941 5025 :
968 4970 1107 5040 quid
1140 4975 1332 5023 autem
1368 4966 1451 5021 illi
1482 4967 1810 5039 contigerit,
1841 4968 2156 5035 nescimus,

515 5062 630 5117 nisi
655 5063 791 5132 quia
810 5058 1047 5130 reliquit
1072 5057 1455 5112 monasticum
1478 5056 1741 5111 habitum
1766 5063 1821 5112 et
1840 5058 2157 5125 saecularis,

513 5152 755 5208 effectus
788 5153 895 5204 est.
934 5149 1077 5203 Post
1104 5145 1353 5200 multum
1387 5162 1521 5200 vero
1555 5146 1835 5218 temporis
1866 5149 2160 5218 profectus

514 5246 603 5296 est
630 5238 994 5309 Thcopolim,
1022 5243 1073 5291 et
1099 5252 1231 5290 cum
1257 5235 1471 5289 rediret
1502 5236 1852 5301 Seleuciam,
1879 5238 2017 5291 vidit
2040 5254 2161 5291 mo-

515 5329 837 5386 nasterium
857 5327 1038 5381 sancti
1068 5326 1297 5380 abbatis
1319 5325 1608 5380 Simeonis
1631 5325 1849 5397 Stylita:
1874 5327 1943 5381 dc
1967 5326 2157 5397 longe,

514 5425 571 5475 et
590 5418 838 5473 aitintra
856 5434 915 5472 se
940 5433 952 5471 :
977 5414 1326 5481 Ascendam,
1345 5420 1400 5467 et
1423 5414 1625 5469 videbo
1650 5431 1923 5486 magnum
1950 5416 2161 5471 Simeo~

516 5524 647 5564 nem
670 5532 683 5573 ;
706 5521 965 5577 unquam
983 5503 1136 5558 enim
1153 5519 1283 5556 cum
1313 5503 1552 5557 viderat.
1569 5504 1815 5558 Euntem
1832 5520 1964 5560 vero
1985 5510 2162 5576 etjam

516 5596 800 5653 columna:
833 5594 1402 5667 appropinquantem
1434 5598 1498 5646 ut
1522 5592 1665 5647 vidit
1690 5593 1871 5648 abbas
1901 5594 2157 5660 Simeon,

517 5685 797 5742 divinitus
829 5698 1152 5756 agnoscens
1185 5682 1340 5751 quod
1371 5685 1525 5736 esset
1558 5680 1903 5753 monachus,
1936 5688 1993 5739 et
2022 5684 2160 5756 quia

2156 1868 2203 1933 B

2231 586 2355 638 um,
2389 572 2629 628 dicens:
2666 574 2814 628 Affer
2839 573 2952 629 huc
2984 575 3240 631 forfices.
3273 575 3545 649 Cumque
3575 579 3870 651 attulisset,

2229 659 2311 715 ait
2341 660 2461 714 illi:
2497 662 2847 719 Benedictus
2879 662 3207 733 Dominus;
3241 665 3418 721 tonde
3468 665 3656 733 illum,
3689 675 3874 725 osten-

2230 750 2376 805 dens
2401 766 2535 805 eum
2567 752 2771 823 digito,
2800 758 2965 808 erant
2994 754 3152 810 enim
3185 755 3265 809 ibi
3290 755 3459 811 multi
3486 756 3640 812 circa
3660 757 3876 815 colum-

2232 855 2391 898 nam.
2425 841 2765 896 Admiratus
2795 846 2989 898 autem
3023 843 3121 899 ille
3156 844 3216 899 in
3248 844 3422 900 verbo
3472 845 3653 913 senis,
3683 848 3877 902 simul-

2232 944 2344 998 que
2357 930 2395 982 ti
2408 945 2565 984 more
2585 946 2798 1002 magno
2814 932 3281 1003 comprehensus
3296 935 3881 1008 suscepittonsuram,

2234 1016 2379 1071 nihil
2400 1018 2641 1074 omnino
2665 1019 2915 1091 loquens
2940 1042 2959 1089 ;
2986 1020 3272 1079 intellexit
3291 1023 3447 1078 enim
3472 1023 3609 1095 quia
3632 1024 3781 1081 Deus
3801 1043 3881 1082 re-

2232 1105 2483 1162 velasset
2514 1109 2639 1163 seni
2673 1110 2744 1164 de
2778 1126 2861 1165 se.
2890 1113 3032 1167 Cum
3068 1111 3340 1168 minister
3369 1128 3506 1185 ergo
3524 1113 3676 1169 898
3700 1118 3883 1170 toton-

2235 1195 2421 1250 disset
2442 1196 2636 1261 illum,
2660 1201 2740 1252 ait
2765 1199 2815 1253 ei
2837 1216 3089 1270 magnus
3112 1202 3348 1256 Simeon
3374 1218 3387 1258 :
3414 1202 3528 1257 Fac
3551 1206 3881 1258 orationem.

2236 1284 2487 1340 diaconi.
2524 1287 2592 1341 Et
2621 1303 2753 1342 cum
2789 1295 3034 1355 orasset,
3067 1290 3148 1345 ait
3178 1289 3274 1345 ille
3321 1290 3576 1347 iterum:
3610 1296 3784 1364 Perge
3829 1294 3885 1349 in

2236 1374 2487 1445 Raylhu,
2505 1376 2658 1431 unde
2685 1377 2861 1432 etiam
2887 1378 3075 1433 existi.
3103 1378 3342 1435 Dicente
3367 1385 3565 1436 autem
3590 1379 3689 1437 illo
3712 1397 3773 1438 se
3790 1397 3887 1437 ve-

2239 1463 2571 1530 recundari,
2608 1468 2969 1538 Patrumque
2999 1472 3273 1540 aspectus
3333 1469 3483 1525 ferre
3540 1486 3657 1525 non
3690 1486 3887 1542 posse:

2238 1567 2449 1607 rursus
2472 1554 2555 1607 ait
2576 1553 2659 1607 illi
2680 1555 2865 1611 abbas
2892 1555 3125 1612 Simeon
3153 1573 3166 1611 :
3191 1558 3371 1613 Crede
3406 1557 3582 1627 mihi,
3633 1558 3735 1623 fili,
3761 1560 3892 1632 quia

2239 1640 2425 1695 vereri
2448 1642 2687 1698 omnino
2711 1661 2823 1699 non
2849 1645 3063 1714 debes;
3091 1645 3265 1701 hilari
3288 1646 3445 1702 enim
3475 1648 3623 1704 facie
3651 1652 3707 1703 et
3734 1654 3889 1720 grato

2240 1727 2439 1783 animo
2461 1732 2515 1783 te
2540 1731 2865 1803 suscipient
2891 1732 3112 1805 Patres,
3136 1734 3546 1807 gaudiumque
3572 1735 3688 1791 illis
3708 1737 3821 1804 fiet,
3838 1743 3892 1793 et

2240 1817 2549 1873 exsultatio
2567 1820 2624 1874 in
2642 1821 3017 1878 conversione
3036 1825 3238 1889 tua.Et
3258 1823 3367 1880 hoc
3389 1830 3591 1880 autem
3614 1825 3777 1894 scito,
3794 1825 3889 1901 fili,

2236 1905 2371 1977 quia
2386 1911 2536 1962 Deus
2558 1910 2790 1980 signum
2817 1911 2873 1965 in
2897 1916 2953 1967 te
2978 1912 3238 1968 facturus
3258 1918 3349 1969 est
3366 1918 3431 1969 ut
3454 1930 3735 1984 agnoscas
3752 1931 3889 1987 quo-

2237 1996 2393 2049 niam
2424 1998 2644 2067 ignovit
2665 1999 2769 2053 tibi
2797 2000 2957 2056 illius
2979 2001 3273 2057 immensa
3295 2009 3348 2057 et
3379 2003 3698 2059 ineﬂ‘abilis
3720 2005 3875 2060 boni-

2235 2088 2326 2139 tas
2355 2092 2656 2156 peccatum
2684 2088 2863 2144 istud.
2890 2090 3231 2147 Venientem
3252 2092 3434 2165 igitur
3454 2094 3516 2148 in
3540 2094 3765 2166 Raythu
3788 2110 3881 2149 su-

2238 2173 2394 2244 pinis
2427 2175 2702 2232 manibus
2735 2186 3087 2250 exceperunt
3113 2184 3329 2250 patres,
3364 2182 3773 2254 miseruntque
3801 2184 3883 2254 ip-

2238 2277 2370 2315 sum
2405 2262 2463 2315 in
2500 2270 2769 2319 sanctum
2802 2268 3149 2322 sacrarium.
3170 2268 3431 2332 Quadam
3456 2269 3638 2342 igitur
3660 2269 3749 2325 die
3779 2270 3886 2325 Do-

2239 2349 2457 2405 minica
2488 2367 2619 2406 cum
2667 2354 2843 2409 ferret
2874 2361 3145 2411 sanctum
3206 2360 3264 2411 et
3300 2356 3599 2414 viviﬁcum
3657 2358 3892 2430 sangui-

2241 2454 2373 2493 nem
2402 2440 2597 2511 magni
2651 2446 2748 2497 Dei
2800 2450 2858 2498 et
2880 2444 3199 2501 Salvatoris
3250 2447 3435 2501 nostri
3484 2447 3623 2502 Jesu
3665 2445 3892 2514 Christi,

2241 2528 2521 2583 continuo
2537 2530 2676 2585 exiit
2702 2530 3047 2604 oculusejus
3074 2551 3268 2603 unus;
3310 2539 3571 2606 atqueex
3601 2536 3709 2592 hoc
3737 2536 3894 2608 signo

2244 2624 2643 2688 cognoverunt
2684 2620 2883 2676 Patres
2924 2623 3060 2693 quia
3103 2623 3425 2696 ignovisset
3467 2624 3552 2679 illi
3606 2630 3749 2681 Deus
3780 2640 3875 2696 pec

2244 2712 2441 2762 catum
2456 2708 2637 2777 istud,
2656 2710 2826 2780 juxta
2843 2711 3082 2765 verbum
3103 2712 3301 2784 magni
3332 2712 3651 2770 Simeonis.

2845 2827 3078 2883 CAPUT
3102 2827 3290 2884 CXIX.

2244 2912 2321 2967 De
2349 2911 2603 2969 daemone
2630 2914 2729 2985 qui
2757 2917 2819 2970 in
2847 2915 3041 2998 habitu
3089 2917 3345 2999 monachi
3362 2921 3653 3044 Krofectus
3709 2924 3781 2975 est
3834 2917 3898 2972 ad

2557 2987 2754 3040 cellam
2782 2988 3070 3044 cuiusdam
3099 3004 3245 3044 senis
3271 3006 3329 3043 κη
3407 2991 3610 3044 authu.

2557 2987 2754 3040 cellam
2782 2987 3070 3058 cujusdam
3099 2991 3245 3044 senis
3271 2989 3329 3043 in
3362 2987 3610 3062 Ray'thu.

2322 3080 2561 3137 Dicebat
2592 3083 2763 3138 nobis
2792 3083 2974 3140 abbas
3007 3085 3295 3141 Eusebius
3321 3088 3631 3160 presbyter
3650 3087 3898 3158 ejusdem

2252 3170 2595 3224 monasterii
2625 3171 3014 3243 Raythu,cum
3047 3173 3118 3229 ad
3143 3172 3311 3229 illum
3336 3176 3733 3246 venissemus,
3753 3177 3893 3247 quod

2252 3259 2477 3314 daemon
2511 3259 2568 3314 in
2606 3260 2806 3316 babit‘u
2839 3262 3112 3317 monachi
3148 3265 3442 3335 profectus
3466 3265 3671 3321 fuitad
3702 3264 3892 3320 cellam

2259 3349 2417 3404 senis
2448 3354 2504 3403 et
2534 3364 2670 3404 cum
2691 3349 3263 3421 pulsassetjanuam,
3287 3354 3522 3425 aperuit
3543 3371 3733 3421 senex,
3753 3354 3898 3410 etdi-

2257 3438 2342 3492 xit
2373 3437 2458 3492 illi
2484 3455 2495 3493 :
2521 3439 2654 3493 Ora.
2676 3439 2911 3494 Daemon
2937 3446 3132 3495 autem
3164 3442 3246 3495 ait
3269 3459 3281 3496 :
3302 3442 3372 3495 Et
3399 3459 3560 3497 nunc
3578 3447 3633 3499 et
3664 3459 3900 3515 semper,

2259 3532 2314 3582 et
2346 3528 2402 3580 in
2438 3528 2651 3582 szecula
2690 3528 3056 3583 szeculorum.
3090 3532 3294 3584 Amen.
3326 3535 3517 3586 Senex
3562 3538 3753 3588 autem
3785 3549 3902 3588 rur-

2261 3632 2363 3671 sus
2393 3617 2568 3671 dixit:
2604 3615 2736 3671 Ora.
2770 3618 2838 3673 Et
2898 3618 3123 3674 diemon
3180 3618 3455 3675 similiter
3486 3621 3609 3677 ait:
3642 3622 3825 3687 Nunc,
3852 3624 3904 3675 et

2262 3720 2517 3775 semper,
2550 3709 2606 3760 et
2636 3706 2693 3760 in
2725 3706 2940 3762 saecula
2972 3706 3342 3763 saeculorum.
3376 3710 3585 3765 Amen.
3616 3711 3774 3765 Tunc
3815 3725 3901 3766 se-

2262 3809 2391 3861 nex,
2425 3794 2554 3860 Ora,
2590 3799 2650 3850 et
2679 3797 2772 3850 dic
2801 3813 2814 3851 :
2848 3796 3043 3852 Gloria
3068 3797 3248 3863 Patri,
3282 3801 3337 3853 et
3368 3797 3540 3871 Filio,
3574 3805 3633 3856 et
3674 3799 3900 3872 Spiritui

2263 3889 2486 3951 sancto,
2522 3884 2695 3939 etiam
2731 3902 2910 3951 nunc,
2942 3890 2999 3942 et
3024 3902 3276 3957 semper,
3308 3893 3364 3942 et
3393 3887 3452 3942 in
3487 3889 3701 3945 saecula
3732 3903 3901 3944 saecu-

2263 3971 2474 4028 lorum.
2509 3979 2717 4029 Amen.
2750 3978 2869 4029 Hoc
2895 3980 3091 4030 autem
3128 3991 3263 4031 cum
3295 3976 3543 4033 dixisset
3573 3994 3766 4049 senex,
3795 3976 3903 4031 daa-

2262 4075 2400 4116 mon
2435 4061 2602 4133 quasi
2635 4064 2751 4118 vim
2784 4080 2998 4135 passus
3032 4064 3183 4134 igne,
3216 4065 3473 4121 evanuit.

2866 4179 3097 4235 CAPUT
3129 4179 3297 4236 CXX.

2292 4271 2368 4323 De
2396 4266 2577 4322 (ribus
2612 4268 2894 4324 Manachis
2919 4268 3441 4395 [mgtuz's’inventis
3471 4287 3504 4326 a
3529 4269 3887 4344 piscatoribus

3040 4356 3163 4395 rom
3195 4357 3264 4395 is.

3040 4356 3264 4396 ronms.

2335 4435 2733 4493 Narraverunt
2750 4438 2917 4493 nobis
2933 4438 3258 4494 Pharonilaa
3276 4438 3620 4513 piscatores,
3637 4440 3904 4497 dicentes:

2265 4524 2367 4579 Die
2392 4526 2643 4596 quadam
2669 4527 2887 4583 ivimus
2908 4528 2965 4582 in
2990 4527 3244 4582 Buchrin
3263 4534 3428 4583 trans
3449 4545 3610 4585 mare
3630 4530 3905 4597 Rubrum,

2190 4602 2235 4667 D
2266 4617 2474 4669 etcum
2504 4614 2790 4685 plurimos
2813 4616 3004 4688 pisces
3026 4617 3414 4687 cepissemus,
3439 4619 3653 4675 reversi
3686 4634 3905 4684 sumus,

2267 4707 2325 4757 et
2349 4703 2619 4758 venimus
2651 4720 2828 4774 prope
2860 4703 3183 4759 Pereleum.
3216 4703 3609 4777 Volentesque
3639 4704 3905 4761 transfre-

2266 4796 2388 4845 tare
2420 4793 2478 4845 in
2510 4791 2758 4862 Raythu,
2793 4792 3072 4864 prohibiti
3097 4809 3357 4848 sumusa
3378 4794 3568 4850 ventis
3585 4791 3903 4857 contrariis,

2269 4896 2336 4934 ac
2370 4882 2546 4935 maris
2575 4886 2921 4953 tempestate
2951 4882 3170 4936 detenti
3202 4898 3411 4936 sumus
3443 4898 3545 4953 per
3575 4882 3700 4939 dies
3730 4898 3903 4937 nona-

2269 4970 2452 5042 ginta.
2485 4970 2795 5025 Venientes
2827 4975 3019 5025 autem
3056 4971 3113 5024 in
3146 4971 3441 5041 quoddam
3470 4973 3786 5027 maximum
3813 4970 3907 5024 de-

2270 5065 2519 5125 sertum,
2554 5060 2886 5115 invenimus
2915 5061 3121 5116 subter
3153 5077 3336 5116 unum
3369 5078 3574 5118 saxum
3623 5066 3740 5118 tres
3771 5076 3907 5116 ana-

2271 5148 2540 5204 choretas
2572 5150 2901 5217 defunctos,
2933 5149 3171 5206 indutos
3202 5150 3445 5206 colobiis
3469 5152 3538 5207 de
3569 5152 3759 5207 sibino
3781 5150 3907 5221 (26),

2272 5239 2635 5310 melotesque
2669 5239 2898 5293 illorum
2929 5240 3093 5309 juxta
3125 5256 3224 5295 eos
3246 5246 3413 5295 erant
3435 5241 3655 5312 positae.
3676 5238 3910 5310 Accepi-

2274 5343 2404 5381 mus
2426 5328 2618 5397 itaque
2635 5327 2786 5395 illos,
2802 5333 2858 5382 et
2890 5328 3165 5383 duximus
3185 5330 3252 5383 ad
3283 5346 3508 5394 navem,
3526 5330 3909 5398 continuoque

2273 5421 2526 5471 aestuans
2555 5432 2711 5471 mare
2744 5417 3127 5489 tranquillum
3154 5420 3370 5473 factum
3400 5426 3506 5489 est,
3527 5425 3583 5473 et
3613 5417 3906 5473 venticon-

2274 5505 2435 5560 trarii
2470 5506 2527 5560 in
2555 5511 2918 5577 opportunos
2941 5508 3203 5563 conversi
3237 5509 3486 5565 sunt.Et
3514 5504 3902 5564 transfretavi-

2274 5611 2407 5650 mus
2442 5596 2716 5650 secundis
2742 5598 2951 5663 ventis,
2976 5602 3031 5651 et
3054 5598 3319 5653 venimus
3343 5598 3399 5652 in
3426 5597 3653 5667 Raythu
3675 5614 3688 5652 :
3710 5596 3900 5652 Patres

2272 5689 2465 5743 autem
2499 5683 2855 5756 sepelierunt
2880 5702 2978 5743 eos
3010 5702 3142 5743 cum
3175 5686 3437 5759 antiquis
3468 5685 3730 5744 senibus.
