  <div class='ocr_page' id='page_1' title='image "/cluster/home/n/w/nwhite01/storage/ocr_20150623/74/hvd.32044054758792/096.png"; bbox 0 0 4122 6188; ppageno 0'>
   <div class='ocr_carea' id='block_1_1' title="bbox 356 365 456 421">
    <p class='ocr_par' dir='ltr' id='par_1_1' title="bbox 356 365 456 421">
     <span class='ocr_line' id='line_1_1' title="bbox 356 365 456 421; baseline 0 -1"><span class='ocrx_word' id='word_1_1' title='bbox 356 365 456 421; x_wconf 74' lang='grc'>181</span> 
     </span>
    </p>
   </div>
   <div class='ocr_carea' id='block_1_2' title="bbox 958 488 1415 545">
    <p class='ocr_par' dir='ltr' id='par_1_2' title="bbox 958 488 1415 545">
     <span class='ocr_line' id='line_1_2' title="bbox 958 488 1415 545; baseline 0.004 -2"><span class='ocrx_word' id='word_1_2' title='bbox 958 488 1184 545; x_wconf 85' lang='lat' dir='ltr'>CAPUT</span> <span class='ocrx_word' id='word_1_3' title='bbox 1217 488 1415 545; x_wconf 84' lang='lat' dir='ltr'><strong>CXXI.</strong></span> 
     </span>
    </p>
   </div>
   <div class='ocr_carea' id='block_1_3' title="bbox 1663 364 2457 421">
    <p class='ocr_par' dir='ltr' id='par_1_3' title="bbox 1663 364 2457 421">
     <span class='ocr_line' id='line_1_3' title="bbox 1663 364 2457 421; baseline 0 -2"><span class='ocrx_word' id='word_1_4' title='bbox 1663 365 1965 421; x_wconf 78' lang='lat' dir='ltr'>PRATUM</span> <span class='ocrx_word' id='word_1_5' title='bbox 2005 364 2457 421; x_wconf 78' lang='lat' dir='ltr'>SPIBlTUALE.</span> 
     </span>
    </p>
   </div>
   <div class='ocr_carea' id='block_1_4' title="bbox 3668 358 3777 415">
    <p class='ocr_par' dir='ltr' id='par_1_4' title="bbox 3668 358 3777 415">
     <span class='ocr_line' id='line_1_4' title="bbox 3668 358 3777 415; baseline 0 -1"><span class='ocrx_word' id='word_1_6' title='bbox 3668 358 3777 415; x_wconf 80' lang='grc'>182</span> 
     </span>
    </p>
   </div>
   <div class='ocr_carea' id='block_1_5' title="bbox 2040 486 3773 559">
    <p class='ocr_par' dir='ltr' id='par_1_5' title="bbox 2040 486 3773 559">
     <span class='ocr_line' id='line_1_5' title="bbox 2040 486 3773 559; baseline -0.005 -12"><span class='ocrx_word' id='word_1_7' title='bbox 2040 490 2093 556; x_wconf 85' lang='grc' dir='ltr'><strong>Α</strong></span> <span class='ocrx_word' id='word_1_8' title='bbox 2126 505 2283 556; x_wconf 90' lang='lat' dir='ltr'>nere;</span> <span class='ocrx_word' id='word_1_9' title='bbox 2314 489 2445 547; x_wconf 92' lang='lat' dir='ltr'>volo</span> <span class='ocrx_word' id='word_1_10' title='bbox 2475 490 2631 546; x_wconf 91' lang='lat' dir='ltr'>enim</span> <span class='ocrx_word' id='word_1_11' title='bbox 2665 488 2972 545; x_wconf 83' lang='lat' dir='ltr'>ecclesiam</span> <span class='ocrx_word' id='word_1_12' title='bbox 3000 488 3328 559; x_wconf 78' lang='lat' dir='ltr'>Babylonis,</span> <span class='ocrx_word' id='word_1_13' title='bbox 3364 503 3491 559; x_wconf 68' lang='lat' dir='ltr'>qua:</span> <span class='ocrx_word' id='word_1_14' title='bbox 3521 486 3580 541; x_wconf 93' lang='lat' dir='ltr'>in</span> <span class='ocrx_word' id='word_1_15' title='bbox 3604 486 3773 558; x_wconf 67' lang='lat' dir='ltr'>Egy-</span> 
     </span>
    </p>
   </div>
   <div class='ocr_carea' id='block_1_6' title="bbox 358 575 3770 658">
    <p class='ocr_par' dir='ltr' id='par_1_6' title="bbox 358 575 3770 658">
     <span class='ocr_line' id='line_1_6' title="bbox 358 575 3770 658; baseline -0.002 -23"><span class='ocrx_word' id='word_1_16' title='bbox 358 579 483 635; x_wconf 72' lang='lat' dir='ltr'>l’ita</span> <span class='ocrx_word' id='word_1_17' title='bbox 513 581 564 634; x_wconf 83' lang='lat' dir='ltr'>et</span> <span class='ocrx_word' id='word_1_18' title='bbox 595 594 745 658; x_wconf 72' lang='lat' dir='ltr'>mors</span> <span class='ocrx_word' id='word_1_19' title='bbox 775 577 999 658; x_wconf 70' lang='lat' dir='ltr'>abbatis</span> <span class='ocrx_word' id='word_1_20' title='bbox 1026 575 1281 658; x_wconf 73' lang='lat' dir='ltr'>Gregorii</span> <span class='ocrx_word' id='word_1_21' title='bbox 1338 579 1749 658; x_wconf 68' lang='lat' dir='ltr'>Byza_ntini,_et</span> <span class='ocrx_word' id='word_1_22' title='bbox 1779 578 2015 633; x_wconf 75' lang='lat' dir='ltr'>alterius</span> <span class='ocrx_word' id='word_1_23' title='bbox 2122 583 2220 650; x_wconf 88' lang='lat' dir='ltr'>pto</span> <span class='ocrx_word' id='word_1_24' title='bbox 2251 584 2359 647; x_wconf 90' lang='lat' dir='ltr'>est,</span> <span class='ocrx_word' id='word_1_25' title='bbox 2392 580 2474 633; x_wconf 87' lang='lat' dir='ltr'>illi</span> <span class='ocrx_word' id='word_1_26' title='bbox 2510 580 2758 635; x_wconf 87' lang='lat' dir='ltr'>credere.</span> <span class='ocrx_word' id='word_1_27' title='bbox 2818 577 3143 647; x_wconf 85' lang='lat' dir='ltr'>Tacuitque</span> <span class='ocrx_word' id='word_1_28' title='bbox 3192 594 3388 646; x_wconf 84' lang='lat' dir='ltr'>senex,</span> <span class='ocrx_word' id='word_1_29' title='bbox 3422 581 3479 631; x_wconf 89' lang='lat' dir='ltr'>et</span> <span class='ocrx_word' id='word_1_30' title='bbox 3527 575 3770 630; x_wconf 88' lang='lat' dir='ltr'>dimisso</span> 
     </span>
    </p>
   </div>
   <div class='ocr_carea' id='block_1_7' title="bbox 646 649 1726 721">
    <p class='ocr_par' dir='ltr' id='par_1_7' title="bbox 646 649 1726 721">
     <span class='ocr_line' id='line_1_7' title="bbox 646 649 1726 721; baseline 0.002 -18"><span class='ocrx_word' id='word_1_31' title='bbox 646 649 897 721; x_wconf 75' lang='lat' dir='ltr'>Gregorii</span> <span class='ocrx_word' id='word_1_32' title='bbox 929 649 1257 706; x_wconf 74' lang='lat' dir='ltr'>Pharonitaz</span> <span class='ocrx_word' id='word_1_33' title='bbox 1298 652 1415 716; x_wconf 77' lang='lat' dir='ltr'>eius</span> <span class='ocrx_word' id='word_1_34' title='bbox 1444 650 1726 720; x_wconf 74' lang='lat' dir='ltr'>discipuli.</span> 
     </span>
    </p>
   </div>
   <div class='ocr_carea' id='block_1_8' title="bbox 2120 664 3763 739">
    <p class='ocr_par' dir='ltr' id='par_1_8' title="bbox 2120 664 3763 739">
     <span class='ocr_line' id='line_1_8' title="bbox 2120 664 3763 739; baseline -0.003 -16"><span class='ocrx_word' id='word_1_35' title='bbox 2120 683 2231 733; x_wconf 90' lang='lat' dir='ltr'>me,</span> <span class='ocrx_word' id='word_1_36' title='bbox 2257 668 2401 723; x_wconf 90' lang='lat' dir='ltr'>abiit</span> <span class='ocrx_word' id='word_1_37' title='bbox 2432 686 2463 723; x_wconf 91' lang='lat' dir='ltr'>a</span> <span class='ocrx_word' id='word_1_38' title='bbox 2495 684 2589 723; x_wconf 90' lang='lat' dir='ltr'>me</span> <span class='ocrx_word' id='word_1_39' title='bbox 2621 672 2907 739; x_wconf 89' lang='lat' dir='ltr'>quantum</span> <span class='ocrx_word' id='word_1_40' title='bbox 2941 670 3028 721; x_wconf 89' lang='lat' dir='ltr'>est</span> <span class='ocrx_word' id='word_1_41' title='bbox 3051 666 3249 735; x_wconf 80' lang='lat' dir='ltr'>jactus</span> <span class='ocrx_word' id='word_1_42' title='bbox 3280 664 3591 736; x_wconf 89' lang='lat' dir='ltr'>lapidis.Et</span> <span class='ocrx_word' id='word_1_43' title='bbox 3629 680 3763 719; x_wconf 91' lang='lat' dir='ltr'>cum</span> 
     </span>
    </p>
   </div>
   <div class='ocr_carea' id='block_1_9' title="bbox 425 737 1984 826">
    <p class='ocr_par' dir='ltr' id='par_1_9' title="bbox 425 737 1984 810">
     <span class='ocr_line' id='line_1_9' title="bbox 425 737 1984 810; baseline -0.004 -14"><span class='ocrx_word' id='word_1_44' title='bbox 425 740 827 796; x_wconf 87' lang='lat' dir='ltr'>Narraverunt</span> <span class='ocrx_word' id='word_1_45' title='bbox 860 738 1028 794; x_wconf 90' lang='lat' dir='ltr'>nobis</span> <span class='ocrx_word' id='word_1_46' title='bbox 1058 737 1247 810; x_wconf 85' lang='lat' dir='ltr'>ipsius</span> <span class='ocrx_word' id='word_1_47' title='bbox 1305 737 1415 793; x_wconf 90' lang='lat' dir='ltr'>loci</span> <span class='ocrx_word' id='word_1_48' title='bbox 1448 738 1645 793; x_wconf 82' lang='lat' dir='ltr'>Patres</span> <span class='ocrx_word' id='word_1_49' title='bbox 1677 738 1748 793; x_wconf 87' lang='lat' dir='ltr'>de</span> <span class='ocrx_word' id='word_1_50' title='bbox 1806 737 1984 793; x_wconf 45' lang='lat' dir='ltr'>abbati</span> 
     </span>
    </p>
   </div>
   <div class='ocr_carea' id='block_1_10' title="bbox 2094 737 3765 826">
    <p class='ocr_par' dir='ltr' id='par_1_10' title="bbox 2118 737 3765 826">
     <span class='ocr_line' id='line_1_10' title="bbox 2118 737 3765 826; baseline -0.002 -15"><span class='ocrx_word' id='word_1_51' title='bbox 2118 756 2265 811; x_wconf 90' lang='lat' dir='ltr'>duas</span> <span class='ocrx_word' id='word_1_52' title='bbox 2296 756 2471 812; x_wconf 90' lang='lat' dir='ltr'>horas</span> <span class='ocrx_word' id='word_1_53' title='bbox 2506 757 2565 813; x_wconf 89' lang='lat' dir='ltr'>in</span> <span class='ocrx_word' id='word_1_54' title='bbox 2596 737 2858 813; x_wconf 78' lang='lat' dir='ltr'>oratione</span> <span class='ocrx_word' id='word_1_55' title='bbox 2889 755 3264 826; x_wconf 83' lang='lat' dir='ltr'>complesset,</span> <span class='ocrx_word' id='word_1_56' title='bbox 3289 753 3447 808; x_wconf 83' lang='lat' dir='ltr'>venit</span> <span class='ocrx_word' id='word_1_57' title='bbox 3469 754 3537 808; x_wconf 93' lang='lat' dir='ltr'>ad</span> <span class='ocrx_word' id='word_1_58' title='bbox 3561 769 3674 823; x_wconf 88' lang='lat' dir='ltr'>me,</span> <span class='ocrx_word' id='word_1_59' title='bbox 3708 757 3765 807; x_wconf 91' lang='lat' dir='ltr'>et</span> 
     </span>
    </p>
   </div>
   <div class='ocr_carea' id='block_1_11' title="bbox 352 826 2007 901">
    <p class='ocr_par' dir='ltr' id='par_1_11' title="bbox 352 826 2007 901">
     <span class='ocr_line' id='line_1_11' title="bbox 352 826 2007 901; baseline -0.004 -15"><span class='ocrx_word' id='word_1_60' title='bbox 352 827 633 901; x_wconf 79' lang='lat' dir='ltr'>Gregorio</span> <span class='ocrx_word' id='word_1_61' title='bbox 666 829 1003 897; x_wconf 83' lang='lat' dir='ltr'>Byzantino,</span> <span class='ocrx_word' id='word_1_62' title='bbox 1022 826 1379 899; x_wconf 87' lang='lat' dir='ltr'>etdiscipulo</span> <span class='ocrx_word' id='word_1_63' title='bbox 1405 827 1530 897; x_wconf 86' lang='lat' dir='ltr'>ejus</span> <span class='ocrx_word' id='word_1_64' title='bbox 1554 828 1763 882; x_wconf 81' lang='lat' dir='ltr'>abbate</span> <span class='ocrx_word' id='word_1_65' title='bbox 1793 827 2007 898; x_wconf 90' lang='lat' dir='ltr'>Grego-</span> 
     </span>
    </p>
   </div>
   <div class='ocr_carea' id='block_1_12' title="bbox 350 915 2005 987">
    <p class='ocr_par' dir='ltr' id='par_1_12' title="bbox 350 915 2005 987">
     <span class='ocr_line' id='line_1_12' title="bbox 350 915 2005 987; baseline -0.004 -12"><span class='ocrx_word' id='word_1_66' title='bbox 350 920 440 976; x_wconf 92' lang='lat' dir='ltr'>rio</span> <span class='ocrx_word' id='word_1_67' title='bbox 473 918 813 986; x_wconf 87' lang='lat' dir='ltr'>Pharonite,</span> <span class='ocrx_word' id='word_1_68' title='bbox 847 917 1001 987; x_wconf 90' lang='lat' dir='ltr'>quod</span> <span class='ocrx_word' id='word_1_69' title='bbox 1035 917 1091 972; x_wconf 92' lang='lat' dir='ltr'>in</span> <span class='ocrx_word' id='word_1_70' title='bbox 1127 915 1320 971; x_wconf 85' lang='lat' dir='ltr'>insula</span> <span class='ocrx_word' id='word_1_71' title='bbox 1343 916 1596 987; x_wconf 89' lang='lat' dir='ltr'>quadam</span> <span class='ocrx_word' id='word_1_72' title='bbox 1624 915 1803 971; x_wconf 88' lang='lat' dir='ltr'>maris</span> <span class='ocrx_word' id='word_1_73' title='bbox 1822 916 2005 971; x_wconf 83' lang='lat' dir='ltr'>Rubri</span> 
     </span>
    </p>
   </div>
   <div class='ocr_carea' id='block_1_13' title="bbox 350 1004 2004 1076">
    <p class='ocr_par' dir='ltr' id='par_1_13' title="bbox 350 1004 2004 1076">
     <span class='ocr_line' id='line_1_13' title="bbox 350 1004 2004 1076; baseline -0.004 -12"><span class='ocrx_word' id='word_1_74' title='bbox 350 1008 700 1065; x_wconf 79' lang='lat' dir='ltr'>manserint.</span> <span class='ocrx_word' id='word_1_75' title='bbox 728 1006 831 1062; x_wconf 88' lang='lat' dir='ltr'>Illa</span> <span class='ocrx_word' id='word_1_76' title='bbox 858 1022 992 1061; x_wconf 87' lang='lat' dir='ltr'>vero</span> <span class='ocrx_word' id='word_1_77' title='bbox 1018 1004 1209 1060; x_wconf 86' lang='lat' dir='ltr'>insula</span> <span class='ocrx_word' id='word_1_78' title='bbox 1239 1022 1449 1076; x_wconf 90' lang='lat' dir='ltr'>aquam</span> <span class='ocrx_word' id='word_1_79' title='bbox 1471 1022 1582 1059; x_wconf 93' lang='lat' dir='ltr'>non</span> <span class='ocrx_word' id='word_1_80' title='bbox 1603 1004 1877 1072; x_wconf 87' lang='lat' dir='ltr'>habebat,</span> <span class='ocrx_word' id='word_1_81' title='bbox 1904 1004 2004 1059; x_wconf 91' lang='lat' dir='ltr'>sed</span> 
     </span>
    </p>
   </div>
   <div class='ocr_carea' id='block_1_14' title="bbox 349 1094 2000 1166">
    <p class='ocr_par' dir='ltr' id='par_1_14' title="bbox 349 1094 2000 1166">
     <span class='ocr_line' id='line_1_14' title="bbox 349 1094 2000 1166; baseline -0.004 -12"><span class='ocrx_word' id='word_1_82' title='bbox 349 1114 423 1154; x_wconf 86' lang='lat' dir='ltr'>ex</span> <span class='ocrx_word' id='word_1_83' title='bbox 452 1095 778 1153; x_wconf 89' lang='lat' dir='ltr'>continenti</span> <span class='ocrx_word' id='word_1_84' title='bbox 811 1095 1131 1151; x_wconf 83' lang='lat' dir='ltr'>all&#39;erebant</span> <span class='ocrx_word' id='word_1_85' title='bbox 1162 1111 1377 1166; x_wconf 88' lang='lat' dir='ltr'>aquam</span> <span class='ocrx_word' id='word_1_86' title='bbox 1411 1094 1521 1149; x_wconf 89' lang='lat' dir='ltr'>sibi</span> <span class='ocrx_word' id='word_1_87' title='bbox 1554 1094 1613 1148; x_wconf 92' lang='lat' dir='ltr'>in</span> <span class='ocrx_word' id='word_1_88' title='bbox 1648 1110 1791 1149; x_wconf 90' lang='lat' dir='ltr'>usus</span> <span class='ocrx_word' id='word_1_89' title='bbox 1841 1110 2000 1149; x_wconf 87' lang='lat' dir='ltr'>suos.</span> 
     </span>
    </p>
   </div>
   <div class='ocr_carea' id='block_1_15' title="bbox 350 1182 2004 1254">
    <p class='ocr_par' dir='ltr' id='par_1_15' title="bbox 350 1182 2004 1254">
     <span class='ocr_line' id='line_1_15' title="bbox 350 1182 2004 1254; baseline -0.002 -13"><span class='ocrx_word' id='word_1_90' title='bbox 350 1188 661 1241; x_wconf 81' lang='lat' dir='ltr'>Habebant</span> <span class='ocrx_word' id='word_1_91' title='bbox 674 1186 831 1240; x_wconf 89' lang='lat' dir='ltr'>enim</span> <span class='ocrx_word' id='word_1_92' title='bbox 850 1190 1029 1239; x_wconf 86' lang='lat' dir='ltr'>ratem</span> <span class='ocrx_word' id='word_1_93' title='bbox 1042 1224 1056 1250; x_wconf 92' lang='lat'>,</span> <span class='ocrx_word' id='word_1_94' title='bbox 1073 1200 1205 1239; x_wconf 89' lang='lat' dir='ltr'>cum</span> <span class='ocrx_word' id='word_1_95' title='bbox 1223 1200 1339 1254; x_wconf 90' lang='lat' dir='ltr'>qua</span> <span class='ocrx_word' id='word_1_96' title='bbox 1354 1182 1671 1243; x_wconf 85' lang='lat' dir='ltr'>exibant.et</span> <span class='ocrx_word' id='word_1_97' title='bbox 1685 1182 2004 1237; x_wconf 73' lang='lat' dir='ltr'>alierebant</span> 
     </span>
    </p>
   </div>
   <div class='ocr_carea' id='block_1_16' title="bbox 349 1272 2001 1347">
    <p class='ocr_par' dir='ltr' id='par_1_16' title="bbox 349 1272 2001 1347">
     <span class='ocr_line' id='line_1_16' title="bbox 349 1272 2001 1347; baseline -0.004 -14"><span class='ocrx_word' id='word_1_98' title='bbox 349 1291 594 1347; x_wconf 84' lang='lat' dir='ltr'>aquam.</span> <span class='ocrx_word' id='word_1_99' title='bbox 613 1274 874 1337; x_wconf 88' lang='lat' dir='ltr'>Quadam</span> <span class='ocrx_word' id='word_1_100' title='bbox 897 1278 1092 1329; x_wconf 90' lang='lat' dir='ltr'>autem</span> <span class='ocrx_word' id='word_1_101' title='bbox 1111 1274 1203 1328; x_wconf 91' lang='lat' dir='ltr'>die</span> <span class='ocrx_word' id='word_1_102' title='bbox 1226 1272 1776 1328; x_wconf 88' lang='lat' dir='ltr'>dimiseruntratem</span> <span class='ocrx_word' id='word_1_103' title='bbox 1793 1272 1850 1326; x_wconf 93' lang='lat' dir='ltr'>in</span> <span class='ocrx_word' id='word_1_104' title='bbox 1876 1288 2001 1326; x_wconf 91' lang='lat' dir='ltr'>ma-</span> 
     </span>
    </p>
   </div>
   <div class='ocr_carea' id='block_1_17' title="bbox 348 1359 2001 1436">
    <p class='ocr_par' dir='ltr' id='par_1_17' title="bbox 348 1359 2001 1436">
     <span class='ocr_line' id='line_1_17' title="bbox 348 1359 2001 1436; baseline -0.003 -16"><span class='ocrx_word' id='word_1_105' title='bbox 348 1362 868 1436; x_wconf 77' lang='lat' dir='ltr'>re,ligantesillam</span> <span class='ocrx_word' id='word_1_106' title='bbox 894 1362 965 1418; x_wconf 89' lang='lat' dir='ltr'>ad</span> <span class='ocrx_word' id='word_1_107' title='bbox 990 1378 1197 1417; x_wconf 85' lang='lat' dir='ltr'>saxum</span> <span class='ocrx_word' id='word_1_108' title='bbox 1216 1363 1531 1432; x_wconf 86' lang='lat' dir='ltr'>quoddam.</span> <span class='ocrx_word' id='word_1_109' title='bbox 1549 1361 1727 1416; x_wconf 90' lang='lat' dir='ltr'>Nocte</span> <span class='ocrx_word' id='word_1_110' title='bbox 1749 1377 1881 1415; x_wconf 84' lang='lat' dir='ltr'>vero</span> <span class='ocrx_word' id='word_1_111' title='bbox 1900 1359 2001 1415; x_wconf 90' lang='lat' dir='ltr'>illa</span> 
     </span>
    </p>
   </div>
   <div class='ocr_carea' id='block_1_18' title="bbox 343 1450 1993 1521">
    <p class='ocr_par' dir='ltr' id='par_1_18' title="bbox 343 1450 1993 1521">
     <span class='ocr_line' id='line_1_18' title="bbox 343 1450 1993 1521; baseline -0.005 -12"><span class='ocrx_word' id='word_1_112' title='bbox 343 1454 501 1509; x_wconf 84' lang='lat' dir='ltr'>facta</span> <span class='ocrx_word' id='word_1_113' title='bbox 529 1458 621 1509; x_wconf 90' lang='lat' dir='ltr'>est</span> <span class='ocrx_word' id='word_1_114' title='bbox 652 1452 1157 1517; x_wconf 88' lang='lat' dir='ltr'>undavehemens,</span> <span class='ocrx_word' id='word_1_115' title='bbox 1178 1450 1617 1521; x_wconf 88' lang='lat' dir='ltr'>ruptoquefune</span> <span class='ocrx_word' id='word_1_116' title='bbox 1640 1450 1810 1521; x_wconf 90' lang='lat' dir='ltr'>periit</span> <span class='ocrx_word' id='word_1_117' title='bbox 1832 1450 1993 1503; x_wconf 90' lang='lat' dir='ltr'>ratis.</span> 
     </span>
    </p>
   </div>
   <div class='ocr_carea' id='block_1_19' title="bbox 341 1539 1993 1608">
    <p class='ocr_par' dir='ltr' id='par_1_19' title="bbox 341 1539 1993 1608">
     <span class='ocr_line' id='line_1_19' title="bbox 341 1539 1993 1608; baseline -0.004 -10"><span class='ocrx_word' id='word_1_118' title='bbox 341 1542 698 1599; x_wconf 83' lang='lat' dir='ltr'>Manserunt</span> <span class='ocrx_word' id='word_1_119' title='bbox 716 1545 913 1596; x_wconf 91' lang='lat' dir='ltr'>autem</span> <span class='ocrx_word' id='word_1_120' title='bbox 934 1540 1134 1595; x_wconf 87' lang='lat' dir='ltr'>Patres</span> <span class='ocrx_word' id='word_1_121' title='bbox 1157 1539 1243 1593; x_wconf 91' lang='lat' dir='ltr'>illi</span> <span class='ocrx_word' id='word_1_122' title='bbox 1259 1556 1373 1594; x_wconf 92' lang='lat' dir='ltr'>non</span> <span class='ocrx_word' id='word_1_123' title='bbox 1389 1539 1690 1608; x_wconf 88' lang='lat' dir='ltr'>habentes,</span> <span class='ocrx_word' id='word_1_124' title='bbox 1708 1539 1864 1593; x_wconf 87' lang='lat' dir='ltr'>unde</span> <span class='ocrx_word' id='word_1_125' title='bbox 1882 1539 1993 1594; x_wconf 88' lang='lat' dir='ltr'>sibi</span> 
     </span>
    </p>
   </div>
   <div class='ocr_carea' id='block_1_20' title="bbox 340 1630 1997 1703">
    <p class='ocr_par' dir='ltr' id='par_1_20' title="bbox 340 1630 1997 1703">
     <span class='ocr_line' id='line_1_20' title="bbox 340 1630 1997 1703; baseline -0.002 -16"><span class='ocrx_word' id='word_1_126' title='bbox 340 1646 560 1703; x_wconf 81' lang='lat' dir='ltr'>aquam</span> <span class='ocrx_word' id='word_1_127' title='bbox 583 1630 895 1685; x_wconf 87' lang='lat' dir='ltr'>deferrent.</span> <span class='ocrx_word' id='word_1_128' title='bbox 918 1630 1193 1684; x_wconf 83' lang='lat' dir='ltr'>Postocto</span> <span class='ocrx_word' id='word_1_129' title='bbox 1222 1630 1420 1699; x_wconf 89' lang='lat' dir='ltr'>itaque</span> <span class='ocrx_word' id='word_1_130' title='bbox 1456 1644 1689 1683; x_wconf 86' lang='lat' dir='ltr'>menses</span> <span class='ocrx_word' id='word_1_131' title='bbox 1712 1632 1997 1683; x_wconf 83' lang='lat' dir='ltr'>venerunt</span> 
     </span>
    </p>
   </div>
   <div class='ocr_carea' id='block_1_21' title="bbox 341 1718 1989 1790">
    <p class='ocr_par' dir='ltr' id='par_1_21' title="bbox 341 1718 1989 1790">
     <span class='ocr_line' id='line_1_21' title="bbox 341 1718 1989 1790; baseline -0.002 -14"><span class='ocrx_word' id='word_1_132' title='bbox 341 1719 621 1776; x_wconf 83' lang='lat' dir='ltr'>monachi</span> <span class='ocrx_word' id='word_1_133' title='bbox 656 1719 728 1774; x_wconf 90' lang='lat' dir='ltr'>de</span> <span class='ocrx_word' id='word_1_134' title='bbox 759 1718 1083 1790; x_wconf 79' lang='lat' dir='ltr'>Raythu,et</span> <span class='ocrx_word' id='word_1_135' title='bbox 1104 1718 1673 1773; x_wconf 89' lang='lat' dir='ltr'>inveneruntambos</span> <span class='ocrx_word' id='word_1_136' title='bbox 1704 1721 1989 1773; x_wconf 88' lang='lat' dir='ltr'>mortuos.</span> 
     </span>
    </p>
   </div>
   <div class='ocr_carea' id='block_1_22' title="bbox 340 1806 1990 1867">
    <p class='ocr_par' dir='ltr' id='par_1_22' title="bbox 340 1806 1990 1867">
     <span class='ocr_line' id='line_1_22' title="bbox 340 1806 1990 1867; baseline -0.004 -1"><span class='ocrx_word' id='word_1_137' title='bbox 340 1811 701 1867; x_wconf 87' lang='lat' dir='ltr'>Invenerunt</span> <span class='ocrx_word' id='word_1_138' title='bbox 727 1812 921 1863; x_wconf 89' lang='lat' dir='ltr'>autem</span> <span class='ocrx_word' id='word_1_139' title='bbox 954 1812 1010 1863; x_wconf 88' lang='lat' dir='ltr'>et</span> <span class='ocrx_word' id='word_1_140' title='bbox 1050 1808 1109 1862; x_wconf 95' lang='lat' dir='ltr'>in</span> <span class='ocrx_word' id='word_1_141' title='bbox 1165 1808 1338 1862; x_wconf 88' lang='lat' dir='ltr'>dorso</span> <span class='ocrx_word' id='word_1_142' title='bbox 1370 1806 1687 1862; x_wconf 88' lang='lat' dir='ltr'>testudinis</span> <span class='ocrx_word' id='word_1_143' title='bbox 1736 1807 1818 1861; x_wconf 90' lang='lat' dir='ltr'>ita</span> <span class='ocrx_word' id='word_1_144' title='bbox 1847 1806 1990 1861; x_wconf 88' lang='lat' dir='ltr'>scri-</span> 
     </span>
    </p>
   </div>
   <div class='ocr_carea' id='block_1_23' title="bbox 2115 840 3759 913">
    <p class='ocr_par' dir='ltr' id='par_1_23' title="bbox 2115 840 3759 913">
     <span class='ocr_line' id='line_1_23' title="bbox 2115 840 3759 913; baseline -0.002 -15"><span class='ocrx_word' id='word_1_145' title='bbox 2115 843 2391 899; x_wconf 91' lang='lat' dir='ltr'>osculans</span> <span class='ocrx_word' id='word_1_146' title='bbox 2418 845 2622 899; x_wconf 84' lang='lat' dir='ltr'>faciem</span> <span class='ocrx_word' id='word_1_147' title='bbox 2659 860 2869 913; x_wconf 89' lang='lat' dir='ltr'>meam,</span> <span class='ocrx_word' id='word_1_148' title='bbox 2905 844 2986 898; x_wconf 88' lang='lat' dir='ltr'>ait</span> <span class='ocrx_word' id='word_1_149' title='bbox 3025 842 3212 898; x_wconf 91' lang='lat' dir='ltr'>mihi:</span> <span class='ocrx_word' id='word_1_150' title='bbox 3246 840 3353 896; x_wconf 79' lang='lat' dir='ltr'>Fili</span> <span class='ocrx_word' id='word_1_151' title='bbox 3393 840 3759 906; x_wconf 78' lang='lat' dir='ltr'>charissima,</span> 
     </span>
    </p>
   </div>
   <div class='ocr_carea' id='block_1_24' title="bbox 2114 930 3760 1003">
    <p class='ocr_par' dir='ltr' id='par_1_24' title="bbox 2114 930 3760 1003">
     <span class='ocr_line' id='line_1_24' title="bbox 2114 930 3760 1003; baseline -0.003 -14"><span class='ocrx_word' id='word_1_152' title='bbox 2114 934 2260 990; x_wconf 89' lang='lat' dir='ltr'>bene</span> <span class='ocrx_word' id='word_1_153' title='bbox 2293 935 2534 1003; x_wconf 87' lang='lat' dir='ltr'>venisti;</span> <span class='ocrx_word' id='word_1_154' title='bbox 2570 935 2722 990; x_wconf 88' lang='lat' dir='ltr'>Deus</span> <span class='ocrx_word' id='word_1_155' title='bbox 2753 934 2909 989; x_wconf 92' lang='lat' dir='ltr'>enim</span> <span class='ocrx_word' id='word_1_156' title='bbox 2940 939 2995 988; x_wconf 87' lang='lat' dir='ltr'>te</span> <span class='ocrx_word' id='word_1_157' title='bbox 3029 933 3143 988; x_wconf 91' lang='lat' dir='ltr'>huc</span> <span class='ocrx_word' id='word_1_158' title='bbox 3175 930 3441 1001; x_wconf 84' lang='lat' dir='ltr'>adduxit,</span> <span class='ocrx_word' id='word_1_159' title='bbox 3482 934 3547 985; x_wconf 88' lang='lat' dir='ltr'>ut</span> <span class='ocrx_word' id='word_1_160' title='bbox 3598 946 3760 987; x_wconf 87' lang='lat' dir='ltr'>com-</span> 
     </span>
    </p>
   </div>
   <div class='ocr_carea' id='block_1_25' title="bbox 2112 1021 3762 1098">
    <p class='ocr_par' dir='ltr' id='par_1_25' title="bbox 2112 1021 3762 1098">
     <span class='ocr_line' id='line_1_25' title="bbox 2112 1021 3762 1098; baseline -0.004 -17"><span class='ocrx_word' id='word_1_161' title='bbox 2112 1027 2356 1081; x_wconf 88' lang='lat' dir='ltr'>mendes</span> <span class='ocrx_word' id='word_1_162' title='bbox 2389 1031 2552 1081; x_wconf 68' lang='lat' dir='ltr'>terrae</span> <span class='ocrx_word' id='word_1_163' title='bbox 2584 1042 2796 1098; x_wconf 89' lang='lat' dir='ltr'>corpus</span> <span class='ocrx_word' id='word_1_164' title='bbox 2830 1040 3050 1080; x_wconf 88' lang='lat' dir='ltr'>meum.</span> <span class='ocrx_word' id='word_1_165' title='bbox 3084 1022 3213 1079; x_wconf 80' lang='lat' dir='ltr'>Dixi</span> <span class='ocrx_word' id='word_1_166' title='bbox 3264 1026 3459 1078; x_wconf 90' lang='lat' dir='ltr'>autem</span> <span class='ocrx_word' id='word_1_167' title='bbox 3491 1021 3563 1077; x_wconf 88' lang='lat' dir='ltr'>ei:</span> <span class='ocrx_word' id='word_1_168' title='bbox 3612 1021 3762 1084; x_wconf 87' lang='lat' dir='ltr'>Quot</span> 
     </span>
    </p>
   </div>
   <div class='ocr_carea' id='block_1_26' title="bbox 2111 1112 3761 1182">
    <p class='ocr_par' dir='ltr' id='par_1_26' title="bbox 2111 1112 3761 1182">
     <span class='ocr_line' id='line_1_26' title="bbox 2111 1112 3761 1182; baseline -0.003 -11"><span class='ocrx_word' id='word_1_169' title='bbox 2111 1133 2296 1171; x_wconf 87' lang='lat' dir='ltr'>annos</span> <span class='ocrx_word' id='word_1_170' title='bbox 2323 1116 2382 1170; x_wconf 91' lang='lat' dir='ltr'>in</span> <span class='ocrx_word' id='word_1_171' title='bbox 2415 1116 2523 1171; x_wconf 91' lang='lat' dir='ltr'>hoc</span> <span class='ocrx_word' id='word_1_172' title='bbox 2555 1115 2678 1172; x_wconf 89' lang='lat' dir='ltr'>loco</span> <span class='ocrx_word' id='word_1_173' title='bbox 2710 1116 2910 1182; x_wconf 90' lang='lat' dir='ltr'>habes,</span> <span class='ocrx_word' id='word_1_174' title='bbox 2946 1115 3126 1170; x_wconf 85' lang='lat' dir='ltr'>abba?</span> <span class='ocrx_word' id='word_1_175' title='bbox 3153 1114 3305 1169; x_wconf 85' lang='lat' dir='ltr'>Dixit</span> <span class='ocrx_word' id='word_1_176' title='bbox 3336 1114 3405 1169; x_wconf 89' lang='lat' dir='ltr'>ad</span> <span class='ocrx_word' id='word_1_177' title='bbox 3441 1128 3570 1167; x_wconf 90' lang='lat' dir='ltr'>me:</span> <span class='ocrx_word' id='word_1_178' title='bbox 3604 1112 3761 1177; x_wconf 86' lang='lat' dir='ltr'>Qua-</span> 
     </span>
    </p>
   </div>
   <div class='ocr_carea' id='block_1_27' title="bbox 2108 1200 3761 1278">
    <p class='ocr_par' dir='ltr' id='par_1_27' title="bbox 2108 1200 3761 1278">
     <span class='ocr_line' id='line_1_27' title="bbox 2108 1200 3761 1278; baseline -0.002 -19"><span class='ocrx_word' id='word_1_179' title='bbox 2108 1206 2449 1277; x_wconf 89' lang='lat' dir='ltr'>dragintaet</span> <span class='ocrx_word' id='word_1_180' title='bbox 2471 1207 2736 1278; x_wconf 89' lang='lat' dir='ltr'>quinque</span> <span class='ocrx_word' id='word_1_181' title='bbox 2768 1222 2950 1261; x_wconf 90' lang='lat' dir='ltr'>annos</span> <span class='ocrx_word' id='word_1_182' title='bbox 2984 1203 3221 1277; x_wconf 90' lang='lat' dir='ltr'>impleo.</span> <span class='ocrx_word' id='word_1_183' title='bbox 3245 1200 3761 1275; x_wconf 88' lang='lat' dir='ltr'>Etapparuitmibi</span> 
     </span>
    </p>
   </div>
   <div class='ocr_carea' id='block_1_28' title="bbox 2105 1292 3758 1370">
    <p class='ocr_par' dir='ltr' id='par_1_28' title="bbox 2105 1292 3758 1370">
     <span class='ocr_line' id='line_1_28' title="bbox 2105 1292 3758 1370; baseline -0.002 -20"><span class='ocrx_word' id='word_1_184' title='bbox 2105 1296 2424 1367; x_wconf 85' lang='lat' dir='ltr'>faciesejus</span> <span class='ocrx_word' id='word_1_185' title='bbox 2454 1301 2735 1370; x_wconf 87' lang='lat' dir='ltr'>tanquam</span> <span class='ocrx_word' id='word_1_186' title='bbox 2771 1297 2946 1369; x_wconf 83' lang='lat' dir='ltr'>ignis.</span> <span class='ocrx_word' id='word_1_187' title='bbox 2974 1297 3146 1351; x_wconf 89' lang='lat' dir='ltr'>Etait</span> <span class='ocrx_word' id='word_1_188' title='bbox 3174 1294 3341 1350; x_wconf 84' lang='lat' dir='ltr'>mihi:</span> <span class='ocrx_word' id='word_1_189' title='bbox 3364 1294 3478 1349; x_wconf 80' lang='lat' dir='ltr'>Pax</span> <span class='ocrx_word' id='word_1_190' title='bbox 3497 1292 3625 1357; x_wconf 91' lang='lat' dir='ltr'>tibi,</span> <span class='ocrx_word' id='word_1_191' title='bbox 3653 1292 3758 1361; x_wconf 83' lang='lat' dir='ltr'>ﬁli,</span> 
     </span>
    </p>
   </div>
   <div class='ocr_carea' id='block_1_29' title="bbox 2104 1384 3759 1459">
    <p class='ocr_par' dir='ltr' id='par_1_29' title="bbox 2104 1384 3759 1459">
     <span class='ocr_line' id='line_1_29' title="bbox 2104 1384 3759 1459; baseline -0.002 -18"><span class='ocrx_word' id='word_1_192' title='bbox 2104 1392 2161 1441; x_wconf 89' lang='lat' dir='ltr'>et</span> <span class='ocrx_word' id='word_1_193' title='bbox 2190 1404 2291 1442; x_wconf 89' lang='lat' dir='ltr'>ora</span> <span class='ocrx_word' id='word_1_194' title='bbox 2322 1405 2423 1459; x_wconf 93' lang='lat' dir='ltr'>pro</span> <span class='ocrx_word' id='word_1_195' title='bbox 2456 1404 2567 1443; x_wconf 89' lang='lat' dir='ltr'>me.</span> <span class='ocrx_word' id='word_1_196' title='bbox 2596 1388 2661 1442; x_wconf 88' lang='lat' dir='ltr'>Et</span> <span class='ocrx_word' id='word_1_197' title='bbox 2691 1387 2812 1443; x_wconf 72' lang='lat' dir='ltr'>haec</span> <span class='ocrx_word' id='word_1_198' title='bbox 2843 1388 3046 1443; x_wconf 91' lang='lat' dir='ltr'>dicens</span> <span class='ocrx_word' id='word_1_199' title='bbox 3074 1384 3380 1441; x_wconf 88' lang='lat' dir='ltr'>collocavit</span> <span class='ocrx_word' id='word_1_200' title='bbox 3401 1384 3759 1455; x_wconf 88' lang='lat' dir='ltr'>seipsum,et</span> 
     </span>
    </p>
   </div>
   <div class='ocr_carea' id='block_1_30' title="bbox 2104 1471 3753 1550">
    <p class='ocr_par' dir='ltr' id='par_1_30' title="bbox 2104 1471 3753 1550">
     <span class='ocr_line' id='line_1_30' title="bbox 2104 1471 3753 1550; baseline -0.003 -20"><span class='ocrx_word' id='word_1_201' title='bbox 2104 1476 2408 1547; x_wconf 89' lang='lat' dir='ltr'>requievit.</span> <span class='ocrx_word' id='word_1_202' title='bbox 2445 1479 2560 1550; x_wconf 87' lang='lat' dir='ltr'>Ego</span> <span class='ocrx_word' id='word_1_203' title='bbox 2595 1481 2814 1543; x_wconf 89' lang='lat' dir='ltr'>autem,</span> <span class='ocrx_word' id='word_1_204' title='bbox 2846 1476 3060 1532; x_wconf 80' lang='lat' dir='ltr'>effossa</span> <span class='ocrx_word' id='word_1_205' title='bbox 3091 1475 3293 1541; x_wconf 87' lang='lat' dir='ltr'>humo,</span> <span class='ocrx_word' id='word_1_206' title='bbox 3328 1471 3563 1545; x_wconf 87' lang='lat' dir='ltr'>sepelivi</span> <span class='ocrx_word' id='word_1_207' title='bbox 3594 1488 3753 1540; x_wconf 90' lang='lat' dir='ltr'>eum,</span> 
     </span>
    </p>
   </div>
   <div class='ocr_carea' id='block_1_31' title="bbox 2100 1564 3517 1638">
    <p class='ocr_par' dir='ltr' id='par_1_31' title="bbox 2100 1564 3517 1638">
     <span class='ocr_line' id='line_1_31' title="bbox 2100 1564 3517 1638; baseline -0.004 -16"><span class='ocrx_word' id='word_1_208' title='bbox 2100 1570 2157 1622; x_wconf 89' lang='lat' dir='ltr'>et</span> <span class='ocrx_word' id='word_1_209' title='bbox 2186 1572 2321 1638; x_wconf 89' lang='lat' dir='ltr'>post</span> <span class='ocrx_word' id='word_1_210' title='bbox 2350 1567 2499 1623; x_wconf 91' lang='lat' dir='ltr'>duos</span> <span class='ocrx_word' id='word_1_211' title='bbox 2538 1568 2661 1623; x_wconf 90' lang='lat' dir='ltr'>dies</span> <span class='ocrx_word' id='word_1_212' title='bbox 2694 1566 2909 1622; x_wconf 89' lang='lat' dir='ltr'>recessi</span> <span class='ocrx_word' id='word_1_213' title='bbox 2942 1565 3279 1638; x_wconf 88' lang='lat' dir='ltr'>gloriﬁcans</span> <span class='ocrx_word' id='word_1_214' title='bbox 3310 1564 3517 1620; x_wconf 91' lang='lat' dir='ltr'>Deum.</span> 
     </span>
    </p>
   </div>
   <div class='ocr_carea' id='block_1_32' title="bbox 2667 1683 3178 1740">
    <p class='ocr_par' dir='ltr' id='par_1_32' title="bbox 2667 1683 3178 1740">
     <span class='ocr_line' id='line_1_32' title="bbox 2667 1683 3178 1740; baseline -0.002 -1"><span class='ocrx_word' id='word_1_215' title='bbox 2667 1684 2900 1740; x_wconf 86' lang='lat' dir='ltr'>CAPUT</span> <span class='ocrx_word' id='word_1_216' title='bbox 2939 1683 3178 1740; x_wconf 88' lang='lat' dir='ltr'>CXXIV.</span> 
     </span>
    </p>
   </div>
   <div class='ocr_carea' id='block_1_33' title="bbox 2658 1773 3181 1843">
    <p class='ocr_par' dir='ltr' id='par_1_33' title="bbox 2658 1773 3181 1843">
     <span class='ocr_line' id='line_1_33' title="bbox 2658 1773 3181 1843; baseline -0.002 -16"><span class='ocrx_word' id='word_1_217' title='bbox 2658 1773 2919 1843; x_wconf 80' lang='lat' dir='ltr'>Ejusdem</span> <span class='ocrx_word' id='word_1_218' title='bbox 2956 1774 3181 1828; x_wconf 81' lang='lat' dir='ltr'>relatio.</span> 
     </span>
    </p>
   </div>
   <div class='ocr_carea' id='block_1_34' title="bbox 342 1860 3750 1972">
    <p class='ocr_par' dir='ltr' id='par_1_34' title="bbox 342 1860 3750 1972">
     <span class='ocr_line' id='line_1_34' title="bbox 342 1860 3750 1972; baseline -0.004 -18"><span class='ocrx_word' id='word_1_219' title='bbox 342 1860 1419 1972; x_wconf 34' lang='lat' dir='ltr'>iis;2&#39;2315a}“sigoaaphsoniwg</span> <span class='ocrx_word' id='word_1_220' title='bbox 1436 1860 1638 1967; x_wconf 71' lang='lat' dir='ltr'>in‘ginli</span> <span class='ocrx_word' id='word_1_221' title='bbox 1665 1860 1716 1951; x_wconf 76' lang='lat' dir='ltr'>et</span> <span class='ocrx_word' id='word_1_222' title='bbox 1740 1860 1991 1952; x_wconf 9' lang='lat' dir='ltr'>octordie-</span> <span class='ocrx_word' id='word_1_223' title='bbox 2024 1860 2072 1924; x_wconf 80' lang='grc' dir='ltr'>Β</span> <span class='ocrx_word' id='word_1_224' title='bbox 2174 1888 2440 1943; x_wconf 81' lang='lat' dir='ltr'>Narravit</span> <span class='ocrx_word' id='word_1_225' title='bbox 2468 1891 2662 1943; x_wconf 84' lang='lat' dir='ltr'>autem</span> <span class='ocrx_word' id='word_1_226' title='bbox 2692 1888 2864 1943; x_wconf 84' lang='lat' dir='ltr'>nobis</span> <span class='ocrx_word' id='word_1_227' title='bbox 2895 1892 2950 1944; x_wconf 86' lang='lat' dir='ltr'>et</span> <span class='ocrx_word' id='word_1_228' title='bbox 2980 1888 3089 1943; x_wconf 90' lang='lat' dir='ltr'>hoc</span> <span class='ocrx_word' id='word_1_229' title='bbox 3120 1903 3316 1956; x_wconf 83' lang='lat' dir='ltr'>senex,</span> <span class='ocrx_word' id='word_1_230' title='bbox 3348 1885 3566 1941; x_wconf 85' lang='lat' dir='ltr'>dicens:</span> <span class='ocrx_word' id='word_1_231' title='bbox 3599 1890 3750 1942; x_wconf 85' lang='lat' dir='ltr'>Ante</span> 
     </span>
    </p>
   </div>
   <div class='ocr_carea' id='block_1_35' title="bbox 349 1986 1994 2061">
    <p class='ocr_par' dir='ltr' id='par_1_35' title="bbox 349 1986 1994 2061">
     <span class='ocr_line' id='line_1_35' title="bbox 349 1986 1994 2061; baseline -0.001 -17"><span class='ocrx_word' id='word_1_232' title='bbox 349 1991 448 2045; x_wconf 86' lang='lat' dir='ltr'>bus</span> <span class='ocrx_word' id='word_1_233' title='bbox 478 2005 679 2061; x_wconf 84' lang='lat' dir='ltr'>aquam</span> <span class='ocrx_word' id='word_1_234' title='bbox 702 2004 810 2043; x_wconf 89' lang='lat' dir='ltr'>non</span> <span class='ocrx_word' id='word_1_235' title='bbox 844 1988 1052 2051; x_wconf 87' lang='lat' dir='ltr'>bibens,</span> <span class='ocrx_word' id='word_1_236' title='bbox 1080 1987 1366 2055; x_wconf 81' lang='lat' dir='ltr'>defunctus</span> <span class='ocrx_word' id='word_1_237' title='bbox 1395 1992 1505 2042; x_wconf 87' lang='lat' dir='ltr'>est:</span> <span class='ocrx_word' id='word_1_238' title='bbox 1530 2003 1626 2055; x_wconf 85' lang='lat' dir='ltr'>ego</span> <span class='ocrx_word' id='word_1_239' title='bbox 1663 1990 1851 2043; x_wconf 82' lang='lat' dir='ltr'>autem</span> <span class='ocrx_word' id='word_1_240' title='bbox 1878 1986 1994 2042; x_wconf 83' lang='lat' dir='ltr'>dies</span> 
     </span>
    </p>
   </div>
   <div class='ocr_carea' id='block_1_36' title="bbox 342 2076 1992 2149">
    <p class='ocr_par' dir='ltr' id='par_1_36' title="bbox 342 2076 1992 2149">
     <span class='ocr_line' id='line_1_36' title="bbox 342 2076 1992 2149; baseline -0.002 -14"><span class='ocrx_word' id='word_1_241' title='bbox 342 2078 583 2147; x_wconf 78' lang='lat' dir='ltr'>triginta</span> <span class='ocrx_word' id='word_1_242' title='bbox 611 2084 814 2149; x_wconf 77' lang='lat' dir='ltr'>septem</span> <span class='ocrx_word' id='word_1_243' title='bbox 843 2078 1107 2147; x_wconf 77' lang='lat' dir='ltr'>transegi,</span> <span class='ocrx_word' id='word_1_244' title='bbox 1131 2093 1203 2131; x_wconf 78' lang='lat' dir='ltr'>ea:</span> <span class='ocrx_word' id='word_1_245' title='bbox 1234 2092 1461 2147; x_wconf 85' lang='lat' dir='ltr'>quonon</span> <span class='ocrx_word' id='word_1_246' title='bbox 1484 2076 1618 2131; x_wconf 85' lang='lat' dir='ltr'>bibi.</span> <span class='ocrx_word' id='word_1_247' title='bbox 1654 2076 1992 2131; x_wconf 88' lang='lat' dir='ltr'>Invenimus</span> 
     </span>
    </p>
   </div>
   <div class='ocr_carea' id='block_1_37' title="bbox 340 2164 1990 2238">
    <p class='ocr_par' dir='ltr' id='par_1_37' title="bbox 340 2164 1990 2238">
     <span class='ocr_line' id='line_1_37' title="bbox 340 2164 1990 2238; baseline -0.001 -15"><span class='ocrx_word' id='word_1_248' title='bbox 340 2184 478 2224; x_wconf 70' lang='lat' dir='ltr'>vero</span> <span class='ocrx_word' id='word_1_249' title='bbox 504 2167 708 2223; x_wconf 89' lang='lat' dir='ltr'>ambos</span> <span class='ocrx_word' id='word_1_250' title='bbox 722 2166 1002 2238; x_wconf 87' lang='lat' dir='ltr'>integros,</span> <span class='ocrx_word' id='word_1_251' title='bbox 1021 2169 1441 2236; x_wconf 88' lang='lat' dir='ltr'>sumentesque</span> <span class='ocrx_word' id='word_1_252' title='bbox 1458 2164 1990 2237; x_wconf 91' lang='lat' dir='ltr'>illos,sepelivimus</span> 
     </span>
    </p>
   </div>
   <div class='ocr_carea' id='block_1_38' title="bbox 337 2256 686 2331">
    <p class='ocr_par' dir='ltr' id='par_1_38' title="bbox 337 2256 686 2331">
     <span class='ocr_line' id='line_1_38' title="bbox 337 2256 686 2331; baseline -0.009 -17"><span class='ocrx_word' id='word_1_253' title='bbox 337 2257 402 2314; x_wconf 90' lang='lat' dir='ltr'>in</span> <span class='ocrx_word' id='word_1_254' title='bbox 431 2256 659 2331; x_wconf 85' lang='lat' dir='ltr'>Raythu</span> <span class='ocrx_word' id='word_1_255' title='bbox 674 2298 686 2311; x_wconf 97' lang='lat'>.</span> 
     </span>
    </p>
   </div>
   <div class='ocr_carea' id='block_1_39' title="bbox 922 2334 1417 2392">
    <p class='ocr_par' dir='ltr' id='par_1_39' title="bbox 922 2334 1417 2392">
     <span class='ocr_line' id='line_1_39' title="bbox 922 2334 1417 2392; baseline -0.006 -1"><span class='ocrx_word' id='word_1_256' title='bbox 922 2335 1158 2392; x_wconf 83' lang='lat' dir='ltr'>CAPUT</span> <span class='ocrx_word' id='word_1_257' title='bbox 1202 2334 1417 2390; x_wconf 82' lang='lat' dir='ltr'>CXXII.</span> 
     </span>
    </p>
   </div>
   <div class='ocr_carea' id='block_1_40' title="bbox 335 2423 1989 2495">
    <p class='ocr_par' dir='ltr' id='par_1_40' title="bbox 335 2423 1989 2495">
     <span class='ocr_line' id='line_1_40' title="bbox 335 2423 1989 2495; baseline -0.002 -12"><span class='ocrx_word' id='word_1_258' title='bbox 335 2430 415 2483; x_wconf 89' lang='lat' dir='ltr'>De</span> <span class='ocrx_word' id='word_1_259' title='bbox 438 2428 657 2483; x_wconf 84' lang='lat' dir='ltr'>duobus</span> <span class='ocrx_word' id='word_1_260' title='bbox 680 2424 993 2492; x_wconf 80' lang='lat' dir='ltr'>monachis,</span> <span class='ocrx_word' id='word_1_261' title='bbox 1015 2424 1113 2495; x_wconf 87' lang='lat' dir='ltr'>qui</span> <span class='ocrx_word' id='word_1_262' title='bbox 1136 2423 1275 2478; x_wconf 81' lang='lat' dir='ltr'>nudi</span> <span class='ocrx_word' id='word_1_263' title='bbox 1300 2424 1536 2491; x_wconf 84' lang='lat' dir='ltr'>ingressi</span> <span class='ocrx_word' id='word_1_264' title='bbox 1552 2426 1680 2478; x_wconf 86' lang='lat' dir='ltr'>sunt</span> <span class='ocrx_word' id='word_1_265' title='bbox 1701 2423 1989 2479; x_wconf 78' lang='lat' dir='ltr'>ecclesiam</span> 
     </span>
    </p>
   </div>
   <div class='ocr_carea' id='block_1_41' title="bbox 408 2496 1987 2567">
    <p class='ocr_par' dir='ltr' id='par_1_41' title="bbox 408 2496 1987 2567">
     <span class='ocr_line' id='line_1_41' title="bbox 408 2496 1987 2567; baseline -0.001 -14"><span class='ocrx_word' id='word_1_266' title='bbox 408 2508 471 2554; x_wconf 82' lang='lat' dir='ltr'>ut</span> <span class='ocrx_word' id='word_1_267' title='bbox 500 2500 991 2567; x_wconf 79' lang='lat' dir='ltr'>communicarent,</span> <span class='ocrx_word' id='word_1_268' title='bbox 1022 2512 1120 2552; x_wconf 82' lang='lat' dir='ltr'>nec</span> <span class='ocrx_word' id='word_1_269' title='bbox 1148 2498 1253 2551; x_wconf 80' lang='lat' dir='ltr'>visi</span> <span class='ocrx_word' id='word_1_270' title='bbox 1280 2504 1411 2550; x_wconf 88' lang='lat' dir='ltr'>sunt</span> <span class='ocrx_word' id='word_1_271' title='bbox 1439 2498 1507 2550; x_wconf 83' lang='lat' dir='ltr'>ab</span> <span class='ocrx_word' id='word_1_272' title='bbox 1548 2496 1738 2566; x_wconf 82' lang='lat' dir='ltr'>aliquo</span> <span class='ocrx_word' id='word_1_273' title='bbox 1768 2496 1883 2551; x_wconf 85' lang='lat' dir='ltr'>nisi</span> <span class='ocrx_word' id='word_1_274' title='bbox 1920 2498 1987 2551; x_wconf 92' lang='lat' dir='ltr'>ab</span> 
     </span>
    </p>
   </div>
   <div class='ocr_carea' id='block_1_42' title="bbox 407 2569 931 2641">
    <p class='ocr_par' dir='ltr' id='par_1_42' title="bbox 407 2569 931 2641">
     <span class='ocr_line' id='line_1_42' title="bbox 407 2569 931 2641; baseline -0.002 -17"><span class='ocrx_word' id='word_1_275' title='bbox 407 2572 605 2626; x_wconf 80' lang='lat' dir='ltr'>abbate</span> <span class='ocrx_word' id='word_1_276' title='bbox 633 2569 931 2641; x_wconf 77' lang='lat' dir='ltr'>Stephano.</span> 
     </span>
    </p>
   </div>
   <div class='ocr_carea' id='block_1_43' title="bbox 408 2655 1984 2727">
    <p class='ocr_par' dir='ltr' id='par_1_43' title="bbox 408 2655 1984 2727">
     <span class='ocr_line' id='line_1_43' title="bbox 408 2655 1984 2727; baseline -0.001 -15"><span class='ocrx_word' id='word_1_277' title='bbox 408 2659 694 2714; x_wconf 85' lang='lat' dir='ltr'>Venimus</span> <span class='ocrx_word' id='word_1_278' title='bbox 718 2659 788 2713; x_wconf 88' lang='lat' dir='ltr'>ad</span> <span class='ocrx_word' id='word_1_279' title='bbox 807 2658 1076 2713; x_wconf 86' lang='lat' dir='ltr'>abbatem</span> <span class='ocrx_word' id='word_1_280' title='bbox 1114 2655 1474 2727; x_wconf 89' lang='lat' dir='ltr'>Stephanum</span> <span class='ocrx_word' id='word_1_281' title='bbox 1500 2655 1900 2725; x_wconf 87' lang='lat' dir='ltr'>Cappadocem</span> <span class='ocrx_word' id='word_1_282' title='bbox 1926 2656 1984 2711; x_wconf 93' lang='lat' dir='ltr'>in</span> 
     </span>
    </p>
   </div>
   <div class='ocr_carea' id='block_1_44' title="bbox 330 2744 1987 2816">
    <p class='ocr_par' dir='ltr' id='par_1_44' title="bbox 330 2744 1987 2816">
     <span class='ocr_line' id='line_1_44' title="bbox 330 2744 1987 2816; baseline -0.001 -13"><span class='ocrx_word' id='word_1_283' title='bbox 330 2748 479 2803; x_wconf 87' lang='lat' dir='ltr'>Sina</span> <span class='ocrx_word' id='word_1_284' title='bbox 507 2752 723 2816; x_wconf 89' lang='lat' dir='ltr'>monte,</span> <span class='ocrx_word' id='word_1_285' title='bbox 761 2746 1134 2816; x_wconf 87' lang='lat' dir='ltr'>narravitque</span> <span class='ocrx_word' id='word_1_286' title='bbox 1166 2744 1352 2806; x_wconf 88' lang='lat' dir='ltr'>nobis,</span> <span class='ocrx_word' id='word_1_287' title='bbox 1374 2744 1595 2799; x_wconf 88' lang='lat' dir='ltr'>dicens:</span> <span class='ocrx_word' id='word_1_288' title='bbox 1621 2745 1765 2801; x_wconf 91' lang='lat' dir='ltr'>Cum</span> <span class='ocrx_word' id='word_1_289' title='bbox 1798 2760 1987 2801; x_wconf 87' lang='lat' dir='ltr'>essem</span> 
     </span>
    </p>
   </div>
   <div class='ocr_carea' id='block_1_45' title="bbox 331 2832 1983 2909">
    <p class='ocr_par' dir='ltr' id='par_1_45' title="bbox 331 2832 1983 2909">
     <span class='ocr_line' id='line_1_45' title="bbox 331 2832 1983 2909; baseline -0.002 -17"><span class='ocrx_word' id='word_1_290' title='bbox 331 2853 449 2909; x_wconf 85' lang='lat' dir='ltr'>ego</span> <span class='ocrx_word' id='word_1_291' title='bbox 476 2837 533 2891; x_wconf 91' lang='lat' dir='ltr'>in</span> <span class='ocrx_word' id='word_1_292' title='bbox 559 2837 787 2908; x_wconf 79' lang='lat' dir='ltr'>Raythu</span> <span class='ocrx_word' id='word_1_293' title='bbox 821 2841 956 2891; x_wconf 91' lang='lat' dir='ltr'>ante</span> <span class='ocrx_word' id='word_1_294' title='bbox 988 2834 1094 2890; x_wconf 88' lang='lat' dir='ltr'>hos</span> <span class='ocrx_word' id='word_1_295' title='bbox 1138 2850 1346 2900; x_wconf 91' lang='lat' dir='ltr'>annos,</span> <span class='ocrx_word' id='word_1_296' title='bbox 1382 2832 1588 2904; x_wconf 88' lang='lat' dir='ltr'>quinta</span> <span class='ocrx_word' id='word_1_297' title='bbox 1610 2833 1753 2888; x_wconf 88' lang='lat' dir='ltr'>feria</span> <span class='ocrx_word' id='word_1_298' title='bbox 1800 2834 1983 2889; x_wconf 64' lang='lat' dir='ltr'>Cumas</span> 
     </span>
    </p>
   </div>
   <div class='ocr_carea' id='block_1_46' title="bbox 334 2922 1986 2995">
    <p class='ocr_par' dir='ltr' id='par_1_46' title="bbox 334 2922 1986 2995">
     <span class='ocr_line' id='line_1_46' title="bbox 334 2922 1986 2995; baseline -0.002 -13"><span class='ocrx_word' id='word_1_299' title='bbox 334 2926 600 2995; x_wconf 88' lang='lat' dir='ltr'>Domini,</span> <span class='ocrx_word' id='word_1_300' title='bbox 621 2942 778 2982; x_wconf 89' lang='lat' dir='ltr'>eram</span> <span class='ocrx_word' id='word_1_301' title='bbox 811 2924 869 2980; x_wconf 91' lang='lat' dir='ltr'>in</span> <span class='ocrx_word' id='word_1_302' title='bbox 888 2924 1153 2981; x_wconf 89' lang='lat' dir='ltr'>ecclesia.</span> <span class='ocrx_word' id='word_1_303' title='bbox 1186 2922 1451 2994; x_wconf 89' lang='lat' dir='ltr'>Cumque</span> <span class='ocrx_word' id='word_1_304' title='bbox 1472 2928 1986 2979; x_wconf 88' lang='lat' dir='ltr'>consummaretur</span> 
     </span>
    </p>
   </div>
   <div class='ocr_carea' id='block_1_47' title="bbox 327 3013 1980 3085">
    <p class='ocr_par' dir='ltr' id='par_1_47' title="bbox 327 3013 1980 3085">
     <span class='ocr_line' id='line_1_47' title="bbox 327 3013 1980 3085; baseline -0.002 -13"><span class='ocrx_word' id='word_1_305' title='bbox 327 3019 539 3073; x_wconf 80' lang='lat' dir='ltr'>sancta</span> <span class='ocrx_word' id='word_1_306' title='bbox 554 3015 1117 3085; x_wconf 87' lang='lat' dir='ltr'>oblatio,Patresque</span> <span class='ocrx_word' id='word_1_307' title='bbox 1136 3028 1339 3068; x_wconf 89' lang='lat' dir='ltr'>omnes</span> <span class='ocrx_word' id='word_1_308' title='bbox 1366 3013 1728 3079; x_wconf 77' lang='lat' dir='ltr'>assisterent,</span> <span class='ocrx_word' id='word_1_309' title='bbox 1752 3029 1882 3068; x_wconf 90' lang='lat' dir='ltr'>ecce</span> <span class='ocrx_word' id='word_1_310' title='bbox 1898 3014 1980 3068; x_wconf 89' lang='lat' dir='ltr'>vi-</span> 
     </span>
    </p>
   </div>
   <div class='ocr_carea' id='block_1_48' title="bbox 325 3100 1975 3176">
    <p class='ocr_par' dir='ltr' id='par_1_48' title="bbox 325 3100 1975 3176">
     <span class='ocr_line' id='line_1_48' title="bbox 325 3100 1975 3176; baseline -0.003 -14"><span class='ocrx_word' id='word_1_311' title='bbox 325 3107 441 3162; x_wconf 90' lang='lat' dir='ltr'>deo</span> <span class='ocrx_word' id='word_1_312' title='bbox 474 3106 622 3161; x_wconf 88' lang='lat' dir='ltr'>duos</span> <span class='ocrx_word' id='word_1_313' title='bbox 653 3104 940 3176; x_wconf 91' lang='lat' dir='ltr'>quosdam</span> <span class='ocrx_word' id='word_1_314' title='bbox 975 3101 1359 3158; x_wconf 89' lang='lat' dir='ltr'>anachoretas</span> <span class='ocrx_word' id='word_1_315' title='bbox 1390 3100 1695 3157; x_wconf 88' lang='lat' dir='ltr'>ecclesiam</span> <span class='ocrx_word' id='word_1_316' title='bbox 1729 3102 1975 3172; x_wconf 89' lang='lat' dir='ltr'>ingredi,</span> 
     </span>
    </p>
   </div>
   <div class='ocr_carea' id='block_1_49' title="bbox 2102 1974 3748 2049">
    <p class='ocr_par' dir='ltr' id='par_1_49' title="bbox 2102 1974 3748 2049">
     <span class='ocr_line' id='line_1_49' title="bbox 2102 1974 3748 2049; baseline -0.002 -16"><span class='ocrx_word' id='word_1_317' title='bbox 2102 1994 2287 2033; x_wconf 88' lang='lat' dir='ltr'>annos</span> <span class='ocrx_word' id='word_1_318' title='bbox 2301 1977 2505 2048; x_wconf 83' lang='lat' dir='ltr'>viginti</span> <span class='ocrx_word' id='word_1_319' title='bbox 2519 1978 2666 2033; x_wconf 90' lang='lat' dir='ltr'>duos</span> <span class='ocrx_word' id='word_1_320' title='bbox 2683 1978 2916 2033; x_wconf 89' lang='lat' dir='ltr'>ascendi</span> <span class='ocrx_word' id='word_1_321' title='bbox 2934 1977 3397 2049; x_wconf 85' lang='lat' dir='ltr'>inPorpbyritem</span> <span class='ocrx_word' id='word_1_322' title='bbox 3417 1974 3748 2031; x_wconf 90' lang='lat' dir='ltr'>volensillic</span> 
     </span>
    </p>
   </div>
   <div class='ocr_carea' id='block_1_50' title="bbox 2101 2061 3747 2135">
    <p class='ocr_par' dir='ltr' id='par_1_50' title="bbox 2101 2061 3747 2135">
     <span class='ocr_line' id='line_1_50' title="bbox 2101 2061 3747 2135; baseline -0.002 -16"><span class='ocrx_word' id='word_1_323' title='bbox 2101 2063 2339 2119; x_wconf 89' lang='lat' dir='ltr'>morari:</span> <span class='ocrx_word' id='word_1_324' title='bbox 2356 2063 2763 2135; x_wconf 85' lang='lat' dir='ltr'>accepiautem</span> <span class='ocrx_word' id='word_1_325' title='bbox 2787 2068 2844 2119; x_wconf 90' lang='lat' dir='ltr'>et</span> <span class='ocrx_word' id='word_1_326' title='bbox 2864 2062 3221 2135; x_wconf 87' lang='lat' dir='ltr'>discipulum</span> <span class='ocrx_word' id='word_1_327' title='bbox 3250 2078 3445 2117; x_wconf 91' lang='lat' dir='ltr'>meum</span> <span class='ocrx_word' id='word_1_328' title='bbox 3460 2061 3747 2117; x_wconf 88' lang='lat' dir='ltr'>Joannem</span> 
     </span>
    </p>
   </div>
   <div class='ocr_carea' id='block_1_51' title="bbox 2101 2151 3749 2224">
    <p class='ocr_par' dir='ltr' id='par_1_51' title="bbox 2101 2151 3749 2224">
     <span class='ocr_line' id='line_1_51' title="bbox 2101 2151 3749 2224; baseline -0.001 -16"><span class='ocrx_word' id='word_1_329' title='bbox 2101 2153 2504 2208; x_wconf 90' lang='lat' dir='ltr'>mecum.Cum</span> <span class='ocrx_word' id='word_1_330' title='bbox 2520 2168 2657 2224; x_wconf 91' lang='lat' dir='ltr'>ergo</span> <span class='ocrx_word' id='word_1_331' title='bbox 2680 2152 2822 2207; x_wconf 92' lang='lat' dir='ltr'>illuc</span> <span class='ocrx_word' id='word_1_332' title='bbox 2836 2152 3225 2217; x_wconf 89' lang='lat' dir='ltr'>venissemus,</span> <span class='ocrx_word' id='word_1_333' title='bbox 3243 2151 3578 2207; x_wconf 89' lang='lat' dir='ltr'>invenimus</span> <span class='ocrx_word' id='word_1_334' title='bbox 3602 2151 3749 2206; x_wconf 91' lang='lat' dir='ltr'>duos</span> 
     </span>
    </p>
   </div>
   <div class='ocr_carea' id='block_1_52' title="bbox 2099 2239 3746 2317">
    <p class='ocr_par' dir='ltr' id='par_1_52' title="bbox 2099 2239 3746 2317">
     <span class='ocr_line' id='line_1_52' title="bbox 2099 2239 3746 2317; baseline -0.002 -19"><span class='ocrx_word' id='word_1_335' title='bbox 2099 2241 2503 2309; x_wconf 87' lang='lat' dir='ltr'>anachoretas,</span> <span class='ocrx_word' id='word_1_336' title='bbox 2539 2243 2988 2313; x_wconf 91' lang='lat' dir='ltr'>mansimusque</span> <span class='ocrx_word' id='word_1_337' title='bbox 3005 2256 3180 2313; x_wconf 87' lang='lat' dir='ltr'>prope</span> <span class='ocrx_word' id='word_1_338' title='bbox 3212 2239 3518 2317; x_wconf 87' lang='lat' dir='ltr'>illos.Erat</span> <span class='ocrx_word' id='word_1_339' title='bbox 3548 2243 3746 2294; x_wconf 89' lang='lat' dir='ltr'>autem</span> 
     </span>
    </p>
   </div>
   <div class='ocr_carea' id='block_1_53' title="bbox 2097 2327 3745 2402">
    <p class='ocr_par' dir='ltr' id='par_1_53' title="bbox 2097 2327 3745 2402">
     <span class='ocr_line' id='line_1_53' title="bbox 2097 2327 3745 2402; baseline -0.004 -15"><span class='ocrx_word' id='word_1_340' title='bbox 2097 2331 2246 2387; x_wconf 89' lang='lat' dir='ltr'>alter</span> <span class='ocrx_word' id='word_1_341' title='bbox 2277 2330 2513 2402; x_wconf 90' lang='lat' dir='ltr'>quidem</span> <span class='ocrx_word' id='word_1_342' title='bbox 2546 2346 2615 2386; x_wconf 86' lang='lat' dir='ltr'>ex</span> <span class='ocrx_word' id='word_1_343' title='bbox 2642 2331 2734 2387; x_wconf 92' lang='lat' dir='ltr'>his</span> <span class='ocrx_word' id='word_1_344' title='bbox 2767 2330 2987 2400; x_wconf 73' lang='lat' dir='ltr'>Galate,</span> <span class='ocrx_word' id='word_1_345' title='bbox 3022 2329 3259 2384; x_wconf 90' lang='lat' dir='ltr'>nomine</span> <span class='ocrx_word' id='word_1_346' title='bbox 3290 2328 3545 2397; x_wconf 87' lang='lat' dir='ltr'>Paulus;</span> <span class='ocrx_word' id='word_1_347' title='bbox 3597 2327 3745 2382; x_wconf 87' lang='lat' dir='ltr'>alter</span> 
     </span>
    </p>
   </div>
   <div class='ocr_carea' id='block_1_54' title="bbox 2094 2414 3745 2486">
    <p class='ocr_par' dir='ltr' id='par_1_54' title="bbox 2094 2414 3745 2486">
     <span class='ocr_line' id='line_1_54' title="bbox 2094 2414 3745 2486; baseline -0.002 -13"><span class='ocrx_word' id='word_1_348' title='bbox 2094 2435 2227 2474; x_wconf 86' lang='lat' dir='ltr'>vero</span> <span class='ocrx_word' id='word_1_349' title='bbox 2258 2417 2577 2486; x_wconf 84' lang='lat' dir='ltr'>Melitinus,</span> <span class='ocrx_word' id='word_1_350' title='bbox 2611 2417 2847 2473; x_wconf 91' lang='lat' dir='ltr'>nomine</span> <span class='ocrx_word' id='word_1_351' title='bbox 2879 2417 3242 2483; x_wconf 90' lang='lat' dir='ltr'>Theodorus,</span> <span class='ocrx_word' id='word_1_352' title='bbox 3272 2431 3338 2470; x_wconf 87' lang='lat' dir='ltr'>ex</span> <span class='ocrx_word' id='word_1_353' title='bbox 3389 2414 3745 2470; x_wconf 89' lang='lat' dir='ltr'>monasterio</span> 
     </span>
    </p>
   </div>
   <div class='ocr_carea' id='block_1_55' title="bbox 2096 2503 3744 2578">
    <p class='ocr_par' dir='ltr' id='par_1_55' title="bbox 2096 2503 3744 2578">
     <span class='ocr_line' id='line_1_55' title="bbox 2096 2503 3744 2578; baseline -0.002 -15"><span class='ocrx_word' id='word_1_354' title='bbox 2096 2509 2284 2563; x_wconf 87' lang='lat' dir='ltr'>fuerat</span> <span class='ocrx_word' id='word_1_355' title='bbox 2316 2507 2545 2562; x_wconf 89' lang='lat' dir='ltr'>abbatis</span> <span class='ocrx_word' id='word_1_356' title='bbox 2576 2506 3190 2578; x_wconf 57' lang='lat' dir='ltr'>Euthymiiferebant</span> <span class='ocrx_word' id='word_1_357' title='bbox 3213 2509 3406 2560; x_wconf 90' lang='lat' dir='ltr'>autem</span> <span class='ocrx_word' id='word_1_358' title='bbox 3440 2503 3744 2560; x_wconf 84' lang='lat' dir='ltr'>colobiaex</span> 
     </span>
    </p>
   </div>
   <div class='ocr_carea' id='block_1_56' title="bbox 2094 2593 3741 2669">
    <p class='ocr_par' dir='ltr' id='par_1_56' title="bbox 2094 2593 3741 2669">
     <span class='ocr_line' id='line_1_56' title="bbox 2094 2593 3741 2669; baseline -0.003 -16"><span class='ocrx_word' id='word_1_359' title='bbox 2094 2598 2343 2669; x_wconf 88' lang='lat' dir='ltr'>pellibus</span> <span class='ocrx_word' id='word_1_360' title='bbox 2373 2596 2745 2653; x_wconf 89' lang='lat' dir='ltr'>bubalorum.</span> <span class='ocrx_word' id='word_1_361' title='bbox 2783 2596 2971 2651; x_wconf 90' lang='lat' dir='ltr'>Mansi</span> <span class='ocrx_word' id='word_1_362' title='bbox 3004 2601 3201 2651; x_wconf 90' lang='lat' dir='ltr'>autem</span> <span class='ocrx_word' id='word_1_363' title='bbox 3231 2594 3351 2649; x_wconf 90' lang='lat' dir='ltr'>illic</span> <span class='ocrx_word' id='word_1_364' title='bbox 3380 2594 3560 2649; x_wconf 85' lang='lat' dir='ltr'>ferme</span> <span class='ocrx_word' id='word_1_365' title='bbox 3594 2593 3741 2649; x_wconf 91' lang='lat' dir='ltr'>duos</span> 
     </span>
    </p>
   </div>
   <div class='ocr_carea' id='block_1_57' title="bbox 2095 2684 3743 2758">
    <p class='ocr_par' dir='ltr' id='par_1_57' title="bbox 2095 2684 3743 2758">
     <span class='ocr_line' id='line_1_57' title="bbox 2095 2684 3743 2758; baseline -0.002 -15"><span class='ocrx_word' id='word_1_366' title='bbox 2095 2704 2300 2753; x_wconf 89' lang='lat' dir='ltr'>annos,</span> <span class='ocrx_word' id='word_1_367' title='bbox 2321 2687 2810 2758; x_wconf 85' lang='lat' dir='ltr'>distahamusque</span> <span class='ocrx_word' id='word_1_368' title='bbox 2841 2688 2912 2742; x_wconf 90' lang='lat' dir='ltr'>ab</span> <span class='ocrx_word' id='word_1_369' title='bbox 2929 2686 3175 2741; x_wconf 90' lang='lat' dir='ltr'>invicem</span> <span class='ocrx_word' id='word_1_370' title='bbox 3199 2684 3365 2756; x_wconf 89' lang='lat' dir='ltr'>quasi</span> <span class='ocrx_word' id='word_1_371' title='bbox 3382 2684 3614 2739; x_wconf 86' lang='lat' dir='ltr'>duobus</span> <span class='ocrx_word' id='word_1_372' title='bbox 3629 2688 3743 2740; x_wconf 90' lang='lat' dir='ltr'>sta-</span> 
     </span>
    </p>
   </div>
   <div class='ocr_carea' id='block_1_58' title="bbox 2092 2772 3740 2848">
    <p class='ocr_par' dir='ltr' id='par_1_58' title="bbox 2092 2772 3740 2848">
     <span class='ocr_line' id='line_1_58' title="bbox 2092 2772 3740 2848; baseline -0.003 -16"><span class='ocrx_word' id='word_1_373' title='bbox 2092 2777 2335 2832; x_wconf 89' lang='lat' dir='ltr'>diis.Die</span> <span class='ocrx_word' id='word_1_374' title='bbox 2366 2782 2561 2832; x_wconf 91' lang='lat' dir='ltr'>autem</span> <span class='ocrx_word' id='word_1_375' title='bbox 2596 2777 2849 2848; x_wconf 89' lang='lat' dir='ltr'>quadam</span> <span class='ocrx_word' id='word_1_376' title='bbox 2867 2792 2998 2830; x_wconf 89' lang='lat' dir='ltr'>cum</span> <span class='ocrx_word' id='word_1_377' title='bbox 3029 2775 3257 2830; x_wconf 88' lang='lat' dir='ltr'>sederet</span> <span class='ocrx_word' id='word_1_378' title='bbox 3277 2777 3533 2829; x_wconf 90' lang='lat' dir='ltr'>Joannes</span> <span class='ocrx_word' id='word_1_379' title='bbox 3565 2772 3740 2828; x_wconf 89' lang='lat' dir='ltr'>disci-</span> 
     </span>
    </p>
   </div>
   <div class='ocr_carea' id='block_1_59' title="bbox 2093 2860 3742 2937">
    <p class='ocr_par' dir='ltr' id='par_1_59' title="bbox 2093 2860 3742 2937">
     <span class='ocr_line' id='line_1_59' title="bbox 2093 2860 3742 2937; baseline -0.004 -16"><span class='ocrx_word' id='word_1_380' title='bbox 2093 2866 2271 2937; x_wconf 89' lang='lat' dir='ltr'>pulus</span> <span class='ocrx_word' id='word_1_381' title='bbox 2304 2881 2491 2934; x_wconf 90' lang='lat' dir='ltr'>meus,</span> <span class='ocrx_word' id='word_1_382' title='bbox 2516 2864 2810 2937; x_wconf 89' lang='lat' dir='ltr'>percussit</span> <span class='ocrx_word' id='word_1_383' title='bbox 2834 2880 2967 2919; x_wconf 90' lang='lat' dir='ltr'>eum</span> <span class='ocrx_word' id='word_1_384' title='bbox 2992 2879 3256 2935; x_wconf 89' lang='lat' dir='ltr'>serpens,</span> <span class='ocrx_word' id='word_1_385' title='bbox 3289 2861 3608 2933; x_wconf 89' lang='lat' dir='ltr'>statimque</span> <span class='ocrx_word' id='word_1_386' title='bbox 3637 2860 3742 2915; x_wconf 87' lang='lat' dir='ltr'>de-</span> 
     </span>
    </p>
   </div>
   <div class='ocr_carea' id='block_1_60' title="bbox 2091 2953 3737 3026">
    <p class='ocr_par' dir='ltr' id='par_1_60' title="bbox 2091 2953 3737 3026">
     <span class='ocr_line' id='line_1_60' title="bbox 2091 2953 3737 3026; baseline -0.003 -15"><span class='ocrx_word' id='word_1_387' title='bbox 2091 2957 2332 3012; x_wconf 87' lang='lat' dir='ltr'>functus</span> <span class='ocrx_word' id='word_1_388' title='bbox 2361 2960 2469 3026; x_wconf 89' lang='lat' dir='ltr'>est,</span> <span class='ocrx_word' id='word_1_389' title='bbox 2504 2954 2856 3025; x_wconf 89' lang='lat' dir='ltr'>sanguinem</span> <span class='ocrx_word' id='word_1_390' title='bbox 2889 2972 2958 3009; x_wconf 86' lang='lat' dir='ltr'>ex</span> <span class='ocrx_word' id='word_1_391' title='bbox 2988 2954 3267 3010; x_wconf 88' lang='lat' dir='ltr'>omnibus</span> <span class='ocrx_word' id='word_1_392' title='bbox 3298 2953 3564 3025; x_wconf 90' lang='lat' dir='ltr'>partibus</span> <span class='ocrx_word' id='word_1_393' title='bbox 3606 2953 3737 3007; x_wconf 88' lang='lat' dir='ltr'>fun-</span> 
     </span>
    </p>
   </div>
   <div class='ocr_carea' id='block_1_61' title="bbox 2091 3042 3739 3115">
    <p class='ocr_par' dir='ltr' id='par_1_61' title="bbox 2091 3042 3739 3115">
     <span class='ocr_line' id='line_1_61' title="bbox 2091 3042 3739 3115; baseline -0.002 -14"><span class='ocrx_word' id='word_1_394' title='bbox 2091 3046 2329 3101; x_wconf 89' lang='lat' dir='ltr'>dens.In</span> <span class='ocrx_word' id='word_1_395' title='bbox 2362 3042 2550 3099; x_wconf 92' lang='lat' dir='ltr'>multa</span> <span class='ocrx_word' id='word_1_396' title='bbox 2582 3043 3336 3115; x_wconf 84' lang='lat' dir='ltr'>igiturangustiaexistens,</span> <span class='ocrx_word' id='word_1_397' title='bbox 3365 3042 3481 3096; x_wconf 87' lang='lat' dir='ltr'>abii</span> <span class='ocrx_word' id='word_1_398' title='bbox 3513 3042 3581 3097; x_wconf 89' lang='lat' dir='ltr'>ad</span> <span class='ocrx_word' id='word_1_399' title='bbox 3598 3058 3739 3097; x_wconf 88' lang='lat' dir='ltr'>ana-</span> 
     </span>
    </p>
   </div>
   <div class='ocr_carea' id='block_1_62' title="bbox 2090 3128 3739 3202">
    <p class='ocr_par' dir='ltr' id='par_1_62' title="bbox 2090 3128 3739 3202">
     <span class='ocr_line' id='line_1_62' title="bbox 2090 3128 3739 3202; baseline -0.002 -15"><span class='ocrx_word' id='word_1_400' title='bbox 2090 3131 2393 3187; x_wconf 89' lang='lat' dir='ltr'>choretas:</span> <span class='ocrx_word' id='word_1_401' title='bbox 2429 3131 2528 3202; x_wconf 89' lang='lat' dir='ltr'>qui</span> <span class='ocrx_word' id='word_1_402' title='bbox 2563 3130 2763 3185; x_wconf 84' lang='lat' dir='ltr'>statim</span> <span class='ocrx_word' id='word_1_403' title='bbox 2798 3135 2863 3185; x_wconf 89' lang='lat' dir='ltr'>ut</span> <span class='ocrx_word' id='word_1_404' title='bbox 2889 3130 3162 3185; x_wconf 86' lang='lat' dir='ltr'>viderunt</span> <span class='ocrx_word' id='word_1_405' title='bbox 3195 3145 3282 3183; x_wconf 90' lang='lat' dir='ltr'>me</span> <span class='ocrx_word' id='word_1_406' title='bbox 3334 3128 3628 3185; x_wconf 82' lang='lat' dir='ltr'>turbatum</span> <span class='ocrx_word' id='word_1_407' title='bbox 3680 3133 3739 3184; x_wconf 89' lang='lat' dir='ltr'>et</span> 
     </span>
    </p>
   </div>
   <div class='ocr_carea' id='block_1_63' title="bbox 322 3190 3736 3291">
    <p class='ocr_par' dir='ltr' id='par_1_63' title="bbox 322 3190 3736 3291">
     <span class='ocr_line' id='line_1_63' title="bbox 322 3190 3736 3291; baseline -0.005 -1"><span class='ocrx_word' id='word_1_408' title='bbox 322 3200 501 3291; x_wconf 48' lang='lat' dir='ltr'>&quot;an</span> <span class='ocrx_word' id='word_1_409' title='bbox 529 3199 723 3291; x_wconf 34' lang='lat' dir='ltr'>“tein</span> <span class='ocrx_word' id='word_1_410' title='bbox 750 3192 915 3291; x_wconf 37' lang='lat' dir='ltr'>“uim</span> <span class='ocrx_word' id='word_1_411' title='bbox 938 3191 1257 3291; x_wconf 60' lang='lat' dir='ltr'>&quot;&quot;“F‘SQP‘?</span> <span class='ocrx_word' id='word_1_412' title='bbox 1276 3190 1509 3291; x_wconf 51' lang='lat' dir='ltr'>Pam“?</span> <span class='ocrx_word' id='word_1_413' title='bbox 1538 3190 1689 3291; x_wconf 46' lang='lat' dir='ltr'>alitis</span> <span class='ocrx_word' id='word_1_414' title='bbox 1712 3192 1978 3291; x_wconf 54' lang='lat' dir='ltr'>ani_mf_‘d&#39;</span> <span class='ocrx_word' id='word_1_415' title='bbox 2008 3222 2051 3288; x_wconf 87' lang='lat' dir='ltr'>C</span> <span class='ocrx_word' id='word_1_416' title='bbox 2092 3222 2400 3288; x_wconf 83' lang='lat' dir='ltr'>afflictum,</span> <span class='ocrx_word' id='word_1_417' title='bbox 2434 3190 2748 3291; x_wconf 75' lang='lat' dir='ltr'>antequam</span> <span class='ocrx_word' id='word_1_418' title='bbox 2782 3219 3005 3291; x_wconf 89' lang='lat' dir='ltr'>aliquid</span> <span class='ocrx_word' id='word_1_419' title='bbox 3031 3220 3281 3274; x_wconf 89' lang='lat' dir='ltr'>dicerem</span> <span class='ocrx_word' id='word_1_420' title='bbox 3299 3220 3367 3273; x_wconf 90' lang='lat' dir='ltr'>ad</span> <span class='ocrx_word' id='word_1_421' title='bbox 3383 3235 3503 3284; x_wconf 91' lang='lat' dir='ltr'>eos,</span> <span class='ocrx_word' id='word_1_422' title='bbox 3528 3218 3736 3273; x_wconf 87' lang='lat' dir='ltr'>dicunt</span> 
     </span>
    </p>
   </div>
   <div class='ocr_carea' id='block_1_64' title="bbox 322 3278 1980 3354">
    <p class='ocr_par' dir='ltr' id='par_1_64' title="bbox 322 3278 1980 3354">
     <span class='ocr_line' id='line_1_64' title="bbox 322 3278 1980 3354; baseline -0.002 -15"><span class='ocrx_word' id='word_1_423' title='bbox 322 3283 507 3339; x_wconf 84' lang='lat' dir='ltr'>vertit</span> <span class='ocrx_word' id='word_1_424' title='bbox 530 3284 683 3354; x_wconf 90' lang='lat' dir='ltr'>quod</span> <span class='ocrx_word' id='word_1_425' title='bbox 716 3281 858 3337; x_wconf 91' lang='lat' dir='ltr'>nudi</span> <span class='ocrx_word' id='word_1_426' title='bbox 890 3284 1108 3347; x_wconf 89' lang='lat' dir='ltr'>essent,</span> <span class='ocrx_word' id='word_1_427' title='bbox 1136 3278 1249 3335; x_wconf 91' lang='lat' dir='ltr'>nisi</span> <span class='ocrx_word' id='word_1_428' title='bbox 1280 3296 1385 3351; x_wconf 89' lang='lat' dir='ltr'>ego</span> <span class='ocrx_word' id='word_1_429' title='bbox 1408 3278 1591 3335; x_wconf 88' lang='lat' dir='ltr'>solus.</span> <span class='ocrx_word' id='word_1_430' title='bbox 1625 3282 1767 3335; x_wconf 89' lang='lat' dir='ltr'>Cum</span> <span class='ocrx_word' id='word_1_431' title='bbox 1799 3280 1980 3352; x_wconf 82' lang='lat' dir='ltr'>igitur</span> 
     </span>
    </p>
   </div>
   <div class='ocr_carea' id='block_1_65' title="bbox 325 3368 1979 3441">
    <p class='ocr_par' dir='ltr' id='par_1_65' title="bbox 325 3368 1979 3441">
     <span class='ocr_line' id='line_1_65' title="bbox 325 3368 1979 3441; baseline -0.003 -13"><span class='ocrx_word' id='word_1_432' title='bbox 325 3374 872 3428; x_wconf 87' lang='lat' dir='ltr'>communicassent</span> <span class='ocrx_word' id='word_1_433' title='bbox 890 3370 1185 3427; x_wconf 89' lang='lat' dir='ltr'>Dominico</span> <span class='ocrx_word' id='word_1_434' title='bbox 1200 3368 1425 3441; x_wconf 89' lang='lat' dir='ltr'>corpori</span> <span class='ocrx_word' id='word_1_435' title='bbox 1442 3369 1804 3440; x_wconf 83' lang='lat' dir='ltr'>etsanguini,</span> <span class='ocrx_word' id='word_1_436' title='bbox 1830 3368 1979 3423; x_wconf 81' lang='lat' dir='ltr'>exie-</span> 
     </span>
    </p>
   </div>
   <div class='ocr_carea' id='block_1_66' title="bbox 321 3456 1979 3529">
    <p class='ocr_par' dir='ltr' id='par_1_66' title="bbox 321 3456 1979 3529">
     <span class='ocr_line' id='line_1_66' title="bbox 321 3456 1979 3529; baseline -0.004 -11"><span class='ocrx_word' id='word_1_437' title='bbox 321 3469 470 3519; x_wconf 86' lang='lat' dir='ltr'>runt</span> <span class='ocrx_word' id='word_1_438' title='bbox 493 3462 563 3516; x_wconf 90' lang='lat' dir='ltr'>de</span> <span class='ocrx_word' id='word_1_439' title='bbox 585 3461 848 3526; x_wconf 89' lang='lat' dir='ltr'>ecclesia,</span> <span class='ocrx_word' id='word_1_440' title='bbox 882 3459 1213 3527; x_wconf 76' lang='lat' dir='ltr'>etabibant;</span> <span class='ocrx_word' id='word_1_441' title='bbox 1234 3474 1339 3529; x_wconf 87' lang='lat' dir='ltr'>ego</span> <span class='ocrx_word' id='word_1_442' title='bbox 1354 3462 1549 3513; x_wconf 88' lang='lat' dir='ltr'>autem</span> <span class='ocrx_word' id='word_1_443' title='bbox 1570 3473 1686 3511; x_wconf 92' lang='lat' dir='ltr'>una</span> <span class='ocrx_word' id='word_1_444' title='bbox 1708 3472 1838 3511; x_wconf 91' lang='lat' dir='ltr'>cum</span> <span class='ocrx_word' id='word_1_445' title='bbox 1860 3456 1979 3511; x_wconf 89' lang='lat' dir='ltr'>illis</span> 
     </span>
    </p>
   </div>
   <div class='ocr_carea' id='block_1_67' title="bbox 319 3544 1977 3621">
    <p class='ocr_par' dir='ltr' id='par_1_67' title="bbox 319 3544 1977 3621">
     <span class='ocr_line' id='line_1_67' title="bbox 319 3544 1977 3621; baseline -0.004 -15"><span class='ocrx_word' id='word_1_446' title='bbox 319 3552 502 3606; x_wconf 76' lang='lat' dir='ltr'>exivi.</span> <span class='ocrx_word' id='word_1_447' title='bbox 534 3551 679 3607; x_wconf 88' lang='lat' dir='ltr'>Cum</span> <span class='ocrx_word' id='word_1_448' title='bbox 712 3566 849 3621; x_wconf 89' lang='lat' dir='ltr'>ergo</span> <span class='ocrx_word' id='word_1_449' title='bbox 878 3548 1100 3621; x_wconf 86' lang='lat' dir='ltr'>egressi</span> <span class='ocrx_word' id='word_1_450' title='bbox 1128 3563 1416 3611; x_wconf 86' lang='lat' dir='ltr'>essemus,</span> <span class='ocrx_word' id='word_1_451' title='bbox 1446 3545 1839 3618; x_wconf 90' lang='lat' dir='ltr'>prostravime</span> <span class='ocrx_word' id='word_1_452' title='bbox 1861 3544 1977 3600; x_wconf 90' lang='lat' dir='ltr'>illis</span> 
     </span>
    </p>
   </div>
   <div class='ocr_carea' id='block_1_68' title="bbox 321 3634 1974 3708">
    <p class='ocr_par' dir='ltr' id='par_1_68' title="bbox 321 3634 1974 3708">
     <span class='ocr_line' id='line_1_68' title="bbox 321 3634 1974 3708; baseline -0.006 -11"><span class='ocrx_word' id='word_1_453' title='bbox 321 3641 562 3697; x_wconf 87' lang='lat' dir='ltr'>dicens:</span> <span class='ocrx_word' id='word_1_454' title='bbox 600 3640 791 3695; x_wconf 86' lang='lat' dir='ltr'>Facite</span> <span class='ocrx_word' id='word_1_455' title='bbox 823 3638 1189 3704; x_wconf 87' lang='lat' dir='ltr'>charitatem,</span> <span class='ocrx_word' id='word_1_456' title='bbox 1221 3635 1463 3708; x_wconf 86' lang='lat' dir='ltr'>accipite</span> <span class='ocrx_word' id='word_1_457' title='bbox 1508 3650 1601 3689; x_wconf 90' lang='lat' dir='ltr'>me</span> <span class='ocrx_word' id='word_1_458' title='bbox 1648 3634 1974 3689; x_wconf 82' lang='lat' dir='ltr'>vobiscum.</span> 
     </span>
    </p>
   </div>
   <div class='ocr_carea' id='block_1_69' title="bbox 325 3723 1979 3802">
    <p class='ocr_par' dir='ltr' id='par_1_69' title="bbox 325 3723 1979 3802">
     <span class='ocr_line' id='line_1_69' title="bbox 325 3723 1979 3802; baseline -0.005 -15"><span class='ocrx_word' id='word_1_459' title='bbox 325 3732 951 3802; x_wconf 85' lang='lat' dir='ltr'>Cognoveruntautem</span> <span class='ocrx_word' id='word_1_460' title='bbox 969 3725 1376 3798; x_wconf 89' lang='lat' dir='ltr'>quiavideram</span> <span class='ocrx_word' id='word_1_461' title='bbox 1394 3724 1523 3779; x_wconf 92' lang='lat' dir='ltr'>illos</span> <span class='ocrx_word' id='word_1_462' title='bbox 1538 3723 1979 3790; x_wconf 82' lang='lat' dir='ltr'>nudos,etdixe—</span> 
     </span>
    </p>
   </div>
   <div class='ocr_carea' id='block_1_70' title="bbox 325 3814 1977 3887">
    <p class='ocr_par' dir='ltr' id='par_1_70' title="bbox 325 3814 1977 3887">
     <span class='ocr_line' id='line_1_70' title="bbox 325 3814 1977 3887; baseline -0.004 -13"><span class='ocrx_word' id='word_1_463' title='bbox 325 3824 470 3874; x_wconf 86' lang='lat' dir='ltr'>runt</span> <span class='ocrx_word' id='word_1_464' title='bbox 501 3818 666 3874; x_wconf 90' lang='lat' dir='ltr'>mihi:</span> <span class='ocrx_word' id='word_1_465' title='bbox 697 3818 848 3873; x_wconf 92' lang='lat' dir='ltr'>Bene</span> <span class='ocrx_word' id='word_1_466' title='bbox 879 3818 1069 3883; x_wconf 87' lang='lat' dir='ltr'>sedes,</span> <span class='ocrx_word' id='word_1_467' title='bbox 1098 3815 1352 3887; x_wconf 78' lang='lat' dir='ltr'>quiesce.</span> <span class='ocrx_word' id='word_1_468' title='bbox 1390 3814 1615 3869; x_wconf 83' lang='lat' dir='ltr'>Rursus</span> <span class='ocrx_word' id='word_1_469' title='bbox 1644 3830 1749 3884; x_wconf 89' lang='lat' dir='ltr'>ego</span> <span class='ocrx_word' id='word_1_470' title='bbox 1807 3830 1977 3883; x_wconf 88' lang='lat' dir='ltr'>roga-</span> 
     </span>
    </p>
   </div>
   <div class='ocr_carea' id='block_1_71' title="bbox 322 3902 1979 3978">
    <p class='ocr_par' dir='ltr' id='par_1_71' title="bbox 322 3902 1979 3978">
     <span class='ocr_line' id='line_1_71' title="bbox 322 3902 1979 3978; baseline -0.004 -15"><span class='ocrx_word' id='word_1_471' title='bbox 322 3909 461 3963; x_wconf 86' lang='lat' dir='ltr'>bam</span> <span class='ocrx_word' id='word_1_472' title='bbox 498 3907 629 3963; x_wconf 91' lang='lat' dir='ltr'>illos</span> <span class='ocrx_word' id='word_1_473' title='bbox 670 3911 735 3962; x_wconf 90' lang='lat' dir='ltr'>ut</span> <span class='ocrx_word' id='word_1_474' title='bbox 765 3906 1097 3978; x_wconf 90' lang='lat' dir='ltr'>acciperent</span> <span class='ocrx_word' id='word_1_475' title='bbox 1122 3920 1212 3959; x_wconf 90' lang='lat' dir='ltr'>me</span> <span class='ocrx_word' id='word_1_476' title='bbox 1242 3919 1463 3959; x_wconf 88' lang='lat' dir='ltr'>secum.</span> <span class='ocrx_word' id='word_1_477' title='bbox 1496 3903 1659 3958; x_wconf 86' lang='lat' dir='ltr'>Tunc</span> <span class='ocrx_word' id='word_1_478' title='bbox 1704 3902 1979 3958; x_wconf 87' lang='lat' dir='ltr'>dixerunt</span> 
     </span>
    </p>
   </div>
   <div class='ocr_carea' id='block_1_72' title="bbox 323 3989 1974 4066">
    <p class='ocr_par' dir='ltr' id='par_1_72' title="bbox 323 3989 1974 4066">
     <span class='ocr_line' id='line_1_72' title="bbox 323 3989 1974 4066; baseline -0.004 -15"><span class='ocrx_word' id='word_1_479' title='bbox 323 3995 495 4051; x_wconf 89' lang='lat' dir='ltr'>mihi:</span> <span class='ocrx_word' id='word_1_480' title='bbox 532 3995 655 4051; x_wconf 87' lang='lat' dir='ltr'>Non</span> <span class='ocrx_word' id='word_1_481' title='bbox 691 3998 858 4066; x_wconf 90' lang='lat' dir='ltr'>potes</span> <span class='ocrx_word' id='word_1_482' title='bbox 889 3993 1198 4049; x_wconf 88' lang='lat' dir='ltr'>nobiscum</span> <span class='ocrx_word' id='word_1_483' title='bbox 1223 4007 1371 4062; x_wconf 88' lang='lat' dir='ltr'>esse,</span> <span class='ocrx_word' id='word_1_484' title='bbox 1415 3990 1575 4059; x_wconf 89' lang='lat' dir='ltr'>sede,</span> <span class='ocrx_word' id='word_1_485' title='bbox 1623 3990 1777 4046; x_wconf 90' lang='lat' dir='ltr'>bona</span> <span class='ocrx_word' id='word_1_486' title='bbox 1819 3989 1974 4045; x_wconf 82' lang='lat' dir='ltr'>enim</span> 
     </span>
    </p>
   </div>
   <div class='ocr_carea' id='block_1_73' title="bbox 320 4080 1979 4147">
    <p class='ocr_par' dir='ltr' id='par_1_73' title="bbox 320 4080 1979 4147">
     <span class='ocr_line' id='line_1_73' title="bbox 320 4080 1979 4147; baseline -0.005 -5"><span class='ocrx_word' id='word_1_487' title='bbox 320 4086 436 4142; x_wconf 82' lang='lat' dir='ltr'>tibi</span> <span class='ocrx_word' id='word_1_488' title='bbox 463 4086 634 4141; x_wconf 85' lang='lat' dir='ltr'>sedes</span> <span class='ocrx_word' id='word_1_489' title='bbox 657 4088 764 4140; x_wconf 88' lang='lat' dir='ltr'>est.</span> <span class='ocrx_word' id='word_1_490' title='bbox 798 4082 1097 4139; x_wconf 85' lang='lat' dir='ltr'>Facientes</span> <span class='ocrx_word' id='word_1_491' title='bbox 1120 4084 1313 4136; x_wconf 88' lang='lat' dir='ltr'>autem</span> <span class='ocrx_word' id='word_1_492' title='bbox 1340 4080 1482 4135; x_wconf 90' lang='lat' dir='ltr'>mihi</span> <span class='ocrx_word' id='word_1_493' title='bbox 1514 4080 1860 4147; x_wconf 89' lang='lat' dir='ltr'>orationem,</span> <span class='ocrx_word' id='word_1_494' title='bbox 1892 4080 1979 4134; x_wconf 92' lang='lat' dir='ltr'>vi-</span> 
     </span>
    </p>
   </div>
   <div class='ocr_carea' id='block_1_74' title="bbox 324 4168 1978 4244">
    <p class='ocr_par' dir='ltr' id='par_1_74' title="bbox 324 4168 1978 4244">
     <span class='ocr_line' id='line_1_74' title="bbox 324 4168 1978 4244; baseline -0.004 -14"><span class='ocrx_word' id='word_1_495' title='bbox 324 4175 621 4231; x_wconf 88' lang='lat' dir='ltr'>denteme</span> <span class='ocrx_word' id='word_1_496' title='bbox 637 4190 815 4244; x_wconf 86' lang='lat' dir='ltr'>super</span> <span class='ocrx_word' id='word_1_497' title='bbox 845 4188 1029 4243; x_wconf 86' lang='lat' dir='ltr'>aquas</span> <span class='ocrx_word' id='word_1_498' title='bbox 1045 4170 1225 4226; x_wconf 81' lang='lat' dir='ltr'>Rubri</span> <span class='ocrx_word' id='word_1_499' title='bbox 1240 4170 1392 4225; x_wconf 81' lang='lat'>899</span> <span class='ocrx_word' id='word_1_500' title='bbox 1410 4169 1591 4225; x_wconf 91' lang='lat' dir='ltr'>maris</span> <span class='ocrx_word' id='word_1_501' title='bbox 1614 4169 1858 4240; x_wconf 88' lang='lat' dir='ltr'>pedibus</span> <span class='ocrx_word' id='word_1_502' title='bbox 1890 4168 1978 4223; x_wconf 91' lang='lat' dir='ltr'>in-</span> 
     </span>
    </p>
   </div>
   <div class='ocr_carea' id='block_1_75' title="bbox 322 4259 1503 4336">
    <p class='ocr_par' dir='ltr' id='par_1_75' title="bbox 322 4259 1503 4336">
     <span class='ocr_line' id='line_1_75' title="bbox 322 4259 1503 4336; baseline -0.008 -15"><span class='ocrx_word' id='word_1_503' title='bbox 322 4264 516 4336; x_wconf 78' lang='lat' dir='ltr'>gressi</span> <span class='ocrx_word' id='word_1_504' title='bbox 550 4267 714 4329; x_wconf 86' lang='lat' dir='ltr'>sunt,</span> <span class='ocrx_word' id='word_1_505' title='bbox 745 4267 801 4318; x_wconf 89' lang='lat' dir='ltr'>et</span> <span class='ocrx_word' id='word_1_506' title='bbox 830 4266 994 4317; x_wconf 87' lang='lat' dir='ltr'>trans</span> <span class='ocrx_word' id='word_1_507' title='bbox 1027 4276 1185 4315; x_wconf 89' lang='lat' dir='ltr'>mare</span> <span class='ocrx_word' id='word_1_508' title='bbox 1217 4259 1503 4314; x_wconf 90' lang='lat' dir='ltr'>abierunt.</span> 
     </span>
    </p>
   </div>
   <div class='ocr_carea' id='block_1_76' title="bbox 905 4348 1407 4406">
    <p class='ocr_par' dir='ltr' id='par_1_76' title="bbox 905 4348 1407 4406">
     <span class='ocr_line' id='line_1_76' title="bbox 905 4348 1407 4406; baseline -0.006 0"><span class='ocrx_word' id='word_1_509' title='bbox 905 4349 1134 4406; x_wconf 87' lang='lat' dir='ltr'>CAPUT</span> <span class='ocrx_word' id='word_1_510' title='bbox 1160 4348 1407 4406; x_wconf 85' lang='lat' dir='ltr'>CXXIII.</span> 
     </span>
    </p>
   </div>
   <div class='ocr_carea' id='block_1_77' title="bbox 731 4436 1585 4497">
    <p class='ocr_par' dir='ltr' id='par_1_77' title="bbox 731 4436 1585 4497">
     <span class='ocr_line' id='line_1_77' title="bbox 731 4436 1585 4497; baseline -0.008 -1"><span class='ocrx_word' id='word_1_511' title='bbox 731 4440 851 4497; x_wconf 81' lang='lat' dir='ltr'>Vita</span> <span class='ocrx_word' id='word_1_512' title='bbox 882 4440 1101 4495; x_wconf 87' lang='lat' dir='ltr'>abbatis</span> <span class='ocrx_word' id='word_1_513' title='bbox 1140 4440 1347 4493; x_wconf 81' lang='lat' dir='ltr'>Zosimi</span> <span class='ocrx_word' id='word_1_514' title='bbox 1379 4436 1585 4492; x_wconf 77' lang='lat' dir='ltr'>Cilicis.</span> 
     </span>
    </p>
   </div>
   <div class='ocr_carea' id='block_1_78' title="bbox 401 4525 1979 4587">
    <p class='ocr_par' dir='ltr' id='par_1_78' title="bbox 401 4525 1979 4587">
     <span class='ocr_line' id='line_1_78' title="bbox 401 4525 1979 4587; baseline -0.004 0"><span class='ocrx_word' id='word_1_515' title='bbox 401 4529 773 4587; x_wconf 86' lang='lat' dir='ltr'>Perreximus</span> <span class='ocrx_word' id='word_1_516' title='bbox 785 4530 856 4584; x_wconf 90' lang='lat' dir='ltr'>ad</span> <span class='ocrx_word' id='word_1_517' title='bbox 874 4528 1141 4583; x_wconf 89' lang='lat' dir='ltr'>abbatem</span> <span class='ocrx_word' id='word_1_518' title='bbox 1156 4525 1691 4582; x_wconf 88' lang='lat' dir='ltr'>ZosimumCilicem</span> <span class='ocrx_word' id='word_1_519' title='bbox 1710 4525 1767 4579; x_wconf 92' lang='lat' dir='ltr'>in</span> <span class='ocrx_word' id='word_1_520' title='bbox 1786 4530 1979 4581; x_wconf 90' lang='lat' dir='ltr'>monte</span> 
     </span>
    </p>
   </div>
   <div class='ocr_carea' id='block_1_79' title="bbox 326 4615 1977 4686">
    <p class='ocr_par' dir='ltr' id='par_1_79' title="bbox 326 4615 1977 4686">
     <span class='ocr_line' id='line_1_79' title="bbox 326 4615 1977 4686; baseline -0.005 -9"><span class='ocrx_word' id='word_1_521' title='bbox 326 4622 492 4686; x_wconf 87' lang='lat' dir='ltr'>Sina,</span> <span class='ocrx_word' id='word_1_522' title='bbox 509 4620 609 4674; x_wconf 88' lang='lat' dir='ltr'>ubi</span> <span class='ocrx_word' id='word_1_523' title='bbox 631 4618 991 4684; x_wconf 87' lang='lat' dir='ltr'>morabatur;</span> <span class='ocrx_word' id='word_1_524' title='bbox 1012 4623 1282 4672; x_wconf 85' lang='lat' dir='ltr'>renuerat</span> <span class='ocrx_word' id='word_1_525' title='bbox 1298 4615 1455 4670; x_wconf 90' lang='lat' dir='ltr'>enim</span> <span class='ocrx_word' id='word_1_526' title='bbox 1472 4615 1872 4685; x_wconf 87' lang='lat' dir='ltr'>episcopatum</span> <span class='ocrx_word' id='word_1_527' title='bbox 1888 4631 1977 4669; x_wconf 88' lang='lat' dir='ltr'>se-</span> 
     </span>
    </p>
   </div>
   <div class='ocr_carea' id='block_1_80' title="bbox 325 4703 1979 4781">
    <p class='ocr_par' dir='ltr' id='par_1_80' title="bbox 325 4703 1979 4781">
     <span class='ocr_line' id='line_1_80' title="bbox 325 4703 1979 4781; baseline -0.005 -15"><span class='ocrx_word' id='word_1_528' title='bbox 325 4727 459 4781; x_wconf 88' lang='lat' dir='ltr'>nex,</span> <span class='ocrx_word' id='word_1_529' title='bbox 491 4715 549 4765; x_wconf 87' lang='lat' dir='ltr'>et</span> <span class='ocrx_word' id='word_1_530' title='bbox 578 4708 829 4764; x_wconf 82' lang='lat' dir='ltr'>redierat</span> <span class='ocrx_word' id='word_1_531' title='bbox 858 4707 916 4760; x_wconf 90' lang='lat' dir='ltr'>in</span> <span class='ocrx_word' id='word_1_532' title='bbox 948 4704 1242 4774; x_wconf 86' lang='lat' dir='ltr'>cellulam,</span> <span class='ocrx_word' id='word_1_533' title='bbox 1270 4721 1462 4759; x_wconf 90' lang='lat' dir='ltr'>suam.</span> <span class='ocrx_word' id='word_1_534' title='bbox 1490 4704 1624 4758; x_wconf 90' lang='lat' dir='ltr'>Erat</span> <span class='ocrx_word' id='word_1_535' title='bbox 1656 4708 1848 4757; x_wconf 86' lang='lat' dir='ltr'>autem</span> <span class='ocrx_word' id='word_1_536' title='bbox 1892 4703 1979 4759; x_wconf 91' lang='lat' dir='ltr'>vir</span> 
     </span>
    </p>
   </div>
   <div class='ocr_carea' id='block_1_81' title="bbox 330 4792 1972 4871">
    <p class='ocr_par' dir='ltr' id='par_1_81' title="bbox 330 4792 1972 4871">
     <span class='ocr_line' id='line_1_81' title="bbox 330 4792 1972 4871; baseline -0.004 -17"><span class='ocrx_word' id='word_1_537' title='bbox 330 4815 561 4871; x_wconf 65' lang='lat' dir='ltr'>magnai</span> <span class='ocrx_word' id='word_1_538' title='bbox 587 4795 978 4861; x_wconf 69' lang='lat' dir='ltr'>abstinentiae,</span> <span class='ocrx_word' id='word_1_539' title='bbox 993 4793 1362 4865; x_wconf 85' lang='lat' dir='ltr'>narravitque</span> <span class='ocrx_word' id='word_1_540' title='bbox 1376 4793 1566 4861; x_wconf 91' lang='lat' dir='ltr'>nobis,</span> <span class='ocrx_word' id='word_1_541' title='bbox 1586 4792 1805 4847; x_wconf 88' lang='lat' dir='ltr'>dicens:</span> <span class='ocrx_word' id='word_1_542' title='bbox 1828 4792 1972 4848; x_wconf 91' lang='lat' dir='ltr'>Cum</span> 
     </span>
    </p>
   </div>
   <div class='ocr_carea' id='block_1_82' title="bbox 320 4881 1975 4957">
    <p class='ocr_par' dir='ltr' id='par_1_82' title="bbox 320 4881 1975 4957">
     <span class='ocr_line' id='line_1_82' title="bbox 320 4881 1975 4957; baseline -0.004 -14"><span class='ocrx_word' id='word_1_543' title='bbox 320 4904 515 4943; x_wconf 81' lang='lat' dir='ltr'>essem</span> <span class='ocrx_word' id='word_1_544' title='bbox 547 4886 775 4957; x_wconf 88' lang='lat' dir='ltr'>junior,</span> <span class='ocrx_word' id='word_1_545' title='bbox 805 4884 953 4940; x_wconf 83' lang='lat' dir='ltr'>exivi</span> <span class='ocrx_word' id='word_1_546' title='bbox 977 4884 1047 4939; x_wconf 89' lang='lat' dir='ltr'>de</span> <span class='ocrx_word' id='word_1_547' title='bbox 1068 4883 1228 4951; x_wconf 89' lang='lat' dir='ltr'>Sina,</span> <span class='ocrx_word' id='word_1_548' title='bbox 1246 4886 1303 4937; x_wconf 92' lang='lat' dir='ltr'>et</span> <span class='ocrx_word' id='word_1_549' title='bbox 1323 4882 1437 4937; x_wconf 91' lang='lat' dir='ltr'>abii</span> <span class='ocrx_word' id='word_1_550' title='bbox 1458 4881 1515 4935; x_wconf 91' lang='lat' dir='ltr'>in</span> <span class='ocrx_word' id='word_1_551' title='bbox 1536 4885 1975 4937; x_wconf 85' lang='lat' dir='ltr'>Ammoniacem</span> 
     </span>
    </p>
   </div>
   <div class='ocr_carea' id='block_1_83' title="bbox 320 4970 1976 5043">
    <p class='ocr_par' dir='ltr' id='par_1_83' title="bbox 320 4970 1976 5043">
     <span class='ocr_line' id='line_1_83' title="bbox 320 4970 1976 5043; baseline -0.004 -9"><span class='ocrx_word' id='word_1_552' title='bbox 320 4982 388 5034; x_wconf 86' lang='lat' dir='ltr'>ut</span> <span class='ocrx_word' id='word_1_553' title='bbox 408 4975 536 5032; x_wconf 88' lang='lat' dir='ltr'>illic</span> <span class='ocrx_word' id='word_1_554' title='bbox 561 4991 842 5041; x_wconf 88' lang='lat' dir='ltr'>morarer,</span> <span class='ocrx_word' id='word_1_555' title='bbox 864 4972 1178 5043; x_wconf 88' lang='lat' dir='ltr'>invenique</span> <span class='ocrx_word' id='word_1_556' title='bbox 1203 4972 1282 5027; x_wconf 89' lang='lat' dir='ltr'>ibi</span> <span class='ocrx_word' id='word_1_557' title='bbox 1300 4987 1499 5027; x_wconf 88' lang='lat' dir='ltr'>senem</span> <span class='ocrx_word' id='word_1_558' title='bbox 1524 4970 1800 5026; x_wconf 90' lang='lat' dir='ltr'>vestitum</span> <span class='ocrx_word' id='word_1_559' title='bbox 1824 4970 1976 5027; x_wconf 89' lang='lat' dir='ltr'>colo-</span> 
     </span>
    </p>
   </div>
   <div class='ocr_carea' id='block_1_84' title="bbox 316 5060 1974 5130">
    <p class='ocr_par' dir='ltr' id='par_1_84' title="bbox 316 5060 1974 5130">
     <span class='ocr_line' id='line_1_84' title="bbox 316 5060 1974 5130; baseline -0.005 -8"><span class='ocrx_word' id='word_1_560' title='bbox 316 5067 417 5122; x_wconf 90' lang='lat' dir='ltr'>bio</span> <span class='ocrx_word' id='word_1_561' title='bbox 449 5066 523 5121; x_wconf 90' lang='lat' dir='ltr'>de</span> <span class='ocrx_word' id='word_1_562' title='bbox 552 5064 963 5120; x_wconf 85' lang='lat' dir='ltr'>sibino.Senex</span> <span class='ocrx_word' id='word_1_563' title='bbox 993 5066 1188 5117; x_wconf 88' lang='lat' dir='ltr'>autem</span> <span class='ocrx_word' id='word_1_564' title='bbox 1221 5064 1285 5115; x_wconf 88' lang='lat' dir='ltr'>ut</span> <span class='ocrx_word' id='word_1_565' title='bbox 1312 5060 1459 5115; x_wconf 90' lang='lat' dir='ltr'>vidit</span> <span class='ocrx_word' id='word_1_566' title='bbox 1490 5076 1602 5126; x_wconf 90' lang='lat' dir='ltr'>me,</span> <span class='ocrx_word' id='word_1_567' title='bbox 1630 5060 1974 5130; x_wconf 86' lang='lat' dir='ltr'>priusquam</span> 
     </span>
    </p>
   </div>
   <div class='ocr_carea' id='block_1_85' title="bbox 317 5148 1974 5221">
    <p class='ocr_par' dir='ltr' id='par_1_85' title="bbox 317 5148 1974 5221">
     <span class='ocr_line' id='line_1_85' title="bbox 317 5148 1974 5221; baseline -0.005 -10"><span class='ocrx_word' id='word_1_568' title='bbox 317 5156 490 5211; x_wconf 87' lang='lat' dir='ltr'>illum</span> <span class='ocrx_word' id='word_1_569' title='bbox 524 5153 870 5221; x_wconf 87' lang='lat' dir='ltr'>salutarem,</span> <span class='ocrx_word' id='word_1_570' title='bbox 899 5152 980 5206; x_wconf 89' lang='lat' dir='ltr'>ait</span> <span class='ocrx_word' id='word_1_571' title='bbox 1012 5148 1179 5205; x_wconf 87' lang='lat' dir='ltr'>mihi:</span> <span class='ocrx_word' id='word_1_572' title='bbox 1214 5148 1361 5213; x_wconf 91' lang='lat' dir='ltr'>Quid</span> <span class='ocrx_word' id='word_1_573' title='bbox 1388 5148 1501 5204; x_wconf 91' lang='lat' dir='ltr'>huc</span> <span class='ocrx_word' id='word_1_574' title='bbox 1532 5148 1842 5212; x_wconf 89' lang='lat' dir='ltr'>advenisti,</span> <span class='ocrx_word' id='word_1_575' title='bbox 1867 5150 1974 5203; x_wconf 87' lang='lat' dir='ltr'>Zo-</span> 
     </span>
    </p>
   </div>
   <div class='ocr_carea' id='block_1_86' title="bbox 316 5236 1976 5311">
    <p class='ocr_par' dir='ltr' id='par_1_86' title="bbox 316 5236 1976 5311">
     <span class='ocr_line' id='line_1_86' title="bbox 316 5236 1976 5311; baseline -0.005 -10"><span class='ocrx_word' id='word_1_576' title='bbox 316 5245 501 5301; x_wconf 78' lang='lat' dir='ltr'>sime?</span> <span class='ocrx_word' id='word_1_577' title='bbox 532 5243 699 5311; x_wconf 87' lang='lat' dir='ltr'>vade,</span> <span class='ocrx_word' id='word_1_578' title='bbox 735 5258 848 5297; x_wconf 91' lang='lat' dir='ltr'>non</span> <span class='ocrx_word' id='word_1_579' title='bbox 872 5241 1028 5295; x_wconf 89' lang='lat' dir='ltr'>enim</span> <span class='ocrx_word' id='word_1_580' title='bbox 1053 5243 1217 5311; x_wconf 88' lang='lat' dir='ltr'>potes</span> <span class='ocrx_word' id='word_1_581' title='bbox 1248 5238 1342 5294; x_wconf 90' lang='lat' dir='ltr'>hic</span> <span class='ocrx_word' id='word_1_582' title='bbox 1373 5238 1595 5293; x_wconf 88' lang='lat' dir='ltr'>sedere.</span> <span class='ocrx_word' id='word_1_583' title='bbox 1622 5236 1976 5293; x_wconf 86' lang='lat' dir='ltr'>Existimans</span> 
     </span>
    </p>
   </div>
   <div class='ocr_carea' id='block_1_87' title="bbox 319 5327 1973 5405">
    <p class='ocr_par' dir='ltr' id='par_1_87' title="bbox 319 5327 1973 5405">
     <span class='ocr_line' id='line_1_87' title="bbox 319 5327 1973 5405; baseline -0.006 -14"><span class='ocrx_word' id='word_1_584' title='bbox 319 5341 519 5391; x_wconf 88' lang='lat' dir='ltr'>autem</span> <span class='ocrx_word' id='word_1_585' title='bbox 557 5333 698 5405; x_wconf 88' lang='lat' dir='ltr'>quia</span> <span class='ocrx_word' id='word_1_586' title='bbox 719 5329 1089 5403; x_wconf 87' lang='lat' dir='ltr'>cognovisset</span> <span class='ocrx_word' id='word_1_587' title='bbox 1107 5344 1219 5397; x_wconf 89' lang='lat' dir='ltr'>me,</span> <span class='ocrx_word' id='word_1_588' title='bbox 1239 5327 1526 5399; x_wconf 89' lang='lat' dir='ltr'>prostravi</span> <span class='ocrx_word' id='word_1_589' title='bbox 1553 5343 1644 5383; x_wconf 88' lang='lat' dir='ltr'>me</span> <span class='ocrx_word' id='word_1_590' title='bbox 1659 5332 1792 5382; x_wconf 88' lang='lat' dir='ltr'>ante</span> <span class='ocrx_word' id='word_1_591' title='bbox 1808 5327 1973 5382; x_wconf 90' lang='lat' dir='ltr'>illum</span> 
     </span>
    </p>
   </div>
   <div class='ocr_carea' id='block_1_88' title="bbox 320 5417 1974 5485">
    <p class='ocr_par' dir='ltr' id='par_1_88' title="bbox 320 5417 1974 5485">
     <span class='ocr_line' id='line_1_88' title="bbox 320 5417 1974 5485; baseline -0.006 -5"><span class='ocrx_word' id='word_1_592' title='bbox 320 5426 549 5480; x_wconf 86' lang='lat' dir='ltr'>dicens:</span> <span class='ocrx_word' id='word_1_593' title='bbox 588 5424 695 5478; x_wconf 83' lang='lat' dir='ltr'>Fac</span> <span class='ocrx_word' id='word_1_594' title='bbox 717 5420 1086 5485; x_wconf 88' lang='lat' dir='ltr'>charitatem,</span> <span class='ocrx_word' id='word_1_595' title='bbox 1120 5418 1307 5484; x_wconf 87' lang='lat' dir='ltr'>Pater,</span> <span class='ocrx_word' id='word_1_596' title='bbox 1342 5418 1495 5473; x_wconf 91' lang='lat' dir='ltr'>unde</span> <span class='ocrx_word' id='word_1_597' title='bbox 1530 5432 1620 5471; x_wconf 90' lang='lat' dir='ltr'>me</span> <span class='ocrx_word' id='word_1_598' title='bbox 1645 5417 1829 5471; x_wconf 82' lang='lat' dir='ltr'>nosti?</span> <span class='ocrx_word' id='word_1_599' title='bbox 1875 5417 1974 5471; x_wconf 84' lang='lat' dir='ltr'>Se-</span> 
     </span>
    </p>
   </div>
   <div class='ocr_carea' id='block_1_89' title="bbox 323 5506 1974 5578">
    <p class='ocr_par' dir='ltr' id='par_1_89' title="bbox 323 5506 1974 5578">
     <span class='ocr_line' id='line_1_89' title="bbox 323 5506 1974 5578; baseline -0.007 -8"><span class='ocrx_word' id='word_1_600' title='bbox 323 5531 437 5570; x_wconf 90' lang='lat' dir='ltr'>nex</span> <span class='ocrx_word' id='word_1_601' title='bbox 467 5518 665 5569; x_wconf 88' lang='lat' dir='ltr'>autem</span> <span class='ocrx_word' id='word_1_602' title='bbox 698 5510 846 5565; x_wconf 83' lang='lat' dir='ltr'>dixit</span> <span class='ocrx_word' id='word_1_603' title='bbox 874 5507 1358 5563; x_wconf 78' lang='lat' dir='ltr'>mibizAnteduos</span> <span class='ocrx_word' id='word_1_604' title='bbox 1390 5506 1515 5561; x_wconf 89' lang='lat' dir='ltr'>dies</span> <span class='ocrx_word' id='word_1_605' title='bbox 1538 5507 1811 5578; x_wconf 89' lang='lat' dir='ltr'>apparuit</span> <span class='ocrx_word' id='word_1_606' title='bbox 1834 5506 1974 5561; x_wconf 87' lang='lat' dir='ltr'>mihi</span> 
     </span>
    </p>
   </div>
   <div class='ocr_carea' id='block_1_90' title="bbox 327 5595 1974 5677">
    <p class='ocr_par' dir='ltr' id='par_1_90' title="bbox 327 5595 1974 5677">
     <span class='ocr_line' id='line_1_90' title="bbox 327 5595 1974 5677; baseline -0.005 -18"><span class='ocrx_word' id='word_1_607' title='bbox 327 5604 595 5677; x_wconf 87' lang='lat' dir='ltr'>quidam,</span> <span class='ocrx_word' id='word_1_608' title='bbox 629 5601 854 5656; x_wconf 87' lang='lat' dir='ltr'>dicens:</span> <span class='ocrx_word' id='word_1_609' title='bbox 886 5599 1027 5654; x_wconf 88' lang='lat' dir='ltr'>Ecce</span> <span class='ocrx_word' id='word_1_610' title='bbox 1056 5596 1185 5652; x_wconf 89' lang='lat' dir='ltr'>veni</span> <span class='ocrx_word' id='word_1_611' title='bbox 1218 5600 1276 5651; x_wconf 86' lang='lat' dir='ltr'>et</span> <span class='ocrx_word' id='word_1_612' title='bbox 1307 5596 1374 5651; x_wconf 89' lang='lat' dir='ltr'>ad</span> <span class='ocrx_word' id='word_1_613' title='bbox 1402 5600 1457 5651; x_wconf 91' lang='lat' dir='ltr'>te</span> <span class='ocrx_word' id='word_1_614' title='bbox 1488 5595 1807 5651; x_wconf 79' lang='lat' dir='ltr'>monachus</span> <span class='ocrx_word' id='word_1_615' title='bbox 1841 5597 1974 5668; x_wconf 89' lang='lat' dir='ltr'>qui-</span> 
     </span>
    </p>
   </div>
   <div class='ocr_carea' id='block_1_91' title="bbox 325 5684 1975 5762">
    <p class='ocr_par' dir='ltr' id='par_1_91' title="bbox 325 5684 1975 5762">
     <span class='ocr_line' id='line_1_91' title="bbox 325 5684 1975 5762; baseline -0.005 -12"><span class='ocrx_word' id='word_1_616' title='bbox 325 5694 486 5762; x_wconf 87' lang='lat' dir='ltr'>dam,</span> <span class='ocrx_word' id='word_1_617' title='bbox 511 5689 752 5748; x_wconf 88' lang='lat' dir='ltr'>nomine</span> <span class='ocrx_word' id='word_1_618' title='bbox 781 5688 1045 5745; x_wconf 90' lang='lat' dir='ltr'>Zosimus</span> <span class='ocrx_word' id='word_1_619' title='bbox 1069 5705 1083 5756; x_wconf 95' lang='lat'>;</span> <span class='ocrx_word' id='word_1_620' title='bbox 1104 5703 1217 5743; x_wconf 90' lang='lat' dir='ltr'>non</span> <span class='ocrx_word' id='word_1_621' title='bbox 1244 5685 1545 5758; x_wconf 84' lang='lat' dir='ltr'>permittas</span> <span class='ocrx_word' id='word_1_622' title='bbox 1575 5702 1709 5742; x_wconf 90' lang='lat' dir='ltr'>eum</span> <span class='ocrx_word' id='word_1_623' title='bbox 1743 5684 1835 5742; x_wconf 87' lang='lat' dir='ltr'>hic</span> <span class='ocrx_word' id='word_1_624' title='bbox 1860 5703 1975 5742; x_wconf 89' lang='lat' dir='ltr'>ma-</span> 
     </span>
    </p>
   </div>
   <div class='ocr_carea' id='block_1_92' title="bbox 2085 3305 3736 3374">
    <p class='ocr_par' dir='ltr' id='par_1_92' title="bbox 2085 3305 3736 3374">
     <span class='ocr_line' id='line_1_92' title="bbox 2085 3305 3736 3374; baseline -0.003 -10"><span class='ocrx_word' id='word_1_625' title='bbox 2085 3309 2267 3365; x_wconf 89' lang='lat' dir='ltr'>mihi:</span> <span class='ocrx_word' id='word_1_626' title='bbox 2301 3309 2448 3373; x_wconf 89' lang='lat' dir='ltr'>Quid</span> <span class='ocrx_word' id='word_1_627' title='bbox 2485 3312 2594 3374; x_wconf 89' lang='lat' dir='ltr'>est,</span> <span class='ocrx_word' id='word_1_628' title='bbox 2627 3308 2782 3363; x_wconf 90' lang='lat' dir='ltr'>abba</span> <span class='ocrx_word' id='word_1_629' title='bbox 2810 3306 3067 3363; x_wconf 86' lang='lat' dir='ltr'>Zosime?</span> <span class='ocrx_word' id='word_1_630' title='bbox 3096 3310 3368 3361; x_wconf 90' lang='lat' dir='ltr'>mortuus</span> <span class='ocrx_word' id='word_1_631' title='bbox 3398 3310 3489 3360; x_wconf 90' lang='lat' dir='ltr'>est</span> <span class='ocrx_word' id='word_1_632' title='bbox 3518 3305 3736 3360; x_wconf 79' lang='lat' dir='ltr'>frater?</span> 
     </span>
    </p>
   </div>
   <div class='ocr_carea' id='block_1_93' title="bbox 2084 3395 3734 3467">
    <p class='ocr_par' dir='ltr' id='par_1_93' title="bbox 2084 3395 3734 3467">
     <span class='ocr_line' id='line_1_93' title="bbox 2084 3395 3734 3467; baseline -0.002 -13"><span class='ocrx_word' id='word_1_633' title='bbox 2084 3399 2223 3455; x_wconf 91' lang='lat' dir='ltr'>Dico</span> <span class='ocrx_word' id='word_1_634' title='bbox 2251 3397 2407 3453; x_wconf 90' lang='lat' dir='ltr'>illis:</span> <span class='ocrx_word' id='word_1_635' title='bbox 2444 3399 2525 3453; x_wconf 86' lang='lat' dir='ltr'>Ita</span> <span class='ocrx_word' id='word_1_636' title='bbox 2558 3414 2722 3464; x_wconf 90' lang='lat' dir='ltr'>sane,</span> <span class='ocrx_word' id='word_1_637' title='bbox 2752 3402 3022 3453; x_wconf 90' lang='lat' dir='ltr'>mortuus</span> <span class='ocrx_word' id='word_1_638' title='bbox 3052 3400 3155 3453; x_wconf 90' lang='lat' dir='ltr'>est.</span> <span class='ocrx_word' id='word_1_639' title='bbox 3205 3395 3520 3451; x_wconf 79' lang='lat' dir='ltr'>Venientes</span> <span class='ocrx_word' id='word_1_640' title='bbox 3551 3395 3734 3467; x_wconf 91' lang='lat' dir='ltr'>igitur</span> 
     </span>
    </p>
   </div>
   <div class='ocr_carea' id='block_1_94' title="bbox 2085 3486 3728 3559">
    <p class='ocr_par' dir='ltr' id='par_1_94' title="bbox 2085 3486 3728 3559">
     <span class='ocr_line' id='line_1_94' title="bbox 2085 3486 3728 3559; baseline -0.003 -14"><span class='ocrx_word' id='word_1_641' title='bbox 2085 3505 2339 3552; x_wconf 88' lang='lat' dir='ltr'>mecum,</span> <span class='ocrx_word' id='word_1_642' title='bbox 2364 3488 2742 3559; x_wconf 88' lang='lat' dir='ltr'>videnlesque</span> <span class='ocrx_word' id='word_1_643' title='bbox 2770 3487 2966 3559; x_wconf 90' lang='lat' dir='ltr'>ipsum</span> <span class='ocrx_word' id='word_1_644' title='bbox 3021 3486 3080 3542; x_wconf 92' lang='lat' dir='ltr'>in</span> <span class='ocrx_word' id='word_1_645' title='bbox 3114 3487 3605 3558; x_wconf 88' lang='lat' dir='ltr'>terrajacentem,</span> <span class='ocrx_word' id='word_1_646' title='bbox 3638 3486 3728 3540; x_wconf 92' lang='lat' dir='ltr'>di-</span> 
     </span>
    </p>
   </div>
   <div class='ocr_carea' id='block_1_95' title="bbox 2085 3574 3729 3644">
    <p class='ocr_par' dir='ltr' id='par_1_95' title="bbox 2085 3574 3729 3644">
     <span class='ocr_line' id='line_1_95' title="bbox 2085 3574 3729 3644; baseline -0.003 -11"><span class='ocrx_word' id='word_1_647' title='bbox 2085 3583 2226 3634; x_wconf 90' lang='lat' dir='ltr'>cunt</span> <span class='ocrx_word' id='word_1_648' title='bbox 2259 3577 2403 3632; x_wconf 90' lang='lat' dir='ltr'>mihi</span> <span class='ocrx_word' id='word_1_649' title='bbox 2432 3594 2445 3632; x_wconf 92' lang='lat'>:</span> <span class='ocrx_word' id='word_1_650' title='bbox 2472 3577 2597 3633; x_wconf 87' lang='lat' dir='ltr'>Noli</span> <span class='ocrx_word' id='word_1_651' title='bbox 2623 3577 3140 3644; x_wconf 89' lang='lat' dir='ltr'>contristari,abba</span> <span class='ocrx_word' id='word_1_652' title='bbox 3167 3576 3393 3632; x_wconf 89' lang='lat' dir='ltr'>Zosime</span> <span class='ocrx_word' id='word_1_653' title='bbox 3414 3595 3428 3644; x_wconf 97' lang='lat'>;</span> <span class='ocrx_word' id='word_1_654' title='bbox 3450 3576 3618 3631; x_wconf 89' lang='lat' dir='ltr'>adest</span> <span class='ocrx_word' id='word_1_655' title='bbox 3638 3574 3729 3629; x_wconf 88' lang='lat' dir='ltr'>di-</span> 
     </span>
    </p>
   </div>
   <div class='ocr_carea' id='block_1_96' title="bbox 2082 3663 3731 3737">
    <p class='ocr_par' dir='ltr' id='par_1_96' title="bbox 2082 3663 3731 3737">
     <span class='ocr_line' id='line_1_96' title="bbox 2082 3663 3731 3737; baseline -0.004 -14"><span class='ocrx_word' id='word_1_656' title='bbox 2082 3668 2287 3723; x_wconf 91' lang='lat' dir='ltr'>vinum</span> <span class='ocrx_word' id='word_1_657' title='bbox 2316 3666 2700 3737; x_wconf 87' lang='lat' dir='ltr'>adjutorium.</span> <span class='ocrx_word' id='word_1_658' title='bbox 2722 3666 3129 3737; x_wconf 87' lang='lat' dir='ltr'>Vocantesque</span> <span class='ocrx_word' id='word_1_659' title='bbox 3163 3666 3398 3719; x_wconf 89' lang='lat' dir='ltr'>fratrem</span> <span class='ocrx_word' id='word_1_660' title='bbox 3424 3663 3731 3719; x_wconf 86' lang='lat' dir='ltr'>dixerunt:</span> 
     </span>
    </p>
   </div>
   <div class='ocr_carea' id='block_1_97' title="bbox 2086 3754 3736 3829">
    <p class='ocr_par' dir='ltr' id='par_1_97' title="bbox 2086 3754 3736 3829">
     <span class='ocr_line' id='line_1_97' title="bbox 2086 3754 3736 3829; baseline -0.004 -15"><span class='ocrx_word' id='word_1_661' title='bbox 2086 3759 2286 3814; x_wconf 90' lang='lat' dir='ltr'>Frater</span> <span class='ocrx_word' id='word_1_662' title='bbox 2304 3757 2586 3823; x_wconf 86' lang='lat' dir='ltr'>Joannes,</span> <span class='ocrx_word' id='word_1_663' title='bbox 2619 3774 2815 3829; x_wconf 85' lang='lat' dir='ltr'>surge,</span> <span class='ocrx_word' id='word_1_664' title='bbox 2848 3757 2985 3827; x_wconf 91' lang='lat' dir='ltr'>quia</span> <span class='ocrx_word' id='word_1_665' title='bbox 3012 3773 3187 3812; x_wconf 87' lang='lat' dir='ltr'>senex</span> <span class='ocrx_word' id='word_1_666' title='bbox 3217 3760 3273 3811; x_wconf 90' lang='lat' dir='ltr'>te</span> <span class='ocrx_word' id='word_1_667' title='bbox 3332 3772 3480 3827; x_wconf 89' lang='lat' dir='ltr'>opus</span> <span class='ocrx_word' id='word_1_668' title='bbox 3539 3754 3736 3811; x_wconf 91' lang='lat' dir='ltr'>habet.</span> 
     </span>
    </p>
   </div>
   <div class='ocr_carea' id='block_1_98' title="bbox 2085 3846 3738 3917">
    <p class='ocr_par' dir='ltr' id='par_1_98' title="bbox 2085 3846 3738 3917">
     <span class='ocr_line' id='line_1_98' title="bbox 2085 3846 3738 3917; baseline -0.002 -15"><span class='ocrx_word' id='word_1_669' title='bbox 2085 3846 2490 3917; x_wconf 90' lang='lat' dir='ltr'>Continuoque</span> <span class='ocrx_word' id='word_1_670' title='bbox 2518 3846 2766 3901; x_wconf 87' lang='lat' dir='ltr'>surrexit</span> <span class='ocrx_word' id='word_1_671' title='bbox 2800 3847 2976 3901; x_wconf 89' lang='lat' dir='ltr'>frater</span> <span class='ocrx_word' id='word_1_672' title='bbox 2989 3847 3058 3902; x_wconf 92' lang='lat' dir='ltr'>de</span> <span class='ocrx_word' id='word_1_673' title='bbox 3077 3850 3252 3902; x_wconf 89' lang='lat' dir='ltr'>terra.</span> <span class='ocrx_word' id='word_1_674' title='bbox 3272 3846 3608 3911; x_wconf 69' lang='lat' dir='ltr'>Quaerentes</span> <span class='ocrx_word' id='word_1_675' title='bbox 3631 3861 3738 3899; x_wconf 91' lang='lat' dir='ltr'>au-</span> 
     </span>
    </p>
   </div>
   <div class='ocr_carea' id='block_1_99' title="bbox 2084 3934 3735 4005">
    <p class='ocr_par' dir='ltr' id='par_1_99' title="bbox 2084 3934 3735 4005">
     <span class='ocr_line' id='line_1_99' title="bbox 2084 3934 3735 4005; baseline -0.002 -14"><span class='ocrx_word' id='word_1_676' title='bbox 2084 3941 2201 3993; x_wconf 91' lang='lat' dir='ltr'>tem</span> <span class='ocrx_word' id='word_1_677' title='bbox 2236 3935 2507 4005; x_wconf 88' lang='lat' dir='ltr'>bestiam,</span> <span class='ocrx_word' id='word_1_678' title='bbox 2540 3940 2595 3989; x_wconf 90' lang='lat' dir='ltr'>et</span> <span class='ocrx_word' id='word_1_679' title='bbox 2629 3936 3009 4002; x_wconf 88' lang='lat' dir='ltr'>invenientes,</span> <span class='ocrx_word' id='word_1_680' title='bbox 3044 3938 3357 3991; x_wconf 82' lang='lat' dir='ltr'>tenuerunt</span> <span class='ocrx_word' id='word_1_681' title='bbox 3386 3950 3537 4001; x_wconf 90' lang='lat' dir='ltr'>eam,</span> <span class='ocrx_word' id='word_1_682' title='bbox 3579 3938 3637 3989; x_wconf 88' lang='lat' dir='ltr'>et</span> <span class='ocrx_word' id='word_1_683' title='bbox 3676 3934 3735 3988; x_wconf 93' lang='lat' dir='ltr'>in</span> 
     </span>
    </p>
   </div>
   <div class='ocr_carea' id='block_1_100' title="bbox 2085 4024 3731 4098">
    <p class='ocr_par' dir='ltr' id='par_1_100' title="bbox 2085 4024 3731 4098">
     <span class='ocr_line' id='line_1_100' title="bbox 2085 4024 3731 4098; baseline -0.001 -17"><span class='ocrx_word' id='word_1_684' title='bbox 2085 4030 2401 4097; x_wconf 88' lang='lat' dir='ltr'>conspectu</span> <span class='ocrx_word' id='word_1_685' title='bbox 2437 4029 2637 4080; x_wconf 89' lang='lat' dir='ltr'>nostro</span> <span class='ocrx_word' id='word_1_686' title='bbox 2666 4024 2825 4079; x_wconf 90' lang='lat' dir='ltr'>illam</span> <span class='ocrx_word' id='word_1_687' title='bbox 2854 4026 2911 4081; x_wconf 92' lang='lat' dir='ltr'>in</span> <span class='ocrx_word' id='word_1_688' title='bbox 2948 4027 3093 4081; x_wconf 85' lang='lat' dir='ltr'>duas</span> <span class='ocrx_word' id='word_1_689' title='bbox 3112 4029 3307 4098; x_wconf 88' lang='lat' dir='ltr'>partes</span> <span class='ocrx_word' id='word_1_690' title='bbox 3329 4024 3731 4096; x_wconf 89' lang='lat' dir='ltr'>disruperunt.</span> 
     </span>
    </p>
   </div>
   <div class='ocr_carea' id='block_1_101' title="bbox 2083 4111 3738 4180">
    <p class='ocr_par' dir='ltr' id='par_1_101' title="bbox 2083 4111 3738 4180">
     <span class='ocr_line' id='line_1_101' title="bbox 2083 4111 3738 4180; baseline 0 -11"><span class='ocrx_word' id='word_1_691' title='bbox 2083 4114 2247 4169; x_wconf 90' lang='lat' dir='ltr'>Tunc</span> <span class='ocrx_word' id='word_1_692' title='bbox 2271 4112 2475 4167; x_wconf 91' lang='lat' dir='ltr'>dicunt</span> <span class='ocrx_word' id='word_1_693' title='bbox 2494 4111 2639 4166; x_wconf 88' lang='lat' dir='ltr'>mihi</span> <span class='ocrx_word' id='word_1_694' title='bbox 2666 4112 2859 4167; x_wconf 90' lang='lat' dir='ltr'>:Abba</span> <span class='ocrx_word' id='word_1_695' title='bbox 2875 4113 3123 4180; x_wconf 88' lang='lat' dir='ltr'>Zosime,</span> <span class='ocrx_word' id='word_1_696' title='bbox 3143 4114 3288 4168; x_wconf 90' lang='lat' dir='ltr'>vade</span> <span class='ocrx_word' id='word_1_697' title='bbox 3307 4114 3364 4167; x_wconf 92' lang='lat' dir='ltr'>in</span> <span class='ocrx_word' id='word_1_698' title='bbox 3383 4113 3521 4168; x_wconf 78' lang='lat' dir='ltr'>Sina</span> <span class='ocrx_word' id='word_1_699' title='bbox 3544 4129 3557 4168; x_wconf 89' lang='lat'><strong>:</strong></span> <span class='ocrx_word' id='word_1_700' title='bbox 3584 4113 3738 4169; x_wconf 90' lang='lat' dir='ltr'>Deus</span> 
     </span>
    </p>
   </div>
   <div class='ocr_carea' id='block_1_102' title="bbox 2087 4199 3741 4272">
    <p class='ocr_par' dir='ltr' id='par_1_102' title="bbox 2087 4199 3741 4272">
     <span class='ocr_line' id='line_1_102' title="bbox 2087 4199 3741 4272; baseline -0.001 -15"><span class='ocrx_word' id='word_1_701' title='bbox 2087 4202 2241 4257; x_wconf 90' lang='lat' dir='ltr'>enim</span> <span class='ocrx_word' id='word_1_702' title='bbox 2268 4201 2755 4256; x_wconf 70' lang='lat' dir='ltr'>tibicommittere</span> <span class='ocrx_word' id='word_1_703' title='bbox 2778 4199 2903 4256; x_wconf 90' lang='lat' dir='ltr'>vult</span> <span class='ocrx_word' id='word_1_704' title='bbox 2923 4200 3228 4256; x_wconf 88' lang='lat' dir='ltr'>ecclesiam</span> <span class='ocrx_word' id='word_1_705' title='bbox 3256 4200 3741 4272; x_wconf 87' lang='lat' dir='ltr'>Babylonis.Con-</span> 
     </span>
    </p>
   </div>
   <div class='ocr_carea' id='block_1_103' title="bbox 2085 4290 3737 4362">
    <p class='ocr_par' dir='ltr' id='par_1_103' title="bbox 2085 4290 3737 4362">
     <span class='ocr_line' id='line_1_103' title="bbox 2085 4290 3737 4362; baseline -0.001 -15"><span class='ocrx_word' id='word_1_706' title='bbox 2085 4292 2249 4347; x_wconf 88' lang='lat' dir='ltr'>tinuo</span> <span class='ocrx_word' id='word_1_707' title='bbox 2266 4291 2465 4362; x_wconf 90' lang='lat' dir='ltr'>itaque</span> <span class='ocrx_word' id='word_1_708' title='bbox 2487 4290 2841 4346; x_wconf 88' lang='lat' dir='ltr'>recessimus</span> <span class='ocrx_word' id='word_1_709' title='bbox 2860 4306 2985 4345; x_wconf 89' lang='lat' dir='ltr'>nos.</span> <span class='ocrx_word' id='word_1_710' title='bbox 3013 4290 3660 4360; x_wconf 89' lang='lat' dir='ltr'>Cumquevenissemus</span> <span class='ocrx_word' id='word_1_711' title='bbox 3677 4290 3737 4345; x_wconf 91' lang='lat' dir='ltr'>in</span> 
     </span>
    </p>
   </div>
   <div class='ocr_carea' id='block_1_104' title="bbox 2086 4375 3741 4448">
    <p class='ocr_par' dir='ltr' id='par_1_104' title="bbox 2086 4375 3741 4448">
     <span class='ocr_line' id='line_1_104' title="bbox 2086 4375 3741 4448; baseline 0 -15"><span class='ocrx_word' id='word_1_712' title='bbox 2086 4378 2247 4445; x_wconf 88' lang='lat' dir='ltr'>Sina,</span> <span class='ocrx_word' id='word_1_713' title='bbox 2284 4382 2416 4448; x_wconf 91' lang='lat' dir='ltr'>post</span> <span class='ocrx_word' id='word_1_714' title='bbox 2447 4394 2667 4448; x_wconf 91' lang='lat' dir='ltr'>paucos</span> <span class='ocrx_word' id='word_1_715' title='bbox 2700 4376 2822 4431; x_wconf 91' lang='lat' dir='ltr'>dies</span> <span class='ocrx_word' id='word_1_716' title='bbox 2845 4377 3027 4432; x_wconf 90' lang='lat' dir='ltr'>abbas</span> <span class='ocrx_word' id='word_1_717' title='bbox 3050 4377 3316 4431; x_wconf 90' lang='lat' dir='ltr'>misitme</span> <span class='ocrx_word' id='word_1_718' title='bbox 3346 4380 3403 4431; x_wconf 90' lang='lat' dir='ltr'>et</span> <span class='ocrx_word' id='word_1_719' title='bbox 3434 4377 3579 4431; x_wconf 90' lang='lat' dir='ltr'>duos</span> <span class='ocrx_word' id='word_1_720' title='bbox 3595 4375 3741 4433; x_wconf 90' lang='lat' dir='ltr'>alios</span> 
     </span>
    </p>
   </div>
   <div class='ocr_carea' id='block_1_105' title="bbox 2084 4464 3742 4536">
    <p class='ocr_par' dir='ltr' id='par_1_105' title="bbox 2084 4464 3742 4536">
     <span class='ocr_line' id='line_1_105' title="bbox 2084 4464 3742 4536; baseline 0 -17"><span class='ocrx_word' id='word_1_721' title='bbox 2084 4464 2145 4519; x_wconf 93' lang='lat' dir='ltr'>in</span> <span class='ocrx_word' id='word_1_722' title='bbox 2170 4464 2564 4519; x_wconf 90' lang='lat' dir='ltr'>ministerium</span> <span class='ocrx_word' id='word_1_723' title='bbox 2590 4464 2645 4517; x_wconf 91' lang='lat' dir='ltr'>in</span> <span class='ocrx_word' id='word_1_724' title='bbox 2666 4464 3103 4531; x_wconf 84' lang='lat' dir='ltr'>Alexandriam;</span> <span class='ocrx_word' id='word_1_725' title='bbox 3121 4467 3448 4535; x_wconf 89' lang='lat' dir='ltr'>tenensque</span> <span class='ocrx_word' id='word_1_726' title='bbox 3462 4479 3569 4519; x_wconf 91' lang='lat' dir='ltr'>nos</span> <span class='ocrx_word' id='word_1_727' title='bbox 3592 4480 3742 4536; x_wconf 92' lang='lat' dir='ltr'>papa</span> 
     </span>
    </p>
   </div>
   <div class='ocr_carea' id='block_1_106' title="bbox 2089 4550 3740 4621">
    <p class='ocr_par' dir='ltr' id='par_1_106' title="bbox 2089 4550 3740 4621">
     <span class='ocr_line' id='line_1_106' title="bbox 2089 4550 3740 4621; baseline 0.001 -15"><span class='ocrx_word' id='word_1_728' title='bbox 2089 4551 2519 4607; x_wconf 83' lang='lat' dir='ltr'>Alexandrinus</span> <span class='ocrx_word' id='word_1_729' title='bbox 2550 4550 2929 4606; x_wconf 90' lang='lat' dir='ltr'>beatissimus</span> <span class='ocrx_word' id='word_1_730' title='bbox 2964 4550 3340 4621; x_wconf 83' lang='lat' dir='ltr'>Apollinaris,</span> <span class='ocrx_word' id='word_1_731' title='bbox 3374 4567 3577 4607; x_wconf 91' lang='lat' dir='ltr'>omnes</span> <span class='ocrx_word' id='word_1_732' title='bbox 3622 4557 3740 4607; x_wconf 91' lang='lat' dir='ltr'>tres</span> 
     </span>
    </p>
   </div>
   <div class='ocr_carea' id='block_1_107' title="bbox 2094 4641 3738 4715">
    <p class='ocr_par' dir='ltr' id='par_1_107' title="bbox 2094 4641 3738 4715">
     <span class='ocr_line' id='line_1_107' title="bbox 2094 4641 3738 4715; baseline 0 -18"><span class='ocrx_word' id='word_1_733' title='bbox 2094 4642 2228 4697; x_wconf 86' lang='lat' dir='ltr'>fecit</span> <span class='ocrx_word' id='word_1_734' title='bbox 2258 4643 2585 4714; x_wconf 90' lang='lat' dir='ltr'>episcopos,</span> <span class='ocrx_word' id='word_1_735' title='bbox 2620 4658 2807 4697; x_wconf 89' lang='lat' dir='ltr'>unum</span> <span class='ocrx_word' id='word_1_736' title='bbox 2865 4642 3102 4712; x_wconf 91' lang='lat' dir='ltr'>quidem</span> <span class='ocrx_word' id='word_1_737' title='bbox 3137 4641 3525 4715; x_wconf 87' lang='lat' dir='ltr'>Heliopoleos,</span> <span class='ocrx_word' id='word_1_738' title='bbox 3559 4642 3738 4699; x_wconf 88' lang='lat' dir='ltr'>alium</span> 
     </span>
    </p>
   </div>
   <div class='ocr_carea' id='block_1_108' title="bbox 2090 4730 3514 4803">
    <p class='ocr_par' dir='ltr' id='par_1_108' title="bbox 2090 4730 3514 4803">
     <span class='ocr_line' id='line_1_108' title="bbox 2090 4730 3514 4803; baseline 0.001 -17"><span class='ocrx_word' id='word_1_739' title='bbox 2090 4730 2533 4803; x_wconf 89' lang='lat' dir='ltr'>Leontopoleos,</span> <span class='ocrx_word' id='word_1_740' title='bbox 2568 4748 2661 4787; x_wconf 90' lang='lat' dir='ltr'>me</span> <span class='ocrx_word' id='word_1_741' title='bbox 2692 4748 2825 4786; x_wconf 90' lang='lat' dir='ltr'>vero</span> <span class='ocrx_word' id='word_1_742' title='bbox 2855 4732 2913 4784; x_wconf 89' lang='lat' dir='ltr'>in</span> <span class='ocrx_word' id='word_1_743' title='bbox 2948 4730 3300 4802; x_wconf 84' lang='lat' dir='ltr'>Babylonem</span> <span class='ocrx_word' id='word_1_744' title='bbox 3334 4733 3514 4789; x_wconf 90' lang='lat' dir='ltr'>misit.</span> 
     </span>
    </p>
   </div>
   <div class='ocr_carea' id='block_1_109' title="bbox 2666 4846 3164 4903">
    <p class='ocr_par' dir='ltr' id='par_1_109' title="bbox 2666 4846 3164 4903">
     <span class='ocr_line' id='line_1_109' title="bbox 2666 4846 3164 4903; baseline -0.002 -1"><span class='ocrx_word' id='word_1_745' title='bbox 2666 4846 2908 4902; x_wconf 85' lang='lat' dir='ltr'>CAPUT</span> <span class='ocrx_word' id='word_1_746' title='bbox 2961 4847 3164 4903; x_wconf 80' lang='lat' dir='ltr'>CXXV.</span> 
     </span>
    </p>
   </div>
   <div class='ocr_carea' id='block_1_110' title="bbox 2228 4946 3592 5018">
    <p class='ocr_par' dir='ltr' id='par_1_110' title="bbox 2228 4946 3592 5018">
     <span class='ocr_line' id='line_1_110' title="bbox 2228 4946 3592 5018; baseline 0.001 -17"><span class='ocrx_word' id='word_1_747' title='bbox 2228 4948 2449 5001; x_wconf 85' lang='lat' dir='ltr'>Factum</span> <span class='ocrx_word' id='word_1_748' title='bbox 2468 4946 2767 5018; x_wconf 82' lang='lat' dir='ltr'>pulchrum</span> <span class='ocrx_word' id='word_1_749' title='bbox 2787 4946 3002 5001; x_wconf 84' lang='lat' dir='ltr'>abbatis</span> <span class='ocrx_word' id='word_1_750' title='bbox 3020 4946 3205 5017; x_wconf 84' lang='lat' dir='ltr'>Sergii</span> <span class='ocrx_word' id='word_1_751' title='bbox 3227 4947 3592 5005; x_wconf 61' lang='lat' dir='ltr'>anachoretas.</span> 
     </span>
    </p>
   </div>
   <div class='ocr_carea' id='block_1_111' title="bbox 2157 5061 3736 5134">
    <p class='ocr_par' dir='ltr' id='par_1_111' title="bbox 2157 5061 3736 5134">
     <span class='ocr_line' id='line_1_111' title="bbox 2157 5061 3736 5134; baseline 0.003 -17"><span class='ocrx_word' id='word_1_752' title='bbox 2157 5062 2553 5117; x_wconf 88' lang='lat' dir='ltr'>Narraverunt</span> <span class='ocrx_word' id='word_1_753' title='bbox 2585 5061 2756 5117; x_wconf 91' lang='lat' dir='ltr'>nobis</span> <span class='ocrx_word' id='word_1_754' title='bbox 2781 5062 3017 5133; x_wconf 88' lang='lat' dir='ltr'>quidam</span> <span class='ocrx_word' id='word_1_755' title='bbox 3039 5067 3271 5134; x_wconf 84' lang='lat' dir='ltr'>patrum</span> <span class='ocrx_word' id='word_1_756' title='bbox 3300 5064 3359 5119; x_wconf 89' lang='lat' dir='ltr'>in</span> <span class='ocrx_word' id='word_1_757' title='bbox 3384 5064 3519 5120; x_wconf 89' lang='lat' dir='ltr'>Sina</span> <span class='ocrx_word' id='word_1_758' title='bbox 3548 5066 3619 5121; x_wconf 91' lang='lat' dir='ltr'>de</span> <span class='ocrx_word' id='word_1_759' title='bbox 3635 5066 3736 5120; x_wconf 89' lang='lat' dir='ltr'>ab-</span> 
     </span>
    </p>
   </div>
   <div class='ocr_carea' id='block_1_112' title="bbox 2085 5149 3735 5223">
    <p class='ocr_par' dir='ltr' id='par_1_112' title="bbox 2085 5149 3735 5223">
     <span class='ocr_line' id='line_1_112' title="bbox 2085 5149 3735 5223; baseline 0.003 -18"><span class='ocrx_word' id='word_1_760' title='bbox 2085 5149 2221 5206; x_wconf 88' lang='lat' dir='ltr'>bate</span> <span class='ocrx_word' id='word_1_761' title='bbox 2237 5151 2433 5221; x_wconf 84' lang='lat' dir='ltr'>Sergio</span> <span class='ocrx_word' id='word_1_762' title='bbox 2451 5150 2827 5221; x_wconf 85' lang='lat' dir='ltr'>anachoreta,</span> <span class='ocrx_word' id='word_1_763' title='bbox 2845 5152 2998 5222; x_wconf 92' lang='lat' dir='ltr'>quod</span> <span class='ocrx_word' id='word_1_764' title='bbox 3014 5168 3142 5207; x_wconf 89' lang='lat' dir='ltr'>cum</span> <span class='ocrx_word' id='word_1_765' title='bbox 3160 5154 3554 5209; x_wconf 87' lang='lat' dir='ltr'>morareturin</span> <span class='ocrx_word' id='word_1_766' title='bbox 3575 5156 3735 5223; x_wconf 90' lang='lat' dir='ltr'>Sina,</span> 
     </span>
    </p>
   </div>
   <div class='ocr_carea' id='block_1_113' title="bbox 2086 5239 3733 5316">
    <p class='ocr_par' dir='ltr' id='par_1_113' title="bbox 2086 5239 3733 5316">
     <span class='ocr_line' id='line_1_113' title="bbox 2086 5239 3733 5316; baseline 0.003 -20"><span class='ocrx_word' id='word_1_767' title='bbox 2086 5239 2664 5296; x_wconf 87' lang='lat' dir='ltr'>constituebatillum</span> <span class='ocrx_word' id='word_1_768' title='bbox 2687 5239 3063 5312; x_wconf 87' lang='lat' dir='ltr'>dispcnsator</span> <span class='ocrx_word' id='word_1_769' title='bbox 3076 5258 3255 5314; x_wconf 89' lang='lat' dir='ltr'>super</span> <span class='ocrx_word' id='word_1_770' title='bbox 3278 5243 3575 5300; x_wconf 89' lang='lat' dir='ltr'>burdones</span> <span class='ocrx_word' id='word_1_771' title='bbox 3604 5246 3733 5316; x_wconf 85' lang='lat'>(27).</span> 
     </span>
    </p>
   </div>
   <div class='ocr_carea' id='block_1_114' title="bbox 2085 5330 3739 5404">
    <p class='ocr_par' dir='ltr' id='par_1_114' title="bbox 2085 5330 3739 5404">
     <span class='ocr_line' id='line_1_114' title="bbox 2085 5330 3739 5404; baseline 0.002 -19"><span class='ocrx_word' id='word_1_772' title='bbox 2085 5331 2229 5385; x_wconf 91' lang='lat' dir='ltr'>Cum</span> <span class='ocrx_word' id='word_1_773' title='bbox 2264 5345 2401 5401; x_wconf 91' lang='lat' dir='ltr'>ergo</span> <span class='ocrx_word' id='word_1_774' title='bbox 2429 5330 2522 5384; x_wconf 88' lang='lat' dir='ltr'>die</span> <span class='ocrx_word' id='word_1_775' title='bbox 2553 5330 2835 5400; x_wconf 89' lang='lat' dir='ltr'>quadam,</span> <span class='ocrx_word' id='word_1_776' title='bbox 2856 5337 3209 5401; x_wconf 77' lang='lat' dir='ltr'>prepararet,</span> <span class='ocrx_word' id='word_1_777' title='bbox 3235 5347 3365 5387; x_wconf 88' lang='lat' dir='ltr'>ecce</span> <span class='ocrx_word' id='word_1_778' title='bbox 3401 5332 3739 5404; x_wconf 86' lang='lat' dir='ltr'>leojacebat</span> 
     </span>
    </p>
   </div>
   <div class='ocr_carea' id='block_1_115' title="bbox 2086 5418 3732 5491">
    <p class='ocr_par' dir='ltr' id='par_1_115' title="bbox 2086 5418 3732 5491">
     <span class='ocr_line' id='line_1_115' title="bbox 2086 5418 3732 5491; baseline 0.002 -18"><span class='ocrx_word' id='word_1_779' title='bbox 2086 5419 2145 5473; x_wconf 92' lang='lat' dir='ltr'>in</span> <span class='ocrx_word' id='word_1_780' title='bbox 2177 5419 2269 5473; x_wconf 87' lang='lat' dir='ltr'>via</span> <span class='ocrx_word' id='word_1_781' title='bbox 2302 5434 2314 5472; x_wconf 92' lang='lat'><strong>:</strong></span> <span class='ocrx_word' id='word_1_782' title='bbox 2352 5434 2523 5488; x_wconf 88' lang='lat' dir='ltr'>porro</span> <span class='ocrx_word' id='word_1_783' title='bbox 2557 5418 3377 5491; x_wconf 87' lang='lat' dir='ltr'>burdonarii,burdonesque,</span> <span class='ocrx_word' id='word_1_784' title='bbox 3398 5422 3521 5477; x_wconf 88' lang='lat' dir='ltr'>viso</span> <span class='ocrx_word' id='word_1_785' title='bbox 3546 5422 3732 5491; x_wconf 76' lang='lat' dir='ltr'>leone,</span> 
     </span>
    </p>
   </div>
   <div class='ocr_carea' id='block_1_116' title="bbox 2084 5506 3733 5580">
    <p class='ocr_par' dir='ltr' id='par_1_116' title="bbox 2084 5506 3733 5580">
     <span class='ocr_line' id='line_1_116' title="bbox 2084 5506 3733 5580; baseline 0.002 -18"><span class='ocrx_word' id='word_1_786' title='bbox 2084 5506 2297 5562; x_wconf 88' lang='lat' dir='ltr'>timore</span> <span class='ocrx_word' id='word_1_787' title='bbox 2324 5506 2593 5577; x_wconf 87' lang='lat' dir='ltr'>correpti,</span> <span class='ocrx_word' id='word_1_788' title='bbox 2626 5513 3014 5563; x_wconf 87' lang='lat' dir='ltr'>recesserunt.</span> <span class='ocrx_word' id='word_1_789' title='bbox 3049 5510 3211 5563; x_wconf 89' lang='lat' dir='ltr'>Tunc</span> <span class='ocrx_word' id='word_1_790' title='bbox 3256 5510 3436 5564; x_wconf 91' lang='lat' dir='ltr'>abbas</span> <span class='ocrx_word' id='word_1_791' title='bbox 3495 5511 3733 5580; x_wconf 83' lang='lat' dir='ltr'>Sergius</span> 
     </span>
    </p>
   </div>
   <div class='ocr_carea' id='block_1_117' title="bbox 2085 5596 3729 5669">
    <p class='ocr_par' dir='ltr' id='par_1_117' title="bbox 2085 5596 3729 5669">
     <span class='ocr_line' id='line_1_117' title="bbox 2085 5596 3729 5669; baseline 0 -16"><span class='ocrx_word' id='word_1_792' title='bbox 2085 5612 2328 5653; x_wconf 89' lang='lat' dir='ltr'>sumens</span> <span class='ocrx_word' id='word_1_793' title='bbox 2359 5597 2430 5651; x_wconf 91' lang='lat' dir='ltr'>de</span> <span class='ocrx_word' id='word_1_794' title='bbox 2465 5612 2600 5667; x_wconf 88' lang='lat' dir='ltr'>pera</span> <span class='ocrx_word' id='word_1_795' title='bbox 2633 5614 2810 5651; x_wconf 85' lang='lat' dir='ltr'>unam</span> <span class='ocrx_word' id='word_1_796' title='bbox 2844 5596 3154 5667; x_wconf 81' lang='lat' dir='ltr'>eulogiam,</span> <span class='ocrx_word' id='word_1_797' title='bbox 3192 5598 3481 5669; x_wconf 82' lang='lat' dir='ltr'>profectus</span> <span class='ocrx_word' id='word_1_798' title='bbox 3530 5604 3618 5654; x_wconf 88' lang='lat' dir='ltr'>est</span> <span class='ocrx_word' id='word_1_799' title='bbox 3659 5601 3729 5653; x_wconf 87' lang='lat' dir='ltr'>ad</span> 
     </span>
    </p>
   </div>
   <div class='ocr_carea' id='block_1_118' title="bbox 2088 5683 3733 5758">
    <p class='ocr_par' dir='ltr' id='par_1_118' title="bbox 2088 5683 3733 5758">
     <span class='ocr_line' id='line_1_118' title="bbox 2088 5683 3733 5758; baseline 0.001 -17"><span class='ocrx_word' id='word_1_800' title='bbox 2088 5685 2337 5752; x_wconf 89' lang='lat' dir='ltr'>leonem,</span> <span class='ocrx_word' id='word_1_801' title='bbox 2358 5684 2620 5756; x_wconf 76' lang='lat' dir='ltr'>dixitque</span> <span class='ocrx_word' id='word_1_802' title='bbox 2652 5683 2701 5741; x_wconf 90' lang='lat' dir='ltr'>ei</span> <span class='ocrx_word' id='word_1_803' title='bbox 2731 5701 2741 5740; x_wconf 89' lang='lat'>:</span> <span class='ocrx_word' id='word_1_804' title='bbox 2766 5686 2971 5757; x_wconf 88' lang='lat' dir='ltr'>Accipe</span> <span class='ocrx_word' id='word_1_805' title='bbox 2994 5685 3279 5758; x_wconf 84' lang='lat' dir='ltr'>eulogiam</span> <span class='ocrx_word' id='word_1_806' title='bbox 3302 5686 3537 5743; x_wconf 87' lang='lat' dir='ltr'>Patrum</span> <span class='ocrx_word' id='word_1_807' title='bbox 3562 5691 3619 5741; x_wconf 90' lang='lat' dir='ltr'>et</span> <span class='ocrx_word' id='word_1_808' title='bbox 3640 5703 3733 5743; x_wconf 91' lang='lat' dir='ltr'>re-</span> 
     </span>
    </p>
   </div>
  </div>
