3986 6168
470 301 577 359 183

1665 303 1761 355 DE
1797 301 1989 356 VITIS
2026 301 2327 359 PATRUM
2367 303 2580 357 LIBER
2617 306 2688 358 X.

3742 306 3833 363 184

471 427 609 484 cede
635 427 706 481 de
735 425 850 492 via,
879 428 945 479 ut
972 428 1365 480 transeamus.
1397 428 1758 498 Sumptaque
1789 425 1876 480 leo
1901 424 2127 495 eulogia
2154 429 2210 494 Î‘
2238 425 2711 496 contempserim.
2758 425 3005 498 Scripsit
3035 429 3233 481 autem
3261 429 3317 482 et
3363 427 3468 483 hoc
3498 430 3564 484 ad
3587 443 3706 485 eum
3731 449 3742 486 :
3772 431 3837 487 Ut

473 515 734 571 recessit.

1040 602 1271 658 CAPUT
1305 603 1548 658 CXXVI.

597 695 828 764 Egregia
861 695 1136 765 responsio
1164 693 1377 748 abbatis
1410 693 1598 749 Orenti
1622 695 1825 748 montis
1857 693 1995 748 Sina

546 785 826 840 Dicebant
856 785 1025 840 nobis
1055 785 1321 854 ejusdem
1357 785 1460 838 loci
1492 784 1677 838 sancti
1701 784 1903 837 Patres
1923 784 1992 836 de
2015 782 2122 836 ab-

473 873 608 933 bate
637 873 871 937 Orento,
906 876 1060 943 quod
1089 873 1183 927 die
1213 873 1468 943 quadam
1492 871 1796 928 Dominica
1819 872 2122 936 ingressus

472 967 560 1017 est
591 978 767 1017 senex
797 961 855 1015 in
887 961 1191 1016 ecclesiam
1225 978 1392 1016 verso
1424 977 1564 1032 sago
1598 978 1726 1025 suo,
1763 960 1838 1014 ita
1873 966 1936 1013 ut
1985 959 2124 1014 foris

473 1049 722 1106 villosus
743 1055 918 1106 esset.
951 1055 1155 1104 Stante
1183 1050 1362 1121 igitur
1392 1067 1458 1105 eo
1490 1049 1548 1103 in
1599 1049 1796 1117 choro,
1836 1052 2125 1103 venerunt

477 1139 716 1211 quidam
747 1139 818 1194 de
843 1139 1351 1209 dispensatoribus
1386 1139 1514 1205 loci,
1548 1143 1604 1192 et
1638 1139 1912 1193 dixerunt
1960 1135 2123 1192 seni:

477 1228 593 1284 Cur
621 1227 722 1290 ita,
748 1229 928 1292 Pater,
959 1227 1265 1298 ingressus
1297 1245 1358 1284 es
1389 1245 1668 1283 converso
1685 1244 1824 1297 sago
1841 1228 2013 1280 tuoin
2029 1241 2124 1280 eo-

479 1317 718 1372 clesiam
749 1317 817 1371 ad
844 1316 1196 1372 derisionem
1233 1323 1493 1372 nostram
1525 1333 1716 1371 coram
1755 1315 2074 1385 peregrinis
2103 1313 2130 1368 ?

484 1405 804 1476 Respondit
835 1405 884 1459 ei
919 1421 1114 1461 senex.
1159 1404 1274 1460 Vos
1323 1406 1615 1460 evertistis
1648 1406 1808 1471 Sina,
1872 1411 1926 1458 et
1959 1419 2128 1457 nemo

483 1495 649 1548 vobis
697 1493 842 1549 dixit
889 1493 1130 1563 aliquid,
1164 1499 1222 1549 et
1278 1511 1383 1565 ego
1438 1495 1577 1564 quia
1621 1492 1878 1548 converti
1921 1508 2129 1562 sagum

488 1599 706 1649 meum,
741 1583 937 1638 dicitis
967 1583 1106 1636 mihi
1137 1599 1148 1636 :
1174 1585 1360 1648 Quare
1383 1582 1673 1638 convertis
1695 1598 1901 1651 sagum
1933 1578 2132 1635 tuum?

489 1673 592 1739 Ite,
627 1671 900 1743 corrigite
930 1688 1058 1742 qua:
1090 1673 1404 1740 evertistis,
1436 1681 1492 1726 et
1530 1687 1632 1740 ego
1683 1671 1971 1742 corrigam
2006 1686 2131 1740 quae

493 1760 694 1816 everti.

1041 1849 1272 1905 CAPUT
1313 1849 1580 1905 CXXVII.

501 1937 618 1994 Vita
640 1936 854 1992 abbatis
885 1937 1103 2005 Georgii
1122 1939 1304 1991 sancti
1319 1937 1757 2003 nimuisSina,et
1786 1954 1926 1992 anus
1957 1939 2137 2008 cujus-

919 2009 1053 2064 dam
1082 2025 1151 2064 ea:
1186 2008 1400 2064 Galatia
1430 2010 1710 2081 Phrygia).

560 2097 826 2154 Narravit
857 2099 1026 2153 nobis
1040 2098 1336 2153 abbatissa
1354 2098 1927 2165 Damianasolitaria,
1953 2102 2139 2151 mater

489 2188 719 2244 abbatis
735 2187 1132 2257 Athenogenis
1145 2188 1300 2241 900
1314 2187 1568 2259 episcOpi
1591 2187 1945 2251 Petrensis,d
1958 2189 2134 2240 icens:

493 2278 887 2348 Eratquidam
923 2277 1106 2331 abbas
1155 2277 1212 2330 iu
1240 2283 1442 2331 sancto
1477 2285 1670 2332 monte
1700 2277 1860 2345 Sina,
1904 2276 2138 2330 nomine

491 2364 800 2434 Georgius,
838 2379 1063 2433 magna
1097 2363 1330 2417 virtutis
1362 2368 1419 2418 et
1447 2363 1816 2418 abstinentiae
1850 2363 1954 2416 vir.
1991 2361 2138 2416 Huic

491 2452 686 2508 abbati
713 2453 956 2520 Georgio
977 2453 1173 2524 magni
1206 2451 1553 2507 Sabbatidic
1580 2453 1805 2507 sedenti
1839 2453 1894 2506 in
1929 2451 2140 2506 cellula

491 2558 601 2595 sua
626 2539 779 2596 venit
802 2539 1158 2595 desiderium
1193 2541 1852 2596 faciendisacrumdiem
1877 2558 2138 2594 resurre-

495 2629 710 2686 ctionis
743 2629 800 2682 in
821 2635 1021 2684 sancta
1047 2631 1298 2699 civitate,
1325 2637 1380 2684 et
1405 2647 1638 2685 sumere
1659 2631 1990 2686 veneranda
2014 2647 2137 2700 my-

497 2720 676 2773 steria
697 2716 754 2770 in
779 2720 983 2770 sancta
1004 2715 1212 2770 Christi
1232 2716 1326 2772 Dei
1348 2717 1528 2773 nostri
1547 2717 1987 2772 Resurrectione
2003 2717 2136 2787 (28).

498 2807 602 2862 Per
633 2812 814 2863 totam
847 2824 984 2879 ergo
1015 2807 1166 2861 diem
1190 2825 1386 2863 senior
1417 2807 1756 2876 huiusmodi
1790 2807 2141 2878 cogitatione

495 2897 924 2952 sollicitabatur
951 2901 1005 2950 et
1039 2897 1259 2951 orabat.
1286 2896 1426 2950 Cum
1454 2897 1790 2968 itaquesero
1811 2897 2023 2952 factum
2051 2912 2139 2951 es-

501 2991 610 3052 set,
643 2986 798 3040 venit
829 2984 1158 3056 discipulus
1188 2986 1316 3055 eius
1352 2985 1551 3041 dicens
1573 2987 1646 3040 ei:
1679 2987 1844 3052 Jube,
1868 2990 2050 3055 Pater,
2081 2990 2144 3039 ut

503 3091 708 3131 eamus
741 3075 809 3128 ad
829 3076 1115 3140 synaxim.
1143 3075 1326 3129 Senex
1343 3080 1530 3130 autem
1551 3075 1850 3146 respondit
1871 3074 1942 3130 ei:
1971 3075 2140 3141 Vade,

2229 515 2374 570 sciat
2404 515 2703 570 beatitudo
2731 523 2948 580 vestra,
2983 521 3238 586 postsex
3270 532 3496 572 menses
3513 517 3722 572 Christo
3744 520 3839 575 Do-

2231 604 2388 658 mino
2417 621 2482 658 ac
2516 604 2629 659 Deo
2662 609 2861 658 nostro
2893 605 3069 659 simul
3097 604 3398 660 occursuri
3421 612 3707 675 sumus,et
3733 607 3840 662 illic

2231 695 2486 749 adorabo
2505 709 2624 748 vos.
2653 694 2883 765 Egressi
2904 694 3100 764 itaque
3127 695 3443 765 presbyteri
3467 695 3734 750 dederunt
3752 713 3837 766 pa-

2231 783 2496 837 triarchas
2522 783 2766 837 litteras:
2792 784 3067 838 dixerunt
3089 788 3282 837 autem
3309 783 3488 837 ethoc
3513 784 3840 854 ei,quoniam

2233 889 2409 926 senex
2434 872 2649 926 multos
2669 887 2854 927 annos
2887 871 3162 940 habebat,
3186 888 3255 926 ex
3285 889 3395 942 quo
3425 889 3532 928 non
3558 878 3772 926 venerat
3795 875 3841 926 in

2235 960 2630 1015 Palaestinam.
2669 959 3071 1015 Ostendebant
3105 963 3243 1016 item
3276 967 3332 1016 et
3361 961 3577 1015 litteras
3613 960 3847 1030 episcopi

2237 1051 2406 1103 Phari
2445 1050 2623 1104 simul
2655 1055 3054 1104 contestantes
3103 1051 3256 1120 quod
3299 1050 3473 1104 ferme
3503 1050 3844 1120 septuaginta

2237 1155 2423 1192 annos
2457 1139 2694 1194 haberet
2724 1156 2919 1207 senex,
2954 1155 3023 1194 ex
3052 1156 3167 1210 quo
3203 1140 3272 1194 de
3299 1144 3495 1194 sancto
3523 1145 3706 1192 monte
3724 1138 3849 1192 Sina

2238 1245 2353 1282 non
2377 1227 2874 1283 exierat.Sanctus
2899 1245 3031 1282 vero
3063 1245 3126 1282 ac
3149 1227 3496 1283 mitissimus
3518 1232 3711 1282 Petrus
3731 1227 3850 1281 atie-

2241 1318 2403 1369 rebat
2424 1321 2602 1370 testes
2624 1332 2722 1371 eos
2745 1316 2845 1387 qui
2880 1323 3018 1370 tunc
3037 1316 3106 1370 ad
3119 1316 3348 1370 fuerant
3375 1314 3669 1385 episcopos
3687 1318 3739 1368 et
3758 1311 3853 1366 cle-

2243 1403 2412 1472 ricos,
2447 1403 2706 1458 dicentes
2733 1421 2744 1458 :
2783 1404 2925 1460 Vere
2949 1420 3057 1458 nos
3078 1419 3276 1459 senem
3310 1402 3581 1465 vidimus,
3603 1403 3655 1455 et
3679 1417 3852 1456 omnes

2241 1493 2439 1547 osculo
2466 1501 2670 1547 sancto
2698 1493 2862 1547 illum
2897 1493 3300 1548 salutavimus.
3338 1495 3649 1561 Postquam
3697 1489 3857 1560 igitur

2244 1582 2467 1652 impleti
2494 1589 2630 1636 sunt
2650 1597 2748 1636 sex
2768 1597 3020 1643 menses.
3047 1598 3143 1651 req
3156 1582 3452 1636 uieverunt
3475 1580 3532 1634 in
3557 1595 3688 1650 pace
3703 1595 3857 1633 senex

2245 1678 2298 1725 et
2325 1669 2868 1740 patriarcha,juxta
2927 1669 3152 1724 scilicet
3203 1669 3391 1740 ipsius
3422 1670 3577 1724 senis
3633 1667 3856 1738 prophe-

2166 1797 2212 1860 Î’
2248 1761 2413 1814 tiam.

2274 1862 2283 1870 Â°
2326 1848 2588 1903 Narravit
2620 1849 2786 1905 nobis
2816 1849 3019 1904 eadem
3063 1847 3364 1904 abbatissa
3394 1847 3671 1903 Damiaua
3698 1845 3863 1900 ethoc

2255 1938 2476 1992 dicens:
2519 1938 2620 1992 Die
2650 1945 2852 1993 sancto
2889 1943 3251 2006 Parasceves,
3286 1942 3593 2008 antequam
3626 1935 3864 1988 include-

2256 2043 2370 2091 rer,
2400 2027 2512 2080 abii
2547 2029 2616 2081 ad
2653 2033 2920 2082 sanctum
2943 2027 3213 2082 Cosmam
3234 2026 3743 2085 etDamianum.ct
3765 2021 3863 2075 Illic

2256 2122 2432 2170 totam
2470 2123 2694 2170 noctem
2724 2117 2936 2188 peregi.
2969 2117 3140 2171 Venit
3168 2116 3366 2186 itaque
3407 2131 3533 2170 sero
3566 2130 3706 2168 anus
3731 2128 3868 2182 quae-

2251 2205 2383 2258 dam
2417 2222 2483 2261 ex
2512 2206 2736 2261 Galatia
2763 2206 3046 2278 Phrygias,
3080 2212 3137 2260 ct
3175 2206 3350 2259 dabat
3399 2205 3670 2262 omnibus
3697 2200 3785 2272 qui
3818 2201 3866 2253 in

2252 2293 2470 2365 templo
2497 2302 2664 2348 erant
2692 2295 2806 2349 duo
2826 2296 3054 2349 minuta
3075 2311 3087 2349 :
3107 2295 3200 2349 die
3232 2295 3411 2365 igitur
3428 2294 3677 2364 quadam
3695 2290 3869 2361 neptis

2253 2399 2402 2449 mea,
2435 2390 2490 2437 et
2523 2382 2851 2438 ï¬delissimi
2881 2384 3250 2455 imperatoris
3274 2383 3554 2447 Mauritii,
3579 2380 3800 2436 veniens
3821 2379 3866 2430 in

2250 2477 2508 2526 sanctam
2541 2471 2833 2526 civitatem
2865 2471 3145 2528 orationis
3175 2472 3385 2542 gratia,
3417 2470 3629 2542 egitibi
3668 2483 3866 2524 annum

2252 2560 2567 2632 integrum.
2593 2561 2896 2632 Assumpsi
2919 2577 3055 2632 ergo
3075 2578 3222 2625 eam,
3249 2565 3305 2614 et
3324 2559 3538 2614 adduxi
3563 2559 3630 2614 ad
3656 2571 3868 2612 sanctos

2252 2649 2522 2704 Cosmum
2547 2649 2986 2704 etDamianum.
3012 2655 3154 2704 Cum
3182 2649 3361 2718 igitur
3392 2649 3452 2703 in
3468 2647 3714 2704 oratorio
3735 2660 3871 2700 esse-

2253 2753 2408 2804 mus,
2443 2739 2533 2792 aio
2565 2746 2824 2808 cognatae
2847 2755 3022 2794 mere:
3050 2738 3209 2802 Vide,
3243 2737 3381 2808 tilia,
3408 2739 3548 2810 quia
3569 2736 3872 2791 venitanus

2253 2827 2516 2896 quaedam
2545 2828 2693 2880 dans
2723 2828 2837 2881 duo
2863 2828 3087 2881 minuta
3113 2833 3201 2894 (ea
3219 2828 3372 2881 enim
3403 2828 3542 2881 mihi
3565 2827 3769 2896 saepius
3789 2824 3872 2876 de-

2253 2916 2461 2983 derat),
2480 2933 2543 2970 su
2556 2932 2646 2969 me
2663 2915 3204 2986 illa,nesuperbias.
3229 2915 3336 2971 Illa
3367 2923 3566 2971 autem
3582 2915 3874 2986 indignans

2253 3004 2502 3058 dicebat:
2537 3005 2878 3058 Mandatum
2911 3006 3092 3060 habeo
3151 3005 3443 3076 accipere?
3479 3006 3639 3059 Tunc
3685 3002 3793 3058 dixi
3831 3001 3874 3054 ei

2253 3093 2457 3160 Etiam,
2477 3093 2670 3163 accipe
2694 3113 2712 3160 ;
2731 3093 2939 3147 mulier
2960 3094 3114 3148 enim
3133 3099 3333 3148 sancta
3354 3100 3446 3148 est
3469 3099 3525 3150 et
3547 3108 3764 3161 magnae
3780 3090 3878 3144 vir-

502 3169 561 3219 et
596 3171 853 3234 tempore
875 3168 1090 3218 sanctaa
1111 3164 1545 3218 communionis
1567 3165 1696 3218 veni
1714 3165 1781 3218 ad
1801 3180 1914 3231 me,
1938 3173 1985 3217 el
2011 3179 2138 3234 per-

2257 3184 2435 3237 tutis:
2476 3159 2770 3236 lota-enim
2808 3183 3175 3237 hebdomade
3201 3184 3451 3253 jejunat,
3500 3187 3556 3236 et
3613 3159 3876 3251 quidquid

502 3251 1356 3324 gam.Mansititaquesenenex
1377 3253 1430 3306 in
1447 3252 1824 3308 cellula.Cum
1844 3259 2036 3307 autem
2053 3253 2147 3305 ad-

499 3342 758 3395 venisset
786 3347 1018 3408 tempus
1049 3347 1261 3394 sanctaz
1277 3342 1714 3396 communionis
1737 3344 1789 3394 in
1809 3347 2013 3396 sancta
2035 3342 2148 3395 Ite-

501 3429 888 3495 surrectione,
921 3429 1192 3483 inventus
1229 3435 1316 3483 est
1338 3445 1513 3484 senex
1549 3448 1724 3501 prope
1753 3430 2147 3499 archiepisco-

503 3519 646 3574 bum
680 3518 916 3571 beatum
943 3522 1204 3579 Petrum,
1233 3517 1332 3586 qui
1366 3520 1611 3587 praebuit
1643 3519 1724 3572 illi
1752 3536 1882 3573 cum
1914 3519 2150 3589 presby-

504 3606 645 3660 teris
660 3610 922 3660 sanctam
940 3606 1439 3662 communionem.
1472 3607 1688 3662 Videns
1706 3607 2025 3678 igitureum
2053 3624 2150 3677 pa-

506 3693 784 3758 triarcha,
809 3693 1144 3748 dixitMenae
1168 3694 1422 3765 syncello
1445 3712 1546 3749 seu
1572 3695 1854 3749 assessori
1888 3713 1991 3750 suo
2016 3696 2152 3764 (29):

507 3782 750 3848 Quando
775 3784 934 3834 venit
963 3782 1145 3835 abbas
1179 3783 1394 3837 montis
1426 3784 1562 3838 Sina
1585 3785 1613 3838 ?
1672 3785 1987 3855 Respondit
2017 3785 2148 3837 ille:

510 3871 616 3925 Per
647 3874 940 3924 orationes
971 3876 1210 3936 vestras,
1245 3871 1501 3938 domine,
1527 3890 1638 3928 non
1671 3874 1783 3927 vidi
1819 3873 1984 3928 illum
2038 3873 2150 3927 nisi

508 3976 662 4014 nunc
678 3959 1067 4013 solummodo.
1083 3959 1242 4012 'lâ€˜unc
1259 3962 1340 4013 ait
1359 3962 1708 4032 patriarcha:
1730 3963 1922 4016 Dicilti
1961 3968 2150 4017 utnon

508 4050 761 4113 recedat;
791 4048 915 4102 volo
939 4049 1090 4103 enim
1127 4054 1190 4102 ut
1215 4066 1440 4103 mecum
1467 4052 2151 4108 sumateibum.lllevero

506 4139 799 4207 protectus
835 4139 884 4190 id
911 4137 1055 4191 dixit
1098 4141 1244 4190 soni.
1299 4141 1402 4202 Qui
1434 4142 1550 4194 ait:
1587 4141 1866 4195 Voluntas
1895 4142 1988 4195 De:
2029 4147 2148 4198 tiat.

503 4234 644 4282 Cum
678 4243 814 4297 ergo
837 4243 1012 4280 senex
1035 4227 1357 4282 dimisisset
1381 4245 1651 4299 synaxes,
1675 4231 1911 4285 adorato
1947 4236 2150 4285 sancto

503 4321 908 4382 monumento,
945 4316 1215 4370 inventus
1238 4322 1327 4371 est
1350 4318 1407 4371 in
1431 4317 1639 4372 cellula
1673 4335 1802 4372 sua.
1829 4323 1894 4372 Et
1917 4336 2047 4373 ecce
2069 4319 2152 4373 di-

506 4405 773 4477 scipulus
805 4403 994 4476 ipsius
1018 4405 1293 4476 pulsavit,
1323 4412 1379 4460 et
1431 4407 1610 4461 dixit:
1668 4408 1850 4476 Pater,
1901 4409 2054 4475 veni,
2088 4413 2154 4462 ut

504 4491 1270 4549 communices.Senexvero
1295 4495 1586 4565 profectus
1609 4496 1665 4550 in
1691 4495 1998 4552 ecclesiam
2018 4513 2147 4552 cum
2185 4517 2232 4578 á¿ƒ

501 4579 792 4650 discipulo
824 4597 954 4645 suo,
989 4582 1200 4636 iterum
1228 4586 1833 4654 sumpsitveneranda
1853 4586 2146 4656 mysteria.

500 4673 705 4723 Petrus
737 4673 929 4722 autem
963 4669 1439 4742 archiepiscOpus
1471 4673 2038 4745 contristatus,qu0d
2061 4673 2144 4728 illi

500 4757 847 4813 inobediens
880 4756 1106 4822 fuisset,
1143 4763 1273 4828 post
1296 4759 1727 4816 solemnitatem
1754 4763 1999 4831 misitgad
2025 4763 2146 4832 epi-

500 4863 741 4918 scopum
769 4845 930 4899 Phari
957 4847 1225 4901 abbatem
1255 4848 1748 4914 Photinum,etad
1776 4859 1967 4921 patres
1986 4850 2148 4913 Sina,

503 4943 567 4990 ut
598 4937 870 4991 abbatem
903 4935 974 4990 ad
1001 4951 1060 4989 se
1096 4937 1406 4993 mitterent.
1433 4940 1571 4994 Cum
1606 4956 1740 5010 ergo
1772 4940 2026 4994 venisset
2052 4941 2147 5009 qui

504 5025 776 5081 attulerat
792 5023 1035 5089 litteras,
1051 5025 1589 5096 dedissetqueillas,
1604 5028 1759 5082 misit
1775 5035 1830 5083 et
1845 5045 2016 5082 senex
2034 5033 2148 5082 tres

504 5116 895 5186 presbyteros,
911 5113 1182 5168 abbatem
1209 5116 1434 5171 scilicet
1456 5117 1814 5188 Stephanum
1844 5118 1914 5170 Ca
1927 5119 2146 5187 ppado-

502 5217 652 5268 cem,
673 5218 950 5272 magnum
977 5200 1140 5256 illum
1166 5202 1376 5268 virum,
1401 5210 1570 5272 cujus
1593 5212 1648 5258 et
1673 5223 1849 5276 supra
1875 5207 2144 5259 memini-

504 5308 636 5345 mus
671 5295 822 5360 (Cop.
861 5291 1005 5360 1â€˜22);
1044 5298 1099 5344 ot
1124 5293 1393 5346 abbatem
1429 5295 1752 5362 Zosimum,
1778 5296 1946 5362 cujus
1971 5297 2144 5348 etiam

505 5379 780 5450 superius
815 5379 1165 5433 mentionem
1197 5381 1442 5434 fecimus
1465 5383 1614 5452 (Cap.
1643 5386 1777 5447 123),
1801 5389 1855 5436 et
1877 5385 2146 5438 abbatem

505 5468 822 5524 Dulcitium
849 5468 1201 5537 Romanum,
1232 5472 1298 5522 ad
1324 5471 1739 5540 patriarcham,
1768 5474 2149 5545 purgavitque

513 5575 574 5614 se
602 5558 796 5630 ipsum
820 5557 1015 5612 senior
1036 5558 1294 5612 scribens
1318 5577 1382 5613 ac
1415 5560 1651 5616 (licens:
1686 5564 1848 5616 Absit
1880 5581 1911 5617 a
1937 5581 2044 5628 me,
2070 5565 2146 5617 mi

514 5647 750 5701 domine
774 5646 1166 5715 sanctissime,
1202 5652 1262 5701 ut
1294 5654 1560 5705 sanctum
1595 5651 1869 5722 angelum
1904 5657 2154 5708 vestrum

2253 3273 2312 3325 in
2347 3271 2712 3325 hebdomade
2746 3271 3018 3325 laborans
3045 3273 3322 3340 lucratur,
3355 3277 3558 3344 erogat
3584 3271 3675 3325 his
3705 3268 3797 3340 qui
3827 3267 3876 3322 in

2255 3359 2472 3430 templo
2505 3360 2907 3414 inveniuntur.
2942 3361 3042 3414 Est
3072 3365 3264 3416 autem
3299 3361 3477 3416 vidua
3508 3359 3675 3432 quasi
3715 3371 3880 3412 auuo-

2256 3465 2382 3503 rum
2413 3449 2908 3517 octoginta.Sume
2930 3449 3108 3518 igitur
3125 3451 3238 3503 duo
3263 3450 3519 3516 minuta,
3551 3455 3607 3503 et
3629 3446 3883 3501 daillatu

2257 3555 2491 3608 quoque
2525 3537 2710 3591 alteri:
2747 3543 2971 3592 tantum
3001 3553 3070 3592 ne
3103 3554 3345 3608 respuas
3361 3537 3699 3593 anusistius
3727 3532 3883 3590 sacri-

2258 3628 2479 3682 licium.
2517 3627 2628 3682 Ista
2661 3627 2828 3682 nobis
2860 3626 3264 3697 loquentibus,
3296 3643 3426 3682 ecce
3457 3643 3647 3682 annus
3670 3623 3885 3680 veniens

2259 3718 2374 3771 duo
2409 3719 2634 3770 minuta
2662 3717 2975 3786 erogabat;
3012 3716 3368 3786 veniensque
3397 3716 3566 3770 dedit
3596 3713 3734 3769 mihi
3765 3724 3884 3764 eum

2259 3806 2419 3860 omni
2453 3804 2721 3866 silentio;
2745 3805 2904 3859 dedit
2925 3810 3121 3860 autem
3154 3811 3208 3859 et
3244 3805 3398 3875 nepti
3449 3821 3614 3873 meae,
3665 3802 3884 3856 dicens:

2257 3896 2466 3966 Accipe
2498 3893 2632 3957 ista,
2664 3901 2719 3948 et
2752 3895 3009 3949 comede.
3044 3895 3186 3950 Cum
3219 3909 3355 3964 ergo
3379 3894 3646 3959 abiisset,
3669 3889 3890 3962 agnovi-

2261 3999 2392 4038 mus
2425 3984 2576 4052 quod
2612 3983 2766 4036 Deus
2792 3983 2874 4036 illi
2911 3983 3223 4038 revelasset
3252 3983 3404 4053 quod
3427 3983 3714 4047 dixeram,
3741 3979 3810 4041 ei,
3834 3979 3889 4029 ut

2259 4071 2546 4138 acciperet
2575 4079 2627 4124 et
2649 4070 2812 4123 alteri
2848 4073 3088 4141 pauperi
3119 4071 3301 4126 daret.
3337 4070 3500 4126 Misit
3532 4070 3708 4140 igitur
3729 4081 3891 4123 unum

2259 4159 2767 4228 expuerissuis,et
2789 4159 3103 4214 de'lunbus
3138 4159 3380 4214 minutis
3412 4160 3560 4215 emit
3592 4158 3893 4230 lupinos,et

2260 4247 2529 4301 comedit.
2559 4249 2946 4301 Assevcrabat
2976 4253 3172 4301 autem
3207 4264 3399 4302 coram
3427 4247 3548 4304 Deo
3579 4249 3892 4313 dicens,eos

2262 4341 2539 4406 tanquam
2575 4335 2683 4390 mel
2719 4336 2919 4391 dulces
2954 4338 3154 4407 fuisse,
3181 4337 3261 4393 ita
3287 4342 3346 4392 ut
3370 4338 3688 4392 miraretur
3709 4341 3760 4391 et
3781 4333 3892 4406 glo-

2261 4424 2512 4480 riticaret
2542 4431 2748 4493 Deum,
2775 4425 2872 4496 qui
2907 4427 3008 4480 dat
3036 4426 3283 4498 gratiam
3318 4427 3502 4483 servis
3533 4426 3681 4482 suis.

2794 4568 3017 4623 CAPUT
3065 4568 3366 4623 CXXVIII.

2263 4657 2389 4711 Vita
2431 4657 2683 4727 Adelphii
2730 4659 2970 4728 episcopi
3013 4657 3290 4726 Arabessi,
3339 4657 3488 4714 etde
3519 4658 3676 4714 beato
3704 4657 3902 4713 Joanne

2902 4731 3268 4799 Chysoszomo.

2329 4851 2694 4906 Pcrrcximus
2723 4853 2792 4906 ad
2829 4853 3096 4907 abbatem
3128 4851 3514 4907 Athanasium
3540 4853 3597 4906 in
3621 4851 3906 4907 monaste-

2259 4943 2408 4998 rium
2443 4945 2628 4998 sancti
2668 4944 2852 4998 Patris
2885 4943 3068 4998 nostri
3101 4947 3286 5007 Sabai,
3311 4945 3691 5015 narravitque
3721 4940 3898 5002 nobis,

2258 5031 2421 5085 dicen
2434 5049 2478 5086 s:
2495 5035 2700 5086 Audivi
2730 5034 3010 5086 referente
3025 5033 3232 5087 abbate
3247 5034 3625 5103 Athenogene
3639 5031 3905 5103 episcOpo

2261 5121 2459 5180 Petrae,
2497 5121 2614 5174 tilio
2646 5122 2954 5175 abbatissa:
2992 5121 3302 5187 Damianai,
3339 5122 3452 5176 tale
3483 5120 3749 5192 aliquid:

2335 5209 2585 5262 Fratrem
2625 5209 2822 5262 habuit
2857 5209 2984 5263 avia
3005 5226 3134 5264 mea
3163 5211 3412 5277 Joanne,
3447 5210 3687 5265 nomine
3738 5205 3905 5261 Adel-

2261 5298 2484 5368 phium,
2520 5299 2862 5368 episcopum
2887 5298 3170 5364 Arabcssi,
3200 5315 3452 5354 sororem
3471 5315 3711 5370 quoque
3734 5297 3904 5351 abba-

2260 5390 2464 5442 tissam
2505 5386 3192 5442 monasteriimulierum.
3226 5391 3486 5454 Quadam
3511 5384 3910 5442 verudieabiit

2259 5477 2570 5546 episcopus
2603 5476 2669 5528 ad
2701 5477 3122 5531 monasterium
3142 5478 3446 5532 visitanda:
3462 5476 3686 5531 sororis
3705 5473 3912 5546 gratia-

2262 5565 2329 5618 Et
2359 5581 2489 5617 cum
2514 5563 2982 5619 intraretatrium
3006 5565 3367 5629 monasterii,
3387 5565 3529 5619 vidit
3558 5565 3709 5618 901
3737 5578 3904 5617 unam

2260 5655 2329 5709 de
2360 5653 2658 5709 sororibus
2691 5656 3002 5711 adtemone
3033 5661 3380 5727 correptam,
3413 5657 3543 5712 etin
3573 5656 3909 5727 pavimento
