4122 6188
366 319 473 377 185

1676 327 1982 382 PRATUM
2018 325 2471 382 SPIRITUALE.

3678 325 3783 381 186

367 446 715 518 projectam.
772 448 1108 505 Convocans
1166 450 1348 522 igitur
1404 451 1716 523 episcOpus
1762 465 2020 506 sororem
2052 450 2106 517 Α
2139 465 2315 520 quam
2338 467 2493 507 unus
2514 452 2639 507 sine
2662 450 2843 507 altero
2866 450 3321 522 proﬁciscentes.
3344 453 3607 519 Quadam
3644 467 3779 524 ergo

364 554 551 605 suam,
585 539 668 594 ait
696 539 819 595 illi:
858 540 1124 597 Placetne
1156 544 1263 597 tibi
1316 548 1379 598 ut
1410 560 1574 598 soror
1605 544 1716 598 ista
1747 542 2023 614 pertube-

362 632 459 683 tur
491 646 524 683 a
555 629 843 694 daemone,
877 636 933 685 et
978 631 1446 688 dehonestetur?
1480 638 1564 688 An
1604 633 1837 703 ignoras
1888 631 2027 703 quia

355 718 649 790 judicium
672 724 869 791 portas
883 722 1148 776 omnium
1166 738 1458 788 sororum,
1475 728 1538 778 ut
1560 722 2024 785 abbatissaiouaa

358 807 508 861 dixit
528 808 578 862 ei
606 824 618 861 :
640 808 707 862 Et
737 824 842 879 ego
866 810 1005 880 quid
1036 826 1275 881 possum
1299 811 1485 867 facere
1505 812 1785 868 adversus
1808 812 2025 865 daemo-

368 913 503 951 nem
528 898 556 951 ?
588 896 911 969 Episcopus
941 905 1134 954 autem
1169 917 1409 955 rursum
1445 902 1591 955 dixit
1647 903 1697 955 ei
1727 917 1739 955 :
1772 902 1837 956 Et
1884 900 2019 971 quid

363 985 462 1040 hic
498 990 583 1040 tot
641 985 814 1041 annis
872 986 1058 1042 facis?
1116 989 1409 1061 Factaque
1460 989 1743 1058 oratione,
1797 990 2025 1062 episco-

360 1091 476 1146 pus
534 1078 901 1131 mundavita
962 1080 1226 1133 daemone
1286 1096 1540 1135 sororem
1577 1080 1760 1135 illam.

439 1165 666 1219 Rursus
698 1165 851 1220 idem
889 1167 1071 1223 abbas
1104 1169 1460 1225 Athanasius
1483 1170 1742 1225 narravit
1763 1170 1930 1225 nobis
1954 1172 2023 1226 de

360 1254 565 1308 eodem
601 1253 874 1326 episcopo
905 1256 1456 1328 Adelphio,dicens,
1484 1276 1610 1315 sese
1632 1260 2021 1315 venerabilem

357 1342 651 1397 Joannam
686 1360 943 1399 sororem
976 1345 1165 1416 ipsius
1209 1349 1291 1401 ita
1344 1348 1689 1403 reierentem
1744 1349 2018 1403 audisse:

359 1430 514 1485 Cum
552 1433 969 1488 sanctissimus
1003 1436 1316 1507 episcopus
1338 1437 2019 1509 Constantinopolitanus

357 1519 621 1576 Joannes
641 1523 1167 1594 Chrysostomusin
1194 1525 1484 1581 Cususum
1512 1527 1565 1579 in
1592 1526 1861 1581 exsilium
1884 1527 2017 1581 mis-

360 1617 593 1679 susest,
614 1612 668 1665 in
701 1612 873 1667 domo
901 1618 1102 1669 nostra
1126 1615 1360 1669 mansit.
1382 1614 1458 1669 Ex
1486 1614 1790 1687 hocigitur
1812 1616 2015 1687 ingen-

360 1704 481 1755 tem
511 1701 928 1756 confidentiam
945 1707 1002 1757 et
1022 1703 1365 1758 charitatem
1382 1703 1701 1759 habuimus
1716 1706 1784 1759 ad
1807 1704 2013 1760 Deum.

360 1788 603 1844 Dicebat
628 1806 765 1861 ergo
791 1790 975 1888 frater
992 1807 1158 1888 meus
1179 1792 1500 1864 Adelphius
1524 1809 1537 1847 :
1564 1793 1708 1848 Cum
1732 1794 1789 1848 in
1810 1794 2013 1849 exsilio
2043 1824 2089 1888 Β

358 1882 553 1932 mortu
567 1896 635 1933 us
648 1884 802 1933 esset
825 1880 1762 1951 beatissimusJoannes,‘dolorem
1790 1884 2003 1955 pertuli

351 1967 779 2034 incredibilem,
804 1973 955 2039 quod
978 1970 1111 2024 talis
1134 1986 1196 2023 ac
1220 1976 1418 2024 tantus
1443 1974 1550 2037 vir,
1578 1972 1855 2043 orbisque
1881 1990 2003 2027 ma-

349 2054 884 2127 gister,lmtiﬁcaos
927 2058 1238 2115 Ecclesiam
1270 2060 1369 2115 Dei
1392 2078 1425 2115 a
1454 2059 1666 2115 throno
1703 2078 1808 2116 suo
1841 2062 2004 2118 exsul

348 2146 671 2200 defunctus
694 2152 806 2205 est.
832 2146 1197 2219 Deprecabar
1236 2150 1611 2221 ergo,inquit,
1646 2151 1830 2206 Deum
1871 2168 2004 2207 cum

356 2234 569 2289 multis
602 2234 899 2307 lacrymis,
934 2241 997 2291 ut
1028 2238 1335 2294 ostendere
1364 2239 1506 2294 mihi
1554 2240 1911 2312 dignaretur,
1947 2242 2004 2296 in

350 2339 467 2393 quo
498 2327 657 2378 statu
681 2329 856 2390 esset,
882 2329 938 2379 et
957 2343 1031 2380 an
1055 2342 1188 2381 cum
1216 2327 1562 2396 patriarchis
1582 2329 2006 2385 adnumeratus

349 2416 527 2467 esset.
550 2412 694 2467 Cum
726 2429 862 2484 ergo
894 2414 1119 2471 diutius
1141 2432 1424 2482 orassem,
1450 2418 1507 2471 in
1532 2418 1744 2473 exstasi
1767 2418 2009 2474 effectus

351 2517 509 2570 sum,
535 2501 856 2573 aspexique
879 2503 1066 2557 virum
1094 2504 1270 2558 nimis
1292 2506 1643 2575 speciosum,
1670 2507 1770 2577 qui
1803 2513 2008 2563 tenens

350 2606 601 2645 manum
618 2591 914 2645 dexteram
934 2609 1143 2658 meam,
1160 2593 1269 2647 add
1282 2594 1406 2649 uxit
1420 2610 1511 2649 me
1527 2595 1583 2649 in
1598 2595 1789 2651 locum
1809 2614 2009 2667 quem-

346 2680 483 2734 dam
502 2678 794 2735 illustrem
808 2680 1847 2755 etgloriosissimum,ostendebatque
1864 2687 2008 2742 mihi

356 2768 615 2823 ecclesiae
638 2771 919 2824 doctores.
937 2770 1054 2840 Ego
1077 2788 1209 2827 vero
1231 2772 1794 2845 circumspiciebam,
1817 2778 2008 2832 Videre

358 2873 628 2927 querens
642 2873 808 2927 quem
822 2859 1149 2930 cupiebam,
1166 2877 1446 2931 magnum
1460 2862 1737 2919 Joannem
1756 2865 2008 2921 dilectis»

348 2948 570 3002 simum
599 2963 818 3002 meum.
843 2952 984 3003 Cum
1000 2966 1135 3021 ergo
1157 2952 1516 3007 ostendisset
1536 2955 1677 3009 mihi
1702 2972 1927 3021 omnes,
1954 2961 2010 3010 et

360 3036 838 3107 uniuscujusque
868 3038 1167 3109 proprium
1203 3056 1413 3095 nomen
1448 3043 1851 3113 expressisset,
1877 3062 2006 3099 ruro

2133 538 2226 592 die
2249 540 2425 607 venit,
2454 542 2749 595 nesciente
2772 541 2928 595 socio
2974 557 3102 609 suo,
3122 540 3269 595 alter
3291 543 3359 596 ad
3380 542 3547 596 illum
3574 562 3587 611 ;
3614 558 3781 597 cum-

2134 643 2246 698 que
2278 628 2472 699 plures
2497 630 2669 685 horas
2694 629 3234 700 pulsaretjanuam,
3258 629 3444 685 noluit
3484 630 3566 683 illi
3601 646 3778 685 senex

2132 716 2375 785 aperire,
2401 717 2480 771 ita
2514 723 2575 771 ut
2598 716 2693 771 ille
2716 718 2888 772 tzedio
2920 717 3183 771 devictus
3229 722 3631 772 reverteretur.
3668 722 3778 773 Re-

2130 804 2373 859 vertenti
2396 810 2588 861 autem
2616 806 2869 861 occurrit
2900 805 3122 860 amicus
3142 803 3545 877 efus,pergens
3567 811 3623 861 et
3652 808 3777 878 ipse

2132 896 2202 951 ad
2228 897 2513 969 Stylitem.
2538 914 2888 967 rursuirque
2913 897 3139 951 reduxit
3159 913 3291 950 eum
3316 913 3539 960 secum,
3564 902 3627 951 ut
3648 914 3773 951 am-

2135 988 2208 1043 bo
2254 988 2429 1043 simul
2485 989 2933 1061 ingrederentur
2980 989 3047 1043 ad
3076 988 3466 1044 senem.Cum
3489 1003 3625 1059 ergo
3646 988 3773 1058 pul-

2128 1082 2327 1131 sarent
2354 1079 2618 1147 januom,
2652 1076 2953 1131 mandavit
2991 1091 3168 1130 senex
3225 1080 3289 1130 ut
3331 1074 3431 1146 qui
3486 1077 3775 1146 posterior

2127 1176 2381 1235 venerat,
2436 1166 2837 1237 ingrederetur
2893 1166 3077 1221 solus.
3134 1170 3545 1237 ingressusque
3590 1168 3775 1236 poste-

2130 1254 2248 1309 rior
2280 1256 2449 1326 cmpit
2472 1272 2676 1328 rogare
2695 1272 2914 1323 senem,
2940 1260 3005 1310 ut
3026 1260 3081 1309 et
3105 1255 3256 1310 alius
3279 1255 3571 1315 introiret.
3590 1256 3772 1309 Senex

2124 1351 2320 1401 autem
2350 1345 2496 1400 dixit
2525 1346 2572 1400 ei
2607 1362 2669 1400 se
2700 1362 2815 1401 non
2844 1361 3011 1413 posse
3037 1344 3203 1399 illum
3236 1344 3767 1415 suscipere.Perse-

2124 1434 2345 1489 veranti
2366 1450 2497 1490 vero
2526 1440 2582 1490 et
2600 1451 2701 1505 per
2727 1435 2975 1489 multam
2993 1433 3197 1489 horam
3223 1432 3558 1504 deprecanti
3578 1432 3765 1487 aitse-

2126 1524 2423 1578 nex:Deus
2441 1523 2605 1579 illum
2621 1529 2939 1591 aversatur,
2963 1523 3129 1592 ﬁli,et
3150 1539 3255 1594 ego
3284 1522 3447 1577 illum
3469 1522 3769 1593 suscipere

2123 1630 2236 1667 non
2255 1629 2517 1686 possum.
2533 1618 2794 1685 Cumque
2808 1614 2876 1669 ad
2896 1612 3127 1686 propria
3142 1612 3772 1684 rediissent,postduos

2124 1702 2807 1759 diesilledefunctusest.

2685 1806 2917 1863 CAPUT
2965 1807 3195 1862 CXXX.

2118 1896 2755 1952 Admonitionesabbatis
2768 1896 3074 1961 Athanasii,
3090 1901 3141 1951 et
3161 1894 3441 1951 mirabilis
3456 1894 3574 1965 ejus
3604 1894 3762 1951 visio.

2189 1985 2428 2040 Dicebat
2484 1984 2636 2040 idem
2699 1986 2881 2040 abbas
2930 1984 3547 2040 AthanasiuszPatres
3579 1983 3763 2039 nostri

2118 2074 2561 2138 continentiam,
2594 2078 2649 2128 et
2706 2078 3131 2145 paupertatem,
3166 2090 3231 2128 ac
3288 2074 3641 2142 nuditatem,
3676 2089 3767 2128 re-

2119 2180 2248 2219 rum
2283 2166 2547 2219 omnium
2580 2182 2768 2235 usque
2799 2167 2869 2219 ad
2916 2170 3167 2221 mortem
3217 2169 3632 2232 servaverunt;
3658 2180 3768 2220 nos

2116 2258 2310 2308 autem
2344 2259 2576 2309 ventres
2607 2259 2837 2309 nostros
2868 2259 2921 2309 et
2954 2270 3261 2309 cruinenas
3291 2253 3690 2308 dilatavimus.

2192 2343 2344 2397 Dixit
2372 2344 2582 2399 iterum
2618 2359 2826 2397 senex:
2855 2344 2973 2398 Sub
3006 2343 3273 2398 Patribus
3302 2342 3517 2397 nostris
3547 2342 3605 2395 in
3640 2347 3770 2397 stu-

2119 2432 2215 2487 dio
2260 2436 2400 2499 erat,
2434 2432 2845 2487 distractiones
2902 2431 3083 2487 animi
3114 2432 3331 2499 vitare;
3365 2431 3581 2486 nostris
3630 2446 3763 2485 vero

2119 2520 2485 2592 temporibus
2517 2520 2633 2575 olla
2661 2520 2935 2588 obtinuit,
2967 2524 3024 2575 et
3045 2538 3193 2591 opus
3226 2536 3531 2574 manuum.

2192 2610 2462 2665 Narravit
2493 2610 2661 2665 nobis
2691 2614 2747 2665 et
2774 2610 2927 2664 istud
2962 2609 3144 2664 abbas
3175 2608 3533 2663 Athanasius
3579 2608 3650 2663 de
3680 2625 3766 2675 se,

2120 2699 2314 2765 Venit,
2346 2699 2644 2770 inquiens,
2682 2698 2822 2753 mihi
2850 2698 3162 2768 aliquando
3193 2699 3487 2767 cogitatio,
3521 2698 3722 2751 dicens
3752 2715 3764 2750 :

2121 2789 2265 2854 Quid
2303 2793 2475 2859 putas
2506 2788 2617 2842 erit
2649 2788 3013 2842 certantibus
3035 2791 3089 2841 et
3112 2804 3224 2841 non
3258 2786 3621 2842 certantibus
3646 2786 3673 2839 Ἰ
3700 2791 3768 2841 Et

2120 2895 2253 2934 cum
2287 2879 2475 2933 tactus
2506 2893 2696 2933 essem
2724 2878 2779 2931 in
2806 2878 3187 2941 extasi,venit
3208 2878 3279 2932 ad
3309 2892 3400 2931 me
3419 2876 3657 2947 quidam
3686 2877 3769 2930 di-

2121 2984 2257 3023 cens
2290 2968 2431 3022 mihi
2460 2985 2471 3021 :
2504 2972 2755 3036 Sequere
2787 2983 2909 3034 me;
2941 2967 3299 3038 adduxitque
3333 2982 3424 3021 me
3477 2966 3534 3019 in
3563 2982 3766 3037 quem-

2122 3057 2465 3113 damlocum
2491 3056 2731 3128 plenum
2762 3054 3007 3112 luminis
3031 3062 3087 3111 et
3110 3055 3326 3125 gloriae,
3355 3054 3652 3125 statuique
3675 3071 3767 3109 me

352 3142 459 3181 808
483 3130 941 3229 lenens‘mBRC"
965 3129 1435 3226 ωδξιυωιθάυκίι
1457 3147 1549 3185 ωε
1574 3132 1872 3205 foms-Ego
1896 3152 2003 3189 δυ·-
2035 3163 2077 3229 C
2112 3146 2284 3217 juxta
2308 3163 2485 3201 unam
2508 3146 2966 3215 januam,cujus
2988 3145 3209 3215 species
3231 3143 3487 3198 enarrari
3513 3160 3625 3198 non
3653 3160 3758 3214 po-

346 3219 465 3270 tem
500 3216 794 3287 sequebar
816 3215 981 3270 illum
1011 3218 1390 3289 tristis,quod
1416 3236 1529 3275 non
1562 3220 1838 3278 vidissem
1869 3240 1999 3279 cum

348 3306 621 3377 patribus
652 3309 707 3359 et
738 3304 1004 3361 Ecclesia;
1045 3308 1343 3379 magistris
1403 3311 1635 3365 beatum
1690 3315 1997 3367 Joannem.

350 3392 496 3448 Cum
530 3394 726 3464 itaque
757 3395 1085 3465 egrederer,
1108 3397 1157 3450 is
1186 3399 1283 3468 qui
1306 3400 1771 3469 praeeratjanuze,
1797 3418 2000 3473 appre-

348 3483 621 3540 hendens
647 3501 739 3539 me
757 3486 903 3540 dixit
925 3486 1068 3541 mihi
1088 3504 1100 3543 :
1123 3488 1268 3554 Quid
1294 3488 1474 3546 habes
1496 3491 1523 3545 ?
1554 3491 1671 3546 Cur
1692 3492 1876 3547 tristis
1897 3494 2001 3549 es?

348 3590 525 3627 nemo
560 3590 820 3645 unquam
837 3574 950 3631 huc
966 3576 1289 3648 ingressus,
1308 3579 1488 3634 tristis
1501 3580 1691 3636 exivit.
1708 3582 1790 3635 Tu
1803 3598 1870 3635 nc
1884 3578 1999 3636 dixi

342 3662 459 3717 illi:
490 3666 619 3719 Hec
650 3664 794 3719 mihi
819 3682 994 3721 causa
1021 3667 1287 3722 maeroris
1329 3673 1439 3734 est,
1464 3671 1613 3740 quod
1659 3673 2001 3728 amantissi-

342 3768 504 3806 mum
542 3753 654 3808 mei
689 3754 977 3810 Joannem
1010 3757 1349 3827 episcopum
1400 3761 1998 3832 Constantinopolita-

343 3858 486 3896 num
518 3859 637 3897 una
656 3859 787 3897 cum
814 3845 1041 3899 caeteris
1060 3844 1399 3901 doctoribus
1439 3864 1553 3902 non
1577 3849 1715 3905 vidi.
1742 3850 1995 3906 Rursum

340 3931 490 3985 dixit
520 3932 666 3987 mihi
693 3933 1014 3988 :Joannem
1048 3934 1193 3989 dicis
1227 3936 1577 4006 pmnitentia:
1608 3940 1816 3995 ducem
1840 3941 1866 3995 ‘2
1894 3942 1998 3995 Aio

343 4020 684 4089 egozlllum
736 4038 896 4078 sane.
931 4022 1313 4094 Respondens
1371 4030 1564 4081 autem
1626 4028 1773 4082 dixit
1823 4030 1994 4085 mihi:

346 4110 545 4181 Ipsum
582 4109 760 4166 homo
795 4110 853 4165 in
882 4129 1053 4167 carne
1082 4114 1279 4169 vivens
1310 4115 1503 4170 videre
1536 4133 1648 4171 non
1684 4122 1890 4188 potest,
1927 4120 1998 4175 il~

344 4198 416 4253 lic
446 4200 607 4253 enim
642 4201 891 4267 assistit,
926 4201 1022 4255 ubi
1054 4201 1303 4257 thronus
1332 4208 1421 4259 est
1452 4204 1701 4259 Domini.

929 4316 1161 4371 CAPUT
1191 4316 1411 4373 CXXIX

826 4406 941 4459 Vita
968 4407 1254 4476 cujusdam
1284 4408 1523 4478 Stylita.

2113 3241 2247 3291 test:
2263 3236 2648 3291 audiebamus
2666 3238 2859 3289 autem
2883 3233 3129 3288 interius
3148 3232 3312 3303 quasi
3338 3230 3763 3286 multitudinem

2111 3324 2599 3379 innumerabilem
2614 3323 2983 3378 laudantium
3002 3326 3206 3377 Deum.
3224 3324 3486 3390 Cumque
3503 3319 3765 3389 pulsare-

2111 3430 2267 3480 mus,
2304 3413 2525 3467 audivit
2554 3412 2849 3483 quispiam
2905 3413 3088 3477 intus,
3120 3416 3177 3464 et
3208 3409 3361 3465 902
3396 3408 3578 3463 dixit:
3608 3408 3755 3471 Quid

2110 3502 2327 3557 vultis?
2348 3502 2436 3557 Ait
2464 3503 2671 3557 ductor
2694 3516 2860 3555 meus
2883 3517 2895 3553 :
2922 3498 3469 3568 lngredivolumus.
3495 3497 3763 3568 Respon-

2110 3592 2195 3646 dit
2227 3592 2361 3646 ille:
2396 3591 2517 3645 Non
2552 3590 2666 3645 huc
2710 3590 3074 3661 ingredietur
3131 3588 3425 3659 quispiam
3486 3586 3544 3640 in
3577 3584 3761 3656 negli-

2109 3681 2309 3752 gentia
2341 3682 2595 3751 degens;
2631 3680 2731 3734 sed
2760 3679 2806 3733 si
2842 3682 3058 3733 intrare
3087 3676 3288 3745 vultis,
3316 3675 3487 3743 abite,
3522 3680 3760 3741 certate,

2111 3769 2255 3825 nihil
2287 3770 2641 3824 aestimantes
2672 3768 2957 3822 vanitates
2975 3763 3194 3821 szeculi.

2676 3874 2908 3929 CAPUT
2936 3872 3181 3929 CXXXI.

2419 3965 2535 4019 Vita
2563 3962 2781 4019 abbatis
2808 3964 3022 4017 Zarhaei
3050 3972 3260 4018 sancta
3291 3961 3445 4017 Sion.

2179 4055 2447 4110 Narravit
2469 4054 2638 4109 nobis
2668 4054 2986 4122 Procopius
3019 4050 3405 4107 scholasticus
3437 4049 3765 4120 Porphyre-

2108 4147 2295 4201 onites
2327 4145 2398 4199 de
2429 4146 2637 4199 abbate
2663 4142 2919 4206 Zachaeo,
2955 4142 3156 4195 dicens
3187 4142 3343 4195 :Duo
3386 4139 3494 4193 filii
3550 4140 3661 4193 mei
3702 4140 3759 4193 in

2108 4238 2363 4289 Caesarea
2382 4232 2673 4303 degebant
2698 4256 2712 4297 ;
2736 4232 2889 4286 facta
2911 4234 2998 4285 est
3025 4233 3221 4283 autem
3246 4227 3303 4281 in
3338 4226 3600 4281 Caesarea
3632 4244 3761 4283 ma-

2107 4341 2221 4396 gna
2239 4324 2583 4387 mortalitas,
2601 4339 2823 4393 egoque
2838 4322 3141 4391 alﬂigebar
3154 4324 3388 4390 propter
3404 4318 3554 4373 filios
3574 4335 3758 4387 meos,

2109 4429 2180 4468 ne
2199 4420 2585 4477 morerentur,
2603 4418 2659 4466 et
2682 4411 3022 4480 ignorabam
3048 4408 3188 4478 quid
3209 4407 3757 4478 agerem.Dicebam

408 4502 610 4557 Abbas
636 4502 790 4555 idem
817 4502 1170 4557 Athanasius
1191 4505 1449 4560 narravit
1470 4506 1658 4573 nobis,
1682 4510 1918 4565 audisse
1938 4529 2001 4568 se
2033 4520 2076 4583 ι)
2111 4508 2305 4557 autem
2329 4501 2388 4554 in
2414 4517 2505 4554 me
2530 4501 2657 4570 ἱρεο
2686 4516 2698 4554 ε
2723 4499 2781 4553 Si
2816 4497 3046 4553 mittam
3069 4502 3126 4552 θῐ
3156 4494 3436 4566 “William
3466 4511 3564 4549 303
3596 4495 3758 4562 inde.

339 4598 679 4646 narrantem
697 4591 963 4645 abbatem
982 4592 1417 4665 Athenogenem
1436 4597 1774 4668 episcopum
1794 4600 1995 4669 Petrae,

341 4681 491 4750 quod
513 4680 573 4734 in
597 4680 893 4751 provincia
912 4697 1019 4735 sua
1034 4681 1453 4751 fueritStylites
1468 4686 1807 4755 quidam,ad
1824 4707 1997 4760 quem

336 4786 539 4824 omnes
560 4768 660 4839 qui
684 4769 1016 4833 veniebant,
1042 4770 1289 4824 inferius
1327 4777 1552 4828 stantes
1585 4774 1997 4847 loquebantur,

338 4874 402 4913 eo
419 4860 577 4929 quod
602 4874 718 4913 non
742 4857 983 4912 haberet
1001 4858 1238 4913 scalam.
1266 4861 1321 4915 Si
1359 4864 1591 4933 quando
1614 4864 1793 4935 igitur
1815 4867 1995 4923 dixis-

339 4954 425 5002 set
458 4947 540 5001 illi
576 4947 795 5001 frater:
830 4946 970 5001 Volo
1003 4948 1104 5002 tibi
1141 4949 1331 5003 dicere
1361 4952 1770 5021 cogitationem
1801 4974 1815 5021 ;
1841 4957 1994 5011 dice-

338 5037 436 5091 bat
468 5042 525 5091 et
546 5037 674 5106 ipse
702 5034 784 5089 illi
818 5036 931 5091 leni
950 5038 1278 5092 voce:Veni
1308 5041 1378 5094 ad
1413 5041 1633 5111 gradus
1665 5043 1989 5115 columnas;

338 5124 580 5195 ibatque
612 5126 739 5195 ipse
768 5124 837 5178 ad
874 5123 1047 5179 aliam
1083 5126 1368 5181 columnas
1403 5133 1624 5197 partem
1654 5147 1666 5196 ;
1692 5136 1747 5185 et
1791 5133 1869 5187 ila
1910 5133 1992 5189 lo-

340 5216 681 5285 quebantur
712 5218 939 5283 mutuo,
974 5215 1185 5285 Stylita
1211 5216 1446 5287 quidem
1474 5221 1746 5289 superius
1778 5226 1991 5289 stante,

337 5302 516 5354 fratre
549 5304 748 5353 autem
783 5300 1044 5354 inferius.
1076 5300 1426 5357 Czeterorum
1459 5320 1594 5359 vero
1626 5307 1726 5376 qui
1758 5308 1993 5363 assiste-

330 5387 495 5452 bant,
528 5384 729 5439 nullus
760 5401 825 5438 ea
858 5402 985 5455 qua;
1019 5387 1368 5442 dicebantur
1398 5390 1602 5445 audire
1635 5398 1882 5462 poterat.

405 5472 643 5525 Dicebat
674 5477 727 5523 et
762 5469 869 5524 hoc
900 5472 1083 5526 abbas
1104 5472 1513 5545 Athenogenes
1540 5478 1609 5531 de
1641 5480 1844 5532 eodem
1868 5483 1991 5550 Sty-

336 5558 461 5623 lita,
488 5560 643 5627 quod
664 5560 780 5613 duo
804 5559 1113 5615 sazculares
1136 5577 1198 5616 se
1223 5569 1427 5618 mutuo
1453 5564 1621 5619 valde
1653 5566 1985 5637 diligentes,

326 5649 652 5719 pergebant
671 5649 740 5702 ad
768 5664 902 5703 eum
926 5648 1129 5703 multis
1153 5651 1324 5705 annis
1344 5654 1511 5707 ambo
1536 5654 1734 5723 simul,
1760 5660 1814 5711 et
1834 5673 1982 5711 nun-

2109 4590 2255 4644 iram
2289 4590 2391 4644 Dei
2426 4590 2622 4659 fugere
2646 4586 2920 4658 possibile
2950 4603 3063 4641 non
3091 4589 3218 4651 est;
3246 4586 3347 4640 sed
3380 4583 3427 4640 si
3459 4584 3756 4639 dimittam

2106 4695 2206 4734 eos
2237 4678 2377 4743 illic,
2407 4678 2752 4742 morientur,
2786 4681 2843 4731 et
2900 4692 3013 4731 non
3046 4675 3251 4729 videbo
3292 4673 3441 4729 illos.
3474 4673 3759 4730 Nesciens

2107 4768 2305 4839 itaque
2338 4768 2476 4838 quid
2511 4783 2678 4838 agere
2708 4766 3005 4829 deberem,
3029 4764 3185 4820 dixi:
3214 4762 3440 4817 Vadam
3471 4763 3542 4818 ad
3576 4762 3759 4816 abba-

2106 4860 2221 4911 tem
2252 4856 2580 4921 Zachaaum,
2614 4862 2671 4910 et
2701 4855 2855 4924 quod
2915 4853 3127 4908 dixerit
3180 4852 3323 4906 mihi
3373 4852 3481 4906 hoc
3517 4851 3752 4907 faciam.

2107 4942 2333 5001 Peri-exi
2368 4945 2546 5011 igitur
2576 4945 2632 4999 in
2668 4949 2929 4997 sanctam
2968 4944 3106 4998 Sion
3139 4942 3283 5011 (illic
3332 4941 3491 4995 enim
3520 4957 3756 5011 semper

2106 5035 2465 5105 morabatur)
2481 5039 2536 5088 et
2559 5050 2671 5087 non
2691 5032 2883 5086 inveni
2910 5029 3217 5086 eum.Veni
3243 5034 3437 5084 autem
3458 5030 3514 5082 in
3534 5028 3748 5084 atrium

2104 5133 2316 5179 sanctas
2346 5121 2651 5177 MariaaDei
2686 5120 2980 5191 geniticis,
3020 5123 3076 5174 et
3124 5118 3319 5173 inveni
3352 5116 3517 5173 illum
3549 5124 3750 5173 stran-

2102 5217 2220 5267 tem
2256 5214 2311 5265 in
2348 5210 2564 5282 augulo
2595 5211 2749 5275 atrii,
2772 5209 3007 5280 dixique
3038 5208 3118 5262 illi
3153 5209 3221 5262 de
3247 5207 3381 5261 filiis
3415 5207 3577 5261 meis.
3603 5208 3746 5263 Cum

2101 5319 2237 5373 ergo
2267 5318 2358 5355 me
2388 5300 2671 5366 audisset,
2705 5299 2773 5353 ad
2809 5299 3100 5353 Orientem
3135 5313 3448 5351 conversus
3469 5301 3557 5351 est
3576 5301 3632 5350 et
3659 5296 3747 5350 in-

2100 5392 2288 5446 tendit
2312 5391 2367 5444 in
2391 5388 2599 5443 cmlum
2627 5387 2817 5459 quasi,
2838 5406 2938 5458 per
2960 5389 3134 5441 horas
3156 5385 3483 5451 duas,nihil
3506 5384 3745 5439 omnino

2098 5479 2364 5551 loquens.
2397 5479 2559 5533 Tunc
2594 5494 2729 5533 vero
2761 5492 3079 5532 conversus
3128 5478 3196 5531 ad
3232 5492 3347 5541 me,
3383 5475 3526 5529 dixit
3558 5473 3738 5527 mihi:

2096 5568 2354 5637 Conlide,
2388 5584 2453 5621 ac
2487 5567 2605 5621 noli
2653 5565 2866 5637 afﬂigi;
2899 5565 3005 5619 ﬁlii
3036 5564 3122 5619 tui
3180 5579 3296 5618 non
3330 5562 3651 5618 morientur
3681 5560 3737 5615 in

2095 5658 2203 5712 hac
2237 5663 2415 5729 peste,
2450 5658 2549 5712 sed
2584 5660 2639 5710 et
2670 5660 2801 5727 post
2832 5655 2979 5709 duas
3011 5655 3136 5710 dies
3168 5652 3426 5707 cessabit
3456 5651 3527 5704 de
3556 5653 3736 5703 Cinea-
