4122 6188
476 317 580 374 187

1677 326 1767 378 ΟΕ
1805 325 1997 380 VITIS
2033 325 2121 380 PA

2235 329 2332 384 ΠΜ
2369 329 2582 384 LIBER
2620 328 2695 382 X.
3751 329 3844 384 188

474 458 575 499 rea
607 441 953 499 mortalitas.
987 443 1146 508 Quod
1180 447 1237 498 et
1269 445 1481 500 factum
1513 449 1603 502 est
1646 447 1818 516 juxta
1875 447 2117 503 verbum
2149 455 2202 521 Α
2233 450 2476 506 dianum
2509 450 2864 524 stipendium
2900 465 3107 506 novem
3141 448 3388 504 minuta.
3419 448 3687 506 Veniebat
3727 468 3850 524 ergo

475 532 656 596 senis,
690 537 756 588 Et
784 532 899 587 ista
951 534 1190 604 quidem
1251 536 1566 606 Procopius
1623 536 2032 608 scholasticus,
2066 543 2131 593 ut

473 622 615 693 dixi,
647 623 937 678 enarravit
968 622 1160 678 nobis.

1028 731 1258 788 CAPUT
1290 731 1567 792 CXXXII.

1149 822 1223 875 De
1241 821 1449 876 eodem.

542 907 741 963 Abbas
800 911 993 961 autem
1044 908 1388 980 Cyprianus,
1423 918 1805 984 cognomento
1853 915 2125 984 Cuculas,

471 996 644 1064 cujus
679 995 1100 1049 monasterium
1126 1002 1214 1051 est
1235 1002 1394 1053 extra
1419 1006 1641 1071 portam
1667 1001 1959 1073 Caesareae,
1989 1020 2126 1058 nar-

475 1086 626 1139 ravit
649 1086 838 1150 nobis,
865 1102 996 1140 cum
1023 1088 1091 1140 ad
1118 1086 1284 1142 illum
1308 1092 1695 1160 venissemus,
1719 1093 1919 1148 dicens
1943 1111 1955 1148 :
1979 1094 2124 1149 Cum

476 1176 736 1226 vastaret
765 1173 966 1228 urbem
1002 1173 1170 1228 istam
1207 1192 1358 1231 saeva
1381 1177 1480 1232 illa
1510 1183 1566 1233 et
1597 1178 1886 1235 horrenda
1917 1188 2126 1237 morta-

471 1262 586 1325 tas,
621 1257 830 1311 inclusi
867 1260 1158 1330 meipsum
1187 1260 1244 1315 in
1275 1262 1421 1317 cella
1453 1279 1601 1333 mea,
1635 1264 1957 1336 deprecans
2009 1268 2122 1322 cle-

470 1343 754 1398 mentiam
787 1345 1038 1412 Domini,
1067 1351 1129 1400 ut
1155 1348 1338 1402 nostri
1375 1349 1753 1405 misereretur
1774 1357 1831 1406 et
1848 1358 2126 1409 averteret

471 1432 880 1488 imminentem
916 1433 1064 1489 iram
1094 1453 1107 1502 ;
1135 1437 1408 1508 venitque
1436 1438 1577 1492 mihi
1611 1457 1717 1496 vox
1750 1441 1988 1498 dicens:
2012 1444 2122 1498 Ab-

471 1523 578 1579 bas
614 1524 891 1581 Zachazus
922 1526 1144 1598 accepit
1175 1527 1326 1582 hanc
1362 1531 1634 1600 gratiam.

1018 1634 1252 1690 CAPUT
1282 1635 1575 1692 CXXXIII.

469 1726 549 1779 De
579 1713 766 1779 sancto
825 1724 1112 1803 Illonaclzo,
1133 1728 1241 1803 Aqui
1293 1731 1660 1803 §aracenurn_
1690 1735 2006 1803 penaterem
2026 1748 2126 1803 per

814 1795 946 1852 duos
973 1798 1093 1852 dies
1120 1795 1460 1854 {inmobilem
1507 1799 1772 1855 reddidit.

539 1883 806 1938 Narravit
826 1889 1150 1941 Saracenus
1170 1887 1426 1958 gentilis,
1446 1905 1514 1943 ex
1533 1888 1625 1944 his
1644 1890 1744 1960 qui
1763 1890 1818 1945 in
1847 1891 2127 1951 Clismate

2157 1816 2205 1882 B

2238 556 2416 612 prope
2449 557 2540 597 me
2573 542 2630 595 in
2665 539 3088 597 monasterium
3119 537 3482 605 Eliotarum,
3515 541 3854 596 comedebat-

2237 646 2350 697 que
2376 631 2575 686 decem
2612 630 2801 686 solum
2856 629 3112 701 lupinos,
3147 633 3204 683 et
3235 629 3328 682 die
3385 631 3508 682 tota
3561 627 3857 686 laborabat.

2235 720 2378 775 Cum
2414 721 2609 792 itaque
2639 721 2872 776 fecisset
2901 721 2972 774 de
3005 718 3270 774 mercede
3302 735 3410 772 sua
3440 716 3661 772 minuta
3686 721 3860 774 numi-

2235 813 2492 863 smatum
2519 810 2720 875 trium,
2748 809 2828 862 ait
2853 808 2994 862 mihi
3023 825 3036 862 :
3063 808 3272 878 Accipe
3296 807 3568 877 pretium,
3591 813 3646 861 et
3666 806 3860 864 librum

2237 901 2294 951 et
2323 898 2465 953 vade
2497 899 2567 952 ad
2602 897 2906 952 dominum
2941 912 3157 951 suum:
3189 901 3246 949 et
3275 895 3321 949 si
3355 895 3589 967 quidem
3621 896 3738 950 vult
3764 897 3861 950 mi-

2235 991 2398 1052 nuta,
2419 988 2492 1042 da
2525 986 2640 1054 illi;
2663 988 2752 1042 sin
2785 991 2985 1042 autem
3009 1002 3123 1040 non
3147 985 3292 1052 vult,
3318 985 3494 1040 redde
3523 983 3603 1039 illi
3638 984 3860 1040 librum.

2236 1075 2352 1147 Ego
2385 1077 2566 1148 igitur
2613 1077 2852 1131 veniens
2876 1075 3140 1130 nuntiavi
3175 1075 3283 1130 hac
3307 1074 3506 1130 abbati
3542 1075 3740 1129 Petro:
3773 1076 3861 1145 qui

2233 1181 2421 1236 neque
2455 1166 2733 1237 pretium,
2761 1182 2950 1236 neque
2973 1165 3188 1220 librum
3211 1165 3471 1236 accipere
3495 1163 3861 1219 volebat.Per-

2232 1254 2393 1309 suasi
2452 1259 2647 1310 tamen
2711 1255 2760 1309 ei
2821 1259 2884 1310 ut
2943 1255 3246 1325 pecuniam
3316 1253 3633 1324 acciperet,
3687 1269 3859 1324 neque

2235 1344 2576 1414 repudiaret
2607 1344 2972 1399 anachoreta:
3003 1343 3280 1412 laborem,
3315 1359 3491 1414 quam
3525 1343 3752 1397 tandem
3781 1358 3864 1430 ac:

2233 1432 2405 1502 cepit.
2441 1434 2510 1487 Et
2544 1449 2788 1504 pergens
2811 1450 2913 1504 ego
2946 1433 3076 1488 dedi
3112 1432 3332 1487 librum
3367 1431 3752 1499 anachoreta;
3774 1435 3862 1502 qul

2232 1522 2496 1593 gaudens
2530 1523 2813 1578 remeavit
2845 1525 2901 1576 in
2935 1538 3220 1577 eremum.

2795 1627 3019 1685 CAPUT
3051 1627 3315 1685 CXXXV.

2233 1719 2305 1774 De
2334 1720 2578 1791 quinque
2598 1721 2910 1789 virginibus
2942 1735 3072 1791 quae,
3087 1720 3241 1774 exire
3261 1716 3557 1773 voluerunt
3576 1733 3605 1773 ε
3620 1719 3867 1773 monaste-

2553 1793 2659 1857 rio,
2688 1801 2738 1847 et
2769 1809 2802 1846 a
2832 1790 3106 1848 dwmonio
3125 1795 3385 1862 correpte
3416 1800 3563 1844 sunt.

2306 1891 2460 1946 908
2495 1891 2870 1946 Accessimus
2903 1891 2972 1944 ad
3008 1890 3421 1946 Eunuchorum
3456 1886 3862 1943 monasterium

477 1973 882 2040 morabantur,
919 1975 1035 2030 haec
1076 1976 1246 2032 nobis
1287 1977 1488 2033 dicens
1523 1995 1535 2034 :
1571 1982 1713 2035 Cum
1742 1981 2020 2038 abiissem
2053 1987 2126 2040 ad
2225 1979 2396 2050 juxta
2414 1984 2682 2035 sanctum
2703 1980 3016 2035 Jordauem
3037 1996 3140 2049 ego
3163 1984 3221 2034 et
3245 1981 3422 2033 frater
3444 1995 3609 2033 meus
3629 1975 3862 2048 Sophro-

473 2065 734 2116 montem
769 2063 1000 2118 abbatis
1029 2065 1286 2132 Antonii,
1314 2071 1380 2121 ut
1399 2083 1664 2134 venarer,
1691 2086 1938 2141 pergens
1970 2075 2125 2145 aspi-

473 2149 561 2204 cio
596 2151 949 2206 monachum
976 2153 1031 2206 in
1059 2159 1254 2208 monte
1279 2157 1602 2220 sedentem,
1629 2162 2126 2231 tenentemqueli-

475 2239 670 2306 brum,
705 2240 1098 2313 etlegentem.
1133 2245 1380 2299 Ascendi
1417 2245 1598 2316 igitur
1638 2249 1708 2302 ad
1749 2265 1884 2303 eum
1925 2251 2125 2307 volens

475 2327 642 2382 illum
679 2329 920 2397 cer-dere,
956 2331 1222 2387 fortassis
1255 2338 1448 2388 autem
1481 2335 1657 2389 etiam
1691 2352 1917 2392 necare.
1951 2340 2125 2395 Cum-

473 2433 588 2486 que
618 2417 905 2473 venissem
939 2437 1119 2492 prope
1148 2420 1341 2491 illum,
1365 2425 1624 2478 extendit
1651 2431 1855 2482 contra
1878 2445 1970 2483 me
2002 2446 2125 2484 ma-

470 2523 613 2561 num
643 2524 812 2563 suam
837 2509 1153 2577 dexteram,
1181 2511 1418 2568 dicens:
1445 2515 1580 2582 Sta;
1608 2515 1817 2586 egique
1843 2515 1958 2570 illic
1978 2519 2124 2574 duos

470 2598 620 2665 dies,
654 2603 710 2654 et
741 2599 887 2655 duas
920 2605 1118 2657 noctes
1143 2603 1305 2657 nullo
1337 2606 1509 2661 modo
1543 2607 1758 2662 moveri
1807 2609 2123 2679 prmvalens

472 2702 542 2740 ex
574 2704 639 2742 eo
671 2688 820 2759 loco,
853 2689 954 2744 ubi
1012 2706 1196 2746 eram.
1231 2694 1395 2749 Tunc
1451 2695 1567 2749 dixi
1602 2695 1725 2752 illi:
1760 2701 1869 2752 Per
1917 2702 2120 2768 Deum,

471 2792 644 2841 quem
673 2777 839 2847 colis,
862 2778 1092 2834 dimitte
1116 2797 1228 2836 me.
1253 2781 1354 2836 Ille
1381 2787 1570 2838 autem
1596 2785 1744 2840 dixit
1767 2785 1910 2841 mihi
1930 2803 1942 2842 :
1961 2787 2120 2844 Vade

469 2865 526 2920 in
563 2867 814 2937 pace.Et
849 2867 929 2924 ita
961 2870 1227 2925 recedere
1253 2872 1408 2942 potui
1434 2872 1673 2945 deloco,
1698 2875 1758 2930 in
1794 2893 1909 2947 quo
1936 2893 2118 2934 eram.

1004 2974 1233 3031 CAPUT
1274 2976 1585 3034 CXXXIV.

885 3065 1004 3121 Vita
1049 3066 1306 3121 Theodori
1330 3068 1697 3125 anachoreta.

538 3151 899 3208 Anachoreta
923 3153 1160 3225 quidam
1182 3161 1305 3211 erat
1328 3157 1385 3211 in
1413 3158 1678 3229 partibus
1698 3160 1887 3215 sancti
1908 3161 2117 3218 Jorda-
2151 3173 2194 3241 ρ

470 3240 587 3308 nis,
623 3241 859 3297 nomine
889 3243 1251 3300 Theodorus.
1276 3246 1380 3300 Hic
1410 3247 1566 3301 venit
1587 3248 1657 3302 ad
1692 3249 1895 3304 cellam
1931 3267 2119 3307 meam

469 3329 714 3386 dicens:
751 3331 861 3387 Fac
903 3333 1273 3402 charitatem,
1308 3335 1460 3390 abba
1514 3341 1790 3407 Joannes,
1823 3344 1880 3394 et
1932 3356 2124 3410 quaere

473 3420 620 3474 mihi
646 3420 885 3492 librum,
911 3423 1008 3494 qui
1034 3425 1328 3479 contineat
1350 3430 1536 3480 totum
1559 3431 1993 3483 Testamentum
2021 3448 2122 3485 no-

468 3525 628 3563 vum.
649 3512 922 3574 Quaerens
948 3511 1127 3582 igitur
1159 3513 1377 3582 inveni,
1405 3514 1543 3584 quia
1566 3516 1747 3570 abbas
1772 3517 1998 3588 Petrus,
2023 3518 2122 3589 qui

465 3603 671 3668 postea
728 3599 839 3653 fuit
897 3598 1281 3656 Chalcedonis
1341 3603 1673 3674 episcopus,
1709 3604 1881 3660 talem
1942 3606 2120 3662 habe-

466 3691 578 3740 ret.
601 3687 734 3742 Abii
759 3687 1040 3758 itaque,et
1063 3689 1178 3743 dixi
1211 3693 1259 3744 ei
1289 3711 1302 3758 ;
1333 3697 1390 3746 et
1413 3693 1667 3746 ostendit
1697 3693 1862 3748 illum
1890 3695 2033 3751 mihi
2066 3698 2119 3750 in

469 3775 834 3830 membranis
864 3777 1032 3832 valde
1064 3779 1380 3849 pulchrum
1411 3781 1545 3850 (30).
1571 3782 1768 3837 Etdixi
1803 3783 1891 3838 ei:
1929 3785 2120 3848 Quan-

468 3866 596 3916 tum
630 3862 829 3918 valet?
858 3865 956 3935 qui
994 3867 1330 3936 respondit:
1365 3869 1497 3924 Tria
1557 3874 1938 3928 numismata.
1972 3872 2123 3929 Dixil

468 3951 683 4006 iterum
719 3953 861 4006 mihi
889 3970 901 4007 :
936 3955 1020 4009 Tu
1052 3955 1218 4010 illum
1253 3973 1445 4012 emere
1477 3959 1583 4025 vis,
1606 3977 1678 4014 an
1711 3961 1910 4017 alius?
1935 3963 1998 4018 Et
2029 3964 2121 4020 aio

467 4040 583 4096 illi:
610 4041 792 4097 Crede
817 4043 982 4109 mihi,
1002 4045 1190 4113 Pater,
1210 4047 1561 4104 anachoreta
1580 4049 1774 4120 ipsum
1799 4052 1942 4108 vult.
1962 4057 2119 4109 Tunc

468 4130 551 4186 ait
578 4132 722 4186 mihi
756 4133 937 4188 abbas
969 4139 1204 4190 Petrus:
1237 4137 1298 4192 Si
1357 4138 1707 4194 anachoreta
1749 4141 1941 4211 ipsum
1973 4143 2119 4213 vult,

467 4224 652 4296 gratis
684 4224 852 4281 illum
887 4226 1297 4299 accipe.Sume
1328 4234 1521 4284 autem
1555 4235 1610 4286 et
1640 4232 1752 4287 tria
1784 4232 1895 4289 ista
1926 4236 2118 4290 numi-

465 4318 679 4378 smata,
712 4319 770 4370 et
797 4314 847 4370 si
879 4317 1118 4388 quidem
1156 4317 1345 4389 placet
1377 4318 1458 4372 illi
1495 4319 1663 4386 liber,
1695 4325 1886 4377 teneat
1916 4322 2116 4393 illum;

465 4402 556 4458 sin
572 4403 862 4458 autemilli
883 4421 996 4460 non
1017 4405 1231 4478 placet,
1253 4423 1385 4462 ecce
1401 4407 1582 4464 habes
1602 4409 1713 4465 tria
1736 4411 2116 4482 numismata,

465 4508 593 4547 eme
616 4492 698 4546 illi
721 4494 893 4563 juxta
917 4500 1118 4551 votum
1145 4502 1598 4553 suum.Sumens
1613 4515 1748 4571 ergo
1767 4501 2117 4570 lihrum,de-

2236 2070 2392 2123 nius.
2427 2068 2809 2138 Narravitque
2844 2069 3011 2124 nobis
3030 2069 3210 2124 abbas
3235 2066 3508 2122 Nicrlaus
3537 2066 3719 2138 ipsius
3749 2081 3862 2119 mo-

2235 2158 2475 2212 nasterii
2509 2158 2830 2229 presbyter,
2855 2158 3083 2213 dicens:
3111 2160 3174 2212 In
3199 2157 3434 2228 regione
3455 2173 3577 2211 mea
3599 2157 3740 2226 (erat
3769 2169 3863 2208 au-

2235 2253 2352 2301 tem
2367 2263 2433 2300 ex
2451 2247 2640 2317 Lycia)
2661 2248 3086 2302 monasterium
3111 2248 3402 2318 virginum
3429 2251 3520 2301 est
3542 2246 3719 2300 ferme
3739 2259 3868 2312 qua-

2234 2336 2526 2405 draginta.
2563 2339 2622 2390 In
2662 2336 2771 2391 hoc
2793 2352 2930 2407 ergo
2959 2336 3314 2391 monasterio
3347 2336 3611 2406 quinque
3635 2332 3870 2404 virgines

2234 2425 2347 2479 sibi
2397 2425 2644 2479 invicem
2691 2425 3078 2480 condixerunt
3109 2429 3173 2479 ut
3224 2430 3398 2479 noctu
3433 2426 3505 2479 de
3541 2419 3870 2478 monasterio

2233 2514 2523 2585 fugerent,
2558 2520 2614 2567 et
2643 2513 2976 2585 acciperent
3032 2513 3206 2569 viros.
3240 2514 3418 2569 Nocte
3467 2528 3601 2568 vero
3633 2509 3867 2582 quadam

2232 2619 2365 2658 cum
2396 2604 2717 2658 dormirent
2738 2602 3219 2658 sanctimoniales
3249 2619 3478 2672 omnes,
3507 2601 3623 2655 illis
3646 2596 3867 2654 consul-

2232 2693 2493 2747 tantibus
2513 2697 2578 2746 ut
2621 2693 2978 2746 vestimenta
3018 2709 3121 2746 sua
3146 2692 3479 2763 acciperent
3509 2695 3565 2746 et
3596 2690 3864 2759 fugerent,

2231 2782 2509 2837 continuo
2537 2782 2799 2853 quinque
2821 2798 3026 2836 omnes
3051 2799 3084 2836 a
3105 2781 3393 2836 daemonio
3419 2783 3696 2850 correpta:
3721 2779 3864 2832 sunt.

2229 2873 2352 2937 Quo
2385 2871 2557 2937 facto,
2593 2888 2705 2926 non
2739 2871 2996 2942 amplius
3028 2871 3292 2926 exierunt
3320 2886 3350 2924 e
3382 2867 3752 2932 monasterio,
3775 2863 3865 2918 sed

2227 2960 2505 3014 confessae
2529 2965 2763 3030 peccata
2785 2977 2913 3026 sua,
2933 2960 3149 3032 gratias
3175 2965 3422 3032 egerunt
3443 2960 3585 3030 Deo,
3604 2957 3865 3012 dicentes:

2228 3047 2459 3104 Gratias
2477 3049 2708 3121 agimus
2726 3065 3074 3121 magnorum
3100 3048 3376 3105 indullori
3405 3062 3716 3104 munerum
3739 3049 3865 3108 Deo,

2233 3138 2331 3209 qui
2365 3137 2659 3209 ﬂagellum
2695 3137 2804 3194 hoc
2836 3139 3007 3194 nobis
3038 3137 3290 3207 induxit,
3323 3141 3388 3193 ut
3417 3140 3630 3193 animae
3675 3138 3866 3190 nostrae

2232 3244 2347 3283 non
2382 3227 2656 3299 perirent.

2782 3317 3016 3373 CAPUT
3047 3317 3331 3372 CXXXVI.

2231 3406 2305 3460 De
2323 3407 2593 3462 charitate
2613 3406 2825 3462 abbatis
2838 3405 3042 3460 Sisiniz'
3057 3423 3195 3478 erga
3217 3406 3510 3462 mulierem
3532 3405 3868 3461 Saracenam.

2301 3504 2569 3559 Narravit
2597 3509 2792 3560 autem
2830 3503 2997 3558 nobis
3029 3509 3086 3558 et
3115 3504 3297 3558 abbas
3328 3504 3590 3559 Joannes
3621 3496 3867 3572 ejusdem

2231 3594 2566 3649 monasterii
2602 3593 2930 3665 presbyter,
2957 3591 3154 3647 dicens
3181 3608 3192 3646 :
3222 3593 3436 3647 Audivi
3467 3594 3543 3648 ab
3567 3590 3765 3648 abbate
3791 3584 3867 3638 Si-

2230 3682 2381 3738 sinio
2411 3683 2762 3738 anachoreta
2793 3684 3076 3736 referente
3107 3699 3172 3736 ac
3197 3682 3463 3737 dicente:
3492 3683 3598 3738 Die
3631 3676 3862 3751 quadam

2229 3787 2384 3825 eram
2421 3772 2476 3825 in
2503 3770 2782 3842 spelunca
2809 3788 2937 3826 mea
2969 3788 3146 3842 prope
3171 3777 3441 3827 sanctum
3470 3764 3867 3829 Jordanem,et

2229 3875 2362 3914 cum
2409 3859 2716 3931 psallerem
2748 3859 3029 3926 Tertiam,
3072 3852 3868 3932 ecceSaracenaquaedamin-

2228 3965 2433 4021 gressa
2453 3949 2511 4002 in
2539 3949 2878 4020 speluncam
2904 3965 3118 4014 meam,
3143 3949 3342 4020 posuit
3363 3965 3425 4005 se
3446 3963 3640 4004 ceram
3665 3959 3751 4000 me
3772 3955 3865 3995 nu-

2229 4040 2378 4094 dans
2409 4039 2788 4110 semetipsam
2819 4055 2831 4093 :
2857 4054 2962 4109 ego
2993 4055 3125 4093 vero
3150 4037 3421 4093 turbatus
3451 4055 3568 4094 non
3603 4049 3749 4100 sum,
3773 4025 3864 4083 sed

2227 4128 2472 4200 impleta
2503 4128 2831 4199 psalmodia
2865 4144 2994 4183 mea
3025 4144 3158 4183 cum
3193 4129 3352 4182 omni
3379 4129 3574 4199 quiete
3593 4132 3648 4183 et
3675 4122 3868 4178 timore

2227 4217 2350 4285 Dei,
2385 4216 2500 4272 dixi
2534 4219 2600 4272 ad
2631 4217 2792 4271 illam
2826 4217 3096 4288 Syriace:
3131 4217 3300 4284 Sede,
3334 4222 3397 4272 ut
3427 4216 3639 4289 loquar
3668 4208 3788 4274 tibi,
3819 4206 3870 4258 et

2226 4312 2368 4362 tunc
2402 4307 2608 4361 faciam
2662 4307 2818 4377 quod
2877 4307 2985 4361 vis.
3017 4309 3150 4370 Quae
3209 4310 3270 4361 ut
3332 4306 3573 4378 resedit,
3607 4293 3864 4391 dixi

2224 4395 2559 4452 Christiana
2590 4412 2763 4463 es,an
2796 4396 3073 4468 gentilis?
3091 4397 3224 4462 Quae
3249 4395 3358 4451 ait:
3380 4385 3867 4482 ChristianaDiai

2227 4487 2294 4540 ad
2319 4486 2480 4540 illam
2515 4485 2724 4541 iterum
2752 4503 2764 4540 :
2802 4486 2869 4540 Et
2909 4485 3101 4541 nescis
3132 4485 3268 4556 quia
3299 4485 3399 4556 qui
3431 4484 3864 4541 fornicantul‘,ln

721 4550 743 4563 ν
965 4550 972 4551 ,
1399 4550 2083 4571 an---"-_o-,______-,_-

468 4581 579 4634 tuli
603 4582 968 4639 anachoreta;
1000 4602 1013 4640 ε
1038 4586 1137 4655 qui
1162 4591 1396 4657 sumpto
1418 4587 1561 4642 libro
1584 4588 1728 4644 abiit
1749 4588 1806 4642 in
1831 4606 2114 4646 eremum.

2235 4572 2587 4644 supplicium
2612 4573 2784 4628 eunt?
2805 4573 2940 4636 Quae
2964 4575 3070 4628 ait:
3091 4550 3222 4629 seio
3239 4550 3433 4646 plane.
3449 4574 3613 4629 Tunc
3631 4559 3864 4657 dixi

466 4671 608 4725 Cum
642 4676 836 4726 autem
862 4673 1008 4728 duos
1046 4675 1161 4729 fere
1194 4691 1426 4730 menses
1449 4675 1686 4747 egisset,
1711 4677 1943 4734 rediens
1974 4696 2108 4734 ana-

464 4758 705 4816 choreta
735 4762 893 4815 venit
923 4763 981 4816 in
1015 4763 1220 4818 cellam
1257 4780 1471 4832 meam,
1498 4765 1732 4820 dicens:
1757 4766 1932 4836 Scito,
1969 4769 2119 4823 abba

462 4849 742 4917 Joannes,
761 4849 895 4920 quia
920 4851 1196 4923 cogitatio
1220 4868 1348 4907 mea
1367 4869 1458 4907 me
1481 4853 1710 4925 affligit,
1729 4871 1795 4909 eo
1815 4857 1967 4927 quod
1995 4875 2118 4924 gra-

464 4939 545 4992 tis
578 4937 763 4994 habeo
790 4938 1032 4994 librum.
1066 4941 1169 4995 Aio
1193 4947 1387 4996 autem
1422 4942 1490 4996 ad
1518 4942 1716 4998 illum:
1739 4944 1860 5000 Noli
1887 4963 1986 5016 pro
2010 4946 2118 5003 hoc

463 5026 643 5098 afﬂigi
671 5047 684 5095 ;
715 5029 894 5084 abbas
918 5033 1125 5086 Petrus
1143 5030 1304 5086 dives
1332 5036 1419 5085 est
1443 5036 1497 5085 et
1537 5033 1748 5100 bonus,
1782 5035 2116 5108 gaudetque

465 5113 522 5168 in
556 5114 686 5169 hoc.
720 5116 814 5171 Ait
847 5117 988 5171 mihi
1024 5135 1230 5174 rursus
1270 5119 1657 5176 anachoreta:
1684 5123 1822 5177 Vere
1856 5141 1968 5178 non
2021 5141 2112 5180 re-

468 5204 727 5275 quiesco,
764 5205 876 5260 nisi
910 5209 1160 5278 pretium
1203 5209 1294 5262 do.
1326 5209 1466 5264 Dico
1498 5209 1620 5265 illi:
1655 5211 1716 5265 Et
1749 5211 1932 5268 habes
1986 5231 2111 5285 pre-

474 5293 647 5363 tium,
683 5299 746 5349 ut
772 5296 876 5351 des
899 5297 926 5349 Ἰ
957 5296 1106 5351 Dicit
1141 5297 1322 5351 mihi:
1358 5298 1516 5365 Non;
1551 5300 1650 5354 sed
1685 5301 1758 5355 da
1791 5301 1929 5356 mihi
1988 5320 2113 5357 sac-

468 5401 618 5450 cum,
644 5389 816 5441 utme
837 5385 1098 5455 induam,
1123 5393 1246 5442 erat
1276 5388 1428 5442 enim
1463 5389 1678 5446 nudus.
1703 5391 1843 5445 Dedi
1869 5408 2004 5463 ergo
2025 5392 2109 5447 illi

465 5491 700 5530 saccum
718 5481 775 5531 et
788 5476 1184 5548 palliolum,et
1199 5477 1361 5543 abiit,
1377 5479 1794 5551 cperariusque
1815 5482 2003 5536 factus
2024 5489 2112 5538 est

463 5565 522 5620 in
557 5582 623 5620 eo
655 5565 806 5633 lacu,
839 5584 1012 5637 quem
1046 5568 1182 5623 fecit
1221 5569 1553 5640 patriarcha
1608 5570 2108 5643 Jerosolymorum

459 5655 719 5710 Joannes
749 5656 807 5711 in
842 5656 1040 5728 Sigma
1071 5659 1206 5728 [Gr.,
1242 5658 1423 5725 Sina],
1449 5658 1889 5731 accipiebatque
1908 5662 2108 5732 quoti-

2229 4665 2341 4716 Cur
2369 4678 2506 4734 ergo
2540 4663 2810 4718 fornicari
2842 4664 2933 4717 vis
2959 4662 2986 4717 ?
3010 4662 3370 4734 Respondit:
3398 4662 3540 4728 Quia
3574 4656 3782 4718 esurio.
3805 4649 3866 4705 Et

2229 4753 2320 4808 aio
2352 4753 2422 4807 ad
2455 4769 2582 4808 eam
2611 4769 2624 4808 :
2650 4752 2775 4807 Noli
2804 4750 3103 4814 fornicari,
3137 4755 3234 4806 sed
3270 4751 3397 4806 veni
3431 4751 3707 4822 quotidie,
3738 4745 3791 4798 et
3810 4737 3867 4791 ut

2225 4848 2382 4899 Deus
2404 4841 2781 4913 disposuerit,
2805 4842 2954 4897 dabo
2980 4840 3082 4896 tibi
3107 4839 3302 4895 cibum
3321 4841 3606 4895 tuum.Ex
3628 4835 3723 4892 illa
3739 4840 3865 4898 ergo

2228 4932 2323 4986 die
2351 4931 2617 4986 veniebat
2647 4932 2716 4985 ad
2753 4947 2843 4986 me
2872 4929 3079 4985 diebus
3101 4929 3376 5000 singulis,
3403 4935 3459 4984 et
3489 4931 3536 4984 si
3565 4926 3700 5001 quid
3724 4921 3866 4976 Deus

2227 5020 2500 5075 mittebat
2531 5019 2703 5084 mihi,
2737 5019 3051 5091 prebebam
3082 5018 3166 5072 illi
3198 5017 3418 5088 cibum,
3451 5026 3756 5090 quousque
3785 5021 3867 5062 re-

2231 5110 2382 5166 cessi
2414 5110 2484 5165 de
2519 5109 2635 5164 illis
2668 5108 2830 5164 locis.

2761 5215 2989 5270 CAPUT
3022 5214 3342 5271 CXXXVII.

2373 5306 2585 5360 Relatin
2616 5307 2833 5360 abbatis
2861 5306 3091 5360 Joannis
3122 5305 3186 5360 de
3215 5305 3415 5360 abbate
3448 5305 3734 5360 Callinico.

2296 5395 2449 5450 Dixit
2473 5395 2685 5448 iterum
2712 5395 2864 5449 idem
2892 5394 3074 5448 abbas
3100 5395 3356 5450 Joannes
3378 5395 3551 5451 :Cum
3571 5383 3861 5476 essem-111"

2225 5501 2350 5548 nor,
2385 5481 2693 5552 cupiebam
2729 5497 2971 5553 pergere
3002 5485 3073 5536 ad
3100 5499 3346 5553 magnos
3383 5487 3441 5537 et
3479 5473 3864 5539 nominatissi-

2224 5587 2353 5626 mos
2387 5570 2607 5640 Patres,
2629 5575 2690 5623 ut
2712 5570 2784 5624 ab
2807 5570 2890 5624 eis
2918 5570 3286 5626 benedicerer
3314 5574 3370 5625 et
3399 5571 3731 5626 aedificarer.

2223 5661 2390 5718 diens
2421 5659 2600 5732 igitur
2629 5660 2698 5715 de
2729 5660 2935 5716 abbate
2967 5658 3241 5717 Callinico
3275 5675 3488 5732 magno
3519 5659 3643 5727 illo,
3675 5648 3771 5725 qui
3802 5648 3856 5698 ίῐι
