4122 6188
376 341 484 396 189

1693 341 1995 397 PRATUM
2031 343 2480 399 SPIRITUALE.

3687 343 3791 398 190

369 465 725 521 monasterio
747 464 977 520 abbatis
1000 463 1162 520 Sabas
1189 464 1458 520 inclusus
1482 466 1626 532 erat,
1647 463 2026 534 oraviquem-
2057 467 2110 533 Α
2141 467 2422 539 Gregorii.
2453 468 2617 524 Tunc
2650 469 2731 524 ait
2761 470 2832 524 ad
2865 485 2958 524 me
2989 485 3162 524 senex
3198 487 3211 525 :
3255 469 3381 535 Fili,
3414 485 3520 541 ego
3552 469 3684 540 quis
3717 470 3792 525 sit

370 558 505 612 dam
537 574 606 612 ex
638 556 1032 612 familiaribus
1067 555 1250 625 illius,
1278 560 1336 610 ut
1360 571 1452 610 me
1475 556 1546 610 ad
1573 555 1740 610 illum
1765 556 2031 610 duceret.

369 647 500 702 Abii
537 647 735 716 itaque
761 646 828 699 ad
857 644 1047 700 illum.
1075 644 1351 698 Assidens
1374 659 1504 698 vero
1531 643 1579 697 is
1605 643 1703 714 qui
1731 658 1818 698 me
1847 643 2031 698 addu-

369 743 534 794 xerat
566 737 742 791 frater
773 737 842 788 ud
879 737 1196 789 fenestram
1230 733 1409 803 senis,
1428 750 1527 804 per
1549 733 1796 787 multam
1825 733 2031 787 horam

367 829 720 898 loquebatur
748 843 882 880 cum
914 841 980 880 eo
1008 845 1022 892 ;
1057 841 1158 893 ego
1181 840 1312 879 vero
1336 823 1394 878 in
1420 824 1642 895 meipso
1676 823 2029 893 cogitabam,

369 921 511 992 quia
561 933 863 989 nunquam
913 916 1138 970 viderat
1187 931 1278 970 me
1334 915 1549 984 senior,
1588 931 1658 969 ne
1719 914 1863 969 forte
1917 931 2028 969 non

365 1016 531 1082 grate
561 1009 888 1078 susciperet
921 1022 1029 1060 me.
1056 1005 1197 1060 Cum
1223 1021 1355 1060 vero
1389 1005 1568 1059 frater
1591 1004 1686 1059 ille
1713 1005 2026 1073 recederet,

365 1100 638 1172 permisit
670 1115 762 1152 me
792 1096 1042 1167 ingredi,
1067 1103 1123 1150 et
1143 1095 1402 1150 salutare
1433 1111 1657 1163 senem,
1686 1099 1743 1149 et
1765 1093 2026 1148 benedici

363 1192 438 1246 ab
473 1206 561 1260 eo,
591 1188 794 1243 dicens
845 1187 913 1240 ad
967 1202 1101 1241 eum
1149 1201 1161 1240 :
1203 1184 1315 1240 Ora
1346 1189 1402 1239 et
1431 1201 1532 1256 pro
1565 1185 1674 1239 isto
1709 1201 1873 1238 servo
1928 1189 2028 1238 tuo

370 1283 556 1348 Pater,
593 1281 731 1352 quia
781 1279 934 1333 inter
985 1278 1209 1350 primos
1240 1276 1357 1331 huc
1385 1277 1562 1331 venit.
1597 1277 1782 1330 Senex
1831 1279 2024 1330 autem

370 1373 516 1427 dixit
548 1390 562 1428 :
600 1375 866 1443 Agnosco
898 1369 1092 1434 illum,
1126 1367 1230 1422 fili.
1265 1371 1409 1421 Nam
1471 1372 1604 1420 ante
1645 1367 1851 1435 viginti
1903 1366 2026 1420 dies

363 1465 643 1520 descendi
677 1463 747 1518 ad
782 1467 1054 1517 sanctum
1080 1461 1421 1523 Jordanem,
1447 1464 1504 1512 et
1523 1459 1779 1514 occurrit
1799 1457 1940 1512 mihi
1966 1457 2024 1512 in

355 1554 476 1622 via,
509 1554 709 1608 dicens
745 1568 758 1605 :
797 1551 909 1606 Ora
940 1567 1043 1622 pro
1080 1565 1195 1618 me,
1227 1552 1294 1602 Et
1325 1564 1429 1620 ego
1458 1547 1812 1619 interrogavi
1846 1563 1979 1601 eum
2009 1562 2021 1600 :

355 1644 525 1708 Quod
561 1651 646 1698 est
680 1658 891 1696 nomen
925 1643 1092 1694 tuum
1117 1639 1144 1693 ‘?
1175 1639 1378 1709 Aitque
1413 1638 1559 1691 mihi
1591 1655 1603 1692 :
1637 1637 2028 1692 Joannes.Ex-

354 1737 499 1788 tunc
529 1731 706 1801 igitur
731 1745 985 1801 agnosco
1016 1745 1172 1783 eum.
1199 1728 1318 1782 Hoc
1349 1727 1596 1782 audiens
1619 1743 1724 1797 ego
1749 1727 2022 1797 cognovi,

357 1824 503 1894 quia
524 1823 762 1893 quando
785 1819 1032 1892 cogitavi
1051 1820 1327 1876 accedere
1340 1819 1410 1874 ad
1436 1818 1911 1884 illum,revelavit
1938 1817 2018 1872 illi
2053 1835 2099 1898 Β

357 1913 514 1968 Deus
546 1920 602 1968 et
635 1928 843 1968 nomen
877 1927 1098 1976 meum,
1134 1915 1192 1964 et
1223 1909 1356 1980 quis
1384 1925 1598 1964 essem.

875 2000 1106 2056 CAPUT
1148 1999 1496 2054 CXXXVIII.

353 2087 439 2138 De
469 2085 662 2138 abbate
693 2081 878 2153 Sergio
907 2080 1266 2153 anachoreta,
1299 2089 1353 2134 et
1381 2080 1445 2134 de
1476 2078 1739 2134 monacho
1787 2080 2010 2149 gentili.

904 2152 1001 2223 qui
1035 2152 1346 2222 baptizatus
1377 2161 1474 2206 est.

417 2242 690 2298 Narravit
720 2247 912 2298 autem
948 2243 1119 2298 nobis
1149 2247 1205 2296 et
1236 2242 1340 2295 hoc
1364 2240 1518 2295 idem
1543 2254 1738 2308 senex,
1765 2239 1966 2294 dicens
1994 2255 2006 2294 :

345 2332 496 2387 Cum
522 2337 678 2387 esset
699 2332 882 2387 abbas
905 2331 1146 2402 Sergius
1165 2330 1517 2385 anachoreta
1542 2329 1598 2383 in
1627 2329 2013 2400 Roban,post'

337 2439 521 2493 quam
554 2427 876 2478 recesserat
899 2423 967 2478 de
993 2423 1155 2489 Sina,
1179 2421 1338 2476 misit
1361 2422 1478 2475 huc
1503 2421 1562 2474 in
1588 2419 2009 2475 monasterium

339 2513 702 2567 monachum
728 2513 1039 2584 quemdam
1067 2514 1372 2581 juvenem,
1402 2516 1467 2564 ut
1488 2510 2009 2581 baptizaretur.ln-

338 2605 748 2674 terrogantibu
764 2619 790 2657 s
805 2609 998 2657 autem
1017 2601 1184 2657 nobis
1203 2617 1440 2656 causam
1463 2618 1568 2656 cur
1590 2617 1744 2655 nunc
1759 2601 2011 2670 baptiza-

342 2692 807 2761 retur,aitnobis
832 2692 1100 2748 minister
1121 2691 1308 2764 ipsius
1334 2691 1563 2746 abbatis
1585 2690 1766 2762 Sergii
1784 2707 1796 2744 :
1816 2691 2007 2745 Abbas

344 2785 592 2855 Sergius
610 2783 845 2855 quando
871 2785 935 2837 ad
955 2799 1062 2840 nos
1085 2781 1472 2850 venit,volens
1488 2782 1543 2835 in
1563 2799 1756 2836 eremo
1774 2798 2008 2837 manere

349 2875 850 2943 nobiscum,hunc
876 2875 1024 2930 mihi
1050 2874 1482 2929 instituendum
1510 2873 1895 2944 tradiditzego
1911 2891 2008 2928 au-

345 2970 471 3022 tem
501 2966 667 3022 illum
698 2965 1018 3038 plurimum
1053 2964 1351 3030 admonui,
1373 2980 1444 3019 ne
1475 2979 1536 3019 se
1569 2963 1704 3018 huic
1737 2963 2007 3018 instituto

347 3055 784 3112 inconsiderate
809 3073 874 3111 ac
896 3056 1022 3112 sine
1053 3055 1396 3127 probatione
1422 3054 1715 3109 addiceret
1734 3057 1877 3115 Cum
1904 3071 2006 3108 au-

345 3150 469 3202 tem
487 3145 655 3201 illum
672 3147 915 3217 ejusque
929 3147 1320 3201 constantiam
1351 3144 2005 3216 pervidissem,sumens

348 3254 488 3294 eum
514 3237 629 3292 abii
657 3238 724 3291 ad
751 3237 1172 3293 senem.Ssnex
1197 3241 1392 3291 autem
1423 3252 1554 3291 mox
1576 3240 1637 3291 ut
1659 3235 1804 3290 vidit
1825 3235 2013 3304 illum,

345 3334 670 3399 antequam
699 3328 1021 3399 quidquam
1047 3326 1130 3381 illi
1156 3327 1535 3397 loquerer,ait
1562 3325 1701 3380 mihi
1722 3342 2010 3381 seorsum:

345 3417 500 3481 Quid
531 3419 656 3473 vult
688 3419 866 3473 frater
898 3419 1006 3474 iste
1034 3422 1056 3473 Ρ
1088 3418 1209 3474 Dixi
1245 3425 1440 3473 autem
1475 3419 1526 3472 ei
1561 3434 1573 3472 :
1605 3417 1744 3472 Orat
1778 3434 2014 3472 manere

348 3509 864 3564 nobiscum.Tunc
891 3508 1037 3564 dixit
1060 3508 1234 3563 mihi:
1256 3509 1458 3576 Crede,
1482 3508 1676 3575 frater,
1693 3507 1803 3562 iste
1827 3508 2012 3578 bapti-

348 3604 519 3652 zatus
551 3615 662 3652 non
687 3605 796 3664 est,
824 3599 922 3654 sed
951 3599 1142 3654 adduc
1173 3598 1339 3653 illum
1368 3599 1424 3652 in
1451 3598 1873 3653 monasterium
1907 3599 2015 3652 Eu-

350 3687 709 3758 nuchorum,
730 3699 786 3743 et
807 3689 894 3744 fac
919 3688 1084 3744 illum
1111 3689 1394 3760 baptizari
1418 3689 1476 3744 in
1501 3693 1700 3744 sancto
1732 3689 2009 3744 Jordane.

354 3776 475 3846 Ego
508 3781 699 3831 autem
728 3778 798 3830 ad
830 3780 1005 3832 verba
1027 3777 1183 3832 senis
1217 3781 1490 3846 stupens,
1515 3777 1864 3846 interrogavi
1898 3778 2012 3832 fra-

356 3870 504 3920 trem
535 3867 665 3935 quis
696 3870 871 3935 esset,
897 3870 953 3920 et
999 3867 1154 3920 unde
1185 3871 1356 3921 esset.
1389 3865 1490 3921 Ille
1523 3878 1716 3920 autem
1746 3882 1813 3920 ex
1845 3866 2008 3921 Occi-

353 3953 529 4008 dente
560 3971 622 4009 se
652 3971 781 4009 esse
813 3955 914 4024 ait,
944 3961 1334 4027 parentesque
1377 3954 1594 4010 habere
1641 3955 1912 4024 gentiles,
1945 3973 2011 4011 ac

352 4043 580 4098 nescire
596 4049 793 4098 utrum
818 4045 1149 4115 baptizatus
1170 4049 1344 4113 esset,
1369 4061 1440 4098 an
1468 4060 1604 4099 non.
1630 4045 1796 4099 Tunc
1814 4046 2010 4115 itaque

351 4132 788 4188 catechizantes
819 4149 976 4199 eum,
1013 4133 1258 4188 fecimus
1307 4132 1365 4187 in
1413 4133 1666 4188 Jordane
1707 4132 2007 4204 baptizari,

351 4224 795 4295 permansitque
828 4223 885 4277 in
919 4223 1300 4289 monasterio,
1340 4228 1449 4278 Deo
1480 4223 1703 4294 gratias
1735 4239 1937 4295 agens.

888 4313 1125 4370 CAPUT
1163 4313 1473 4368 CXXXIX.

348 4391 648 4449 Pnzdictio
682 4394 896 4449 abbatis
923 4394 1117 4462 Sergii
1137 4394 1480 4466 derGregorio
1506 4394 2010 4466 praepositomona-

959 4468 1121 4521 sterii
1150 4465 1398 4522 Pharan.

2143 558 2324 612 abbas
2375 559 2708 628 Gregorius,
2746 558 2982 626 nescio;
3038 559 3142 613 hoc
3196 563 3425 614 tantum
3476 559 3620 624 scio,
3654 560 3792 630 quia

2141 648 2535 720 patriarcham
2581 649 2779 720 excepi
2834 650 2890 703 in
2940 648 3278 719 speluncam
3312 665 3524 705 meam.
3557 649 3702 704 Nam
3735 654 3791 704 et

2144 737 2383 808 pallium
2417 743 2685 792 sanctum
2722 737 2887 792 illum
2925 740 3202 793 ferentem
3251 737 3388 800 vidi,
3423 743 3480 792 et
3529 739 3789 811 Evange-

2142 826 2312 882 lium.
2345 827 2506 890 Quod
2555 828 2638 882 ita
2687 828 2904 882 factum
2955 833 3042 882 est
3079 845 3089 880 :
3126 831 3255 897 post
3281 843 3380 881 sex
3410 827 3564 881 enim
3598 845 3784 883 annos

2141 919 2335 988 ipsum
2371 917 2642 972 abbatem
2668 918 3032 987 Gregorium,
3064 917 3142 970 ita
3177 916 3482 970 ordinante
3514 916 3650 982 Deo,
3676 933 3786 988 pa-

2139 1005 2452 1060 triarcham
2512 1006 2994 1077 Theopolitanum
3054 1007 3272 1061 factum
3323 1005 3599 1077 vidimus,
3634 1006 3787 1063 sicut

2140 1094 2483 1165 praedixerat
2513 1112 2709 1150 senex.

2739 1185 2971 1242 CAPUT
3012 1186 3173 1241 CXL.

2232 1274 2350 1328 Vita
2380 1273 2618 1344 ejusdem
2650 1274 2902 1344 Gregorii
2930 1274 3267 1345 patriarchae
3298 1274 3698 1345 Neapoli/ani.

2205 1362 2487 1417 Dicebant
2515 1363 2754 1434 quidam
2787 1381 2992 1420 senum
3025 1366 3096 1418 de
3127 1365 3234 1420 hoc
3255 1363 3585 1435 patriarcha
3603 1365 3790 1420 Theo-

2132 1450 2388 1520 politano
2406 1453 2862 1523 Gregorio,quod
2882 1453 2973 1508 his
2989 1453 3236 1508 maxime
3249 1453 3562 1508 virtutibus
3577 1453 3786 1509 fuisset

2133 1539 2408 1612 insignis,
2467 1541 2854 1614 eleemosynis
2916 1542 3158 1607 scilicet,
3219 1542 3572 1613 injuriarum
3632 1543 3780 1597 obli-

2130 1629 2320 1699 vione,
2334 1635 2391 1686 et
2407 1630 2704 1703 lacrymis.
2719 1631 2982 1687 Habebat
2999 1637 3190 1688 autem
3223 1638 3280 1686 et
3309 1631 3778 1703 compassionem

2130 1719 2446 1774 maximam
2475 1721 2544 1775 ad
2580 1737 2679 1775 eos
2706 1721 2804 1790 qui
2839 1721 3178 1791 peccabant.
3215 1720 3471 1783 Quarum
3514 1721 3778 1776 omnium

2129 1823 2326 1863 rerum
2351 1825 2459 1864 nos
2489 1825 2638 1881 smpe
2665 1810 3061 1881 experimenta
3092 1810 3377 1881 cepimus.

2727 1924 2958 1978 CAPUT
2998 1925 3186 1979 CXLI.

2415 2014 2662 2069 Prudens
2686 2013 2964 2084 responsio
2986 2014 3198 2070 abbatis
3230 2013 3491 2086 Olympii.

2203 2112 2401 2167 Frater
2443 2114 2681 2184 quidam
2735 2112 2893 2168 venit
2924 2113 2993 2167 ad
3028 2113 3297 2169 abbatem
3351 2113 3684 2186 Olympium
3721 2115 3778 2170 in

2129 2201 2553 2257 monasterium
2578 2202 2807 2257 abbatis
2839 2201 3122 2257 Gerasimi
3158 2220 3335 2274 prope
3365 2203 3704 2270 Jordanem;
3725 2208 3782 2258 et

2127 2289 2272 2345 dixit
2301 2307 2350 2345 ei
2390 2308 2401 2344 :
2438 2292 2618 2360 Abba,
2651 2293 2944 2361 quomodo
2995 2292 3164 2346 sedes
3219 2292 3278 2344 in
3329 2291 3612 2361 spelunca
3663 2292 3776 2346 ista

2125 2385 2360 2450 propter
2382 2386 2554 2435 estus
2589 2379 3144 2452 magnitudinem,et
3168 2379 3486 2452 cyniphes?
3509 2385 3772 2451 Respon-

2127 2467 2213 2522 dit
2238 2468 2288 2522 ei
2325 2485 2499 2524 senex
2534 2485 2547 2523 :
2585 2469 2834 2538 Fili,ista
2858 2470 3076 2524 idcirco
3102 2469 3372 2533 tolero,ut
3406 2469 3620 2522 futuris
3643 2485 3772 2523 cru-

2123 2555 2375 2611 ciatibus
2408 2557 2654 2624 liberer;
2702 2557 2829 2612 ideo
2876 2558 3156 2629 cyniphes
3192 2557 3397 2627 patior,
3429 2562 3490 2612 ut
3525 2557 3770 2611 immor-

2122 2646 2302 2700 talem
2339 2647 2612 2715 ell‘ugiam
2642 2663 2899 2701 vermem
2925 2674 2938 2712 ς
2967 2647 3236 2701 similiter
3269 2653 3324 2701 et
3355 2652 3559 2701 aestum
3621 2646 3778 2702 hunc

2121 2735 2367 2804 perfero,
2395 2735 2738 2804 sempiterni
2784 2735 2934 2803 ignis
2981 2735 3274 2807 supplicia
3316 2740 3617 2803 metuens;
3656 2735 3776 2790 ha'c

2120 2825 2276 2878 enim
2294 2830 2432 2879 sunt
2449 2824 2816 2896 temporalia;
2836 2825 3081 2880 illavero
3102 2826 3274 2879 tinem
3298 2823 3525 2880 nullum
3545 2824 3778 2880 habent.

2706 2931 2940 2987 CAPUT
2980 2933 3197 2988 CXLII.

2292 3019 2416 3074 Atia
2442 3019 2689 3091 prudens
2722 3023 2998 3091 responsio
3029 3020 3245 3075 abbatis
3275 3019 3608 3075 Alexandri.

2199 3118 2398 3173 Frater
2444 3117 2594 3173 alius
2635 3119 2886 3188 perrexit
2919 3119 2990 3173 ad
3034 3119 3302 3173 abbatem
3358 3117 3778 3188 Alexandrum,

2047 3193 2090 3260 C
2129 3207 2316 3278 ipsius
2350 3207 2685 3261 monasterii
2713 3207 2941 3262 abbatis
2964 3206 3246 3262 Gerasimi
3267 3205 3781 3271 antistitem,etait

2129 3295 2210 3351 illi
2246 3313 2259 3350 :
2294 3297 2483 3364 Abba,
2511 3295 2638 3350 volo
2671 3313 2736 3350 ex
2763 3312 2828 3350 eo
2857 3295 3004 3366 loco,
3042 3297 3140 3350 ubi
3176 3296 3396 3361 habito,
3431 3296 3775 3364 discedere;

2127 3385 2294 3440 valde
2315 3386 2473 3439 enim
2493 3385 2694 3440 acedia
2718 3389 2772 3439 et
2795 3385 2963 3439 taedio
2997 3385 3176 3438 animi
3207 3384 3428 3440 laboro.
3457 3385 3777 3454 Respondit

2127 3475 2176 3530 ei
2199 3475 2380 3529 abbas
2405 3474 2765 3529 Alexander:
2793 3475 3109 3540 lstud,fili,
3134 3475 3369 3545 signum
3403 3478 3491 3529 est
3512 3473 3648 3545 quia
3672 3491 3776 3529 nec

2127 3579 2368 3629 regnum
2403 3563 2704 3629 cmlorum,
2723 3579 2827 3619 nec
2851 3570 3132 3619 aeternum
3161 3565 3485 3618 cruciatum
3507 3563 3564 3618 in
3583 3569 3773 3618 mente

2128 3652 2482 3708 habes.Nam
2506 3653 2553 3706 si
2578 3653 2690 3707 ista
2712 3652 2962 3707 sollicita
2981 3651 3305 3706 intentione
3329 3651 3776 3723 cogitares,nul-

2125 3741 2240 3796 lam
2275 3741 2332 3795 in
2367 3741 2510 3797 cella
2539 3747 2640 3796 tua
2667 3742 2926 3797 acediam
2960 3739 3231 3796 sentires.

2695 3850 2924 3905 CAPUT
2966 3850 3201 3905 CXLIII.

2212 3940 2343 3994 Vita
2372 3939 2543 3995 David
2577 3940 2855 3995 latronum
2874 3941 3184 4082 ϐνίῗρίρίις,
3213 3946 3406 4009 postea
3437 3939 3694 3994 monachi

2844 4028 2872 4065 e
2917 4028 2975 4066 ec
3006 4029 3044 4065 ι.

2844 4028 3044 4066 enecu.

2193 4111 2336 4166 Cum
2369 4110 2738 4165 venissemus
2770 4109 2826 4164 in
2857 4109 3232 4176 Thebaidem,
3267 4109 3650 4165 convenimus
3678 4125 3770 4164 so-

2122 4200 2379 4272 phistam
2415 4199 2812 4254 Philamonem
2842 4199 2899 4253 in
2926 4198 3068 4253 urbe
3103 4198 3365 4253 Antinoo.
3392 4197 3772 4267 Narravitque

2121 4289 2292 4345 nobis
2317 4288 2585 4344 utilitatis
2610 4293 2820 4342 nostra:
2843 4287 3032 4358 gratia
3055 4289 3125 4342 de
3147 4287 3372 4342 latrone
3387 4286 3771 4356 quodam,n0-

2120 4379 2276 4432 mine
2296 4377 2498 4446 David,
2518 4376 2618 4448 qui
2637 4376 2790 4447 apud
2813 4375 3208 4445 Hermopolim
3237 4374 3525 4446 plurimos
3557 4391 3769 4446 exspo-

2119 4467 2317 4532 liabat,
2351 4465 2546 4536 plures
2578 4465 2752 4521 etiam
2785 4464 3192 4532 interficiebat,
3224 4468 3281 4519 et
3310 4464 3621 4518 innumera
3647 4480 3773 4534 per-

424 4555 501 4608 De
531 4553 641 4608 hoc
676 4554 884 4609 abbate
911 4554 1115 4625 Sergio
1147 4554 1502 4609 anachoreta
1536 4554 1794 4609 narravit
1843 4553 2010 4610 nobis
2041 4567 2088 4628 1)
2122 4555 2389 4628 petrabat
2418 4555 2588 4621 mala,
2625 4555 2706 4610 ita
2756 4559 2821 4609 ut
2873 4553 3071 4609 nullus
3102 4553 3151 4609 ei
3186 4554 3242 4608 in
3278 4553 3370 4609 his
3400 4553 3768 4609 crudelitatis

349 4643 531 4698 abbas
552 4643 790 4714 Sergius
815 4643 1124 4698 Armenius
1139 4644 1267 4713 ejus
1291 4643 1805 4714 disciputus,quod
1831 4643 2009 4714 pluri-

351 4748 511 4786 mum
535 4731 646 4787 sibi
673 4732 959 4786 molestus
984 4732 1155 4786 fuerit
1185 4732 1364 4786 abbas
1397 4733 1733 4804 Gregorius,
1758 4731 1857 4802 qui
1883 4736 2005 4786 erat

350 4821 703 4892 praepositus
723 4821 880 4876 904
906 4820 1246 4876 monasterii
1277 4820 1522 4884 Pharan,
1550 4824 1612 4874 ut
1631 4819 1795 4874 illum
1833 4821 2003 4874 duce-

348 4914 434 4964 ret
465 4911 534 4963 ad
571 4926 792 4964 senem.
829 4910 930 4965 Die
978 4926 1114 4981 ergo
1159 4909 1408 4980 quadam
1453 4909 1695 4963 adduxit
1729 4908 1895 4962 illum
1930 4909 1999 4962 ad

346 4999 566 5070 ipsum.
586 4998 722 5053 Erat
745 5003 940 5054 autem
965 5014 1142 5053 senex
1163 5003 1302 5053 tunc
1324 4999 1476 5053 circa
1501 4999 1797 5069 regionem
1824 4998 2001 5054 maris

345 5088 585 5144 Mortui.
613 5088 758 5142 Cum
786 5088 962 5159 igitur
982 5087 1220 5143 vidisset
1238 5104 1370 5143 eum
1407 5086 2000 5154 senex,libentissime

341 5176 639 5241 salutavit,
677 5175 974 5246 allataque
1011 5192 1161 5244 aqua
1207 5175 1347 5229 lavit
1395 5175 1571 5244 pedes
1620 5176 1768 5242 ejus,
1803 5191 1867 5228 ac
1901 5191 2002 5244 per

338 5271 518 5320 totam
561 5266 715 5319 diem
751 5264 1077 5320 collocutus
1115 5282 1246 5319 cum
1272 5281 1338 5318 eo
1358 5265 1426 5318 de
1458 5263 1836 5318 aedificatione
1869 5263 1996 5318 aui--

341 5372 470 5419 mai,
500 5355 595 5409 die
626 5354 738 5410 alia
771 5355 1001 5410 dimisit
1043 5371 1196 5410 eum.
1234 5355 1546 5425 Postquam
1582 5369 1715 5408 vero
1745 5354 1999 5408 abcessit

341 5445 522 5499 abbas
547 5445 885 5514 Gregorius,
911 5445 1053 5509 dixi,
1081 5443 1291 5514 inquit,
1317 5460 1422 5515 ego
1447 5443 1571 5499 seni
1600 5461 1610 5498 ;
1635 5442 1782 5511 Scis,
1808 5448 1994 5510 Pater,

343 5532 933 5605 quiascandalizatus
952 5551 1106 5601 sum,
1134 5533 1286 5605 quod
1310 5549 1440 5588 cum
1466 5531 1748 5603 plurimos
1771 5531 1994 5603 cpisco-

343 5639 473 5697 pos,
509 5623 903 5696 presbyteros,
935 5627 992 5680 et
1043 5623 1189 5679 alios
1236 5624 1498 5679 duxerim
1552 5624 1619 5678 ad
1664 5628 1738 5692 te,
1774 5623 1995 5679 nullius

343 5728 610 5783 unquam
644 5711 881 5768 illorum
914 5713 1090 5785 pedes
1123 5712 1326 5768 levasti
1365 5711 1476 5767 nisi
1508 5715 1737 5767 tantum
1769 5711 1995 5768 abbatis

2118 4643 2393 4716 operibus
2414 4644 2660 4698 conferri
2683 4647 3147 4714 posset,eratque
3172 4641 3771 4697 famosissimusinter

2116 4750 2339 4789 omnes.
2379 4732 2473 4787 Die
2505 4749 2635 4787 vero
2668 4732 2917 4803 quadarn
2952 4747 3086 4785 cum
3123 4735 3412 4786 exerceret
3461 4730 3769 4785 latrocinia

2115 4839 2248 4878 cum
2282 4822 2452 4878 sociis
2487 4821 2616 4891 plus
2649 4837 2826 4891 quam
2860 4819 3122 4892 triginta,
3154 4819 3385 4874 rediens
3436 4819 3493 4873 in
3547 4824 3768 4873 semet-

2112 4911 2332 4983 ipsum,
2366 4910 2957 4980 compunctusquein
3010 4909 3102 4964 his
3150 4922 3276 4980 qua:
3329 4912 3769 4979 perpetraverat

2111 4999 2678 5061 sceleribus,relictis
2693 4998 2866 5054 sociis
2881 4998 3024 5053 abiit
3039 4999 3107 5053 ad
3127 4997 3665 5053 monasterium.Cu
3680 5015 3767 5051 m-

2111 5105 2222 5160 que
2256 5088 2515 5160 pulsaret
2543 5087 2880 5142 monasterii
2906 5089 3177 5158 januam,
3212 5087 3351 5142 exiit
3381 5086 3679 5152 ostiarius,
3706 5091 3764 5142 et

2109 5177 2256 5231 dixit
2284 5177 2332 5232 ei
2369 5194 2380 5230 :
2417 5177 2565 5240 Quid
2600 5177 2728 5231 vis?
2765 5176 3040 5248 Princeps
3072 5181 3270 5231 autem
3304 5175 3596 5231 latronum
3631 5176 3712 5230 ait
3747 5193 3760 5230 :

2108 5267 2430 5322 Monachus
2463 5266 2582 5320 ﬁeri
2613 5265 2758 5320 volo.
2797 5266 3101 5336 Ingressus
3133 5282 3265 5321 vero
3299 5266 3576 5321 ostiarius
3611 5283 3760 5319 nun-

2108 5355 2272 5410 tiavit
2319 5356 2512 5410 abbati
2568 5357 2638 5410 de
2688 5355 2808 5409 illo.
2865 5361 3145 5427 Egressus
3199 5356 3269 5410 ad
3323 5355 3490 5410 illum
3551 5354 3757 5422 abbas,

2082 5449 2163 5500 et
2209 5446 2410 5500 videns
2469 5445 2608 5516 quia
2659 5446 2783 5515 jam
2841 5462 3016 5500 senex
3074 5452 3248 5511 esset,
3302 5445 3449 5498 dixit
3491 5445 3541 5498 ei
3577 5461 3589 5496 :
3631 5444 3752 5498 Non

2110 5542 2270 5608 potes
2303 5536 2396 5590 hic
2431 5551 2703 5601 manere;
2742 5534 2992 5589 multum
3027 5536 3181 5589 enim
3219 5534 3476 5589 laborem
3502 5534 3754 5586 tolerant

2105 5626 2337 5693 fratres,
2363 5626 2832 5696 abstinentiaque
2865 5643 3078 5696 magna
3106 5629 3214 5692 est,
3241 5631 3292 5679 et
3327 5628 3386 5678 tu
3421 5639 3550 5676 cum
3584 5620 3751 5675 aliter

2106 5719 2380 5770 assuetus
2403 5714 2940 5785 sis,districtionsm
2964 5712 3302 5770 monasterii
3318 5713 3464 5766 ferre
3480 5725 3593 5764 non
3609 5724 3754 5781 prte-
