  <div class='ocr_page' id='page_1' title='image "/cluster/home/n/w/nwhite01/storage/ocr_20150623/74/hvd.32044054758792/101.png"; bbox 0 0 3986 6168; ppageno 0'>
   <div class='ocr_carea' id='block_1_1' title="bbox 388 272 487 329">
    <p class='ocr_par' dir='ltr' id='par_1_1' title="bbox 388 272 487 329">
     <span class='ocr_line' id='line_1_1' title="bbox 388 272 487 329; baseline 0.02 -2"><span class='ocrx_word' id='word_1_1' title='bbox 388 272 487 329; x_wconf 79' lang='grc'>191</span> 
     </span>
    </p>
   </div>
   <div class='ocr_carea' id='block_1_2' title="bbox 1567 274 2594 330">
    <p class='ocr_par' dir='ltr' id='par_1_2' title="bbox 1567 274 2594 330">
     <span class='ocr_line' id='line_1_2' title="bbox 1567 274 2594 330; baseline 0 -1"><span class='ocrx_word' id='word_1_2' title='bbox 1567 277 1663 329; x_wconf 83' lang='lat' dir='ltr'>DE</span> <span class='ocrx_word' id='word_1_3' title='bbox 1701 276 1894 329; x_wconf 78' lang='lat' dir='ltr'>VITIS</span> <span class='ocrx_word' id='word_1_4' title='bbox 1933 274 2234 329; x_wconf 77' lang='lat' dir='ltr'>PATRUM</span> <span class='ocrx_word' id='word_1_5' title='bbox 2271 276 2485 330; x_wconf 80' lang='lat' dir='ltr'><strong>LIBER</strong></span> <span class='ocrx_word' id='word_1_6' title='bbox 2520 276 2594 329; x_wconf 77' lang='grc' dir='ltr'>Χ.</span> 
     </span>
    </p>
   </div>
   <div class='ocr_carea' id='block_1_3' title="bbox 3691 271 3800 328">
    <p class='ocr_par' dir='ltr' id='par_1_3' title="bbox 3691 271 3800 328">
     <span class='ocr_line' id='line_1_3' title="bbox 3691 271 3800 328; baseline -0.009 -1"><span class='ocrx_word' id='word_1_7' title='bbox 3691 271 3800 328; x_wconf 80' lang='grc'>192</span> 
     </span>
    </p>
   </div>
   <div class='ocr_carea' id='block_1_4' title="bbox 383 401 3796 476">
    <p class='ocr_par' dir='ltr' id='par_1_4' title="bbox 383 401 3796 476">
     <span class='ocr_line' id='line_1_4' title="bbox 383 401 3796 476; baseline -0.001 -14"><span class='ocrx_word' id='word_1_8' title='bbox 383 403 563 462; x_wconf 89' lang='lat' dir='ltr'>vales.</span> <span class='ocrx_word' id='word_1_9' title='bbox 591 403 692 459; x_wconf 88' lang='lat' dir='ltr'>Ille</span> <span class='ocrx_word' id='word_1_10' title='bbox 713 407 907 459; x_wconf 87' lang='lat' dir='ltr'>autem</span> <span class='ocrx_word' id='word_1_11' title='bbox 930 403 1155 474; x_wconf 85' lang='lat' dir='ltr'>orabat,</span> <span class='ocrx_word' id='word_1_12' title='bbox 1177 403 1379 460; x_wconf 83' lang='lat' dir='ltr'>dicens</span> <span class='ocrx_word' id='word_1_13' title='bbox 1406 421 1418 460; x_wconf 92' lang='lat'>:</span> <span class='ocrx_word' id='word_1_14' title='bbox 1442 403 1653 476; x_wconf 80' lang='lat' dir='ltr'>Utique</span> <span class='ocrx_word' id='word_1_15' title='bbox 1674 404 1883 460; x_wconf 83' lang='lat' dir='ltr'>faciam</span> <span class='ocrx_word' id='word_1_16' title='bbox 1907 419 2030 458; x_wconf 87' lang='lat' dir='ltr'>om-</span> <span class='ocrx_word' id='word_1_17' title='bbox 2063 408 2122 471; x_wconf 87' lang='grc' dir='ltr'><strong>Α</strong></span> <span class='ocrx_word' id='word_1_18' title='bbox 2151 401 2524 459; x_wconf 77' lang='lat' dir='ltr'>illustrantur</span> <span class='ocrx_word' id='word_1_19' title='bbox 2578 403 2873 475; x_wconf 83' lang='lat' dir='ltr'>operibus.</span> <span class='ocrx_word' id='word_1_20' title='bbox 2907 402 3016 459; x_wconf 92' lang='lat' dir='ltr'>Ubi</span> <span class='ocrx_word' id='word_1_21' title='bbox 3046 420 3180 459; x_wconf 91' lang='lat' dir='ltr'>vero</span> <span class='ocrx_word' id='word_1_22' title='bbox 3212 403 3365 459; x_wconf 91' lang='lat' dir='ltr'>Deus</span> <span class='ocrx_word' id='word_1_23' title='bbox 3397 406 3503 474; x_wconf 85' lang='lat' dir='ltr'>est,</span> <span class='ocrx_word' id='word_1_24' title='bbox 3538 403 3671 476; x_wconf 88' lang='lat' dir='ltr'>quis</span> <span class='ocrx_word' id='word_1_25' title='bbox 3702 405 3796 459; x_wconf 89' lang='lat' dir='ltr'>in-</span> 
     </span>
    </p>
   </div>
   <div class='ocr_carea' id='block_1_5' title="bbox 386 492 2036 564">
    <p class='ocr_par' dir='ltr' id='par_1_5' title="bbox 386 492 2036 564">
     <span class='ocr_line' id='line_1_5' title="bbox 386 492 2036 564; baseline -0.002 -14"><span class='ocrx_word' id='word_1_26' title='bbox 386 494 919 561; x_wconf 88' lang='lat' dir='ltr'>nia,tantummodo</span> <span class='ocrx_word' id='word_1_27' title='bbox 943 492 1177 564; x_wconf 85' lang='lat' dir='ltr'>suspice</span> <span class='ocrx_word' id='word_1_28' title='bbox 1201 493 1499 549; x_wconf 85' lang='lat' dir='ltr'>me.Pnrro</span> <span class='ocrx_word' id='word_1_29' title='bbox 1518 493 1700 549; x_wconf 82' lang='lat' dir='ltr'>abbas</span> <span class='ocrx_word' id='word_1_30' title='bbox 1723 493 1781 547; x_wconf 93' lang='lat' dir='ltr'>in</span> <span class='ocrx_word' id='word_1_31' title='bbox 1799 496 2036 549; x_wconf 88' lang='lat' dir='ltr'>senten-</span> 
     </span>
    </p>
   </div>
   <div class='ocr_carea' id='block_1_6' title="bbox 383 582 2040 654">
    <p class='ocr_par' dir='ltr' id='par_1_6' title="bbox 383 582 2040 654">
     <span class='ocr_line' id='line_1_6' title="bbox 383 582 2040 654; baseline -0.002 -15"><span class='ocrx_word' id='word_1_32' title='bbox 383 583 468 640; x_wconf 88' lang='lat' dir='ltr'>tia</span> <span class='ocrx_word' id='word_1_33' title='bbox 498 600 605 639; x_wconf 88' lang='lat' dir='ltr'>sua</span> <span class='ocrx_word' id='word_1_34' title='bbox 635 583 1006 653; x_wconf 89' lang='lat' dir='ltr'>persistebat,</span> <span class='ocrx_word' id='word_1_35' title='bbox 1031 582 1233 637; x_wconf 90' lang='lat' dir='ltr'>dicens</span> <span class='ocrx_word' id='word_1_36' title='bbox 1269 599 1280 637; x_wconf 88' lang='lat'>:</span> <span class='ocrx_word' id='word_1_37' title='bbox 1316 582 1443 640; x_wconf 88' lang='lat' dir='ltr'>Non</span> <span class='ocrx_word' id='word_1_38' title='bbox 1476 587 1640 654; x_wconf 88' lang='lat' dir='ltr'>potes</span> <span class='ocrx_word' id='word_1_39' title='bbox 1673 582 1841 638; x_wconf 89' lang='lat' dir='ltr'>ferre.</span> <span class='ocrx_word' id='word_1_40' title='bbox 1874 582 2040 637; x_wconf 89' lang='lat' dir='ltr'>Tunc</span> 
     </span>
    </p>
   </div>
   <div class='ocr_carea' id='block_1_7' title="bbox 384 671 2035 744">
    <p class='ocr_par' dir='ltr' id='par_1_7' title="bbox 384 671 2035 744">
     <span class='ocr_line' id='line_1_7' title="bbox 384 671 2035 744; baseline -0.002 -16"><span class='ocrx_word' id='word_1_41' title='bbox 384 672 468 728; x_wconf 87' lang='lat' dir='ltr'>ait</span> <span class='ocrx_word' id='word_1_42' title='bbox 496 671 582 727; x_wconf 86' lang='lat' dir='ltr'>illi</span> <span class='ocrx_word' id='word_1_43' title='bbox 615 671 911 727; x_wconf 80' lang='lat' dir='ltr'>latronum</span> <span class='ocrx_word' id='word_1_44' title='bbox 945 672 1219 743; x_wconf 84' lang='lat' dir='ltr'>princeps</span> <span class='ocrx_word' id='word_1_45' title='bbox 1246 688 1258 724; x_wconf 92' lang='lat'>:</span> <span class='ocrx_word' id='word_1_46' title='bbox 1280 675 1353 726; x_wconf 90' lang='lat' dir='ltr'>Ut</span> <span class='ocrx_word' id='word_1_47' title='bbox 1376 672 1550 739; x_wconf 82' lang='lat' dir='ltr'>scias,</span> <span class='ocrx_word' id='word_1_48' title='bbox 1574 687 1680 744; x_wconf 83' lang='lat' dir='ltr'>ego</span> <span class='ocrx_word' id='word_1_49' title='bbox 1703 689 1833 727; x_wconf 89' lang='lat' dir='ltr'>sum</span> <span class='ocrx_word' id='word_1_50' title='bbox 1854 671 2035 726; x_wconf 82' lang='lat' dir='ltr'>David</span> 
     </span>
    </p>
   </div>
   <div class='ocr_carea' id='block_1_8' title="bbox 384 760 2036 834">
    <p class='ocr_par' dir='ltr' id='par_1_8' title="bbox 384 760 2036 834">
     <span class='ocr_line' id='line_1_8' title="bbox 384 760 2036 834; baseline -0.002 -17"><span class='ocrx_word' id='word_1_51' title='bbox 384 762 661 834; x_wconf 81' lang='lat' dir='ltr'>princeps</span> <span class='ocrx_word' id='word_1_52' title='bbox 690 760 1009 827; x_wconf 82' lang='lat' dir='ltr'>latronum,</span> <span class='ocrx_word' id='word_1_53' title='bbox 1044 764 1099 815; x_wconf 91' lang='lat' dir='ltr'>et</span> <span class='ocrx_word' id='word_1_54' title='bbox 1131 760 1347 815; x_wconf 87' lang='lat' dir='ltr'>idcirco</span> <span class='ocrx_word' id='word_1_55' title='bbox 1370 760 1500 815; x_wconf 89' lang='lat' dir='ltr'>veni</span> <span class='ocrx_word' id='word_1_56' title='bbox 1534 760 1670 825; x_wconf 89' lang='lat' dir='ltr'>huc,</span> <span class='ocrx_word' id='word_1_57' title='bbox 1697 764 1762 816; x_wconf 92' lang='lat' dir='ltr'>ut</span> <span class='ocrx_word' id='word_1_58' title='bbox 1792 761 2036 816; x_wconf 83' lang='lat' dir='ltr'>defleam</span> 
     </span>
    </p>
   </div>
   <div class='ocr_carea' id='block_1_9' title="bbox 384 849 2038 922">
    <p class='ocr_par' dir='ltr' id='par_1_9' title="bbox 384 849 2038 922">
     <span class='ocr_line' id='line_1_9' title="bbox 384 849 2038 922; baseline -0.001 -16"><span class='ocrx_word' id='word_1_59' title='bbox 384 854 625 922; x_wconf 89' lang='lat' dir='ltr'>peccata</span> <span class='ocrx_word' id='word_1_60' title='bbox 658 866 807 905; x_wconf 89' lang='lat' dir='ltr'>mea.</span> <span class='ocrx_word' id='word_1_61' title='bbox 841 850 900 904; x_wconf 91' lang='lat' dir='ltr'>Si</span> <span class='ocrx_word' id='word_1_62' title='bbox 934 855 1131 904; x_wconf 89' lang='lat' dir='ltr'>autem</span> <span class='ocrx_word' id='word_1_63' title='bbox 1162 866 1254 904; x_wconf 88' lang='lat' dir='ltr'>me</span> <span class='ocrx_word' id='word_1_64' title='bbox 1286 851 1586 920; x_wconf 87' lang='lat' dir='ltr'>suscipere</span> <span class='ocrx_word' id='word_1_65' title='bbox 1615 849 1898 917; x_wconf 88' lang='lat' dir='ltr'>nolueris,</span> <span class='ocrx_word' id='word_1_66' title='bbox 1926 850 2038 904; x_wconf 90' lang='lat' dir='ltr'>sub</span> 
     </span>
    </p>
   </div>
   <div class='ocr_carea' id='block_1_10' title="bbox 378 938 2037 1011">
    <p class='ocr_par' dir='ltr' id='par_1_10' title="bbox 378 938 2037 1011">
     <span class='ocr_line' id='line_1_10' title="bbox 378 938 2037 1011; baseline -0.001 -17"><span class='ocrx_word' id='word_1_67' title='bbox 378 938 767 1011; x_wconf 75' lang='lat' dir='ltr'>jurejurando</span> <span class='ocrx_word' id='word_1_68' title='bbox 790 938 897 993; x_wconf 92' lang='lat' dir='ltr'>tibi</span> <span class='ocrx_word' id='word_1_69' title='bbox 918 942 1211 1010; x_wconf 88' lang='lat' dir='ltr'>protestor</span> <span class='ocrx_word' id='word_1_70' title='bbox 1231 955 1333 1011; x_wconf 89' lang='lat' dir='ltr'>per</span> <span class='ocrx_word' id='word_1_71' title='bbox 1353 955 1485 994; x_wconf 89' lang='lat' dir='ltr'>eum</span> <span class='ocrx_word' id='word_1_72' title='bbox 1511 939 1611 1011; x_wconf 87' lang='lat' dir='ltr'>qui</span> <span class='ocrx_word' id='word_1_73' title='bbox 1630 939 1687 993; x_wconf 91' lang='lat' dir='ltr'>in</span> <span class='ocrx_word' id='word_1_74' title='bbox 1712 938 1854 993; x_wconf 69' lang='lat' dir='ltr'>coelo</span> <span class='ocrx_word' id='word_1_75' title='bbox 1870 938 2037 993; x_wconf 88' lang='lat' dir='ltr'>habi-</span> 
     </span>
    </p>
   </div>
   <div class='ocr_carea' id='block_1_11' title="bbox 384 1027 2039 1099">
    <p class='ocr_par' dir='ltr' id='par_1_11' title="bbox 384 1027 2039 1099">
     <span class='ocr_line' id='line_1_11' title="bbox 384 1027 2039 1099; baseline -0.001 -15"><span class='ocrx_word' id='word_1_76' title='bbox 384 1034 492 1096; x_wconf 89' lang='lat' dir='ltr'>tat,</span> <span class='ocrx_word' id='word_1_77' title='bbox 517 1027 654 1099; x_wconf 85' lang='lat' dir='ltr'>quia</span> <span class='ocrx_word' id='word_1_78' title='bbox 682 1043 889 1083; x_wconf 90' lang='lat' dir='ltr'>rursus</span> <span class='ocrx_word' id='word_1_79' title='bbox 916 1028 985 1082; x_wconf 89' lang='lat' dir='ltr'>ad</span> <span class='ocrx_word' id='word_1_80' title='bbox 1011 1027 1267 1098; x_wconf 89' lang='lat' dir='ltr'>priorem</span> <span class='ocrx_word' id='word_1_81' title='bbox 1301 1032 1520 1083; x_wconf 86' lang='lat' dir='ltr'>statum</span> <span class='ocrx_word' id='word_1_82' title='bbox 1554 1028 1846 1094; x_wconf 85' lang='lat' dir='ltr'>remeabo,</span> <span class='ocrx_word' id='word_1_83' title='bbox 1871 1032 1927 1083; x_wconf 93' lang='lat' dir='ltr'>et</span> <span class='ocrx_word' id='word_1_84' title='bbox 1948 1043 2039 1082; x_wconf 90' lang='lat' dir='ltr'>as-</span> 
     </span>
    </p>
   </div>
   <div class='ocr_carea' id='block_1_12' title="bbox 386 1116 2037 1188">
    <p class='ocr_par' dir='ltr' id='par_1_12' title="bbox 386 1116 2037 1188">
     <span class='ocr_line' id='line_1_12' title="bbox 386 1116 2037 1188; baseline -0.001 -16"><span class='ocrx_word' id='word_1_85' title='bbox 386 1116 645 1188; x_wconf 86' lang='lat' dir='ltr'>sumptis</span> <span class='ocrx_word' id='word_1_86' title='bbox 665 1132 893 1172; x_wconf 89' lang='lat' dir='ltr'>mecum</span> <span class='ocrx_word' id='word_1_87' title='bbox 920 1116 1095 1171; x_wconf 89' lang='lat' dir='ltr'>sociis</span> <span class='ocrx_word' id='word_1_88' title='bbox 1120 1117 1288 1183; x_wconf 86' lang='lat' dir='ltr'>meis,</span> <span class='ocrx_word' id='word_1_89' title='bbox 1313 1134 1419 1173; x_wconf 88' lang='lat' dir='ltr'>vos</span> <span class='ocrx_word' id='word_1_90' title='bbox 1440 1133 1642 1173; x_wconf 91' lang='lat' dir='ltr'>omnes</span> <span class='ocrx_word' id='word_1_91' title='bbox 1664 1116 2037 1185; x_wconf 81' lang='lat' dir='ltr'>interﬁciam,</span> 
     </span>
    </p>
   </div>
   <div class='ocr_carea' id='block_1_13' title="bbox 386 1205 2039 1277">
    <p class='ocr_par' dir='ltr' id='par_1_13' title="bbox 386 1205 2039 1277">
     <span class='ocr_line' id='line_1_13' title="bbox 386 1205 2039 1277; baseline -0.003 -13"><span class='ocrx_word' id='word_1_92' title='bbox 386 1211 700 1277; x_wconf 89' lang='lat' dir='ltr'>totumque</span> <span class='ocrx_word' id='word_1_93' title='bbox 734 1205 1159 1261; x_wconf 86' lang='lat' dir='ltr'>monasterium</span> <span class='ocrx_word' id='word_1_94' title='bbox 1185 1212 1467 1261; x_wconf 87' lang='lat' dir='ltr'>evertam.</span> <span class='ocrx_word' id='word_1_95' title='bbox 1487 1207 1587 1261; x_wconf 83' lang='lat' dir='ltr'>llis</span> <span class='ocrx_word' id='word_1_96' title='bbox 1604 1205 1841 1267; x_wconf 82' lang='lat' dir='ltr'>auditis,</span> <span class='ocrx_word' id='word_1_97' title='bbox 1859 1205 2039 1260; x_wconf 89' lang='lat' dir='ltr'>abbas</span> 
     </span>
    </p>
   </div>
   <div class='ocr_carea' id='block_1_14' title="bbox 386 1293 2037 1367">
    <p class='ocr_par' dir='ltr' id='par_1_14' title="bbox 386 1293 2037 1367">
     <span class='ocr_line' id='line_1_14' title="bbox 386 1293 2037 1367; baseline -0.003 -15"><span class='ocrx_word' id='word_1_98' title='bbox 386 1295 651 1367; x_wconf 85' lang='lat' dir='ltr'>suscepit</span> <span class='ocrx_word' id='word_1_99' title='bbox 680 1312 813 1350; x_wconf 91' lang='lat' dir='ltr'>eum</span> <span class='ocrx_word' id='word_1_100' title='bbox 846 1294 1002 1350; x_wconf 88' lang='lat' dir='ltr'>intra</span> <span class='ocrx_word' id='word_1_101' title='bbox 1025 1293 2037 1365; x_wconf 89' lang='lat' dir='ltr'>monasterium,tondensqueillum</span> 
     </span>
    </p>
   </div>
   <div class='ocr_carea' id='block_1_15' title="bbox 382 1382 2043 1456">
    <p class='ocr_par' dir='ltr' id='par_1_15' title="bbox 382 1382 2043 1456">
     <span class='ocr_line' id='line_1_15' title="bbox 382 1382 2043 1456; baseline -0.002 -15"><span class='ocrx_word' id='word_1_102' title='bbox 382 1384 631 1441; x_wconf 85' lang='lat' dir='ltr'>tradidit</span> <span class='ocrx_word' id='word_1_103' title='bbox 653 1384 702 1439; x_wconf 90' lang='lat' dir='ltr'>ei</span> <span class='ocrx_word' id='word_1_104' title='bbox 722 1384 1063 1456; x_wconf 89' lang='lat' dir='ltr'>religiosum</span> <span class='ocrx_word' id='word_1_105' title='bbox 1088 1384 1571 1456; x_wconf 70' lang='lat' dir='ltr'>habitum.Cozpit</span> <span class='ocrx_word' id='word_1_106' title='bbox 1592 1384 1771 1454; x_wconf 82' lang='lat' dir='ltr'>igitur</span> <span class='ocrx_word' id='word_1_107' title='bbox 1790 1382 1850 1439; x_wconf 90' lang='lat' dir='ltr'>in</span> <span class='ocrx_word' id='word_1_108' title='bbox 1875 1383 2043 1455; x_wconf 87' lang='lat' dir='ltr'>spiri-</span> 
     </span>
    </p>
   </div>
   <div class='ocr_carea' id='block_1_16' title="bbox 384 1473 2041 1545">
    <p class='ocr_par' dir='ltr' id='par_1_16' title="bbox 384 1473 2041 1545">
     <span class='ocr_line' id='line_1_16' title="bbox 384 1473 2041 1545; baseline -0.002 -14"><span class='ocrx_word' id='word_1_109' title='bbox 384 1474 489 1531; x_wconf 84' lang='lat' dir='ltr'>tali</span> <span class='ocrx_word' id='word_1_110' title='bbox 523 1473 731 1529; x_wconf 89' lang='lat' dir='ltr'>militia</span> <span class='ocrx_word' id='word_1_111' title='bbox 751 1478 1065 1529; x_wconf 89' lang='lat' dir='ltr'>veteranus</span> <span class='ocrx_word' id='word_1_112' title='bbox 1088 1474 1196 1528; x_wconf 91' lang='lat' dir='ltr'>tiro</span> <span class='ocrx_word' id='word_1_113' title='bbox 1220 1490 1503 1545; x_wconf 87' lang='lat' dir='ltr'>pugnare.</span> <span class='ocrx_word' id='word_1_114' title='bbox 1522 1473 2041 1529; x_wconf 64' lang='lat' dir='ltr'>etabstinentiazac</span> 
     </span>
    </p>
   </div>
   <div class='ocr_carea' id='block_1_17' title="bbox 384 1561 2043 1634">
    <p class='ocr_par' dir='ltr' id='par_1_17' title="bbox 384 1561 2043 1634">
     <span class='ocr_line' id='line_1_17' title="bbox 384 1561 2043 1634; baseline -0.003 -14"><span class='ocrx_word' id='word_1_115' title='bbox 384 1562 748 1630; x_wconf 74' lang='lat' dir='ltr'>obedientiaa,</span> <span class='ocrx_word' id='word_1_116' title='bbox 764 1561 1241 1634; x_wconf 86' lang='lat' dir='ltr'>humilitatisque</span> <span class='ocrx_word' id='word_1_117' title='bbox 1262 1562 1476 1618; x_wconf 88' lang='lat' dir='ltr'>studiis</span> <span class='ocrx_word' id='word_1_118' title='bbox 1493 1565 1737 1617; x_wconf 87' lang='lat' dir='ltr'>cunctos</span> <span class='ocrx_word' id='word_1_119' title='bbox 1762 1561 2043 1633; x_wconf 84' lang='lat' dir='ltr'>quierant</span> 
     </span>
    </p>
   </div>
   <div class='ocr_carea' id='block_1_18' title="bbox 385 1651 2043 1722">
    <p class='ocr_par' dir='ltr' id='par_1_18' title="bbox 385 1651 2043 1722">
     <span class='ocr_line' id='line_1_18' title="bbox 385 1651 2043 1722; baseline -0.002 -14"><span class='ocrx_word' id='word_1_120' title='bbox 385 1653 448 1708; x_wconf 90' lang='lat' dir='ltr'>in</span> <span class='ocrx_word' id='word_1_121' title='bbox 480 1652 838 1708; x_wconf 88' lang='lat' dir='ltr'>monasterio</span> <span class='ocrx_word' id='word_1_122' title='bbox 870 1652 1286 1707; x_wconf 83' lang='lat' dir='ltr'>transcendere</span> <span class='ocrx_word' id='word_1_123' title='bbox 1316 1656 1504 1719; x_wconf 85' lang='lat' dir='ltr'>(erant</span> <span class='ocrx_word' id='word_1_124' title='bbox 1535 1655 1731 1706; x_wconf 90' lang='lat' dir='ltr'>autem</span> <span class='ocrx_word' id='word_1_125' title='bbox 1766 1651 1884 1705; x_wconf 87' lang='lat' dir='ltr'>fere</span> <span class='ocrx_word' id='word_1_126' title='bbox 1915 1667 2043 1722; x_wconf 89' lang='lat' dir='ltr'>sep-</span> 
     </span>
    </p>
   </div>
   <div class='ocr_carea' id='block_1_19' title="bbox 2141 492 3207 564">
    <p class='ocr_par' dir='ltr' id='par_1_19' title="bbox 2141 492 3207 564">
     <span class='ocr_line' id='line_1_19' title="bbox 2141 492 3207 564; baseline -0.003 -15"><span class='ocrx_word' id='word_1_127' title='bbox 2141 493 2344 549; x_wconf 90' lang='lat' dir='ltr'>sidiari</span> <span class='ocrx_word' id='word_1_128' title='bbox 2374 493 2551 563; x_wconf 89' lang='lat' dir='ltr'>valet,</span> <span class='ocrx_word' id='word_1_129' title='bbox 2584 497 2686 548; x_wconf 91' lang='lat' dir='ltr'>aut</span> <span class='ocrx_word' id='word_1_130' title='bbox 2708 509 2916 548; x_wconf 87' lang='lat' dir='ltr'>nocere</span> <span class='ocrx_word' id='word_1_131' title='bbox 2949 492 3207 564; x_wconf 85' lang='lat' dir='ltr'>poterit?</span> 
     </span>
    </p>
   </div>
   <div class='ocr_carea' id='block_1_20' title="bbox 2212 581 3794 639">
    <p class='ocr_par' dir='ltr' id='par_1_20' title="bbox 2212 581 3794 639">
     <span class='ocr_line' id='line_1_20' title="bbox 2212 581 3794 639; baseline -0.001 -2"><span class='ocrx_word' id='word_1_132' title='bbox 2212 582 2366 637; x_wconf 84' lang='lat' dir='ltr'>Dixit</span> <span class='ocrx_word' id='word_1_133' title='bbox 2386 582 2597 639; x_wconf 89' lang='lat' dir='ltr'>iterum</span> <span class='ocrx_word' id='word_1_134' title='bbox 2624 601 2636 639; x_wconf 95' lang='lat'>:</span> <span class='ocrx_word' id='word_1_135' title='bbox 2662 582 2979 638; x_wconf 90' lang='lat' dir='ltr'>Hominum</span> <span class='ocrx_word' id='word_1_136' title='bbox 2996 581 3179 638; x_wconf 83' lang='lat' dir='ltr'>virtus</span> <span class='ocrx_word' id='word_1_137' title='bbox 3203 599 3315 638; x_wconf 91' lang='lat' dir='ltr'>non</span> <span class='ocrx_word' id='word_1_138' title='bbox 3343 581 3401 637; x_wconf 93' lang='lat' dir='ltr'>in</span> <span class='ocrx_word' id='word_1_139' title='bbox 3428 586 3635 638; x_wconf 87' lang='lat' dir='ltr'>natura</span> <span class='ocrx_word' id='word_1_140' title='bbox 3652 598 3794 637; x_wconf 89' lang='lat' dir='ltr'>con-</span> 
     </span>
    </p>
   </div>
   <div class='ocr_carea' id='block_1_21' title="bbox 2142 669 3796 743">
    <p class='ocr_par' dir='ltr' id='par_1_21' title="bbox 2142 669 3796 743">
     <span class='ocr_line' id='line_1_21' title="bbox 2142 669 3796 743; baseline -0.001 -17"><span class='ocrx_word' id='word_1_141' title='bbox 2142 671 2448 741; x_wconf 67' lang='lat' dir='ltr'>sistit,harc</span> <span class='ocrx_word' id='word_1_142' title='bbox 2466 672 2621 727; x_wconf 90' lang='lat' dir='ltr'>enim</span> <span class='ocrx_word' id='word_1_143' title='bbox 2638 670 2936 727; x_wconf 87' lang='lat' dir='ltr'>variabilis</span> <span class='ocrx_word' id='word_1_144' title='bbox 2951 671 3173 737; x_wconf 83' lang='lat' dir='ltr'>est,sed</span> <span class='ocrx_word' id='word_1_145' title='bbox 3202 671 3258 725; x_wconf 92' lang='lat' dir='ltr'>in</span> <span class='ocrx_word' id='word_1_146' title='bbox 3285 669 3582 743; x_wconf 88' lang='lat' dir='ltr'>proposito</span> <span class='ocrx_word' id='word_1_147' title='bbox 3607 671 3796 742; x_wconf 90' lang='lat' dir='ltr'>pieta-</span> 
     </span>
    </p>
   </div>
   <div class='ocr_carea' id='block_1_22' title="bbox 2140 759 3797 831">
    <p class='ocr_par' dir='ltr' id='par_1_22' title="bbox 2140 759 3797 831">
     <span class='ocr_line' id='line_1_22' title="bbox 2140 759 3797 831; baseline -0.001 -17"><span class='ocrx_word' id='word_1_148' title='bbox 2140 759 2239 830; x_wconf 90' lang='lat' dir='ltr'>tis,</span> <span class='ocrx_word' id='word_1_149' title='bbox 2273 764 2330 815; x_wconf 93' lang='lat' dir='ltr'>et</span> <span class='ocrx_word' id='word_1_150' title='bbox 2361 761 2418 814; x_wconf 91' lang='lat' dir='ltr'>in</span> <span class='ocrx_word' id='word_1_151' title='bbox 2454 761 2554 815; x_wconf 89' lang='lat' dir='ltr'>Dei</span> <span class='ocrx_word' id='word_1_152' title='bbox 2602 761 2912 830; x_wconf 86' lang='lat' dir='ltr'>adjutorio.</span> <span class='ocrx_word' id='word_1_153' title='bbox 2947 763 3239 816; x_wconf 88' lang='lat' dir='ltr'>Curemus</span> <span class='ocrx_word' id='word_1_154' title='bbox 3291 760 3486 831; x_wconf 88' lang='lat' dir='ltr'>itaque</span> <span class='ocrx_word' id='word_1_155' title='bbox 3532 759 3797 815; x_wconf 87' lang='lat' dir='ltr'>animam</span> 
     </span>
    </p>
   </div>
   <div class='ocr_carea' id='block_1_23' title="bbox 2143 848 3742 920">
    <p class='ocr_par' dir='ltr' id='par_1_23' title="bbox 2143 848 3742 920">
     <span class='ocr_line' id='line_1_23' title="bbox 2143 848 3742 920; baseline 0 -16"><span class='ocrx_word' id='word_1_156' title='bbox 2143 854 2429 918; x_wconf 88' lang='lat' dir='ltr'>nostram,</span> <span class='ocrx_word' id='word_1_157' title='bbox 2458 848 2584 917; x_wconf 83' lang='lat' dir='ltr'>filii,</span> <span class='ocrx_word' id='word_1_158' title='bbox 2614 850 3115 920; x_wconf 88' lang='lat' dir='ltr'>quemadmodum</span> <span class='ocrx_word' id='word_1_159' title='bbox 3142 853 3197 904; x_wconf 91' lang='lat' dir='ltr'>et</span> <span class='ocrx_word' id='word_1_160' title='bbox 3224 866 3438 920; x_wconf 89' lang='lat' dir='ltr'>corpus</span> <span class='ocrx_word' id='word_1_161' title='bbox 3472 849 3742 904; x_wconf 83' lang='lat' dir='ltr'>facimus.</span> 
     </span>
    </p>
   </div>
   <div class='ocr_carea' id='block_1_24' title="bbox 2215 938 3795 1010">
    <p class='ocr_par' dir='ltr' id='par_1_24' title="bbox 2215 938 3795 1010">
     <span class='ocr_line' id='line_1_24' title="bbox 2215 938 3795 1010; baseline 0 -17"><span class='ocrx_word' id='word_1_162' title='bbox 2215 939 2442 995; x_wconf 86' lang='lat' dir='ltr'>Rursus</span> <span class='ocrx_word' id='word_1_163' title='bbox 2460 940 2541 993; x_wconf 88' lang='lat' dir='ltr'>ait</span> <span class='ocrx_word' id='word_1_164' title='bbox 2562 955 2739 995; x_wconf 86' lang='lat' dir='ltr'>senex</span> <span class='ocrx_word' id='word_1_165' title='bbox 2764 956 2775 992; x_wconf 93' lang='lat'>:</span> <span class='ocrx_word' id='word_1_166' title='bbox 2801 938 3161 1010; x_wconf 79' lang='lat' dir='ltr'>Colligamus</span> <span class='ocrx_word' id='word_1_167' title='bbox 3192 939 3405 993; x_wconf 76' lang='lat' dir='ltr'>animae</span> <span class='ocrx_word' id='word_1_168' title='bbox 3437 938 3795 1007; x_wconf 85' lang='lat' dir='ltr'>curationes,</span> 
     </span>
    </p>
   </div>
   <div class='ocr_carea' id='block_1_25' title="bbox 2142 1026 3804 1099">
    <p class='ocr_par' dir='ltr' id='par_1_25' title="bbox 2142 1026 3804 1099">
     <span class='ocr_line' id='line_1_25' title="bbox 2142 1026 3804 1099; baseline 0 -17"><span class='ocrx_word' id='word_1_169' title='bbox 2142 1026 2253 1083; x_wconf 93' lang='lat' dir='ltr'>hoc</span> <span class='ocrx_word' id='word_1_170' title='bbox 2283 1033 2373 1084; x_wconf 91' lang='lat' dir='ltr'>est</span> <span class='ocrx_word' id='word_1_171' title='bbox 2402 1028 2701 1099; x_wconf 88' lang='lat' dir='ltr'>pietatem,</span> <span class='ocrx_word' id='word_1_172' title='bbox 2721 1027 3039 1098; x_wconf 86' lang='lat' dir='ltr'>justitiam,</span> <span class='ocrx_word' id='word_1_173' title='bbox 3063 1026 3804 1098; x_wconf 89' lang='lat' dir='ltr'>humilitatem,subjectio-</span> 
     </span>
    </p>
   </div>
   <div class='ocr_carea' id='block_1_26' title="bbox 2143 1116 3804 1173">
    <p class='ocr_par' dir='ltr' id='par_1_26' title="bbox 2143 1116 3804 1173">
     <span class='ocr_line' id='line_1_26' title="bbox 2143 1116 3804 1173; baseline -0.001 0"><span class='ocrx_word' id='word_1_174' title='bbox 2143 1134 2301 1173; x_wconf 90' lang='lat' dir='ltr'>nem.</span> <span class='ocrx_word' id='word_1_175' title='bbox 2333 1118 2624 1173; x_wconf 80' lang='lat' dir='ltr'>Maximus</span> <span class='ocrx_word' id='word_1_176' title='bbox 2657 1117 2813 1172; x_wconf 91' lang='lat' dir='ltr'>enim</span> <span class='ocrx_word' id='word_1_177' title='bbox 2848 1117 3178 1172; x_wconf 89' lang='lat' dir='ltr'>animarum</span> <span class='ocrx_word' id='word_1_178' title='bbox 3227 1116 3491 1171; x_wconf 89' lang='lat' dir='ltr'>medicus</span> <span class='ocrx_word' id='word_1_179' title='bbox 3528 1116 3804 1172; x_wconf 89' lang='lat' dir='ltr'>Christus</span> 
     </span>
    </p>
   </div>
   <div class='ocr_carea' id='block_1_27' title="bbox 2144 1204 3800 1278">
    <p class='ocr_par' dir='ltr' id='par_1_27' title="bbox 2144 1204 3800 1278">
     <span class='ocr_line' id='line_1_27' title="bbox 2144 1204 3800 1278; baseline -0.002 -15"><span class='ocrx_word' id='word_1_180' title='bbox 2144 1207 2302 1263; x_wconf 92' lang='lat' dir='ltr'>Deus</span> <span class='ocrx_word' id='word_1_181' title='bbox 2353 1213 2552 1262; x_wconf 88' lang='lat' dir='ltr'>noster</span> <span class='ocrx_word' id='word_1_182' title='bbox 2596 1223 2775 1278; x_wconf 91' lang='lat' dir='ltr'>prope</span> <span class='ocrx_word' id='word_1_183' title='bbox 2822 1212 2932 1273; x_wconf 90' lang='lat' dir='ltr'>est,</span> <span class='ocrx_word' id='word_1_184' title='bbox 2967 1204 3207 1277; x_wconf 91' lang='lat' dir='ltr'>vultque</span> <span class='ocrx_word' id='word_1_185' title='bbox 3255 1222 3460 1261; x_wconf 90' lang='lat' dir='ltr'>curare</span> <span class='ocrx_word' id='word_1_186' title='bbox 3510 1222 3635 1261; x_wconf 92' lang='lat' dir='ltr'>nos.</span> <span class='ocrx_word' id='word_1_187' title='bbox 3668 1209 3800 1261; x_wconf 86' lang='lat' dir='ltr'>Non</span> 
     </span>
    </p>
   </div>
   <div class='ocr_carea' id='block_1_28' title="bbox 2144 1296 3365 1369">
    <p class='ocr_par' dir='ltr' id='par_1_28' title="bbox 2144 1296 3365 1369">
     <span class='ocr_line' id='line_1_28' title="bbox 2144 1296 3365 1369; baseline -0.001 -17"><span class='ocrx_word' id='word_1_188' title='bbox 2144 1312 2282 1368; x_wconf 87' lang='lat' dir='ltr'>ergo</span> <span class='ocrx_word' id='word_1_189' title='bbox 2314 1296 2708 1369; x_wconf 89' lang='lat' dir='ltr'>negligamus,</span> <span class='ocrx_word' id='word_1_190' title='bbox 2742 1312 2929 1367; x_wconf 90' lang='lat' dir='ltr'>neque</span> <span class='ocrx_word' id='word_1_191' title='bbox 2962 1311 3365 1367; x_wconf 88' lang='lat' dir='ltr'>aspernemur.</span> 
     </span>
    </p>
   </div>
   <div class='ocr_carea' id='block_1_29' title="bbox 2218 1386 3804 1457">
    <p class='ocr_par' dir='ltr' id='par_1_29' title="bbox 2218 1386 3804 1457">
     <span class='ocr_line' id='line_1_29' title="bbox 2218 1386 3804 1457; baseline 0.001 -17"><span class='ocrx_word' id='word_1_192' title='bbox 2218 1387 2312 1440; x_wconf 85' lang='lat' dir='ltr'>Ait</span> <span class='ocrx_word' id='word_1_193' title='bbox 2334 1404 2607 1442; x_wconf 89' lang='lat' dir='ltr'>rursum:</span> <span class='ocrx_word' id='word_1_194' title='bbox 2639 1387 2811 1442; x_wconf 89' lang='lat' dir='ltr'>Docet</span> <span class='ocrx_word' id='word_1_195' title='bbox 2829 1404 2935 1443; x_wconf 91' lang='lat' dir='ltr'>nos</span> <span class='ocrx_word' id='word_1_196' title='bbox 2959 1387 3246 1442; x_wconf 89' lang='lat' dir='ltr'>Dominus</span> <span class='ocrx_word' id='word_1_197' title='bbox 3268 1386 3496 1442; x_wconf 85' lang='lat' dir='ltr'>sobrios</span> <span class='ocrx_word' id='word_1_198' title='bbox 3519 1402 3585 1441; x_wconf 89' lang='lat' dir='ltr'>ac</span> <span class='ocrx_word' id='word_1_199' title='bbox 3607 1386 3804 1457; x_wconf 85' lang='lat' dir='ltr'>fruga-</span> 
     </span>
    </p>
   </div>
   <div class='ocr_carea' id='block_1_30' title="bbox 2146 1477 3805 1550">
    <p class='ocr_par' dir='ltr' id='par_1_30' title="bbox 2146 1477 3805 1550">
     <span class='ocr_line' id='line_1_30' title="bbox 2146 1477 3805 1550; baseline -0.001 -16"><span class='ocrx_word' id='word_1_200' title='bbox 2146 1478 2231 1534; x_wconf 87' lang='lat' dir='ltr'>Ies</span> <span class='ocrx_word' id='word_1_201' title='bbox 2280 1496 2428 1545; x_wconf 87' lang='lat' dir='ltr'>esse,</span> <span class='ocrx_word' id='word_1_202' title='bbox 2462 1496 2568 1535; x_wconf 92' lang='lat' dir='ltr'>nos</span> <span class='ocrx_word' id='word_1_203' title='bbox 2619 1485 2817 1535; x_wconf 89' lang='lat' dir='ltr'>autem</span> <span class='ocrx_word' id='word_1_204' title='bbox 2852 1479 3053 1535; x_wconf 89' lang='lat' dir='ltr'>miseri</span> <span class='ocrx_word' id='word_1_205' title='bbox 3086 1495 3188 1550; x_wconf 90' lang='lat' dir='ltr'>per</span> <span class='ocrx_word' id='word_1_206' title='bbox 3216 1477 3456 1534; x_wconf 85' lang='lat' dir='ltr'>delicias</span> <span class='ocrx_word' id='word_1_207' title='bbox 3486 1477 3805 1533; x_wconf 81' lang='lat' dir='ltr'>definimus</span> 
     </span>
    </p>
   </div>
   <div class='ocr_carea' id='block_1_31' title="bbox 2146 1570 2586 1642">
    <p class='ocr_par' dir='ltr' id='par_1_31' title="bbox 2146 1570 2586 1642">
     <span class='ocr_line' id='line_1_31' title="bbox 2146 1570 2586 1642; baseline 0 -18"><span class='ocrx_word' id='word_1_208' title='bbox 2146 1570 2204 1624; x_wconf 91' lang='lat' dir='ltr'>in</span> <span class='ocrx_word' id='word_1_209' title='bbox 2236 1570 2586 1642; x_wconf 88' lang='lat' dir='ltr'>voluptates.</span> 
     </span>
    </p>
   </div>
   <div class='ocr_carea' id='block_1_32' title="bbox 2219 1660 3809 1731">
    <p class='ocr_par' dir='ltr' id='par_1_32' title="bbox 2219 1660 3809 1731">
     <span class='ocr_line' id='line_1_32' title="bbox 2219 1660 3809 1731; baseline -0.001 -15"><span class='ocrx_word' id='word_1_210' title='bbox 2219 1662 2373 1717; x_wconf 88' lang='lat' dir='ltr'>Dixit</span> <span class='ocrx_word' id='word_1_211' title='bbox 2420 1661 2635 1717; x_wconf 90' lang='lat' dir='ltr'>iterum</span> <span class='ocrx_word' id='word_1_212' title='bbox 2683 1677 2856 1717; x_wconf 85' lang='lat' dir='ltr'>senex</span> <span class='ocrx_word' id='word_1_213' title='bbox 2893 1678 2905 1715; x_wconf 92' lang='lat'>:</span> <span class='ocrx_word' id='word_1_214' title='bbox 2942 1661 3436 1717; x_wconf 86' lang='lat' dir='ltr'>Commendemus</span> <span class='ocrx_word' id='word_1_215' title='bbox 3486 1676 3592 1716; x_wconf 92' lang='lat' dir='ltr'>nos</span> <span class='ocrx_word' id='word_1_216' title='bbox 3640 1660 3809 1731; x_wconf 88' lang='lat' dir='ltr'>ipsos</span> 
     </span>
    </p>
   </div>
   <div class='ocr_carea' id='block_1_33' title="bbox 382 1739 3810 1836">
    <p class='ocr_par' dir='ltr' id='par_1_33' title="bbox 382 1739 3810 1836">
     <span class='ocr_line' id='line_1_33' title="bbox 382 1739 3810 1836; baseline -0.002 -23"><span class='ocrx_word' id='word_1_217' title='bbox 382 1740 1269 1836; x_wconf 36' lang='lat' dir='ltr'>infigintiﬂmonacpi),QUUOIOS</span> <span class='ocrx_word' id='word_1_218' title='bbox 1301 1739 2038 1836; x_wconf 55' lang='grc' dir='ltr'>ωάξβῦῑξηενοωοξδυείζιξθ</span> <span class='ocrx_word' id='word_1_219' title='bbox 2071 1771 2118 1836; x_wconf 82' lang='grc' dir='ltr'><strong>Β</strong></span> <span class='ocrx_word' id='word_1_220' title='bbox 2150 1755 2293 1823; x_wconf 92' lang='lat' dir='ltr'>Deo,</span> <span class='ocrx_word' id='word_1_221' title='bbox 2329 1754 2831 1825; x_wconf 88' lang='lat' dir='ltr'>quemadmodum</span> <span class='ocrx_word' id='word_1_222' title='bbox 2893 1753 2975 1808; x_wconf 86' lang='lat' dir='ltr'>ait</span> <span class='ocrx_word' id='word_1_223' title='bbox 3032 1752 3248 1808; x_wconf 90' lang='lat' dir='ltr'>Paulus</span> <span class='ocrx_word' id='word_1_224' title='bbox 3297 1752 3470 1824; x_wconf 84' lang='lat' dir='ltr'>(Rom.</span> <span class='ocrx_word' id='word_1_225' title='bbox 3504 1751 3603 1820; x_wconf 77' lang='lat' dir='ltr'>v1),</span> <span class='ocrx_word' id='word_1_226' title='bbox 3632 1750 3810 1822; x_wconf 90' lang='lat' dir='ltr'>quasi</span> 
     </span>
    </p>
   </div>
   <div class='ocr_carea' id='block_1_34' title="bbox 380 1828 2039 1899">
    <p class='ocr_par' dir='ltr' id='par_1_34' title="bbox 380 1828 2039 1899">
     <span class='ocr_line' id='line_1_34' title="bbox 380 1828 2039 1899; baseline -0.002 -12"><span class='ocrx_word' id='word_1_227' title='bbox 380 1832 635 1887; x_wconf 79' lang='lat' dir='ltr'>existens</span> <span class='ocrx_word' id='word_1_228' title='bbox 656 1832 840 1885; x_wconf 87' lang='lat' dir='ltr'>forma</span> <span class='ocrx_word' id='word_1_229' title='bbox 860 1829 1118 1894; x_wconf 90' lang='lat' dir='ltr'>virtutis,</span> <span class='ocrx_word' id='word_1_230' title='bbox 1145 1835 1202 1885; x_wconf 91' lang='lat' dir='ltr'>et</span> <span class='ocrx_word' id='word_1_231' title='bbox 1226 1830 1557 1885; x_wconf 84' lang='lat' dir='ltr'>sanctitatis</span> <span class='ocrx_word' id='word_1_232' title='bbox 1574 1828 2039 1899; x_wconf 83' lang='lat' dir='ltr'>exemplum.Die</span> 
     </span>
    </p>
   </div>
   <div class='ocr_carea' id='block_1_35' title="bbox 379 1918 2041 1990">
    <p class='ocr_par' dir='ltr' id='par_1_35' title="bbox 379 1918 2041 1990">
     <span class='ocr_line' id='line_1_35' title="bbox 379 1918 2041 1990; baseline -0.001 -16"><span class='ocrx_word' id='word_1_233' title='bbox 379 1936 514 1976; x_wconf 92' lang='lat' dir='ltr'>vero</span> <span class='ocrx_word' id='word_1_234' title='bbox 546 1920 801 1990; x_wconf 87' lang='lat' dir='ltr'>quadam</span> <span class='ocrx_word' id='word_1_235' title='bbox 838 1920 1075 1974; x_wconf 88' lang='lat' dir='ltr'>sedente</span> <span class='ocrx_word' id='word_1_236' title='bbox 1098 1918 1196 1975; x_wconf 91' lang='lat' dir='ltr'>illo</span> <span class='ocrx_word' id='word_1_237' title='bbox 1218 1919 1274 1973; x_wconf 90' lang='lat' dir='ltr'>in</span> <span class='ocrx_word' id='word_1_238' title='bbox 1302 1935 1409 1974; x_wconf 90' lang='lat' dir='ltr'>sua</span> <span class='ocrx_word' id='word_1_239' title='bbox 1440 1918 1673 1986; x_wconf 90' lang='lat' dir='ltr'>cellula,</span> <span class='ocrx_word' id='word_1_240' title='bbox 1700 1919 1920 1973; x_wconf 89' lang='lat' dir='ltr'>missus</span> <span class='ocrx_word' id='word_1_241' title='bbox 1951 1921 2041 1973; x_wconf 89' lang='lat' dir='ltr'>est</span> 
     </span>
    </p>
   </div>
   <div class='ocr_carea' id='block_1_36' title="bbox 384 2006 2041 2080">
    <p class='ocr_par' dir='ltr' id='par_1_36' title="bbox 384 2006 2041 2080">
     <span class='ocr_line' id='line_1_36' title="bbox 384 2006 2041 2080; baseline -0.002 -17"><span class='ocrx_word' id='word_1_242' title='bbox 384 2010 455 2064; x_wconf 91' lang='lat' dir='ltr'>ad</span> <span class='ocrx_word' id='word_1_243' title='bbox 490 2024 623 2063; x_wconf 87' lang='lat' dir='ltr'>eum</span> <span class='ocrx_word' id='word_1_244' title='bbox 658 2007 901 2080; x_wconf 87' lang='lat' dir='ltr'>angelus</span> <span class='ocrx_word' id='word_1_245' title='bbox 934 2008 1057 2074; x_wconf 87' lang='lat' dir='ltr'>Dei,</span> <span class='ocrx_word' id='word_1_246' title='bbox 1080 2007 1281 2063; x_wconf 91' lang='lat' dir='ltr'>dicens</span> <span class='ocrx_word' id='word_1_247' title='bbox 1306 2024 1318 2063; x_wconf 90' lang='lat'>:</span> <span class='ocrx_word' id='word_1_248' title='bbox 1347 2008 1549 2075; x_wconf 87' lang='lat' dir='ltr'>David,</span> <span class='ocrx_word' id='word_1_249' title='bbox 1574 2006 1777 2073; x_wconf 88' lang='lat' dir='ltr'>David,</span> <span class='ocrx_word' id='word_1_250' title='bbox 1814 2007 2041 2063; x_wconf 89' lang='lat' dir='ltr'>remisit</span> 
     </span>
    </p>
   </div>
   <div class='ocr_carea' id='block_1_37' title="bbox 389 2097 2037 2169">
    <p class='ocr_par' dir='ltr' id='par_1_37' title="bbox 389 2097 2037 2169">
     <span class='ocr_line' id='line_1_37' title="bbox 389 2097 2037 2169; baseline -0.002 -16"><span class='ocrx_word' id='word_1_251' title='bbox 389 2098 493 2153; x_wconf 89' lang='lat' dir='ltr'>tibi</span> <span class='ocrx_word' id='word_1_252' title='bbox 531 2103 681 2152; x_wconf 86' lang='lat' dir='ltr'>Deus</span> <span class='ocrx_word' id='word_1_253' title='bbox 713 2101 949 2169; x_wconf 89' lang='lat' dir='ltr'>peccata</span> <span class='ocrx_word' id='word_1_254' title='bbox 979 2102 1099 2165; x_wconf 89' lang='lat' dir='ltr'>tua,</span> <span class='ocrx_word' id='word_1_255' title='bbox 1124 2102 1184 2153; x_wconf 88' lang='lat' dir='ltr'>et</span> <span class='ocrx_word' id='word_1_256' title='bbox 1203 2098 1319 2152; x_wconf 92' lang='lat' dir='ltr'>eris</span> <span class='ocrx_word' id='word_1_257' title='bbox 1341 2115 1408 2153; x_wconf 88' lang='lat' dir='ltr'>ex</span> <span class='ocrx_word' id='word_1_258' title='bbox 1433 2114 1588 2152; x_wconf 90' lang='lat' dir='ltr'>nunc</span> <span class='ocrx_word' id='word_1_259' title='bbox 1610 2097 1776 2166; x_wconf 78' lang='lat' dir='ltr'>signa</span> <span class='ocrx_word' id='word_1_260' title='bbox 1798 2097 2037 2152; x_wconf 84' lang='lat' dir='ltr'>faciens.</span> 
     </span>
    </p>
   </div>
   <div class='ocr_carea' id='block_1_38' title="bbox 388 2185 2037 2257">
    <p class='ocr_par' dir='ltr' id='par_1_38' title="bbox 388 2185 2037 2257">
     <span class='ocr_line' id='line_1_38' title="bbox 388 2185 2037 2257; baseline -0.001 -17"><span class='ocrx_word' id='word_1_261' title='bbox 388 2186 497 2252; x_wconf 85' lang='lat' dir='ltr'>Qui</span> <span class='ocrx_word' id='word_1_262' title='bbox 549 2186 910 2257; x_wconf 90' lang='lat' dir='ltr'>respondens</span> <span class='ocrx_word' id='word_1_263' title='bbox 958 2186 1145 2241; x_wconf 80' lang='lat' dir='ltr'>dixit:</span> <span class='ocrx_word' id='word_1_264' title='bbox 1183 2185 1429 2241; x_wconf 68' lang='lat' dir='ltr'>Credere</span> <span class='ocrx_word' id='word_1_265' title='bbox 1463 2203 1575 2241; x_wconf 90' lang='lat' dir='ltr'>non</span> <span class='ocrx_word' id='word_1_266' title='bbox 1610 2202 1852 2257; x_wconf 88' lang='lat' dir='ltr'>possum</span> <span class='ocrx_word' id='word_1_267' title='bbox 1885 2185 2037 2257; x_wconf 91' lang='lat' dir='ltr'>quod</span> 
     </span>
    </p>
   </div>
   <div class='ocr_carea' id='block_1_39' title="bbox 388 2273 2042 2345">
    <p class='ocr_par' dir='ltr' id='par_1_39' title="bbox 388 2273 2042 2345">
     <span class='ocr_line' id='line_1_39' title="bbox 388 2273 2042 2345; baseline -0.004 -13"><span class='ocrx_word' id='word_1_268' title='bbox 388 2275 583 2332; x_wconf 90' lang='lat' dir='ltr'>omnia</span> <span class='ocrx_word' id='word_1_269' title='bbox 615 2279 855 2345; x_wconf 88' lang='lat' dir='ltr'>peccata</span> <span class='ocrx_word' id='word_1_270' title='bbox 887 2290 1017 2329; x_wconf 87' lang='lat' dir='ltr'>mea</span> <span class='ocrx_word' id='word_1_271' title='bbox 1044 2273 1143 2328; x_wconf 90' lang='lat' dir='ltr'>illa</span> <span class='ocrx_word' id='word_1_272' title='bbox 1174 2274 1340 2345; x_wconf 89' lang='lat' dir='ltr'>plura</span> <span class='ocrx_word' id='word_1_273' title='bbox 1361 2290 1533 2345; x_wconf 90' lang='lat' dir='ltr'>quam</span> <span class='ocrx_word' id='word_1_274' title='bbox 1561 2290 1738 2328; x_wconf 85' lang='lat' dir='ltr'>arena</span> <span class='ocrx_word' id='word_1_275' title='bbox 1760 2274 1941 2328; x_wconf 89' lang='lat' dir='ltr'>maris</span> <span class='ocrx_word' id='word_1_276' title='bbox 1965 2282 2042 2328; x_wconf 81' lang='lat' dir='ltr'>at-</span> 
     </span>
    </p>
   </div>
   <div class='ocr_carea' id='block_1_40' title="bbox 390 2361 2040 2435">
    <p class='ocr_par' dir='ltr' id='par_1_40' title="bbox 390 2361 2040 2435">
     <span class='ocr_line' id='line_1_40' title="bbox 390 2361 2040 2435; baseline -0.001 -18"><span class='ocrx_word' id='word_1_277' title='bbox 390 2380 503 2435; x_wconf 89' lang='lat' dir='ltr'>que</span> <span class='ocrx_word' id='word_1_278' title='bbox 518 2362 931 2434; x_wconf 89' lang='lat' dir='ltr'>graviora,tam</span> <span class='ocrx_word' id='word_1_279' title='bbox 950 2362 1101 2417; x_wconf 86' lang='lat' dir='ltr'>brevi</span> <span class='ocrx_word' id='word_1_280' title='bbox 1120 2367 1380 2433; x_wconf 89' lang='lat' dir='ltr'>tempore</span> <span class='ocrx_word' id='word_1_281' title='bbox 1398 2362 1539 2415; x_wconf 90' lang='lat' dir='ltr'>mihi</span> <span class='ocrx_word' id='word_1_282' title='bbox 1557 2361 1846 2417; x_wconf 77' lang='lat' dir='ltr'>remiserit</span> <span class='ocrx_word' id='word_1_283' title='bbox 1868 2362 2040 2417; x_wconf 89' lang='lat' dir='ltr'>Deus.</span> 
     </span>
    </p>
   </div>
   <div class='ocr_carea' id='block_1_41' title="bbox 389 2449 2043 2522">
    <p class='ocr_par' dir='ltr' id='par_1_41' title="bbox 389 2449 2043 2522">
     <span class='ocr_line' id='line_1_41' title="bbox 389 2449 2043 2522; baseline -0.002 -14"><span class='ocrx_word' id='word_1_284' title='bbox 389 2451 494 2509; x_wconf 90' lang='lat' dir='ltr'>Cui</span> <span class='ocrx_word' id='word_1_285' title='bbox 529 2449 773 2522; x_wconf 86' lang='lat' dir='ltr'>angelus</span> <span class='ocrx_word' id='word_1_286' title='bbox 806 2450 885 2503; x_wconf 89' lang='lat' dir='ltr'>ait</span> <span class='ocrx_word' id='word_1_287' title='bbox 909 2467 921 2503; x_wconf 92' lang='lat'>:</span> <span class='ocrx_word' id='word_1_288' title='bbox 947 2450 1008 2505; x_wconf 92' lang='lat' dir='ltr'>Si</span> <span class='ocrx_word' id='word_1_289' title='bbox 1031 2450 1315 2505; x_wconf 87' lang='lat' dir='ltr'>sacerdoti</span> <span class='ocrx_word' id='word_1_290' title='bbox 1338 2450 1627 2505; x_wconf 64' lang='lat' dir='ltr'>Zachariae</span> <span class='ocrx_word' id='word_1_291' title='bbox 1649 2451 1761 2521; x_wconf 87' lang='grc'>(31)</span> <span class='ocrx_word' id='word_1_292' title='bbox 1784 2467 1899 2505; x_wconf 91' lang='lat' dir='ltr'>non</span> <span class='ocrx_word' id='word_1_293' title='bbox 1922 2466 2043 2505; x_wconf 89' lang='lat' dir='ltr'>cre-</span> 
     </span>
    </p>
   </div>
   <div class='ocr_carea' id='block_1_42' title="bbox 391 2538 2043 2611">
    <p class='ocr_par' dir='ltr' id='par_1_42' title="bbox 391 2538 2043 2611">
     <span class='ocr_line' id='line_1_42' title="bbox 391 2538 2043 2611; baseline -0.002 -14"><span class='ocrx_word' id='word_1_294' title='bbox 391 2539 553 2597; x_wconf 88' lang='lat' dir='ltr'>denti</span> <span class='ocrx_word' id='word_1_295' title='bbox 585 2538 906 2606; x_wconf 91' lang='lat' dir='ltr'>mihi,cum</span> <span class='ocrx_word' id='word_1_296' title='bbox 942 2538 1025 2593; x_wconf 91' lang='lat' dir='ltr'>illi</span> <span class='ocrx_word' id='word_1_297' title='bbox 1059 2539 1245 2593; x_wconf 81' lang='lat' dir='ltr'>ﬁlium</span> <span class='ocrx_word' id='word_1_298' title='bbox 1278 2538 1606 2610; x_wconf 90' lang='lat' dir='ltr'>pollicerer,</span> <span class='ocrx_word' id='word_1_299' title='bbox 1642 2557 1758 2595; x_wconf 92' lang='lat' dir='ltr'>non</span> <span class='ocrx_word' id='word_1_300' title='bbox 1794 2540 2043 2611; x_wconf 89' lang='lat' dir='ltr'>peperci,</span> 
     </span>
    </p>
   </div>
   <div class='ocr_carea' id='block_1_43' title="bbox 395 2628 2047 2700">
    <p class='ocr_par' dir='ltr' id='par_1_43' title="bbox 395 2628 2047 2700">
     <span class='ocr_line' id='line_1_43' title="bbox 395 2628 2047 2700; baseline -0.001 -15"><span class='ocrx_word' id='word_1_301' title='bbox 395 2631 493 2685; x_wconf 87' lang='lat' dir='ltr'>sed</span> <span class='ocrx_word' id='word_1_302' title='bbox 521 2631 649 2700; x_wconf 88' lang='lat' dir='ltr'>ejus</span> <span class='ocrx_word' id='word_1_303' title='bbox 675 2629 827 2683; x_wconf 87' lang='lat' dir='ltr'>vinxi</span> <span class='ocrx_word' id='word_1_304' title='bbox 852 2628 1545 2700; x_wconf 85' lang='lat' dir='ltr'>linguam,docensillum</span> <span class='ocrx_word' id='word_1_305' title='bbox 1564 2645 1677 2683; x_wconf 90' lang='lat' dir='ltr'>non</span> <span class='ocrx_word' id='word_1_306' title='bbox 1696 2629 1905 2683; x_wconf 83' lang='lat' dir='ltr'>debere</span> <span class='ocrx_word' id='word_1_307' title='bbox 1918 2645 2047 2684; x_wconf 89' lang='lat' dir='ltr'>esse</span> 
     </span>
    </p>
   </div>
   <div class='ocr_carea' id='block_1_44' title="bbox 396 2717 2045 2789">
    <p class='ocr_par' dir='ltr' id='par_1_44' title="bbox 396 2717 2045 2789">
     <span class='ocr_line' id='line_1_44' title="bbox 396 2717 2045 2789; baseline -0.002 -13"><span class='ocrx_word' id='word_1_308' title='bbox 396 2720 547 2776; x_wconf 74' lang='lat'>905</span> <span class='ocrx_word' id='word_1_309' title='bbox 584 2717 956 2773; x_wconf 89' lang='lat' dir='ltr'>incredulum</span> <span class='ocrx_word' id='word_1_310' title='bbox 986 2717 1079 2773; x_wconf 90' lang='lat' dir='ltr'>his</span> <span class='ocrx_word' id='word_1_311' title='bbox 1102 2734 1229 2789; x_wconf 65' lang='lat' dir='ltr'>qua:</span> <span class='ocrx_word' id='word_1_312' title='bbox 1254 2735 1283 2772; x_wconf 91' lang='lat' dir='ltr'>a</span> <span class='ocrx_word' id='word_1_313' title='bbox 1308 2735 1399 2773; x_wconf 88' lang='lat' dir='ltr'>me</span> <span class='ocrx_word' id='word_1_314' title='bbox 1431 2718 1917 2787; x_wconf 88' lang='lat' dir='ltr'>dicebantur,nec</span> <span class='ocrx_word' id='word_1_315' title='bbox 1942 2717 2045 2772; x_wconf 90' lang='lat' dir='ltr'>tibi</span> 
     </span>
    </p>
   </div>
   <div class='ocr_carea' id='block_1_45' title="bbox 396 2806 2049 2880">
    <p class='ocr_par' dir='ltr' id='par_1_45' title="bbox 396 2806 2049 2880">
     <span class='ocr_line' id='line_1_45' title="bbox 396 2806 2049 2880; baseline -0.001 -18"><span class='ocrx_word' id='word_1_316' title='bbox 396 2808 631 2879; x_wconf 87' lang='lat' dir='ltr'>quidem</span> <span class='ocrx_word' id='word_1_317' title='bbox 658 2807 992 2880; x_wconf 88' lang='lat' dir='ltr'>parciturus</span> <span class='ocrx_word' id='word_1_318' title='bbox 1015 2825 1145 2862; x_wconf 91' lang='lat' dir='ltr'>sum</span> <span class='ocrx_word' id='word_1_319' title='bbox 1176 2825 1188 2863; x_wconf 93' lang='lat'>:</span> <span class='ocrx_word' id='word_1_320' title='bbox 1215 2806 1427 2862; x_wconf 90' lang='lat' dir='ltr'>idcirco</span> <span class='ocrx_word' id='word_1_321' title='bbox 1446 2808 1561 2862; x_wconf 87' lang='lat' dir='ltr'>eris</span> <span class='ocrx_word' id='word_1_322' title='bbox 1594 2808 1802 2862; x_wconf 93' lang='lat' dir='ltr'>amodo</span> <span class='ocrx_word' id='word_1_323' title='bbox 1827 2824 1937 2862; x_wconf 90' lang='lat' dir='ltr'>non</span> <span class='ocrx_word' id='word_1_324' title='bbox 1964 2807 2049 2861; x_wconf 86' lang='lat' dir='ltr'>lo-</span> 
     </span>
    </p>
   </div>
   <div class='ocr_carea' id='block_1_46' title="bbox 395 2896 2048 2971">
    <p class='ocr_par' dir='ltr' id='par_1_46' title="bbox 395 2896 2048 2971">
     <span class='ocr_line' id='line_1_46' title="bbox 395 2896 2048 2971; baseline -0.002 -18"><span class='ocrx_word' id='word_1_325' title='bbox 395 2914 602 2971; x_wconf 90' lang='lat' dir='ltr'>quens.</span> <span class='ocrx_word' id='word_1_326' title='bbox 631 2897 807 2952; x_wconf 90' lang='lat' dir='ltr'>David</span> <span class='ocrx_word' id='word_1_327' title='bbox 827 2906 1017 2951; x_wconf 86' lang='lat' dir='ltr'>autem</span> <span class='ocrx_word' id='word_1_328' title='bbox 1037 2901 1364 2968; x_wconf 80' lang='lat' dir='ltr'>prostratus</span> <span class='ocrx_word' id='word_1_329' title='bbox 1380 2896 1546 2951; x_wconf 90' lang='lat' dir='ltr'>humi</span> <span class='ocrx_word' id='word_1_330' title='bbox 1562 2898 1669 2951; x_wconf 88' lang='lat' dir='ltr'>ait:</span> <span class='ocrx_word' id='word_1_331' title='bbox 1687 2897 1831 2951; x_wconf 90' lang='lat' dir='ltr'>Cum</span> <span class='ocrx_word' id='word_1_332' title='bbox 1856 2913 2048 2951; x_wconf 89' lang='lat' dir='ltr'>essem</span> 
     </span>
    </p>
   </div>
   <div class='ocr_carea' id='block_1_47' title="bbox 390 2984 2051 3054">
    <p class='ocr_par' dir='ltr' id='par_1_47' title="bbox 390 2984 2051 3054">
     <span class='ocr_line' id='line_1_47' title="bbox 390 2984 2051 3054; baseline -0.002 -12"><span class='ocrx_word' id='word_1_333' title='bbox 390 2988 450 3042; x_wconf 92' lang='lat' dir='ltr'>in</span> <span class='ocrx_word' id='word_1_334' title='bbox 476 2986 708 3054; x_wconf 69' lang='lat' dir='ltr'>saeculo,</span> <span class='ocrx_word' id='word_1_335' title='bbox 734 2984 954 3042; x_wconf 89' lang='lat' dir='ltr'>nefaria</span> <span class='ocrx_word' id='word_1_336' title='bbox 986 2984 1198 3041; x_wconf 78' lang='lat' dir='ltr'>scelera</span> <span class='ocrx_word' id='word_1_337' title='bbox 1221 2986 1459 3049; x_wconf 84' lang='lat' dir='ltr'>faciens,</span> <span class='ocrx_word' id='word_1_338' title='bbox 1482 2992 1538 3040; x_wconf 92' lang='lat' dir='ltr'>et</span> <span class='ocrx_word' id='word_1_339' title='bbox 1561 2984 1889 3040; x_wconf 90' lang='lat' dir='ltr'>humanum</span> <span class='ocrx_word' id='word_1_340' title='bbox 1916 3002 2051 3040; x_wconf 88' lang='lat' dir='ltr'>san-</span> 
     </span>
    </p>
   </div>
   <div class='ocr_carea' id='block_1_48' title="bbox 389 3074 2047 3148">
    <p class='ocr_par' dir='ltr' id='par_1_48' title="bbox 389 3074 2047 3148">
     <span class='ocr_line' id='line_1_48' title="bbox 389 3074 2047 3148; baseline -0.001 -18"><span class='ocrx_word' id='word_1_341' title='bbox 389 3076 627 3148; x_wconf 90' lang='lat' dir='ltr'>guinem</span> <span class='ocrx_word' id='word_1_342' title='bbox 680 3074 957 3141; x_wconf 89' lang='lat' dir='ltr'>fundens,</span> <span class='ocrx_word' id='word_1_343' title='bbox 988 3074 1307 3141; x_wconf 87' lang='lat' dir='ltr'>loquebar;</span> <span class='ocrx_word' id='word_1_344' title='bbox 1360 3075 1530 3128; x_wconf 91' lang='lat' dir='ltr'>modo</span> <span class='ocrx_word' id='word_1_345' title='bbox 1562 3075 1798 3146; x_wconf 88' lang='lat' dir='ltr'>quando</span> <span class='ocrx_word' id='word_1_346' title='bbox 1832 3075 2047 3129; x_wconf 88' lang='lat' dir='ltr'>servire</span> 
     </span>
    </p>
   </div>
   <div class='ocr_carea' id='block_1_49' title="bbox 390 3162 2042 3235">
    <p class='ocr_par' dir='ltr' id='par_1_49' title="bbox 390 3162 2042 3235">
     <span class='ocr_line' id='line_1_49' title="bbox 390 3162 2042 3235; baseline -0.003 -13"><span class='ocrx_word' id='word_1_347' title='bbox 390 3165 508 3222; x_wconf 91' lang='lat' dir='ltr'>Deo</span> <span class='ocrx_word' id='word_1_348' title='bbox 522 3163 671 3233; x_wconf 91' lang='lat' dir='ltr'>volo,</span> <span class='ocrx_word' id='word_1_349' title='bbox 696 3163 1020 3234; x_wconf 88' lang='lat' dir='ltr'>laudesque</span> <span class='ocrx_word' id='word_1_350' title='bbox 1043 3162 1125 3216; x_wconf 89' lang='lat' dir='ltr'>illi</span> <span class='ocrx_word' id='word_1_351' title='bbox 1152 3163 1803 3235; x_wconf 82' lang='lat' dir='ltr'>oti‘erre,tunclinguam</span> <span class='ocrx_word' id='word_1_352' title='bbox 1831 3179 2042 3231; x_wconf 89' lang='lat' dir='ltr'>meam,</span> 
     </span>
    </p>
   </div>
   <div class='ocr_carea' id='block_1_50' title="bbox 394 3251 2047 3324">
    <p class='ocr_par' dir='ltr' id='par_1_50' title="bbox 394 3251 2047 3324">
     <span class='ocr_line' id='line_1_50' title="bbox 394 3251 2047 3324; baseline -0.002 -14"><span class='ocrx_word' id='word_1_353' title='bbox 394 3270 467 3310; x_wconf 89' lang='lat' dir='ltr'>ne</span> <span class='ocrx_word' id='word_1_354' title='bbox 488 3252 720 3323; x_wconf 87' lang='lat' dir='ltr'>loquar,</span> <span class='ocrx_word' id='word_1_355' title='bbox 750 3251 944 3324; x_wconf 75' lang='lat' dir='ltr'>ligas?</span> <span class='ocrx_word' id='word_1_356' title='bbox 975 3252 1300 3323; x_wconf 81' lang='lat' dir='ltr'>Respondit</span> <span class='ocrx_word' id='word_1_357' title='bbox 1332 3251 1413 3306; x_wconf 89' lang='lat' dir='ltr'>illi</span> <span class='ocrx_word' id='word_1_358' title='bbox 1448 3253 1694 3324; x_wconf 89' lang='lat' dir='ltr'>angelus</span> <span class='ocrx_word' id='word_1_359' title='bbox 1730 3270 1742 3306; x_wconf 92' lang='lat'>:</span> <span class='ocrx_word' id='word_1_360' title='bbox 1775 3253 1919 3308; x_wconf 88' lang='lat' dir='ltr'>Cum</span> <span class='ocrx_word' id='word_1_361' title='bbox 1944 3253 2047 3306; x_wconf 86' lang='lat' dir='ltr'>im-</span> 
     </span>
    </p>
   </div>
   <div class='ocr_carea' id='block_1_51' title="bbox 397 3340 2048 3415">
    <p class='ocr_par' dir='ltr' id='par_1_51' title="bbox 397 3340 2048 3415">
     <span class='ocr_line' id='line_1_51' title="bbox 397 3340 2048 3415; baseline -0.001 -19"><span class='ocrx_word' id='word_1_362' title='bbox 397 3343 587 3415; x_wconf 89' lang='lat' dir='ltr'>plebis</span> <span class='ocrx_word' id='word_1_363' title='bbox 619 3340 960 3413; x_wconf 68' lang='lat' dir='ltr'>psalmodiis</span> <span class='ocrx_word' id='word_1_364' title='bbox 990 3357 1297 3407; x_wconf 89' lang='lat' dir='ltr'>canonem,</span> <span class='ocrx_word' id='word_1_365' title='bbox 1329 3340 1610 3412; x_wconf 88' lang='lat' dir='ltr'>loqueris,</span> <span class='ocrx_word' id='word_1_366' title='bbox 1639 3346 1843 3412; x_wconf 76' lang='lat' dir='ltr'>praeter</span> <span class='ocrx_word' id='word_1_367' title='bbox 1875 3357 2048 3396; x_wconf 84' lang='lat' dir='ltr'>cano-</span> 
     </span>
    </p>
   </div>
   <div class='ocr_carea' id='block_1_52' title="bbox 396 3429 2049 3501">
    <p class='ocr_par' dir='ltr' id='par_1_52' title="bbox 396 3429 2049 3501">
     <span class='ocr_line' id='line_1_52' title="bbox 396 3429 2049 3501; baseline -0.002 -14"><span class='ocrx_word' id='word_1_368' title='bbox 396 3447 529 3487; x_wconf 90' lang='lat' dir='ltr'>nem</span> <span class='ocrx_word' id='word_1_369' title='bbox 554 3446 685 3485; x_wconf 90' lang='lat' dir='ltr'>vero</span> <span class='ocrx_word' id='word_1_370' title='bbox 708 3429 942 3501; x_wconf 87' lang='lat' dir='ltr'>penitus</span> <span class='ocrx_word' id='word_1_371' title='bbox 976 3430 1213 3484; x_wconf 87' lang='lat' dir='ltr'>tacebis.</span> <span class='ocrx_word' id='word_1_372' title='bbox 1241 3430 1401 3495; x_wconf 87' lang='lat' dir='ltr'>Quod</span> <span class='ocrx_word' id='word_1_373' title='bbox 1435 3435 1493 3483; x_wconf 90' lang='lat' dir='ltr'>et</span> <span class='ocrx_word' id='word_1_374' title='bbox 1523 3430 1739 3484; x_wconf 90' lang='lat' dir='ltr'>factum</span> <span class='ocrx_word' id='word_1_375' title='bbox 1774 3434 1880 3495; x_wconf 92' lang='lat' dir='ltr'>est,</span> <span class='ocrx_word' id='word_1_376' title='bbox 1918 3430 2049 3499; x_wconf 91' lang='lat' dir='ltr'>plu-</span> 
     </span>
    </p>
   </div>
   <div class='ocr_carea' id='block_1_53' title="bbox 395 3517 2052 3589">
    <p class='ocr_par' dir='ltr' id='par_1_53' title="bbox 395 3517 2052 3589">
     <span class='ocr_line' id='line_1_53' title="bbox 395 3517 2052 3589; baseline -0.001 -15"><span class='ocrx_word' id='word_1_377' title='bbox 395 3520 660 3589; x_wconf 86' lang='lat' dir='ltr'>rimaque</span> <span class='ocrx_word' id='word_1_378' title='bbox 690 3534 790 3588; x_wconf 90' lang='lat' dir='ltr'>per</span> <span class='ocrx_word' id='word_1_379' title='bbox 815 3518 983 3571; x_wconf 88' lang='lat' dir='ltr'>illum</span> <span class='ocrx_word' id='word_1_380' title='bbox 1006 3523 1161 3573; x_wconf 91' lang='lat' dir='ltr'>Deus</span> <span class='ocrx_word' id='word_1_381' title='bbox 1176 3517 1461 3571; x_wconf 90' lang='lat' dir='ltr'>miracula</span> <span class='ocrx_word' id='word_1_382' title='bbox 1475 3518 2052 3573; x_wconf 89' lang='lat' dir='ltr'>ostendit.Psallebat</span> 
     </span>
    </p>
   </div>
   <div class='ocr_carea' id='block_1_54' title="bbox 396 3605 2049 3679">
    <p class='ocr_par' dir='ltr' id='par_1_54' title="bbox 396 3605 2049 3679">
     <span class='ocr_line' id='line_1_54' title="bbox 396 3605 2049 3679; baseline 0 -18"><span class='ocrx_word' id='word_1_383' title='bbox 396 3608 575 3679; x_wconf 85' lang='lat' dir='ltr'>igitur</span> <span class='ocrx_word' id='word_1_384' title='bbox 598 3606 876 3675; x_wconf 86' lang='lat' dir='ltr'>psalmos,</span> <span class='ocrx_word' id='word_1_385' title='bbox 902 3605 1129 3660; x_wconf 89' lang='lat' dir='ltr'>nullum</span> <span class='ocrx_word' id='word_1_386' title='bbox 1164 3622 1296 3660; x_wconf 83' lang='lat' dir='ltr'>vero</span> <span class='ocrx_word' id='word_1_387' title='bbox 1326 3606 1565 3660; x_wconf 89' lang='lat' dir='ltr'>verbum</span> <span class='ocrx_word' id='word_1_388' title='bbox 1599 3605 1778 3660; x_wconf 88' lang='lat' dir='ltr'>alium</span> <span class='ocrx_word' id='word_1_389' title='bbox 1809 3606 2049 3661; x_wconf 91' lang='lat' dir='ltr'>omnino</span> 
     </span>
    </p>
   </div>
   <div class='ocr_carea' id='block_1_55' title="bbox 396 3694 2046 3767">
    <p class='ocr_par' dir='ltr' id='par_1_55' title="bbox 396 3694 2046 3767">
     <span class='ocr_line' id='line_1_55' title="bbox 396 3694 2046 3767; baseline 0.001 -17"><span class='ocrx_word' id='word_1_390' title='bbox 396 3696 556 3767; x_wconf 91' lang='lat' dir='ltr'>loqui</span> <span class='ocrx_word' id='word_1_391' title='bbox 582 3699 829 3767; x_wconf 89' lang='lat' dir='ltr'>poterat.</span> <span class='ocrx_word' id='word_1_392' title='bbox 851 3695 957 3757; x_wconf 90' lang='lat' dir='ltr'>Qui</span> <span class='ocrx_word' id='word_1_393' title='bbox 982 3710 1119 3749; x_wconf 91' lang='lat' dir='ltr'>vero</span> <span class='ocrx_word' id='word_1_394' title='bbox 1140 3694 1309 3748; x_wconf 90' lang='lat' dir='ltr'>nobis</span> <span class='ocrx_word' id='word_1_395' title='bbox 1342 3695 1451 3749; x_wconf 88' lang='lat' dir='ltr'>ista</span> <span class='ocrx_word' id='word_1_396' title='bbox 1484 3695 1762 3762; x_wconf 88' lang='lat' dir='ltr'>narravit,</span> <span class='ocrx_word' id='word_1_397' title='bbox 1797 3712 1858 3751; x_wconf 92' lang='lat' dir='ltr'>se</span> <span class='ocrx_word' id='word_1_398' title='bbox 1880 3696 2046 3751; x_wconf 89' lang='lat' dir='ltr'>illum</span> 
     </span>
    </p>
   </div>
   <div class='ocr_carea' id='block_1_56' title="bbox 397 3783 1679 3855">
    <p class='ocr_par' dir='ltr' id='par_1_56' title="bbox 397 3783 1679 3855">
     <span class='ocr_line' id='line_1_56' title="bbox 397 3783 1679 3855; baseline 0.001 -17"><span class='ocrx_word' id='word_1_399' title='bbox 397 3783 616 3839; x_wconf 88' lang='lat' dir='ltr'>vidisse</span> <span class='ocrx_word' id='word_1_400' title='bbox 648 3784 969 3854; x_wconf 81' lang='lat' dir='ltr'>asserebat,</span> <span class='ocrx_word' id='word_1_401' title='bbox 1001 3789 1058 3839; x_wconf 92' lang='lat' dir='ltr'>et</span> <span class='ocrx_word' id='word_1_402' title='bbox 1083 3784 1267 3839; x_wconf 91' lang='lat' dir='ltr'>Deum</span> <span class='ocrx_word' id='word_1_403' title='bbox 1300 3783 1679 3855; x_wconf 88' lang='lat' dir='ltr'>glorificasse.</span> 
     </span>
    </p>
   </div>
   <div class='ocr_carea' id='block_1_57' title="bbox 971 3924 1481 3981">
    <p class='ocr_par' dir='ltr' id='par_1_57' title="bbox 971 3924 1481 3981">
     <span class='ocr_line' id='line_1_57' title="bbox 971 3924 1481 3981; baseline 0.002 -1"><span class='ocrx_word' id='word_1_404' title='bbox 971 3924 1199 3981; x_wconf 89' lang='lat' dir='ltr'>CAPUT</span> <span class='ocrx_word' id='word_1_405' title='bbox 1245 3925 1481 3981; x_wconf 86' lang='lat' dir='ltr'>CXLIV.</span> 
     </span>
    </p>
   </div>
   <div class='ocr_carea' id='block_1_58' title="bbox 434 4033 2013 4104">
    <p class='ocr_par' dir='ltr' id='par_1_58' title="bbox 434 4033 2013 4104">
     <span class='ocr_line' id='line_1_58' title="bbox 434 4033 2013 4104; baseline 0.001 -15"><span class='ocrx_word' id='word_1_406' title='bbox 434 4034 851 4090; x_wconf 82' lang='lat' dir='ltr'>Admonitiones</span> <span class='ocrx_word' id='word_1_407' title='bbox 882 4034 1048 4086; x_wconf 82' lang='lat' dir='ltr'>unius</span> <span class='ocrx_word' id='word_1_408' title='bbox 1078 4048 1147 4087; x_wconf 71' lang='lat' dir='ltr'>ex</span> <span class='ocrx_word' id='word_1_409' title='bbox 1176 4033 1397 4087; x_wconf 80' lang='lat' dir='ltr'>senibus</span> <span class='ocrx_word' id='word_1_410' title='bbox 1426 4036 1523 4104; x_wconf 88' lang='lat' dir='ltr'>qui</span> <span class='ocrx_word' id='word_1_411' title='bbox 1551 4038 1708 4088; x_wconf 80' lang='lat' dir='ltr'>erant</span> <span class='ocrx_word' id='word_1_412' title='bbox 1740 4036 1799 4089; x_wconf 82' lang='lat' dir='ltr'>in</span> <span class='ocrx_word' id='word_1_413' title='bbox 1831 4035 2013 4091; x_wconf 70' lang='lat' dir='ltr'>Celtis.</span> 
     </span>
    </p>
   </div>
   <div class='ocr_carea' id='block_1_59' title="bbox 472 4173 2054 4247">
    <p class='ocr_par' dir='ltr' id='par_1_59' title="bbox 472 4173 2054 4247">
     <span class='ocr_line' id='line_1_59' title="bbox 472 4173 2054 4247; baseline 0 -16"><span class='ocrx_word' id='word_1_414' title='bbox 472 4175 710 4232; x_wconf 89' lang='lat' dir='ltr'>Dicebat</span> <span class='ocrx_word' id='word_1_415' title='bbox 723 4175 963 4245; x_wconf 89' lang='lat' dir='ltr'>quidam</span> <span class='ocrx_word' id='word_1_416' title='bbox 978 4190 1007 4228; x_wconf 90' lang='lat' dir='ltr'>e</span> <span class='ocrx_word' id='word_1_417' title='bbox 1021 4173 1261 4229; x_wconf 91' lang='lat' dir='ltr'>senibus</span> <span class='ocrx_word' id='word_1_418' title='bbox 1278 4174 1557 4231; x_wconf 82' lang='lat' dir='ltr'>fratribus</span> <span class='ocrx_word' id='word_1_419' title='bbox 1572 4175 1918 4247; x_wconf 88' lang='lat' dir='ltr'>quierantin</span> <span class='ocrx_word' id='word_1_420' title='bbox 1934 4176 2054 4233; x_wconf 90' lang='lat' dir='ltr'>Cel&#39;</span> 
     </span>
    </p>
   </div>
   <div class='ocr_carea' id='block_1_60' title="bbox 401 4264 2052 4337">
    <p class='ocr_par' dir='ltr' id='par_1_60' title="bbox 401 4264 2052 4337">
     <span class='ocr_line' id='line_1_60' title="bbox 401 4264 2052 4337; baseline -0.001 -16"><span class='ocrx_word' id='word_1_421' title='bbox 401 4265 475 4322; x_wconf 89' lang='lat' dir='ltr'>lis</span> <span class='ocrx_word' id='word_1_422' title='bbox 502 4265 661 4321; x_wconf 90' lang='lat' dir='ltr'>:Non</span> <span class='ocrx_word' id='word_1_423' title='bbox 694 4267 1043 4335; x_wconf 91' lang='lat' dir='ltr'>appetamus</span> <span class='ocrx_word' id='word_1_424' title='bbox 1076 4264 1359 4336; x_wconf 64' lang='lat' dir='ltr'>Egyptiis</span> <span class='ocrx_word' id='word_1_425' title='bbox 1382 4264 1599 4320; x_wconf 89' lang='lat' dir='ltr'>servire</span> <span class='ocrx_word' id='word_1_426' title='bbox 1629 4264 2052 4337; x_wconf 89' lang='lat' dir='ltr'>voluptatibus,</span> 
     </span>
    </p>
   </div>
   <div class='ocr_carea' id='block_1_61' title="bbox 399 4353 2050 4427">
    <p class='ocr_par' dir='ltr' id='par_1_61' title="bbox 399 4353 2050 4427">
     <span class='ocr_line' id='line_1_61' title="bbox 399 4353 2050 4427; baseline -0.001 -18"><span class='ocrx_word' id='word_1_427' title='bbox 399 4370 530 4427; x_wconf 69' lang='lat' dir='ltr'>quae</span> <span class='ocrx_word' id='word_1_428' title='bbox 562 4353 851 4410; x_wconf 90' lang='lat' dir='ltr'>Pharaoni</span> <span class='ocrx_word' id='word_1_429' title='bbox 885 4354 1213 4425; x_wconf 91' lang='lat' dir='ltr'>pernicioso</span> <span class='ocrx_word' id='word_1_430' title='bbox 1242 4358 1488 4426; x_wconf 80' lang='lat' dir='ltr'>tyranno</span> <span class='ocrx_word' id='word_1_431' title='bbox 1508 4354 1789 4410; x_wconf 88' lang='lat' dir='ltr'>obnoxios</span> <span class='ocrx_word' id='word_1_432' title='bbox 1811 4354 2050 4411; x_wconf 90' lang='lat' dir='ltr'>faciunt.</span> 
     </span>
    </p>
   </div>
   <div class='ocr_carea' id='block_1_62' title="bbox 477 4442 2055 4513">
    <p class='ocr_par' dir='ltr' id='par_1_62' title="bbox 477 4442 2055 4513">
     <span class='ocr_line' id='line_1_62' title="bbox 477 4442 2055 4513; baseline 0.003 -16"><span class='ocrx_word' id='word_1_433' title='bbox 477 4443 628 4497; x_wconf 90' lang='lat' dir='ltr'>Dixit</span> <span class='ocrx_word' id='word_1_434' title='bbox 658 4443 869 4497; x_wconf 89' lang='lat' dir='ltr'>iterum</span> <span class='ocrx_word' id='word_1_435' title='bbox 898 4458 911 4497; x_wconf 90' lang='lat'>:</span> <span class='ocrx_word' id='word_1_436' title='bbox 936 4442 1168 4498; x_wconf 89' lang='lat' dir='ltr'>Utinam</span> <span class='ocrx_word' id='word_1_437' title='bbox 1200 4448 1484 4513; x_wconf 89' lang='lat' dir='ltr'>quantum</span> <span class='ocrx_word' id='word_1_438' title='bbox 1520 4443 1701 4499; x_wconf 88' lang='lat' dir='ltr'>studii</span> <span class='ocrx_word' id='word_1_439' title='bbox 1727 4446 1880 4499; x_wconf 87' lang='lat' dir='ltr'>circa</span> <span class='ocrx_word' id='word_1_440' title='bbox 1898 4444 2055 4502; x_wconf 88' lang='lat' dir='ltr'>mala</span> 
     </span>
    </p>
   </div>
   <div class='ocr_carea' id='block_1_63' title="bbox 400 4530 2047 4603">
    <p class='ocr_par' dir='ltr' id='par_1_63' title="bbox 400 4530 2047 4603">
     <span class='ocr_line' id='line_1_63' title="bbox 400 4530 2047 4603; baseline 0.001 -16"><span class='ocrx_word' id='word_1_441' title='bbox 400 4532 624 4587; x_wconf 87' lang='lat' dir='ltr'>habent</span> <span class='ocrx_word' id='word_1_442' title='bbox 680 4530 973 4597; x_wconf 88' lang='lat' dir='ltr'>homines,</span> <span class='ocrx_word' id='word_1_443' title='bbox 1024 4536 1254 4587; x_wconf 90' lang='lat' dir='ltr'>tantum</span> <span class='ocrx_word' id='word_1_444' title='bbox 1317 4532 1601 4588; x_wconf 86' lang='lat' dir='ltr'>haberent</span> <span class='ocrx_word' id='word_1_445' title='bbox 1657 4534 1811 4588; x_wconf 90' lang='lat' dir='ltr'>circa</span> <span class='ocrx_word' id='word_1_446' title='bbox 1856 4533 2047 4603; x_wconf 91' lang='lat' dir='ltr'>bona;</span> 
     </span>
    </p>
   </div>
   <div class='ocr_carea' id='block_1_64' title="bbox 399 4620 2049 4693">
    <p class='ocr_par' dir='ltr' id='par_1_64' title="bbox 399 4620 2049 4693">
     <span class='ocr_line' id='line_1_64' title="bbox 399 4620 2049 4693; baseline -0.001 -14"><span class='ocrx_word' id='word_1_447' title='bbox 399 4627 458 4679; x_wconf 88' lang='lat' dir='ltr'>et</span> <span class='ocrx_word' id='word_1_448' title='bbox 490 4621 698 4692; x_wconf 86' lang='lat' dir='ltr'>ingens</span> <span class='ocrx_word' id='word_1_449' title='bbox 728 4622 798 4677; x_wconf 90' lang='lat' dir='ltr'>ad</span> <span class='ocrx_word' id='word_1_450' title='bbox 835 4620 1171 4692; x_wconf 89' lang='lat' dir='ltr'>spectacula</span> <span class='ocrx_word' id='word_1_451' title='bbox 1199 4622 1489 4693; x_wconf 88' lang='lat' dir='ltr'>studium,</span> <span class='ocrx_word' id='word_1_452' title='bbox 1524 4627 1582 4677; x_wconf 92' lang='lat' dir='ltr'>et</span> <span class='ocrx_word' id='word_1_453' title='bbox 1612 4623 1681 4679; x_wconf 89' lang='lat' dir='ltr'>ad</span> <span class='ocrx_word' id='word_1_454' title='bbox 1710 4640 1890 4679; x_wconf 90' lang='lat' dir='ltr'>vanas</span> <span class='ocrx_word' id='word_1_455' title='bbox 1920 4627 2049 4678; x_wconf 58' lang='lat' dir='ltr'>tur-</span> 
     </span>
    </p>
   </div>
   <div class='ocr_carea' id='block_1_65' title="bbox 397 4710 2047 4784">
    <p class='ocr_par' dir='ltr' id='par_1_65' title="bbox 397 4710 2047 4784">
     <span class='ocr_line' id='line_1_65' title="bbox 397 4710 2047 4784; baseline 0 -17"><span class='ocrx_word' id='word_1_456' title='bbox 397 4727 619 4784; x_wconf 91' lang='lat' dir='ltr'>pesque</span> <span class='ocrx_word' id='word_1_457' title='bbox 674 4710 1100 4779; x_wconf 89' lang='lat' dir='ltr'>solemnitates,</span> <span class='ocrx_word' id='word_1_458' title='bbox 1136 4727 1238 4766; x_wconf 91' lang='lat' dir='ltr'>nec</span> <span class='ocrx_word' id='word_1_459' title='bbox 1289 4726 1405 4764; x_wconf 92' lang='lat' dir='ltr'>non</span> <span class='ocrx_word' id='word_1_460' title='bbox 1456 4712 1783 4777; x_wconf 85' lang='lat' dir='ltr'>avaritiam,</span> <span class='ocrx_word' id='word_1_461' title='bbox 1816 4716 1873 4767; x_wconf 91' lang='lat' dir='ltr'>et</span> <span class='ocrx_word' id='word_1_462' title='bbox 1920 4713 2047 4767; x_wconf 91' lang='lat' dir='ltr'>ina-</span> 
     </span>
    </p>
   </div>
   <div class='ocr_carea' id='block_1_66' title="bbox 396 4799 2046 4871">
    <p class='ocr_par' dir='ltr' id='par_1_66' title="bbox 396 4799 2046 4871">
     <span class='ocr_line' id='line_1_66' title="bbox 396 4799 2046 4871; baseline 0 -15"><span class='ocrx_word' id='word_1_463' title='bbox 396 4817 525 4856; x_wconf 86' lang='lat' dir='ltr'>nem</span> <span class='ocrx_word' id='word_1_464' title='bbox 581 4799 829 4871; x_wconf 90' lang='lat' dir='ltr'>gloriam</span> <span class='ocrx_word' id='word_1_465' title='bbox 890 4804 1066 4871; x_wconf 78' lang='lat' dir='ltr'>atque</span> <span class='ocrx_word' id='word_1_466' title='bbox 1127 4800 1503 4870; x_wconf 84' lang='lat' dir='ltr'>injustitiam,</span> <span class='ocrx_word' id='word_1_467' title='bbox 1550 4802 1934 4857; x_wconf 86' lang='lat' dir='ltr'>transferrent</span> <span class='ocrx_word' id='word_1_468' title='bbox 1976 4802 2046 4856; x_wconf 90' lang='lat' dir='ltr'>ad</span> 
     </span>
    </p>
   </div>
   <div class='ocr_carea' id='block_1_67' title="bbox 398 4888 2049 4961">
    <p class='ocr_par' dir='ltr' id='par_1_67' title="bbox 398 4888 2049 4961">
     <span class='ocr_line' id='line_1_67' title="bbox 398 4888 2049 4961; baseline 0.001 -16"><span class='ocrx_word' id='word_1_469' title='bbox 398 4890 670 4945; x_wconf 79' lang='lat' dir='ltr'>affectum</span> <span class='ocrx_word' id='word_1_470' title='bbox 701 4888 1288 4960; x_wconf 89' lang='lat' dir='ltr'>pietatis.Nunquam</span> <span class='ocrx_word' id='word_1_471' title='bbox 1321 4889 1577 4960; x_wconf 90' lang='lat' dir='ltr'>profecto</span> <span class='ocrx_word' id='word_1_472' title='bbox 1608 4891 2049 4961; x_wconf 89' lang='lat' dir='ltr'>ignorassemus</span> 
     </span>
    </p>
   </div>
   <div class='ocr_carea' id='block_1_68' title="bbox 403 4977 2048 5051">
    <p class='ocr_par' dir='ltr' id='par_1_68' title="bbox 403 4977 2048 5051">
     <span class='ocr_line' id='line_1_68' title="bbox 403 4977 2048 5051; baseline 0.002 -18"><span class='ocrx_word' id='word_1_473' title='bbox 403 4982 692 5051; x_wconf 89' lang='lat' dir='ltr'>quantum</span> <span class='ocrx_word' id='word_1_474' title='bbox 719 4996 751 5034; x_wconf 90' lang='lat' dir='ltr'>a</span> <span class='ocrx_word' id='word_1_475' title='bbox 777 4980 886 5033; x_wconf 91' lang='lat' dir='ltr'>Deo</span> <span class='ocrx_word' id='word_1_476' title='bbox 906 4977 1176 5033; x_wconf 90' lang='lat' dir='ltr'>honorati</span> <span class='ocrx_word' id='word_1_477' title='bbox 1209 4994 1439 5047; x_wconf 87' lang='lat' dir='ltr'>sumus,</span> <span class='ocrx_word' id='word_1_478' title='bbox 1462 4983 1515 5034; x_wconf 89' lang='lat' dir='ltr'>et</span> <span class='ocrx_word' id='word_1_479' title='bbox 1535 4984 1737 5036; x_wconf 90' lang='lat' dir='ltr'>contra</span> <span class='ocrx_word' id='word_1_480' title='bbox 1755 4980 2048 5037; x_wconf 72' lang='lat' dir='ltr'>daemones</span> 
     </span>
    </p>
   </div>
   <div class='ocr_carea' id='block_1_69' title="bbox 408 5084 751 5140">
    <p class='ocr_par' dir='ltr' id='par_1_69' title="bbox 408 5084 751 5140">
     <span class='ocr_line' id='line_1_69' title="bbox 408 5084 751 5140; baseline -0.006 -17"><span class='ocrx_word' id='word_1_481' title='bbox 408 5084 751 5140; x_wconf 88' lang='lat' dir='ltr'>possumus.</span> 
     </span>
    </p>
   </div>
   <div class='ocr_carea' id='block_1_70' title="bbox 478 5156 2051 5232">
    <p class='ocr_par' dir='ltr' id='par_1_70' title="bbox 478 5156 2051 5232">
     <span class='ocr_line' id='line_1_70' title="bbox 478 5156 2051 5232; baseline 0.003 -21"><span class='ocrx_word' id='word_1_482' title='bbox 478 5156 632 5211; x_wconf 82' lang='lat' dir='ltr'>Dixit</span> <span class='ocrx_word' id='word_1_483' title='bbox 650 5156 863 5211; x_wconf 90' lang='lat' dir='ltr'>iterum</span> <span class='ocrx_word' id='word_1_484' title='bbox 886 5172 1083 5211; x_wconf 85' lang='lat' dir='ltr'>senex:</span> <span class='ocrx_word' id='word_1_485' title='bbox 1104 5157 1217 5212; x_wconf 91' lang='lat' dir='ltr'>Deo</span> <span class='ocrx_word' id='word_1_486' title='bbox 1234 5158 1424 5228; x_wconf 86' lang='lat' dir='ltr'>majus</span> <span class='ocrx_word' id='word_1_487' title='bbox 1446 5157 1592 5212; x_wconf 92' lang='lat' dir='ltr'>nihil</span> <span class='ocrx_word' id='word_1_488' title='bbox 1616 5162 1724 5223; x_wconf 86' lang='lat' dir='ltr'>est,</span> <span class='ocrx_word' id='word_1_489' title='bbox 1748 5160 1849 5215; x_wconf 91' lang='lat' dir='ltr'>sed</span> <span class='ocrx_word' id='word_1_490' title='bbox 1865 5176 2051 5232; x_wconf 92' lang='lat' dir='ltr'>neque</span> 
     </span>
    </p>
   </div>
   <div class='ocr_carea' id='block_1_71' title="bbox 406 5246 2052 5321">
    <p class='ocr_par' dir='ltr' id='par_1_71' title="bbox 406 5246 2052 5321">
     <span class='ocr_line' id='line_1_71' title="bbox 406 5246 2052 5321; baseline 0.002 -20"><span class='ocrx_word' id='word_1_491' title='bbox 406 5264 533 5319; x_wconf 88' lang='lat' dir='ltr'>par,</span> <span class='ocrx_word' id='word_1_492' title='bbox 561 5262 744 5315; x_wconf 86' lang='lat' dir='ltr'>neque</span> <span class='ocrx_word' id='word_1_493' title='bbox 768 5247 922 5316; x_wconf 92' lang='lat' dir='ltr'>quod</span> <span class='ocrx_word' id='word_1_494' title='bbox 946 5263 1058 5301; x_wconf 90' lang='lat' dir='ltr'>non</span> <span class='ocrx_word' id='word_1_495' title='bbox 1086 5247 1337 5301; x_wconf 75' lang='lat' dir='ltr'>maxime</span> <span class='ocrx_word' id='word_1_496' title='bbox 1370 5246 1726 5303; x_wconf 85' lang='lat' dir='ltr'>inferiussit.</span> <span class='ocrx_word' id='word_1_497' title='bbox 1755 5250 1900 5313; x_wconf 90' lang='lat' dir='ltr'>Quid</span> <span class='ocrx_word' id='word_1_498' title='bbox 1916 5266 2052 5321; x_wconf 84' lang='lat' dir='ltr'>ergo</span> 
     </span>
    </p>
   </div>
   <div class='ocr_carea' id='block_1_72' title="bbox 405 5335 2055 5409">
    <p class='ocr_par' dir='ltr' id='par_1_72' title="bbox 405 5335 2055 5409">
     <span class='ocr_line' id='line_1_72' title="bbox 405 5335 2055 5409; baseline 0.002 -19"><span class='ocrx_word' id='word_1_499' title='bbox 405 5335 525 5391; x_wconf 88' lang='lat' dir='ltr'>illis</span> <span class='ocrx_word' id='word_1_500' title='bbox 550 5336 761 5391; x_wconf 91' lang='lat' dir='ltr'>fortius</span> <span class='ocrx_word' id='word_1_501' title='bbox 776 5352 839 5389; x_wconf 86' lang='lat' dir='ltr'>ac</span> <span class='ocrx_word' id='word_1_502' title='bbox 857 5336 1104 5405; x_wconf 87' lang='lat' dir='ltr'>beatius,</span> <span class='ocrx_word' id='word_1_503' title='bbox 1129 5336 1227 5406; x_wconf 91' lang='lat' dir='ltr'>qui</span> <span class='ocrx_word' id='word_1_504' title='bbox 1246 5336 1427 5391; x_wconf 87' lang='lat' dir='ltr'>Deum</span> <span class='ocrx_word' id='word_1_505' title='bbox 1444 5336 1660 5392; x_wconf 88' lang='lat' dir='ltr'>habent</span> <span class='ocrx_word' id='word_1_506' title='bbox 1682 5338 2009 5409; x_wconf 84' lang='lat' dir='ltr'>adjutorem</span> <span class='ocrx_word' id='word_1_507' title='bbox 2027 5340 2055 5394; x_wconf 84' lang='lat'><strong>?</strong></span> 
     </span>
    </p>
   </div>
   <div class='ocr_carea' id='block_1_73' title="bbox 478 5423 2051 5498">
    <p class='ocr_par' dir='ltr' id='par_1_73' title="bbox 478 5423 2051 5498">
     <span class='ocr_line' id='line_1_73' title="bbox 478 5423 2051 5498; baseline 0.002 -18"><span class='ocrx_word' id='word_1_508' title='bbox 478 5423 861 5480; x_wconf 88' lang='lat' dir='ltr'>Dixititerum</span> <span class='ocrx_word' id='word_1_509' title='bbox 889 5440 901 5479; x_wconf 88' lang='lat'>:</span> <span class='ocrx_word' id='word_1_510' title='bbox 930 5424 1409 5498; x_wconf 85' lang='lat' dir='ltr'>Ubiquequidem</span> <span class='ocrx_word' id='word_1_511' title='bbox 1426 5425 1703 5491; x_wconf 82' lang='lat' dir='ltr'>Deusest,</span> <span class='ocrx_word' id='word_1_512' title='bbox 1730 5426 1840 5497; x_wconf 87' lang='lat' dir='ltr'>piis</span> <span class='ocrx_word' id='word_1_513' title='bbox 1856 5432 2051 5483; x_wconf 88' lang='lat' dir='ltr'>autem</span> 
     </span>
    </p>
   </div>
   <div class='ocr_carea' id='block_1_74' title="bbox 409 5512 2055 5587">
    <p class='ocr_par' dir='ltr' id='par_1_74' title="bbox 409 5512 2055 5587">
     <span class='ocr_line' id='line_1_74' title="bbox 409 5512 2055 5587; baseline 0.001 -17"><span class='ocrx_word' id='word_1_514' title='bbox 409 5518 465 5570; x_wconf 91' lang='lat' dir='ltr'>et</span> <span class='ocrx_word' id='word_1_515' title='bbox 487 5514 542 5568; x_wconf 90' lang='lat' dir='ltr'>in</span> <span class='ocrx_word' id='word_1_516' title='bbox 567 5512 858 5585; x_wconf 90' lang='lat' dir='ltr'>spirituali</span> <span class='ocrx_word' id='word_1_517' title='bbox 882 5514 1152 5569; x_wconf 85' lang='lat' dir='ltr'>exercitio</span> <span class='ocrx_word' id='word_1_518' title='bbox 1176 5515 1533 5570; x_wconf 89' lang='lat' dir='ltr'>sudantibus</span> <span class='ocrx_word' id='word_1_519' title='bbox 1556 5515 2055 5587; x_wconf 89' lang='lat' dir='ltr'>propinquat;non</span> 
     </span>
    </p>
   </div>
   <div class='ocr_carea' id='block_1_75' title="bbox 409 5601 2057 5675">
    <p class='ocr_par' dir='ltr' id='par_1_75' title="bbox 409 5601 2057 5675">
     <span class='ocr_line' id='line_1_75' title="bbox 409 5601 2057 5675; baseline 0.002 -18"><span class='ocrx_word' id='word_1_520' title='bbox 409 5602 503 5658; x_wconf 91' lang='lat' dir='ltr'>his</span> <span class='ocrx_word' id='word_1_521' title='bbox 535 5602 632 5674; x_wconf 86' lang='lat' dir='ltr'>qui</span> <span class='ocrx_word' id='word_1_522' title='bbox 668 5601 1027 5675; x_wconf 87' lang='lat' dir='ltr'>professione</span> <span class='ocrx_word' id='word_1_523' title='bbox 1061 5603 1184 5659; x_wconf 88' lang='lat' dir='ltr'>sola</span> <span class='ocrx_word' id='word_1_524' title='bbox 1232 5603 1632 5669; x_wconf 85' lang='lat' dir='ltr'>honestanlur,</span> <span class='ocrx_word' id='word_1_525' title='bbox 1668 5604 1764 5659; x_wconf 91' lang='lat' dir='ltr'>sed</span> <span class='ocrx_word' id='word_1_526' title='bbox 1817 5603 1907 5660; x_wconf 84' lang='lat' dir='ltr'>his</span> <span class='ocrx_word' id='word_1_527' title='bbox 1956 5604 2057 5675; x_wconf 90' lang='lat' dir='ltr'>qui</span> 
     </span>
    </p>
   </div>
   <div class='ocr_carea' id='block_1_76' title="bbox 2149 1843 3809 1915">
    <p class='ocr_par' dir='ltr' id='par_1_76' title="bbox 2149 1843 3809 1915">
     <span class='ocr_line' id='line_1_76' title="bbox 2149 1843 3809 1915; baseline -0.004 -13"><span class='ocrx_word' id='word_1_528' title='bbox 2149 1863 2213 1902; x_wconf 84' lang='lat' dir='ltr'>ex</span> <span class='ocrx_word' id='word_1_529' title='bbox 2246 1845 2496 1899; x_wconf 88' lang='lat' dir='ltr'>mortuis</span> <span class='ocrx_word' id='word_1_530' title='bbox 2539 1845 2822 1914; x_wconf 88' lang='lat' dir='ltr'>viventes,</span> <span class='ocrx_word' id='word_1_531' title='bbox 2848 1860 3037 1915; x_wconf 90' lang='lat' dir='ltr'>neque</span> <span class='ocrx_word' id='word_1_532' title='bbox 3070 1843 3377 1915; x_wconf 62' lang='lat' dir='ltr'>praeteritis</span> <span class='ocrx_word' id='word_1_533' title='bbox 3410 1843 3809 1908; x_wconf 87' lang='lat' dir='ltr'>intendentes,</span> 
     </span>
    </p>
   </div>
   <div class='ocr_carea' id='block_1_77' title="bbox 2142 1930 3811 1999">
    <p class='ocr_par' dir='ltr' id='par_1_77' title="bbox 2142 1930 3811 1999">
     <span class='ocr_line' id='line_1_77' title="bbox 2142 1930 3811 1999; baseline -0.004 -8"><span class='ocrx_word' id='word_1_534' title='bbox 2142 1933 2559 1991; x_wconf 83' lang='lat' dir='ltr'>obliviscamur</span> <span class='ocrx_word' id='word_1_535' title='bbox 2604 1934 3053 1999; x_wconf 88' lang='lat' dir='ltr'>anteriora;sed</span> <span class='ocrx_word' id='word_1_536' title='bbox 3091 1932 3418 1988; x_wconf 84' lang='lat' dir='ltr'>secundum</span> <span class='ocrx_word' id='word_1_537' title='bbox 3466 1930 3811 1986; x_wconf 85' lang='lat' dir='ltr'>destinatio-</span> 
     </span>
    </p>
   </div>
   <div class='ocr_carea' id='block_1_78' title="bbox 2146 2022 3809 2093">
    <p class='ocr_par' dir='ltr' id='par_1_78' title="bbox 2146 2022 3809 2093">
     <span class='ocr_line' id='line_1_78' title="bbox 2146 2022 3809 2093; baseline -0.001 -14"><span class='ocrx_word' id='word_1_538' title='bbox 2146 2039 2281 2079; x_wconf 89' lang='lat' dir='ltr'>nem</span> <span class='ocrx_word' id='word_1_539' title='bbox 2318 2039 2742 2093; x_wconf 88' lang='lat' dir='ltr'>persequamur</span> <span class='ocrx_word' id='word_1_540' title='bbox 2773 2022 2843 2077; x_wconf 91' lang='lat' dir='ltr'>ad</span> <span class='ocrx_word' id='word_1_541' title='bbox 2878 2022 3142 2077; x_wconf 89' lang='lat' dir='ltr'>bravium</span> <span class='ocrx_word' id='word_1_542' title='bbox 3179 2037 3448 2093; x_wconf 74' lang='lat' dir='ltr'>supernae</span> <span class='ocrx_word' id='word_1_543' title='bbox 3480 2022 3809 2079; x_wconf 79' lang='lat' dir='ltr'>vocationis</span> 
     </span>
    </p>
   </div>
   <div class='ocr_carea' id='block_1_79' title="bbox 2148 2109 2517 2181">
    <p class='ocr_par' dir='ltr' id='par_1_79' title="bbox 2148 2109 2517 2181">
     <span class='ocr_line' id='line_1_79' title="bbox 2148 2109 2517 2181; baseline -0.005 -17"><span class='ocrx_word' id='word_1_544' title='bbox 2148 2109 2376 2181; x_wconf 81' lang='lat' dir='ltr'>(Philip.</span> <span class='ocrx_word' id='word_1_545' title='bbox 2409 2110 2517 2180; x_wconf 88' lang='grc' dir='ltr'>ιιι).</span> 
     </span>
    </p>
   </div>
   <div class='ocr_carea' id='block_1_80' title="bbox 2222 2194 3811 2267">
    <p class='ocr_par' dir='ltr' id='par_1_80' title="bbox 2222 2194 3811 2267">
     <span class='ocr_line' id='line_1_80' title="bbox 2222 2194 3811 2267; baseline 0 -16"><span class='ocrx_word' id='word_1_546' title='bbox 2222 2197 2629 2267; x_wconf 85' lang='lat' dir='ltr'>Interrogatus</span> <span class='ocrx_word' id='word_1_547' title='bbox 2656 2194 2753 2249; x_wconf 90' lang='lat' dir='ltr'>hic</span> <span class='ocrx_word' id='word_1_548' title='bbox 2783 2212 2957 2251; x_wconf 87' lang='lat' dir='ltr'>senex</span> <span class='ocrx_word' id='word_1_549' title='bbox 2981 2212 3014 2249; x_wconf 77' lang='grc' dir='ltr'>ει</span> <span class='ocrx_word' id='word_1_550' title='bbox 3038 2195 3209 2250; x_wconf 86' lang='lat' dir='ltr'>fratre</span> <span class='ocrx_word' id='word_1_551' title='bbox 3228 2195 3651 2267; x_wconf 88' lang='lat' dir='ltr'>quodam,quid</span> <span class='ocrx_word' id='word_1_552' title='bbox 3677 2212 3811 2251; x_wconf 88' lang='lat' dir='ltr'>cau-</span> 
     </span>
    </p>
   </div>
   <div class='ocr_carea' id='block_1_81' title="bbox 2152 2283 3809 2355">
    <p class='ocr_par' dir='ltr' id='par_1_81' title="bbox 2152 2283 3809 2355">
     <span class='ocr_line' id='line_1_81' title="bbox 2152 2283 3809 2355; baseline -0.001 -15"><span class='ocrx_word' id='word_1_553' title='bbox 2152 2302 2228 2340; x_wconf 66' lang='lat' dir='ltr'>sa:</span> <span class='ocrx_word' id='word_1_554' title='bbox 2262 2289 2417 2339; x_wconf 89' lang='lat' dir='ltr'>esset</span> <span class='ocrx_word' id='word_1_555' title='bbox 2448 2300 2552 2338; x_wconf 93' lang='lat' dir='ltr'>cur</span> <span class='ocrx_word' id='word_1_556' title='bbox 2582 2283 2819 2338; x_wconf 88' lang='lat' dir='ltr'>assidue</span> <span class='ocrx_word' id='word_1_557' title='bbox 2860 2283 3157 2354; x_wconf 89' lang='lat' dir='ltr'>judicaret</span> <span class='ocrx_word' id='word_1_558' title='bbox 3188 2283 3416 2351; x_wconf 88' lang='lat' dir='ltr'>fratres,</span> <span class='ocrx_word' id='word_1_559' title='bbox 3454 2284 3756 2355; x_wconf 87' lang='lat' dir='ltr'>respondit</span> <span class='ocrx_word' id='word_1_560' title='bbox 3794 2300 3809 2338; x_wconf 90' lang='lat'>:</span> 
     </span>
    </p>
   </div>
   <div class='ocr_carea' id='block_1_82' title="bbox 2149 2374 3810 2447">
    <p class='ocr_par' dir='ltr' id='par_1_82' title="bbox 2149 2374 3810 2447">
     <span class='ocr_line' id='line_1_82' title="bbox 2149 2374 3810 2447; baseline -0.001 -16"><span class='ocrx_word' id='word_1_561' title='bbox 2149 2376 2295 2439; x_wconf 89' lang='lat' dir='ltr'>Quia</span> <span class='ocrx_word' id='word_1_562' title='bbox 2320 2376 2569 2430; x_wconf 90' lang='lat' dir='ltr'>necdum</span> <span class='ocrx_word' id='word_1_563' title='bbox 2598 2380 2652 2429; x_wconf 91' lang='lat' dir='ltr'>te</span> <span class='ocrx_word' id='word_1_564' title='bbox 2678 2375 2871 2446; x_wconf 91' lang='lat' dir='ltr'>ipsum</span> <span class='ocrx_word' id='word_1_565' title='bbox 2897 2374 3501 2446; x_wconf 82' lang='lat' dir='ltr'>cognovisti.Namqui</span> <span class='ocrx_word' id='word_1_566' title='bbox 3527 2392 3589 2431; x_wconf 86' lang='lat' dir='ltr'>se</span> <span class='ocrx_word' id='word_1_567' title='bbox 3608 2374 3810 2447; x_wconf 89' lang='lat' dir='ltr'>ipsum</span> 
     </span>
    </p>
   </div>
   <div class='ocr_carea' id='block_1_83' title="bbox 2150 2465 3191 2536">
    <p class='ocr_par' dir='ltr' id='par_1_83' title="bbox 2150 2465 3191 2536">
     <span class='ocr_line' id='line_1_83' title="bbox 2150 2465 3191 2536; baseline -0.004 -13"><span class='ocrx_word' id='word_1_568' title='bbox 2150 2466 2330 2535; x_wconf 90' lang='lat' dir='ltr'>novit,</span> <span class='ocrx_word' id='word_1_569' title='bbox 2367 2467 2607 2521; x_wconf 87' lang='lat' dir='ltr'>fratrum</span> <span class='ocrx_word' id='word_1_570' title='bbox 2642 2465 2785 2521; x_wconf 87' lang='lat' dir='ltr'>vitia</span> <span class='ocrx_word' id='word_1_571' title='bbox 2816 2483 2931 2521; x_wconf 93' lang='lat' dir='ltr'>non</span> <span class='ocrx_word' id='word_1_572' title='bbox 2963 2465 3191 2536; x_wconf 89' lang='lat' dir='ltr'>aspicit.</span> 
     </span>
    </p>
   </div>
   <div class='ocr_carea' id='block_1_84' title="bbox 2732 2563 3212 2620">
    <p class='ocr_par' dir='ltr' id='par_1_84' title="bbox 2732 2563 3212 2620">
     <span class='ocr_line' id='line_1_84' title="bbox 2732 2563 3212 2620; baseline 0 -1"><span class='ocrx_word' id='word_1_573' title='bbox 2732 2563 2960 2619; x_wconf 75' lang='lat' dir='ltr'>CAPUT</span> <span class='ocrx_word' id='word_1_574' title='bbox 3002 2564 3212 2620; x_wconf 79' lang='lat' dir='ltr'>CXLV.</span> 
     </span>
    </p>
   </div>
   <div class='ocr_carea' id='block_1_85' title="bbox 2156 2654 3812 2726">
    <p class='ocr_par' dir='ltr' id='par_1_85' title="bbox 2156 2654 3812 2726">
     <span class='ocr_line' id='line_1_85' title="bbox 2156 2654 3812 2726; baseline -0.004 -11"><span class='ocrx_word' id='word_1_575' title='bbox 2156 2658 2285 2715; x_wconf 70' lang='lat' dir='ltr'>Vita</span> <span class='ocrx_word' id='word_1_576' title='bbox 2318 2657 2464 2712; x_wconf 77' lang='lat' dir='ltr'>beati</span> <span class='ocrx_word' id='word_1_577' title='bbox 2495 2654 2766 2711; x_wconf 79' lang='lat' dir='ltr'>Gennadii</span> <span class='ocrx_word' id='word_1_578' title='bbox 2790 2655 3133 2726; x_wconf 72' lang='lat' dir='ltr'>patriarcha:</span> <span class='ocrx_word' id='word_1_579' title='bbox 3181 2655 3812 2726; x_wconf 79' lang='lat' dir='ltr'>CommminOpoiitani,</span> 
     </span>
    </p>
   </div>
   <div class='ocr_carea' id='block_1_86' title="bbox 2559 2726 3389 2792">
    <p class='ocr_par' dir='ltr' id='par_1_86' title="bbox 2559 2726 3389 2792">
     <span class='ocr_line' id='line_1_86' title="bbox 2559 2726 3389 2792; baseline -0.002 -10"><span class='ocrx_word' id='word_1_580' title='bbox 2559 2736 2610 2782; x_wconf 76' lang='lat' dir='ltr'>et</span> <span class='ocrx_word' id='word_1_581' title='bbox 2642 2727 2709 2781; x_wconf 80' lang='lat' dir='ltr'>de</span> <span class='ocrx_word' id='word_1_582' title='bbox 2736 2727 2853 2792; x_wconf 75' lang='lat' dir='ltr'>eius</span> <span class='ocrx_word' id='word_1_583' title='bbox 2887 2728 3085 2783; x_wconf 76' lang='lat' dir='ltr'>lectore</span> <span class='ocrx_word' id='word_1_584' title='bbox 3116 2726 3389 2783; x_wconf 81' lang='lat' dir='ltr'>Charisio.</span> 
     </span>
    </p>
   </div>
   <div class='ocr_carea' id='block_1_87' title="bbox 2222 2832 3810 2905">
    <p class='ocr_par' dir='ltr' id='par_1_87' title="bbox 2222 2832 3810 2905">
     <span class='ocr_line' id='line_1_87' title="bbox 2222 2832 3810 2905; baseline -0.003 -15"><span class='ocrx_word' id='word_1_585' title='bbox 2222 2834 2592 2890; x_wconf 85' lang='lat' dir='ltr'>Accessimus</span> <span class='ocrx_word' id='word_1_586' title='bbox 2643 2834 2702 2889; x_wconf 90' lang='lat' dir='ltr'>in</span> <span class='ocrx_word' id='word_1_587' title='bbox 2754 2834 3081 2889; x_wconf 90' lang='lat' dir='ltr'>ccenobium</span> <span class='ocrx_word' id='word_1_588' title='bbox 3114 2835 3267 2905; x_wconf 88' lang='lat' dir='ltr'>quod</span> <span class='ocrx_word' id='word_1_589' title='bbox 3303 2834 3515 2889; x_wconf 89' lang='lat' dir='ltr'>dicitur</span> <span class='ocrx_word' id='word_1_590' title='bbox 3542 2832 3810 2899; x_wconf 84' lang='lat' dir='ltr'>Salamn,</span> 
     </span>
    </p>
   </div>
   <div class='ocr_carea' id='block_1_88' title="bbox 2153 2923 3815 2991">
    <p class='ocr_par' dir='ltr' id='par_1_88' title="bbox 2153 2923 3815 2991">
     <span class='ocr_line' id='line_1_88' title="bbox 2153 2923 3815 2991; baseline -0.002 -10"><span class='ocrx_word' id='word_1_591' title='bbox 2153 2943 2307 2981; x_wconf 90' lang='lat' dir='ltr'>nono</span> <span class='ocrx_word' id='word_1_592' title='bbox 2333 2926 2403 2980; x_wconf 89' lang='lat' dir='ltr'>ab</span> <span class='ocrx_word' id='word_1_593' title='bbox 2430 2924 2779 2980; x_wconf 85' lang='lat' dir='ltr'>Alexandria</span> <span class='ocrx_word' id='word_1_594' title='bbox 2811 2924 3088 2979; x_wconf 89' lang='lat' dir='ltr'>milliario</span> <span class='ocrx_word' id='word_1_595' title='bbox 3110 2923 3815 2991; x_wconf 80' lang='lat' dir='ltr'>distans,invenimusque</span> 
     </span>
    </p>
   </div>
   <div class='ocr_carea' id='block_1_89' title="bbox 2155 3012 3813 3084">
    <p class='ocr_par' dir='ltr' id='par_1_89' title="bbox 2155 3012 3813 3084">
     <span class='ocr_line' id='line_1_89' title="bbox 2155 3012 3813 3084; baseline -0.001 -16"><span class='ocrx_word' id='word_1_596' title='bbox 2155 3014 2274 3069; x_wconf 92' lang='lat' dir='ltr'>illic</span> <span class='ocrx_word' id='word_1_597' title='bbox 2297 3014 2446 3069; x_wconf 90' lang='lat' dir='ltr'>duos</span> <span class='ocrx_word' id='word_1_598' title='bbox 2470 3014 2840 3084; x_wconf 85' lang='lat' dir='ltr'>presbyteros</span> <span class='ocrx_word' id='word_1_599' title='bbox 2862 3014 3157 3084; x_wconf 84' lang='lat' dir='ltr'>sencs,qui</span> <span class='ocrx_word' id='word_1_600' title='bbox 3174 3012 3813 3080; x_wconf 84' lang='lat' dir='ltr'>dixeruntnobis,Con-</span> 
     </span>
    </p>
   </div>
   <div class='ocr_carea' id='block_1_90' title="bbox 2078 3102 3816 3192">
    <p class='ocr_par' dir='ltr' id='par_1_90' title="bbox 2078 3102 3816 3192">
     <span class='ocr_line' id='line_1_90' title="bbox 2078 3102 3816 3192; baseline -0.002 -33"><span class='ocrx_word' id='word_1_601' title='bbox 2078 3124 2121 3192; x_wconf 70' lang='grc' dir='ltr'>ρ</span> <span class='ocrx_word' id='word_1_602' title='bbox 2158 3102 2700 3174; x_wconf 66' lang='lat' dir='ltr'>stantinopolitanze</span> <span class='ocrx_word' id='word_1_603' title='bbox 2728 3102 2996 3158; x_wconf 75' lang='lat' dir='ltr'>Ecclesiae</span> <span class='ocrx_word' id='word_1_604' title='bbox 3028 3120 3087 3158; x_wconf 92' lang='lat' dir='ltr'>se</span> <span class='ocrx_word' id='word_1_605' title='bbox 3119 3119 3247 3158; x_wconf 90' lang='lat' dir='ltr'>esse</span> <span class='ocrx_word' id='word_1_606' title='bbox 3279 3104 3816 3175; x_wconf 85' lang='lat' dir='ltr'>presbyteros,nar-</span> 
     </span>
    </p>
   </div>
   <div class='ocr_carea' id='block_1_91' title="bbox 2158 3194 3817 3265">
    <p class='ocr_par' dir='ltr' id='par_1_91' title="bbox 2158 3194 3817 3265">
     <span class='ocr_line' id='line_1_91' title="bbox 2158 3194 3817 3265; baseline -0.002 -14"><span class='ocrx_word' id='word_1_607' title='bbox 2158 3196 2479 3265; x_wconf 85' lang='lat' dir='ltr'>rabantque</span> <span class='ocrx_word' id='word_1_608' title='bbox 2514 3194 2683 3248; x_wconf 89' lang='lat' dir='ltr'>nobis</span> <span class='ocrx_word' id='word_1_609' title='bbox 2714 3194 2783 3248; x_wconf 90' lang='lat' dir='ltr'>de</span> <span class='ocrx_word' id='word_1_610' title='bbox 2814 3196 2980 3249; x_wconf 88' lang='lat' dir='ltr'>beato</span> <span class='ocrx_word' id='word_1_611' title='bbox 2999 3194 3298 3249; x_wconf 84' lang='lat' dir='ltr'>Gennadio</span> <span class='ocrx_word' id='word_1_612' title='bbox 3324 3195 3817 3264; x_wconf 85' lang='lat' dir='ltr'>Constantinopo-</span> 
     </span>
    </p>
   </div>
   <div class='ocr_carea' id='block_1_92' title="bbox 2152 3285 3813 3357">
    <p class='ocr_par' dir='ltr' id='par_1_92' title="bbox 2152 3285 3813 3357">
     <span class='ocr_line' id='line_1_92' title="bbox 2152 3285 3813 3357; baseline -0.003 -15"><span class='ocrx_word' id='word_1_613' title='bbox 2152 3287 2334 3342; x_wconf 90' lang='lat' dir='ltr'>litano</span> <span class='ocrx_word' id='word_1_614' title='bbox 2366 3285 2716 3357; x_wconf 82' lang='lat' dir='ltr'>patriarcha,</span> <span class='ocrx_word' id='word_1_615' title='bbox 2751 3286 2903 3356; x_wconf 91' lang='lat' dir='ltr'>quod</span> <span class='ocrx_word' id='word_1_616' title='bbox 2934 3285 3109 3340; x_wconf 89' lang='lat' dir='ltr'>fuerit</span> <span class='ocrx_word' id='word_1_617' title='bbox 3140 3285 3514 3352; x_wconf 89' lang='lat' dir='ltr'>mitissimus,</span> <span class='ocrx_word' id='word_1_618' title='bbox 3550 3290 3605 3339; x_wconf 92' lang='lat' dir='ltr'>et</span> <span class='ocrx_word' id='word_1_619' title='bbox 3636 3300 3813 3339; x_wconf 84' lang='lat' dir='ltr'>mun-</span> 
     </span>
    </p>
   </div>
   <div class='ocr_carea' id='block_1_93' title="bbox 2154 3376 3326 3447">
    <p class='ocr_par' dir='ltr' id='par_1_93' title="bbox 2154 3376 3326 3447">
     <span class='ocr_line' id='line_1_93' title="bbox 2154 3376 3326 3447; baseline -0.002 -14"><span class='ocrx_word' id='word_1_620' title='bbox 2154 3378 2266 3433; x_wconf 90' lang='lat' dir='ltr'>dus</span> <span class='ocrx_word' id='word_1_621' title='bbox 2298 3392 2559 3447; x_wconf 90' lang='lat' dir='ltr'>corpore,</span> <span class='ocrx_word' id='word_1_622' title='bbox 2596 3376 2968 3447; x_wconf 86' lang='lat' dir='ltr'>multumque</span> <span class='ocrx_word' id='word_1_623' title='bbox 3000 3378 3326 3431; x_wconf 91' lang='lat' dir='ltr'>continens.</span> 
     </span>
    </p>
   </div>
   <div class='ocr_carea' id='block_1_94' title="bbox 2225 3462 3813 3535">
    <p class='ocr_par' dir='ltr' id='par_1_94' title="bbox 2225 3462 3813 3535">
     <span class='ocr_line' id='line_1_94' title="bbox 2225 3462 3813 3535; baseline -0.002 -15"><span class='ocrx_word' id='word_1_624' title='bbox 2225 3464 2507 3520; x_wconf 89' lang='lat' dir='ltr'>Dicebant</span> <span class='ocrx_word' id='word_1_625' title='bbox 2529 3463 2710 3518; x_wconf 91' lang='lat' dir='ltr'>ethoc</span> <span class='ocrx_word' id='word_1_626' title='bbox 2736 3463 2901 3519; x_wconf 91' lang='lat' dir='ltr'>nobis</span> <span class='ocrx_word' id='word_1_627' title='bbox 2926 3465 2995 3518; x_wconf 91' lang='lat' dir='ltr'>de</span> <span class='ocrx_word' id='word_1_628' title='bbox 3018 3464 3164 3533; x_wconf 86' lang='lat' dir='ltr'>ipso,</span> <span class='ocrx_word' id='word_1_629' title='bbox 3192 3464 3347 3535; x_wconf 91' lang='lat' dir='ltr'>quod</span> <span class='ocrx_word' id='word_1_630' title='bbox 3374 3479 3507 3519; x_wconf 89' lang='lat' dir='ltr'>cum</span> <span class='ocrx_word' id='word_1_631' title='bbox 3536 3462 3813 3518; x_wconf 88' lang='lat' dir='ltr'>molesta-</span> 
     </span>
    </p>
   </div>
   <div class='ocr_carea' id='block_1_95' title="bbox 2154 3551 3807 3624">
    <p class='ocr_par' dir='ltr' id='par_1_95' title="bbox 2154 3551 3807 3624">
     <span class='ocr_line' id='line_1_95' title="bbox 2154 3551 3807 3624; baseline -0.002 -15"><span class='ocrx_word' id='word_1_632' title='bbox 2154 3558 2311 3609; x_wconf 89' lang='lat' dir='ltr'>retur</span> <span class='ocrx_word' id='word_1_633' title='bbox 2333 3571 2365 3607; x_wconf 91' lang='lat' dir='ltr'>a</span> <span class='ocrx_word' id='word_1_634' title='bbox 2384 3551 2653 3624; x_wconf 90' lang='lat' dir='ltr'>plurimis</span> <span class='ocrx_word' id='word_1_635' title='bbox 2678 3552 2747 3607; x_wconf 87' lang='lat' dir='ltr'>de</span> <span class='ocrx_word' id='word_1_636' title='bbox 2768 3552 3022 3622; x_wconf 88' lang='lat' dir='ltr'>quodam</span> <span class='ocrx_word' id='word_1_637' title='bbox 3039 3551 3247 3608; x_wconf 82' lang='lat' dir='ltr'>clerico</span> <span class='ocrx_word' id='word_1_638' title='bbox 3266 3551 3440 3607; x_wconf 89' lang='lat' dir='ltr'>nimis</span> <span class='ocrx_word' id='word_1_639' title='bbox 3458 3551 3807 3621; x_wconf 90' lang='lat' dir='ltr'>delinquen-</span> 
     </span>
    </p>
   </div>
   <div class='ocr_carea' id='block_1_96' title="bbox 2153 3640 3803 3712">
    <p class='ocr_par' dir='ltr' id='par_1_96' title="bbox 2153 3640 3803 3712">
     <span class='ocr_line' id='line_1_96' title="bbox 2153 3640 3803 3712; baseline -0.004 -12"><span class='ocrx_word' id='word_1_640' title='bbox 2153 3648 2229 3712; x_wconf 90' lang='lat' dir='ltr'>te,</span> <span class='ocrx_word' id='word_1_641' title='bbox 2254 3642 2514 3699; x_wconf 88' lang='lat' dir='ltr'>Charisio</span> <span class='ocrx_word' id='word_1_642' title='bbox 2546 3644 2801 3712; x_wconf 85' lang='lat' dir='ltr'>nomine,</span> <span class='ocrx_word' id='word_1_643' title='bbox 2829 3640 3134 3697; x_wconf 84' lang='lat' dir='ltr'>accersivit</span> <span class='ocrx_word' id='word_1_644' title='bbox 3160 3657 3291 3696; x_wconf 91' lang='lat' dir='ltr'>eum</span> <span class='ocrx_word' id='word_1_645' title='bbox 3327 3640 3681 3712; x_wconf 81' lang='lat' dir='ltr'>patriarcha,</span> <span class='ocrx_word' id='word_1_646' title='bbox 3708 3641 3803 3711; x_wconf 87' lang='lat' dir='ltr'>ip-</span> 
     </span>
    </p>
   </div>
   <div class='ocr_carea' id='block_1_97' title="bbox 2154 3727 3810 3802">
    <p class='ocr_par' dir='ltr' id='par_1_97' title="bbox 2154 3727 3810 3802">
     <span class='ocr_line' id='line_1_97' title="bbox 2154 3727 3810 3802; baseline -0.004 -14"><span class='ocrx_word' id='word_1_647' title='bbox 2154 3746 2407 3802; x_wconf 90' lang='lat' dir='ltr'>sumque</span> <span class='ocrx_word' id='word_1_648' title='bbox 2428 3730 2742 3785; x_wconf 87' lang='lat' dir='ltr'>emendare</span> <span class='ocrx_word' id='word_1_649' title='bbox 2763 3735 3008 3785; x_wconf 91' lang='lat' dir='ltr'>conatus</span> <span class='ocrx_word' id='word_1_650' title='bbox 3026 3728 3285 3785; x_wconf 87' lang='lat' dir='ltr'>est.Cum</span> <span class='ocrx_word' id='word_1_651' title='bbox 3302 3744 3434 3784; x_wconf 91' lang='lat' dir='ltr'>vero</span> <span class='ocrx_word' id='word_1_652' title='bbox 3451 3727 3595 3783; x_wconf 90' lang='lat' dir='ltr'>nihil</span> <span class='ocrx_word' id='word_1_653' title='bbox 3612 3727 3810 3783; x_wconf 88' lang='lat' dir='ltr'>incre-</span> 
     </span>
    </p>
   </div>
   <div class='ocr_carea' id='block_1_98' title="bbox 2155 3814 3807 3892">
    <p class='ocr_par' dir='ltr' id='par_1_98' title="bbox 2155 3814 3807 3892">
     <span class='ocr_line' id='line_1_98' title="bbox 2155 3814 3807 3892; baseline -0.002 -18"><span class='ocrx_word' id='word_1_654' title='bbox 2155 3820 2348 3892; x_wconf 89' lang='lat' dir='ltr'>pando</span> <span class='ocrx_word' id='word_1_655' title='bbox 2387 3818 2714 3889; x_wconf 81' lang='lat' dir='ltr'>proficeret,</span> <span class='ocrx_word' id='word_1_656' title='bbox 2767 3816 3036 3889; x_wconf 89' lang='lat' dir='ltr'>permisit</span> <span class='ocrx_word' id='word_1_657' title='bbox 3065 3816 3230 3871; x_wconf 92' lang='lat' dir='ltr'>illum</span> <span class='ocrx_word' id='word_1_658' title='bbox 3264 3820 3505 3888; x_wconf 89' lang='lat' dir='ltr'>paterna</span> <span class='ocrx_word' id='word_1_659' title='bbox 3535 3822 3589 3871; x_wconf 92' lang='lat' dir='ltr'>et</span> <span class='ocrx_word' id='word_1_660' title='bbox 3618 3814 3807 3871; x_wconf 90' lang='lat' dir='ltr'>eccle-</span> 
     </span>
    </p>
   </div>
   <div class='ocr_carea' id='block_1_99' title="bbox 2155 3906 3812 3979">
    <p class='ocr_par' dir='ltr' id='par_1_99' title="bbox 2155 3906 3812 3979">
     <span class='ocr_line' id='line_1_99' title="bbox 2155 3906 3812 3979; baseline -0.004 -13"><span class='ocrx_word' id='word_1_661' title='bbox 2155 3910 2398 3967; x_wconf 86' lang='lat' dir='ltr'>siastica</span> <span class='ocrx_word' id='word_1_662' title='bbox 2429 3925 2677 3964; x_wconf 86' lang='lat' dir='ltr'>censura</span> <span class='ocrx_word' id='word_1_663' title='bbox 2708 3907 3341 3979; x_wconf 87' lang='lat' dir='ltr'>ﬂagellari.Postquam</span> <span class='ocrx_word' id='word_1_664' title='bbox 3358 3923 3492 3963; x_wconf 89' lang='lat' dir='ltr'>vero</span> <span class='ocrx_word' id='word_1_665' title='bbox 3525 3906 3729 3962; x_wconf 88' lang='lat' dir='ltr'>didicit</span> <span class='ocrx_word' id='word_1_666' title='bbox 3748 3906 3812 3960; x_wconf 90' lang='lat' dir='ltr'>in</span> 
     </span>
    </p>
   </div>
   <div class='ocr_carea' id='block_1_100' title="bbox 2155 3995 3815 4070">
    <p class='ocr_par' dir='ltr' id='par_1_100' title="bbox 2155 3995 3815 4070">
     <span class='ocr_line' id='line_1_100' title="bbox 2155 3995 3815 4070; baseline -0.002 -15"><span class='ocrx_word' id='word_1_667' title='bbox 2155 3999 2317 4057; x_wconf 88' lang='lat' dir='ltr'>nullo</span> <span class='ocrx_word' id='word_1_668' title='bbox 2332 3999 2629 4055; x_wconf 90' lang='lat' dir='ltr'>meliorem</span> <span class='ocrx_word' id='word_1_669' title='bbox 2649 3999 2794 4068; x_wconf 88' lang='lat' dir='ltr'>fieri,</span> <span class='ocrx_word' id='word_1_670' title='bbox 2820 4015 3010 4069; x_wconf 89' lang='lat' dir='ltr'>neque</span> <span class='ocrx_word' id='word_1_671' title='bbox 3025 3998 3333 4070; x_wconf 89' lang='lat' dir='ltr'>perverba,</span> <span class='ocrx_word' id='word_1_672' title='bbox 3359 4014 3547 4068; x_wconf 86' lang='lat' dir='ltr'>neque</span> <span class='ocrx_word' id='word_1_673' title='bbox 3572 4013 3675 4068; x_wconf 88' lang='lat' dir='ltr'>per</span> <span class='ocrx_word' id='word_1_674' title='bbox 3700 3995 3815 4052; x_wconf 88' lang='lat' dir='ltr'>ﬂa-</span> 
     </span>
    </p>
   </div>
   <div class='ocr_carea' id='block_1_101' title="bbox 2156 4086 3813 4164">
    <p class='ocr_par' dir='ltr' id='par_1_101' title="bbox 2156 4086 3813 4164">
     <span class='ocr_line' id='line_1_101' title="bbox 2156 4086 3813 4164; baseline -0.003 -18"><span class='ocrx_word' id='word_1_675' title='bbox 2156 4088 2746 4164; x_wconf 89' lang='lat' dir='ltr'>gella(vacabatenim</span> <span class='ocrx_word' id='word_1_676' title='bbox 2764 4087 3096 4143; x_wconf 85' lang='lat' dir='ltr'>homicidiis</span> <span class='ocrx_word' id='word_1_677' title='bbox 3112 4092 3170 4142; x_wconf 91' lang='lat' dir='ltr'>et</span> <span class='ocrx_word' id='word_1_678' title='bbox 3194 4086 3437 4157; x_wconf 81' lang='lat' dir='ltr'>magicis</span> <span class='ocrx_word' id='word_1_679' title='bbox 3452 4086 3813 4157; x_wconf 56' lang='lat' dir='ltr'>praestigiis),</span> 
     </span>
    </p>
   </div>
   <div class='ocr_carea' id='block_1_102' title="bbox 2159 4176 3818 4251">
    <p class='ocr_par' dir='ltr' id='par_1_102' title="bbox 2159 4176 3818 4251">
     <span class='ocr_line' id='line_1_102' title="bbox 2159 4176 3818 4251; baseline -0.002 -16"><span class='ocrx_word' id='word_1_680' title='bbox 2159 4182 2341 4236; x_wconf 90' lang='lat' dir='ltr'>misso</span> <span class='ocrx_word' id='word_1_681' title='bbox 2374 4179 2624 4251; x_wconf 89' lang='lat' dir='ltr'>quodam</span> <span class='ocrx_word' id='word_1_682' title='bbox 2671 4176 3048 4248; x_wconf 89' lang='lat' dir='ltr'>apocrisiario</span> <span class='ocrx_word' id='word_1_683' title='bbox 3102 4194 3208 4231; x_wconf 87' lang='lat' dir='ltr'>suo</span> <span class='ocrx_word' id='word_1_684' title='bbox 3252 4176 3439 4247; x_wconf 91' lang='lat' dir='ltr'>jussit</span> <span class='ocrx_word' id='word_1_685' title='bbox 3484 4182 3547 4231; x_wconf 91' lang='lat' dir='ltr'>ut</span> <span class='ocrx_word' id='word_1_686' title='bbox 3596 4176 3818 4232; x_wconf 84' lang='lat' dir='ltr'>diceret</span> 
     </span>
    </p>
   </div>
   <div class='ocr_carea' id='block_1_103' title="bbox 2159 4264 3818 4339">
    <p class='ocr_par' dir='ltr' id='par_1_103' title="bbox 2159 4264 3818 4339">
     <span class='ocr_line' id='line_1_103' title="bbox 2159 4264 3818 4339; baseline -0.004 -13"><span class='ocrx_word' id='word_1_687' title='bbox 2159 4275 2358 4326; x_wconf 89' lang='lat' dir='ltr'>sancto</span> <span class='ocrx_word' id='word_1_688' title='bbox 2382 4266 3132 4339; x_wconf 82' lang='lat' dir='ltr'>martyriEleutherio(erat</span> <span class='ocrx_word' id='word_1_689' title='bbox 3154 4264 3308 4321; x_wconf 88' lang='lat' dir='ltr'>enim</span> <span class='ocrx_word' id='word_1_690' title='bbox 3336 4265 3517 4320; x_wconf 85' lang='lat' dir='ltr'>lector</span> <span class='ocrx_word' id='word_1_691' title='bbox 3542 4266 3597 4318; x_wconf 91' lang='lat' dir='ltr'>in</span> <span class='ocrx_word' id='word_1_692' title='bbox 3623 4265 3818 4336; x_wconf 90' lang='lat' dir='ltr'>ipsius</span> 
     </span>
    </p>
   </div>
   <div class='ocr_carea' id='block_1_104' title="bbox 2174 4352 3816 4425">
    <p class='ocr_par' dir='ltr' id='par_1_104' title="bbox 2174 4352 3816 4425">
     <span class='ocr_line' id='line_1_104' title="bbox 2174 4352 3816 4425; baseline -0.005 -9"><span class='ocrx_word' id='word_1_693' title='bbox 2174 4357 2765 4425; x_wconf 88' lang='lat' dir='ltr'>oratorioCharisius)</span> <span class='ocrx_word' id='word_1_694' title='bbox 2780 4374 2792 4411; x_wconf 93' lang='lat'>:</span> <span class='ocrx_word' id='word_1_695' title='bbox 2806 4357 2971 4413; x_wconf 86' lang='lat' dir='ltr'>Miles</span> <span class='ocrx_word' id='word_1_696' title='bbox 2987 4362 3143 4424; x_wconf 91' lang='lat' dir='ltr'>tuus,</span> <span class='ocrx_word' id='word_1_697' title='bbox 3161 4359 3362 4411; x_wconf 89' lang='lat' dir='ltr'>sancte</span> <span class='ocrx_word' id='word_1_698' title='bbox 3378 4355 3479 4410; x_wconf 91' lang='lat' dir='ltr'>Dei</span> <span class='ocrx_word' id='word_1_699' title='bbox 3495 4352 3816 4415; x_wconf 81' lang='lat' dir='ltr'>Eleutheri,</span> 
     </span>
    </p>
   </div>
   <div class='ocr_carea' id='block_1_105' title="bbox 2162 4443 3818 4518">
    <p class='ocr_par' dir='ltr' id='par_1_105' title="bbox 2162 4443 3818 4518">
     <span class='ocr_line' id='line_1_105' title="bbox 2162 4443 3818 4518; baseline -0.004 -15"><span class='ocrx_word' id='word_1_700' title='bbox 2162 4449 2413 4503; x_wconf 89' lang='lat' dir='ltr'>multum</span> <span class='ocrx_word' id='word_1_701' title='bbox 2432 4451 2835 4518; x_wconf 87' lang='lat' dir='ltr'>peccatorest;</span> <span class='ocrx_word' id='word_1_702' title='bbox 2865 4446 3226 4501; x_wconf 88' lang='lat' dir='ltr'>autemenda</span> <span class='ocrx_word' id='word_1_703' title='bbox 3266 4444 3456 4509; x_wconf 89' lang='lat' dir='ltr'>illum,</span> <span class='ocrx_word' id='word_1_704' title='bbox 3481 4443 3818 4498; x_wconf 89' lang='lat' dir='ltr'>autexcide.</span> 
     </span>
    </p>
   </div>
   <div class='ocr_carea' id='block_1_106' title="bbox 2165 4533 3822 4607">
    <p class='ocr_par' dir='ltr' id='par_1_106' title="bbox 2165 4533 3822 4607">
     <span class='ocr_line' id='line_1_106' title="bbox 2165 4533 3822 4607; baseline -0.004 -15"><span class='ocrx_word' id='word_1_705' title='bbox 2165 4536 2527 4607; x_wconf 88' lang='lat' dir='ltr'>Venitigitur</span> <span class='ocrx_word' id='word_1_706' title='bbox 2545 4535 2963 4607; x_wconf 89' lang='lat' dir='ltr'>apocrisiarius</span> <span class='ocrx_word' id='word_1_707' title='bbox 2986 4536 3041 4589; x_wconf 90' lang='lat' dir='ltr'>in</span> <span class='ocrx_word' id='word_1_708' title='bbox 3067 4533 3702 4603; x_wconf 88' lang='lat' dir='ltr'>oratorium,stansque</span> <span class='ocrx_word' id='word_1_709' title='bbox 3718 4549 3822 4587; x_wconf 89' lang='lat' dir='ltr'>an-</span> 
     </span>
    </p>
   </div>
   <div class='ocr_carea' id='block_1_107' title="bbox 2164 4621 3823 4695">
    <p class='ocr_par' dir='ltr' id='par_1_107' title="bbox 2164 4621 3823 4695">
     <span class='ocr_line' id='line_1_107' title="bbox 2164 4621 3823 4695; baseline -0.004 -13"><span class='ocrx_word' id='word_1_710' title='bbox 2164 4631 2221 4682; x_wconf 89' lang='lat' dir='ltr'>te</span> <span class='ocrx_word' id='word_1_711' title='bbox 2243 4627 2444 4695; x_wconf 88' lang='lat' dir='ltr'>altare,</span> <span class='ocrx_word' id='word_1_712' title='bbox 2474 4641 2538 4679; x_wconf 90' lang='lat' dir='ltr'>ac</span> <span class='ocrx_word' id='word_1_713' title='bbox 2564 4625 2877 4679; x_wconf 90' lang='lat' dir='ltr'>intendens</span> <span class='ocrx_word' id='word_1_714' title='bbox 2908 4625 2977 4679; x_wconf 91' lang='lat' dir='ltr'>ad</span> <span class='ocrx_word' id='word_1_715' title='bbox 3007 4621 3342 4694; x_wconf 88' lang='lat' dir='ltr'>sepulcrum</span> <span class='ocrx_word' id='word_1_716' title='bbox 3390 4622 3682 4693; x_wconf 82' lang='lat' dir='ltr'>martyris,</span> <span class='ocrx_word' id='word_1_717' title='bbox 3716 4637 3823 4677; x_wconf 84' lang='lat' dir='ltr'>cx-</span> 
     </span>
    </p>
   </div>
   <div class='ocr_carea' id='block_1_108' title="bbox 2162 4708 3826 4785">
    <p class='ocr_par' dir='ltr' id='par_1_108' title="bbox 2162 4708 3826 4785">
     <span class='ocr_line' id='line_1_108' title="bbox 2162 4708 3826 4785; baseline -0.004 -14"><span class='ocrx_word' id='word_1_718' title='bbox 2162 4715 2531 4785; x_wconf 88' lang='lat' dir='ltr'>tendensquc</span> <span class='ocrx_word' id='word_1_719' title='bbox 2564 4730 2805 4768; x_wconf 89' lang='lat' dir='ltr'>manum</span> <span class='ocrx_word' id='word_1_720' title='bbox 2841 4728 3007 4767; x_wconf 91' lang='lat' dir='ltr'>suam</span> <span class='ocrx_word' id='word_1_721' title='bbox 3041 4712 3124 4767; x_wconf 91' lang='lat' dir='ltr'>ait</span> <span class='ocrx_word' id='word_1_722' title='bbox 3156 4710 3396 4783; x_wconf 87' lang='lat' dir='ltr'>martyri</span> <span class='ocrx_word' id='word_1_723' title='bbox 3433 4728 3446 4766; x_wconf 94' lang='lat'>:</span> <span class='ocrx_word' id='word_1_724' title='bbox 3479 4708 3826 4765; x_wconf 86' lang='lat' dir='ltr'>Patriarcha</span> 
     </span>
    </p>
   </div>
   <div class='ocr_carea' id='block_1_109' title="bbox 2166 4799 3826 4870">
    <p class='ocr_par' dir='ltr' id='par_1_109' title="bbox 2166 4799 3826 4870">
     <span class='ocr_line' id='line_1_109' title="bbox 2166 4799 3826 4870; baseline -0.005 -10"><span class='ocrx_word' id='word_1_725' title='bbox 2166 4803 2506 4860; x_wconf 89' lang='lat' dir='ltr'>Gennadius</span> <span class='ocrx_word' id='word_1_726' title='bbox 2540 4802 2834 4870; x_wconf 85' lang='lat' dir='ltr'>significat</span> <span class='ocrx_word' id='word_1_727' title='bbox 2862 4802 3048 4867; x_wconf 92' lang='lat' dir='ltr'>vobis,</span> <span class='ocrx_word' id='word_1_728' title='bbox 3084 4805 3286 4855; x_wconf 88' lang='lat' dir='ltr'>sancte</span> <span class='ocrx_word' id='word_1_729' title='bbox 3326 4799 3544 4855; x_wconf 87' lang='lat' dir='ltr'>Christi</span> <span class='ocrx_word' id='word_1_730' title='bbox 3596 4804 3826 4869; x_wconf 83' lang='lat' dir='ltr'>martyr</span> 
     </span>
    </p>
   </div>
   <div class='ocr_carea' id='block_1_110' title="bbox 2165 4887 3823 4963">
    <p class='ocr_par' dir='ltr' id='par_1_110' title="bbox 2165 4887 3823 4963">
     <span class='ocr_line' id='line_1_110' title="bbox 2165 4887 3823 4963; baseline -0.003 -17"><span class='ocrx_word' id='word_1_731' title='bbox 2165 4891 2483 4957; x_wconf 86' lang='lat' dir='ltr'>Eleutheri,</span> <span class='ocrx_word' id='word_1_732' title='bbox 2510 4908 2615 4963; x_wconf 91' lang='lat' dir='ltr'>per</span> <span class='ocrx_word' id='word_1_733' title='bbox 2640 4908 2729 4946; x_wconf 90' lang='lat' dir='ltr'>me</span> <span class='ocrx_word' id='word_1_734' title='bbox 2753 4894 3137 4962; x_wconf 89' lang='lat' dir='ltr'>peccatorem,</span> <span class='ocrx_word' id='word_1_735' title='bbox 3162 4890 3301 4960; x_wconf 89' lang='lat' dir='ltr'>quia</span> <span class='ocrx_word' id='word_1_736' title='bbox 3323 4888 3490 4943; x_wconf 87' lang='lat' dir='ltr'>miles</span> <span class='ocrx_word' id='word_1_737' title='bbox 3511 4892 3645 4943; x_wconf 89' lang='lat' dir='ltr'>tuus</span> <span class='ocrx_word' id='word_1_738' title='bbox 3666 4887 3823 4942; x_wconf 81' lang='lat' dir='ltr'>mul-</span> 
     </span>
    </p>
   </div>
   <div class='ocr_carea' id='block_1_111' title="bbox 2165 4978 3825 5052">
    <p class='ocr_par' dir='ltr' id='par_1_111' title="bbox 2165 4978 3825 5052">
     <span class='ocr_line' id='line_1_111' title="bbox 2165 4978 3825 5052; baseline -0.003 -16"><span class='ocrx_word' id='word_1_739' title='bbox 2165 4984 2292 5036; x_wconf 90' lang='lat' dir='ltr'>tum</span> <span class='ocrx_word' id='word_1_740' title='bbox 2328 4987 2544 5052; x_wconf 90' lang='lat' dir='ltr'>peccat.</span> <span class='ocrx_word' id='word_1_741' title='bbox 2568 4982 2682 5035; x_wconf 86' lang='lat' dir='ltr'>Aut</span> <span class='ocrx_word' id='word_1_742' title='bbox 2712 4982 2962 5035; x_wconf 89' lang='lat' dir='ltr'>emenda</span> <span class='ocrx_word' id='word_1_743' title='bbox 2990 4978 3181 5046; x_wconf 89' lang='lat' dir='ltr'>illum,</span> <span class='ocrx_word' id='word_1_744' title='bbox 3202 4982 3303 5033; x_wconf 92' lang='lat' dir='ltr'>aut</span> <span class='ocrx_word' id='word_1_745' title='bbox 3326 4978 3572 5048; x_wconf 65' lang='lat' dir='ltr'>prwcide</span> <span class='ocrx_word' id='word_1_746' title='bbox 3592 4978 3825 5031; x_wconf 82' lang='lat' dir='ltr'>eum-In</span> 
     </span>
    </p>
   </div>
   <div class='ocr_carea' id='block_1_112' title="bbox 2166 5065 3829 5136">
    <p class='ocr_par' dir='ltr' id='par_1_112' title="bbox 2166 5065 3829 5136">
     <span class='ocr_line' id='line_1_112' title="bbox 2166 5065 3829 5136; baseline -0.002 -11"><span class='ocrx_word' id='word_1_747' title='bbox 2166 5072 2490 5126; x_wconf 89' lang='lat' dir='ltr'>crastinum</span> <span class='ocrx_word' id='word_1_748' title='bbox 2505 5086 2637 5125; x_wconf 92' lang='lat' dir='ltr'>vero</span> <span class='ocrx_word' id='word_1_749' title='bbox 2654 5073 2921 5123; x_wconf 87' lang='lat' dir='ltr'>mortuus</span> <span class='ocrx_word' id='word_1_750' title='bbox 2942 5068 3216 5122; x_wconf 89' lang='lat' dir='ltr'>inventus</span> <span class='ocrx_word' id='word_1_751' title='bbox 3230 5065 3615 5122; x_wconf 89' lang='lat' dir='ltr'>estseelerum</span> <span class='ocrx_word' id='word_1_752' title='bbox 3630 5065 3829 5136; x_wconf 82' lang='lat' dir='ltr'>opifex</span> 
     </span>
    </p>
   </div>
   <div class='ocr_carea' id='block_1_113' title="bbox 2166 5155 3830 5228">
    <p class='ocr_par' dir='ltr' id='par_1_113' title="bbox 2166 5155 3830 5228">
     <span class='ocr_line' id='line_1_113' title="bbox 2166 5155 3830 5228; baseline -0.002 -13"><span class='ocrx_word' id='word_1_753' title='bbox 2166 5158 2493 5226; x_wconf 87' lang='lat' dir='ltr'>Charisius,</span> <span class='ocrx_word' id='word_1_754' title='bbox 2527 5164 2586 5215; x_wconf 90' lang='lat' dir='ltr'>et</span> <span class='ocrx_word' id='word_1_755' title='bbox 2632 5175 2838 5213; x_wconf 90' lang='lat' dir='ltr'>omnes</span> <span class='ocrx_word' id='word_1_756' title='bbox 2898 5156 3287 5228; x_wconf 90' lang='lat' dir='ltr'>obstupefacti</span> <span class='ocrx_word' id='word_1_757' title='bbox 3346 5155 3830 5227; x_wconf 80' lang='lat' dir='ltr'>glorificaverunt</span> 
     </span>
    </p>
   </div>
   <div class='ocr_carea' id='block_1_114' title="bbox 2170 5249 2375 5304">
    <p class='ocr_par' dir='ltr' id='par_1_114' title="bbox 2170 5249 2375 5304">
     <span class='ocr_line' id='line_1_114' title="bbox 2170 5249 2375 5304; baseline -0.01 0"><span class='ocrx_word' id='word_1_758' title='bbox 2170 5249 2375 5304; x_wconf 90' lang='lat' dir='ltr'>Deum.</span> 
     </span>
    </p>
   </div>
   <div class='ocr_carea' id='block_1_115' title="bbox 2750 5322 3244 5391">
    <p class='ocr_par' dir='ltr' id='par_1_115' title="bbox 2750 5322 3244 5391">
     <span class='ocr_line' id='line_1_115' title="bbox 2750 5322 3244 5391; baseline -0.004 0"><span class='ocrx_word' id='word_1_759' title='bbox 2750 5334 2982 5391; x_wconf 80' lang='lat' dir='ltr'>CAPUT</span> <span class='ocrx_word' id='word_1_760' title='bbox 3020 5322 3244 5389; x_wconf 83' lang='lat' dir='ltr'>CXLVI.</span> 
     </span>
    </p>
   </div>
   <div class='ocr_carea' id='block_1_116' title="bbox 2408 5420 3597 5495">
    <p class='ocr_par' dir='ltr' id='par_1_116' title="bbox 2408 5420 3597 5495">
     <span class='ocr_line' id='line_1_116' title="bbox 2408 5420 3597 5495; baseline -0.002 -17"><span class='ocrx_word' id='word_1_761' title='bbox 2408 5424 2549 5480; x_wconf 79' lang='lat' dir='ltr'>Visio</span> <span class='ocrx_word' id='word_1_762' title='bbox 2581 5424 2809 5492; x_wconf 86' lang='lat' dir='ltr'>Eulogii</span> <span class='ocrx_word' id='word_1_763' title='bbox 2834 5422 3168 5495; x_wconf 56' lang='lat' dir='ltr'>patriarcha</span> <span class='ocrx_word' id='word_1_764' title='bbox 3200 5420 3597 5478; x_wconf 74' lang='lat' dir='ltr'>Alexandrini.</span> 
     </span>
    </p>
   </div>
   <div class='ocr_carea' id='block_1_117' title="bbox 2243 5510 3829 5581">
    <p class='ocr_par' dir='ltr' id='par_1_117' title="bbox 2243 5510 3829 5581">
     <span class='ocr_line' id='line_1_117' title="bbox 2243 5510 3829 5581; baseline 0.001 -13"><span class='ocrx_word' id='word_1_765' title='bbox 2243 5513 2386 5568; x_wconf 89' lang='lat' dir='ltr'>Cum</span> <span class='ocrx_word' id='word_1_766' title='bbox 2421 5530 2689 5569; x_wconf 86' lang='lat' dir='ltr'>essemus</span> <span class='ocrx_word' id='word_1_767' title='bbox 2728 5513 2784 5567; x_wconf 93' lang='lat' dir='ltr'>in</span> <span class='ocrx_word' id='word_1_768' title='bbox 2819 5514 3022 5569; x_wconf 88' lang='lat' dir='ltr'>eodem</span> <span class='ocrx_word' id='word_1_769' title='bbox 3057 5512 3339 5581; x_wconf 75' lang='lat' dir='ltr'>cmnobio,</span> <span class='ocrx_word' id='word_1_770' title='bbox 3368 5510 3625 5567; x_wconf 88' lang='lat' dir='ltr'>narravit</span> <span class='ocrx_word' id='word_1_771' title='bbox 3655 5510 3829 5569; x_wconf 89' lang='lat' dir='ltr'>nobis</span> 
     </span>
    </p>
   </div>
   <div class='ocr_carea' id='block_1_118' title="bbox 2171 5602 3828 5675">
    <p class='ocr_par' dir='ltr' id='par_1_118' title="bbox 2171 5602 3828 5675">
     <span class='ocr_line' id='line_1_118' title="bbox 2171 5602 3828 5675; baseline -0.001 -14"><span class='ocrx_word' id='word_1_772' title='bbox 2171 5603 2352 5661; x_wconf 86' lang='lat' dir='ltr'>abbas</span> <span class='ocrx_word' id='word_1_773' title='bbox 2382 5606 2598 5671; x_wconf 85' lang='lat' dir='ltr'>Menas,</span> <span class='ocrx_word' id='word_1_774' title='bbox 2633 5603 2881 5659; x_wconf 87' lang='lat' dir='ltr'>coenobii</span> <span class='ocrx_word' id='word_1_775' title='bbox 2913 5602 3100 5675; x_wconf 90' lang='lat' dir='ltr'>ipsius</span> <span class='ocrx_word' id='word_1_776' title='bbox 3134 5602 3409 5669; x_wconf 88' lang='lat' dir='ltr'>Pater,de</span> <span class='ocrx_word' id='word_1_777' title='bbox 3439 5605 3644 5659; x_wconf 87' lang='lat' dir='ltr'>sancto</span> <span class='ocrx_word' id='word_1_778' title='bbox 3676 5617 3828 5673; x_wconf 80' lang='lat' dir='ltr'>papa</span> 
     </span>
    </p>
   </div>
  </div>
