3986 6168
231 305 318 358 193

230 516 544 572 matutinam
577 514 802 567 laudem
839 511 1160 567 celebraret
1184 511 1238 566 in
1255 515 1633 585 episcopatus
1657 517 1848 568 orato-

229 604 639 673 rio,viditprope
655 618 715 656 se
729 600 1255 655 assistereJulianu
1272 618 1325 656 m
1343 601 1847 656 archidiaconum.

227 695 382 758 Quem
400 691 894 746 utviditturbatus
910 695 1018 755 est,
1044 707 1147 744 cur
1175 690 1848 762 fuissetaususingredi,

228 783 353 837 nihil
387 781 466 834 illi
501 781 799 843 nuntians,
824 780 1008 833 tacuit
1041 785 1255 834 tamen.
1285 781 1349 834 Et
1389 797 1520 835 cum
1552 779 1854 850 implesset

231 871 516 942 psalmum,
549 869 860 941 prostravit
880 886 940 923 se
963 869 1147 923 humi.
1171 870 1451 924 Fecithoc
1474 871 1628 924 906
1656 871 1850 940 ipsum

227 967 274 1016 et
299 960 343 1014 is
372 961 466 1028 qui
496 959 553 1013 in
586 959 781 1030 specie
803 956 1022 1012 Iuliani
1049 958 1449 1012 archidiaconi
1477 963 1850 1029 apparuerat.

230 1049 416 1104 Deinde
430 1064 560 1101 cum
578 1048 839 1102 oratione
855 1047 1372 1102 factasurrexisset
1389 1047 1739 1119 patriarcha,
1760 1046 1855 1100 ille

229 1137 585 1193 nihilominus
603 1137 659 1190 in
685 1137 1286 1207 pavimentojacebat.
1309 1137 1641 1192 Conversus
1658 1141 1850 1191 autem

230 1227 456 1298 pontifex
487 1226 631 1280 dicit
664 1225 788 1280 illi:
825 1225 1117 1288 Quamdiu
1153 1242 1266 1279 non
1295 1225 1537 1295 surgis?
1571 1226 1668 1279 Ait
1694 1241 1705 1280 :
1731 1223 1853 1278 Nisi

229 1316 349 1372 mihi
383 1318 500 1387 ipse
520 1331 762 1370 manum
780 1315 1046 1385 porrigas
1060 1315 1318 1385 eterigas
1338 1331 1450 1376 me,
1479 1330 1718 1385 surgere
1738 1330 1853 1367 non

230 1423 460 1478 possum.
494 1406 662 1460 Tunc
693 1405 951 1459 extendit
986 1417 1220 1459 manum
1252 1421 1418 1458 suam
1454 1403 1754 1475 Eulogius,
1792 1419 1856 1457 ac

229 1505 406 1551 tenens
438 1496 619 1549 erexit
653 1494 839 1560 illum,
873 1493 1164 1564 coepitque
1195 1493 1405 1548 iterum
1430 1493 1696 1564 psallere.
1719 1497 1858 1546 Post

229 1585 504 1656 paululum
525 1589 726 1638 autem
748 1599 1086 1647 conversus,
1110 1584 1400 1636 neminem
1419 1581 1575 1636 vidit.
1601 1583 1741 1636 Cum
1761 1582 1860 1652 igi-

228 1673 605 1744 turimplesset
621 1671 942 1726 matutinas
957 1670 1748 1735 laudes,vocavitcubiculari
1763 1686 1859 1723 um

1515 303 1813 356 PRATUM
1852 302 2299 358 SPIRITUALB.

227 426 579 484 Alexandrino
596 423 1062 496 Eulogio,dicens
1082 442 1092 478 :
1113 427 1559 496 Noctequadam
1578 442 1711 480 cum
1729 425 1838 480 sibi
1872 427 1925 492 Α

3504 312 3604 367 194

2488 428 2719 484 CAPUT
2768 429 3066 487 CXLVIII.

1959 517 2098 572 Visiu
2131 519 2388 575 Theodori
2415 522 2656 591 episcopi
2704 521 2906 576 Dama:
2943 519 3008 574 de
3045 523 3226 577 eodem
3279 523 3595 581 beatissimo

2683 593 2873 645 Leone.

2026 695 2363 751 Theodorus
2389 698 2805 752 sanctissimus
2827 697 3139 768 episcopus
3182 699 3384 756 Darnze
3407 703 3604 758 civita-

1956 785 2051 852 tis,
2071 803 2194 856 quze
2213 788 2268 839 in
2287 787 2584 855 Libyaest,
2610 787 2862 841 narravit
2883 787 3070 852 nobis,
3088 787 3286 842 dicens
3307 792 3474 846 :Cum
3509 808 3603 847 es-

1957 891 2076 928 sem
2114 875 2510 930 cubicularius
2526 876 2707 930 sancti
2728 893 2887 946 papa:
2909 875 3156 945 Eulogii,
3173 876 3286 930 vidi
3305 878 3359 931 in
3380 882 3604 936 somnis

1957 963 2079 1017 viru
2092 980 2144 1017 m
2163 965 2430 1018 reverend
2446 965 2456 1016 i
2474 964 2674 1018 habitu
2686 969 2963 1030 s,statura
2984 981 3220 1035 proceru
3233 983 3285 1019 m
3298 967 3606 1029 ,dicentem

1960 1053 2142 1108 mihi:
2180 1054 2398 1107 Nuntia
2431 1070 2623 1107 meum
2661 1070 2819 1123 papas
2851 1053 3093 1124 Eulogio
3139 1055 3476 1110 adventum.
3523 1059 3605 1112 Ad

1959 1157 2131 1211 quem
2161 1158 2300 1213 ego:
2336 1141 2476 1205 Quis
2509 1143 2865 1211 es,domine,
2903 1143 3191 1213 quijubes
3216 1148 3277 1198 ut
3300 1147 3562 1201 nuntiem
3585 1147 3612 1201 Ἰ

1963 1231 2341 1301 Respondens
2375 1231 2471 1284 ille
2495 1230 2639 1284 dixit
2665 1230 2806 1284 mihi
2836 1247 2848 1284 :
2875 1237 2994 1302 Ego
3017 1249 3147 1286 sum
3175 1233 3284 1288 Leo
3310 1233 3609 1291 Romanus

1962 1320 2234 1390 pontifex.
2257 1320 2561 1390 Ingressus
2590 1319 2765 1390 igitur
2789 1337 2894 1390 ego
2915 1321 3197 1388 nuntiavi,
3216 1323 3448 1379 dicens:
3469 1325 3614 1379 San-

1961 1409 2332 1464 ctissimuset
2349 1410 2726 1464 beatissimus
2748 1428 2892 1480 papa
2915 1411 3020 1465 Leo
3037 1411 3310 1466 Romanis
3331 1414 3488 1470 sedis
3512 1432 3609 1470 an-

1961 1499 2126 1553 tistes
2159 1499 2467 1553 convenire
2501 1515 2600 1553 vos
2632 1499 2777 1553 vult.
2835 1504 2975 1553 Cum
3026 1500 3135 1554 hoc
3167 1502 3430 1557 audisset
3463 1521 3613 1574 papa

1963 1586 2265 1658 Eulogius,
2300 1603 2619 1657 exsurgens
2653 1587 2915 1643 concitus
2937 1589 3195 1644 cucurrit
3219 1591 3272 1643 in
3295 1607 3608 1648 occursum

1962 1676 2110 1743 ejus.
2137 1676 2588 1747 Salutantesque
2621 1677 2964 1741 seinvicem,
2984 1680 3242 1732 oratione
3264 1680 3432 1746 facta,
3455 1697 3609 1736 rese-

228 1760 808 1832 suum,dixitqueilli:
837 1761 950 1814 Cur
967 1777 1080 1815 non
1103 1760 1464 1814 annuntiasti
1488 1759 1627 1813 mihi
1664 1758 1854 1813 archi-
1888 1793 1933 1858 Β
1965 1764 3102 1820 derunt.Tuncverodivinuseteximius
3127 1767 3608 1825 Leodixitsancto

229 1850 430 1906 diaconi
449 1851 788 1922 ingressum
811 1867 822 1915 ;
849 1850 949 1904 sed
967 1849 1046 1903 ita
1071 1866 1185 1904 non
1209 1847 1760 1903 nuntiatusintravit
1781 1847 1852 1902 ad

232 1957 306 1995 me
334 1940 433 1995 hac
449 1940 660 1995 nocte?
677 1944 734 1994 at
758 1938 855 1993 ille
872 1954 1053 2008 neque
1071 1939 1286 1993 vidisse
1313 1955 1375 1993 se
1390 1937 1645 2008 aliquem
1673 1952 1858 2006 neque

231 2031 536 2101 ingressum
565 2045 695 2083 esse
713 2029 1082 2082 asseveravit.
1102 2028 1224 2081 Non
1242 2028 1487 2082 credidit
1503 2026 1856 2098 patriarcha,

230 2119 310 2172 sed
326 2119 398 2173 ait
415 2118 598 2173 :Voca
617 2117 757 2171 mihi
775 2117 890 2172 huc
905 2116 1467 2171 hucostiarium.Cui
1483 2114 1733 2170 venienti
1751 2114 1854 2168 ait:

231 2208 406 2262 Nonne
423 2208 730 2278 ingressus
745 2211 832 2260 est
848 2207 996 2261 hch
1013 2206 1244 2260 ulianus
1259 2203 1859 2259 archidiaconus‘nlle

228 2312 338 2351 vero
366 2313 494 2350 cum
521 2294 1406 2366 juramentoafﬁrmabatillum
1429 2309 1615 2364 neque
1635 2294 1858 2363 ingres-

229 2402 336 2439 sum
371 2401 558 2457 neque
581 2399 889 2454 egressum
923 2400 1069 2438 esse.
1105 2381 1298 2437 Tacui!
1322 2383 1560 2452 quidem
1597 2388 1734 2436 tunc
1755 2399 1859 2452 pa-

229 2475 484 2528 triarcha:
507 2490 684 2527 utane
711 2477 907 2526 autem
938 2473 1108 2536 facto,
1127 2471 1859 2526 ascenditarcbidiaconus

226 2563 500 2628 Julianus,
537 2567 612 2616 ut
637 2563 926 2629 adoraret,
954 2560 1214 2630 dixitque
1247 2559 1330 2613 illi
1361 2560 1614 2631 pontifex
1641 2561 1862 2624 :Quare

227 2668 323 2705 non
337 2651 578 2707 servasti
605 2650 890 2715 ordinem,
912 2649 1317 2704 archidiacone
1336 2649 1589 2716 Juliane,
1611 2649 1708 2703 sed
1727 2647 1861 2702 abs-

227 2759 323 2811 que
353 2741 560 2795 nuntio
602 2739 918 2794 ascendisti
954 2739 1022 2792 ad
1069 2755 1159 2793 me
1214 2745 1380 2793 nocte
1413 2738 1570 2792 ista?
1608 2737 1715 2800 Qui
1741 2737 1858 2790 ait:

228 2829 317 2883 Per
332 2832 627 2884 orationes
645 2828 869 2882 domini
893 2827 1026 2894 mei,
1056 2842 1241 2897 neque
1267 2827 1374 2880 huc
1395 2827 1655 2891 escendi,
1676 2841 1863 2895 neque

228 2921 287 2974 de
318 2921 481 2975 domo
513 2917 821 2981 descendi,
857 2915 970 2970 nisi
1001 2917 1141 2970 hora
1163 2917 1273 2970 ista
1298 2920 1550 2970 tantum.
1575 2913 1864 2968 lutellexit

233 3014 352 3062 tunc
385 3024 638 3078 magnus
673 3004 950 3076 Eulogius
984 3004 1277 3058 lulianum
1305 3022 1366 3058 se
1397 3003 1614 3058 vidisse
1648 3009 1862 3065 marty-

234 3111 358 3160 rem,
393 3097 731 3149 bortantem
766 3108 827 3146 se
861 3092 928 3145 ad
957 3092 1308 3145 erectionem
1344 3091 1546 3161 templi
1569 3090 1682 3156 sui,
1708 3089 1862 3160 quod

1965 1853 2206 1924 Eulogio
2231 1870 2242 1906 :
2263 1854 2386 1908 Scis
2407 1871 2586 1924 quare
2608 1854 2716 1907 huc
2743 1854 2995 1908 venerim
3023 1856 3092 1908 ad
3117 1857 3264 1911 vos?
3288 1857 3609 1929 Respondit

1963 1942 2098 1997 ille:
2135 1943 2281 1996 Non.
2321 1943 2416 1996 Ait
2448 1942 2596 2013 ipsi:
2632 1941 2773 1996 Veni
2809 1948 2873 1996 ut
2904 1943 3066 1997 vobis
3097 1943 3317 2014 gratias
3351 1962 3606 2018 agerem,

1965 2031 2094 2100 quia
2118 2032 2223 2085 rite
2241 2035 2296 2085 et
2319 2031 2626 2101 magniﬁce
2648 2049 2746 2102 pro
2769 2032 3019 2101 epistola
3042 2049 3170 2087 mea
3195 2036 3607 2106 respondistis,

1967 2137 2141 2190 quam
2167 2119 2517 2190 scripseram
2539 2120 2609 2174 ad
2631 2121 2862 2174 fratrem
2887 2136 3080 2174 meum
3102 2121 3442 2178 Flavianum
3467 2125 3608 2180 Con-

1966 2207 2553 2277 stantinopolitanum
2589 2207 3001 2278 patriarcham,
3029 2225 3262 2264 sensum
3284 2211 3521 2281 quidem
3555 2217 3612 2268 et

1965 2297 2314 2352 sententiam
2332 2313 2518 2351 meam
2535 2297 3291 2367 aperientes,hmreticorum
3309 2306 3494 2355 autem
3511 2319 3614 2357 ora

1966 2386 2360 2441 obstruentes.
2396 2385 2550 2440 Scito
2572 2389 2789 2450 autem,
2812 2385 3003 2453 frater,
3026 2385 3166 2456 quia
3191 2403 3302 2441 non
3327 2389 3467 2442 mihi
3490 2396 3611 2444 tan-

1965 2483 2089 2530 tum
2126 2483 2381 2531 vestrum
2415 2473 2952 2530 divinumlaborem
2987 2477 3370 2547 studiumque
3402 2485 3616 2534 contu-

1966 2566 2139 2631 listis,
2157 2565 2254 2619 sed
2275 2565 2449 2619 etiam
2466 2580 2741 2635 supremo
2757 2565 2996 2618 culmini
3016 2565 3408 2634 apostolorum
3430 2573 3612 2636 Petro,

1970 2661 2025 2709 et
2043 2655 2150 2724 ipsi
2175 2671 2287 2724 pra:
2306 2653 2582 2707 omnibus
2607 2669 2729 2721 qua:
2750 2669 2782 2705 a
2814 2653 2980 2707 nobis
3001 2653 3614 2726 praedicaturveritati,

1969 2759 2095 2813 qua:
2128 2749 2218 2797 est
2258 2742 2528 2796 Christus
2560 2742 2714 2796 Deus
2747 2747 2958 2795 noster.
2998 2744 3118 2797 Ista
3141 2760 3251 2798 non
3279 2745 3457 2799 semel
3488 2750 3615 2800 tan-

1970 2837 2118 2899 tum,
2154 2832 2254 2885 sed
2290 2831 2380 2886 bis
2412 2836 2614 2900 terque
2647 2830 3036 2901 conspiciens,
3072 2832 3226 2886 trina
3255 2834 3618 2903 apparitione

1970 2921 2239 2974 ﬁrmatus
2256 2920 2517 2974 enarravi
2539 2923 2741 2973 sancto
2771 2936 2930 2990 papa}
2952 2920 3212 2990 Eulogio.
3247 2923 3500 2985 Quicum
3521 2941 3618 2978 au-

1971 3009 3170 3080 disset,lacrymatusest,extendensquein
3188 3010 3536 3066 cmlumman
3550 3029 3618 3068 us

1978 3115 2136 3163 suas,
2173 3097 2286 3152 Deo
2318 3096 2536 3165 gratias
2569 3095 2766 3149 retulit
2806 3096 3041 3151 dicens:
3074 3099 3299 3153 Gratias
3349 3101 3453 3154 tibi
3487 3118 3618 3169 ago,

232 3199 287 3238 ex
315 3190 571 3255 tempore
591 3183 772 3236 ferme
790 3180 1110 3236 resolutum
1141 3187 1196 3234 et
1219 3180 1612 3248 antiquatum,
1633 3177 1862 3231 ruinam
1897 3151 1938 3217 (ί
1979 3186 2312 3240 dominator
2341 3184 2567 3238 Christe
2596 3183 2746 3237 Deus
2779 3189 3000 3248 noster,
3033 3188 3170 3255 quia
3187 3203 3315 3241 cum
3343 3151 3620 3259 indigrijus,

233 3275 306 3326 sui
327 3273 694 3337 minabatur;
713 3287 1040 3339 magnaque
1054 3285 1186 3324 cum
1215 3269 1515 3323 alacritate
1530 3266 1871 3322 amantissi-

235 3378 345 3416 mus
372 3360 653 3433 martyris
688 3359 941 3430 porrexit
975 3375 1210 3423 manus,
1244 3359 1492 3428 ejusque
1513 3356 1693 3410 erexit
1723 3363 1868 3410 tem-

234 3449 395 3520 plum,
421 3468 452 3504 a
478 3448 887 3505 fundamentis
906 3447 1101 3519 ipsum
1119 3448 1460 3501 instaurans
1487 3450 1542 3500 et
1560 3445 1870 3515 omnigeno

234 3546 417 3595 ornatu
453 3540 795 3605 illustrans,
829 3543 892 3591 ut
923 3553 1088 3592 sacro
1123 3536 1360 3607 martyri
1395 3534 1798 3590 conveniebat.

772 3671 1006 3728 CAPUT
1049 3670 1318 3726 CXLVII.

241 3767 495 3820 Hirabilix
514 3761 834 3819 emendatio
848 3761 1093 3832 epistolae
1113 3761 1256 3814 beati
1274 3760 1467 3814 Leonis
1492 3757 1720 3813 Romani
1739 3773 1874 3828 pon-

576 3834 746 3904 tiﬁcis
777 3833 846 3886 ad
889 3833 1219 3888 Flavianum
1268 3833 1516 3902 scriptae.

294 3935 554 3990 Narravit
577 3935 751 3990 nobis
770 3939 826 3988 et
842 3933 954 3987 hoc
975 3933 1156 3987 abbas
1174 3937 1376 3987 Menas
1399 3931 1662 3999 ejusdem
1683 3945 1875 3985 caeno-

241 4025 303 4079 bii
334 4027 514 4095 Pater,
557 4025 801 4080 audisse
833 4040 894 4079 se
947 4022 1216 4078 eumdem
1260 4023 1530 4076 abbatem
1566 4021 1877 4092 Eulogium

238 4117 682 4171 Alexandrinum
729 4112 1119 4184 patriarcbam
1175 4110 1507 4165 dicentem:
1560 4114 1705 4165 Cum
1741 4126 1878 4180 pro-

245 4203 407 4258 fectus
429 4221 629 4261 essem
651 4200 1469 4272 Constantinopolim,fruitus
1501 4215 1631 4253 sum
1669 4204 1879 4253 contu-

241 4293 418 4350 bernio
431 4295 570 4349 dom
585 4293 641 4346 ni
667 4291 923 4356 Gregorii
948 4289 1192 4345 Romani
1213 4288 1637 4357 archidiaconi,
1660 4287 1878 4342 summi

243 4382 613 4453 etsingularis
628 4381 733 4435 viri
752 4398 766 4447 ;
785 4381 1157 4450 narravitque
1183 4377 1324 4432 mihi
1341 4378 1410 4431 de
1426 4376 1798 4432 sanctissimo
1817 4393 1882 4432 ac

243 4471 564 4526 beatissimo
606 4471 787 4524 Leone
805 4469 915 4539 (32)
951 4469 1211 4523 Romano
1232 4466 1523 4538 pontifice,
1550 4466 1749 4520 dicens
1773 4466 1878 4520 ha-

245 4558 346 4613 beri
375 4561 668 4632 scriptum
701 4557 759 4612 in
792 4557 1036 4613 ecclesia
1069 4556 1350 4623 Romana,
1382 4555 1534 4625 quod
1572 4570 1704 4609 cum
1737 4555 1878 4609 scri-

247 4648 438 4717 psisset.
468 4647 782 4720 epistolam
810 4647 879 4700 ad
901 4649 1170 4700 sanctum
1193 4643 1528 4698 Flavianum
1551 4643 1877 4698 Constanti-

248 4737 630 4806 n0politanum
666 4735 1008 4806 episCOpum
1043 4737 1246 4788 contra
1265 4733 1474 4803 impios
1493 4731 1789 4804 Eutychen
1811 4748 1876 4787 ac

248 4822 584 4889 Nestorium,
618 4824 880 4897 posuerit
908 4839 1034 4878 eam
1069 4839 1244 4894 super
1273 4821 1570 4876 tumulum
1597 4821 1879 4892 principis

250 4919 629 4981 apostolorum
665 4914 844 4976 Petri,
877 4917 932 4967 et
951 4911 1316 4967 orationibus
1339 4926 1404 4965 ac
1421 4909 1636 4981 vigiliis
1659 4911 1879 4979 etjeju-

252 5003 348 5058 niis
377 5020 610 5067 vacans,
630 5001 879 5057 oraverit
896 5001 1086 5073 ipsum
1107 5015 1404 5054 summum
1426 4997 1778 5069 apostolum,
1799 4999 1880 5052 di-

249 5106 403 5147 cens:
443 5094 502 5147 Si
532 5093 670 5162 quid
709 5098 772 5146 ut
802 5091 977 5145 homo
1007 5089 1093 5144 vel
1146 5088 1339 5144 minus
1372 5093 1540 5143 caute
1575 5088 1760 5158 posui,
1795 5086 1880 5142 vel

251 5179 404 5234 etiam
435 5180 635 5246 omisi,
668 5184 753 5245 tu,
787 5179 933 5234 cuia
955 5178 1195 5233 domino
1225 5178 1334 5231 Deo
1364 5177 1660 5231 Salvatore
1681 5180 1880 5230 nostro

249 5267 368 5324 Jesu
397 5270 628 5325 Christo
660 5274 715 5324 et
749 5268 917 5323 sedes
949 5267 1070 5323 hinc
1101 5272 1157 5322 et
1186 5266 1397 5323 eclesia
1427 5265 1742 5321 commissa
1771 5271 1880 5334 est,

252 5359 496 5412 emenda.
518 5363 656 5413 Post
673 5357 1061 5429 quadraginta
1079 5373 1210 5410 vero
1237 5356 1362 5410 dies
1381 5355 1654 5426 apparuit
1675 5355 1721 5410 ei
1745 5371 1882 5426 apo-

256 5447 424 5503 stolus
457 5439 668 5512 oranti,
703 5452 761 5502 et
791 5445 938 5500 dixit
967 5446 1056 5501 ei:
1113 5445 1274 5517 Legi,
1322 5449 1374 5499 et
1405 5445 1736 5500 emendavi.
1771 5447 1884 5501 Su-

257 5549 520 5606 mensque
551 5535 856 5608 epistolam
889 5536 960 5589 de
1001 5536 1268 5606 sepulcro
1290 5533 1438 5588 beati
1461 5535 1635 5600 Petri,
1659 5537 1888 5608 aperuit

254 5639 367 5680 eam
397 5632 452 5682 et
476 5625 693 5683 invenit
725 5623 1052 5696 apostolica
1084 5640 1262 5682 manu
1293 5624 1688 5681 emendatam.

1976 3274 2110 3338 sim,
2131 3274 2391 3328 veritatis
2410 3278 2522 3326 tua:
2561 3288 2881 3343 prmconem
2911 3290 3001 3327 me
3035 3274 3218 3329 facere
3241 3275 3516 3346 dignatus
3536 3295 3619 3346 es,

1976 3369 2034 3418 et
2066 3362 2461 3433 perorationes
2493 3377 2787 3415 servorum
2822 3367 3057 3416 tuorum
3110 3362 3259 3417 Petri
3294 3380 3358 3418 ac
3391 3365 3618 3432 Leonis,

1977 3468 2210 3522 parvam
2243 3455 2300 3504 et
2317 3450 2600 3506 modicam
2632 3449 2994 3505 alacritatem
3024 3457 3306 3517 nostram,
3338 3459 3622 3524 tanquam

1980 3543 2093 3595 duo
2124 3539 2308 3593 viduas
2333 3539 2581 3608 minuta,
2615 3555 2848 3592 summa
2868 3545 2924 3593 et
2959 3539 3238 3594 ineffabili
3265 3541 3625 3614 benignitate

1978 3633 2081 3683 tua
2111 3628 2410 3698 suscipere
2436 3627 2714 3698 dignatus
2744 3643 2827 3682 es.

2545 3751 2776 3807 CAPUT
2815 3751 3052 3806 CXLIX.

1982 3843 2267 3914 Stupenda
2300 3841 2507 3896 relatio
2537 3842 2693 3915 Amos
2721 3842 3068 3911 patriarchae
3098 3844 3549 3915 Jerosolymitani
3567 3846 3633 3901 de

2230 3915 2584 3967 sanctissimo
2617 3914 2789 3967 Leone
2819 3915 3072 3982 pontiﬁce
3123 3914 3378 3971 Romano.

2055 4020 2197 4074 Cum
2232 4017 2630 4074 descendisset
2652 4019 2833 4072 abbas
2854 4019 3089 4074 Ammos
3109 4019 3558 4092 Jerosolymam,
3579 4027 3636 4077 et

1986 4107 2315 4181 patriarcha
2355 4108 2660 4162 ordinatus
2693 4111 2866 4171 esset,
2899 4108 3046 4160 907
3102 4113 3393 4162 venerunt
3426 4125 3632 4165 omnes

1988 4196 2477 4253 monasteriorum
2500 4195 2677 4250 eremi
2696 4196 2957 4260 abbates,
2976 4197 3528 4263 ntadorarenteum,
3551 4199 3634 4252 in-

1986 4291 2075 4341 ter
2106 4303 2252 4356 quos
2270 4285 2429 4340 adfui
2462 4289 2517 4339 et
2535 4300 2785 4355 egocum
2812 4284 3020 4338 abbate
3040 4300 3187 4340 meo.
3211 4285 3512 4356 Cmpitque
3537 4302 3632 4356 pa-

1989 4376 2243 4430 triarcha
2283 4375 2475 4428 dicere
2523 4373 2824 4443 patribus:
2875 4373 3044 4427 Orate
3079 4389 3180 4443 pro
3228 4390 3340 4441 me,
3393 4374 3630 4443 Patres;

1992 4481 2271 4536 magnum
2294 4463 2447 4518 enim
2480 4479 2628 4516 onus
2652 4467 2709 4516 et
2743 4461 3106 4516 intolerabile
3130 4463 3274 4516 mihi
3301 4464 3633 4534 injunctum

1986 4560 2095 4620 est,
2115 4553 2539 4623 sacerdotiique
2557 4551 2809 4622 dignitas
2828 4567 2918 4605 me
2938 4556 3111 4607 terret
3128 4551 3463 4608 immodice.
3484 4554 3633 4610 Petri

1988 4645 2141 4698 enim
2175 4649 2229 4696 et
2253 4641 2412 4696 Pauli
2441 4645 2496 4694 et
2522 4639 2804 4695 similium
2828 4646 2914 4694 est
2940 4656 3137 4712 regere
3161 4642 3476 4697 rationales
3505 4643 3636 4698 ani-

1990 4749 2148 4788 mas:
2183 4747 2289 4802 ego
2322 4736 2516 4784 autem
2550 4729 2746 4783 infelix
2776 4736 3046 4800 peccator
3072 4747 3227 4786 sum.
3277 4731 3407 4786 Plus
3440 4737 3634 4787 autem

1988 4838 2165 4892 quam
2183 4826 2386 4876 caetera
2408 4819 2582 4873 timeo
2601 4819 3033 4872 ordinationum
3059 4821 3346 4874 sarcinam
3366 4841 3378 4888 ;
3399 4838 3533 4876 nam
3553 4822 3635 4875 in-

1989 4912 2115 4966 veni
2150 4911 2434 4980 scriptum
2471 4909 2608 4979 quia
2642 4909 3017 4962 beatissimus
3050 4915 3103 4963 et
3135 4909 3376 4981 aequalis
3411 4911 3638 4981 angelis

1990 5018 2140 5074 papa
2173 5001 2302 5062 Leo,
2339 4998 2438 5070 qui
2492 5002 2886 5051 Romanorum
2940 4998 3205 5053 Ecclesia:
3250 5000 3501 5069 prmfuit,
3537 5016 3638 5071 per

1991 5090 2142 5161 quad
2155 5087 2521 5158 ragintadies
2539 5087 2925 5156 perseveravit
2947 5088 3015 5140 ad
3034 5087 3369 5157 sepulcrum
3389 5089 3638 5160 apostoli

1994 5176 2389 5247 Petri,vigiliis
2417 5181 2472 5230 et
2490 5175 2855 5232 orationibus
2875 5177 3179 5244 insistens,
3217 5184 3540 5250 petensque
3568 5179 3637 5233 ab

1994 5267 2256 5340 apostolo
2289 5270 2352 5321 ut
2371 5282 2471 5336 pro
2491 5282 2550 5320 se
2569 5266 2718 5334 apud
2742 5265 2922 5320 Deum
2941 5266 3344 5330 intercederet,
3365 5274 3423 5321 ut
3440 5267 3636 5321 dimit-

1996 5363 2252 5414 terentur
2265 5355 2374 5411 sibi
2395 5360 2628 5426 peccata
2643 5371 2768 5409 sua.
2783 5356 3158 5425 lmpletisque
3175 5357 3378 5410 diebus
3395 5357 3644 5427 quadra-

1996 5449 2181 5519 ginta,
2214 5445 2488 5518 apparuit
2519 5445 2568 5498 ei
2603 5445 2902 5514 apostolus
2937 5449 3163 5510 Petrus,
3198 5446 3436 5500 dicens:
3471 5441 3640 5498 Oravi

1999 5555 2100 5609 pro
2135 5542 2210 5604 te,
2243 5542 2299 5590 et
2321 5534 2566 5588 dimissa
2587 5535 2845 5588 sunttibi
2872 5534 3068 5588 omnia
3088 5537 3322 5604 peccata
3350 5536 3470 5597 tua,
3494 5547 3640 5602 prae-

1998 5632 2270 5698 terquam
2318 5622 2715 5694 impositionis
2769 5638 3042 5676 manum:
3095 5622 3202 5676 hoc
3246 5619 3400 5675 enim
3448 5618 3640 5676 solum
