3986 6168
463 308 566 362 195

1652 309 1750 362 ΒΕ
1788 308 1977 362 VITIS
2013 307 2312 364 PATRUM
2350 310 2566 364 LIBER
2603 310 2676 362 X.

3737 312 3827 368 196

457 435 563 489 abs
589 438 644 488 te
675 432 1027 504 requiratur,
1062 433 1182 489 sive
1212 432 1379 501 bene,
1414 430 1532 488 sive
1565 431 1832 489 fortassis
1849 431 2018 488 aliter
2038 431 2098 486 id
2127 438 2176 502 Α
2212 430 3684 504 consideratoquejudicio,etmagnalonganimitate
3704 453 3828 507 pro-

454 523 665 594 egeris.

1097 628 1328 685 CAPUT
1358 631 1463 686 CL.

620 747 738 801 Vita
766 748 816 800 et
841 747 1101 800 sanctitas
1129 744 1368 817 episcopi
1397 744 1643 800 civitatis
1674 743 1934 800 numelli.

523 890 791 944 Narravit
815 888 982 944 nobis
1005 888 1183 943 abbas
1215 888 1616 944 Theodoretus
1638 891 1974 949 Romamus,
2008 886 2101 940 di-

454 995 591 1034 cens
609 995 621 1031 :
640 979 739 1032 Est
757 979 954 1049 procul
973 995 1000 1032 a
1020 977 1430 1032 Romanaurbe
1445 978 1616 1032 breve
1629 974 2099 1047 oppidum,quod

454 1067 781 1124 Rumellum
823 1067 1072 1122 dicitur:
1106 1066 1162 1120 in
1196 1083 1262 1121 eo
1295 1066 1574 1138 oppidulo
1623 1065 1931 1138 episcopus
1977 1070 2103 1120 erat

455 1173 677 1228 magna)
703 1157 932 1211 virtutis
949 1161 1003 1210 et
1021 1155 1234 1210 meriti.
1257 1155 1357 1211 Die
1376 1173 1511 1226 ergo
1527 1155 1779 1226 quadam
1806 1154 2097 1209 habitato-

451 1263 544 1301 res
577 1246 776 1318 oppidi
796 1247 1042 1316 ingressi
1069 1251 1209 1300 sunt
1233 1247 1301 1298 ad
1340 1245 1746 1300 beatissimum
1773 1244 2097 1298 Romanum

450 1336 774 1391 antistitem
807 1337 1152 1406 Agapetum,
1177 1339 1516 1391 accusantes
1542 1334 1878 1406 episcopum
1898 1349 2098 1400 suum,

453 1442 518 1480 ac
550 1426 850 1480 dicentes:
888 1425 1034 1488 Quia
1082 1425 1139 1479 in
1183 1424 1545 1480 sanctiﬁcato
1577 1441 1711 1479 vase
1761 1424 2094 1478 manducet.

451 1513 719 1568 Pontifex
739 1518 935 1568 autem
957 1512 1080 1568 solo
1101 1514 1303 1568 auditu
1321 1512 1646 1585 perculsus,
1669 1512 1848 1566 mittit
1869 1512 2016 1566 duos
2031 1526 2099 1566 ex

449 1602 698 1669 clericis,
721 1607 784 1656 ut
799 1603 1058 1657 vinctum
1079 1603 1438 1673 episcopum,
1457 1607 1513 1656 et
1531 1602 1776 1674 pedibus
1795 1602 1904 1656 iter
1919 1617 2096 1671 agen-

445 1697 566 1746 tem
596 1692 840 1747 Romam
865 1693 1284 1762 perducerent;
1313 1693 1638 1746 venientem
1663 1708 1794 1746 vero
1816 1691 2094 1745 continuo

2210 523 2433 579 cedere.

2841 611 3069 667 CAPUT
3101 611 3229 667 CLI.

2208 703 2418 759 Retatio
2448 703 2656 758 abbatis
2679 701 2914 758 Joannis
2946 702 3129 757 Persa:
3156 701 3221 755 de
3258 700 3567 758 beatissimo
3593 703 3826 773 Gregorio

2659 776 2921 830 Romanae
2951 773 3106 828 urbis
3135 775 3399 844 episcOpo.

2280 890 2648 946 Perreximus
2680 891 2748 946 ad
2785 890 3054 946 abbatem
3074 890 3359 944 Joannem
3387 893 3628 959 Persam,
3647 907 3829 946 narra-

2206 984 2405 1052 vitque
2421 980 2674 1035 nobisde
2692 997 2898 1051 magno
2930 979 3206 1049 Gregorio
3234 979 3565 1033 beatissimo
3580 979 3832 1035 Romanae

2210 1069 2372 1124 urbis
2421 1069 2718 1140 episcopo,
2749 1069 2947 1123 dicens
2978 1085 2990 1123 :
3023 1069 3168 1124 Cum
3218 1068 3451 1122 ivissem
3484 1067 3740 1136 Romam,
3777 1074 3833 1123 ut

2209 1160 2513 1213 adorarem
2532 1158 2602 1212 ad
2617 1156 2952 1228 sepulcrum
2968 1163 3307 1212 sanctorum
3335 1157 3722 1228 apostolorum
3738 1163 3832 1212 Pe-

2206 1249 2279 1302 tri
2294 1252 2350 1302 et
2364 1247 2546 1313 Pauli,
2568 1247 3004 1317 staremquedie
3025 1247 3278 1316 quadam
3297 1246 3353 1299 in
3373 1245 3559 1300 medio
3577 1246 3832 1314 civitatis,

2205 1337 2380 1392 audio
2414 1353 2625 1408 papam
2657 1335 3002 1407 Gregorium
3023 1334 3330 1407 perlocum
3353 1333 3521 1388 illum
3561 1334 3830 1389 transitu-

2203 1442 2368 1491 rum;
2403 1424 2649 1496 cogitavi
2682 1424 2882 1495 itaque
2937 1425 3177 1479 adorare
3227 1423 3413 1477 illum.
3462 1423 3600 1478 Cum
3649 1429 3830 1478 autem

2202 1531 2378 1586 prope
2429 1529 2521 1568 me
2569 1527 2723 1568 esset
2761 1529 2930 1584 papa,
2977 1512 3312 1583 videretque
3355 1529 3447 1567 me
3483 1512 3738 1583 progredi
3773 1517 3833 1567 ut

2203 1605 2504 1659 adorarem
2538 1601 2707 1656 illum
2740 1601 2970 1673 (loquor
3000 1608 3115 1657 Deo
3138 1607 3308 1670 teste,
3344 1601 3594 1672 fratres),
3619 1602 3832 1672 primus

2202 1695 2328 1765 ipse
2360 1692 2672 1764 prostravit
2701 1708 2764 1746 se
2796 1690 2960 1746 humi
2994 1708 3189 1746 coram
3212 1707 3322 1757 me,
3348 1707 3530 1762 neque
3561 1698 3688 1746 ante
3711 1707 3829 1745 sur-

446 1781 680 1836 misitin
697 1785 1170 1836 carcerem.Cum
1192 1787 1463 1852 ergotres
1479 1780 1670 1836 diesin
1687 1796 1917 1835 carcere
1943 1779 2094 1851 egis-
2121 1798 2167 1862 Β
2200 1783 2367 1847 rexit,
2399 1798 2574 1852 quam
2612 1797 2700 1836 me
2732 1781 2919 1852 primo
2951 1781 3275 1836 surrexisse
3297 1784 3578 1836 cerneret.
3609 1779 3678 1834 Et
3707 1795 3830 1834 cum

441 1876 532 1924 set
562 1870 897 1941 episcopus,
929 1871 1086 1924 venit
1131 1871 1468 1925 Dominicus
1500 1870 1644 1925 dies.
1681 1872 1749 1924 Et
1779 1886 1912 1924 cum
1948 1884 2096 1940 papa

437 1958 785 2031 quiesceret,
810 1958 1185 2014 illucescente
1207 1959 1507 2014 Dominico
1535 1959 1627 2015 die
1649 1959 1765 2014 vidi
1792 1959 1846 2012 in
1867 1957 2093 2014 somnis

437 2049 753 2118 quemdam
787 2053 1076 2103 astantem
1110 2049 1245 2114 sibi,
1271 2065 1336 2103 ac
1360 2049 1649 2104 dicentem
1676 2065 1690 2103 :
1725 2049 1841 2103 Hac
1863 2049 1957 2103 die
1984 2049 2088 2102 Do-

441 2138 660 2192 minica
691 2153 881 2208 neque
913 2141 977 2192 tu
1004 2137 1213 2193 oﬂ‘eras
1247 2137 1569 2193 salutarem
1593 2137 1873 2204 hostiam,
1901 2151 2091 2206 neque

435 2225 588 2282 alius
620 2226 914 2297 quispiam
948 2225 1355 2297 episcoporum
1392 2228 1492 2297 qui
1522 2232 1662 2281 sunt
1695 2227 1752 2280 in
1787 2225 1930 2280 urbe
1953 2225 2086 2289 ista,

438 2315 553 2369 nisi
576 2315 735 2369 solus
759 2315 1066 2385 episcopus
1091 2331 1265 2385 quem
1292 2315 1473 2369 habes
1496 2331 1724 2370 carcere
1747 2313 2042 2368 inclusum
2071 2330 2084 2380 ;

435 2404 606 2459 illum
639 2403 796 2458 enim
816 2403 988 2458 hodie
1006 2404 1210 2459 offerre
1235 2404 1385 2466 volo,
1411 2404 1866 2476 Expergefactus
1887 2407 2084 2458 autem

433 2510 606 2564 papa,
634 2499 690 2548 et
707 2493 776 2547 de
797 2492 1018 2547 visione
1033 2510 1206 2563 quam
1224 2494 1762 2561 viderathmsitam,
1780 2493 2009 2549 dicebat
2024 2493 2084 2547 in

431 2583 626 2654 seipse
646 2598 658 2636 :
679 2580 873 2637 Talem
897 2585 1101 2637 contra
1120 2580 1285 2637 illum
1306 2583 1740 2638 accusationem
1757 2582 2010 2652 suscepi,
2028 2587 2085 2637 et

431 2671 556 2741 ipse
587 2671 763 2724 habet
796 2670 1002 2725 offerre
1025 2671 1052 2724 ?
1081 2670 1254 2726 Venit
1287 2671 1461 2741 igitur
1493 2672 1542 2726 ei
1576 2673 1834 2727 secundo
1865 2688 1971 2727 vox
2021 2671 2079 2724 in

429 2759 676 2825 visione,
698 2759 898 2814 dicens
926 2775 938 2812 :
964 2759 1093 2815 Dixi
1111 2759 1214 2814 tibi
1243 2768 1300 2814 ut
1325 2761 1635 2832 episcopus
1656 2761 1754 2832 qui
1777 2765 1865 2816 est
1886 2760 1943 2815 in
1961 2777 2084 2815 car-

432 2865 561 2903 cere
593 2848 754 2903 solus
788 2849 1011 2902 offerat.
1034 2850 1369 2920 Ambigenti
1403 2850 1594 2904 adhuc
1619 2850 1784 2905 tertio
1808 2850 2080 2921 apparuit

431 2937 515 2991 illi
548 2940 743 2992 eadem
778 2941 1066 3008 repetens.
1096 2938 1543 3009 Expergefactus
1571 2946 1768 2994 autem
1799 2939 2078 3011 pontifex,

435 3027 599 3082 misit
631 3029 688 3082 in
722 3043 1038 3090 carcerem,
1066 3033 1122 3081 et
1151 3030 1432 3083 accersito
1453 3030 1520 3083 ad
1544 3046 1604 3083 se
1635 3029 1928 3100 episcopo,
1957 3045 2078 3098 per-

431 3117 779 3172 contabatur
808 3131 965 3182 eum,
1017 3116 1258 3170 dicens:
1309 3118 1466 3182 Quod
1521 3123 1609 3172 est
1656 3135 1802 3189 opus
1851 3117 2074 3172 tuum?

433 3206 756 3276 Episcopus
778 3209 972 3259 autem
992 3203 1070 3259 illi
1090 3204 1235 3259 nihil
1255 3205 1412 3261 aliud
1434 3207 1754 3278 respondit,
1775 3208 1887 3262 nisi
1909 3224 1922 3263 :
1943 3207 2074 3262 Pec-

429 3299 594 3349 cator
606 3310 758 3348 sum.
777 3298 918 3347 Cum
936 3311 1067 3348 vero
1085 3296 1356 3366 episcopo
1377 3298 1724 3368 persuadere
1743 3314 1852 3351 non
1878 3299 2073 3368 posset

427 3388 494 3438 ut
525 3382 686 3438 aliud
720 3383 957 3451 diceret,
991 3389 1128 3438 tunc
1162 3385 1240 3440 ait
1263 3386 1335 3439 ad
1387 3402 1521 3441 eum
1571 3403 1758 3458 papa:
1793 3386 1976 3442 Hodie
2006 3390 2067 3439 tu

428 3472 634 3526 offerre
667 3472 864 3527 debes.
898 3477 1041 3527 Cum
1075 3489 1212 3543 ergo
1245 3481 1446 3528 sancto
1479 3475 1645 3530 altari
1677 3476 2000 3538 assisteret,
2019 3478 2076 3528 et

430 3578 581 3632 papa
596 3559 950 3632 propeillum
971 3565 1206 3630 astaret,
1223 3563 1483 3619 diaconis
1505 3563 1686 3620 altare
1708 3564 2076 3620 circumdan-

428 3649 790 3719 tibus,ccepit
813 3655 1011 3704 sancta
1027 3650 1341 3706 missarum
1359 3652 1643 3709 solemnia
1661 3655 1991 3724 episcopus.
2007 3653 2076 3708 Et

430 3754 564 3790 cum
580 3737 1592 3807 complessetorationemoblationis,
1610 3745 1922 3812 antequam
1943 3757 2075 3796 con-

429 3825 692 3880 cluderet
725 3825 937 3896 ipsam,
971 3828 1144 3897 cmpit
1175 3831 1454 3895 secundo,
1489 3846 1554 3884 ac
1581 3829 1856 3900 deinceps
1883 3829 2074 3898 tertio,

427 3922 484 3968 et
515 3919 722 3986 quarto
741 3915 929 3969 dicere
948 3915 1134 3987 ipsam
1154 3924 1371 3974 sanctae
1393 3919 1706 3974 oblationis
1728 3919 2072 3975 orationem.

425 4004 666 4060 Cunctis
697 4021 830 4060 vero
847 4014 970 4060 eam
990 4022 1214 4061 moram
1233 4009 1474 4063 moleste
1493 4009 1837 4075 ferentibus,
1858 4009 2001 4064 dicit
2021 4009 2074 4064 ei

430 4095 729 4165 pontifex:
763 4095 907 4157 Quid
935 4095 1042 4149 hoc
1068 4100 1177 4159 est,
1203 4097 1352 4166 quod
1382 4099 1505 4168 jam
1528 4105 1735 4168 quarto
1767 4099 1915 4153 hanc
1946 4116 2075 4154 ora-

428 4184 650 4238 tionem
683 4183 905 4249 dixisti,
940 4200 1044 4238 nec
1077 4202 1204 4240 eam
1225 4187 1527 4242 concludis
1550 4188 1577 4241 ‘2
1595 4189 1758 4243 Tunc
1779 4188 2077 4258 respondit

427 4273 768 4343 episcopus:
793 4273 1216 4343 Ignoscemihi,
1237 4275 1640 4344 Patersancte;
1659 4277 1798 4349 quia
1820 4294 1932 4332 non
1957 4278 2074 4331 vidi

419 4363 590 4431 juxta
639 4364 1122 4418 consuetudinem
1168 4365 1356 4420 sancti
1411 4365 1663 4436 Spiritus
1702 4367 2075 4433 descensum,

426 4451 640 4505 idcirco
678 4467 790 4504 non
816 4452 1122 4507 terminavi
1145 4455 1488 4510 orationem.
1509 4456 1640 4523 Sed,
1661 4461 1857 4511 sancte
1876 4457 1955 4510 mi
1974 4456 2076 4510 do-

428 4538 607 4603 mine,
643 4537 954 4595 diaconum
989 4540 1154 4597 illum
1202 4561 1381 4616 prope
1414 4563 1503 4600 me
1541 4547 1938 4610 assistentem,
1971 4545 2073 4615 qui
2107 4529 2150 4594 D

427 4625 724 4681 ﬂabellum
751 4628 861 4700 (33)
886 4632 1063 4696 tenet,
1089 4633 1160 4686 ab
1183 4632 1351 4687 altari
1376 4650 1642 4701 remove;
1667 4651 1772 4704 ego
1795 4635 1952 4689 enim
1985 4633 2069 4689 illi

425 4716 617 4770 dicere
647 4733 760 4772 non
795 4719 999 4774 audeo.
1036 4725 1192 4774 Tunc
1219 4723 1390 4791 jussu
1415 4723 1525 4777 divi
1557 4724 1799 4795 Agapeti
1831 4725 2073 4780 recessit

425 4805 733 4874 diaconus,
768 4813 824 4862 et
843 4808 1123 4864 continuo
1145 4811 1288 4865 vidit
1316 4811 1623 4882 episcopus
1641 4819 1697 4868 et
1716 4831 1864 4886 papa
1881 4811 2071 4869 sancti

425 4894 678 4964 Spiritus
695 4897 1031 4952 adventum.
1056 4899 1164 4954 Sed
1187 4904 1242 4953 et
1259 4900 1472 4967 velum,
1494 4903 1646 4971 quod
1667 4902 1836 4957 altari
1859 4920 2068 4973 super-

423 4983 765 5052 impositum
794 4992 941 5051 erat,
970 4986 1120 5042 ultro
1153 4989 1570 5059 sublatumest,
1588 4991 1842 5062 texitque
1857 5007 2066 5063 papam

425 5073 834 5145 etepiscopum
859 5081 915 5130 et
937 5077 1431 5135 diaconosomnes
1453 5081 1551 5150 qui
1576 5085 1776 5136 sancto
1790 5079 1954 5136 altari
1971 5097 2066 5136 as-

422 5162 648 5230 tabant,
681 5165 850 5234 quasi
880 5181 984 5238 per
1009 5171 1127 5221 tres
1161 5168 1357 5223 horas.

491 5282 651 5333 Tunc
666 5283 1028 5336 venerandus
1049 5286 1163 5355 Ago
1175 5289 1361 5356 petus,
1381 5285 1580 5356 agnita
1598 5285 1906 5341 sanctitate
1920 5285 2068 5355 epis-

417 5367 546 5437 copi
561 5384 629 5421 ex
645 5376 948 5439 perspecto
965 5373 1268 5443 miraculo,
1295 5390 1593 5445 quamque
1626 5374 1830 5429 falsam
1849 5374 2068 5430 calum-

419 5456 576 5510 niam
615 5473 928 5527 perpessus
963 5466 1116 5515 esset
1167 5478 1550 5533 cognoscens,
1583 5465 1737 5534 quod
1786 5463 1950 5518 illum
1986 5463 2066 5518 ita

417 5551 722 5601 vexaverat
738 5548 922 5603 tristis
936 5549 1198 5619 effectus,
1213 5551 1414 5606 statuit
1433 5553 1677 5622 nonjam
1693 5551 1950 5624 amplius
1965 5565 2067 5624 per

419 5634 862 5707 subreptionem
907 5637 1214 5710 quidpiam
1270 5655 1462 5712 agere,
1513 5641 1614 5697 sed
1659 5657 1793 5698 cum
1836 5646 2065 5698 maturo

2200 1871 2386 1926 multa
2403 1870 2734 1924 humilitate
2751 1869 3018 1924 salutans
3036 1886 3149 1936 me,
3165 1886 3342 1923 manu
3363 1887 3472 1924 sua
3487 1869 3597 1924 tria
3619 1869 3832 1923 numis-

2199 1967 2355 2016 mata
2385 1959 2647 2020 tradidit.
2671 1958 2886 2028 jubens
2920 1957 3067 2012 mihi
3101 1959 3236 2013 dare
3285 1975 3649 2029 quaecunque
3677 1961 3835 2012 erant

2198 2049 2547 2104 necessaria.
2571 2047 2895 2102 Gloriﬁcavi
2917 2049 3115 2119 itaque
3136 2048 3290 2102 908
3310 2048 3519 2114 Deum,
3551 2048 3702 2117 quod
3721 2051 3837 2101 tan-

2197 2143 2317 2193 tam
2348 2137 2428 2191 illi
2462 2136 2788 2192 contulerat
2818 2137 3239 2208 humilitatem,
3272 2142 3327 2193 et
3360 2135 3834 2204 misericordiam,

2194 2233 2252 2282 et
2280 2225 2621 2281 charitatem
2653 2226 2723 2281 ad
2755 2243 2980 2282 omnes.

2799 2344 3026 2400 CAPUT
3075 2342 3235 2398 CLII.

2198 2435 2320 2490 Vita
2350 2438 2404 2490 et
2433 2435 2580 2490 dicta
2611 2433 2863 2490 Marcelli
2895 2431 3210 2502 Scythiotae,
3241 2432 3454 2487 abbatis
3511 2429 3835 2486 monasterii

2867 2506 3171 2559 Monidion.

2265 2613 2630 2668 Accessimus
2655 2612 2724 2667 ad
2751 2611 3022 2666 abbatem
3045 2609 3381 2665 Marcellum
3404 2610 3760 2682 Scythiotam
3778 2608 3831 2661 in

2193 2703 2615 2759 monasterium
2650 2701 2971 2764 Monidicn,
2991 2700 3311 2770 volensque
3342 2700 3543 2755 senior
3570 2699 3835 2770 prodesse

2191 2792 2384 2858 nobis,
2418 2791 2696 2857 narravit,
2729 2790 2968 2844 dicens:
3004 2792 3243 2854 Quando
3275 2805 3436 2842 eram
3468 2789 3523 2841 in
3550 2786 3836 2858 provincia

2191 2897 2320 2935 mea
2346 2881 2490 2951 (erat
2504 2884 2698 2934 autem
2714 2876 3289 2950 exApamia),auriga
3307 2877 3550 2947 quidam
3571 2876 3832 2939 illiceret,

2189 2972 2426 3026 nomine
2445 2969 3099 3034 Phileremusouadam
3116 2983 3250 3038 ergo
3267 2969 3358 3022 die
3373 2983 3509 3022 cum
3529 2969 3834 3039 superatus

2188 3060 2418 3126 fuisset,
2438 3064 2813 3114 surrexerunt
2840 3057 2938 3128 qui
2965 3074 3030 3111 ex
3047 3062 3207 3128 parte
3222 3057 3349 3127 ejus
3364 3062 3554 3124 erant,
3575 3056 3829 3111 claman-

2104 3159 2146 3226 ρ
2186 3154 2274 3205 tes
2303 3149 2352 3204 ei
2380 3167 2391 3204 :
2427 3148 2788 3203 Phileremus
2820 3163 3095 3202 coronam
3131 3146 3437 3201 incivitate
3470 3164 3585 3202 non
3606 3145 3824 3214 accipit.

2182 3240 2322 3292 Cum
2375 3239 2574 3308 itaque
2623 3237 2908 3290 venissem
2961 3236 3337 3306 postmodum
3373 3235 3432 3288 in
3469 3235 3752 3306 Scytbim,
3779 3233 3824 3286 si

2177 3327 2413 3398 quando
2447 3343 2538 3381 me
2568 3327 2828 3396 pulsaret
2856 3323 3131 3396 cogitatio
3157 3340 3301 3390 mea,
3329 3327 3393 3377 ut
3417 3324 3746 3379 recederem
3770 3322 3824 3375 in

2179 3417 2494 3480 civitatem,
2521 3420 2621 3468 aut
2646 3413 2868 3480 villam,
2893 3413 3170 3468 continuo
3193 3413 3460 3467 dicebam
3490 3413 3544 3467 in
3574 3411 3817 3480 meipso:

2179 3503 2471 3571 Marcelle,
2505 3502 2866 3556 Phileremus
2890 3517 3163 3555 coronam
3189 3499 3245 3553 in
3271 3500 3509 3555 civitate
3534 3517 3649 3554 non
3685 3497 3823 3553 acci-

2180 3595 2283 3665 pit.
2316 3599 2387 3648 Et
2417 3592 2631 3647 Christi
2656 3591 2844 3661 gratia
2868 3589 2980 3644 ista
3002 3588 3276 3660 cogitatio
3301 3589 3434 3643 fecit
3453 3594 3522 3644 ut
3543 3589 3616 3643 de
3635 3585 3824 3659 Scythi

2182 3699 2295 3738 non
2328 3682 2633 3752 egrederer
2672 3696 2773 3750 per
2803 3695 2989 3733 annos
3033 3678 3275 3749 triginta
3304 3677 3598 3748 quinque,
3655 3677 3833 3732 donec

2179 3770 2479 3826 venientes
2509 3768 2741 3824 barbari
2777 3767 3295 3839 apprehenderunt
3327 3783 3439 3834 me,
3473 3776 3534 3822 et
3564 3765 3834 3822 vendide-

2180 3865 2320 3916 runt
2354 3857 2676 3929 Pentapoli,
2710 3857 3093 3929 Scythimque
3113 3856 3548 3911 desolaverunt.

2254 3949 2410 4003 Idem
2431 3947 2613 4002 abbas
2641 3945 2952 4001 Marcellus
2977 3946 3140 4017 quasi
3163 3947 3231 4000 de
3260 3944 3374 4001 alio
3403 3962 3548 4002 sene
3574 3947 3834 4001 morante

2180 4037 2238 4091 in
2271 4036 2464 4108 Scythi
2515 4036 2665 4107 (ipse
2713 4042 2904 4089 autem
2957 4036 3102 4104 erat)
3155 4035 3413 4090 narravit
3446 4035 3655 4092 dicens
3686 4032 3834 4104 quod

2181 4131 2346 4182 nocte
2362 4126 2614 4197 quadam
2642 4125 2958 4179 surrexerit
2976 4128 3034 4178 ut
3050 4125 3308 4195 psalmos
3321 4141 3387 4178 cx
3403 4141 3569 4180 more
3583 4126 3833 4181 caneret.

2179 4219 2443 4286 Cumque
2476 4213 2720 4285 psallere
2752 4213 3042 4284 cmpisset,
3080 4214 3306 4268 audivit
3336 4230 3538 4269 vocem
3575 4212 3833 4268 buccina

2181 4304 2348 4376 quasi
2368 4302 2641 4357 bellicum
2657 4301 3002 4372 clangentis,
3024 4303 3413 4374 turbatusque
3429 4319 3606 4359 senex
3627 4301 3837 4372 cogita-

2181 4395 2300 4461 bat,
2333 4393 2572 4447 dicens:
2616 4391 2777 4446 Unde
2807 4391 2915 4446 hoc
2949 4391 3004 4445 in
3029 4392 3152 4446 loco
3172 4408 3278 4445 vox
3296 4392 3563 4447 buccinae
3586 4393 3834 4462 perstre-

2183 4481 2312 4554 pit?
2345 4479 2563 4535 milites
2581 4480 2674 4535 hic
2695 4497 2806 4535 non
2829 4485 2987 4548 sunt,
3009 4479 3224 4535 bellum
3244 4481 3376 4535 hinc
3401 4481 3590 4536 abest.
3618 4479 3688 4534 Et
3705 4492 3836 4533 cum

2182 4573 2297 4627 ista
2325 4585 2519 4626 secum
2562 4569 2839 4640 volveret,
2884 4570 3107 4624 daemon
3159 4587 3335 4641 prope
3382 4568 3554 4625 illum
3599 4568 3836 4624 veniens

2180 4661 2327 4715 dixit
2373 4659 2473 4714 ei:
2525 4658 2732 4729 Utique
2789 4657 3004 4713 bellum
3065 4663 3171 4714 est.
3228 4659 3286 4715 Si
3329 4675 3465 4731 ergo
3506 4654 3838 4730 oppugnari

2181 4767 2246 4804 ac
2278 4763 2608 4819 repugnare
2640 4765 2753 4803 non
2787 4747 2895 4816 vis,
2929 4752 3096 4817 vade,
3140 4747 3354 4817 dormi,
3393 4753 3452 4802 et
3479 4764 3600 4802 non
3652 4761 3836 4817 oppu-

2179 4837 2471 4910 gnaberis.

2252 4925 2401 4979 Dixit
2425 4924 2634 4980 iterum
2671 4941 2844 4981 senex
2871 4942 2883 4980 :
2906 4924 3137 4980 Credite
3159 4924 3323 4993 mihi,
3357 4923 3542 4991 ﬁlioli,
3578 4922 3729 4978 nihil
3761 4923 3839 4976 ita

2180 5015 2504 5085 perturbat,
2554 5017 2611 5068 et
2660 5015 2934 5083 concitat,
2985 5018 3043 5069 et
3083 5014 3299 5080 irritat,
3351 5018 3408 5070 et
3453 5012 3751 5079 vulnerat,
3784 5013 3839 5064 et

2179 5105 2389 5176 perdit,
2425 5108 2600 5173 atque
2646 5104 2977 5170 contristat,
3029 5109 3086 5158 et
3127 5108 3330 5158 contra
3364 5120 3472 5158 nos
3503 5103 3841 5156 commovet

2179 5194 2494 5260 demones,
2512 5193 2826 5263 ipsumque
2845 5191 3188 5263 perditionis
3203 5197 3502 5247 auctorem
3523 5191 3835 5253 Satanam,

2177 5281 2328 5337 sicut
2362 5289 2642 5353 perpetua
2676 5281 3039 5351 psalmorum
3084 5282 3411 5336 meditatio.
3457 5281 3605 5336 Nam
3641 5277 3842 5334 omnis

2176 5372 2415 5443 quidem
2431 5370 2623 5424 divina
2637 5371 2936 5442 Scriptura
2952 5370 3113 5426 utilis
3131 5371 3296 5426 nobis
3311 5369 3841 5437 estcontristatque

2176 5477 2290 5514 non
2313 5459 2679 5515 mediocriter
2698 5461 3015 5526 damones,
3040 5479 3152 5516 non
3179 5466 3373 5516 tamen
3400 5461 3481 5515 ita
3497 5457 3656 5513 sicut
3682 5453 3841 5528 psal-

2176 5549 2411 5606 terium.
2447 5548 2610 5604 Sicut
2639 5550 2871 5605 enimin
2904 5550 3268 5621 plebesiuna
3284 5547 3841 5621 parslaudetimpe-

2175 5643 2452 5704 ratorem,
2483 5637 2598 5694 alia
2627 5655 2764 5710 pars
2791 5639 2865 5696 ob
2911 5639 2970 5695 id
3022 5655 3140 5696 non
3189 5637 3600 5704 contristatur,
3648 5647 3844 5706 neque
