4002 6166
284 330 390 384 197

1603 319 1902 376 PRATUM
1942 317 2394 372 BPIRITUALE.

3602 309 3702 364 198

283 460 555 511 movetur
575 457 778 508 contra
802 450 1146 516 laudantes;
1181 465 1315 504 cum
1340 463 1472 503 vero
1500 446 1570 502 ad
1605 444 1852 514 injurias
1883 446 1940 497 et
1972 445 2025 510 Α
2129 441 2281 496 Dixit
2307 441 2521 495 iterum
2555 454 2731 494 senex
2766 455 2778 492 :
2814 438 3130 507 Fugiamus
3161 443 3407 494 matrem
3442 436 3708 492 omnium

286 543 680 600 contumelias
713 559 830 596 non
864 539 1236 596 laudantium
1271 536 1533 593 conversi
1568 534 1952 600 fuerint,tunc

287 634 572 689 adversus
603 648 702 687 eos
735 631 1104 695 excitantur;
1161 627 1242 681 ita
1291 632 1350 682 et
1396 627 1694 681 daemones
1729 639 1842 676 non
1872 621 1954 675 ita

291 727 737 779 commoventur
752 717 1445 791 nequecontristanturin
1465 715 1596 771 aliis
1612 711 1951 782 Scripturis,

293 813 798 884 quemadmodum
823 810 880 864 in
905 808 1222 880 psalmis.N
1235 824 1327 862 am
1341 823 1474 862 cum
1498 804 1756 876 psalmos
1775 800 1954 856 medi-

290 909 518 967 tamur,
554 900 761 972 partim
797 899 1034 970 quidem
1072 897 1241 952 nobis
1270 897 1416 967 ipsis
1449 901 1627 949 Deum
1661 891 1952 946 laudando

292 1008 560 1058 oramus,
588 989 800 1061 partim
826 1003 962 1043 vero
994 987 1328 1042 maledictis
1348 982 1948 1055 insequimurdasmo-

292 1098 424 1136 nes.
443 1079 658 1135 Utcum
673 1078 960 1133 dicimus:
987 1077 1262 1131 Miserere
1281 1075 1415 1141 mei,
1433 1075 1608 1140 Deus,
1625 1070 1952 1127 secundum

293 1185 570 1239 magnam
588 1166 1049 1222 misericordiam
1068 1171 1248 1232 tuam,
1265 1169 1320 1220 et
1342 1163 1669 1219 secundum
1688 1159 1953 1215 multitu-

293 1259 496 1312 dinem
515 1256 958 1312 miserationum
976 1261 1144 1309 tuaru
1159 1271 1212 1308 m
1228 1253 1352 1308 dele
1369 1251 1739 1323 iniquitatem
1765 1264 1952 1304 meam

293 1348 471 1418 (Psal.
493 1348 561 1414 ι).
582 1350 646 1398 Et
667 1346 880 1400 iterum
901 1361 914 1399 :
931 1344 1012 1398 Ne
1031 1342 1305 1415 projicias
1321 1357 1411 1396 me
1427 1359 1458 1395 a
1473 1341 1616 1396 facie
1632 1343 1815 1405 tua,et
1830 1337 1954 1408 spi-

297 1437 485 1492 ritum
516 1439 786 1490 sanctum
822 1439 1074 1488 tuumne
1100 1432 1487 1488 auferasame
1511 1428 1717 1498 (Ibid.).
1745 1428 1848 1482 Et:
1875 1430 1954 1480 Ne

295 1527 579 1598 projicias
614 1541 704 1580 me
747 1527 802 1578 in
844 1531 1105 1595 tempore
1143 1522 1641 1587 senectutis,cum
1679 1522 1957 1577 defecerit

294 1617 488 1670 virtus
505 1631 654 1680 mea,
675 1631 746 1669 ne
769 1613 1143 1684 derelinquas
1165 1614 1434 1682 me(Psal.
1455 1613 1604 1683 Lxx),
1621 1613 1790 1668 nobis
1808 1612 1954 1684 ipsis

298 1722 564 1761 oramus.
599 1705 767 1760 Tunc
789 1721 922 1759 vero
948 1705 1358 1775 persequimur
1376 1704 1689 1768 daemones,
1707 1719 1840 1757 cum
1864 1703 1952 1756 di-

301 1796 500 1850 cimus
522 1795 694 1865 (Psal.
723 1800 888 1861 vau)
916 1811 929 1848 :
955 1794 1244 1864 Exsurgat
1295 1794 1464 1858 Deus,
1495 1797 1551 1846 et
1590 1793 1956 1863 dissipentur
1986 1826 2032 1890 B

302 1883 529 1939 inimici
552 1885 772 1954 eius,et
795 1883 1018 1954 fugiant
1041 1882 1140 1953 qui
1160 1883 1408 1937 oderunt
1428 1897 1561 1937 eum
1587 1899 1619 1936 a
1641 1881 1784 1937 facie
1805 1882 1954 1951 ejus.

301 1978 373 2027 Et
387 1990 621 2028 rursus:
645 1972 773 2026 Vidi
800 1972 1051 2043 impium
1069 1973 1565 2043 superexaltatum
1589 1978 1645 2026 et
1667 1971 1954 2026 elevatum

301 2063 461 2118 sicut
482 2063 685 2117 cedros
719 2061 952 2128 Libani;
987 2067 1044 2117 et
1075 2061 1338 2131 transivi,
1361 2066 1416 2116 et
1447 2078 1576 2116 ecce
1628 2077 1742 2116 non
1795 2065 1954 2115 erat:

300 2151 550 2222 quassivi
582 2167 740 2217 eum,
766 2156 824 2205 et
846 2167 959 2205 non
991 2154 1081 2205 est
1112 2151 1379 2206 iuventus
1413 2150 1574 2205 locus
1613 2152 1740 2218 eius
1782 2149 1956 2218 (Psal.

300 2241 518 2309 xxx“).
542 2241 608 2295 Et
628 2239 774 2294 illud
798 2256 811 2294 :
836 2239 1080 2294 Gladius
1103 2256 1302 2294 eorum
1327 2240 1508 2295 intret
1525 2241 1582 2294 in
1606 2241 1781 2295 corda
1803 2239 1962 2310 ipso-

304 2345 438 2384 rum
492 2329 696 2400 (lbid.).
733 2329 797 2382 Et
847 2328 1062 2384 iterum
1096 2346 1108 2382 :
1147 2329 1363 2384 Lacum
1396 2329 1644 2400 aperuit,
1677 2335 1733 2383 et
1764 2327 1963 2384 effodit

304 2435 466 2484 eum,
500 2423 556 2472 et
585 2417 789 2472 incidit
822 2418 879 2471 in
915 2418 1138 2472 foveam
1173 2435 1349 2489 quam
1384 2419 1536 2475 fecit.
1580 2423 1962 2474 Convertatur

306 2508 476 2562 dolor
507 2509 636 2577 ejus
666 2507 723 2560 in
758 2512 932 2578 caput
960 2508 1110 2577 ejus,
1145 2512 1201 2562 et
1233 2509 1289 2562 in
1323 2509 1598 2564 verticem
1631 2507 1818 2580 ipsius
1849 2507 1960 2561 ini-

307 2596 510 2668 quitas
542 2597 672 2665 ejus
703 2596 1017 2651 descendet
1045 2596 1219 2667 (Psal.
1251 2605 1370 2652 vn).

389 2693 541 2747 Dixit
591 2693 800 2748 iterum
851 2710 1026 2748 senex
1060 2711 1073 2747 :
1108 2694 1338 2749 Credite
1365 2695 1530 2762 mihi,
1563 2695 1689 2761 filii,
1725 2695 1961 2750 dicenti.

308 2781 822 2846 Quemadmodum
845 2799 1056 2854 magna
1086 2783 1211 2838 laus
1245 2789 1300 2838 et
1333 2800 1546 2855 magna
1575 2784 1760 2856 gloria
1792 2789 1848 2840 et
1879 2801 1965 2839 re-

309 2887 498 2944 gnum
521 2875 612 2925 est
634 2871 1070 2926 abrenuntianti
1095 2874 1324 2935 saeculo.
1342 2881 1398 2928 et
1415 2875 1804 2929 monasticum
1828 2874 1967 2929 arri-

312 2961 502 3033 pienti
550 2960 912 3023 institutum,
953 2963 1090 3031 quia
1123 2962 1468 3034 pretiosiora
1515 2970 1655 3018 sunt
1704 2964 1968 3019 intellec-

307 3050 499 3105 tualis
528 3065 708 3120 quam
744 3049 1072 3117 sensibilia;
1095 3051 1174 3106 ita
1199 3068 1413 3123 magna
1443 3051 1709 3109 confusio
1732 3055 1967 3126 etigno-

309 3138 498 3196 minia
528 3145 620 3193 est
650 3138 936 3194 monacho
971 3139 1067 3209 qui
1089 3139 1369 3210 relinquit
1395 3142 1782 3197 monasticum
1807 3143 1968 3198 habi-

307 3233 464 3294 tum,
499 3228 732 3282 etiamsi
765 3227 1053 3283 efficiatur
1082 3228 1421 3300 imperator.

389 3324 546 3380 Dixit
597 3324 810 3380 iterum
845 3341 859 3380 :
895 3325 1076 3382 Homo
1127 3327 1452 3383 similitudo
1485 3329 1585 3383 Dei
1618 3329 1727 3384 fuit
1758 3331 1828 3386 ab
1865 3331 1976 3384 ini-

315 3415 422 3484 tio,
455 3415 644 3469 factus
677 3420 766 3469 est
796 3420 992 3470 autem
1044 3416 1368 3472 similitudo
1415 3418 1612 3473 bestiis
1663 3424 1977 3490 postquam

318 3521 356 3559 a
386 3509 503 3559 Deo
534 3503 750 3558 excidit
779 3503 934 3574 (Gen.
969 3509 1032 3572 ι).

398 3593 625 3647 Rursus
669 3593 750 3647 ait
802 3610 814 3648 :
861 3593 1049 3648 Etiam
1077 3599 1288 3649 natura
1317 3596 1528 3650 excitat
1559 3597 1979 3668 concupiscen-

323 3682 462 3746 tias,
495 3683 726 3751 fratres,
754 3683 854 3737 sed
899 3683 1064 3754 jugis
1108 3689 1165 3739 et
1212 3684 1438 3740 intenta
1469 3686 1824 3741 abstinentia
1874 3687 1980 3742 has

313 3771 499 3826 etiam
532 3771 880 3842 exstinguit.

390 3860 550 3915 Dixit
580 3860 794 3915 iterum
829 3877 1001 3916 senex
1025 3879 1037 3917 :
1059 3864 1321 3932 Agnosco
1353 3863 1748 3934 experimento
1769 3865 1980 3920 bonum

318 3949 529 4017 vitam,
563 3966 755 4020 neque
780 3951 906 4020 jam
937 3961 1001 4005 ut
1031 3950 1323 4008 invalidus
1355 3953 1587 4009 timeas.

395 4039 488 4094 Ait
513 4055 725 4094 rursus
759 4038 924 4094 :Noli
948 4040 1170 4107 mirari,
1196 4041 1242 4096 si
1271 4042 1446 4096 homo
1468 4059 1600 4098 cum
1626 4043 1983 4115 sis,angelus

322 4127 450 4183 ﬁeri
475 4128 691 4200 possis.
712 4128 1014 4200 Proposita
1036 4129 1193 4185 enim
1223 4131 1327 4186 tibi
1360 4136 1449 4187 est
1482 4149 1586 4203 par
1616 4133 1842 4204 angelis
1861 4133 1984 4204 glo-

325 4217 439 4282 ria,
454 4233 702 4288 eamque
723 4219 1079 4289 agonotheta
1101 4223 1300 4274 noster
1331 4221 1695 4276 certantibus
1714 4222 1982 4293 spondet.

398 4315 556 4370 Dixit
581 4314 798 4371 iterum
822 4333 1033 4371 senex:
1061 4316 1217 4371 Nihil
1237 4317 1319 4372 ita
1343 4323 1454 4373 Deo
1482 4318 1799 4374 monachos
1816 4320 1987 4374 fami-

320 4403 504 4459 Iiares
540 4403 742 4472 efficit,
777 4409 839 4458 ut
887 4405 1135 4475 pulchra
1176 4411 1232 4461 et
1273 4406 1520 4461 honesta
1541 4413 1596 4462 et
1627 4412 1738 4463 Deo
1769 4409 1988 4479 gratis-

323 4492 481 4548 sima
510 4494 774 4562 castitas,
811 4509 936 4566 quae
968 4493 1119 4549 sicut
1151 4500 1395 4550 sanctus
1437 4502 1494 4551 et
1539 4497 1775 4553 divinus
1803 4497 1987 4570 Spiri-

2059 530 2350 586 malorum
2384 528 2693 585 avaritiam
2727 531 2770 596 (I
2803 529 2933 582 Tim.
2969 529 3068 598 v1).

2653 644 2884 699 CAPUT
2921 643 3112 711 CLIII.

2130 736 2420 808 Responsio
2467 733 2719 790 Monachi
2768 735 3093 859 morasterii
3136 732 3352 804 Raythu
3380 732 3450 787 ad
3478 737 3708 801 [ratrem

2710 821 2850 859 arcu
2881 822 3054 859 arem.

2710 821 3054 862 ςάεσιιιανεγη.

2131 905 2283 960 909
2306 910 2422 960 Duo
2442 904 2646 958 fratres
2673 904 2982 958 saeculares
3001 906 3166 957 erant
3187 901 3710 972 Constantinopoli,

2063 994 2315 1048 multum
2351 994 2627 1064 religiosi,
2645 992 3019 1062 multumque
3044 993 3403 1060 jejunantes.
3421 989 3584 1044 Unus
3606 990 3709 1060 igi—

2061 1089 2158 1136 tur
2181 1100 2246 1136 ex
2271 1082 2362 1136 his
2385 1082 2621 1136 veniens
2646 1084 2703 1136 in
2731 1082 2979 1152 Raythu,
3003 1079 3214 1135 saeculo
3260 1079 3711 1143 abrenuntiavit,

2062 1179 2114 1226 et
2136 1173 2324 1226 factus
2346 1176 2434 1226 est
2459 1169 2944 1226 monachus.Post
2965 1167 3397 1238 aliquantulum
3422 1184 3555 1222 vero
3570 1172 3713 1221 tem-

2062 1263 2219 1332 poris
2241 1261 2398 1314 venit
2420 1266 2476 1314 et
2498 1260 2796 1314 srecularis
2823 1260 2998 1313 frater
3029 1260 3156 1328 ejus
3180 1258 3234 1311 in
3260 1257 3508 1329 Raythu,
3543 1261 3608 1312 ut
3627 1256 3714 1311 vi-

2062 1351 2227 1405 deret
2255 1351 2491 1404 fratrem
2525 1365 2698 1403 suum
2727 1347 3098 1402 monachum.
3126 1349 3268 1402 Cum
3294 1363 3431 1417 ergo
3454 1363 3709 1400 morare-

2063 1445 2162 1492 tur
2192 1439 2346 1509 apud
2383 1455 2539 1506 eum,
2564 1438 2704 1490 vidit
2737 1436 3034 1491 saacularis
3060 1436 3288 1490 fratrem
3309 1452 3482 1490 suum
3509 1451 3712 1489 mona-

2063 1527 2239 1580 chum
2297 1543 2355 1582 se
2391 1525 2746 1581 reﬁcientem
2781 1543 2932 1580 nona
2962 1525 3126 1594 hora,
3162 1523 3715 1594 scandalizatusque

2063 1616 2211 1670 dixit
2245 1615 2326 1668 illi
2365 1632 2376 1668 :
2415 1616 2611 1670 Frater
2658 1633 2792 1670 cum
2843 1631 3003 1669 esses
3053 1613 3376 1678 sacularis,
3407 1630 3712 1684 nunquam

2063 1713 2194 1757 ante
2216 1701 2358 1756 solis
2381 1719 2650 1757 occasum
2676 1703 2952 1757 sumebas
2975 1701 3357 1755 cibum.Tunc
3382 1703 3460 1756 ait
3485 1701 3564 1754 illi
3592 1717 3717 1756 mo-

2064 1792 2286 1847 nachus
2319 1809 2331 1846 :
2369 1793 2653 1860 Profecto,
2690 1793 2888 1856 frater,
2923 1791 3157 1861 quando
3189 1808 3347 1846 eram
3381 1790 3440 1845 in
3474 1790 3712 1860 saeculo,

2064 1897 2236 1936 aures
2262 1897 2400 1935 meae
2427 1881 2762 1934 nutriebant
2785 1897 2910 1946 me;
2933 1881 3246 1934 vanaenim
3267 1879 3570 1934 hominum
3591 1880 3718 1950 glo-

2065 1970 2152 2024 ria
2167 1974 2223 2024 et
2243 1971 2368 2024 laus
2396 1986 2510 2024 non
2535 1969 2908 2024 mediocriter
2925 1986 3012 2024 me
3028 1968 3719 2039 reficiebant,jejuniique

2065 2059 2327 2114 laborem
2363 2059 2634 2114 leviorem
2664 2059 3007 2113 reddebant.

2663 2173 2897 2229 CAPUT
2937 2173 3116 2228 CLIV.

2316 2263 2433 2318 l'ila
2464 2262 2721 2318 Theodori
2748 2262 3059 2328 saecularis,
3090 2263 3328 2316 hominis
3359 2261 3474 2316 Dei.

2140 2362 2378 2418 Dicebat
2423 2362 2604 2417 abbas
2653 2361 2938 2417 Jordanes
2988 2360 3285 2416 solitarius
3322 2377 3334 2413 :
3367 2360 3509 2414 Tres
3541 2359 3720 2415 simul

2069 2450 2434 2504 anachoreta}
2460 2449 2822 2521 perreximus
2837 2449 2907 2504 ad
2923 2449 3190 2503 abbatem
3209 2448 3511 2503 Nicolaum
3529 2449 3585 2502 in
3604 2453 3725 2504 tor-

2071 2544 2290 2594 rentem
2319 2537 2864 2608 Betasimum(inter
2885 2545 3152 2592 sanctum
3178 2538 3332 2591 enim
3359 2537 3650 2607 Elpidium
3669 2540 3726 2591 et

2073 2627 2490 2683 monasterium
2507 2627 2660 2697 quod
2677 2626 3351 2697 diciturPeregrinorum
3371 2625 3426 2679 in
3442 2625 3726 2697 spelunca

2073 2715 2894 2787 morabatur)invenimusque
2909 2731 3041 2769 cum
3056 2715 3156 2770 illo
3171 2717 3507 2769 saecularem
3526 2732 3728 2785 quem-

2074 2807 2352 2875 dam.Loq
2366 2805 2642 2859 uentibus
2657 2809 2850 2858 autem
2869 2804 3120 2858 nobisde
3136 2804 3347 2858 animae
3363 2803 3729 2871 salute,dixit

2074 2895 2254 2948 abbas
2268 2892 2540 2948 Nicolaus
2555 2891 2819 2947 saeculari
2842 2908 2853 2944 :
2876 2892 2969 2946 Dic
2986 2891 3156 2946 nobis
3171 2897 3298 2946 ettu
3318 2891 3561 2962 aliquid.
3579 2892 3690 2948 Res
3707 2923 3726 2934 -

2075 2984 2280 3053 pendit
2314 2981 2630 3046 saecularis,
2659 2986 2714 3035 et
2745 2981 2826 3036 ait
2860 2998 2871 3034 :
2906 2981 3051 3045 Quid
3087 2980 3253 3035 vobis
3287 2981 3563 3052 prodesse
3596 2999 3730 3052 pos-

2077 3071 2254 3128 sum?
2289 3070 2519 3125 Utinam
2543 3071 2629 3125 vel
2665 3069 2807 3124 mihi
2844 3069 2953 3140 ipsi
2989 3070 3266 3141 prodesse
3297 3069 3735 3124 valerem.Dixit

2082 3161 2133 3215 ei
2153 3177 2358 3215 senex:
2385 3163 2631 3214 Prorsus
2656 3159 2874 3229 aliquid
2895 3159 3164 3213 dicturus
3178 3175 3259 3212 es.
3279 3159 3442 3212 Tunc
3457 3158 3735 3213 aitsascu-

2083 3250 2256 3305 laris:
2281 3249 2472 3303 Habeo
2498 3248 2702 3319 viginti
2729 3249 2876 3301 duos
2896 3264 3102 3316 annos,
3127 3263 3192 3300 ex
3207 3263 3323 3316 quo
3345 3252 3734 3318 praeterquam

2085 3339 2339 3395 Sabbato
2358 3342 2412 3392 et
2434 3335 2735 3392 Dominico
2761 3335 2852 3391 die
2876 3352 3178 3406 nunquam
3203 3351 3294 3388 me
3319 3334 3406 3389 sol
3430 3336 3741 3390 comeden-

2083 3433 2200 3483 tem
2251 3427 2411 3481 vidit.
2442 3428 2574 3480 Erat
2622 3431 2814 3480 autem
2853 3424 3247 3479 mercenarius
3280 3425 3335 3478 in
3368 3423 3506 3478 villa
3537 3425 3736 3480 divitis

2085 3517 2369 3582 hominis,
2393 3515 2576 3585 iniqui
2602 3520 2659 3568 et
2680 3513 3000 3578 a'.'ari,cum
3023 3529 3137 3584 quo
3163 3512 3353 3567 mansi
3377 3512 3548 3568 annis
3572 3513 3744 3585 quin-

2087 3603 2398 3670 decim,die
2422 3609 2716 3674 noctuque
2739 3619 3009 3674 operans,
3027 3619 3218 3673 neque
3242 3603 3566 3658 mercedem
3594 3602 3741 3656 mihi

2087 3695 2330 3750 reddere
2361 3693 2611 3759 volebat,
2640 3693 2738 3748 sed
2775 3709 2876 3764 per
2908 3709 3093 3746 annos
3128 3691 3395 3762 singulos
3440 3691 3743 3763 affligebat

2087 3801 2203 3840 non
2231 3781 2619 3838 mediocriter.
2647 3783 2847 3852 Itaque
2879 3781 2997 3835 dixi
3033 3781 3088 3834 in
3129 3780 3349 3851 meipso
3379 3797 3391 3834 :
3419 3780 3741 3846 Theodore,

2089 3874 2135 3928 si
2161 3871 2500 3927 toleraveris
2534 3870 2689 3925 hunc
2721 3871 2934 3932 virum,
2970 3887 3073 3941 pro
3107 3870 3398 3935 mercede,
3425 3886 3600 3941 quam
3635 3869 3745 3924 tibi

2091 3962 2281 4027 debet,
2299 3959 2574 4016 ccelorum
2601 3976 2840 4029 regnum
2864 3958 2967 4013 tibi
2994 3959 3365 4030 praparahit.
3389 3959 3620 4020 Servavi
3644 3976 3748 4014 au-

2090 4057 2206 4108 tem
2223 4056 2279 4105 et
2293 4067 2504 4120 corpus
2531 4066 2720 4103 meum
2751 4049 3036 4102 mundum
3053 4047 3620 4118 amuliereusquein
3639 4047 3746 4102 ho-

2091 4139 2361 4195 diernum
2395 4139 2717 4194 diem.Haec
2753 4154 2855 4193 nos
2889 4154 3022 4192 cum
3054 4135 3743 4207 audivissemus,magni-

2093 4231 2198 4284 ﬁce
2227 4227 2495 4284 aadificati
2524 4243 2756 4283 sumus.

2714 4343 2941 4398 CAPUT
2980 4343 3130 4398 CLV.

2130 4436 2342 4492 Relatio
2371 4434 2583 4489 abbatis
2611 4432 2865 4486 Jordanis
2895 4431 2957 4486 de
2987 4433 3163 4486 tribus
3211 4429 3502 4486 Saracenis
3537 4431 3636 4500 qui
3659 4446 3716 4485 se

2579 4503 2812 4558 invicem
2846 4506 3264 4574 interfecerunt.

321 4587 423 4638 ωδ
455 4587 771 4638 unaSt-3t“?
802 4564 902 4654 P3?
933 4583 1169 4639 beatum
1201 4586 1471 4653 Pallium:
1511 4564 1880 4644 hODCStal-BIP
1932 4592 1989 4644 et
2018 4564 2064 4627 D
2168 4603 2406 4659 Dicebat
2428 4602 2610 4657 ethoc
2632 4602 2800 4658 nobis
2822 4602 2891 4656 de
2920 4564 3130 4656 abbate
3147 4599 3382 4656 Nicolao
3403 4600 3585 4655 abbas
3615 4600 3752 4654 Jor-

326 4672 827 4743 perseverantiam
852 4672 1076 4744 jugiter
1106 4675 1351 4730 vacandi
1385 4675 1633 4732 Domino
1684 4678 1810 4733 sine
1864 4678 1990 4733 dis-

324 4762 620 4816 tractione
646 4766 888 4832 praestat
917 4764 962 4833 (I
994 4762 1119 4818 Cor.
1155 4767 1279 4832 v11).

400 4849 558 4904 Dixit
581 4850 798 4905 iterum
835 4868 847 4904 :
882 4851 1423 4919 Filii,dimittamus
1456 4854 1692 4924 nuptias
1726 4872 1994 4926 procrea-

329 4939 673 5009 tionemque
702 4939 1015 4996 liberorum
1048 4941 1143 4997 his
1175 4943 1275 5013 qui
1299 4949 1530 4998 terrena
1563 4945 1904 5015 respiciunt,
1938 4950 1996 5001 et

330 5029 650 5102 praesentia
679 5031 1036 5102 desiderant,
1065 5050 1169 5088 nec
1202 5035 1400 5089 futura
1432 5035 1995 5107 meditantur,atque

331 5121 402 5174 ad
422 5125 710 5175 aaternoru
724 5139 774 5175 rn
792 5122 1078 5177 bonorum
1094 5124 1540 5194 acquisitionem
1558 5141 1669 5179 non
1687 5126 1881 5180 attend
1895 5131 1998 5182 unt

335 5214 396 5263 et
423 5225 458 5262 a
489 5209 919 5280 temporalibus
951 5216 1009 5265 et
1041 5212 1462 5269 momentaneis
1493 5213 1638 5284 eripi
1675 5219 1995 5285 nequeunt.

336 5297 496 5352 Dixit
521 5299 770 5353 iterum:
799 5299 1209 5356 Festineznusa
1232 5302 1456 5356 carnali.
1476 5302 1594 5357 vita
1619 5303 1888 5372 migrare,
1912 5304 1997 5358 si-

333 5385 727 5443 cuticarnalis
752 5389 930 5443 Israel
956 5391 1029 5444 ab
1051 5392 1318 5462 Egyptia
1340 5391 1623 5446 servitute
1654 5393 1992 5466 (Exod.x1v).

409 5483 508 5538 Ait
539 5502 746 5540 rursus
779 5503 792 5540 :
826 5487 1112 5542 Praeclara
1142 5494 1198 5543 et
1230 5489 1423 5544 dulcia
1463 5490 1563 5545 Dei
1616 5506 1862 5547 munera
1893 5493 1998 5549 hac

334 5574 549 5718 tliemus
584 5575 906 5647 proposita,
932 5577 1163 5646 fratres,
1190 5595 1295 5651 pro
1328 5578 1591 5634 saeculari
1625 5578 1872 5637 molesta
1901 5598 1998 5638 vo-

370 5666 593 5718 notate.

370 5666 593 5735 aptate.

2101 4695 2281 4748 danes
2304 4709 2318 4748 :
2345 4693 2651 4760 Narrabat,
2677 4691 2888 4761 inquit,
2905 4691 3584 4762 senex,quiaimperante
3609 4689 3757 4745 fide-

2102 4781 2331 4838 lissimo
2346 4782 2694 4852 imperatore
2714 4779 3253 4850 Mauritio,quando
3277 4779 3566 4834 Namanes
3586 4779 3762 4834 Sara-

2103 4888 2379 4927 cenorum
2414 4870 2666 4927 nationis
2701 4871 2818 4924 dux
2849 4871 3100 4942 prmdam
3128 4870 3420 4940 egit,cum
3453 4868 3762 4923 circuirem

2104 4977 2209 5032 ego
2237 4977 2414 5031 prope
2451 4962 2744 5014 Arnonem
2769 4963 2825 5014 et
2847 4959 3154 5021 Aidonem,
3182 4956 3402 5028 aspicio
3434 4957 3759 5012 Saracenos

2104 5058 2245 5116 tres,
2271 5049 2758 5103 habentessecum
2795 5065 2977 5102 unum
3010 5046 3441 5101 adolescentem
3464 5045 3758 5100 valdef'or-

2108 5154 2656 5204 mosum,annorum
2683 5136 3370 5207 fermeviginti,vinctum
3389 5140 3564 5207 atque
3582 5133 3764 5206 capti-

2108 5245 2262 5281 vum.
2289 5226 2360 5281 Ut
2389 5243 2525 5297 ergo
2557 5226 2702 5280 vidit
2751 5243 2842 5281 me
2889 5225 3251 5290 adolescens,
3287 5224 3424 5278 flere
3476 5227 3674 5294 cmpit,
3708 5228 3769 5279 et

2109 5331 2295 5383 orare,
2317 5320 2382 5369 ut
2403 5316 2475 5368 ab
2499 5314 2582 5370 eis
2608 5313 2773 5370 illum
2799 5315 3138 5384 acciperem.
3167 5314 3280 5386 Ego
3305 5319 3498 5368 autem
3524 5314 3735 5367 Surace
3753 5343 3770 5356 -

2110 5422 2216 5460 nos
2241 5421 2442 5474 rogare
2466 5403 2635 5475 cmpi,
2659 5409 2722 5458 ut
2745 5403 3108 5459 dimitterent
3127 5402 3455 5458 eum.Unus
3480 5408 3675 5455 autem
3702 5399 3769 5453 il-

2110 5494 2302 5549 lorum
2336 5493 2531 5548 Graeco
2556 5511 2826 5549 sermone
2851 5493 3170 5564 respondit,
3197 5497 3254 5546 et
3276 5493 3356 5546 ait
3382 5507 3392 5544 :
3417 5491 3539 5545 Non
3565 5489 3768 5543 dimit-

2111 5585 2294 5640 timus
2317 5601 2474 5640 eum.
2502 5584 2569 5638 Et
2591 5599 2696 5655 ego
2719 5599 2950 5638 rursum
2977 5582 3094 5638 illis
3121 5581 3235 5638 dixi
3264 5599 3276 5635 :
3303 5580 3558 5650 Accipite
3580 5582 3768 5645 me,et

2110 5673 2270 5730 hunc
2301 5671 2597 5742 dimittite,
2632 5672 2771 5744 quia
2801 5671 3200 5744 fatigationem
3236 5686 3351 5726 non
3383 5664 3770 5724 sustinet.Ait
