4002 6166
363 294 465 348 199
1558 277 1649 328 na
1690 274 1879 327 vrms
1914 273 2215 327 parum!
2254 273 2465 327 LIBER
2503 274 2572 326 x.
3641 266 3738 322 200

361 414 506 473 mihi
529 417 585 470 et
608 413 732 484 ipse
762 421 1005 465 rursus:
1031 404 1157 461 Non
1190 400 1547 458 dimittimus
1576 413 1730 453 eum.
1767 395 1889 451 Dixi
1921 394 2005 450 eis
2037 400 2087 465 Α
2122 394 2217 460 tis,
2250 400 2413 452 sexto
2446 397 2626 450 ferme
2657 392 2848 464 lapide
2877 391 2948 445 ab
2979 390 3064 446 eis
3095 390 3344 454 distans,
3381 389 3527 445 circa
3572 391 3738 446 maris

359 505 529 561 tertio
553 520 567 558 :
591 501 693 558 Vel
715 499 966 572 pretium
995 511 1096 567 pro
1119 492 1219 548 illo
1242 508 1357 546 non
1381 486 1674 560 accipitis?
1696 487 1839 542 Date
1862 484 2005 539 mihi

359 596 550 659 illum,
585 596 641 647 et
688 585 976 660 quidquid
1040 581 1343 655 petieritis,
1376 595 1481 649 ego
1531 578 1769 632 afferam
1816 573 2004 628 vobis.

362 680 715 755 Respondit:
740 682 862 733 Non
890 689 1208 746 possumus
1232 670 1335 724 tibi
1356 669 1492 722 dare
1513 666 1705 731 illum,
1722 662 2007 719 sacerdoti

358 754 518 829 enim
544 773 744 825 nostro
769 760 1320 839 promisimus,quia
1346 759 1394 814 si
1425 757 1564 828 quid
1590 754 1898 827 pulchrum
1920 768 2009 807 ce-

361 863 648 937 perimus,
673 859 986 913 otTeremus
1008 851 1151 906 illud
1176 852 1247 919 ei,
1274 847 1546 920 utipsum
1572 844 1628 899 in
1650 843 2009 899 sacriﬁcium

361 932 584 1009 offerat.
611 948 720 1004 Sed
746 947 890 1001 vade
917 946 1029 1013 jam
1058 958 1070 997 ε
1102 956 1238 995 nam
1262 938 1311 993 si
1337 952 1559 991 moram
1585 932 1813 997 feceris,
1837 934 2013 1002 caput

362 1048 533 1098 tuum
557 1041 617 1093 in
638 1043 849 1092 terram
873 1027 1363 1105 projiciam.Tunc
1380 1027 1709 1096 prostratus
1726 1037 1831 1092 ego
1846 1018 2009 1074 humi

363 1129 479 1185 dixi
516 1145 528 1185 :
554 1125 815 1183 Salvator
834 1125 1033 1178 noster
1055 1116 1284 1173 Christo
1310 1114 1484 1178 Deus,
1512 1110 1739 1167 salvum
1767 1109 1853 1164 fac
1886 1123 2012 1162 ser-

362 1236 498 1276 vum
530 1224 720 1274 tuum.
744 1216 813 1270 Et
841 1212 1119 1268 continuo
1153 1215 1270 1263 tres
1299 1202 1571 1261 Saraceni
1603 1198 1886 1257 daemonio
1919 1213 2012 1251 re-

362 1309 501 1382 pleti
524 1305 849 1377 evaginatis
864 1299 1077 1374 gladiis
1090 1314 1151 1354 se
1166 1296 1410 1351 invicem
1428 1290 2013 1348 conciderunt.Assu-

366 1379 649 1467 mensque
707 1408 812 1464 ego
863 1388 1287 1446 adolescentem
1322 1384 1380 1437 in
1415 1379 1757 1454 speluncam
1801 1391 2011 1440 meam,

364 1466 763 1547 refoviillum,
788 1486 844 1536 et
869 1481 986 1549 jam
1018 1475 1207 1532 noluit
1251 1472 1517 1529 recedere
1539 1486 1571 1524 a
1604 1484 1693 1522 me
1722 1486 1735 1534 ;
1790 1466 1888 1521 sed
1921 1479 2012 1518 re-

367 1576 648 1631 nuntians
678 1570 1059 1639 saeculo,cum
1093 1569 1313 1637 septem
1350 1577 1533 1617 annos
1560 1559 1617 1613 in
1649 1555 1853 1612 habitu
1890 1569 2013 1609 mo-

364 1666 591 1721 nastieo
624 1655 1261 1734 implesset,requievit.
1286 1654 1421 1707 Erat
1450 1653 1644 1705 autem
1675 1660 1886 1718 genere
1901 1647 2014 1714 Ty-

366 1755 512 1810 rius.

958 1833 1193 1889 CAPUT
1232 1829 1419 1886 CLVI.

465 1929 755 2001 Responsio
786 1924 1071 1996 cujusdam
1105 1922 1260 1977 Senis
1289 1918 1357 1974 ad
1386 1917 1519 1972 duos
1547 1910 1916 1987 philosophos.

438 1999 926 2090 Duorphilosophi
955 2012 1239 2067 venerant
1270 2005 1588 2077 aliquando
1614 2003 1683 2057 ad
1714 2015 1935 2060 senem.
1961 1999 2017 2051 et

366 2086 612 2167 orabant
638 2121 772 2161 eum
798 2108 860 2158 ut
880 2103 964 2158 eis
984 2100 1226 2155 verbum
1246 2093 1646 2150 aediﬁcationis
1669 2086 2016 2144 diceret.Se-

369 2215 479 2254 nex
496 2213 630 2252 vero
653 2193 899 2249 tacebat.
918 2191 1173 2245 Rursum
1200 2181 1531 2257 philosophi
1558 2173 2016 2235 dixeruntzNihil

369 2285 689 2357 respondes
712 2282 899 2349 nobis,
925 2283 1090 2333 Pater
1109 2278 1136 2331 ?
1166 2277 1328 2330 Tunc
1352 2288 1527 2329 senex
1548 2268 1791 2323 dixiteis
1818 2282 1829 2319 :
1851 2263 2013 2331 Quod

370 2356 619 2432 studiosi
656 2372 891 2442 quidem
923 2367 1051 2423 sitis
1067 2360 1609 2436 eloquentiae,seio;
1642 2356 1796 2429 quod
1816 2359 2013 2411 autem

373 2481 485 2519 non
508 2462 629 2517 veri
650 2461 778 2516 sitis
802 2455 1153 2530 philosophi,
1190 2453 1436 2508 afﬁrmo.
1457 2448 1722 2513 Quandiu
1749 2445 1902 2499 enim
1930 2442 2015 2496 lo-

371 2554 466 2624 qui
489 2549 735 2617 discitis,
760 2547 925 2620 quasi
948 2544 1106 2616 loqui
1131 2539 1401 2598 nesciatis
1423 2539 1449 2593 ?
1482 2537 1567 2593 Sit
1596 2551 1733 2607 ergo
1756 2532 2013 2605 philoso-

366 2642 515 2713 phiae
538 2644 741 2695 vestrae
765 2654 911 2709 opus
925 2650 1158 2707 semper
1181 2628 1447 2687 meditari
1473 2620 2013 2693 mortem,silentio-

364 2746 478 2802 que
509 2733 565 2785 et
596 2726 777 2799 quieti
810 2741 911 2781 vos
939 2721 1307 2780 assuefacite.

956 2828 1190 2887 CAPUT
1231 2824 1435 2881 CLVII.

357 2927 563 2982 Relatio
592 2924 831 2979 duorum
861 2919 1260 2976 monachorum
1311 2912 1637 2970 monasterii
1679 2908 2013 2982 Sulgevorum

514 2980 787 3069 Syrorum
819 2995 885 3049 de
911 3008 1068 3057 cane,
1102 2991 1198 3061 qui
1222 2986 1395 3061 fratri
1427 2986 1574 3040 viam
1603 2980 1853 3039 ostendit.

432 3082 2010 3164 PerreximusegoetsophistaSophroniusinmonaste-
2039 3126 2080 3192 C

583 3188 608 3192 μ
656 3185 663 3192 .
855 3183 865 3192 .
937 3183 948 3192 ι
1041 3186 1049 3192 .
1274 3183 1282 3192 .
1440 3174 1734 3192 I,A,j_m-.__
1799 3169 1863 3192 ,Δ
1905 3167 1969 3192 ..1.

361 3185 515 3241 rium
572 3183 902 3239 Calamcnis
927 3183 1095 3252 juxta
1125 3183 1396 3234 sanctum
1426 3174 1763 3235 Jordanem,
1797 3169 1868 3224 ad
1902 3167 2005 3222 ab-

358 3276 553 3330 batem
587 3272 1006 3333 Alexandrum,
1042 3266 1492 3335 invenimusque
1520 3262 1670 3333 apud
1700 3276 1832 3316 eum
1861 3258 2009 3312 duos

360 3364 681 3421 monachos
703 3348 2011 3425 monasteriiSubevorumSyrorum.Narrave-

358 3459 498 3508 runt
528 3460 720 3509 autem
753 3450 943 3513 nobis,
978 3447 1236 3502 dicentes
1270 3460 1284 3499 :
1323 3450 1467 3497 Ante
1496 3442 1603 3496 hos
1637 3440 1834 3493 decem
1863 3435 2011 3507 {dies

356 3542 516 3597 venit
545 3542 784 3611 quidam
814 3536 1256 3609 peregrinorum
1280 3534 1584 3602 susceptor
1610 3528 2011 3594 eleemosynas

358 3647 628 3701 erogans,
649 3633 705 3684 et
728 3626 966 3681 veniens
996 3625 1054 3678 in
1088 3622 1306 3678 Subiba
1339 3622 1641 3685 Besorum,
1670 3616 1829 3672 dedit
1850 3614 2010 3669 eulo-

360 3713 1258 3790 giam.Rogavitigiturabbatem
1276 3707 1875 3775 monasterii,dicens:
1903 3704 2013 3758 Fac

361 3805 792 3875 charitatem,et
812 3802 979 3857 mitte
1012 3800 1070 3855 in
1104 3800 1432 3871 proximum
1458 3792 1874 3851 monasterium
1908 3796 2014 3863 Syc

360 3911 584 3961 rerum,
612 3899 676 3949 ut
701 3890 1161 3962 accipiant9lo
1184 3893 1239 3942 et
1261 3885 1681 3958 ipsivenientes
1696 3880 2010 3953 eulogiam,

357 3987 415 4040 et
437 3982 710 4037 nuntient
733 3978 1089 4036 monasterio
1112 3976 1435 4033 Charembe
1451 3972 1761 4029 utveniant
1790 3975 1846 4025 et
1875 3968 2009 4040 ipsi.

356 4078 518 4127 'I‘nnc
553 4071 735 4126 abbas
770 4069 933 4125 misit
964 4069 1198 4123 fratrem
1231 4068 1299 4121 ad
1334 4064 1603 4119 abbatem
1651 4061 2013 4115 Subevorum

358 4164 660 4235 Syrorum.
689 4160 987 4215 Profectus
1012 4158 1210 4228 itaque
1235 4156 1431 4221 frater,
1458 4152 1605 4207 dixit
1626 4151 1678 4206 ei
1703 4166 1716 4205 :
1740 4148 1879 4204 Veni
1915 4164 2012 4201 us-

360 4269 473 4323 que
505 4251 575 4305 ad
612 4251 1039 4305 monasterium
1073 4246 1372 4313 Besorum,
1398 4242 1604 4296 nuntia
1634 4255 1765 4294 vero
1798 4243 1853 4293 et
1885 4253 2013 4291 mo-

361 4339 613 4395 nasterio
637 4337 980 4406 Charembe,
1003 4340 1066 4391 ut
1085 4333 1319 4391 veniant
1340 4337 1396 4387 et
1418 4331 1551 4402 ipsi.
1577 4326 1901 4400 Respondit
1923 4341 2012 4380 se-

363 4447 472 4485 nex
499 4446 511 4482 :
538 4429 757 4495 Frater,
779 4427 1038 4498 ignosce,
1061 4425 1196 4495 quia
1216 4421 1443 4478 nullum
1465 4419 1650 4474 habeo
1682 4433 1853 4486 quem
1880 4414 2013 4469 mit-

2122 484 2341 541 labium
2378 502 2391 540 :
2426 485 2669 556 proinde
2701 483 2920 538 habent
2956 479 3317 535 anachoreta}
3348 483 3403 533 et
3431 477 3545 534 illic
3577 479 3742 534 mini-

2120 580 2330 629 strum.
2364 575 2721 644 Quaeunque
2753 588 2888 642 ergo
2915 570 3059 624 hora
3090 568 3289 622 volunt
3310 568 3376 621 ad
3401 565 3626 622 hortum
3650 584 3742 639 pro

2120 663 2377 719 oleribus
2400 663 2650 729 mittere,
2667 664 2935 718 sternunt
2954 660 3211 724 asinum,
3228 656 3744 713 etdicuntei:Vade

2120 752 2180 807 in
2212 753 2447 808 hortum
2480 753 2551 807 ad
2586 752 2947 818 ministrum,
2981 753 3037 803 et
3067 747 3209 802 affer
3250 745 3415 801 nobis
3446 745 3615 800 olera.
3646 747 3747 810 Qui

2122 858 2253 897 mox
2285 843 2352 897 ad
2389 841 2768 897 hortulanum
2798 838 2961 894 solus
2992 836 3169 902 vadit,
3204 841 3484 905 stansque
3515 840 3641 888 ante
3663 835 3747 904 ja-

2122 930 2518 1001 nuam,capite
2537 928 2755 1001 pulsat.
2786 925 2993 982 Statim
3019 924 3200 995 igitur
3221 927 3487 993 egressus
3502 921 3749 977 hortula-

2123 1036 2235 1074 nus
2258 1019 2453 1090 ipsum
2477 1017 2734 1073 oleribus
2759 1020 3385 1084 onerat,onustumque
3409 1011 3752 1066 dimittit.Vi-

2124 1108 2375 1179 dercque
2398 1111 2486 1162 est
2508 1106 2739 1162 asinum
2764 1104 3021 1177 quotidie
3047 1102 3235 1159 solum
3263 1101 3753 1169 aseendentem,et

2125 1194 3107 1263 descendentem,etministrantem
3140 1191 3381 1247 senibus
3411 1188 3752 1258 tantum,alii

2122 1301 2256 1341 vero
2290 1284 2433 1340 nulli
2465 1285 2906 1355 obsequentem.

2719 1398 2948 1454 CAPUT
2989 1396 3171 1452 CLIX.

2204 1492 2319 1548 Vita
2347 1489 2562 1546 abbatis
2591 1489 2891 1559 SOphronii
2918 1486 3186 1559 solitarii,
3219 1490 3269 1540 et
3299 1484 3685 1559 admonitiones

2470 1561 2643 1618 Menas
2669 1559 2823 1615 ducis
2851 1558 3083 1615 caenobii
3111 1558 3427 1612 Seueriani.

2200 1650 2431 1706 Dicebat
2461 1650 2641 1705 abbas
2665 1649 2862 1703 Menas
2885 1646 3137 1701 antistes
3161 1642 3407 1698 coenobii
3432 1640 3650 1697 abbatis
3670 1645 3754 1695 Se-

2049 1757 2094 1823 B
2124 1740 2347 1797 veriani
2393 1740 2464 1794 de
2510 1738 2722 1793 abbate
2750 1735 3075 1808 Sepbronio
3108 1732 3392 1799 solitario,
3427 1732 3578 1803 quod
3612 1730 3753 1785 circa

2126 1846 2288 1885 mare
2322 1829 2613 1884 Mortuum
2638 1831 2900 1881 moratus
2925 1825 3002 1880 sit
3024 1826 3219 1878 nudus
3250 1838 3355 1894 per
3384 1838 3566 1876 annos
3588 1820 3754 1874 ferme

2126 1917 2519 1991 septuaginta,
2552 1916 2763 1972 herbas
2795 1914 2853 1969 in
2888 1914 3079 1969 cibum
3113 1928 3378 1967 sumens.

2197 2010 2265 2063 Et
2286 2009 2394 2063 hoc
2417 2023 2622 2062 rursus
2654 2006 2725 2059 de
2759 2004 2857 2058 illo
2889 2004 3141 2063 dicebat,
3166 2001 3407 2055 audisse
3431 2016 3489 2054 se
3520 2015 3755 2054 narran-

2125 2103 2243 2155 tem
2266 2113 2489 2160 senem.
2513 2094 2871 2151 etdicentem
2900 2109 2911 2146 :
2938 2091 3107 2147 Oravi
3134 2089 3443 2145 Dominum
3467 2104 3535 2143 ne
3555 2088 3755 2143 daemo-

2127 2204 2230 2241 nes
2248 2186 2538 2258 spelunca:
2570 2200 2709 2239 mea:
2743 2181 3225 2253 propinquarent.
3254 2178 3618 2250 Aspiciebam
3636 2191 3755 2231 vero

2127 2277 2421 2330 dmmones
2452 2273 2772 2340 venientes,
2808 2275 3147 2339 stantesque
3170 2285 3203 2322 a
3233 2267 3407 2338 longe
3436 2266 3621 2320 tribus
3651 2265 3757 2319 fere

2125 2363 2352 2424 studiis,
2380 2379 2569 2433 neque
2601 2360 2850 2415 ulterius
2884 2356 3356 2429 apprOpinquare
3386 2354 3654 2409 valentes.

2199 2454 2354 2507 Idem
2398 2452 2579 2506 abbas
2626 2456 2826 2506 Menas
2876 2447 3107 2502 dicebat
3136 2445 3385 2501 ccenobii
3444 2443 3751 2498 fratribus:

2123 2541 2463 2614 Fugiamus,
2485 2538 2609 2607 filii,
2642 2536 3009 2593 saecularium
3039 2533 3372 2605 colloquia;
3407 2532 3591 2589 solent
3614 2532 3756 2587 enim

2123 2648 2330 2687 nocere
2353 2629 2695 2701 junioribus
2728 2626 3054 2681 monachis.

2194 2720 2430 2775 Dicebat
2459 2719 2672 2773 iterum
2707 2732 2880 2771 senex
2917 2732 2928 2768 :
2961 2714 3166 2770 Omnis
3198 2716 3344 2767 mtas
3377 2710 3755 2784 pcenitentiam

2123 2826 2292 2881 agere
2323 2807 2777 2877 debet,juvenes
2810 2803 2987 2858 simul
3008 2820 3074 2858 ac
3104 2818 3296 2867 senes,
3324 2808 3390 2854 ut
3415 2806 3624 2855 interna
3651 2798 3756 2851 vita

2123 2899 2233 2953 frui
2258 2914 2388 2952 cum
2415 2896 2601 2968 gloria
2618 2900 2672 2950 et
2688 2894 2857 2949 laude
2873 2907 3204 2947 mereamur
3220 2907 3230 2943 :
3246 2891 3496 2960 juvenes
3509 2887 3754 2960 quidem,

2121 2988 2261 3061 quia
2286 2988 2342 3041 in
2369 2986 2508 3040 ﬂore
2530 2983 2738 3050 aetatis,
2766 2999 2897 3037 cum
2924 2982 3102 3036 fervet
3122 2978 3616 3050 concupiscentia,
3641 2992 3756 3030 cer-

2119 3078 2299 3133 vicem
2334 3091 2500 3131 suam
2536 3074 2876 3144 subjugum
2913 3070 3206 3141 pudicitiae
3241 3068 3567 3131 miserunt;
3598 3080 3753 3120 senes

2122 3183 2276 3231 vero,
2301 3165 2438 3237 quia
2461 3162 2726 3217 inolitam
2748 3161 2859 3216 sibi
2884 3176 2951 3225 ex
2971 3158 3175 3213 multis
3200 3157 3565 3229 temporibus
3584 3153 3754 3209 malo-

2119 3272 2248 3311 rum
2266 3251 2743 3325 anticipationem
2762 3249 3077 3305 transferre
3091 3248 3163 3301 ad
3180 3246 3414 3302 meliora
3434 3248 3753 3318 potuerunt.

2739 3363 2974 3420 CAPUT
3014 3362 3160 3418 CLX.

2102 3498 2109 3499 γ
2150 3457 2424 3528 Quomodo
2453 3457 2669 3514 daemon
2703 3453 3039 3534 apparuerit
3070 3450 3290 3534 quidam
3319 3449 3442 3505 seni
3470 3452 3529 3505 in
3556 3449 3727 3520 forma

2694 3522 2859 3596 pueri
2882 3522 3197 3593 nigerrimi.

2191 3620 2454 3675 Narravit
2475 3616 2644 3672 nobis
2668 3615 2848 3669 abbas
2875 3611 3366 3680 Paulus,antistes
3391 3607 3630 3665 cmnobii
3660 3605 3757 3660 ab-

2124 3710 2274 3763 batis
2301 3702 2867 3777 Theognostis,quia
2893 3701 3108 3755 dixerit
3131 3714 3307 3754 senex
3342 3699 3578 3771 quidam
3598 3696 3757 3750 :Cum

2122 3799 2213 3854 die
2263 3797 2518 3869 quadam
2570 3795 2832 3849 sederem
2865 3791 2922 3845 in
2957 3788 3169 3846 cellula
3201 3805 3353 3853 mea,
3391 3795 3757 3860 operarerque

2122 3888 2398 3943 manibus
2414 3883 2857 3954 meis(texebarr.
2878 3886 3068 3934 autem
3084 3878 3413 3933 canistrum
3426 3880 3503 3944 ,et
3517 3874 3757 3947 psalmos

2122 3976 2500 4048 repetebam),
2524 3988 2655 4028 ecce
2688 3988 2787 4042 per
2820 3969 3133 4025 fenestram
3167 3967 3475 4038 ingressus
3498 3967 3583 4020 est
3605 3958 3759 4034 quasi

2122 4084 2266 4138 puer
2297 4064 2581 4135 IEthiops,
2613 4066 2669 4116 et
2700 4064 2862 4115 stans
2912 4074 3108 4112 coram
3161 4071 3276 4123 me,
3310 4055 3529 4110 saltare
3573 4050 3755 4122 coepit,

2123 4136 2513 4227 psallentique
2541 4149 2684 4205 mihi
2718 4148 2900 4203 dixit:
2933 4151 3141 4215 Senex,
3175 4162 3370 4201 nonne
3401 4146 3547 4200 bene
3576 4136 3758 4195 salte?

2123 4225 2239 4298 Eho
2264 4249 2452 4297 autem
2481 4240 2623 4294 nihil
2649 4236 2945 4309 respondi.
2978 4236 3203 4290 Rursus
3225 4234 3307 4290 ait
3332 4233 3473 4288 mihi
3494 4232 3637 4288 :Non
3662 4225 3758 4281 tibi

2123 4332 2311 4405 placet
2346 4331 2464 4385 haec
2497 4328 2727 4384 saltatio
2761 4325 2937 4381 mea?
2980 4324 3135 4379 Nihil
3167 4328 3360 4378 autem
3397 4314 3758 4393 respondenti

2129 4404 2272 4477 mihi
2307 4420 2389 4475 ait
2424 4437 2437 4475 :
2471 4419 2613 4473 Ecce
2648 4420 2817 4488 putas
2852 4420 2925 4479 te,
2955 4414 3103 4469 male
3137 4429 3333 4480 senex,
3359 4424 3631 4483 magnum
3663 4404 3761 4461 ali-

365 4522 510 4579 tam,
533 4516 631 4571 sed
655 4519 741 4571 fac
771 4496 1085 4587 perfectam
1120 4513 1489 4575 ebaritatem,
1511 4513 1569 4564 et
1594 4522 1838 4578 pergens
1871 4505 2017 4575 ipse,
2049 4497 2095 4561 D
2130 4511 2267 4585 quid
2298 4524 2487 4581 agere.
2512 4506 2649 4561 Dico
2682 4505 2810 4572 tibi,
2834 4503 2973 4574 quia
2997 4507 3053 4558 et
3075 4503 3131 4557 in
3158 4502 3521 4573 sexagesimo
3551 4496 3759 4568 quinto,

361 4604 570 4660 nuntia
590 4602 1007 4659 eis.Aitautem
1033 4601 1240 4656 frater:
1267 4599 1583 4669 Nunquam
1604 4595 1743 4650 illuc
1763 4591 2010 4666 perrexi,

361 4710 467 4750 nec
490 4694 641 4748 viam
667 4692 809 4748 scio.
830 4696 992 4746 Tunc
1017 4691 1096 4745 ait
1118 4706 1292 4745 senex
1314 4688 1506 4743 catulo
1530 4702 1636 4740 suo
1663 4702 1675 4740 :
1700 4684 1860 4738 Vade
1879 4697 2013 4736 cum

360 4784 537 4838 fratre
559 4781 673 4836 isto
696 4780 963 4852 usquead
986 4777 1410 4833 monasterium
1431 4774 1841 4839 Charcmbe,ut
1866 4786 1983 4826 nun
2001 4797 2013 4810 -

362 4871 467 4925 tiet
497 4871 579 4925 eis
612 4870 765 4940 quod
792 4868 934 4922 vult.
962 4867 1111 4923 Abiit
1143 4883 1281 4938 ergo
1312 4865 1472 4921 canis
1504 4880 1636 4919 cum
1682 4863 1883 4925 fratre,
1908 4860 2015 4914 do-

362 4976 467 5014 nec
491 4959 697 5015 statuit
724 4957 891 5012 illum
909 4959 1079 5028 juxta
1102 4954 1716 5024 monasteriijanuam.
1739 4949 2016 5005 Ostende-

363 5052 496 5104 ruut
526 5052 721 5103 autem
756 5046 926 5103 nobis
959 5052 1016 5102 et
1046 5062 1250 5102 canem
1286 5045 1506 5117 ipsum,
1535 5042 1635 5114 qui
1668 5041 1782 5097 ista
1815 5055 2018 5095 narra-

364 5142 615 5206 verunt;
650 5136 939 5193 habebant
960 5136 1125 5191 enim
1158 5134 1323 5189 illum
1357 5149 1580 5189 secum.

935 5241 1169 5297 CAPUT
1206 5241 1441 5296 CLVIII.

362 5335 434 5388 De
451 5333 608 5389 asino
626 5334 722 5404 qui
741 5334 1068 5387 monasterio
1100 5334 1414 5398 nuncupata
1438 5329 1643 5400 Marpes
1659 5327 2012 5383 inserviebat.

435 5432 600 5487 Mons
625 5436 712 5487 est
741 5431 895 5486 circa
928 5447 1087 5485 mare
1118 5434 1434 5494 Mortuum,
1465 5427 1565 5500 qui
1596 5426 1824 5481 Mardes
1854 5441 2019 5480 voca-

366 5527 481 5587 tur,
515 5521 780 5577 excelsus
812 5518 997 5574 valde.
1030 5520 1089 5573 In
1119 5534 1184 5574 eo
1218 5524 1415 5573 monte
1460 5516 1825 5572 anachoreta:
1857 5528 2016 5568 com-

370 5614 702 5669 morantur:
720 5613 1021 5666 estautem
1038 5607 1156 5664 illis
1176 5611 1233 5664 et
1250 5607 1460 5665 hortus
1481 5606 1551 5661 ad
1574 5603 1833 5660 radicem
1858 5618 2018 5658 mon-

2122 4583 2178 4658 et
2224 4601 2283 4655 in
2330 4595 2689 4668 sexagesimo
2740 4598 2902 4648 sexto
2935 4596 2990 4647 et
3020 4590 3078 4646 in
3110 4590 3474 4661 sexagesimo
3525 4583 3758 4658 septimo

2124 4691 2351 4763 psalmo
2384 4685 2616 4741 errasti.
2662 4688 2825 4737 Tunc
2848 4696 3098 4749 surgens
3130 4696 3235 4751 ego
3268 4695 3465 4735 coram
3495 4677 3606 4733 Deo
3637 4673 3763 4729 ado-

2126 4778 2242 4835 ravi
2277 4781 2656 4850 prosternens
2691 4788 2804 4841 me,
2838 4774 2895 4827 et
2929 4770 3026 4825 ille
3058 4768 3311 4826 evanuit.

2727 4885 2958 4942 CAPUT
2999 4884 3191 4940 CLXI.

2223 4984 2339 5039 Vita
2363 4979 2578 5036 abbatis
2610 4980 2766 5033 Isaac
2808 4975 3038 5040 Thebwi,
3074 4978 3126 5029 et
3155 4973 3420 5045 quomodo
3449 4970 3609 5027 etiam
3636 4968 3690 5023 ei

2340 5050 2613 5124 apparuit
2642 5050 2857 5106 daemon
2893 5048 2951 5101 in
2986 5044 3171 5114 ﬁgura
3196 5044 3569 5100 adolescentis.

2197 5152 2375 5224 Lycos
2397 5147 2716 5204 Thebaidis
2748 5145 2955 5201 civitas
2978 5152 3065 5199 est
3088 5160 3101 5199 :
3123 5142 3194 5197 ab
3218 5141 3326 5197 hac
3346 5156 3511 5197 mons
3532 5136 3757 5210 quidam

2127 5259 2227 5297 sex
2242 5239 2500 5295 millibus
2518 5252 2800 5308 passuum
2820 5229 3480 5302 distat,habitantquein
3497 5245 3562 5284 eo
3581 5239 3766 5281 mona-

2126 5331 2220 5387 chi
2240 5329 2334 5385 alii
2362 5328 2599 5400 quidem
2624 5325 2682 5379 in
2708 5321 3029 5396 speluncis,
3053 5320 3358 5376 aliiautem
3376 5318 3431 5374 in
3447 5313 3761 5373 cellis.Pro-

2126 5420 2258 5475 fecti
2291 5434 2426 5488 ergo
2473 5432 2579 5471 nos
2638 5413 2799 5477 illuc,
2834 5410 3215 5466 convenimus
3268 5410 3531 5465 abbatem
3590 5405 3759 5465 Isaac,

2124 5509 2438 5566 Thebaaum
2460 5520 2705 5577 genere;
2730 5500 3105 5570 narravitque
3122 5498 3288 5554 nobis
3302 5497 3513 5563 senior,
3536 5494 3760 5549 dicens:

2125 5601 2268 5655 Ante
2300 5612 2487 5653 annos
2519 5589 2951 5667 quinquaginta
2972 5590 3119 5646 duos
3148 5604 3282 5644 cum
3315 5600 3578 5659 operarer
3605 5594 3765 5638 cono-
