4002 6166
300 281 399 335 201

1614 280 1911 337 PRATUM
1950 279 2402 334 SPIRITUALE.
3618 282 3690 335 20

310 405 776 477 ρὶοτιεω(34,)ἰιι
811 406 1129 463 laborando
1153 406 1819 478 erravi,aftligebarque,
1839 404 1976 477 quia
2006 403 2059 467 Α
2091 400 2189 456 bet
2220 400 2307 456 leo
2334 404 2355 455 Ρ
2385 400 2452 455 Et
2483 400 2565 455 ait
2596 398 2769 454 mihi:
2796 399 2961 455 Male.
2987 401 3189 458 Etdixi
3220 404 3289 459 ad
3314 420 3466 460 eum.
3491 406 3679 469 Quare
3700 407 3729 461 ‘l

323 511 582 550 errorem
617 511 722 550 nec
758 498 1009 568 reperire
1042 513 1146 553 nec
1203 498 1515 552 emendare
1546 497 1831 551 valebam.
1863 496 1971 551 To-

324 590 451 638 tum
477 601 613 655 ergo
636 587 789 640 diem
815 586 1181 658 consumpsi,
1202 603 1292 642 me
1318 588 1536 642 frustra
1558 586 1895 652 concidens,
1919 589 1975 639 et

307 673 455 744 quid
490 690 726 745 agerem
755 675 1123 747 ignorabam.
1156 678 1225 732 Et
1256 694 1387 732 cum
1427 677 1547 732 fere
1579 677 1971 746 desperarem,

304 778 442 817 ecce
476 779 578 833 per
612 764 926 819 fenestram
961 767 1265 835 ingressus
1296 766 1639 821 adolescens
1670 764 1751 817 ait
1782 762 1924 818 mihi
1954 780 1967 817 :

308 850 564 906 Errasti:
591 853 691 908 sed
718 854 791 907 da
814 854 959 907 mihi
983 872 1129 925 opus
1154 860 1217 909 ut
1238 854 1384 909 illud
1408 856 1719 925 corrigam.
1746 854 1844 908 Aio
1868 871 1967 909 au-

308 945 428 994 tem
463 942 532 995 ad
567 941 736 996 illum
762 960 774 997 :
800 942 959 998 Vade
979 943 1307 1007 hinc,absit
1329 944 1437 999 hoc
1458 963 1487 997 a
1514 961 1622 999 me.
1652 944 1971 1015 Respondit

306 1030 456 1083 mihi
490 1035 546 1084 et
579 1032 703 1103 ipse
731 1050 743 1087 :
770 1031 937 1087 Certe
970 1033 1253 1088 damnum
1287 1034 1390 1087 tibi
1424 1039 1530 1102 est,
1558 1034 1606 1089 si
1642 1034 1789 1089 male
1821 1050 1969 1105 opus

301 1119 509 1174 facias.
538 1120 702 1175 Tunc
724 1121 843 1175 dixi
873 1121 953 1176 ei:
978 1122 1103 1177 Noli
1134 1124 1205 1177 de
1229 1123 1336 1177 hoc
1358 1122 1484 1195 ipse
1506 1140 1708 1178 curam
1745 1139 1965 1194 gerere,

305 1208 402 1264 Ait
428 1209 500 1264 ad
534 1225 627 1264 me
658 1210 886 1265 denuo:
928 1211 1206 1267 Misereor
1224 1211 1337 1281 tui,
1359 1212 1497 1283 quia
1518 1211 1773 1268 laborem
1796 1217 1965 1269 tuum

302 1298 525 1368 perdis.
562 1299 630 1353 Et
661 1299 938 1370 respondi
969 1300 1054 1354 illi
1085 1316 1099 1355 :
1131 1300 1281 1356 Male
1314 1301 1427 1356 huc
1458 1302 1691 1367 venisti,
1717 1307 1772 1357 et
1803 1309 1888 1367 tu,
1911 1307 1967 1357 et

301 1386 404 1457 qui
436 1392 493 1441 te
524 1387 918 1445 adduxerunt.
952 1389 1105 1445 Dixit
1138 1394 1333 1445 autem
1388 1391 1573 1445 mihi:
1608 1392 1748 1446 Vere
1779 1397 1838 1445 tu
1875 1408 1965 1447 me

301 1475 422 1531 huc
450 1475 772 1541 adduxisti,
806 1481 862 1532 et
893 1494 1062 1533 meus
1093 1494 1176 1533 es.
1210 1478 1312 1532 Aio
1355 1479 1425 1533 ad
1462 1479 1625 1534 illum
1678 1496 1821 1552 ego:
1852 1481 1966 1536 Cur

301 1562 450 1619 hoc?
474 1565 800 1637 Respondit
821 1565 915 1620 ille
939 1566 1085 1621 mihi
1110 1584 1123 1621 :
1150 1568 1295 1633 Quia
1315 1572 1434 1622 tres
1460 1569 1583 1623 dies
1628 1569 1962 1624 Dominicos

295 1653 469 1724 egisti
501 1655 976 1723 communicans,
1000 1659 1058 1711 et
1086 1656 1361 1711 inimicus
1395 1674 1457 1713 es
1488 1658 1660 1712 vinici
1696 1660 1800 1714 tui.
1837 1658 1961 1714 Dixi

295 1748 500 1797 autem
524 1743 610 1797 illi
639 1760 651 1798 :
685 1745 968 1799 Mentiris.
994 1746 1155 1801 Tunc
1177 1746 1302 1817 ipse
1328 1746 1469 1800 mihi
1497 1763 1509 1801 :
1538 1752 1659 1802 Non
1686 1750 1955 1817 mentior;

303 1848 444 1887 nam
481 1838 718 1904 propter
740 1833 1085 1889 lenticulum
1121 1836 1308 1889 iratus
1330 1852 1392 1890 es
1424 1836 1527 1890 illi.
1554 1837 1621 1891 Et
1650 1853 1755 1908 ego
1800 1853 1956 1906 sum,

303 1921 407 1992 qui
428 1939 677 1993 praesum
704 1923 800 1977 irae
828 1928 884 1978 et
911 1924 1205 1979 memoriae
1229 1924 1602 1995 injuriarum.
1628 1928 1701 1981 Es
1749 1929 1957 1983 amodo

304 2026 497 2066 meus.
516 2012 607 2066 91
624 2014 664 2067 Ι
693 2012 813 2067 Illis
839 2029 944 2084 ego
963 2013 1202 2083 auditis,
1221 2030 1638 2085 moxegressus
1660 2016 1953 2083 cellulam,

297 2101 420 2155 abii
455 2103 527 2157 ad
564 2103 826 2169 fratrem,
851 2110 909 2159 et
940 2109 1272 2175 prostratus
1305 2106 1377 2159 ab
1408 2106 1509 2161 illo
1533 2108 1758 2162 veniam
1798 2107 1956 2178 petii,

298 2191 778 2262 reconciliatique
797 2208 1024 2248 sumus.
1050 2193 1335 2250 Reversus
1353 2201 1547 2251 autem
1570 2196 1764 2251 inveni
1787 2196 1955 2251 illum

298 2280 664 2336 destruxisse
695 2285 752 2336 et
781 2283 1109 2352 cepionem,
1146 2288 1201 2337 et
1250 2289 1504 2340 stoream
1564 2285 1622 2339 in
1670 2301 1787 2357 qua
1818 2302 1952 2357 pro-

296 2374 522 2424 stratus
554 2371 900 2441 eram,quod
933 2370 1203 2426 charitati
1240 2377 1451 2428 nostra:
1483 2373 1789 2429 invideret.

892 2468 1123 2524 CAPUT
1157 2469 1361 2525 CLXII.

296 2556 598 2628 Responsio
627 2556 844 2633 abbatis
876 2558 1133 2633 Theodori
1178 2560 1531 2633 Pentapolini
1579 2577 1745 2633 super
1798 2561 1950 2617 solu-

784 2630 927 2684 tione
957 2631 1307 2685 abstinentiae
1338 2630 1457 2687 vini
1465 2674 1474 2684 .

380 2718 595 2783 Quinto
621 2718 847 2773 decimo
873 2718 947 2773 ab
970 2718 1316 2775 Alexendria
1348 2720 1625 2776 milliario
1658 2729 1954 2777 monaste-

295 2807 457 2861 rium
484 2813 591 2876 est,
611 2808 765 2877 quod
779 2812 1021 2862 vocatur
1044 2807 1344 2873 Calamon,
1370 2810 1521 2863 inter
1543 2814 1822 2865 Octavum
1851 2813 1950 2867 de-

293 2896 521 2950 cimum
557 2902 613 2951 et
644 2895 943 2968 Mapbora.
970 2900 1029 2951 In
1057 2896 1165 2951 hoc
1188 2897 1446 2952 vidimus
1470 2899 1742 2954 abbatem
1765 2901 1948 2956 Theo-

291 2986 503 3040 dorum
539 2984 1051 3056 Pentapolitanum
1082 2987 1230 3056 (erat
1260 2991 1454 3042 autem
1506 2988 1813 3045 nobiscum
1847 2992 1944 3045 So-

285 3074 488 3145 phista
512 3073 905 3145 Sophronius)
928 3080 986 3128 et
1008 3074 1508 3146 interrogavimus
1531 3092 1661 3131 eum
1687 3078 1937 3133 :Bonum

280 3168 400 3230 est,
427 3166 617 3232 Pater,
645 3162 875 3233 quoties
896 3162 982 3218 vel
1006 3163 1117 3234 ipsi
1141 3164 1210 3218 ad
1238 3163 1492 3236 aliquem
1517 3166 1833 3237 pergimus,
1853 3168 1941 3223 vel

280 3252 329 3306 si
368 3250 504 3322 quis
530 3252 691 3306 venit
713 3252 784 3306 ad
811 3269 937 3318 nos,
964 3252 1082 3307 vini
1107 3253 1529 3309 abstinentiam
1555 3256 1818 3311 solvere?
1844 3258 1945 3312 Re-

277 3340 526 3412 spondit
559 3340 729 3395 nobis
779 3342 993 3409 senior,
1030 3346 1088 3396 et
1146 3342 1268 3396 ait:
1302 3342 1447 3399 Non.
1484 3344 1588 3399 Aio
1642 3350 1837 3400 autem
1873 3348 1943 3401 ad

288 3446 428 3484 eum
460 3446 476 3483 :
509 3430 570 3484 Et
603 3430 901 3500 quomodo
946 3430 1173 3500 antiqui
1207 3431 1406 3486 Patres
1464 3433 1815 3489 solvebant?
1846 3435 1947 3490 Re-

272 3518 523 3589 spondit
548 3534 725 3573 senex
748 3534 759 3571 :
782 3518 1017 3589 Antiqui
1044 3518 1339 3585 Patres,ut
1365 3522 1559 3591 magni
1578 3528 1634 3576 et
1656 3528 1943 3592 potentes,

274 3615 337 3662 et
367 3606 600 3662 solvere
633 3611 925 3678 poterant,
958 3613 1015 3662 et
1066 3608 1282 3662 iterum
1335 3609 1555 3681 ligare;
1584 3617 1783 3667 nostra
1814 3629 1944 3668 vero

282 3696 612 3767 generatio,
647 3696 776 3763 ﬁlii,
812 3699 1031 3751 solvere
1062 3713 1127 3751 ac
1158 3696 1337 3768 ligare
1371 3716 1485 3753 non
1518 3701 1774 3756 sufficit:
1808 3718 1944 3757 nam

281 3785 339 3840 si
364 3784 663 3839 solvamus
694 3784 871 3839 ritum
898 3786 1262 3840 abstinentia:
1288 3792 1521 3854 nostrae,
1548 3805 1661 3843 non
1688 3790 1944 3862 amplius

285 3874 421 3928 vitae
459 3878 671 3929 nostra
704 3873 987 3946 religiosa:
1019 3877 1422 3930 austeritatem
1456 3878 1799 3934 retinemus.

863 3971 1092 4028 CAPUT
1130 3973 1369 4028 CLXIII.

681 4061 792 4115 Vita
826 4060 1041 4116 abbati:
1076 4062 1237 4116 Pauli
1266 4063 1561 4119 Helladici.

362 4148 607 4204 Dicebat
640 4150 820 4203 abbas
850 4148 1195 4219 Alexander,
1224 4152 1564 4206 monasterii
1588 4152 1942 4222 Calamonis,

287 4238 452 4310 quod
485 4241 572 4292 est
603 4254 783 4309 prope
809 4238 1149 4307 Jordanem,
1183 4238 1375 4294 Pater:
1400 4240 1500 4295 Die
1531 4244 1784 4311 quadam
1810 4260 1941 4298 cum

285 4344 486 4384 essem
514 4328 671 4399 apud
700 4327 971 4383 abbatem
996 4327 1242 4383 Paulum
1269 4328 1625 4385 Helladicum
1650 4331 1707 4384 in
1732 4332 1943 4403 spelmo

281 4417 505 4488 ipsius,
532 4432 664 4471 ecce
698 4416 939 4486 quidam
977 4417 1215 4472 veniens
1246 4416 1519 4487 pulsavit,
1553 4436 1943 4492 egressusque

284 4505 493 4561 senior
521 4505 754 4577 aperuit
783 4506 857 4572 ei,
886 4511 941 4559 et
973 4506 1271 4576 proferens
1297 4524 1503 4577 panem
1534 4514 1589 4563 et
1619 4510 1769 4564 cicer
1790 4511 1942 4566 infu-

286 4612 452 4661 sum,
478 4594 674 4665 posuit
706 4599 838 4649 ante
869 4594 1061 4658 illum.
1085 4600 1142 4650 et
1166 4596 1575 4651 manducabat.
1601 4599 1716 4669 Ego
1750 4606 1944 4656 autem

288 4685 579 4757 putabam
614 4683 752 4755 quia
783 4683 1127 4756 peregrinus
1157 4688 1329 4753 esset,
1355 4692 1410 4739 et
1433 4686 1719 4755 aspiciens
1742 4706 1845 4759 per
1866 4692 1944 4746 fe-

286 4779 583 4840 nestram,
617 4772 733 4825 vidi
763 4774 902 4843 quia
933 4773 1021 4828 leo
1053 4778 1197 4828 erat.
1223 4773 1348 4828 Dixi
1384 4776 1578 4845 itaque
1609 4779 1730 4832 seni
1764 4795 1781 4833 :
1811 4780 1949 4848 Cur,

287 4867 487 4927 Pater,
525 4862 749 4933 praebes
780 4860 861 4915 illi
927 4862 1306 4931 manducare,
1336 4863 1427 4918 dic
1485 4865 1628 4919 mihi
1661 4883 1897 4923 causam
1920 4870 1951 4926 ἵ

285 4951 496 5016 Quiait
520 4950 694 5006 mihi:
718 4949 862 5015 Quia
885 4950 1052 5005 illum
1077 4952 1277 5006 monui
1299 4958 1356 5005 ut
1376 4954 1667 5009 neminem
1695 4956 1947 5023 lazderet,

284 5057 483 5112 neque
537 5038 867 5105 hominem,
904 5054 1095 5110 neque
1138 5039 1503 5110 jumentum,
1536 5043 1775 5101 dicens:
1808 5044 1948 5102 Veni

285 5131 583 5202 quotidie,
608 5134 664 5185 et
684 5128 833 5183 dabo
856 5127 962 5182 tibi
989 5129 1188 5183 cibum
1210 5134 1400 5185 tuum.
1427 5132 1493 5185 Et
1512 5147 1642 5187 ecce
1665 5136 1787 5204 jam
1819 5155 1949 5209 sep-

286 5220 479 5275 timus
503 5218 600 5273 hic
627 5218 847 5273 mensis
868 5221 979 5286 est,
1003 5233 1070 5273 ex
1091 5234 1203 5289 quo
1221 5219 1314 5275 bis
1336 5220 1597 5291 quotidie
1620 5224 1872 5291 advenit,
1896 5230 1951 5282 et

291 5310 369 5364 do
401 5307 487 5363 illi
522 5308 901 5362 manducare.

363 5399 627 5453 Rursum
664 5400 794 5468 post
819 5412 1035 5467 paucos
1058 5396 1183 5452 dies
1208 5398 1431 5469 perrexi
1456 5401 1523 5455 ad
1552 5417 1707 5470 eum,
1726 5405 1950 5473 volens,

283 5490 363 5545 ab
398 5486 499 5542 illo
533 5502 727 5541 emere
769 5502 869 5541 vas
900 5483 1215 5554 vinarium,
1247 5487 1304 5542 id
1365 5489 1582 5562 quippe
1640 5499 1761 5549 erat
1791 5496 1950 5553 senis

283 5592 466 5650 opus,
498 5583 553 5631 et
580 5574 703 5629 dixi
735 5573 827 5629 ei:
855 5572 1001 5637 Quid
1035 5578 1144 5640 est,
1177 5577 1399 5632 Pater?
1430 5582 1723 5649 quomodo
1755 5600 1817 5639 se
1851 5584 1951 5639 ba-

622 5697 884 5757 Panos.
923 5693 1188 5755 LXXIV.

2088 490 2449 561 Respondit:
2480 490 2769 544 Prceterita
2802 490 2892 544 die
2924 492 3082 544 venit
3111 492 3246 559 huc,
3278 500 3343 548 ut
3391 495 3593 557 darem
3640 496 3725 551 illi

2082 582 2461 650 manducare,
2486 581 2689 634 videns
2722 597 2853 634 vero
2886 581 3013 649 ejus
3045 586 3306 636 mentum
3339 586 3624 654 sanguine
3647 586 3728 640 in-

2084 670 2324 735 fectum,
2351 669 2467 723 dixi
2502 669 2583 723 illi
2613 686 2625 723 :
2660 669 2804 733 Quid
2839 669 3340 727 est?Inobediens
3372 672 3529 727 fuisti
3562 674 3728 744 mihi,

2080 763 2136 812 et
2196 774 2402 813 carnes
2462 758 2850 813 manducasti.
2884 758 3232 815 Benedictus
3280 762 3579 828 Dominus,
3614 779 3729 818 non

2076 848 2195 914 jam
2231 847 2424 903 tribuo
2453 848 2557 901 tibi
2595 852 2657 901 ut
2680 848 2953 903 comedas
2977 848 3171 903 cibum
3206 848 3443 905 Patrum
3468 851 3731 910 carnium

2079 940 2419 1006 devorator;
2448 940 2667 993 recede.
2701 939 2803 994 Ille
2824 955 2956 993 vero
2980 939 3278 994 discedere
3302 940 3728 997 nolebat.'l‘unc

2079 1033 2316 1097 accepto
2348 1026 2632 1095 funiculo,
2669 1026 2973 1097 triplicans
3019 1027 3211 1095 illum,
3243 1033 3360 1084 tres
3416 1027 3498 1083 illi
3528 1029 3731 1101 plagas

2077 1132 2211 1171 cum
2244 1133 2311 1171 eo
2343 1117 2497 1181 dedi,
2532 1121 2588 1170 et
2624 1117 2884 1171 recessit.

2666 1204 2899 1259 CAPUT
2930 1204 3157 1261 CLXIV.

2076 1294 2368 1365 Responsio
2401 1293 2619 1350 abbatis
2646 1294 2870 1419 Victfz'is
2900 1293 3157 1375 solitarii
3177 1295 3249 1350 ad
3276 1293 3604 1352 monachum
3624 1313 3731 1368 pu-

2716 1382 2765 1419 sz
2816 1381 3080 1419 anzmem.

2716 1381 3080 1420 szttanzmem.

2148 1447 2347 1501 Frater
2375 1450 2535 1501 venit
2566 1449 2635 1501 ad
2670 1447 2939 1501 abbatem
2974 1448 3259 1502 Victorem
3306 1448 3633 1503 solitarium
3669 1449 3726 1504 in

2074 1535 2497 1589 monasterium
2527 1535 2731 1601 Elusze,
2755 1544 2807 1589 et
2843 1535 2987 1589 dixit
3010 1535 3090 1590 ei:
3117 1535 3262 1601 Quid
3290 1537 3726 1606 faciam,Pater,

2073 1625 2212 1695 quia
2242 1625 2579 1679 dominatur
2611 1624 2753 1677 mihi
2789 1624 2983 1695 passio
3018 1624 3557 1695 pusillanimitatis‘l
3583 1626 3726 1682 lies-

2074 1714 2277 1783 pondit
2309 1729 2483 1767 senex
2512 1729 2523 1765 :
2551 1712 2789 1766 Morbus
2824 1712 3034 1766 animae
3063 1718 3170 1769 est.
3194 1714 3352 1768 Sicut
3378 1714 3533 1769 enim
3567 1716 3724 1787 capti

2069 1802 2165 1868 [an
2194 1818 2303 1855 non
2336 1801 2469 1871 mgri
2490 1800 2538 1870 ‘1]
2557 1801 2742 1855 oculis
2766 1802 2995 1870 quando
3028 1802 3213 1873 magis
3239 1804 3563 1874 patiuntur,
3588 1804 3722 1874 plus

2068 1890 2174 1944 sibi
2210 1891 2479 1944 videntur
2512 1889 2705 1943 lumen
2740 1889 2981 1953 intueri,
3012 1892 3112 1960 qui
3143 1907 3280 1945 vero
3312 1908 3487 1947 sanos
3549 1893 3723 1948 habet

2065 1979 2286 2046 oculos,
2321 1979 2655 2045 modicum;
2692 1978 2772 2033 ita
2815 1984 2869 2033 et
2920 1979 3333 2050 pusillanimes
3386 1986 3443 2036 et
3493 1982 3721 2037 modica

2062 2069 2381 2123 tentatione
2402 2069 2516 2123 cito
2550 2068 3066 2138 perturbantur,et
3084 2085 3357 2140 magnam
3395 2069 3557 2125 illam
3590 2087 3720 2127 esse

2062 2157 2434 2225 existimant;
2469 2158 2566 2227 qui
2602 2174 2734 2211 vero
2793 2157 2991 2213 anima
3052 2158 3180 2212 sani
3238 2164 3400 2225 sunt,
3438 2160 3625 2229 magis
3657 2162 3717 2215 in

2064 2247 2492 2303 tentationibus
2526 2248 2802 2317 gaudent.

2646 2336 2879 2392 CAPUT
2927 2335 3133 2391 CLXV.

2390 2424 2515 2480 Vita
2552 2425 2786 2479 latronis
2817 2426 3125 2495 nuncupati
3157 2425 3397 2496 Cyriaci.

2131 2512 2399 2567 Narravit
2428 2514 2669 2585 quidam
2703 2514 2793 2567 vir
2825 2513 3016 2567 fidelis
3076 2516 3146 2568 de
3178 2514 3403 2569 latrone
3437 2517 3715 2586 quodam,

2056 2601 2297 2673 Cyriaco
2359 2602 2615 2666 nomine,
2677 2603 2775 2672 qui
2838 2600 3146 2657 latrocinia
3203 2604 3505 2658 exercebat
3562 2605 3717 2661 circa

2062 2691 2299 2753 Emaus,
2324 2708 2449 2761 qum
2473 2695 2561 2745 est
2592 2690 2910 2761 Nic0polis,
2937 2692 3038 2761 qui
3083 2693 3226 2746 adeo
3258 2694 3625 2748 truculentus
3657 2699 3715 2749 et

2059 2778 2339 2833 immanis
2367 2779 2495 2847 fuit,
2522 2779 2776 2849 utlupus
2796 2786 3119 2837 vocaretur.
3144 2782 3243 2836 Hic
3274 2799 3472 2837 secum
3505 2782 3713 2839 habuit

2055 2871 2200 2925 alios
2230 2871 2522 2925 latrocinii
2561 2871 2768 2935 socios,
2803 2888 2917 2926 non
2969 2873 3157 2928 solum
3190 2872 3579 2943 Christianos,
3612 2891 3706 2930 ve-

2054 2976 2183 3014 rum
2218 2965 2272 3014 et
2302 2960 2533 3015 Judazos
2567 2967 2623 3014 et
2654 2961 3102 3015 Samaritamos.
3136 2962 3397 3025 Quadam
3433 2980 3569 3033 ergo
3616 2964 3711 3019 die

2057 3048 2298 3119 profecti
2326 3049 2711 3119 suntquidam
2735 3065 2804 3103 ex
2826 3065 2965 3119 agro
2989 3050 3332 3120 Nicopoleos
3357 3052 3414 3106 in
3442 3056 3709 3108 sanctam

1972 3121 2017 3189 (ἶ
2057 3137 2351 3193 civitatem
2372 3153 2583 3207 magna
2598 3137 2983 3204 hebdomada,
3006 3143 3067 3192 ut
3088 3156 3191 3209 per
3211 3140 3566 3211 baptismum
3582 3141 3714 3196 illu-

2053 3225 2348 3280 minarent
2376 3225 2527 3279 filios
2563 3242 2722 3281 suos.
2750 3226 2911 3290 Quod
2941 3242 3075 3280 cum
3107 3228 3405 3293 fecissent,
3428 3233 3485 3283 et
3518 3244 3708 3284 rever-

2050 3311 2389 3367 terenturin
2410 3329 2615 3384 agrum
2641 3328 2839 3381 suum,
2857 3313 3579 3369 utcelebrarentsanctum
3606 3320 3708 3371 Re-

2051 3400 2429 3455 surrectionis
2470 3401 2647 3469 diem,
2684 3409 3062 3456 occurrerunt
3093 3401 3210 3457 illis
3242 3402 3516 3471 latrones,
3542 3403 3707 3474 prino

2052 3489 2175 3560 cipe
2211 3506 2319 3544 suo
2353 3490 2595 3544 absente
2625 3506 2636 3544 :
2671 3494 2727 3544 et
2758 3490 2866 3542 viri
2898 3490 3135 3561 quidem
3171 3492 3308 3561 fuga
3352 3496 3699 3559 evaserunt;

2052 3578 2330 3633 mulieres
2364 3584 2581 3647 autem,
2618 3578 2890 3650 projectis
2952 3596 3140 3650 nuper
3196 3581 3506 3651 baptizatis
3538 3581 3698 3652 ﬁliis,

2050 3671 2363 3721 tenuerunt
2399 3667 2614 3721 Hebraei
2648 3671 2705 3721 et
2737 3666 3110 3732 Samaritani,
3135 3672 3192 3722 et
3214 3668 3545 3724 habuerunt
3576 3686 3696 3725 cas.

2049 3755 2431 3826 Fugientibus
2466 3756 2647 3826 igitur
2674 3757 2816 3811 viris
2847 3756 3054 3811 obvius
3086 3758 3196 3811 fuit
3217 3757 3508 3813 latronum
3535 3759 3697 3830 prin-

2049 3860 2209 3915 ceps,
2242 3850 2299 3898 et
2328 3845 2409 3899 ait
2442 3843 2596 3899 illis:
2632 3844 2742 3898 Cur
2776 3844 3025 3917 fugitis?
3058 3845 3146 3900 Illi
3177 3851 3374 3901 autem
3407 3848 3698 3914 dixerunt,

2046 3934 2185 4004 quid
2220 3933 2331 3987 sibi
2356 3932 2716 4003 contigisset.
2741 3936 2992 3988 Sumens
3016 3949 3151 4005 ergo
3174 3934 3305 3990 illos
3328 3937 3483 3991 venit
3504 3938 3571 3991 ad
3602 3953 3697 3992 so-

2048 4023 2167 4077 cios
2195 4039 2355 4092 suos,
2380 4021 2802 4093 inveniensque
2828 4023 3082 4077 infantes
3107 4023 3164 4077 in
3196 4023 3439 4079 humum
3475 4027 3702 4096 projec-

2045 4116 2156 4179 tos,
2181 4128 2313 4166 cum
2337 4111 2673 4166 sciscitatus
2696 4116 2852 4166 esset
2875 4112 3116 4181 quinam
3140 4112 3246 4167 hoc
3270 4114 3703 4181 fecissent,sce-

2047 4199 2184 4255 leris
2209 4199 2522 4255 decollavit
2540 4205 2826 4265 auctores,
2848 4200 3702 4272 reddensquevirisﬁlioslnam

2045 4304 2277 4355 uxores,
2317 4288 2457 4359 quia
2489 4288 2807 4359 inquinatas
2842 4288 3092 4357 fuerant,
3119 4289 3369 4359 recipere
3399 4290 3557 4360 passi
3588 4307 3705 4345 non

2046 4380 2207 4441 sunt)
2228 4376 2474 4432 salvavit
2497 4394 2595 4431 eos
2629 4377 2923 4431 latronum
2947 4377 3243 4448 princeps,
3269 4382 3325 4433 et
3344 4378 3573 4433 reduxit
3606 4395 3708 4433 us-

1981 4471 2024 4535 D
2060 4483 2171 4539 que
2203 4466 2274 4520 ad
2306 4482 2525 4537 agrum,
2547 4465 2899 4520 suum.Post
2934 4465 3230 4520 modicum
3263 4484 3395 4522 vero
3427 4468 3709 4538 temporis

2058 4561 2255 4609 tentus
2278 4560 2363 4609 est
2385 4554 2679 4609 latronum
2707 4554 3001 4625 princeps,
3021 4558 3252 4625 egitque
3276 4556 3331 4610 in
3357 4573 3585 4612 carcere
3608 4559 3707 4612 de-

2057 4660 2177 4699 cem
2212 4660 2422 4712 annos,
2457 4642 2776 4712 nullusque
2806 4643 3138 4714 principum
3173 4643 3334 4699 illum
3371 4645 3600 4715 occidit,
3636 4646 3708 4701 ad

2058 4738 2423 4804 postremum
2454 4748 2588 4787 vero
2620 4734 2794 4786 etiam
2830 4731 3135 4787 absolutus
3164 4738 3271 4788 est.
3306 4733 3543 4790 Dicebat
3573 4750 3713 4805 ergo

2057 4837 2326 4894 semper:
2365 4822 2505 4893 quia
2533 4827 2769 4892 propter
2799 4820 3056 4875 infantes
3084 4820 3213 4876 illos
3240 4839 3501 4877 amaram
3535 4824 3713 4895 effugi

2060 4910 2715 4979 mortem.Aspiciebant
2730 4909 2884 4964 enim
2901 4908 3033 4964 illos
3049 4909 3452 4981 frequenterin
3467 4929 3589 4967 som
3602 4913 3713 4967 mis

2058 5000 2320 5054 dicentes
2350 4999 2492 5053 mihi
2516 5016 2528 5053 :
2553 4998 2679 5053 Noli
2709 4999 3053 5061 timere,nos
3078 5016 3179 5071 pro
3202 5004 3258 5053 te
3293 5002 3709 5072 satisfacimus,

2061 5088 2257 5144 Locuti
2289 5092 2487 5144 autem
2523 5091 2727 5158 postea
2756 5103 2891 5141 cum
2926 5086 3025 5142 illo
3059 5104 3265 5143 sumus
3297 5104 3401 5158 ego
3446 5094 3504 5145 et
3532 5090 3714 5147 abbas

2058 5182 2313 5233 Joannes
2348 5177 2651 5248 presbyter
2684 5177 3023 5232 monasterii
3057 5178 3571 5248 Eunuchorum,et
3594 5179 3715 5235 haec

2061 5268 2323 5323 eamdem
2358 5266 2526 5321 nobis
2560 5266 2681 5336 ipse
2716 5266 2992 5335 narravit,
3024 5265 3363 5337 gloriﬁcans
3391 5273 3595 5324 Deum.

2639 5354 2869 5410 CAPUT
2900 5356 3124 5412 CLXVI.

2070 5446 2185 5501 Vita
2218 5445 2455 5501 latronis
2485 5443 2964 5516 monachireﬂecti
2992 5452 3043 5501 et
3101 5454 3285 5516 postea
3338 5448 3397 5501 in
3453 5446 3718 5503 swculari

2636 5515 2831 5570 habitu
2861 5515 3141 5571 decollati.

2137 5598 2294 5654 912
2322 5596 2559 5653 Dicebat
2588 5595 2770 5652 abbas
2796 5596 3143 5654 Sabbatius:
3168 5597 3309 5653 Cum
3361 5598 3620 5654 sederem
3653 5595 3711 5651 in

3352 5718 3388 5772 7
