4002 6166
398 318 510 374 203

401 537 667 594 abbatem
696 533 995 589 Zozimum
1027 529 1287 595 Cilicem,
1320 534 1373 584 et
1428 527 1676 599 rogabat
1729 539 1929 580 senem
1964 521 2053 575 di—

401 641 538 682 cens
567 642 579 680 :
613 624 722 679 Fac
754 621 1129 685 charitatem,
1164 634 1266 692 per
1323 617 1506 672 Deum
1558 620 1616 671 te
1655 630 1880 685 precor,
1916 612 2057 683 quia

402 715 608 770 multis
628 710 962 769 homicidiis
977 708 1263 765 obnoxius
1278 722 1432 762 sum.
1450 706 1561 761 Fac
1577 721 1667 760 me
1681 703 2055 767 monachum,

401 808 468 861 ut
491 804 617 874 jam
650 803 888 856 tandem
920 799 1200 853 desistam
1234 814 1267 851 a
1315 794 1635 851 sceleribus
1668 792 1836 847 meis.
1872 791 2057 845 Senex

400 911 535 949 vero
559 892 874 948 exhortans
910 889 1096 955 illum,
1120 887 1255 943 fecit
1286 884 1660 949 monachum,
1685 886 1743 938 et
1782 884 2055 936 sanctum

405 983 458 1038 ei
477 982 743 1036 habitum
771 978 949 1034 dedit.
968 978 1103 1031 Post
1127 976 1424 1031 modicum
1448 990 1578 1029 vero
1602 971 1884 1042 temporis
1914 968 2061 1023 dixit

406 1072 477 1127 ad
501 1070 669 1125 illum
693 1068 926 1124 senior:
954 1066 1131 1122 Crede
1155 1066 1323 1133 mihi,
1348 1064 1452 1132 fili,
1477 1080 1591 1118 non
1633 1064 1801 1132 potes
1833 1058 1930 1113 hic
1956 1058 2059 1113 ha-

405 1162 629 1226 bitare;
656 1174 793 1213 nam
818 1157 865 1211 si
891 1154 1145 1211 audierit
1169 1158 1464 1226 princeps,
1486 1149 1709 1207 tenebit
1728 1154 1822 1216 te;
1849 1145 2059 1201 simili-

407 1256 497 1305 ter
518 1253 712 1303 autem
735 1251 792 1302 et
813 1244 1127 1301 adversarii
1144 1243 1227 1298 tui
1247 1242 1537 1298 necabunt
1558 1245 1634 1295 te.
1650 1239 1760 1294 Sed
1785 1237 1920 1292 audi
1948 1251 2058 1299 me,

412 1342 468 1393 et
498 1339 710 1391 ducam
739 1340 798 1390 te
846 1335 906 1389 in
947 1334 1279 1389 coenobium
1313 1330 1544 1386 abbatis
1577 1327 1847 1384 Dorolhei
1884 1340 2061 1396 prope

413 1426 627 1481 Gazam
659 1429 714 1480 et
738 1424 1054 1493 Majunam.
1084 1421 1420 1493 Illucigilur
1442 1419 1560 1475 ivit.
1582 1416 1689 1474 Ubi
1712 1432 1843 1471 cum
1870 1429 2059 1469 mora-

414 1521 514 1570 tus
545 1530 671 1569 esse
698 1512 871 1568 annis
902 1527 1131 1579 novem,
1152 1509 1576 1579 didicissetque
1609 1504 1974 1577 psalterium,
2007 1504 2063 1556 et

412 1608 685 1659 cunctam
702 1601 1089 1656 monasticam
1107 1595 1766 1666 observationem,rediit
1780 1611 1843 1647 ru
1856 1590 2060 1646 rsusin

412 1692 659 1747 Firmini
685 1690 1134 1757 monasterium,
1162 1689 1227 1743 ad
1263 1691 1551 1755 senem,et
1572 1685 1652 1741 ait
1673 1683 1755 1738 illi
1778 1700 1790 1737 :
1816 1684 1920 1737 Fac
1952 1681 2063 1735 mi—

1590 313 1685 366 DB
1722 308 1913 366 VITIS
1949 307 2250 363 PATRUM
2285 308 2502 364 LIBER
2539 310 2615 365 X.

402 442 757 504 monasterio
790 439 1019 498 abbatis
1050 437 1314 503 Firmini,
1346 435 1504 493 venit
1530 434 1678 490 latro
1710 432 1948 505 quidam
1975 431 2043 486 ad
2081 433 2133 500 Α

3688 321 3788 377 204

2698 438 2930 498 CAPUT
2979 444 3279 503 CLXVIII.

2286 607 2294 618 .
2371 608 2384 618 _
2455 614 2462 618 _
2511 523 2665 618 [licia
2695 529 2911 587 abbatis
2952 533 3267 592 Alexandri
3297 536 3473 593 senis.

2233 606 2471 664 Dicebat
2501 612 2684 671 abbas
2716 619 3043 679 Alexander
3072 642 3246 681 senex
3270 626 3557 681 fratribus
3582 642 3594 681 :
3618 628 3805 680 Patres

2163 696 2347 751 nostri
2381 699 2609 758 deserta
2640 712 2697 760 et
2729 709 3140 771 tribulationes
3198 715 3682 788 persequebatur,
3712 730 3810 770 nos

2162 789 2361 884 autem
2395 788 2658 848 civitates
2685 801 2742 851 et
2770 800 3033 872 requiem
3067 805 3400 875 sequimur.

2167 963 2177 973 .
2225 875 2388 975 ‘Diint
2417 876 2629 975 iterum
2663 902 2869 944 senex:
2896 893 3012 947 Sub
3036 893 3309 949 Patribus
3341 892 3563 949 nostris
3585 892 3813 948 virtutes

2164 968 2293 1019 istae
2314 968 2612 1038 vigebant,
2638 977 2874 1033 nuditas
2898 986 2955 1035 et
2976 981 3281 1040 humilitas
3308 1001 3322 1051 ;
3352 983 3411 1038 in
3439 981 3609 1038 nobis
3631 985 3813 1037 autem

2164 1054 2409 1108 avaritia
2442 1062 2497 1111 et
2528 1065 2804 1133 superbia
2836 1075 3062 1141 regnat.

2235 1143 2329 1233 Ait
2349 1160 2585 1204 rursus:
2612 1151 2811 1210 Patres
2836 1159 3019 1213 nostri
3045 1178 3350 1233 nunquam
3380 1162 3563 1216 facies
3588 1176 3723 1216 suas
3741 1159 3818 1214 1a-

2165 1230 2380 1286 vabant
2407 1254 2421 1301 ;
2460 1253 2565 1293 nos
2597 1245 2790 1299 autem
2821 1244 3050 1304 lavacra
3081 1230 3319 1321 publica
3354 1249 3687 1319 balneaque
3715 1248 3821 1303 fre-

2166 1325 2546 1390 quentamus.

2235 1409 2392 1506 Dixit
2422 1412 2627 1472 iterum
2660 1436 2875 1480 senex:
2910 1426 3032 1482 Heu
3065 1427 3232 1494 mihi,
3257 1427 3552 1500 lilii,quia
3596 1441 3822 1482 conver-

2166 1506 2451 1594 sationem
2473 1519 2607 1562 vere
2627 1512 2947 1582 angelicam
2975 1517 3397 1574 destruximus.
3421 1518 3523 1574 Ait
3545 1524 3737 1572 autem
3759 1514 3823 1569 ad

2164 1582 2333 1678 illum
2357 1591 2538 1649 abbas
2558 1596 2898 1658 Vincentius
2921 1605 3247 1678 discipulus
3271 1607 3436 1677 ejus:
3458 1606 3680 1661 Inﬁrmi
3702 1620 3826 1675 pro-

2165 1674 2316 1731 fecto
2349 1696 2575 1752 sumus,
2602 1691 2791 1745 Pater.
2821 1692 2989 1759 Dicit,
3013 1674 3272 1751 ei'senex
3297 1674 3489 1761 :‘Quid
3521 1674 3827 1759 dicis,Vin-

414 1781 794 1839 scricordiam
827 1796 1081 1847 mecum,
1117 1779 1299 1843 Pater,
1334 1782 1391 1831 et
1420 1777 1494 1831 da
1541 1774 1683 1829 mihi
1713 1773 2063 1827 vestimenta
2103 1817 2144 1880 Β
2168 1768 2343 1838 centi,
2378 1772 2517 1841 quia
2542 1776 2759 1833 infirmi
2794 1798 3003 1838 sumus
3025 1784 3052 1838 ἱ)
3081 1786 3261 1841 Crede
3294 1785 3467 1854 mihi,
3504 1784 3609 1851 fili,
3642 1781 3827 1854 Olym-

421 1887 551 1926 mea
584 1868 908 1937 saecularia,
940 1873 997 1924 et
1028 1869 1215 1937 recipe
1248 1865 1593 1920 monastica.
1624 1862 1829 1917 Senior
1872 1864 2068 1915 autem

423 1959 615 2015 tristis
642 1960 881 2013 effectus
914 1956 995 2011 ait
1016 1954 1101 2009 illi
1128 1972 1139 2009 :
1174 1956 1306 2018 Cur,
1326 1953 1568 2017 fili?Qui
1593 1951 1950 2021 respondens
1969 1948 2068 2001 ait:

419 2049 565 2103 Ecce
597 2064 802 2103 novem
835 2046 923 2117 (ut
954 2045 1127 2113 nosti,
1151 2044 1341 2114 Pater)
1365 2059 1550 2098 annos
1582 2041 1668 2113 egi
1694 2042 1751 2095 in
1787 2038 2068 2103 cmnohio,

421 2142 478 2193 et
509 2141 797 2208 quantum
830 2133 992 2206 potui
1026 2133 1308 2203 jejunavi,
1341 2138 1399 2187 et
1452 2131 1819 2187 continenter
1847 2126 1983 2191 vixi,
2016 2129 2074 2180 et

422 2243 558 2281 cum
581 2225 741 2281 omni
764 2223 977 2294 quiete,
995 2227 1052 2277 et
1070 2222 1281 2277 timore
1302 2221 1401 2276 Dei
1426 2221 1506 2274 fui
1532 2221 1589 2273 in
1614 2217 1998 2287 subjectione,
2018 2218 2074 2267 et

422 2315 545 2370 scio
576 2313 716 2384 quia
745 2312 906 2366 illius
937 2311 1168 2365 infinita
1199 2310 1432 2364 bonitas
1465 2307 1649 2362 multa
1679 2310 1916 2376 peccata
1947 2318 2074 2357 mea

423 2401 651 2457 remisit
674 2400 817 2455 mihi
837 2417 849 2466 ;
869 2403 1268 2454 verumtamen
1292 2396 1510 2469 aspicio
1527 2395 1741 2466 saepius
1762 2392 2073 2465 puerulum

423 2495 735 2555 astantem,
752 2489 1116 2543 etdicentem
1144 2485 1313 2541 mihi:
1337 2486 1451 2540 Cur
1469 2501 1559 2538 me
1578 2482 1846 2539 occidisti
1864 2481 1890 2533 ‘2
1913 2482 2073 2535 Hunc

424 2585 618 2635 autem
648 2578 870 2648 aspicio
901 2577 961 2631 in
995 2575 1241 2643 somnis,
1268 2580 1324 2629 et
1362 2574 1421 2628 in
1460 2572 1726 2637 ecclesia,
1747 2576 1804 2627 et
1834 2588 1967 2626 cum
2001 2569 2073 2624 ad

424 2667 903 2724 communionem
935 2680 1134 2738 pergo,
1159 2668 1215 2718 et
1259 2664 1314 2718 in
1350 2661 1652 2717 refectorio
1695 2660 1817 2715 haec
1870 2660 2073 2715 eadem

425 2756 572 2813 nihil
601 2757 891 2811 dicentem
918 2774 931 2822 ;
956 2759 1013 2809 et
1042 2752 1128 2809 vel
1162 2770 1279 2807 una
1302 2752 1442 2806 hora
1465 2768 1579 2806 non
1614 2750 1755 2805 sinit
1790 2766 1879 2803 me
1912 2748 2075 2819 quic-

426 2846 757 2902 scere.Ideo
792 2845 1011 2914 itaque,
1039 2842 1226 2910 Pater,
1254 2842 1416 2896 abire
1440 2840 1589 2903 volo,
1613 2844 1673 2893 ut
1705 2856 1806 2909 pro
1832 2836 2075 2909 puerulo

428 2934 667 2990 moriar.
695 2934 934 2988 Frustra
963 2930 1140 3000 enim,
1161 2930 1358 2987 etsine
1382 2928 1501 2984 ulla
1522 2945 1698 2983 causa
1721 2927 1905 2982 occidi
1932 2941 2074 2997 pue-

431 3023 629 3079 rulum
652 3023 872 3093 ipsum.
900 3021 1167 3092 Sumptis
1191 3036 1329 3091 ergo
1361 3017 1891 3087 vestimentisgsuis,
1917 3016 2073 3070 exiit.

433 3114 662 3167 Etcum
695 3111 778 3166 sic
808 3110 1055 3165 indutus
1088 3112 1352 3179 pergeret
1381 3104 1727 3177 Diospolim,
1762 3109 1959 3160 tentus
1989 3107 2079 3159 est

433 3209 487 3257 et
516 3200 785 3272 sequenti
818 3199 911 3255 die
941 3197 1282 3254 decollatus.

994 3338 1226 3396 CAPUT
1260 3338 1522 3393 CLXVII.

651 3447 771 3504 Vita
801 3456 851 3503 et
880 3464 1024 3503 mors
1056 3447 1269 3502 abbatis
1296 3444 1564 3500 Paemenis
1594 3444 1865 3498 solitarii.

504 3592 744 3646 Dicebat
775 3590 954 3644 abbas
978 3588 1395 3660 Agathonicus,
1415 3587 1659 3641 antistes
1684 3584 1931 3641 cmnobii
1954 3600 2081 3641 cas-

431 3679 555 3734 telli
580 3678 767 3733 sancti
794 3677 974 3731 Patris
999 3677 1175 3732 nostri
1197 3677 1389 3731 Sabze:
1417 3676 1691 3731 Descendi
1712 3674 1802 3729 die
1827 3674 2081 3745 quadam

434 3767 494 3821 in
522 3767 781 3831 Ruba,ut
812 3780 1114 3836 pergerem
1139 3766 1205 3819 ad
1232 3765 1502 3819 abbatem
1532 3769 1857 3819 Pcemenem
1884 3762 2085 3817 solita-

437 3856 617 3911 rium.
638 3855 783 3910 Cum
809 3871 944 3927 ergo
968 3854 1317 3925 reperissem
1334 3860 1565 3919 eum,ct
1586 3854 1863 3908 dixissem
1886 3852 1968 3906 illi
1990 3868 2083 3906 co-

439 3944 753 4015 gitationes
769 3960 949 4009 meas,
966 3959 1091 3998 sero
1107 3943 1334 3998 dimisit
1351 3959 1440 3998 me
1457 3943 1514 3997 in
1533 3960 1706 3997 unam
1725 3941 2082 4013 speluncam;

440 4039 563 4089 erat
577 4038 769 4088 autem
788 4033 1237 4103 hiems;i‘uitque
1253 4037 1420 4087 nocte
1434 4032 1532 4087 illa
1546 4032 1733 4103 frigus
1749 4031 2082 4095 maximum,

440 4140 506 4179 ac
535 4123 715 4179 nimia
745 4123 795 4177 vi
829 4122 1043 4193 algoris
1072 4122 1279 4194 obrigi.
1304 4121 1557 4177 Veniens
1582 4138 1717 4192 ergo
1741 4122 1808 4175 ad
1847 4137 1939 4175 me
1962 4136 2083 4174 ma-

440 4229 512 4268 ne
543 4212 759 4278 senior,
792 4211 873 4266 ait
906 4211 1087 4266 mihi:
1122 4211 1268 4274 Quid
1302 4215 1410 4277 est,
1446 4210 1526 4264 tili
1552 4215 1574 4266 Ρ
1602 4211 1705 4265 Aio
1757 4211 1826 4265 ad
1875 4208 2040 4263 illum
2070 4224 2084 4264 :

436 4301 677 4373 Ignosce
714 4300 883 4369 mihi,
906 4301 1096 4367 Pater,
1122 4301 1331 4354 duram
1391 4299 1601 4371 pertuli
1632 4303 1858 4354 noctem
1893 4315 1960 4353 ex
1985 4298 2085 4352 fri-

433 4407 590 4462 gore.
618 4390 769 4447 Dixit
791 4395 984 4446 autem
1012 4389 1154 4444 mihi
1175 4394 1341 4460 :Ego,
1366 4389 1469 4451 ﬁli,
1492 4389 1677 4460 frigus
1702 4388 1929 4443 nullum
1958 4405 2087 4443 sen-

434 4479 507 4533 si.
538 4479 781 4534 Miratus
813 4497 942 4534 sum
971 4479 1135 4533 valde
1160 4479 1266 4533 hoc
1298 4478 1564 4546 audiens,
1585 4486 1704 4533 eral
1737 4477 1952 4549 quippe
1976 4494 2083 4531 nu-

2183 1858 2294 1928 pici
2318 1876 2559 1933 corpore
2581 1871 2637 1921 et
2654 1869 2880 1926 robusti
2906 1889 3135 1942 sumus,
3160 1876 3260 1931 sed
3286 1875 3493 1931 anima
3511 1878 3713 1930 nostra
3732 1870 3827 1925 im-

2183 1948 2393 2005 becilla
2423 1960 2528 2011 est.

2252 2039 2408 2095 Dixit
2438 2044 2647 2101 iterum
2675 2064 2687 2100 :
2717 2049 2967 2106 Multum
3000 2054 3305 2109 comedere
3331 2058 3390 2109 et
3420 2053 3627 2108 bibere
3658 2053 3713 2105 et
3739 2048 3830 2103 be-

2184 2145 2255 2183 ne
2286 2133 2481 2186 vesliri
2516 2152 2834 2205 possumus
2862 2159 2875 2208 ;
2903 2141 3196 2198 abstinere
3223 2147 3424 2200 autem
3449 2148 3510 2199 et
3540 2134 3833 2197 humiliari

2183 2234 2299 2273 non
2331 2220 2614 2280 valemus.

2257 2309 2480 2366 Rursus
2503 2313 2785 2372 dixit:Vaa
2810 2318 2938 2389 tibi,
2964 2320 3312 2387 Alexander,
3327 2340 3409 2377 vas
3436 2321 3544 2377 tibi
3575 2346 3590 2388 ;
3616 2320 3828 2390 quanta

2183 2397 2293 2453 erit
2322 2400 2586 2458 confusio
2617 2409 2715 2461 tua
2748 2411 2984 2478 quando
3016 2412 3206 2466 caeteri
3241 2412 3705 2469 coronabuntur.

2756 2516 2987 2571 CAPUT
3019 2517 3258 2573 CLXIX.

2190 2596 2306 2650 Vita
2334 2598 2482 2653 senis
2502 2601 2791 2671 cujusdam
2812 2608 2959 2732 captsi
2971 2608 3151 2690 oculis
3172 2608 3229 2662 in
3254 2606 3601 2665 monasterio
3636 2602 3838 2660 abbatis

2960 2695 3078 2732 tSCl.

2960 2695 3055 2734 ἰδοι
3066 2722 3078 2735 .

2254 2758 2391 2814 Erat
2406 2775 2581 2815 senex
2599 2763 2831 2833 quidam
2854 2765 2913 2820 in
2937 2767 3133 2839 Scythi
3156 2772 3364 2840 captus
3386 2768 3582 2824 oculis
3631 2766 3690 2821 in
3715 2778 3833 2818 mo-

2184 2847 2439 2901 nasterio
2472 2850 2700 2906 abbatis
2728 2854 2891 2909 Sisci.
2910 2856 3175 2912 Distabat
3195 2861 3391 2912 autem
3420 2857 3577 2913 cella
3598 2853 3782 2926 ipsius
3802 2866 3833 2905 ε

2185 2940 2360 3004 puteo
2384 2936 2499 2992 fere
2524 2938 2680 2995 mille
2702 2943 2997 3011 passibus,
3019 2949 3075 2999 et
3098 2962 3399 3016 nunquam
3425 2961 3644 3015 passus
3672 2942 3835 2999 estut

2184 3022 2293 3077 sibi
2310 3024 2460 3080 alius
2475 3028 2704 3085 afferret
2718 3047 2954 3102 aquam,
2970 3034 3069 3087 sed
3088 3034 3236 3089 facto
3251 3035 3408 3100 fune,
3432 3051 3627 3091 unum
3658 3029 3832 3103 ipsius

2187 3118 2361 3183 caput
2388 3116 2456 3169 ad
2480 3121 2721 3186 puteum
2756 3120 2975 3192 ligavit,
2991 3127 3048 3178 et
3070 3122 3319 3179 alterum
3342 3123 3401 3179 in
3425 3123 3581 3181 cella
3603 3117 3831 3179 sua.Ja-

2110 3193 2151 3259 C
2191 3202 2359 3257 cebat
2390 3209 2586 3260 autem
2621 3207 2778 3263 funis
2809 3209 2865 3263 in
2900 3215 3073 3266 terra.
3108 3213 3348 3278 Quando
3379 3229 3522 3284 ergo
3567 3208 3836 3284 pergebat

2186 3290 2423 3349 haurire
2453 3295 2563 3349 sibi
2597 3313 2830 3367 aquam,
2882 3317 3061 3371 supra
3091 3301 3291 3357 funem
3324 3301 3693 3359 ambulabat.
3726 3296 3833 3353 Hoc

2187 3386 2381 3436 autem
2402 3383 2649 3440 faciebat
2667 3403 2864 3457 senex,
2889 3393 2953 3443 ut
2972 3389 3256 3446 inveniret
3278 3396 3550 3463 puteum.
3574 3392 3717 3447 Cum
3742 3401 3834 3441 au-

2185 3474 2303 3525 tem
2328 3489 2504 3527 arena
2522 3479 2755 3545 propter
2782 3482 3019 3534 ventum
3051 3479 3377 3550 operuisset
3414 3481 3644 3546 funem,
3675 3482 3829 3531 tene-

2187 3557 2494 3630 batipsum
2514 3580 2716 3632 manu,
2731 3570 2786 3620 et
2807 3567 3155 3639 excutiebat,
3171 3574 3225 3624 et
3271 3586 3476 3625 rursus
3494 3570 3666 3625 illum
3684 3560 3829 3620 918

2187 3646 2247 3700 in
2281 3654 2436 3704 terra
2488 3653 2759 3721 ponebat,
2779 3660 2837 3709 et
2866 3672 3044 3728 super
3072 3674 3205 3712 eum
3241 3659 3608 3715 ambulabat.
3645 3657 3831 3712 Frater

2190 3741 2382 3792 autem
2412 3740 2649 3810 quidam
2675 3745 2918 3814 rogabat
2940 3762 3161 3817 senem,
3187 3752 3250 3803 ut
3272 3765 3333 3804 se
3354 3750 3725 3820 permitteret
3753 3738 3829 3795 illi

2190 3825 2762 3899 atferreaquam.Cui
2787 3835 3091 3905 respondit
3120 3853 3325 3891 senex:
3356 3834 3691 3910 Filiviginti
3715 3833 3832 3904 jam

2189 3918 2245 3967 et
2260 3915 2375 3969 duo
2389 3916 2527 3971 anni
2545 3924 2761 3975 suntex
2776 3938 2891 3993 quo
2908 3922 3051 3977 mihi
3071 3941 3302 3995 semper
3318 3925 3399 3980 ita
3416 3925 3593 3982 hausi
3612 3933 3835 3994 aquam,

2189 4006 2246 4057 et
2274 4002 2533 4061 laborem
2563 4024 2757 4064 meum
2792 4015 2852 4065 tu
2885 4013 3055 4067 modo
3088 4014 3318 4069 auferre
3349 4014 3478 4071 vis?

2784 4118 3011 4174 CAPUT
3037 4121 3244 4176 CLXX.

2194 4200 2327 4256 Vita
2356 4204 2645 4270 cuiusdam
2681 4214 2895 4265 sanctae
2951 4210 3204 4266 mulieris
3233 4211 3295 4265 in
3325 4226 3504 4267 eremo
3548 4210 3835 4283 ᾱεῙυηι-ιιτο

2261 4308 2607 4366 Distabalab
2626 4314 3000 4386 Jerosolymis
3023 4316 3141 4371 fere
3158 4315 3360 4388 viginti
3393 4334 3681 4389 passuum
3713 4308 3835 4368 mil-

2188 4396 2344 4451 libus
2373 4402 2792 4457 monasterium
2817 4404 3136 4475 quoddam,
3161 4406 3314 4475 quod
3338 4406 3677 4478 Sampsonis
3700 4397 3835 4458 dici-

2190 4490 2303 4541 tur.
2330 4488 2405 4541 Ex
2429 4488 2535 4543 hoc
2560 4492 2914 4548 monasterio
2936 4493 3050 4547 duo
3073 4492 3272 4549 Patres
3291 4495 3564 4551 abierunt
3584 4497 3657 4552 ad
3682 4505 3840 4549 mon-

435 4568 565 4622 dus.
600 4568 666 4622 Et
701 4568 820 4622 dixi
873 4569 944 4623 ad
1007 4584 1139 4622 eum
1170 4585 1180 4621 ε
1213 4569 1322 4623 Fac
1381 4567 1750 4634 charitalem,
1785 4567 2079 4639 quomodo
2111 4564 2158 4629 D
2192 4579 2307 4629 tem
2327 4576 3401 4654 Sinaorationisgratia,reversiquein
3417 4583 3831 4642 monasterium

436 4660 658 4711 tantam
692 4656 925 4727 frigoris
957 4656 1329 4725 asperitatem
1365 4672 1479 4711 non
1504 4656 1783 4711 sensisti?
1804 4656 1960 4710 Dixit
1982 4673 2085 4710 au-

432 4747 552 4799 tem
585 4744 731 4798 mihi
758 4760 770 4798 :
796 4743 967 4798 Venit
989 4742 1099 4811 leo,
1122 4748 1177 4799 et
1201 4745 1741 4815 obdormivitjuxta
1766 4761 1857 4800 me
1874 4750 1930 4801 et
1960 4745 2085 4816 ipse

437 4848 530 4888 me
561 4832 843 4889 calefecit.
867 4832 1285 4888 Verumtamen
1320 4834 1447 4888 dico
1468 4834 2085 4904 tibi,frater,quoniam

437 4938 470 4976 a
501 4922 638 4977 feris
669 4922 1036 4977 devorandas
1059 4938 1212 4976 sum.
1236 4922 1332 4977 Aio
1366 4923 1436 4978 ad
1470 4923 1637 4977 illum
1660 4940 1672 4978 :
1698 4924 1834 4992 Cur,
1857 4926 2086 4993 quaeso?

432 5012 501 5066 Et
523 5010 667 5067 dixit
693 5011 834 5066 mihi
862 5028 874 5065 :
903 5012 960 5066 In
994 5012 1287 5083 provincia
1310 5016 1508 5067 nostra
1528 5029 1661 5067 cum
1684 5029 1870 5068 essem
1894 5018 2084 5085 (erant

432 5105 625 5157 autem
658 5101 831 5156 ambo
861 5100 1099 5167 Galatae)
1133 5106 1330 5172 pastor
1382 5102 1579 5156 ovium
1624 5119 1807 5171 eram,
1841 5107 1897 5157 et
1940 5120 2080 5159 con-

426 5189 639 5261 tempsi
673 5194 1071 5244 transeuntem
1124 5190 1519 5261 peregrinum,
1553 5195 1610 5245 et
1638 5209 1665 5245 a
1699 5192 1945 5247 canibus
1977 5209 2077 5248 co-

424 5283 651 5334 mestus
681 5283 788 5334 est.
824 5278 965 5334 Cum
1001 5280 1155 5333 enim
1190 5278 1355 5333 illum
1390 5279 1615 5335 salvare
1668 5298 1927 5349 possem,
1962 5299 2076 5338 non

421 5368 567 5437 feci;
604 5369 704 5422 sed
739 5367 939 5422 dimisi
972 5385 1130 5432 eum,
1164 5374 1219 5424 et
1250 5386 1283 5424 a
1315 5370 1562 5424 canibus
1604 5371 1931 5441 discerptus
1965 5376 2072 5439 est,

417 5458 657 5529 scioque
683 5458 819 5529 quia
850 5462 905 5512 et
937 5474 1044 5529 ego
1066 5457 1147 5512 ita
1171 5458 1316 5513 mori
1342 5460 1543 5515 debeo.
1570 5460 1731 5523 Quod
1766 5465 1821 5515 et.
1854 5459 2071 5516 factum

420 5551 543 5613 est;
576 5551 708 5618 post
740 5552 855 5602 tres
888 5546 1043 5602 enim
1078 5564 1262 5603 annos
1295 5565 1328 5603 a
1381 5549 1607 5615 bestiis,
1643 5553 1706 5603 ut
1738 5548 1983 5619 dixerat,
2017 5554 2074 5607 et

418 5634 547 5709 ipse
581 5635 911 5708 discerptus
941 5640 1047 5692 est.

2198 4673 2580 4723 narraverunt
2602 4669 2770 4725 nobis
2793 4670 3052 4727 dicentes
3079 4690 3091 4727 :
3116 4672 3259 4728 Cum
3284 4674 3758 4731 adoravissemus
3777 4669 3832 4722 in

2196 4762 2398 4812 sancto
2450 4763 2665 4825 monte,
2700 4764 2756 4814 et
2796 4762 2919 4829 jam
2973 4768 3418 4833 reverteremur,
3450 4765 3697 4836 contigit
3735 4771 3834 4815 nos

2194 4846 2373 4899 eremi
2405 4847 2572 4902 devia
2602 4848 2850 4903 errando
2883 4850 3072 4920 sequi,
3102 4850 3552 4922 ferebamurque
3599 4852 3751 4908 sicut
3776 4844 3831 4900 in

2193 4933 2395 5006 pelago
2429 4952 2530 5005 per
2561 4937 2807 4992 mediam
2841 4937 3220 4993 solitudinem
3253 4941 3379 4996 dies
3411 4940 3717 5012 plurimos.
3740 4932 3835 4993 Die

2189 5040 2322 5080 vero
2339 5026 2590 5096 quadam
2606 5026 2923 5097 aspicimus
2941 5027 3010 5081 de
3026 5027 3347 5100 longinquo
3362 5030 3702 5102 speluncam
3718 5028 3834 5083 bre-

2188 5130 2337 5180 vem,
2356 5116 2425 5169 ad
2447 5131 2617 5184 quam
2644 5118 2969 5181 tendentes,
2986 5117 3254 5187 cumjam
3280 5118 3575 5190 speluncae
3599 5116 3828 5191 propin.

2188 5220 2427 5273 quarem
2441 5221 2529 5269 us,
2554 5206 2848 5260 cernimus
2880 5204 3155 5277 exiguum
3190 5206 3435 5277 fontem,
3458 5213 3514 5263 et
3542 5209 3697 5264 circa
3719 5206 3831 5262 fon-

2188 5298 2301 5347 tem
2322 5293 2533 5348 herbas
2553 5294 2827 5355 modicas.
2845 5294 3424 5366 etvestigiahominis
3441 5315 3454 5365 ;
3474 5298 3833 5353 dicebamus-

2185 5398 2299 5452 que
2321 5383 2473 5451 apud
2500 5398 2604 5436 nos
2626 5382 2820 5454 ipsos:
2850 5382 2992 5438 Vere
3020 5384 3122 5439 hoc
3146 5384 3203 5439 in
3230 5385 3356 5442 loco
3380 5403 3583 5442 servus
3606 5386 3705 5442 Dei
3728 5385 3831 5441 est.

2183 5470 2437 5541 Ingressi
2464 5470 2641 5542 igitur
2663 5472 2957 5528 neminem
2983 5472 3263 5542 vidimus;
3285 5474 3619 5531 solummdo
3643 5478 3829 5531 autem

2182 5560 2491 5629 cujusdam
2534 5560 2822 5632 vagientis
2848 5578 3048 5618 vocem
3080 5563 3490 5620 audiebamus.
3525 5564 3672 5620 Cum
3702 5574 3830 5632 ergo

2179 5649 2279 5703 diu
2305 5650 2742 5719 quaesissemus,
2762 5651 3099 5708 invenimus
3121 5650 3299 5708 veluti
3322 5654 3759 5726 praesepium,“
3776 5647 3830 5703 in
