4002 6166
256 297 360 352 205

1578 310 1878 364 PRATUM
1915 307 2366 367 SPIBITUALE.

3575 331 3683 388 206

254 442 315 480 eo
338 428 639 497 jacentem
674 430 1011 500 quemdam,
1038 434 1702 509 appropinquantesque
1752 453 1915 492 servo
1945 436 1999 503 Α
2030 442 2565 528 cunquevellet,die
2581 450 2869 519 noctuque
2885 456 3682 528 procederet,quamvishanc

259 517 379 585 Dei,
416 523 776 591 rogabamus
793 526 856 575 ut
874 521 1212 592 loqueretur
1231 528 1421 582 nobis.
1445 530 1588 583 Cum
1611 545 1747 583 vero
1772 527 1919 583 nihil

256 609 642 678 responderet
672 610 865 675 nobis,
899 617 1039 667 tunc
1072 616 1413 672 accedentes
1437 618 1742 672 tenuimus
1762 634 1918 685 eum,

256 703 311 752 et
343 714 563 770 corpus
597 699 834 769 quidem
856 701 1047 772 ipsiis
1080 703 1271 758 adhuc
1289 711 1415 761 erat
1431 706 1923 775 caiidum,anima

262 791 462 841 autem
500 788 571 842 ad
604 789 913 844 Dominum
942 791 1316 863 migraverat.
1342 796 1503 850 Tunc
1525 811 1657 849 vero
1688 796 1918 867 agnovi-

262 877 566 947 mus,quia
586 878 643 932 in
668 878 935 948 ingressu
952 886 1151 936 nostro
1172 882 1324 939 intra
1339 883 1678 955 speluncam
1697 884 1919 956 requie-

254 970 439 1020 verat.
474 966 754 1022 Fodimus
786 983 922 1039 ergo
953 970 1008 1023 in
1044 970 1171 1041 ipsa
1207 972 1508 1042 spelunca,
1545 990 1819 1044 unusque
1850 989 1918 1028 ex

253 1052 431 1109 nobis
463 1054 709 1123 pallium
765 1074 877 1127 quo
898 1058 1304 1126 eratindutus,
1335 1061 1576 1131 accepit,
1613 1067 1677 1115 ut
1706 1062 1915 1134 inipso

250 1143 417 1198 senis
433 1160 649 1215 corpus
665 1147 1084 1203 involveret.Su
1095 1155 1321 1205 mentes
1335 1154 1533 1205 autem
1547 1150 1690 1205 illud
1706 1151 1914 1206 deloco

246 1231 306 1286 in
342 1234 737 1304 quojacebat,
762 1252 897 1291 cum
924 1237 1119 1308 ipsum
1156 1254 1222 1293 ex
1255 1255 1411 1294 more
1443 1256 1783 1295 curaremus
1823 1241 1912 1295 in-

244 1320 524 1378 venimus
567 1339 693 1378 esse
730 1325 1058 1395 mulierem,
1102 1332 1159 1381 et
1215 1327 1673 1399 gloriﬁcavimus
1710 1330 1910 1384 Deum.

243 1410 673 1483 Completoque
706 1430 887 1485 super
914 1413 1058 1470 illud
1088 1416 1300 1484 cilicio,
1336 1417 1728 1489 sepelivimus.

826 1531 1057 1587 CAPUT
1110 1532 1337 1588 CLXXI.

238 1618 365 1672 Vita
382 1617 623 1674 duorxm
643 1620 997 1695 mirabiliam
1012 1623 1261 1695 virorum
1294 1623 1558 1678 Theodori
1585 1622 1911 1695 philosophi

819 1702 871 1748 ει
907 1694 1052 1748 Zoili
1098 1694 1334 1749 lectoris.

2032 526 2361 585 libertatem
2387 538 2443 587 et
2468 532 2681 591 laboris
2714 540 3057 610 magnitudo
3073 526 3435 619 retundebat,
3467 557 3521 606 et
3547 570 3676 610 raro

2032 632 2304 687 processu
2351 622 2736 680 saecularium
2800 628 3258 690 familiaritatem
3307 639 3673 699 excludebat.

2031 704 2447 781 Unusquisque
2470 713 2650 783 igitur
2668 720 2993 774 mercedem
3023 724 3313 793 propriam
3330 730 3599 801 accipiet,
3620 737 3677 788 et

2028 799 2357 853 secundum
2382 799 2611 857 labores
2630 807 2915 875 proprios,
2940 813 2996 863 et
3028 811 3199 880 juxta
3233 799 3677 877 resurrectionis

2030 900 2359 954 mensuras,
2384 894 2440 944 et
2480 890 2894 951 intellectualis
2938 899 3341 973 spiritalisque
3372 910 3674 965 munditias

2026 978 2083 1027 et
2127 976 2599 1047 ministrationis,
2659 987 2715 1037 et
2760 985 2989 1041 timoris
3016 988 3136 1058 Dei,
3163 1007 3228 1046 ac
3267 992 3594 1065 charitatis,
3622 1003 3679 1054 et

2027 1067 2519 1135 compunctionis,
2550 1075 2604 1125 et
2629 1072 2794 1144 jugis
2826 1076 3184 1145 psalmodiaz,
3213 1086 3266 1135 et
3290 1084 3592 1153 orationis,
3623 1092 3680 1143 et

2025 1148 2433 1210 intentissima?
2481 1158 2634 1229 fidei,
2668 1166 2724 1215 et
2755 1163 2991 1220 occultae
3035 1167 3375 1227 hominibus
3406 1148 3675 1232 latentis-

2025 1254 2138 1309 que
2174 1241 2427 1299 virtutis.

2582 1336 2816 1395 CAPUT
2853 1343 3114 1402 CLXXII.

2347 1420 2466 1477 Vita
2490 1425 2745 1494 praedicti
2784 1428 2992 1487 Cosmae
3017 1434 3346 1493 scholastici.

2091 1506 2170 1560 De
2204 1506 2315 1563 isto
2348 1510 2562 1568 domno
2596 1516 2805 1572 Cosma
2834 1520 3208 1591 scholastico,
3238 1527 3405 1582 multi
3428 1529 3667 1601 quidem

2021 1594 2230 1665 multa,
2254 1602 2311 1651 et
2332 1598 2466 1665 alia,
2503 1602 2621 1673 alii,
2657 1610 2711 1659 et
2741 1607 2897 1663 914
2930 1610 3167 1681 plurimi
3200 1594 3462 1686 plurima
3498 1619 3669 1677 nobis

2018 1684 2360 1741 retulerunt.
2397 1690 2529 1754 Quae
2555 1709 2685 1748 vero
2709 1711 2814 1751 nos
2832 1698 3107 1772 vidimus,
3127 1708 3183 1758 et
3202 1684 3338 1775 qua;
3353 1706 3665 1779 diligenter

303 1806 564 1863 Erantin
584 1806 933 1864 Alexandria
950 1810 1061 1864 duo
1076 1809 1179 1863 viri
1205 1810 1527 1877 mirabiles,
1554 1827 1897 1883 magnasque
1928 1802 1980 1867 B
2016 1775 2530 1883 “seculisumui’
2564 1797 2629 1883 δέ
2661 1788 3035 1883 “l”'“’.“.t’”°_
3057 1790 3375 1883 “899mm
3409 1797 3665 1855 utilitate

228 1896 500 1960 virtutis,
534 1898 715 1952 abbas
746 1896 971 1953 scilicet
1015 1900 1359 1954 Theodorus
1412 1898 1797 1971 philosophus
1837 1904 1895 1954 et

230 1985 654 2041 Zoiluslector.
672 1986 803 2040 Fuit
822 1993 1015 2042 autem
1042 1988 1209 2043 nobis
1230 2005 1363 2043 cum
1388 1995 1637 2060 utroque
1659 2006 1895 2045 summa

231 2074 640 2141 familiaritas,
656 2092 786 2129 cum
803 2075 984 2131 altero
999 2077 1233 2147 quidem
1256 2077 1578 2149 disciplina:
1591 2084 1646 2132 et
1669 2079 1892 2133 studio-

231 2180 366 2219 rum
396 2164 630 2236 gratia;
656 2181 789 2219 cum
823 2164 1003 2220 altero
1035 2168 1358 2238 vero,quod
1376 2168 1707 2223 communis
1725 2168 1892 2222 nobis

229 2258 391 2308 esset
414 2254 606 2325 patria
636 2258 690 2309 et
710 2254 1000 2310 educatio.
1024 2259 1216 2326 Atque
1238 2256 1420 2311 abbas
1443 2256 1677 2327 quidem
1703 2256 1888 2312 Theo-

227 2344 418 2398 dorus
434 2342 581 2397 nihil
600 2343 1075 2414 possidebat,nisi
1092 2344 1364 2414 penulam
1387 2350 1443 2400 et
1456 2363 1671 2417 paucos
1687 2346 1887 2402 libros:

227 2431 571 2488 dormiebat
592 2436 787 2487 autem
809 2432 868 2488 in
892 2432 1165 2498 scabello,
1195 2450 1259 2489 ac
1282 2433 1339 2489 in
1365 2452 1781 2506 quamcunque
1798 2452 1889 2489 ec-

225 2521 478 2576 clesiam
496 2521 695 2592 ingred
708 2521 851 2576 iebat
864 2523 1038 2576 ur.Ad
1059 2520 1267 2577 ultimu
1280 2540 1332 2577 m
1351 2541 1479 2579 vero
1493 2524 1667 2578 etiam
1684 2523 1892 2579 saaculo

224 2610 669 2665 renuntiavitin
685 2609 1434 2682 cmucbioSalcimerique
1448 2613 1623 2667 vitam
1640 2612 1891 2681 glorioso

227 2701 345 2754 tine
381 2697 699 2754 conclusit.
730 2701 930 2753 Lector
945 2704 1138 2754 autem
1171 2700 1363 2755 Zoilus
1386 2707 1442 2756 et
1464 2702 1587 2773 ipse
1611 2700 1887 2770 aequalem

225 2788 583 2860 praeferebat
598 2792 1023 2859 paupertatem.
1038 2788 1192 2843 Nihil
1207 2790 1361 2844 enim
1381 2790 1747 2862 ipsequoque
1764 2808 1893 2861 pos-

227 2878 471 2932 sidebat
496 2882 707 2948 prater
726 2881 1009 2932 vetustam
1034 2878 1308 2948 penulam
1333 2883 1388 2934 et
1428 2897 1643 2950 paucos
1667 2879 1885 2948 libros;

227 2968 548 3021 exercebat
566 2971 759 3020 autem
776 2982 837 3020 se
860 2965 916 3019 in
941 2965 1249 3021 scribendo
1266 2966 1542 3022 libros.Et
1558 2968 1677 3038 ipse
1701 2974 1890 3025 autem

229 3059 691 3111 consummatus
714 3055 771 3107 in
796 3054 1063 3124 Domino,
1081 3054 1515 3127 sepultusestin
1535 3058 1887 3113 monasterio

225 3143 465 3200 abbatis
495 3142 763 3198 Palladii.
900 3232 912 3237 _
1030 3233 1045 3237 _
1494 3234 1505 3237 _
1539 3234 1570 3237 __
1729 3234 1740 3237 _
1916 3170 1957 3237 C

299 3235 384 3290 De
410 3232 632 3287 duolus
662 3232 816 3299 istis,
849 3232 1175 3303 Theodoro,
1196 3233 1418 3291 scilicet
1455 3234 1801 3306 philosopho
1828 3238 1885 3290 et

224 3322 387 3378 Zoilo
408 3322 646 3387 lectore,
673 3326 983 3393 pergentes
1003 3323 1239 3393 quidam
1255 3329 1489 3379 Patrum
1513 3325 1581 3379 ad
1601 3326 1884 3379 domuum

226 3412 510 3468 Cosmam
527 3410 1886 3484 sholasticum,interrogaverunteum,dicentes

227 3501 367 3565 Quis
389 3517 603 3556 eorum
624 3498 814 3571 magis
838 3499 896 3554 in
917 3499 1205 3570 spirituali
1238 3501 1509 3557 exercitio
1549 3501 1832 3557 laboravit
1864 3501 1886 3555 Ρ

228 3591 438 3656 Quiait
460 3590 535 3645 ad
557 3588 712 3644 illos:
738 3588 966 3644 Similia
981 3588 1217 3659 quidem
1245 3592 1481 3645 fuerunt
1504 3592 1814 3663 utriusque
1832 3594 1889 3646 et

225 3679 536 3745 alimenta,
551 3684 608 3734 et
627 3682 973 3744 stramenta,
991 3683 1047 3733 et
1062 3679 1152 3733 ind
1166 3696 1195 3733 u
1208 3684 1422 3747 menta,
1440 3697 1755 3751 rerumque
1769 3698 1887 3737 om-

226 3770 392 3825 nium
414 3767 855 3840 superﬂuarum
883 3768 1331 3836 abstinentia,et
1353 3770 1674 3835 nuditas,et
1696 3770 1887 3826 humi-

226 3858 453 3924 litas,et
470 3856 805 3929 frugalitas:
828 3858 927 3911 sed
954 3856 1135 3912 abbas
1148 3858 1484 3913 Theodorus
1502 3859 1886 3932 phi1050phus

229 3947 628 4002 discalceatus
660 3947 718 4001 in
746 3945 1376 4017 magnaimbecillitate
1393 3948 1693 4003 oculorum
1720 3954 1885 4004 vetus

229 4052 403 4092 omne
418 4051 760 4106 novumque
774 4036 1209 4090 Testamentum
1227 4036 1449 4090 didicit.
1467 4038 1883 4092 Habuittamen

226 4124 695 4182 consolationem
716 4126 1883 4192 fratrum,contuberniumetvisitationes

228 4216 584 4277 amicorum,
619 4210 1136 4283 avocationemque
1168 4212 1434 4277 multam,
1468 4230 1600 4268 cum
1630 4214 1882 4281 doceret,

233 4310 287 4359 et
309 4321 453 4359 cum
506 4307 869 4374 operaretur.
902 4300 1041 4356 Zoili
1074 4317 1204 4356 vera
1229 4300 1461 4357 lectoris
1518 4320 1633 4357 non
1691 4303 1882 4359 solum

229 4390 608 4465 hospitalitas
634 4390 950 4456 laudanda,
973 4407 1176 4445 verum
1201 4391 1374 4446 etiam
1400 4390 1651 4447 solitudo
1684 4394 1811 4463 ejus
1829 4398 1885 4448 et

228 4482 521 4537 immensa
543 4480 825 4552 fatigatio,
841 4480 1077 4550 orisque
1090 4480 1378 4546 custodia,
1399 4480 1572 4552 digna
1588 4498 1881 4537 commen-

229 4572 465 4626 datione
490 4568 710 4625 est.Ille
734 4569 887 4624 enim
912 4570 1037 4624 sine
1058 4568 1379 4623 amicorum
1402 4569 1880 4641 familiarumque

231 4658 625 4716 contubernio
645 4663 821 4729 atque
844 4657 1217 4723 commercio,
1240 4658 1311 4712 ab
1332 4658 1491 4713 omni
1518 4659 1887 4715 saecularium

235 4765 430 4804 rerum
466 4748 699 4803 actione
732 4746 996 4814 feriatus,
1029 4745 1174 4801 nulli
1209 4746 1471 4817 seipsum
1505 4748 1803 4819 refrigerio
1837 4754 1893 4803 et

240 4838 618 4894 oblectationi
655 4835 941 4908 permisit,
976 4852 1048 4891 ne
1071 4836 1381 4890 minimum
1409 4837 1645 4907 quidem
1679 4838 1750 4892 ab
1773 4838 1890 4893 ullo

242 4926 640 4982 ministerium
675 4926 1031 4994 admittens;
1066 4926 1191 4997 ipse
1236 4925 1393 4979 enim
1426 4926 1732 4997 coquebat,
1766 4927 1893 4998 ipse

237 5015 494 5083 lavabat,
528 5014 693 5070 nulla
721 5015 1041 5069 lectionum
1077 5015 1313 5085 capiens
1363 5014 1591 5079 solatia,
1653 5021 1892 5085 paratus

237 5122 469 5177 semper
484 5105 617 5161 aliis
635 5103 1251 5175 obsequi,nul1amque
1265 5103 1487 5158 habens
1504 5120 1699 5159 curam
1717 5109 1894 5161 aestus

236 5201 333 5249 aut
348 5194 583 5267 frigoris
599 5199 702 5249 aut
718 5208 1005 5266 corporeae
1021 5192 1380 5248 inﬁrmitatis
1398 5210 1485 5246 mu
1498 5195 1647 5249 ndus
1662 5211 1782 5249 sem
1795 5211 1896 5266 per

237 5300 267 5338 a
288 5286 436 5349 risu,
460 5289 520 5339 et
539 5284 868 5351 tristitia,et
884 5282 1254 5348 eﬂ‘usione,et
1272 5298 1487 5352 angore
1510 5282 1894 5355 existens,qui

234 5378 446 5443 praeter
468 5374 804 5429 indumenti
826 5372 1225 5444 asperitatem,
1250 5372 1423 5426 etiam
1460 5389 1493 5427 a
1518 5372 1895 5429 multitudine

234 5461 1061 5533 pediculorumindesinenter
1079 5460 1782 5517 consumebatur.Habuit
1809 5466 1896 5519 ta-

232 5566 367 5605 men
389 5552 564 5607 etiste
616 5552 753 5625 plus
774 5567 948 5622 quam
972 5551 1129 5622 prior
1148 5567 1216 5606 ex
1235 5550 1610 5621 processibus
1642 5568 1753 5607 non
1778 5569 1897 5609 me-

236 5639 439 5697 diocre
452 5640 844 5713 refrigerium,
866 5639 1091 5697 habens
1116 5638 1453 5697 facultatem
1479 5639 1721 5698 liberam
1746 5661 1897 5716 quo-

2008 1864 2458 1921 conscribimus.
2478 1870 2783 1927 Eratenim
2801 1875 3286 1949 viristehumilis,
3303 1885 3661 1955 misericors,

2000 1951 2513 2027 abstinens,virgo,
2530 1961 2916 2031 quietus,sine
2939 1966 3655 2046 ira,socialis,peregrino-

1998 2055 2127 2093 rum
2146 2049 2469 2113 susceptor,
2488 2054 2709 2103 amator
2744 2068 3088 2124 pauperum.
3113 2058 3429 2118 Plurimum
3456 2064 3651 2135 itaque

2002 2129 2171 2185 nobis
2188 2131 2464 2189 utilitatis
2478 2137 2728 2194 contulit
2748 2141 2835 2195 vir
2854 2142 2967 2199 iste
2995 2146 3304 2215 mirabilis,
3322 2168 3436 2207 non
3460 2129 3655 2211 solum

2000 2234 2067 2272 ex
2090 2228 2350 2290 aspectu,
2378 2226 2477 2279 sed
2501 2226 2676 2283 etiam
2699 2246 2768 2284 ex
2784 2232 3050 2290 doctrina
3072 2254 3198 2305 sua,
3224 2244 3282 2294 et
3302 2243 3456 2311 quod
3481 2259 3648 2315 mag-

2001 2324 2129 2362 nam
2161 2308 2401 2367 haberet
2415 2312 2631 2370 libroru
2644 2334 2697 2372 m
2713 2322 2939 2391 c0piam
2956 2340 3135 2395 super
3147 2343 3353 2384 omnes
3366 2332 3648 2402 quierant

2001 2397 2059 2450 in
2087 2397 2678 2475 Alexandria,eosque
2693 2416 2959 2481 prompte
2974 2429 3037 2467 ac
3060 2397 3646 2477 libentervolentibus

2001 2490 2487 2545 accommodaret.
2525 2494 2660 2548 Erat
2690 2502 2881 2551 autem
2919 2506 2974 2555 et
3033 2504 3177 2558 nihil
3212 2508 3519 2576 possidens
3545 2530 3558 2578 ;
3584 2511 3644 2565 in

1998 2577 2119 2629 tota
2153 2594 2405 2649 namque
2436 2580 2608 2637 domo
2639 2586 2767 2654 ejus
2798 2587 2944 2641 nihil
2970 2591 3217 2649 vidisses
3257 2595 3416 2651 aliud
3466 2616 3644 2669 quam

1999 2663 2205 2726 libros.
2240 2672 2297 2721 et
2326 2670 2665 2737 scabella,et
2686 2673 2990 2748 lectulum,
3015 2686 3073 2735 et
3100 2699 3383 2741 mensam.
3411 2663 3650 2743 Licebat

1997 2768 2131 2807 vero
2155 2757 2431 2812 omnibus
2453 2758 2728 2829 ingredit,
2745 2769 2801 2818 et
2820 2765 3180 2840 interrogare
3195 2789 3320 2842 quae
3336 2775 3405 2829 ad
3432 2775 3647 2832 utilita-

1998 2847 2112 2895 tem
2142 2844 2521 2913 pertinerent,
2543 2848 2816 2920 etlegere.
2837 2856 3261 2925 Diebusautem
3284 2862 3534 2933 singulis
3555 2864 3644 2921 in-

1996 2931 2223 2985 trabam
2253 2934 2323 2987 ad
2357 2950 2491 2990 eum
2512 2937 2659 3007 ipse,
2705 2947 2761 2995 et
2781 2946 2923 2998 teste
2946 2947 3210 3015 veritate,
3235 2931 3540 3023 nunquam
3567 2955 3640 3010 ad

1996 3018 2161 3073 illum
2186 3021 2491 3091 ingressus
2513 3042 2665 3095 sum,
2692 3030 2831 3097 quin
2862 3030 3057 3102 ipsum
3083 3042 3184 3093 aut
3206 3038 3516 3109 legentem,
3541 3047 3644 3098 aut

1998 3109 2347 3165 scribentem
2382 3119 2583 3169 contra
2612 3116 2843 3173 Judreos
2874 3120 3217 3181 invenirem.
3250 3134 3459 3200 Magno
3482 3133 3640 3188 enim

1998 3198 2386 3255 fervebatzelo
2409 3208 2779 3261 convertendi
2800 3216 3028 3278 gentem
3056 3212 3212 3268 illam
3229 3218 3297 3271 ad
3314 3198 3638 3277 veritatem.

2000 3286 2134 3339 Ideo
2165 3289 2221 3340 et
2244 3303 2394 3358 smpe
2417 3290 2579 3345 misit
2609 3308 2701 3347 me
2732 3296 2801 3347 ad
2828 3299 3093 3355 Hebraeos
3113 3305 3420 3373 quosdam,
3455 3312 3518 3362 ut
3542 3325 3644 3379 per

1997 3374 2219 3429 litteras
2271 3374 2388 3431 illis
2437 3378 2818 3451 colloquerer.
2881 3386 3001 3443 Non
3053 3390 3209 3445 enim
3269 3393 3440 3449 facile
3469 3374 3642 3454 domo

1996 3466 2401 3531 egrediebatur
2429 3468 2573 3539 ipse.

2068 3557 2149 3609 Ad
2175 3556 2332 3612 hunc
2354 3558 2637 3615 domuum
2655 3563 2924 3621 Cosmam
2947 3567 3365 3629 scholasticum
3388 3575 3481 3630 die
3506 3593 3646 3648 qua-

1998 3644 2135 3699 dam
2162 3646 2456 3715 profectus
2483 3666 2612 3704 sum
2636 3668 2887 3724 cumque
2938 3657 3079 3712 mihi
3129 3676 3337 3732 magna
3373 3665 3441 3718 ad
3476 3644 3641 3721 illum

1998 3738 2154 3788 esset
2186 3734 2418 3801 ﬁducia,
2446 3737 2795 3812 interrogavi
2820 3760 2976 3813 eum,
2996 3746 3200 3804 dicens
3224 3766 3235 3803 :
3259 3751 3367 3806 Fac
3398 3753 3646 3810 cbarita-

1996 3826 2135 3890 tem,
2158 3822 2248 3878 dic
2273 3825 2415 3879 mihi
2440 3833 2726 3895 quantum
2751 3835 3033 3904 temporis
3066 3836 3244 3893 habes
3266 3840 3325 3894 in
3350 3840 3460 3897 hoc
3479 3842 3643 3898 insti-

1997 3914 2143 3965 tuto.
2161 3912 2394 3968 Tacenti
2416 3931 2571 3982 vero,
2589 3922 2643 3971 et
2665 3919 2808 3973 nihil
2838 3926 3239 3994 respondenti,
3264 3946 3498 3985 rursum
3523 3932 3639 3988 dixi

1994 3998 2101 4053 illi:
2138 4000 2563 4061 Perdominum
2585 4005 2678 4061 dic
2703 4008 2865 4064 mihi.
2887 4012 3029 4066 Cum
3055 4021 3249 4070 autem
3281 4035 3341 4071 se
3371 4018 3467 4074 ille
3492 4037 3641 4090 pau-

1993 4086 2178 4143 lulum
2194 4090 3217 4164 subsilentiocontinuisset,aitmihi
3248 4122 3259 4159 :
3303 4086 3567 4177 Triginta
3584 4113 3641 4165 et

1991 4180 2109 4231 tres
2124 4180 2699 4246 annoshabeo.Quod
2716 4201 2820 4257 ego
2834 4188 3639 4262 audiens,glnrilicaviDeum.

2063 4267 2221 4321 Alias
2246 4268 2455 4322 iterum
2482 4273 2700 4326 accessi
2721 4276 2790 4327 ad
2815 4274 3005 4342 illum,
3032 4285 3088 4333 et
3111 4281 3461 4353 interrogavi
3480 4301 3639 4356 eum,

1994 4354 2215 4409 dicens:
2245 4355 2353 4410 Fac
2379 4360 2692 4427 perfectam
2717 4360 3086 4431 charitatem,
3116 4368 3308 4424 sciens
3339 4372 3477 4440 quia
3507 4390 3641 4444 pro-

1996 4446 2126 4513 pter
2150 4443 2461 4500 utilitatem
2486 4447 2695 4502 animaa
2714 4451 3007 4523 interrogo
3034 4457 3222 4512 te.Dic
3245 4443 3645 4532 mihi,quaaso,

1910 4528 1953 4592 D
1987 4532 2043 4585 in
2070 4537 2231 4587 tanto
2254 4538 2514 4605 tempore
2537 4537 2793 4592 instituti
2820 4544 3146 4614 tui,quietis
3174 4551 3229 4601 et
3251 4528 3647 4619 continentiae,

2001 4621 2139 4690 quid
2159 4622 2406 4693 adeptus
2428 4626 2519 4679 es?
2544 4625 2645 4681 Ille
2663 4644 2794 4683 vero
2820 4629 3241 4703 ingemiscens,
3273 4643 3330 4693 et
3352 4656 3419 4694 ex
3443 4640 3651 4697 intimo

2001 4712 2174 4765 corde
2189 4712 2605 4783 suspirans,ait
2621 4716 2785 4772 mihi:
2802 4719 2947 4781 Quid
2966 4727 3461 4792 potestsaacularis
3476 4729 3650 4785 homo

2002 4799 2239 4856 virtutis
2270 4801 2539 4873 adipisci,
2572 4807 2629 4858 et
2662 4806 2915 4863 maxime
2941 4811 3203 4868 residens
3226 4815 3285 4871 in
3307 4817 3478 4873 domo
3497 4836 3605 4874 sua
3630 4822 3656 4874 Ρ

2005 4890 2122 4959 Ego
2151 4895 2344 4944 autem
2371 4907 2577 4947 rursus
2600 4893 2764 4949 illum
2792 4899 3093 4968 rcgabam,
3119 4902 3358 4960 dicens:
3397 4910 3497 4961 Per
3545 4911 3650 4963 Do-

2004 4978 2121 5032 min
2134 4994 2230 5032 um
2245 4979 2337 5033 dic
2352 4980 2589 5047 mihi,ut
2611 4982 2733 5054 ipse
2748 5002 2980 5058 quoque
3004 4990 3323 5059 proﬁciam.
3340 4993 3503 5050 Tunc
3517 5012 3649 5053 vero

2006 5066 2254 5121 multum
2308 5074 2544 5124 coactus
2577 5088 2610 5124 a
2672 5089 2787 5140 me,
2821 5074 3003 5132 dixit:
3059 5080 3297 5150 Ignosce
3326 5083 3505 5151 mihi;
3541 5086 3654 5142 tria

2004 5154 2118 5209 ista
2155 5162 2507 5213 consecutus
2534 5175 2689 5229 sum,
2715 5178 2829 5217 non
2853 5164 3071 5239 jurare,
3101 5185 3211 5223 non
3247 5172 3503 5241 mentiri,
3537 5192 3653 5232 non

2008 5243 2217 5299 ridere.

2540 5318 2775 5377 CAPUT
2817 5323 3107 5383 CLXXIII.

2010 5406 2232 5460 Factum
2263 5408 2471 5490 miram
2504 5409 2761 5490 Theodori
2788 5414 3155 5479 anachoreta.
3176 5422 3272 5490 qui
3293 5422 3542 5477 oratione
3562 5439 3663 5477 sua

2369 5481 2427 5534 in
2459 5484 2611 5536 mari
2638 5483 3072 5557 dulcemaquam
3105 5481 3299 5562 eﬂécit.

2076 5567 2448 5626 Anachoreta
2470 5571 2704 5642 quidam
2721 5580 2845 5629 erat
2866 5576 2921 5629 in
2951 5579 3216 5648 partibus
3237 5582 3531 5651 Jordanis,
3552 5598 3661 5637 no-

2012 5654 2171 5712 mine
2189 5656 2553 5731 Theodorus,
2576 5662 2906 5721 eunuchus.
2924 5667 3024 5723 llic
3041 5670 3387 5725 necessitate
3408 5670 3660 5741 quadam
