4002 6166
383 350 488 407 207

389 475 730 548 compulsus
750 473 839 526 est
855 462 1421 535 Constantinopolim
1443 475 1700 532 pergere,
1724 458 2027 529 ingressus
2058 455 2110 520 Α

388 584 498 638 que
528 547 618 620 est
643 576 868 618 navem.
902 558 1049 612 Cum
1079 570 1210 609 vero
1231 552 1393 607 navis
1415 549 1636 603 diutius
1672 547 2031 602 detineretur

389 659 449 713 in
484 654 709 727 pelago,
733 649 942 706 defecit
966 662 1138 716 aqua,
1158 646 1441 711 erantque
1474 642 1660 693 nautae
1695 640 1749 692 et
1772 639 2032 689 vectores

388 749 448 803 in
481 761 693 815 magna
720 740 1007 795 anxietate
1029 739 1086 790 et
1106 730 1528 804 desperatione.
1557 729 1814 795 Surgens
1839 727 2032 778 autem

392 834 764 898 anachoreta,
797 834 854 884 et
881 824 1216 897 expandens
1248 821 1305 874 in
1330 818 1538 874 coelum
1564 831 1775 870 manus
1799 829 1938 867 suas
1962 809 2033 864 ad

394 930 602 989 Deum,
634 922 735 994 qui
767 919 952 975 salvat
997 915 1068 970 de
1112 916 1296 967 morte
1328 909 1553 963 animas
1604 909 1858 966 nostras,
1887 903 2037 954 facta

394 1016 676 1082 oratione,
700 1007 951 1081 signavit
987 1020 1144 1058 mare
1175 1001 1342 1071 signo
1374 997 1587 1057 crucis,
1618 1000 1675 1050 et
1709 994 1788 1048 ait
1819 990 2033 1055 nautis;

395 1103 741 1163 Benedictus
770 1095 1078 1160 Dominus,
1104 1090 1330 1146 haurite
1375 1090 1662 1158 quantum
1696 1099 1859 1153 aquae
1891 1094 2039 1150 opus

394 1193 641 1253 habetis.
677 1187 1189 1260 Impleveruntque
1246 1178 1441 1233 omnia
1472 1192 1610 1230 vasa
1640 1190 1748 1227 sua
1790 1172 1859 1226 de
1891 1167 2038 1223 mari

392 1302 547 1357 aqua
576 1278 769 1347 dulci;
798 1280 857 1331 et
880 1288 1085 1330 omnes
1118 1268 1595 1341 gloriﬁcaverunt
1632 1265 1832 1318 Deum.

947 1378 1171 1434 CAPUT
1213 1373 1488 1431 CLXXIV.

395 1486 617 1539 Factum
644 1474 904 1533 naucleri
931 1469 1045 1526 viri
1076 1464 1465 1591 religtiosi,tqui
1479 1461 1727 1533 pluviam
1747 1473 1776 1510 a
1818 1456 2043 1511 Domino

1052 1554 1198 1591 zmne
1226 1553 1343 1590 ram
1378 1577 1389 1588 .

1052 1553 1389 1609 impetravit.

468 1642 663 1699 Abbas
693 1634 1009 1707 Gregorius
1040 1627 1396 1684 anachoreta
1430 1619 1687 1676 narravit
1716 1616 1906 1683 nobis,
1954 1614 2043 1668 di-

401 1748 559 1790 cens:
581 1733 722 1784 Cum
743 1743 810 1781 ex
828 1720 1095 1794 Byzantio
1119 1714 1558 1774 descenderem,
1583 1709 1884 1779 ingressus
1913 1719 2045 1758 sum

1577 338 1672 391 DE
1712 335 1903 389 VlTIS
1944 330 2240 385 PATRUM
2280 327 2492 381 LIBER
2532 324 2601 378 X.

2139 448 2506 517 Alexandria,
2531 442 2788 501 narravit
2810 440 3003 507 nobis,
3025 438 3226 494 dicens
3252 452 3264 489 :
3298 437 3439 488 Cum
3470 447 3648 487 essem
3674 432 3766 500 ju-

2138 541 2327 606 venis,
2343 530 2994 607 indisciplinatusvalde
3008 533 3063 583 et
3085 525 3383 597 inquietus
3402 522 3497 577 fui.
3527 522 3619 575 Die
3639 537 3765 591 ergo

3590 292 3762 364 ’eos

2144 632 2397 704 quadam
2416 626 2875 701 persecutionem
2888 620 3043 693 passi
3060 634 3160 691 pro
3174 620 3372 671 nostra
3386 611 3770 683 inquietudine

2145 721 2485 793 fugimusiin
2506 718 2874 774 Palmstinam
2895 729 2997 782 ego
3021 716 3076 766 et
3100 725 3302 764 novem
3328 704 3446 772 alii;
3472 704 3615 757 inter
3634 718 3769 773 quos

2147 828 2299 867 unus
2319 810 2559 881 quidam
2584 811 2707 861 erat
2727 801 3079 869 industrius,
3101 797 3251 853 alius
3277 798 3471 851 autem
3496 792 3775 846 Hebraeus.

2146 915 2286 965 Cum
2311 925 2447 981 ergo
2472 907 2836 962 venissemus
2856 902 2910 955 in
2936 913 3197 955 eremum
3217 895 3550 950 inﬁrmatus
3568 895 3652 945 est
3675 889 3775 944 He-

2149 1000 2340 1053 braeus
2375 1013 2559 1068 usque
2591 996 2661 1051 ad
2716 996 2986 1060 mortem,
3040 992 3095 1043 et
3126 987 3240 1041 Deo
3272 988 3439 1047 teste,
3473 981 3530 1035 in
3582 994 3775 1050 magno

2152 1102 2395 1143 maerore
2417 1083 2721 1140 constituti
2744 1096 3003 1147 eramus,
3025 1076 3353 1132 nescientes
3375 1070 3515 1142 quid
3540 1068 3623 1123 illi
3647 1068 3782 1122 face-

2149 1196 2366 1234 remus.
2392 1175 2809 1229 Verumtamen
2836 1175 2896 1225 ut
2917 1174 3008 1223 est
3030 1163 3391 1223 consuetudo
3411 1158 3640 1215 socialis
3663 1158 3788 1212 cha-

2153 1267 2368 1334 ritatis,
2392 1282 2509 1320 non
2534 1263 2699 1317 illum
2722 1259 3113 1326 deseruimus,
3138 1254 3239 1310 sed
3264 1247 3669 1319 unusquisque
3693 1261 3783 1301 no-

2154 1360 2343 1410 strum
2378 1371 2480 1425 pro
2503 1351 2723 1407 viribus
2752 1350 2972 1404 ferebat
2992 1362 3148 1411 eum,
3170 1342 3427 1398 volentes
3458 1335 3545 1391 vel
3577 1336 3633 1389 in
3656 1334 3788 1390 civi-

2153 1450 2355 1513 tatem,
2377 1442 2467 1497 vel
2490 1442 2547 1495 in
2571 1438 2900 1509 emporium
2934 1435 3101 1491 illum
3126 1434 3361 1494 ducere,
3392 1444 3462 1483 ne
3484 1427 3785 1481 moreretur

2153 1533 2210 1588 in
2246 1549 2460 1589 eremo.
2494 1530 2639 1585 Cum
2664 1545 2799 1584 vero
2833 1526 3177 1583 adolescens
3209 1537 3276 1576 ex
3307 1515 3503 1572 inedia
3532 1519 3588 1570 et
3618 1512 3783 1568 vehe-

2158 1621 2526 1678 mentissima
2559 1620 2734 1684 febre,
2770 1607 3477 1680 immoderatoquelabore
3493 1602 3653 1659 etsiti
3681 1617 3784 1673 prae

2157 1712 2299 1767 solis
2329 1714 2472 1765 aestu
2504 1709 2797 1779 totusjam
2823 1707 2937 1760 fere
2960 1700 3253 1758 resolutus
3270 1699 3446 1762 esset,
3472 1698 3641 1763 atque
3659 1687 3788 1744 defi-

404 1821 615 1878 navim:
641 1814 880 1871 intravit
911 1812 1101 1865 autem
1129 1810 1185 1859 et
1215 1802 1409 1858 scriba
1441 1797 1849 1889 quidamcum
1877 1807 2050 1847 uxore
2087 1827 2128 1889 Β
2160 1805 2334 1867 ceret,
2362 1800 2763 1869 propinquans
2787 1796 2856 1850 ad
2880 1793 3121 1857 exitum,
3141 1802 3331 1859 neque
3352 1782 3564 1855 portari
3583 1781 3787 1852 posset,

402 1908 789 1981 sua,profectu
800 1918 898 1957 rus
912 1899 981 1954 ad
998 1883 1846 1952 sanctamcivitatemorationis
1862 1897 2053 1935 causa.

403 1972 552 2056 Erat.
573 2000 768 2052 autem
795 1988 1105 2045 nauclerus
1136 1981 1450 2052 religiosus
1473 1974 1659 2038 valde,
1683 1972 2055 2040 multumque

399 2086 785 2161 jejunans.Cu
798 2097 853 2134 m
870 2093 1005 2148 ergo
1020 2064 1659 2142 navigaremus,scribae
1674 2061 1819 2117 servi
1842 2061 2057 2113 frustra

405 2149 832 2235 consumebant
854 2181 1089 2237 aquam.
1107 2162 1424 2229 Postquam
1449 2170 1581 2209 vero
1606 2154 1662 2206 in
1685 2149 1939 2205 medium
1967 2163 2056 2218 pe-

402 2266 573 2338 lagus
604 2261 898 2323 venimus,
931 2251 1143 2308 defecit
1190 2246 1358 2303 nobis
1400 2260 1576 2313 aqua,
1611 2252 1963 2308 eramusque
1996 2236 2054 2289 in

406 2324 621 2427 magna
651 2348 907 2405 tristitia.
934 2348 1000 2398 Et
1023 2344 1146 2396 erat
1176 2332 1507 2392 miserabile
1532 2324 2054 2401 Spectaculum,vi-

406 2419 540 2502 dere
564 2438 925 2501 mulieres,et
948 2446 1179 2504 pueros,
1204 2431 1262 2480 et
1281 2425 1532 2478 infantes
1571 2419 1669 2474 siti
1703 2419 2054 2481 arescentes,

407 2540 463 2590 et
492 2529 670 2589 veluti
696 2503 1261 2590 mortuosjacentes.
1276 2514 1421 2568 Cum
1436 2526 1571 2581 ergo
1587 2507 1712 2561 dies
1726 2510 1844 2559 tres
1870 2504 1924 2557 in
1951 2503 2055 2557 hac

410 2620 755 2679 necessitate
770 2604 1335 2675 fecissemus,scriba
1350 2602 1473 2672 ipse
1488 2596 1924 2653 tribulationem
1945 2608 2057 2646 non

412 2710 730 2771 sustinens,
747 2704 957 2759 educto
980 2695 1195 2769 gladio,
1212 2695 1494 2748 etnautas
1516 2692 1571 2741 et
1594 2683 1930 2740 nauclerum
1956 2698 2056 2734 vo-

413 2802 570 2856 lebat
599 2769 880 2852 occidere.
907 2786 1145 2843 Dicebat
1165 2782 1354 2837 enim:
1382 2778 1606 2833 Hisunt
1629 2776 1838 2828 nostrae
1864 2769 2059 2842 perdi-

413 2888 591 2945 tionis
606 2888 893 2949 auctores,
908 2876 1046 2947 quia
1061 2890 1173 2929 non
1191 2887 1319 2925 sum
1332 2868 1573 2940 pserunt
1588 2878 1800 2934 aquam
1817 2862 1884 2914 ad
1902 2857 2059 2914 sufﬁ-

416 2976 711 3035 cientiam.
738 2976 850 3042 Ego
875 2970 1071 3023 autem
1103 2961 1339 3016 orabam
1374 2955 1627 3011 scribam
1675 2951 1895 3005 dicens:
1931 2945 2061 3002 Noli

416 3069 526 3123 hoc
541 3059 853 3126 facere,sed
874 3054 1058 3125 magis
1073 3052 1452 3120 deprecemur
1466 3043 1778 3098 Dominum
1795 3042 1993 3092 nostru
2006 3052 2060 3089 m

414 3157 615 3212 Jesum
646 3164 851 3205 verum
878 3124 1082 3210 Deum,
1124 3138 1224 3210 qui
1260 3136 1396 3191 facit
1424 3148 1632 3202 magna
1659 3134 1715 3183 et
1746 3124 2060 3190 mirabilia,

2161 1888 2525 1944 decrevimus
2550 1904 2683 1941 cum
2708 1884 2910 1940 multis
2935 1877 3210 1952 lacrymis
3232 1876 3398 1931 illum
3424 1870 3714 1926 dimittere
3734 1866 3788 1919 in

2162 1994 2355 2035 eremo
2381 1982 2437 2033 et
2460 1977 2792 2044 abscedere,
2824 1976 3150 2027 metuentes
3180 1982 3250 2021 ne
3283 1981 3390 2020 nos
3422 1961 3532 2033 ipsi
3572 1970 3787 2029 quoque

2162 2068 2259 2122 siti
2285 2067 2687 2121 deﬁceremus.
2706 2055 3295 2131 Cumigiturillumin
3314 2066 3492 2108 arena
3510 2048 3789 2120 plorantes

2162 2159 2588 2230 posuissemus,
2611 2154 2947 2222 videretque
2978 2166 3083 2204 nos
3116 2146 3274 2202 abire
3304 2141 3472 2211 velle,
3504 2135 3672 2207 coepit
3695 2148 3789 2187 nos

2163 2226 2453 2315 adjurare,
2481 2245 2700 2299 dicens:
2728 2247 2830 2298 Per
2847 2241 3031 2295 Deum
3056 2237 3153 2308 qui
3182 2234 3316 2290 fecit
3337 2229 3546 2287 coelum
3590 2228 3643 2281 et
3678 2226 3788 2277 ter-

2163 2350 2309 2399 ram,
2337 2349 2437 2403 per
2463 2332 2635 2385 Deum
2662 2329 2762 2401 qui
2821 2325 3124 2383 inclinavit
3172 2320 3371 2384 caelos,
3422 2320 3478 2373 et
3508 2308 3792 2368 descendit

2164 2438 2265 2492 pro
2282 2402 2467 2476 salute
2481 2418 2723 2473 humani
2744 2416 3102 2489 generis,per
3118 2412 3301 2467 Deum
3329 2406 3429 2479 qui
3446 2402 3797 2476 judicaturus

2163 2515 2252 2565 est
2271 2510 2427 2565 vivos
2445 2514 2501 2564 et
2520 2513 2802 2571 mortuos,
2830 2503 3007 2559 nolite
3035 2500 3151 2574 pati
3176 2503 3240 2555 ut
3261 2498 3541 2553 Hebraeus
3573 2486 3795 2550 moriar,

2165 2609 2264 2663 sed
2284 2603 2889 2678 tanquamChristiani
2906 2601 3072 2657 facite
3089 2583 3797 2653 mecummisericordiam,

2165 2700 2221 2751 et
2242 2672 2529 2767 baptieate
2554 2712 2666 2759 me,
2684 2698 2746 2748 ut
2767 2690 3135 2747 Christianus
3158 2687 3227 2741 de
3249 2685 3361 2740 hac
3384 2682 3502 2735 vita
3522 2672 3796 2738 exeam,et

2166 2787 2236 2842 ad
2271 2785 2581 2840 Dominum
2614 2798 2869 2854 pergam.
2895 2781 3010 2835 Nos
3043 2794 3175 2833 vero
3208 2774 3553 2831 dicebamus
3573 2760 3796 2820 ei:Vere

2168 2876 2367 2941 frater,
2405 2892 2517 2928 non
2541 2872 2674 2927 licet
2707 2870 2874 2926 nobis
2913 2870 3023 2924 hoc
3071 2868 3281 2933 facere,
3316 2858 3622 2919 saeculares
3654 2848 3794 2905 enim

2167 2981 2401 3031 sumus;
2424 2963 2533 3018 hoc
2583 2967 2780 3017 autem
2813 2959 3224 3031 episcoporum
3255 2956 3314 3007 et
3345 2948 3794 3024 presbyterorum

2169 3070 2314 3124 opus
2346 3028 2455 3121 est;
2482 3053 2581 3107 sed
2613 3066 2797 3122 neque
2831 3028 2980 3120 aqua
3002 3028 3094 3101 hic
3126 3049 3233 3100 est.
3269 3041 3373 3098 Ille
3392 3053 3526 3094 vero
3550 3028 3801 3124 persiste-

2170 3113 2269 3197 bat
2291 3113 2565 3196 similiter
2593 3113 3029 3210 adjurans-nos,
3060 3138 3118 3190 et
3143 3133 3315 3204 plura
3348 3128 3524 3185 etiam
3548 3133 3675 3210 cun}
3719 3113 3793 3167 Ῐθ·

417 3260 669 3317 (ἱυοτυσι
702 3256 818 3295 που
850 3239 938 3291 est
960 3244 1262 3317 ηυωθτυβο
1290 3225 1427 3317 Εςοθ
1460 3220 1615 3317 θτῖίῖη
1639 3222 1693 3317 εξ
1722 3215 2062 3315 ηθυο¹θῗυετ
2091 3203 2133 3268 C
2173 3232 2385 3303 crymis
2418 3229 2721 3299 adjiciens,
2756 3244 2819 3282 ac
2852 3226 3075 3281 dicens:
3109 3203 3319 3284 Nolite,
3364 3206 3690 3273 Christiani,
3716 3214 3799 3256 me

419 3289 669 3317 νων--
704 3289 817 3295 ,-,-,
858 3289 872 3291 _

417 3340 483 3391 ιη
505 3334 690 3399 Vides,
713 3326 951 3383 tertium
975 3322 1132 3376 hunc
1160 3316 1279 3387 agit
1302 3314 1479 3379 diem:
1498 3308 1726 3381 ἀθῖυηίο
1745 3304 2067 3362 “Orationi
2174 3289 2400 3392 privare
2421 3289 2527 3373 hoc
2551 3289 2833 3373 divinitus
2865 3313 3092 3370 indulto
3126 3325 3389 3365 munere.
3415 3308 3555 3361 Cum
3594 3309 3721 3366 ergo
3746 3289 3797 3342 ίῠ

417 3440 650 3480 vacans.
672 3421 813 3474 Cum
824 3430 934 3486 que
947 3407 1335 3481 acquievisset
1355 3402 1569 3468 scriba,
1588 3402 1795 3469 quarta
1808 3396 1899 3450 die
1916 3394 2048 3449 circa

2174 3426 2383 3481 magna
2406 3409 2772 3463 hmsitatione
2786 3420 3070 3470 essemus,
3087 3397 3419 3457 industrius
3434 3392 3529 3450 ille
3543 3381 3800 3444 divinitus

420 3517 642 3569 sextam
688 3510 892 3563 horam
938 3514 1187 3570 surgens
1240 3492 1572 3557 nauclerus,
1624 3485 1895 3541 clamavit
1932 3499 2069 3537 voce
2174 3471 2498 3570 ίηεῦίηηυε
2520 3496 2810 3551 aituobis,
2844 3490 3274 3564 Erigiteiuum,
3307 3492 3366 3542 et
3413 3480 3620 3539 exuite.
3671 3471 3797 3525 Επε-

421 3597 885 3671 magna,dicens:
909 3587 1105 3643 Gloria
1126 3583 1258 3648 tibi,
1291 3580 1522 3671 Christe
1552 3579 1714 3671 Deus
1745 3577 1962 3637 noster,
1986 3572 2069 3625 ita
2171 3567 2367 3644 ximus
2392 3588 2588 3658 itaque
2611 3602 2744 3641 cum
2770 3600 2981 3654 magno
3003 3581 3201 3636 labore
3223 3577 3418 3642 illum,
3442 3567 3797 3629 erectumque

1998 3662 2031 3671 ..
3043 3670 3049 3671 ί
3572 3648 3797 3671 ,Λιηῌ

422 3648 697 3671 ...Ὃ-πρ
740 3648 749 3649 κ

422 3698 489 3746 ut
512 3702 712 3745 omnes
736 3675 1159 3737 miraremurin
1187 3686 1319 3725 voce
1342 3668 1547 3738 ipsius.
1571 3665 1841 3734 Dixitque
1874 3662 2067 3716 nautis
2172 3682 2436 3731 tenentes
2467 3648 2756 3730 e'xuimus.
2792 3648 3129 3727 Ῑηεῖυειπίυε
3178 3671 3375 3721 autem
3426 3660 3521 3717 me
3568 3648 3799 3721 impleas

422 3744 764 3835 submittite
786 3768 1159 3826 membranas
1191 3762 1326 3831 (35).
1362 3759 1430 3811 Et
1477 3772 1610 3810 cum
1655 3752 2039 3822 explicuissen

2173 3767 2376 3821 ambas
2400 3781 2609 3819 manus
2640 3779 2780 3818 suas
2812 3778 2986 3817 arena
3018 3760 3151 3827 (36),
3182 3754 3353 3811 tertio
3409 3745 3608 3809 effudit
3635 3744 3799 3806 super

426 3886 548 3933 eas’
580 3879 710 3956 ccc?
734 3860 919 3956 nnbes.
944 3870 1122 3956 squ
1144 3864 1347 3956 navﬁm
1371 3846 1630 3956 venienjs’
1665 3838 2071 3956 tantmﬁpjmt
2171 3869 2348 3933 caput
2370 3864 2518 3933 ejus,
2548 3863 2748 3917 dicens
2778 3859 2879 3914 ita:
2908 3858 3240 3914 Baptizatur
3267 3850 3606 3907 Theodorus
3627 3839 3683 3892 in
3705 3846 3799 3888 no-

1916 3945 1940 3956 n
1978 3944 2063 3956 nm
2240 3953 2248 3956 -
2365 3952 2394 3956 ξ
2502 3954 2510 3956 ’
2697 3955 2702 3956 ⁷
2736 3950 2811 3956 ⁵⁵⁵·
2912 3955 2916 3956 ν
2958 3921 3003 3956 η.
3042 3946 3052 3956 ⁸
3095 3946 3127 3956 '-
3394 3942 3432 3956 ι·
3490 3929 3797 3956 ιτ,μς,,,,ο,.η

425 3974 611 4029 aquae.
664 3954 847 4007 donec
905 3942 1294 4039 impleverunt
1328 3951 1481 4039 ‘Vasa
1526 3932 1597 3985 ad
1639 3932 2067 4039 τηθίξίξεδηῗξίξίη
2175 3921 2328 4007 mine
2364 3921 2572 4018 Puatri's,
2604 3956 2660 4006 et
2692 3950 2836 4019 Filii,
2870 3955 2927 4003 et
2957 3921 3210 4017 SOpiritus
3245 3942 3456 3997 sancti.
3490 3929 3659 3991 Nobis
3677 3932 3797 3977 vero

1674 4038 1681 4039 κ
1724 4038 1733 4039 κ
1822 4036 1920 4039 λμη-
1946 4036 1983 4039 η-
2022 4035 2039 4039 _
3285 4031 3295 4039 .
3329 4034 3337 4039 .
3438 4027 3471 4039 .u
3521 4023 3575 4039 .-,
3606 4020 3648 4039 ,ι
3672 4009 3797 4039 ..ΑΛ-

428 4009 611 4029 “rh,
995 4009 1008 4013 _

422 4052 706 4106 nostram.
729 4042 861 4095 Erat
882 4040 1077 4091 autem
1101 4026 1448 4085 miraculum
1474 4022 1691 4095 grande
1714 4025 1770 4075 et
1788 4018 2069 4085 terribile,
2172 4040 2519 4112 persingula
2536 4009 3075 4095 dominasanctm‘et
3093 4020 3652 4089 consubtamialiset
3671 4009 3798 4067 udo.

419 4132 919 4212 quodveliﬁcante
944 4115 1439 4212 nave,_nubesi|la
1462 4114 1919 4181 consequeretur
1939 4125 2067 4178 nos,
2172 4100 2703 4185 }andm‘i.rinitatis
2747 4123 3241 4199 respondentibus
3279 4122 3467 4175 Amen
3511 4100 3798 4173 (Dominus

418 4242 476 4286 θῑ
506 4231 670 4283 θΧίΓθο
700 4233 907 4276 navem
944 4229 1055 4268 “on
1086 4209 1327 4281 Plueret'
2169 4227 2326 4277 Deus
2358 4220 2524 4275 testis
2554 4224 2663 4289 est,
2692 4196 2938 4286 fratres),
2959 4215 3041 4269 ita
3058 4211 3334 4269 continuo
3358 4199 3588 4263 sanavit
3609 4196 3661 4248 et
3684 4200 3797 4289 cor-

979 4317 1209 4375 CAPUT
1242 4308 1505 4369 CLXXV.
2172 4308 2615 4365 roboravitcum
2640 4276 3083 4360 DhristusDeus
3112 4303 3328 4367 noster,
3354 4299 3419 4350 ut
3446 4276 3794 4375 ηυιιυωᾶαοξ

980 4355 1093 4375 una
1123 4355 1156 4374 υ
1177 4355 1201 4371 ι
1245 4355 1505 4369 υμ.-.-.-

472 4422 679 4481 Relatio
705 4419 768 4473 de
788 4417 1004 4471 Zenone
1033 4409 1364 4478 imperatore
1396 4401 1516 4454 viro
1552 4393 2008 4465 eleemosynario.

2171 4399 2226 4452 in
2262 4415 2328 4453 eo
2358 4397 2621 4468 pristinae
2655 4392 3015 4451 inﬁrmitatis
3038 4390 3368 4445 remaneret
3399 4376 3699 4439 indicium,
3721 4355 3797 4415 V31

3062 4480 3071 4481 ,
3367 4478 3374 4481 _
3502 4468 3512 4481 .
3600 4478 3619 4481 -
3678 4461 3794 4481 -..τη

497 4461 676 4480 Mm...
706 4461 767 4473 τη
788 4461 996 4471 μνημ,
1039 4461 1047 4463 _
1079 4461 1082 4462 ,
1113 4461 1123 4478 ι
1789 4461 1803 4465 ν

488 4514 936 4577 Narravitnobis
960 4507 1197 4579 quidam
1224 4506 1461 4555 Patrum
1486 4490 2061 4559 chenoneimpera-
2098 4560 2133 4579 ῃ
2173 4487 2598 4557 qualiscunque
2630 4483 2946 4555 passionis;
2980 4480 3077 4534 sed
3114 4493 3294 4533 sanus
3326 4478 3383 4529 et
3426 4468 3621 4527 valens
3676 4461 3797 4509 Cum

1976 4578 1979 4579 ν
2315 4576 2326 4579 Α
2400 4576 2434 4579 Π
2514 4578 2520 4579 ί
2877 4574 2886 4579 “
2913 4573 2927 4579 ⁸
3178 4574 3184 4579 ·
3458 4562 3471 4579 1
3525 4551 3794 4579 -ιιιίηηιιῐη

418 4618 562 4674 tore,
598 4578 1289 4671 dicensquodimulierem
1325 4578 2060 4656 quamdaminﬁliaipsius

421 4696 704 4768 injuriose
738 4688 1020 4747 traclavit.
1061 4685 1183 4737 llaec
1216 4683 1408 4733 autem
1456 4672 1695 4727 vacabat
1726 4670 1783 4723 in
1844 4666 2064 4738 templo

424 4786 684 4844 Dominae
719 4784 922 4835 nostra:
956 4776 1171 4830 sanctae
1204 4768 1304 4822 Dei
1356 4760 1676 4835 genitricis,
1727 4774 1902 4813 orans
1935 4773 2059 4810 eam

416 4876 568 4932 915
596 4878 652 4928 et
672 4873 1012 4940 deprecans,
1040 4866 1095 4915 et
1122 4874 1255 4912 cum
1277 4850 1549 4923 lacrymis
1569 4849 1793 4902 dicens:
1816 4845 2061 4899 Vindice

420 4976 513 5021 me
538 4965 607 5019 de
638 4934 865 5015 Zenone
898 4953 1267 5023 imperatore.
1302 4947 1441 4999 Cum
1467 4955 1601 5009 ergo
1621 4935 1821 4991 multis
1854 4934 2061 4989 diebus

417 5053 527 5111 hoc
561 5054 793 5113 faceret,
829 5036 1165 5115 apparuitei
1189 5036 1391 5090 sancta
1414 5028 1509 5084 Dei
1529 5024 1804 5099 genitrix,
1837 5023 2060 5083 dicens:

415 5143 593 5201 Crede
629 5137 791 5206 mihi,
817 5131 1045 5195 mulier,
1081 5126 1364 5181 ultionem
1390 5124 1548 5174 tuam
1574 5132 1726 5186 saepe
1751 5115 1937 5168 facere
1959 5130 2055 5167 vo-

410 5230 624 5300 lui,sed
657 5202 864 5281 manus
898 5222 1025 5291 ejus
1057 5213 1327 5288 prohibet
1358 5224 1471 5263 me.
1530 5206 1668 5259 Erat
1698 5202 1855 5258 enim
1889 5202 2059 5258 valde

410 5319 769 5383 misericors,
804 5318 861 5369 et
892 5310 1294 5375 eleemosynas
1327 5297 1564 5354 faciens.

960 5410 1189 5469 CAPUT
1223 5406 1498 5464 CLXXVI.

402 5516 641 5575 Pulchra
665 5511 862 5567 relatio
888 5505 1099 5561 abbatis
1122 5500 1345 5575 Andreae
1367 5496 1430 5575 de
1450 5494 1626 5575 decem
1648 5488 2051 5575 viris‘peregri-

471 5561 939 5653 antibusriiiler
968 5591 1098 5648 quos
1117 5573 1228 5643 fuit
1259 5574 1315 5624 et
1341 5568 1657 5622 adolescens
1689 5561 1976 5616 Hebraeus.

469 5687 665 5744 Abbas
695 5681 958 5739 Andreas
1002 5670 1201 5729 Octavi
1235 5664 1470 5731 decimi,
1521 5678 1654 5717 cum
1689 5673 1954 5715 essemus
1986 5658 2045 5714 in

2094 4560 2136 4623 Ῐ)
2171 4551 2331 4631 omni
2364 4551 2649 4631 alicritate
2681 4580 2735 4631 et
2766 4573 2969 4629 ﬂorido
2997 4574 3256 4640 aspectu,
3319 4562 3475 4635 quod
3525 4551 3797 4619 reliquum

2176 4671 2301 4720 erat
2330 4666 2577 4729 itineris,
2613 4681 2714 4736 per
2769 4677 3028 4717 eremum
3074 4656 3399 4713 ambulavit
3450 4654 3678 4734 semper.
3702 4640 3797 4685 ηοθ

2176 4755 2526 4825 praecedens,
2554 4722 2712 4808 itaut
2733 4751 3093 4807 admirantes
3116 4746 3291 4800 talem
3326 4746 3383 4797 et
3406 4746 3527 4796 tam
3558 4722 3794 4825 subitatn

2175 4844 2586 4912 mutationem,
2620 4858 2824 4897 omnes
2847 4836 3280 4894 laudaverimus
3304 4836 3361 4886 et
3397 4820 3794 4912 gloriﬁcaVQN‘j

2174 4950 2304 4988 mus
2327 4895 2762 4996 ineffabilem,m
2773 4930 3075 4999 ajestatem
3090 4930 3147 4979 et
3168 4895 3587 4993 benignitatem
3600 4895 3795 4999 christ-ﬁ

2172 5023 2267 5077 Dei
2288 5020 2819 5077 nostri.Venientes
2844 5021 3039 5071 autem
3064 4990 3429 5073 Ascalonem,
3464 4990 3797 5077 adduxiﬂl'fs

2169 5128 2301 5167 eum
2340 5112 2410 5166 ad
2442 5112 2678 5165 beatum
2706 5125 2772 5162 ac
2802 5110 3071 5162 sanctum
3105 5100 3446 5171 Dionysium
3477 5092 3615 5171 ejus
3647 5071 3796 5171 urbis

2168 5202 2531 5272 episcopum,
2556 5205 2860 5253 narrantes
2878 5211 3004 5265 quae
3023 5190 3185 5246 fratri
3206 5189 3264 5243 in
3297 5186 3389 5242 via
3410 5157 3794 5261 contigissefﬂ'

2168 5296 2391 5360 Quibus
2424 5290 2661 5355 auditis,
2695 5291 2934 5342 sanctus
2969 5280 3471 5348 admirandusque
3500 5258 3795 5360 Dion¥51us

2165 5390 2411 5454 stupens
2434 5381 2505 5436 ad
2534 5384 2654 5433 tam
2690 5391 2901 5431 novum
2934 5371 3387 5438 inauditumque
3435 5344 3792 5454 miraculuﬂv

2165 5427 2410 5454 νυν-κωκυ
2435 5427 2505 5436 κ-
2539 5427 2653 5433 --—-—-
2690 5427 2755 5431 ---
2778 5427 2785 5431 -
2810 5427 2899 5430 -η-
3294 5427 3304 5438 _

2164 5475 2474 5528 convocato
2508 5467 2658 5523 clero
2690 5463 2961 5536 exposuit
2986 5460 3035 5517 ei
3059 5464 3249 5515 totum
3274 5452 3591 5525 negotium,
3618 5436 3681 5489 ut
3702 5427 3794 5536 δεῖ

2162 5563 2481 5621 cernerent,
2511 5562 2708 5611 utrum
2734 5552 2940 5609 effusio
2973 5550 3075 5605 illa
3101 5562 3287 5603 arenas
3311 5529 3637 5615 reputanda
3658 5524 3776 5621 9:5“?

2162 5597 2481 5621 υυιυυιυυν,
2513 5597 2591 5611 υ...
2614 5597 2708 5611 υ...
2735 5597 2938 5609 νη-.-
2976 5597 3075 5605 .....
3103 5597 3282 5603 __-_--
3317 5597 3322 5598 ,
3354 5597 3396 5615 ξι

2159 5649 2329 5708 fratri
2354 5649 2413 5703 in
2437 5645 2826 5719 baptismum,
2846 5660 2915 5698 an
2933 5657 3070 5697 non.
3089 5634 3268 5693 Etalii
3292 5631 3525 5705 quidem
3549 5597 3805 5676 dicebaut
