3986 6168
236 391 325 451 209

1499 384 1804 443 PRATUM
1843 383 2290 438 SPIRITUALE.

3493 389 3603 450 210

239 521 417 576 debere
433 515 674 589 reputari
698 515 783 571 illi
808 518 866 572 in
894 515 1233 590 baptismun
1258 513 1840 589 propterinauditam
1872 507 1925 573 A
1958 509 2112 580 dem,
2137 515 2193 566 et
2225 511 2558 582 ubicunque
2589 527 2723 566 eum
2757 527 2884 567 esse
2906 513 3265 585 contigisset,
3291 513 3605 574 indiscrete

233 610 461 665 miraculi
496 608 997 680 magnitudinem;
1030 607 1129 663 alii
1171 625 1303 664 vero
1351 607 1641 671 dicebant,
1691 603 1838 657 Non.

230 699 516 770 Theologus
535 700 746 770 quippe
759 698 1074 771 Gregorius
1089 715 1183 754 om
1196 699 1288 754 uia
1303 697 1661 769 baptismate
1675 695 1834 748 dinu-

230 795 386 844 inerat
414 791 650 858 (Gr-eger.
675 787 940 842 Ναλὶαηζν.
965 792 1107 842 orat.
1141 788 1232 854 39,
1265 803 1394 858 quae
1423 791 1530 852 est,
1565 785 1621 838 In
1644 785 1839 837 sancta

226 879 473 946 Lumina):
496 875 856 947 Baptizabat,
872 877 1173 948 inquiens,
1190 880 1435 947 Moyses,
1458 875 1558 930 sed
1587 874 1643 926 in
1663 889 1833 940 aqua,

226 975 271 1024 et
297 973 446 1024 antea
474 967 530 1022 in
565 967 738 1038 nube,
760 972 818 1022 et
850 967 910 1022 in
943 967 1112 1023 mari.
1141 967 1461 1038 Baptizavit
1490 971 1546 1020 et
1576 964 1832 1020 Joannes

225 1074 319 1113 non
337 1058 451 1126 jam
484 1057 717 1129 quidem
754 1056 1026 1122 Judaice;
1050 1073 1156 1112 non
1182 1057 1336 1111 enim
1361 1055 1416 1109 in
1443 1071 1594 1125 aqua
1617 1055 1830 1107 solum,

223 1147 303 1204 sed
323 1146 438 1202 etin
464 1147 821 1218 poenitentia.
850 1147 1112 1218 Baptizat
1133 1151 1326 1201 autem
1350 1151 1406 1200 et
1424 1145 1616 1209 Jesus,
1643 1143 1737 1197 sed
1773 1142 1830 1196 in

222 1236 403 1308 Spiritu
426 1240 645 1291 sancto.
675 1236 832 1291 [stud
858 1236 1134 1307 perfectio
1184 1242 1292 1290 est.
1322 1235 1452 1289 Scio
1475 1238 1531 1288 et
1555 1237 1829 1303 quartum

219 1326 534 1396 baptismum
569 1342 674 1397 per
707 1325 1052 1396 martyrium
1088 1329 1145 1380 et
1193 1323 1565 1395 sanguinem.
1601 1323 1728 1376 Scio
1773 1325 1830 1376 et

219 1414 885 1486 quintum,lacrymarum
922 1414 1165 1469 scilicet.
1192 1419 1324 1469 Haec
1346 1413 1461 1468 ille.
1496 1413 1617 1475 Quo
1649 1411 1829 1482 igitur

219 1505 412 1570 horum,
432 1504 511 1560 illi
542 1505 915 1576 inquiebant,
941 1507 1051 1561 iste
1076 1505 1406 1578 baptizatus
1425 1509 1532 1569 est,
1561 1507 1622 1556 ut
1647 1502 1823 1556 etiam

213 1595 366 1665 ipsius
395 1594 685 1666 baptisma
718 1597 1082 1661 roboremus,
1108 1594 1364 1649 maxime
1389 1609 1522 1647 cum
1545 1592 1824 1646 Dominus

215 1683 269 1739 ad
288 1683 645 1739 Nicodemum
669 1685 854 1739 dicat:
881 1685 1006 1739 Nisi
1056 1684 1189 1753 quis
1221 1689 1395 1738 natus
1427 1681 1596 1736 fuerit
1628 1683 1821 1734 denuo

212 1788 265 1827 ex
281 1791 417 1844 aqua
435 1779 487 1829 et
503 1773 752 1845 Spiritu,
771 1791 884 1829 non
908 1773 1154 1828 intrabit
1175 1772 1234 1826 in
1259 1788 1503 1843 regnum
1523 1770 1620 1825 Dei
1644 1771 1816 1834 (Joan.

213 1861 316 1927 in)?
348 1863 434 1916 llis
465 1862 559 1917 alii
584 1864 1067 1918 contradicebant
1109 1862 1230 1917 sic:
1268 1861 1410 1926 Quid
1461 1876 1595 1930 ergo
1619 1859 1645 1913 ‘I
1675 1858 1821 1924 Quia
1849 1884 1895 1945 Β

214 1949 457 2021 scriptum
480 1951 549 2005 de
585 1951 871 2020 apostolis
896 1969 1008 2006 non
1032 1955 1142 2016 est,
1167 1951 1322 2020 quod
1365 1948 1644 2020 baptizati
1677 1949 1817 2015 sint,

210 2038 385 2095 idcirco
431 2057 542 2094 non
597 2040 826 2096 intrant
875 2041 932 2094 in
984 2055 1228 2111 regnum
1296 2038 1438 2093 Dei?
1468 2037 1580 2092 Alii
1613 2053 1818 2092 rursus

208 2135 405 2184 econtra
432 2128 785 2199 inferebant,
811 2129 1073 2185 dicentes
1098 2145 1110 2184 :
1133 2129 1221 2184 lta
1243 2144 1403 2196 sane,
1424 2127 1506 2182 illi
1539 2125 1819 2198 baptizati

209 2217 482 2281 sunt,sicut
503 2220 848 2276 etClemens
870 2223 1234 2276 Stromateus
1255 2219 1597 2274 meminitin
1615 2217 1818 2288 quinto

213 2305 623 2380 llypotyposeon
643 2309 1146 2380 (a),aposto|icum
1161 2309 1317 2364 enim
1335 2307 1476 2362 illud
1495 2308 1718 2362 dictum
1754 2324 1822 2362 ex

208 2412 408 2466 ponens,
424 2415 537 2468 quo
561 2399 805 2465 dicitur,
827 2403 865 2452 G
878 2398 1053 2454 ratias
1067 2415 1171 2467 ago
1192 2404 1332 2463 Deo,
1347 2398 1487 2469 quia
1502 2397 1818 2452 neminem:

204 2490 420 2542 vestrum
443 2487 736 2558 baptizavi
767 2489 810 2557 (ι
835 2487 955 2542 Cor.
981 2488 1018 2558 ι)
1045 2487 1583 2557 :Christus,inquit,
1607 2487 1822 2541 dicitur

202 2574 395 2631 Petrum
415 2576 605 2632 solum
629 2577 1202 2648 baptizasse,Petrus
1234 2577 1520 2631 Andream
1539 2576 1818 2633 Iacobum

201 2665 546 2733 etloannem,
584 2665 674 2720 illi
704 2671 898 2722 autem
932 2667 1204 2736 reliquos.
1240 2665 1369 2720 llaec
1399 2666 1580 2736 igitur
1609 2669 1665 2719 et
1703 2664 1819 2720 alia

203 2751 419 2822 plurima
441 2772 574 2811 cum
610 2755 769 2811 dicta
795 2757 1218 2824 essent,visum
1241 2761 1331 2811 est
1351 2755 1521 2810 beato
1549 2754 1816 2826 Dionysio

202 2841 390 2898 mittere
405 2844 642 2899 fratrem
668 2843 837 2900 illum
858 2847 926 2900 ad
950 2850 1218 2901 sanctum
1244 2845 1561 2901 Jordanem
1580 2843 1817 2915 illicque

200 2930 858 3002 baptizari;industrium
887 2940 1078 2990 autem
1109 2933 1280 2989 illum
1306 2933 1596 2989 ordinavit
1618 2933 1813 2988 diaco-

203 3036 338 3078 num.

725 3111 962 3169 CAPUT
991 3112 1254 3169 CLXXII.

199 3199 310 3254 lata
337 3219 471 3258 mors
499 3202 769 3258 monachi
823 3204 1059 3273 (Egylii,
1092 3204 1188 3273 qui
1242 3203 1496 3257 habitare
1554 3202 1723 3258 voluit
1752 3203 1808 3257 in

639 3275 785 3329 cella
815 3276 1046 3345 Evagrii
1078 3274 1336 3330 haeretici.

254 3360 387 3415 9I6
406 3362 653 3417 Dicebat
676 3363 857 3417 abbas
884 3361 1140 3416 Joannes
1155 3361 1297 3415 Cilix
1320 3362 1824 3418 commorantibus

202 3447 336 3504 nobis
362 3450 416 3505 in
443 3451 608 3506 Nono
637 3451 1041 3508 Alexandriae:
1077 3451 1246 3506 Venit
1274 3453 1342 3505 ad
1381 3468 1486 3505 nos
1517 3451 1823 3522 IEgyptius

203 3541 506 3603 monachus,
529 3542 912 3612 narravitque
936 3541 1128 3607 nobis,
1147 3541 1346 3596 dicens
1369 3559 1386 3594 :
1411 3541 1490 3594 Ad
1529 3544 1820 3595 monaste-

210 3625 328 3680 rium
359 3628 712 3684 Cellularum
738 3630 912 3684 frater
929 3645 996 3684 ex
1017 3628 1342 3700 longinqua
1364 3629 1597 3701 regione
1622 3645 1820 3700 perve-

205 3715 269 3767 nit
315 3717 501 3772 volens
551 3719 636 3773 ibi
704 3717 992 3786 habitare,
1025 3723 1443 3789 prostrataque
1487 3717 1820 3788 presbytero

209 3805 389 3872 orabat,
413 3813 474 3862 ut
503 3808 564 3863 in
602 3807 826 3878 Evagrii
852 3807 992 3863 cella
1015 3811 1360 3862 moraretur.
1386 3807 1692 3879 Presbyter
1713 3824 1818 3860 au-

204 3896 286 3948 tem
307 3896 524 3952 dicebat
553 3914 671 3952 non
698 3913 868 3968 posse
887 3913 1020 3952 eum
1053 3895 1175 3951 illic
1206 3897 1493 3963 habitare,
1512 3897 1817 3951 recedens—

204 3995 291 4050 que
324 3987 647 4059 presbyter,
682 3986 763 4041 ait
811 3985 974 4042 fratri
1003 4003 1017 4042 :
1049 3985 1178 4054 Fili,
1212 3986 1439 4040 daemon
1493 3985 1818 4040 acerrimus

203 4068 292 4126 illic
320 4073 572 4143 habitat;
602 4075 704 4146 qui
737 4075 890 4130 enim
915 4075 1148 4131 seduxit
1180 4075 1510 4146 Evagrium,
1537 4079 1589 4130 et
1624 4091 1656 4128 a
1685 4091 1820 4130 vera

203 4159 288 4214 ﬁde
304 4165 558 4228 removit,
585 4165 955 4236 immisitque
979 4163 1060 4218 illi
1089 4163 1372 4219 scelerata
1391 4165 1692 4234 dogmata,
1717 4164 1814 4218 ille

204 4262 288 4302 non
313 4254 588 4322 permittit
611 4251 866 4322 aliquem
895 4252 975 4307 ibi
992 4253 1444 4309 morari.Frater
1474 4258 1663 4309 autem
1688 4270 1816 4324 per-

202 4337 421 4403 sistebat.
439 4341 647 4397 dicens
665 4359 678 4397 :
697 4342 956 4397 Profecto
981 4342 1028 4397 si
1054 4341 1147 4396 hic
1175 4359 1404 4409 maneo,
1425 4343 1484 4396 in
1507 4341 1607 4396 illa
1633 4359 1818 4398 mora-

203 4427 334 4483 turus
352 4446 502 4486 sum.
527 4431 694 4486 Tunc
718 4431 1021 4502 presbyter
1049 4436 1288 4486 coactus
1308 4431 1454 4485 dixit
1477 4431 1528 4486 ei
1551 4447 1563 4485 :
1587 4432 1816 4486 Judicio

201 4517 276 4566 tuo
302 4519 449 4587 vade,
484 4525 543 4574 et
574 4536 706 4575 eam
737 4519 954 4590 accipe.
990 4520 1154 4575 Sedit
1186 4519 1370 4591 igitur
1401 4522 1580 4575 frater
1609 4521 1667 4574 in
1701 4520 1813 4575 cel-

1951 601 2444 656 communicabat.
2482 601 2739 664 Quadam
2778 599 2957 672 igitur
2987 601 3079 657 die
3110 603 3380 673 apparuit
3411 607 3466 659 et
3496 621 3598 660 an-

1948 686 2115 758 gelus
2137 689 2257 754 Dei,
2280 689 2507 744 dicens:
2529 689 2651 759 Dic,
2669 691 2925 759 senex,si
2950 695 3216 745 mortuus
3240 691 3435 759 fueris,
3452 710 3594 763 quo-

1949 779 2122 834 modo
2135 781 2220 832 vis
2244 781 2398 849 sepel
2411 780 2598 835 lamus
2612 779 2698 834 te?
2712 784 2776 833 ut
2793 780 3040 851 Egyptii
3063 780 3324 835 monachi
3348 780 3590 851 faciunt,

1948 883 2018 921 an
2052 873 2114 922 ut
2142 869 2566 940 Jerosolymita:
2588 868 2614 922 '?
2639 873 2820 924 Senex
2878 874 3074 923 autem
3133 871 3435 939 respondit
3489 872 3538 927 ei
3571 889 3584 927 :

1944 957 2166 1015 Nescio.
2196 960 2362 1015 Tune
2395 961 2474 1014 ait
2509 959 2786 1031 angelus:
2812 959 3034 1030 Cogita,
3055 967 3110 1015 et
3130 959 3424 1030 delibera;
3457 968 3588 1033 post

1943 1051 2062 1102 tres
2097 1052 2288 1102 autem
2325 1047 2726 1105 hebdomadas
2745 1048 2994 1116 veniam,
3011 1051 3068 1103 et
3086 1049 3244 1104 dices
3266 1049 3429 1105 mihi.
3453 1051 3586 1107 Per-

1941 1154 2084 1209 gens
2117 1155 2221 1209 ego
2257 1156 2432 1195 senex
2455 1141 2522 1194 ad
2560 1139 2761 1206 alium,
2783 1138 3041 1194 narravit
3061 1138 3109 1193 ei
3135 1154 3260 1210 quae
3291 1139 3404 1195 sibi
3437 1140 3589 1197 dixe-

1943 1233 2032 1282 rat
2065 1230 2328 1300 angelus.
2354 1229 2513 1292 Quod
2545 1246 2680 1283 cum
2713 1229 2975 1284 audisset
3004 1245 3200 1295 senex,
3223 1230 3588 1300 stupefactus

1938 1334 2004 1372 ex
2023 1318 2598 1390 auditu,diutiusque
2631 1319 3012 1374 intendensin
3037 1335 3194 1388 eum,
3214 1335 3280 1374 ac
3303 1319 3588 1376 divinitus

1937 1407 2258 1477 inspiratus
2291 1409 2434 1463 dixit
2464 1410 2536 1463 ei:
2563 1408 2671 1463 Ubi
2703 1409 2891 1464 sumis
2921 1413 3121 1463 sancta
3153 1408 3461 1481 mysteria?
3480 1410 3586 1464 Re-

1936 1499 2233 1568 spondeas
2264 1497 2361 1552 ille
2392 1500 2505 1554 ait:
2540 1497 2888 1569 Ubicunque
2918 1497 3169 1554 invenio.
3201 1501 3357 1553 Tunc
3386 1498 3467 1554 ait
3497 1498 3585 1554 illi

1934 1602 2107 1641 senex
2134 1603 2146 1640 :
2172 1587 2296 1641 Non
2331 1587 2436 1641 tibi
2472 1586 2625 1642 ultra
2672 1587 2973 1657 contingat
3025 1594 3081 1641 ut
3115 1591 3277 1642 extra
3319 1590 3583 1643 sanctam

1932 1675 2279 1731 catholicam
2313 1681 2369 1730 et
2401 1676 2780 1747 apostolicam
2813 1675 3134 1732 Ecclesiam
3158 1676 3579 1745 communices,

1931 1764 2029 1818 ubi
2083 1764 2463 1820 nominantur
2491 1770 2707 1820 sancta:
2765 1769 3020 1834 quatuor
3067 1765 3296 1836 synodi,
3327 1765 3578 1838 Nicmna,

1930 1858 2318 1910 trecentorum
2354 1856 2553 1910 decem
2588 1860 2644 1910 et
2675 1861 2804 1910 octo
2850 1859 3130 1921 Patrum;
3164 1856 3574 1913 Constantino.

1931 1943 2206 2014 politana,
2236 1949 2471 1998 centum
2521 1949 2578 1999 et
2631 1944 2984 2015 quinginta;
3019 1943 3308 2014 Ephesina
3365 1945 3571 2016 prima,

1929 2033 2354 2100 ducentorum;
2388 2032 2878 2088 Chalcedonensis
2924 2036 3330 2088 sexcentorum
3385 2037 3442 2088 et
3471 2033 3573 2088 tri-

1929 2122 2112 2193 ginta.
2147 2123 2290 2177 Cum
2324 2128 2518 2177 autem
2539 2123 2760 2177 venerit
2790 2122 3056 2194 angelus,
3081 2123 3174 2177 dic
3205 2122 3254 2177 ei
3280 2122 3576 2180 :SicutJe-

1930 2211 2282 2280 rosolymitae
2312 2211 2545 2282 sepeliri
2573 2211 2722 2267 volo.
2749 2212 2883 2267 Post
2910 2216 3028 2267 tres
3051 2211 3232 2284 igitur
3259 2212 3568 2269 hebdoma.

1933 2301 2037 2355 das
2063 2301 2222 2355 venit
2252 2300 2518 2372 angelus,
2547 2306 2602 2357 et
2649 2301 2796 2356 dixit
2819 2301 2940 2356 seni
2968 2317 2981 2354 :
3006 2301 3154 2365 Quid
3212 2307 3301 2357 est
3357 2303 3575 2358 senex?

1930 2390 2246 2459 cogitasti?
2277 2391 2640 2446 Dixitautem
2675 2389 2755 2443 illi
2779 2405 2954 2445 senex
2980 2407 2992 2444 :
3019 2391 3182 2446 Sicut
3200 2391 3574 2463 Jerosolymi-

1929 2484 1999 2534 tte
2033 2479 2181 2533 volo.
2212 2479 2361 2535 Dicit
2390 2480 2440 2535 ei
2475 2478 2720 2550 angelus
2747 2496 2758 2532 :
2793 2479 2965 2546 Bene,
2997 2479 3162 2534 bene.
3198 2484 3265 2535 Et
3295 2481 3573 2537 continuo

1930 2569 2187 2624 reddidit
2218 2568 2512 2640 spiritum.
2534 2568 2650 2624 Hoc
2673 2572 2868 2623 autem
2902 2572 3087 2623 totum
3121 2569 3338 2624 factum
3372 2579 3476 2637 est,
3504 2587 3575 2627 ne

1929 2654 2160 2712 labores
2191 2674 2331 2713 suos
2362 2658 2648 2728 perderet,
2670 2662 2881 2712 etcum
2909 2656 3198 2714 haereticis
3230 2659 3578 2718 condemna-

1927 2751 2107 2801 retur.

2455 2836 2690 2892 CAPUT
2745 2836 3034 2891 CLXXIX.

1927 2923 2043 2980 Vita
2055 2925 2509 2981 sanctimonialis
2519 2927 2766 2996 feminae,
2781 2942 2900 2996 quae
2911 2929 3030 2982 erat
3043 2931 3312 2982 exsancta
3325 2927 3568 2984 civitate.

1995 3015 2334 3071 Pereximus
2363 3016 2431 3070 ad
2468 3015 2740 3070 abbatem
2787 3015 3075 3070 Joannem
3126 3016 3564 3086 anachoretam,

1923 3103 2022 3174 qui
2053 3103 2382 3174 appellatus
2415 3109 2503 3160 est
2543 3104 2813 3170 Rutulus,
2847 3107 3220 3178 narravitque
3252 3108 3444 3176 nobis,
3478 3107 3572 3161 di—

1927 3207 2065 3247 cens
2094 3210 2106 3247 :
2133 3191 2345 3246 Audivi
2378 3192 2970 3257 abbateijoannem
2995 3195 3312 3251 Moabitam
3338 3213 3581 3252 narran-

1934 3283 2072 3347 tem,
2096 3298 2162 3336 ac
2195 3281 2524 3336 dicentem:
2559 3283 3036 3339 Sanctimonialis
3067 3285 3333 3354 quaedam
3367 3290 3491 3341 erat
3523 3286 3579 3340 in

1933 3373 2137 3424 sancta
2167 3370 2420 3437 civitate,
2450 3371 2720 3442 religiosa
2739 3373 2927 3438 valde,
2951 3378 3009 3428 et
3042 3375 3362 3428 secundum
3395 3374 3580 3429 Deum

1935 3459 2266 3529 proficiens.
2294 3460 2507 3514 Invidit
2524 3476 2660 3531 ergo
2683 3462 2955 3518 diabolus
2973 3462 3204 3533 virgini,
3221 3463 3584 3535 immisitque

1923 3548 2126 3618 juveni
2151 3549 2383 3604 cuidam
2411 3551 2706 3620 impurum
2733 3558 2787 3606 et
2809 3553 3241 3624 diabolicumin
3265 3573 3390 3611 eam
3422 3573 3579 3612 arno-

1933 3653 2075 3693 rem.
2112 3637 2285 3708 Virgo
2314 3644 2508 3694 autem
2530 3639 2628 3694 illa
2651 3642 2937 3696 mirabilis
2960 3659 3092 3697 cum
3118 3644 3334 3699 diaboli
3359 3645 3580 3700 sensis-

1930 3733 2018 3782 set
2033 3729 2300 3794 insidias,
2319 3729 2704 3799 perditionem
2723 3731 3582 3801 adolescentisgmiserata.sum-

1931 3824 2026 3887 pto
2049 3816 2238 3872 cilicio
2272 3835 2385 3872 uno
2425 3819 2746 3890 paucisque
2790 3820 3001 3876 infusis
3042 3822 3278 3878 cibariis
3328 3825 3484 3880 venit
3507 3827 3577 3881 ad

1929 3923 2216 3974 eremum,
2248 3906 2598 3964 adolescenti
2621 3925 2688 3964 ex
2711 3926 2942 3966 recessu
2971 3928 3078 3966 suo
3096 3913 3350 3982 quietem
3385 3931 3418 3970 a
3449 3922 3578 3970 ten-

1929 3996 2147 4051 tatione
2178 4013 2243 4051 ac
2267 3996 2514 4052 salutem
2549 4015 2785 4070 parans,
2810 4004 2865 4055 et
2886 4000 3130 4072 sibiipsi
3163 4018 3231 4057 ex
3261 4002 3579 4062 solitudine

1927 4084 2301 4141 securitatem
2333 4092 2388 4140 et
2419 4093 2735 4158 augmenta
2767 4089 3129 4144 meritorum.
3158 4090 3293 4146 Post
3324 4092 3576 4148 multum

1927 4190 2060 4228 vero
2091 4175 2368 4246 temporis
2396 4192 2498 4246 per
2520 4176 3015 4247 dispensationem
3040 4179 3445 4250 Dei,neipsius
3475 4200 3577 4237 ex-

1928 4261 2146 4318 cellens
2176 4263 2534 4319 conversatio
2587 4272 2849 4320 maneret
2897 4267 3216 4337 incognita,
3250 4269 3394 4323 vidit
3445 4286 3573 4324 eam

1927 4352 2277 4408 anachoreta
2307 4353 2546 4422 quidam
2569 4354 2623 4406 in
2641 4354 2956 4408 solitudine
2977 4355 3572 4425 Jordanis,etaitil|i:

1928 4439 2098 4509 Quid,
2125 4440 2395 4509 mater,in
2417 4440 2523 4494 hac
2547 4439 2861 4496 solitudine
2893 4443 3072 4497 facis?
3101 4443 3206 4498 Illa
3234 4458 3366 4501 vero
3398 4446 3576 4502 latere

1929 4530 2341 4585 anachoretam
2371 4529 2633 4601 cupiens,
2654 4529 2830 4586 aitilli
2851 4548 2864 4586 :
2885 4531 3122 4602 Ignosce
3144 4534 3312 4603 mihi,
3335 4536 3470 4605 quia
3488 4553 3576 4592 er-

204 4598 293 4656 lula
336 4623 443 4662 una
479 4608 888 4674 hebdomada;
923 4609 1302 4679 venienteque
1354 4609 1655 4664 Dominico
1702 4611 1816 4673 die,

1933 4620 2048 4675 ravi
2075 4619 2144 4674 de
2158 4621 2277 4687 via;
2296 4621 2393 4674 sed
2418 4636 2518 4689 per
2535 4619 2872 4688 Dominum,
2887 4625 3079 4691 Pater,
3099 4625 3188 4678 fac
3205 4623 3574 4693 charitatem,

203 4697 414 4760 perrexit
442 4698 513 4752 ad
539 4702 804 4753 sanctam
829 4697 1173 4754 ecclesiam:
1199 4698 1406 4754 videns
1428 4705 1620 4754 autem
1648 4699 1814 4754 illum

205 4785 469 4856 presbyter
497 4786 841 4843 consolatus
871 4793 1000 4854 est;
1033 4786 1330 4843 sollicitus
1361 4788 1515 4842 enim
1579 4805 1681 4859 pro
1713 4788 1814 4843 illo

204 4873 610 4932 erat.Veniente
623 4883 817 4932 autem
840 4875 956 4932 alio
976 4877 1069 4931 die
1098 4878 1418 4945 Dominico,
1439 4894 1553 4933 non
1569 4879 1810 4933 venitad

203 4960 488 5018 ecclesiam.
523 4967 792 5037 Cumque
842 4965 1009 5020 illum
1062 4983 1175 5021 non
1239 4965 1460 5020 videret
1492 4966 1812 5039 presbyter,

203 5049 331 5112 misit
357 5052 501 5108 duos
535 5055 768 5118 fratres,
804 5058 867 5108 ut
897 5053 1161 5108 viderent
1190 5069 1293 5107 cur
1323 5071 1437 5108 non
1471 5054 1720 5110 venisset
1745 5058 1811 5108 ad

203 5138 492 5196 ecclesiam.
530 5143 637 5206 Qui
673 5144 968 5198 venientes
1011 5143 1082 5197 ad
1142 5143 1434 5204 cellulam,
1471 5143 1818 5199 invenerunt

203 5225 399 5284 fratrem
423 5231 639 5301 injecto
664 5234 800 5287 fune
825 5233 1088 5305 seipsum
1121 5234 1457 5289 sull'ocasse.

685 5341 915 5397 CAPUT
945 5341 1290 5396 CLXXVIII.

293 5425 586 5484 Vita-senis
614 5430 849 5486 rwnobii
879 5430 1252 5496 Scholarium,
1286 5432 1395 5485 viri
1421 5432 1704 5503 simplicis.

257 5512 502 5572 Narravit
526 5520 689 5573 nobis
710 5521 892 5574 abbas
915 5520 1230 5592 Gregorius
1254 5522 1553 5591 presbyter
1567 5539 1686 5575 curn
1699 5524 1813 5578 obii

202 5597 561 5670 Scholariurn,
579 5610 727 5679 quod
757 5608 832 5661 ibi
855 5626 1028 5663 senex
1053 5625 1303 5680 magnus
1329 5627 1669 5682 magnasque
1688 5614 1818 5667 abs-

202 5689 424 5746 tinentiis
456 5702 713 5751 moratus
745 5698 854 5753 sit:
889 5703 1010 5753 erat
1043 5703 1237 5753 autem
1274 5697 1518 5770 simplex
1568 5700 1720 5754 circa
1755 5703 1816 5754 tl-

1925 4714 1981 4764 et
2001 4710 2244 4764 ostende
2271 4708 2432 4764 illam
2473 4709 2638 4765 mihi.
2667 4710 2768 4765 Ille
2790 4728 2923 4766 vero
2955 4711 3238 4769 divinitus
3259 4714 3330 4769 de
3353 4715 3451 4771 illa
3473 4719 3572 4772 ad-

1925 4801 2207 4867 monitus,
2231 4801 2312 4855 ait
2355 4800 2404 4855 ei
2430 4817 2441 4853 :
2470 4800 2650 4855 Crede
2685 4800 2851 4870 mihi,
2879 4806 3083 4869 mater,
3109 4820 3226 4858 non
3265 4809 3327 4859 tu
3365 4808 3572 4863 errasti

1923 4893 1992 4947 de
2011 4891 2120 4960 via,
2139 4907 2326 4961 neque
2347 4891 2497 4944 viam
2526 4891 2796 4962 requiris.
2819 4895 3016 4963 Itaque
3038 4892 3228 4948 sciens
3251 4894 3390 4966 quia
3410 4912 3572 4952 men-

1927 4983 2156 5036 dacium
2180 4981 2249 5035 de
2271 4979 2502 5036 diabolo
2525 4984 2611 5035 est
2630 4981 2966 5051 (Joan.vin),
2989 4983 3080 5035 die
3105 4982 3247 5038 mihi
3269 4985 3570 5041 veritatem

1925 5089 2112 5127 causze
2138 5076 2372 5141 propter
2395 5087 2571 5141 quam
2599 5071 2712 5126 huc
2736 5071 2963 5126 venisti.
2986 5073 3148 5127 Tunc
3171 5074 3252 5128 ait
3277 5074 3359 5128 illi
3386 5076 3568 5148 virgo:

1928 5163 2164 5232 Ignosce
2177 5159 2515 5223 mihi,abba:
2532 5159 2872 5215 adolescens
2885 5162 3123 5232 quidam
3142 5163 3574 5222 scandalizatus

1926 5255 2012 5304 est
2043 5249 2099 5304 in
2136 5266 2248 5314 me,
2282 5254 2338 5304 ct
2369 5254 2674 5321 propterea
2711 5249 2835 5304 veni
2871 5249 2926 5304 in
2957 5249 3105 5305 hanc
3130 5268 3414 5324 eremum,
3449 5271 3572 5310 mc-

1926 5338 2038 5394 lius
2054 5338 2392 5393 existimans
2408 5339 2500 5391 hic
2517 5338 2859 5408 mori,quam
2876 5340 3288 5396 otl‘endiculum
3306 5345 3575 5414 cuiquam

1928 5427 2253 5498 fierijuxta
2275 5427 2533 5498 Apostoli
2560 5444 2752 5482 vocem
2781 5430 2850 5500 (ll
2885 5432 3011 5484 (‘0r.
3045 5431 3143 5501 v1).
3180 5432 3328 5486 Dicit
3353 5433 3434 5487 illi
3461 5435 3571 5488 ite-

1926 5536 2053 5573 rum
2083 5519 2308 5571 senior:
2337 5523 2400 5570 lit
2427 5523 2712 5588 quantum
2751 5520 3033 5590 temporis
3067 5520 3159 5577 bic
3191 5522 3371 5576 habes
3398 5523 3573 5583 9‘0qu

1926 5610 2004 5664 ait
2038 5609 2116 5663 illi
2148 5626 2159 5662 :
2186 5607 2380 5662 Habeo
2414 5609 2599 5679 gratia
2629 5607 2844 5662 Christi
2876 5626 3062 5666 annos
3095 5611 3290 5664 decem
3335 5614 3389 5663 et
3439 5626 3567 5681 sep-

1928 5703 2066 5753 tem.
2095 5698 2347 5752 Rursum
2397 5695 2470 5751 ait
2517 5696 2582 5749 ad
2614 5695 2766 5750 illam
2794 5696 3144 5752 anachoreta
3168 5712 3181 5750 :
3208 5698 3273 5751 Et
3297 5696 3571 5753 undenu-

259 5793 326 5867 (ο)
355 5796 950 5878 Clem.Alexand.,l.v
987 5805 1272 5879 Hypotyp.
1306 5821 1422 5863 non
1454 5809 1659 5865 exstat.
1679 5807 1826 5867 Vide
1858 5805 2097 5879 Niceph.
2118 5804 2157 5864 l.
2183 5821 2242 5874 ll,
2266 5820 2312 5860 c.
2334 5805 2470 5875 3,0x
2491 5803 2732 5873 Evodio;
2763 5802 2971 5858 Barou.
2998 5805 3038 5858 t.
3062 5802 3101 5871 1,
3122 5799 3447 5859 an.Christi
3479 5804 3570 5863 31.
