  <div class='ocr_page' id='page_1' title='image "/cluster/home/n/w/nwhite01/storage/ocr_20150623/74/hvd.32044054758792/114.png"; bbox 0 0 3986 6168; ppageno 0'>
   <div class='ocr_carea' id='block_1_1' title="bbox 224 352 310 408">
    <p class='ocr_par' dir='ltr' id='par_1_1' title="bbox 224 352 310 408">
     <span class='ocr_line' id='line_1_1' title="bbox 224 352 310 408; baseline -0.023 0"><span class='ocrx_word' id='word_1_1' title='bbox 224 352 310 408; x_wconf 78' lang='grc'>217</span> 
     </span>
    </p>
   </div>
   <div class='ocr_carea' id='block_1_2' title="bbox 1477 351 2268 407">
    <p class='ocr_par' dir='ltr' id='par_1_2' title="bbox 1477 351 2268 407">
     <span class='ocr_line' id='line_1_2' title="bbox 1477 351 2268 407; baseline -0.004 0"><span class='ocrx_word' id='word_1_2' title='bbox 1477 353 1778 407; x_wconf 79' lang='lat' dir='ltr'>PRATUM</span> <span class='ocrx_word' id='word_1_3' title='bbox 1815 351 2268 407; x_wconf 73' lang='lat' dir='ltr'>SPIRITUALE.</span> 
     </span>
    </p>
   </div>
   <div class='ocr_carea' id='block_1_3' title="bbox 3471 348 3578 404">
    <p class='ocr_par' dir='ltr' id='par_1_3' title="bbox 3471 348 3578 404">
     <span class='ocr_line' id='line_1_3' title="bbox 3471 348 3578 404; baseline -0.019 0"><span class='ocrx_word' id='word_1_4' title='bbox 3471 348 3578 404; x_wconf 86' lang='grc'>218</span> 
     </span>
    </p>
   </div>
   <div class='ocr_carea' id='block_1_4' title="bbox 278 474 3577 548">
    <p class='ocr_par' dir='ltr' id='par_1_4' title="bbox 278 474 3577 548">
     <span class='ocr_line' id='line_1_4' title="bbox 278 474 3577 548; baseline -0.001 -15"><span class='ocrx_word' id='word_1_5' title='bbox 278 476 1345 548; x_wconf 86' lang='lat' dir='ltr'>Deindepostaliquantulumtemporis</span> <span class='ocrx_word' id='word_1_6' title='bbox 1369 475 1810 533; x_wconf 85' lang='lat' dir='ltr'>calumniacon-</span> <span class='ocrx_word' id='word_1_7' title='bbox 1842 476 1895 542; x_wconf 83' lang='grc' dir='ltr'>Α</span> <span class='ocrx_word' id='word_1_8' title='bbox 1925 475 2108 530; x_wconf 88' lang='lat' dir='ltr'>sortia</span> <span class='ocrx_word' id='word_1_9' title='bbox 2140 475 2343 548; x_wconf 81' lang='lat' dir='ltr'>fugiat.</span> <span class='ocrx_word' id='word_1_10' title='bbox 2378 474 2485 540; x_wconf 88' lang='lat' dir='ltr'>Qui</span> <span class='ocrx_word' id='word_1_11' title='bbox 2518 475 2765 547; x_wconf 80' lang='lat' dir='ltr'>injurias</span> <span class='ocrx_word' id='word_1_12' title='bbox 2798 474 3062 532; x_wconf 83' lang='lat' dir='ltr'>oblivisci</span> <span class='ocrx_word' id='word_1_13' title='bbox 3095 474 3238 543; x_wconf 90' lang='lat' dir='ltr'>vult,</span> <span class='ocrx_word' id='word_1_14' title='bbox 3264 474 3577 531; x_wconf 90' lang='lat' dir='ltr'>maledicta</span> 
     </span>
    </p>
   </div>
   <div class='ocr_carea' id='block_1_5' title="bbox 223 566 1813 638">
    <p class='ocr_par' dir='ltr' id='par_1_5' title="bbox 223 566 1813 638">
     <span class='ocr_line' id='line_1_5' title="bbox 223 566 1813 638; baseline -0.002 -15"><span class='ocrx_word' id='word_1_15' title='bbox 223 571 292 623; x_wconf 80' lang='lat' dir='ltr'>ira</span> <span class='ocrx_word' id='word_1_16' title='bbox 317 583 394 622; x_wconf 88' lang='lat' dir='ltr'>me</span> <span class='ocrx_word' id='word_1_17' title='bbox 421 566 652 622; x_wconf 81' lang='lat' dir='ltr'>conﬂata</span> <span class='ocrx_word' id='word_1_18' title='bbox 682 566 945 637; x_wconf 85' lang='lat' dir='ltr'>estapud</span> <span class='ocrx_word' id='word_1_19' title='bbox 980 566 1417 637; x_wconf 81' lang='lat' dir='ltr'>imperatorem,</span> <span class='ocrx_word' id='word_1_20' title='bbox 1448 567 1600 638; x_wconf 91' lang='lat' dir='ltr'>quod</span> <span class='ocrx_word' id='word_1_21' title='bbox 1651 581 1813 621; x_wconf 90' lang='lat' dir='ltr'>com-</span> 
     </span>
    </p>
   </div>
   <div class='ocr_carea' id='block_1_6' title="bbox 223 654 1814 727">
    <p class='ocr_par' dir='ltr' id='par_1_6' title="bbox 223 654 1814 727">
     <span class='ocr_line' id='line_1_6' title="bbox 223 654 1814 727; baseline -0.001 -17"><span class='ocrx_word' id='word_1_22' title='bbox 223 657 382 711; x_wconf 86' lang='lat' dir='ltr'>mercii</span> <span class='ocrx_word' id='word_1_23' title='bbox 406 661 601 710; x_wconf 88' lang='lat' dir='ltr'>cuncta</span> <span class='ocrx_word' id='word_1_24' title='bbox 620 654 1266 726; x_wconf 86' lang='lat' dir='ltr'>dissipassem.Mittens</span> <span class='ocrx_word' id='word_1_25' title='bbox 1282 661 1478 711; x_wconf 89' lang='lat' dir='ltr'>autem</span> <span class='ocrx_word' id='word_1_26' title='bbox 1498 656 1814 727; x_wconf 83' lang='lat' dir='ltr'>imperator</span> 
     </span>
    </p>
   </div>
   <div class='ocr_carea' id='block_1_7' title="bbox 220 743 1810 814">
    <p class='ocr_par' dir='ltr' id='par_1_7' title="bbox 220 743 1810 814">
     <span class='ocr_line' id='line_1_7' title="bbox 220 743 1810 814; baseline -0.001 -16"><span class='ocrx_word' id='word_1_27' title='bbox 220 743 418 814; x_wconf 73' lang='lat' dir='ltr'>diripuit</span> <span class='ocrx_word' id='word_1_28' title='bbox 437 759 651 798; x_wconf 84' lang='lat' dir='ltr'>omnem</span> <span class='ocrx_word' id='word_1_29' title='bbox 675 743 1066 798; x_wconf 77' lang='lat' dir='ltr'>substantiam</span> <span class='ocrx_word' id='word_1_30' title='bbox 1094 744 1655 814; x_wconf 89' lang='lat' dir='ltr'>meam,nudumque</span> <span class='ocrx_word' id='word_1_31' title='bbox 1682 759 1810 813; x_wconf 79' lang='lat' dir='ltr'>per-</span> 
     </span>
    </p>
   </div>
   <div class='ocr_carea' id='block_1_8' title="bbox 218 831 1808 903">
    <p class='ocr_par' dir='ltr' id='par_1_8' title="bbox 218 831 1808 903">
     <span class='ocr_line' id='line_1_8' title="bbox 218 831 1808 903; baseline -0.001 -16"><span class='ocrx_word' id='word_1_32' title='bbox 218 836 424 887; x_wconf 80' lang='lat' dir='ltr'>tractum</span> <span class='ocrx_word' id='word_1_33' title='bbox 468 831 1018 903; x_wconf 73' lang='lat' dir='ltr'>Constantinopolim</span> <span class='ocrx_word' id='word_1_34' title='bbox 1054 833 1113 887; x_wconf 92' lang='lat' dir='ltr'>in</span> <span class='ocrx_word' id='word_1_35' title='bbox 1147 848 1436 888; x_wconf 89' lang='lat' dir='ltr'>carcerem</span> <span class='ocrx_word' id='word_1_36' title='bbox 1479 833 1659 888; x_wconf 88' lang='lat' dir='ltr'>misit.</span> <span class='ocrx_word' id='word_1_37' title='bbox 1703 831 1808 887; x_wconf 88' lang='lat' dir='ltr'>Ubi</span> 
     </span>
    </p>
   </div>
   <div class='ocr_carea' id='block_1_9' title="bbox 216 921 1809 993">
    <p class='ocr_par' dir='ltr' id='par_1_9' title="bbox 216 921 1809 993">
     <span class='ocr_line' id='line_1_9' title="bbox 216 921 1809 993; baseline -0.002 -16"><span class='ocrx_word' id='word_1_38' title='bbox 216 938 317 977; x_wconf 90' lang='lat' dir='ltr'>cum</span> <span class='ocrx_word' id='word_1_39' title='bbox 332 921 626 993; x_wconf 88' lang='lat' dir='ltr'>plurimum</span> <span class='ocrx_word' id='word_1_40' title='bbox 640 922 923 992; x_wconf 89' lang='lat' dir='ltr'>temporis</span> <span class='ocrx_word' id='word_1_41' title='bbox 934 921 1181 993; x_wconf 90' lang='lat' dir='ltr'>egissem</span> <span class='ocrx_word' id='word_1_42' title='bbox 1199 922 1321 977; x_wconf 92' lang='lat' dir='ltr'>solo</span> <span class='ocrx_word' id='word_1_43' title='bbox 1336 939 1450 978; x_wconf 93' lang='lat' dir='ltr'>uno</span> <span class='ocrx_word' id='word_1_44' title='bbox 1465 924 1809 977; x_wconf 87' lang='lat' dir='ltr'>vestimento</span> 
     </span>
    </p>
   </div>
   <div class='ocr_carea' id='block_1_10' title="bbox 214 1010 1798 1083">
    <p class='ocr_par' dir='ltr' id='par_1_10' title="bbox 214 1010 1798 1083">
     <span class='ocr_line' id='line_1_10' title="bbox 214 1010 1798 1083; baseline 0 -18"><span class='ocrx_word' id='word_1_45' title='bbox 214 1018 381 1081; x_wconf 69' lang='lat' dir='ltr'>preter</span> <span class='ocrx_word' id='word_1_46' title='bbox 416 1010 707 1066; x_wconf 88' lang='lat' dir='ltr'>camisiam</span> <span class='ocrx_word' id='word_1_47' title='bbox 752 1011 1015 1076; x_wconf 88' lang='lat' dir='ltr'>indutus,</span> <span class='ocrx_word' id='word_1_48' title='bbox 1042 1010 1134 1066; x_wconf 91' lang='lat' dir='ltr'>die</span> <span class='ocrx_word' id='word_1_49' title='bbox 1162 1013 1417 1083; x_wconf 89' lang='lat' dir='ltr'>quadam</span> <span class='ocrx_word' id='word_1_50' title='bbox 1443 1012 1616 1067; x_wconf 81' lang='lat' dir='ltr'>audio</span> <span class='ocrx_word' id='word_1_51' title='bbox 1645 1012 1798 1081; x_wconf 91' lang='lat' dir='ltr'>quod</span> 
     </span>
    </p>
   </div>
   <div class='ocr_carea' id='block_1_11' title="bbox 212 1100 1804 1174">
    <p class='ocr_par' dir='ltr' id='par_1_11' title="bbox 212 1100 1804 1174">
     <span class='ocr_line' id='line_1_11' title="bbox 212 1100 1804 1174; baseline -0.001 -17"><span class='ocrx_word' id='word_1_52' title='bbox 212 1102 478 1174; x_wconf 85' lang='lat' dir='ltr'>imperator</span> <span class='ocrx_word' id='word_1_53' title='bbox 498 1117 586 1156; x_wconf 90' lang='lat' dir='ltr'>me</span> <span class='ocrx_word' id='word_1_54' title='bbox 607 1100 778 1156; x_wconf 84' lang='lat' dir='ltr'>vellet</span> <span class='ocrx_word' id='word_1_55' title='bbox 806 1101 1091 1167; x_wconf 89' lang='lat' dir='ltr'>occidere;</span> <span class='ocrx_word' id='word_1_56' title='bbox 1117 1103 1316 1173; x_wconf 82' lang='lat' dir='ltr'>itaque</span> <span class='ocrx_word' id='word_1_57' title='bbox 1341 1103 1415 1157; x_wconf 91' lang='lat' dir='ltr'>de</span> <span class='ocrx_word' id='word_1_58' title='bbox 1442 1103 1557 1157; x_wconf 90' lang='lat' dir='ltr'>vita</span> <span class='ocrx_word' id='word_1_59' title='bbox 1596 1103 1804 1173; x_wconf 89' lang='lat' dir='ltr'>despe-</span> 
     </span>
    </p>
   </div>
   <div class='ocr_carea' id='block_1_12' title="bbox 212 1189 1807 1263">
    <p class='ocr_par' dir='ltr' id='par_1_12' title="bbox 212 1189 1807 1263">
     <span class='ocr_line' id='line_1_12' title="bbox 212 1189 1807 1263; baseline -0.001 -17"><span class='ocrx_word' id='word_1_60' title='bbox 212 1207 316 1246; x_wconf 86' lang='lat' dir='ltr'>rans</span> <span class='ocrx_word' id='word_1_61' title='bbox 341 1190 643 1262; x_wconf 87' lang='lat' dir='ltr'>plorabam.</span> <span class='ocrx_word' id='word_1_62' title='bbox 671 1190 930 1245; x_wconf 84' lang='lat' dir='ltr'>Flentem</span> <span class='ocrx_word' id='word_1_63' title='bbox 977 1195 1173 1245; x_wconf 89' lang='lat' dir='ltr'>autem</span> <span class='ocrx_word' id='word_1_64' title='bbox 1198 1195 1253 1246; x_wconf 90' lang='lat' dir='ltr'>et</span> <span class='ocrx_word' id='word_1_65' title='bbox 1284 1189 1602 1262; x_wconf 86' lang='lat' dir='ltr'>ejulantem</span> <span class='ocrx_word' id='word_1_66' title='bbox 1630 1208 1807 1263; x_wconf 92' lang='lat' dir='ltr'>sopor</span> 
     </span>
    </p>
   </div>
   <div class='ocr_carea' id='block_1_13' title="bbox 211 1279 1800 1351">
    <p class='ocr_par' dir='ltr' id='par_1_13' title="bbox 211 1279 1800 1351">
     <span class='ocr_line' id='line_1_13' title="bbox 211 1279 1800 1351; baseline -0.001 -16"><span class='ocrx_word' id='word_1_67' title='bbox 211 1281 468 1351; x_wconf 82' lang='lat' dir='ltr'>oppressit,</span> <span class='ocrx_word' id='word_1_68' title='bbox 491 1279 733 1351; x_wconf 86' lang='lat' dir='ltr'>vidique</span> <span class='ocrx_word' id='word_1_69' title='bbox 756 1280 814 1334; x_wconf 89' lang='lat' dir='ltr'>in</span> <span class='ocrx_word' id='word_1_70' title='bbox 838 1279 1063 1334; x_wconf 86' lang='lat' dir='ltr'>somnis</span> <span class='ocrx_word' id='word_1_71' title='bbox 1086 1279 1255 1350; x_wconf 88' lang='lat' dir='ltr'>quasi</span> <span class='ocrx_word' id='word_1_72' title='bbox 1282 1279 1588 1334; x_wconf 85' lang='lat' dir='ltr'>mulierem</span> <span class='ocrx_word' id='word_1_73' title='bbox 1618 1279 1800 1345; x_wconf 91' lang='lat' dir='ltr'>illam,</span> 
     </span>
    </p>
   </div>
   <div class='ocr_carea' id='block_1_14' title="bbox 208 1367 1801 1440">
    <p class='ocr_par' dir='ltr' id='par_1_14' title="bbox 208 1367 1801 1440">
     <span class='ocr_line' id='line_1_14' title="bbox 208 1367 1801 1440; baseline 0.001 -19"><span class='ocrx_word' id='word_1_74' title='bbox 208 1386 304 1440; x_wconf 68' lang='lat' dir='ltr'>qua:</span> <span class='ocrx_word' id='word_1_75' title='bbox 323 1368 615 1439; x_wconf 84' lang='lat' dir='ltr'>aliquando</span> <span class='ocrx_word' id='word_1_76' title='bbox 634 1367 823 1422; x_wconf 90' lang='lat' dir='ltr'>virum</span> <span class='ocrx_word' id='word_1_77' title='bbox 850 1367 1135 1423; x_wconf 85' lang='lat' dir='ltr'>habuerat</span> <span class='ocrx_word' id='word_1_78' title='bbox 1158 1368 1217 1422; x_wconf 94' lang='lat' dir='ltr'>in</span> <span class='ocrx_word' id='word_1_79' title='bbox 1241 1384 1492 1432; x_wconf 81' lang='lat' dir='ltr'>carcere,</span> <span class='ocrx_word' id='word_1_80' title='bbox 1511 1367 1801 1423; x_wconf 88' lang='lat' dir='ltr'>dicentem</span> 
     </span>
    </p>
   </div>
   <div class='ocr_carea' id='block_1_15' title="bbox 210 1457 1802 1527">
    <p class='ocr_par' dir='ltr' id='par_1_15' title="bbox 210 1457 1802 1527">
     <span class='ocr_line' id='line_1_15' title="bbox 210 1457 1802 1527; baseline 0.001 -16"><span class='ocrx_word' id='word_1_81' title='bbox 210 1457 337 1512; x_wconf 87' lang='lat' dir='ltr'>mihi:</span> <span class='ocrx_word' id='word_1_82' title='bbox 359 1458 490 1522; x_wconf 87' lang='lat' dir='ltr'>Quid</span> <span class='ocrx_word' id='word_1_83' title='bbox 515 1462 604 1512; x_wconf 88' lang='lat' dir='ltr'>est</span> <span class='ocrx_word' id='word_1_84' title='bbox 633 1458 787 1527; x_wconf 92' lang='lat' dir='ltr'>quod</span> <span class='ocrx_word' id='word_1_85' title='bbox 813 1457 1015 1527; x_wconf 87' lang='lat' dir='ltr'>babes,</span> <span class='ocrx_word' id='word_1_86' title='bbox 1054 1457 1291 1513; x_wconf 89' lang='lat' dir='ltr'>domine</span> <span class='ocrx_word' id='word_1_87' title='bbox 1326 1457 1587 1513; x_wconf 86' lang='lat' dir='ltr'>Moscbe?</span> <span class='ocrx_word' id='word_1_88' title='bbox 1612 1459 1802 1525; x_wconf 85' lang='lat' dir='ltr'>Quare</span> 
     </span>
    </p>
   </div>
   <div class='ocr_carea' id='block_1_16' title="bbox 208 1545 1796 1618">
    <p class='ocr_par' dir='ltr' id='par_1_16' title="bbox 208 1545 1796 1618">
     <span class='ocr_line' id='line_1_16' title="bbox 208 1545 1796 1618; baseline -0.001 -16"><span class='ocrx_word' id='word_1_89' title='bbox 208 1546 277 1602; x_wconf 84' lang='lat' dir='ltr'>hic</span> <span class='ocrx_word' id='word_1_90' title='bbox 302 1546 541 1602; x_wconf 88' lang='lat' dir='ltr'>inclusus</span> <span class='ocrx_word' id='word_1_91' title='bbox 564 1546 662 1601; x_wconf 82' lang='lat' dir='ltr'>es?</span> <span class='ocrx_word' id='word_1_92' title='bbox 680 1551 767 1602; x_wconf 85' lang='lat' dir='ltr'>Me</span> <span class='ocrx_word' id='word_1_93' title='bbox 786 1550 979 1601; x_wconf 87' lang='lat' dir='ltr'>autem</span> <span class='ocrx_word' id='word_1_94' title='bbox 1006 1547 1413 1618; x_wconf 88' lang='lat' dir='ltr'>respondente:</span> <span class='ocrx_word' id='word_1_95' title='bbox 1434 1545 1796 1601; x_wconf 88' lang='lat' dir='ltr'>Calumniam</span> 
     </span>
    </p>
   </div>
   <div class='ocr_carea' id='block_1_17' title="bbox 208 1636 1794 1708">
    <p class='ocr_par' dir='ltr' id='par_1_17' title="bbox 208 1636 1794 1708">
     <span class='ocr_line' id='line_1_17' title="bbox 208 1636 1794 1708; baseline 0.003 -21"><span class='ocrx_word' id='word_1_96' title='bbox 208 1651 465 1706; x_wconf 79' lang='lat' dir='ltr'>perpessus</span> <span class='ocrx_word' id='word_1_97' title='bbox 495 1652 654 1704; x_wconf 90' lang='lat' dir='ltr'>sum,</span> <span class='ocrx_word' id='word_1_98' title='bbox 677 1640 733 1691; x_wconf 90' lang='lat' dir='ltr'>et</span> <span class='ocrx_word' id='word_1_99' title='bbox 756 1640 895 1707; x_wconf 90' lang='lat' dir='ltr'>puto</span> <span class='ocrx_word' id='word_1_100' title='bbox 918 1636 1054 1707; x_wconf 87' lang='lat' dir='ltr'>quia</span> <span class='ocrx_word' id='word_1_101' title='bbox 1072 1636 1297 1691; x_wconf 91' lang='lat' dir='ltr'>occidet</span> <span class='ocrx_word' id='word_1_102' title='bbox 1324 1652 1414 1690; x_wconf 90' lang='lat' dir='ltr'>me</span> <span class='ocrx_word' id='word_1_103' title='bbox 1456 1636 1794 1708; x_wconf 89' lang='lat' dir='ltr'>imperator.</span> 
     </span>
    </p>
   </div>
   <div class='ocr_carea' id='block_1_18' title="bbox 207 1721 1798 1794">
    <p class='ocr_par' dir='ltr' id='par_1_18' title="bbox 207 1721 1798 1794">
     <span class='ocr_line' id='line_1_18' title="bbox 207 1721 1798 1794; baseline 0.001 -20"><span class='ocrx_word' id='word_1_104' title='bbox 207 1722 278 1775; x_wconf 80' lang='lat' dir='ltr'>Ait</span> <span class='ocrx_word' id='word_1_105' title='bbox 306 1721 466 1777; x_wconf 85' lang='lat' dir='ltr'>mihi:</span> <span class='ocrx_word' id='word_1_106' title='bbox 499 1721 599 1776; x_wconf 85' lang='lat' dir='ltr'>Vis</span> <span class='ocrx_word' id='word_1_107' title='bbox 624 1728 689 1777; x_wconf 87' lang='lat' dir='ltr'>ut</span> <span class='ocrx_word' id='word_1_108' title='bbox 737 1722 944 1794; x_wconf 89' lang='lat' dir='ltr'>loquar</span> <span class='ocrx_word' id='word_1_109' title='bbox 966 1739 1068 1793; x_wconf 91' lang='lat' dir='ltr'>pro</span> <span class='ocrx_word' id='word_1_110' title='bbox 1114 1727 1170 1777; x_wconf 92' lang='lat' dir='ltr'>te</span> <span class='ocrx_word' id='word_1_111' title='bbox 1196 1722 1556 1793; x_wconf 87' lang='lat' dir='ltr'>imperatori,</span> <span class='ocrx_word' id='word_1_112' title='bbox 1598 1729 1654 1777; x_wconf 92' lang='lat' dir='ltr'>et</span> <span class='ocrx_word' id='word_1_113' title='bbox 1709 1724 1798 1776; x_wconf 85' lang='lat' dir='ltr'>di-</span> 
     </span>
    </p>
   </div>
   <div class='ocr_carea' id='block_1_19' title="bbox 206 1810 1796 1884">
    <p class='ocr_par' dir='ltr' id='par_1_19' title="bbox 206 1810 1796 1884">
     <span class='ocr_line' id='line_1_19' title="bbox 206 1810 1796 1884; baseline 0.003 -21"><span class='ocrx_word' id='word_1_114' title='bbox 206 1810 353 1865; x_wconf 86' lang='lat' dir='ltr'>mittet</span> <span class='ocrx_word' id='word_1_115' title='bbox 387 1810 459 1865; x_wconf 81' lang='lat' dir='ltr'>te?</span> <span class='ocrx_word' id='word_1_116' title='bbox 483 1811 563 1865; x_wconf 89' lang='lat' dir='ltr'>Ad</span> <span class='ocrx_word' id='word_1_117' title='bbox 590 1827 770 1882; x_wconf 85' lang='lat' dir='ltr'>quam</span> <span class='ocrx_word' id='word_1_118' title='bbox 794 1826 919 1882; x_wconf 85' lang='lat' dir='ltr'>ego:</span> <span class='ocrx_word' id='word_1_119' title='bbox 944 1811 1220 1883; x_wconf 90' lang='lat' dir='ltr'>Nunquid</span> <span class='ocrx_word' id='word_1_120' title='bbox 1269 1811 1367 1867; x_wconf 89' lang='lat' dir='ltr'>ille</span> <span class='ocrx_word' id='word_1_121' title='bbox 1389 1812 1687 1884; x_wconf 85' lang='lat' dir='ltr'>cognoscit</span> <span class='ocrx_word' id='word_1_122' title='bbox 1712 1812 1796 1867; x_wconf 82' lang='lat' dir='ltr'>te?</span> 
     </span>
    </p>
   </div>
   <div class='ocr_carea' id='block_1_20' title="bbox 203 1898 1797 1973">
    <p class='ocr_par' dir='ltr' id='par_1_20' title="bbox 203 1898 1797 1973">
     <span class='ocr_line' id='line_1_20' title="bbox 203 1898 1797 1973; baseline 0.003 -21"><span class='ocrx_word' id='word_1_123' title='bbox 203 1898 291 1953; x_wconf 80' lang='lat' dir='ltr'>Ait:</span> <span class='ocrx_word' id='word_1_124' title='bbox 314 1900 494 1971; x_wconf 86' lang='lat' dir='ltr'>utique</span> <span class='ocrx_word' id='word_1_125' title='bbox 518 1899 1159 1972; x_wconf 81' lang='lat' dir='ltr'>novit.Expergefactus</span> <span class='ocrx_word' id='word_1_126' title='bbox 1182 1905 1378 1956; x_wconf 87' lang='lat' dir='ltr'>autem</span> <span class='ocrx_word' id='word_1_127' title='bbox 1427 1902 1797 1973; x_wconf 88' lang='lat' dir='ltr'>ambigebam</span> 
     </span>
    </p>
   </div>
   <div class='ocr_carea' id='block_1_21' title="bbox 201 1988 1795 2059">
    <p class='ocr_par' dir='ltr' id='par_1_21' title="bbox 201 1988 1795 2059">
     <span class='ocr_line' id='line_1_21' title="bbox 201 1988 1795 2059; baseline 0.003 -17"><span class='ocrx_word' id='word_1_128' title='bbox 201 1988 305 2059; x_wconf 88' lang='lat' dir='ltr'>quid</span> <span class='ocrx_word' id='word_1_129' title='bbox 328 1989 422 2042; x_wconf 85' lang='lat' dir='ltr'>hoc</span> <span class='ocrx_word' id='word_1_130' title='bbox 446 1992 618 2043; x_wconf 82' lang='lat' dir='ltr'>esset.</span> <span class='ocrx_word' id='word_1_131' title='bbox 645 1989 839 2044; x_wconf 81' lang='lat' dir='ltr'>Astitit</span> <span class='ocrx_word' id='word_1_132' title='bbox 860 1995 1056 2045; x_wconf 90' lang='lat' dir='ltr'>autem</span> <span class='ocrx_word' id='word_1_133' title='bbox 1091 1989 1235 2044; x_wconf 87' lang='lat' dir='ltr'>mihi</span> <span class='ocrx_word' id='word_1_134' title='bbox 1259 1992 1516 2045; x_wconf 89' lang='lat' dir='ltr'>secundo</span> <span class='ocrx_word' id='word_1_135' title='bbox 1549 1997 1606 2046; x_wconf 90' lang='lat' dir='ltr'>et</span> <span class='ocrx_word' id='word_1_136' title='bbox 1629 1992 1795 2047; x_wconf 90' lang='lat' dir='ltr'>tertio</span> 
     </span>
    </p>
   </div>
   <div class='ocr_carea' id='block_1_22' title="bbox 199 2078 1797 2153">
    <p class='ocr_par' dir='ltr' id='par_1_22' title="bbox 199 2078 1797 2153">
     <span class='ocr_line' id='line_1_22' title="bbox 199 2078 1797 2153; baseline 0.003 -22"><span class='ocrx_word' id='word_1_137' title='bbox 199 2078 354 2133; x_wconf 87' lang='lat' dir='ltr'>eadem</span> <span class='ocrx_word' id='word_1_138' title='bbox 406 2082 693 2149; x_wconf 88' lang='lat' dir='ltr'>repetens,</span> <span class='ocrx_word' id='word_1_139' title='bbox 754 2086 806 2134; x_wconf 92' lang='lat' dir='ltr'>et</span> <span class='ocrx_word' id='word_1_140' title='bbox 859 2079 1097 2135; x_wconf 88' lang='lat' dir='ltr'>dicens:</span> <span class='ocrx_word' id='word_1_141' title='bbox 1138 2079 1263 2135; x_wconf 90' lang='lat' dir='ltr'>Noli</span> <span class='ocrx_word' id='word_1_142' title='bbox 1325 2080 1550 2151; x_wconf 89' lang='lat' dir='ltr'>timere,</span> <span class='ocrx_word' id='word_1_143' title='bbox 1604 2097 1709 2153; x_wconf 82' lang='lat' dir='ltr'>ego</span> <span class='ocrx_word' id='word_1_144' title='bbox 1742 2087 1797 2136; x_wconf 91' lang='lat' dir='ltr'>te</span> 
     </span>
    </p>
   </div>
   <div class='ocr_carea' id='block_1_23' title="bbox 202 2170 635 2225">
    <p class='ocr_par' dir='ltr' id='par_1_23' title="bbox 202 2170 635 2225">
     <span class='ocr_line' id='line_1_23' title="bbox 202 2170 635 2225; baseline -0.002 -1"><span class='ocrx_word' id='word_1_145' title='bbox 202 2170 447 2225; x_wconf 80' lang='lat' dir='ltr'>absolvam</span> <span class='ocrx_word' id='word_1_146' title='bbox 482 2186 635 2225; x_wconf 89' lang='lat' dir='ltr'>cras.</span> 
     </span>
    </p>
   </div>
   <div class='ocr_carea' id='block_1_24' title="bbox 248 2258 1795 2331">
    <p class='ocr_par' dir='ltr' id='par_1_24' title="bbox 248 2258 1795 2331">
     <span class='ocr_line' id='line_1_24' title="bbox 248 2258 1795 2331; baseline 0.002 -18"><span class='ocrx_word' id='word_1_147' title='bbox 248 2258 480 2313; x_wconf 86' lang='lat' dir='ltr'>Diluculo</span> <span class='ocrx_word' id='word_1_148' title='bbox 511 2264 738 2327; x_wconf 88' lang='lat' dir='ltr'>autem,</span> <span class='ocrx_word' id='word_1_149' title='bbox 775 2260 1404 2331; x_wconf 88' lang='lat' dir='ltr'>imperatorejubente,</span> <span class='ocrx_word' id='word_1_150' title='bbox 1428 2262 1795 2317; x_wconf 86' lang='lat' dir='ltr'>adduxerunt</span> 
     </span>
    </p>
   </div>
   <div class='ocr_carea' id='block_1_25' title="bbox 198 2346 1796 2421">
    <p class='ocr_par' dir='ltr' id='par_1_25' title="bbox 198 2346 1796 2421">
     <span class='ocr_line' id='line_1_25' title="bbox 198 2346 1796 2421; baseline 0.003 -21"><span class='ocrx_word' id='word_1_151' title='bbox 198 2363 264 2401; x_wconf 85' lang='lat' dir='ltr'>me</span> <span class='ocrx_word' id='word_1_152' title='bbox 287 2348 335 2401; x_wconf 91' lang='lat' dir='ltr'>in</span> <span class='ocrx_word' id='word_1_153' title='bbox 367 2346 664 2419; x_wconf 87' lang='lat' dir='ltr'>palatium.</span> <span class='ocrx_word' id='word_1_154' title='bbox 715 2350 982 2420; x_wconf 84' lang='lat' dir='ltr'>Cumque</span> <span class='ocrx_word' id='word_1_155' title='bbox 1011 2349 1317 2421; x_wconf 87' lang='lat' dir='ltr'>ingressus</span> <span class='ocrx_word' id='word_1_156' title='bbox 1355 2366 1567 2420; x_wconf 88' lang='lat' dir='ltr'>essem,</span> <span class='ocrx_word' id='word_1_157' title='bbox 1604 2351 1700 2405; x_wconf 90' lang='lat' dir='ltr'>ille</span> <span class='ocrx_word' id='word_1_158' title='bbox 1734 2355 1796 2405; x_wconf 89' lang='lat' dir='ltr'>ut</span> 
     </span>
    </p>
   </div>
   <div class='ocr_carea' id='block_1_26' title="bbox 195 2436 1797 2507">
    <p class='ocr_par' dir='ltr' id='par_1_26' title="bbox 195 2436 1797 2507">
     <span class='ocr_line' id='line_1_26' title="bbox 195 2436 1797 2507; baseline 0.003 -19"><span class='ocrx_word' id='word_1_159' title='bbox 195 2436 373 2504; x_wconf 80' lang='lat' dir='ltr'>aspexit</span> <span class='ocrx_word' id='word_1_160' title='bbox 401 2452 486 2490; x_wconf 91' lang='lat' dir='ltr'>me</span> <span class='ocrx_word' id='word_1_161' title='bbox 520 2437 682 2507; x_wconf 89' lang='lat' dir='ltr'>putri</span> <span class='ocrx_word' id='word_1_162' title='bbox 714 2442 771 2491; x_wconf 89' lang='lat' dir='ltr'>et</span> <span class='ocrx_word' id='word_1_163' title='bbox 815 2437 1001 2493; x_wconf 88' lang='lat' dir='ltr'>scissa</span> <span class='ocrx_word' id='word_1_164' title='bbox 1049 2438 1324 2493; x_wconf 90' lang='lat' dir='ltr'>indutum</span> <span class='ocrx_word' id='word_1_165' title='bbox 1375 2439 1590 2503; x_wconf 90' lang='lat' dir='ltr'>tunica,</span> <span class='ocrx_word' id='word_1_166' title='bbox 1652 2438 1797 2494; x_wconf 86' lang='lat' dir='ltr'>dixit</span> 
     </span>
    </p>
   </div>
   <div class='ocr_carea' id='block_1_27' title="bbox 196 2524 1796 2595">
    <p class='ocr_par' dir='ltr' id='par_1_27' title="bbox 196 2524 1796 2595">
     <span class='ocr_line' id='line_1_27' title="bbox 196 2524 1796 2595; baseline 0.003 -18"><span class='ocrx_word' id='word_1_167' title='bbox 196 2524 326 2577; x_wconf 88' lang='lat' dir='ltr'>mihi:</span> <span class='ocrx_word' id='word_1_168' title='bbox 356 2529 485 2580; x_wconf 79' lang='lat' dir='ltr'>Ecce</span> <span class='ocrx_word' id='word_1_169' title='bbox 518 2542 677 2580; x_wconf 91' lang='lat' dir='ltr'>nunc</span> <span class='ocrx_word' id='word_1_170' title='bbox 701 2526 785 2580; x_wconf 93' lang='lat' dir='ltr'>tui</span> <span class='ocrx_word' id='word_1_171' title='bbox 823 2526 1101 2582; x_wconf 84' lang='lat' dir='ltr'>misertus</span> <span class='ocrx_word' id='word_1_172' title='bbox 1133 2544 1287 2595; x_wconf 92' lang='lat' dir='ltr'>sum;</span> <span class='ocrx_word' id='word_1_173' title='bbox 1324 2528 1487 2595; x_wconf 90' lang='lat' dir='ltr'>vade,</span> <span class='ocrx_word' id='word_1_174' title='bbox 1516 2533 1575 2583; x_wconf 90' lang='lat' dir='ltr'>et</span> <span class='ocrx_word' id='word_1_175' title='bbox 1604 2544 1796 2584; x_wconf 90' lang='lat' dir='ltr'>emen-</span> 
     </span>
    </p>
   </div>
   <div class='ocr_carea' id='block_1_28' title="bbox 193 2613 1791 2687">
    <p class='ocr_par' dir='ltr' id='par_1_28' title="bbox 193 2613 1791 2687">
     <span class='ocr_line' id='line_1_28' title="bbox 193 2613 1791 2687; baseline 0.005 -22"><span class='ocrx_word' id='word_1_176' title='bbox 193 2613 300 2667; x_wconf 87' lang='lat' dir='ltr'>dare</span> <span class='ocrx_word' id='word_1_177' title='bbox 318 2614 378 2669; x_wconf 88' lang='lat' dir='ltr'>de</span> <span class='ocrx_word' id='word_1_178' title='bbox 406 2614 651 2687; x_wconf 88' lang='lat' dir='ltr'>reliquo.</span> <span class='ocrx_word' id='word_1_179' title='bbox 679 2615 1038 2686; x_wconf 85' lang='lat' dir='ltr'>Aspiciebam</span> <span class='ocrx_word' id='word_1_180' title='bbox 1074 2621 1268 2672; x_wconf 91' lang='lat' dir='ltr'>autem</span> <span class='ocrx_word' id='word_1_181' title='bbox 1304 2617 1609 2673; x_wconf 89' lang='lat' dir='ltr'>mulierem</span> <span class='ocrx_word' id='word_1_182' title='bbox 1632 2618 1791 2674; x_wconf 90' lang='lat' dir='ltr'>illam</span> 
     </span>
    </p>
   </div>
   <div class='ocr_carea' id='block_1_29' title="bbox 192 2703 1794 2780">
    <p class='ocr_par' dir='ltr' id='par_1_29' title="bbox 192 2703 1794 2780">
     <span class='ocr_line' id='line_1_29' title="bbox 192 2703 1794 2780; baseline 0.004 -23"><span class='ocrx_word' id='word_1_183' title='bbox 192 2703 243 2757; x_wconf 79' lang='lat' dir='ltr'>ad</span> <span class='ocrx_word' id='word_1_184' title='bbox 267 2704 535 2759; x_wconf 82' lang='lat' dir='ltr'>dexteram</span> <span class='ocrx_word' id='word_1_185' title='bbox 582 2705 961 2776; x_wconf 87' lang='lat' dir='ltr'>imperatoris</span> <span class='ocrx_word' id='word_1_186' title='bbox 1017 2711 1326 2780; x_wconf 84' lang='lat' dir='ltr'>astantem,</span> <span class='ocrx_word' id='word_1_187' title='bbox 1389 2714 1446 2764; x_wconf 90' lang='lat' dir='ltr'>et</span> <span class='ocrx_word' id='word_1_188' title='bbox 1502 2708 1794 2764; x_wconf 90' lang='lat' dir='ltr'>dicentem</span> 
     </span>
    </p>
   </div>
   <div class='ocr_carea' id='block_1_30' title="bbox 193 2791 1793 2867">
    <p class='ocr_par' dir='ltr' id='par_1_30' title="bbox 193 2791 1793 2867">
     <span class='ocr_line' id='line_1_30' title="bbox 193 2791 1793 2867; baseline 0.004 -23"><span class='ocrx_word' id='word_1_189' title='bbox 193 2791 323 2845; x_wconf 89' lang='lat' dir='ltr'>mibi:</span> <span class='ocrx_word' id='word_1_190' title='bbox 353 2794 601 2860; x_wconf 82' lang='lat' dir='ltr'>Confide,</span> <span class='ocrx_word' id='word_1_191' title='bbox 637 2802 693 2849; x_wconf 91' lang='lat' dir='ltr'>et</span> <span class='ocrx_word' id='word_1_192' title='bbox 725 2794 843 2849; x_wconf 90' lang='lat' dir='ltr'>noli</span> <span class='ocrx_word' id='word_1_193' title='bbox 871 2796 1098 2853; x_wconf 91' lang='lat' dir='ltr'>timere.</span> <span class='ocrx_word' id='word_1_194' title='bbox 1140 2796 1448 2867; x_wconf 88' lang='lat' dir='ltr'>Jussitque</span> <span class='ocrx_word' id='word_1_195' title='bbox 1500 2814 1597 2852; x_wconf 85' lang='lat' dir='ltr'>rex</span> <span class='ocrx_word' id='word_1_196' title='bbox 1648 2798 1793 2851; x_wconf 92' lang='lat' dir='ltr'>mibi</span> 
     </span>
    </p>
   </div>
   <div class='ocr_carea' id='block_1_31' title="bbox 191 2879 1792 2957">
    <p class='ocr_par' dir='ltr' id='par_1_31' title="bbox 191 2879 1792 2957">
     <span class='ocr_line' id='line_1_31' title="bbox 191 2879 1792 2957; baseline 0.005 -24"><span class='ocrx_word' id='word_1_197' title='bbox 191 2879 416 2936; x_wconf 84' lang='lat' dir='ltr'>universa</span> <span class='ocrx_word' id='word_1_198' title='bbox 444 2883 699 2949; x_wconf 87' lang='lat' dir='ltr'>restitui,</span> <span class='ocrx_word' id='word_1_199' title='bbox 733 2884 1076 2956; x_wconf 80' lang='lat' dir='ltr'>addensque</span> <span class='ocrx_word' id='word_1_200' title='bbox 1127 2884 1274 2940; x_wconf 90' lang='lat' dir='ltr'>mibi</span> <span class='ocrx_word' id='word_1_201' title='bbox 1331 2886 1484 2941; x_wconf 90' lang='lat' dir='ltr'>bona</span> <span class='ocrx_word' id='word_1_202' title='bbox 1515 2885 1792 2957; x_wconf 89' lang='lat' dir='ltr'>plurima,</span> 
     </span>
    </p>
   </div>
   <div class='ocr_carea' id='block_1_32' title="bbox 190 2970 1792 3047">
    <p class='ocr_par' dir='ltr' id='par_1_32' title="bbox 190 2970 1792 3047">
     <span class='ocr_line' id='line_1_32' title="bbox 190 2970 1792 3047; baseline 0.005 -24"><span class='ocrx_word' id='word_1_203' title='bbox 190 2970 401 3025; x_wconf 84' lang='lat' dir='ltr'>restituit</span> <span class='ocrx_word' id='word_1_204' title='bbox 429 2989 516 3028; x_wconf 91' lang='lat' dir='ltr'>me</span> <span class='ocrx_word' id='word_1_205' title='bbox 537 2973 600 3027; x_wconf 89' lang='lat' dir='ltr'>in</span> <span class='ocrx_word' id='word_1_206' title='bbox 630 2973 882 3042; x_wconf 87' lang='lat' dir='ltr'>priorem</span> <span class='ocrx_word' id='word_1_207' title='bbox 906 2974 1379 3041; x_wconf 89' lang='lat' dir='ltr'>statum,faciens</span> <span class='ocrx_word' id='word_1_208' title='bbox 1402 2993 1494 3031; x_wconf 89' lang='lat' dir='ltr'>me</span> <span class='ocrx_word' id='word_1_209' title='bbox 1517 2980 1792 3047; x_wconf 62' lang='lat' dir='ltr'>praterea</span> 
     </span>
    </p>
   </div>
   <div class='ocr_carea' id='block_1_33' title="bbox 188 3057 686 3117">
    <p class='ocr_par' dir='ltr' id='par_1_33' title="bbox 188 3057 686 3117">
     <span class='ocr_line' id='line_1_33' title="bbox 188 3057 686 3117; baseline 0.012 -5"><span class='ocrx_word' id='word_1_210' title='bbox 188 3057 339 3114; x_wconf 88' lang='lat' dir='ltr'>locum</span> <span class='ocrx_word' id='word_1_211' title='bbox 371 3066 686 3117; x_wconf 90' lang='lat' dir='ltr'>tenentem.</span> 
     </span>
    </p>
   </div>
   <div class='ocr_carea' id='block_1_34' title="bbox 241 3152 1786 3225">
    <p class='ocr_par' dir='ltr' id='par_1_34' title="bbox 241 3152 1786 3225">
     <span class='ocr_line' id='line_1_34' title="bbox 241 3152 1786 3225; baseline 0.005 -21"><span class='ocrx_word' id='word_1_212' title='bbox 241 3152 349 3221; x_wconf 86' lang='lat' dir='ltr'>Ipsa</span> <span class='ocrx_word' id='word_1_213' title='bbox 371 3152 541 3222; x_wconf 86' lang='lat' dir='ltr'>igitur</span> <span class='ocrx_word' id='word_1_214' title='bbox 562 3157 733 3208; x_wconf 90' lang='lat' dir='ltr'>nocte</span> <span class='ocrx_word' id='word_1_215' title='bbox 750 3152 1023 3225; x_wconf 88' lang='lat' dir='ltr'>apparuit</span> <span class='ocrx_word' id='word_1_216' title='bbox 1047 3154 1186 3209; x_wconf 92' lang='lat' dir='ltr'>mibi</span> <span class='ocrx_word' id='word_1_217' title='bbox 1212 3172 1417 3211; x_wconf 86' lang='lat' dir='ltr'>rursus</span> <span class='ocrx_word' id='word_1_218' title='bbox 1439 3156 1642 3211; x_wconf 88' lang='lat' dir='ltr'>eadem</span> <span class='ocrx_word' id='word_1_219' title='bbox 1664 3173 1786 3211; x_wconf 89' lang='lat' dir='ltr'>mu-</span> 
     </span>
    </p>
   </div>
   <div class='ocr_carea' id='block_1_35' title="bbox 189 3220 1862 3314">
    <p class='ocr_par' dir='ltr' id='par_1_35' title="bbox 189 3220 1862 3314">
     <span class='ocr_line' id='line_1_35' title="bbox 189 3220 1862 3314; baseline 0.007 -25"><span class='ocrx_word' id='word_1_220' title='bbox 189 3220 285 3305; x_wconf 84' lang='lat' dir='ltr'>lier,</span> <span class='ocrx_word' id='word_1_221' title='bbox 308 3245 357 3294; x_wconf 90' lang='lat' dir='ltr'>et</span> <span class='ocrx_word' id='word_1_222' title='bbox 375 3220 451 3295; x_wconf 79' lang='lat' dir='ltr'>ait</span> <span class='ocrx_word' id='word_1_223' title='bbox 473 3242 642 3297; x_wconf 90' lang='lat' dir='ltr'>mibi:</span> <span class='ocrx_word' id='word_1_224' title='bbox 677 3220 988 3314; x_wconf 45' lang='lat' dir='ltr'>Scis,-quae</span> <span class='ocrx_word' id='word_1_225' title='bbox 1022 3243 1131 3298; x_wconf 86' lang='lat' dir='ltr'>sim</span> <span class='ocrx_word' id='word_1_226' title='bbox 1167 3243 1301 3313; x_wconf 83' lang='lat' dir='ltr'>ego?</span> <span class='ocrx_word' id='word_1_227' title='bbox 1341 3244 1440 3299; x_wconf 89' lang='lat' dir='ltr'>illa</span> <span class='ocrx_word' id='word_1_228' title='bbox 1478 3261 1609 3300; x_wconf 91' lang='lat' dir='ltr'>sum</span> <span class='ocrx_word' id='word_1_229' title='bbox 1651 3262 1784 3301; x_wconf 91' lang='lat' dir='ltr'>cum</span> <span class='ocrx_word' id='word_1_230' title='bbox 1819 3220 1862 3286; x_wconf 60' lang='grc' dir='ltr'>(ἶ</span> 
     </span>
    </p>
   </div>
   <div class='ocr_carea' id='block_1_36' title="bbox 188 3329 1785 3402">
    <p class='ocr_par' dir='ltr' id='par_1_36' title="bbox 188 3329 1785 3402">
     <span class='ocr_line' id='line_1_36' title="bbox 188 3329 1785 3402; baseline 0.006 -23"><span class='ocrx_word' id='word_1_231' title='bbox 188 3342 276 3394; x_wconf 87' lang='lat' dir='ltr'>qua</span> <span class='ocrx_word' id='word_1_232' title='bbox 292 3329 459 3383; x_wconf 85' lang='lat' dir='ltr'>fecisti</span> <span class='ocrx_word' id='word_1_233' title='bbox 482 3330 972 3400; x_wconf 90' lang='lat' dir='ltr'>misericordiam,</span> <span class='ocrx_word' id='word_1_234' title='bbox 1001 3335 1057 3386; x_wconf 89' lang='lat' dir='ltr'>et</span> <span class='ocrx_word' id='word_1_235' title='bbox 1079 3338 1314 3402; x_wconf 87' lang='lat' dir='ltr'>propter</span> <span class='ocrx_word' id='word_1_236' title='bbox 1336 3333 1521 3389; x_wconf 90' lang='lat' dir='ltr'>Deum</span> <span class='ocrx_word' id='word_1_237' title='bbox 1556 3351 1668 3389; x_wconf 90' lang='lat' dir='ltr'>non</span> <span class='ocrx_word' id='word_1_238' title='bbox 1701 3339 1785 3389; x_wconf 85' lang='lat' dir='ltr'>te-</span> 
     </span>
    </p>
   </div>
   <div class='ocr_carea' id='block_1_37' title="bbox 189 3416 1789 3495">
    <p class='ocr_par' dir='ltr' id='par_1_37' title="bbox 189 3416 1789 3495">
     <span class='ocr_line' id='line_1_37' title="bbox 189 3416 1789 3495; baseline 0.007 -28"><span class='ocrx_word' id='word_1_239' title='bbox 189 3416 329 3485; x_wconf 74' lang='lat' dir='ltr'>tigisti</span> <span class='ocrx_word' id='word_1_240' title='bbox 353 3435 557 3490; x_wconf 89' lang='lat' dir='ltr'>corpus</span> <span class='ocrx_word' id='word_1_241' title='bbox 594 3435 809 3473; x_wconf 91' lang='lat' dir='ltr'>meum.</span> <span class='ocrx_word' id='word_1_242' title='bbox 841 3421 983 3476; x_wconf 89' lang='lat' dir='ltr'>Ecce</span> <span class='ocrx_word' id='word_1_243' title='bbox 1014 3426 1072 3475; x_wconf 90' lang='lat' dir='ltr'>et</span> <span class='ocrx_word' id='word_1_244' title='bbox 1099 3437 1205 3493; x_wconf 88' lang='lat' dir='ltr'>ego</span> <span class='ocrx_word' id='word_1_245' title='bbox 1236 3421 1475 3478; x_wconf 86' lang='lat' dir='ltr'>liberavi</span> <span class='ocrx_word' id='word_1_246' title='bbox 1497 3428 1601 3478; x_wconf 90' lang='lat' dir='ltr'>tea</span> <span class='ocrx_word' id='word_1_247' title='bbox 1635 3425 1789 3495; x_wconf 90' lang='lat' dir='ltr'>peri-</span> 
     </span>
    </p>
   </div>
   <div class='ocr_carea' id='block_1_38' title="bbox 188 3505 1783 3583">
    <p class='ocr_par' dir='ltr' id='par_1_38' title="bbox 188 3505 1783 3583">
     <span class='ocr_line' id='line_1_38' title="bbox 188 3505 1783 3583; baseline 0.006 -26"><span class='ocrx_word' id='word_1_248' title='bbox 188 3505 305 3559; x_wconf 87' lang='lat' dir='ltr'>culo.</span> <span class='ocrx_word' id='word_1_249' title='bbox 336 3508 497 3564; x_wconf 80' lang='lat' dir='ltr'>Vides</span> <span class='ocrx_word' id='word_1_250' title='bbox 530 3509 907 3564; x_wconf 89' lang='lat' dir='ltr'>clementiam</span> <span class='ocrx_word' id='word_1_251' title='bbox 943 3510 1064 3577; x_wconf 89' lang='lat' dir='ltr'>Dei,</span> <span class='ocrx_word' id='word_1_252' title='bbox 1099 3513 1391 3581; x_wconf 92' lang='lat' dir='ltr'>quomodo</span> <span class='ocrx_word' id='word_1_253' title='bbox 1425 3529 1524 3583; x_wconf 91' lang='lat' dir='ltr'>per</span> <span class='ocrx_word' id='word_1_254' title='bbox 1548 3529 1659 3579; x_wconf 90' lang='lat' dir='ltr'>me,</span> <span class='ocrx_word' id='word_1_255' title='bbox 1692 3514 1783 3569; x_wconf 92' lang='lat' dir='ltr'>cui</span> 
     </span>
    </p>
   </div>
   <div class='ocr_carea' id='block_1_39' title="bbox 183 3591 1785 3670">
    <p class='ocr_par' dir='ltr' id='par_1_39' title="bbox 183 3591 1785 3670">
     <span class='ocr_line' id='line_1_39' title="bbox 183 3591 1785 3670; baseline 0.008 -27"><span class='ocrx_word' id='word_1_256' title='bbox 183 3591 332 3649; x_wconf 81' lang='lat' dir='ltr'>fecisti</span> <span class='ocrx_word' id='word_1_257' title='bbox 354 3598 488 3653; x_wconf 75' lang='grc'>921</span> <span class='ocrx_word' id='word_1_258' title='bbox 524 3600 1017 3665; x_wconf 89' lang='lat' dir='ltr'>misericordiam,</span> <span class='ocrx_word' id='word_1_259' title='bbox 1040 3601 1427 3670; x_wconf 87' lang='lat' dir='ltr'>apparuittibi</span> <span class='ocrx_word' id='word_1_260' title='bbox 1456 3602 1785 3656; x_wconf 89' lang='lat' dir='ltr'>misericors</span> 
     </span>
    </p>
   </div>
   <div class='ocr_carea' id='block_1_40' title="bbox 187 3688 1783 3763">
    <p class='ocr_par' dir='ltr' id='par_1_40' title="bbox 187 3688 1783 3763">
     <span class='ocr_line' id='line_1_40' title="bbox 187 3688 1783 3763; baseline 0.004 -25"><span class='ocrx_word' id='word_1_261' title='bbox 187 3688 315 3751; x_wconf 82' lang='lat' dir='ltr'>quasi</span> <span class='ocrx_word' id='word_1_262' title='bbox 346 3688 558 3743; x_wconf 83' lang='lat' dir='ltr'>dicens:</span> <span class='ocrx_word' id='word_1_263' title='bbox 598 3689 714 3744; x_wconf 90' lang='lat' dir='ltr'>lIoc</span> <span class='ocrx_word' id='word_1_264' title='bbox 747 3694 983 3760; x_wconf 88' lang='lat' dir='ltr'>propter</span> <span class='ocrx_word' id='word_1_265' title='bbox 1003 3706 1095 3744; x_wconf 91' lang='lat' dir='ltr'>me</span> <span class='ocrx_word' id='word_1_266' title='bbox 1120 3690 1327 3760; x_wconf 80' lang='lat' dir='ltr'>fecisti,</span> <span class='ocrx_word' id='word_1_267' title='bbox 1351 3696 1406 3745; x_wconf 90' lang='lat' dir='ltr'>et</span> <span class='ocrx_word' id='word_1_268' title='bbox 1426 3708 1532 3763; x_wconf 88' lang='lat' dir='ltr'>ego</span> <span class='ocrx_word' id='word_1_269' title='bbox 1558 3693 1783 3762; x_wconf 84' lang='lat' dir='ltr'>magni-</span> 
     </span>
    </p>
   </div>
   <div class='ocr_carea' id='block_1_41' title="bbox 190 3770 1348 3850">
    <p class='ocr_par' dir='ltr' id='par_1_41' title="bbox 190 3770 1348 3850">
     <span class='ocr_line' id='line_1_41' title="bbox 190 3770 1348 3850; baseline 0.01 -27"><span class='ocrx_word' id='word_1_270' title='bbox 190 3770 314 3827; x_wconf 79' lang='lat' dir='ltr'>ficavi</span> <span class='ocrx_word' id='word_1_271' title='bbox 345 3778 804 3833; x_wconf 88' lang='lat' dir='ltr'>misericordiam</span> <span class='ocrx_word' id='word_1_272' title='bbox 839 3794 1031 3834; x_wconf 89' lang='lat' dir='ltr'>meam</span> <span class='ocrx_word' id='word_1_273' title='bbox 1066 3796 1243 3850; x_wconf 90' lang='lat' dir='ltr'>super</span> <span class='ocrx_word' id='word_1_274' title='bbox 1274 3787 1348 3835; x_wconf 91' lang='lat' dir='ltr'>te.</span> 
     </span>
    </p>
   </div>
   <div class='ocr_carea' id='block_1_42' title="bbox 632 3892 1281 3950">
    <p class='ocr_par' dir='ltr' id='par_1_42' title="bbox 632 3892 1281 3950">
     <span class='ocr_line' id='line_1_42' title="bbox 632 3892 1281 3950; baseline 0.003 -3"><span class='ocrx_word' id='word_1_275' title='bbox 632 3892 870 3949; x_wconf 88' lang='lat' dir='ltr'>CAPUT</span> <span class='ocrx_word' id='word_1_276' title='bbox 910 3894 1281 3950; x_wconf 85' lang='lat' dir='ltr'><strong>CLXXXVII.</strong></span> 
     </span>
    </p>
   </div>
   <div class='ocr_carea' id='block_1_43' title="bbox 232 3982 1711 4058">
    <p class='ocr_par' dir='ltr' id='par_1_43' title="bbox 232 3982 1711 4058">
     <span class='ocr_line' id='line_1_43' title="bbox 232 3982 1711 4058; baseline 0.008 -28"><span class='ocrx_word' id='word_1_277' title='bbox 232 3982 463 4036; x_wconf 75' lang='lat' dir='ltr'>Doctrina</span> <span class='ocrx_word' id='word_1_278' title='bbox 486 3984 709 4037; x_wconf 74' lang='lat' dir='ltr'>abbati:</span> <span class='ocrx_word' id='word_1_279' title='bbox 739 3983 1209 4058; x_wconf 24' lang='lat' dir='ltr'>Joannisﬂc&#39;ysici</span> <span class='ocrx_word' id='word_1_280' title='bbox 1233 4001 1333 4056; x_wconf 88' lang='lat' dir='ltr'>pro</span> <span class='ocrx_word' id='word_1_281' title='bbox 1360 3987 1711 4058; x_wconf 72' lang='lat' dir='ltr'>acquirendi:</span> 
     </span>
    </p>
   </div>
   <div class='ocr_carea' id='block_1_44' title="bbox 802 4056 1119 4110">
    <p class='ocr_par' dir='ltr' id='par_1_44' title="bbox 802 4056 1119 4110">
     <span class='ocr_line' id='line_1_44' title="bbox 802 4056 1119 4110; baseline 0 -1"><span class='ocrx_word' id='word_1_282' title='bbox 802 4056 1119 4110; x_wconf 70' lang='lat' dir='ltr'>virtutibus.</span> 
     </span>
    </p>
   </div>
   <div class='ocr_carea' id='block_1_45' title="bbox 209 4150 1782 4218">
    <p class='ocr_par' dir='ltr' id='par_1_45' title="bbox 209 4150 1782 4218">
     <span class='ocr_line' id='line_1_45' title="bbox 209 4150 1782 4218; baseline 0.012 -19"><span class='ocrx_word' id='word_1_283' title='bbox 209 4150 322 4204; x_wconf 89' lang='lat' dir='ltr'>Cum</span> <span class='ocrx_word' id='word_1_284' title='bbox 337 4167 365 4206; x_wconf 90' lang='lat' dir='ltr'>a</span> <span class='ocrx_word' id='word_1_285' title='bbox 378 4154 970 4209; x_wconf 85' lang='lat' dir='ltr'>sanctaGethsemane</span> <span class='ocrx_word' id='word_1_286' title='bbox 984 4156 1434 4213; x_wconf 87' lang='lat' dir='ltr'>ascenderemus</span> <span class='ocrx_word' id='word_1_287' title='bbox 1450 4158 1504 4212; x_wconf 88' lang='lat' dir='ltr'>in</span> <span class='ocrx_word' id='word_1_288' title='bbox 1519 4164 1782 4218; x_wconf 89' lang='lat' dir='ltr'>sanctum</span> 
     </span>
    </p>
   </div>
   <div class='ocr_carea' id='block_1_46' title="bbox 180 4242 1778 4309">
    <p class='ocr_par' dir='ltr' id='par_1_46' title="bbox 180 4242 1778 4309">
     <span class='ocr_line' id='line_1_46' title="bbox 180 4242 1778 4309; baseline 0.009 -19"><span class='ocrx_word' id='word_1_289' title='bbox 180 4244 387 4297; x_wconf 84' lang='lat' dir='ltr'>montem</span> <span class='ocrx_word' id='word_1_290' title='bbox 419 4242 653 4309; x_wconf 89' lang='lat' dir='ltr'>Oliveti,</span> <span class='ocrx_word' id='word_1_291' title='bbox 688 4244 1106 4299; x_wconf 89' lang='lat' dir='ltr'>monasterium</span> <span class='ocrx_word' id='word_1_292' title='bbox 1140 4246 1492 4302; x_wconf 74' lang='lat' dir='ltr'>offendimus</span> <span class='ocrx_word' id='word_1_293' title='bbox 1549 4249 1778 4305; x_wconf 89' lang='lat' dir='ltr'>abbatis</span> 
     </span>
    </p>
   </div>
   <div class='ocr_carea' id='block_1_47' title="bbox 173 4324 1777 4405">
    <p class='ocr_par' dir='ltr' id='par_1_47' title="bbox 173 4324 1777 4405">
     <span class='ocr_line' id='line_1_47' title="bbox 173 4324 1777 4405; baseline 0.011 -28"><span class='ocrx_word' id='word_1_294' title='bbox 173 4324 409 4384; x_wconf 77' lang='lat' dir='ltr'>Abramii.</span> <span class='ocrx_word' id='word_1_295' title='bbox 430 4332 620 4401; x_wconf 84' lang='lat' dir='ltr'>Hujus</span> <span class='ocrx_word' id='word_1_296' title='bbox 638 4332 976 4388; x_wconf 89' lang='lat' dir='ltr'>monasterii</span> <span class='ocrx_word' id='word_1_297' title='bbox 1002 4339 1166 4405; x_wconf 89' lang='lat' dir='ltr'>pater</span> <span class='ocrx_word' id='word_1_298' title='bbox 1178 4340 1301 4389; x_wconf 90' lang='lat' dir='ltr'>erat</span> <span class='ocrx_word' id='word_1_299' title='bbox 1318 4336 1499 4392; x_wconf 90' lang='lat' dir='ltr'>abbas</span> <span class='ocrx_word' id='word_1_300' title='bbox 1520 4340 1777 4395; x_wconf 85' lang='lat' dir='ltr'>Joannes</span> 
     </span>
    </p>
   </div>
   <div class='ocr_carea' id='block_1_48' title="bbox 174 4416 1774 4499">
    <p class='ocr_par' dir='ltr' id='par_1_48' title="bbox 174 4416 1774 4499">
     <span class='ocr_line' id='line_1_48' title="bbox 174 4416 1774 4499; baseline 0.01 -30"><span class='ocrx_word' id='word_1_301' title='bbox 174 4427 223 4467; x_wconf 78' lang='lat' dir='ltr'>ex</span> <span class='ocrx_word' id='word_1_302' title='bbox 247 4416 443 4489; x_wconf 71' lang='lat' dir='ltr'>Cyzico;</span> <span class='ocrx_word' id='word_1_303' title='bbox 478 4422 969 4493; x_wconf 86' lang='lat' dir='ltr'>interrogavimus</span> <span class='ocrx_word' id='word_1_304' title='bbox 999 4429 1194 4480; x_wconf 89' lang='lat' dir='ltr'>autem</span> <span class='ocrx_word' id='word_1_305' title='bbox 1228 4442 1359 4481; x_wconf 90' lang='lat' dir='ltr'>eum</span> <span class='ocrx_word' id='word_1_306' title='bbox 1394 4427 1487 4482; x_wconf 91' lang='lat' dir='ltr'>die</span> <span class='ocrx_word' id='word_1_307' title='bbox 1518 4430 1774 4499; x_wconf 89' lang='lat' dir='ltr'>quadam</span> 
     </span>
    </p>
   </div>
   <div class='ocr_carea' id='block_1_49' title="bbox 174 4502 1775 4588">
    <p class='ocr_par' dir='ltr' id='par_1_49' title="bbox 174 4502 1775 4588">
     <span class='ocr_line' id='line_1_49' title="bbox 174 4502 1775 4588; baseline 0.011 -30"><span class='ocrx_word' id='word_1_308' title='bbox 174 4502 408 4564; x_wconf 81' lang='lat' dir='ltr'>dicentes:</span> <span class='ocrx_word' id='word_1_309' title='bbox 432 4512 736 4575; x_wconf 88' lang='lat' dir='ltr'>Quomodo</span> <span class='ocrx_word' id='word_1_310' title='bbox 751 4512 1023 4567; x_wconf 89' lang='lat' dir='ltr'>virtutem</span> <span class='ocrx_word' id='word_1_311' title='bbox 1052 4514 1648 4588; x_wconf 85' lang='lat' dir='ltr'>possidetquispiam?</span> <span class='ocrx_word' id='word_1_312' title='bbox 1671 4520 1775 4575; x_wconf 87' lang='lat' dir='ltr'>Re-</span> 
     </span>
    </p>
   </div>
   <div class='ocr_carea' id='block_1_50' title="bbox 174 4595 1851 4673">
    <p class='ocr_par' dir='ltr' id='par_1_50' title="bbox 174 4595 1851 4673">
     <span class='ocr_line' id='line_1_50' title="bbox 174 4595 1851 4673; baseline 0.011 -28"><span class='ocrx_word' id='word_1_313' title='bbox 174 4595 366 4660; x_wconf 79' lang='lat' dir='ltr'>spondit</span> <span class='ocrx_word' id='word_1_314' title='bbox 396 4598 671 4664; x_wconf 90' lang='lat' dir='ltr'>senior,et</span> <span class='ocrx_word' id='word_1_315' title='bbox 704 4599 818 4653; x_wconf 90' lang='lat' dir='ltr'>ait:</span> <span class='ocrx_word' id='word_1_316' title='bbox 840 4600 1238 4667; x_wconf 87' lang='lat' dir='ltr'>Quivirtutem</span> <span class='ocrx_word' id='word_1_317' title='bbox 1263 4605 1564 4673; x_wconf 88' lang='lat' dir='ltr'>possidere</span> <span class='ocrx_word' id='word_1_318' title='bbox 1586 4606 1775 4663; x_wconf 87' lang='lat' dir='ltr'>volue-</span> <span class='ocrx_word' id='word_1_319' title='bbox 1810 4599 1851 4664; x_wconf 76' lang='grc' dir='ltr'><strong>Ο</strong></span> 
     </span>
    </p>
   </div>
   <div class='ocr_carea' id='block_1_51' title="bbox 172 4679 1767 4757">
    <p class='ocr_par' dir='ltr' id='par_1_51' title="bbox 172 4679 1767 4757">
     <span class='ocr_line' id='line_1_51' title="bbox 172 4679 1767 4757; baseline 0.009 -19"><span class='ocrx_word' id='word_1_320' title='bbox 172 4679 243 4745; x_wconf 74' lang='lat' dir='ltr'>rit,</span> <span class='ocrx_word' id='word_1_321' title='bbox 267 4685 363 4740; x_wconf 88' lang='lat' dir='ltr'>nisi</span> <span class='ocrx_word' id='word_1_322' title='bbox 396 4687 559 4757; x_wconf 89' lang='lat' dir='ltr'>prius</span> <span class='ocrx_word' id='word_1_323' title='bbox 579 4689 768 4744; x_wconf 89' lang='lat' dir='ltr'>oderit</span> <span class='ocrx_word' id='word_1_324' title='bbox 790 4688 987 4745; x_wconf 80' lang='lat' dir='ltr'>virtuti</span> <span class='ocrx_word' id='word_1_325' title='bbox 1008 4706 1077 4746; x_wconf 83' lang='lat' dir='ltr'>ex</span> <span class='ocrx_word' id='word_1_326' title='bbox 1098 4691 1386 4749; x_wconf 91' lang='lat' dir='ltr'>diametro</span> <span class='ocrx_word' id='word_1_327' title='bbox 1414 4696 1767 4752; x_wconf 88' lang='lat' dir='ltr'>contrariam</span> 
     </span>
    </p>
   </div>
   <div class='ocr_carea' id='block_1_52' title="bbox 175 4770 1767 4855">
    <p class='ocr_par' dir='ltr' id='par_1_52' title="bbox 175 4770 1767 4855">
     <span class='ocr_line' id='line_1_52' title="bbox 175 4770 1767 4855; baseline 0.012 -33"><span class='ocrx_word' id='word_1_328' title='bbox 175 4770 436 4855; x_wconf 75' lang='lat' dir='ltr'>malitiam,</span> <span class='ocrx_word' id='word_1_329' title='bbox 468 4793 595 4831; x_wconf 88' lang='lat' dir='ltr'>eam</span> <span class='ocrx_word' id='word_1_330' title='bbox 630 4778 933 4848; x_wconf 89' lang='lat' dir='ltr'>acquirere</span> <span class='ocrx_word' id='word_1_331' title='bbox 963 4796 1030 4834; x_wconf 90' lang='lat' dir='ltr'>ac</span> <span class='ocrx_word' id='word_1_332' title='bbox 1064 4782 1364 4852; x_wconf 87' lang='lat' dir='ltr'>possidere</span> <span class='ocrx_word' id='word_1_333' title='bbox 1409 4800 1522 4839; x_wconf 90' lang='lat' dir='ltr'>non</span> <span class='ocrx_word' id='word_1_334' title='bbox 1560 4791 1767 4855; x_wconf 91' lang='lat' dir='ltr'>potest.</span> 
     </span>
    </p>
   </div>
   <div class='ocr_carea' id='block_1_53' title="bbox 173 4854 1769 4942">
    <p class='ocr_par' dir='ltr' id='par_1_53' title="bbox 173 4854 1769 4942">
     <span class='ocr_line' id='line_1_53' title="bbox 173 4854 1769 4942; baseline 0.014 -36"><span class='ocrx_word' id='word_1_335' title='bbox 173 4854 215 4907; x_wconf 83' lang='lat' dir='ltr'>Si</span> <span class='ocrx_word' id='word_1_336' title='bbox 242 4857 398 4929; x_wconf 85' lang='lat' dir='ltr'>igitur</span> <span class='ocrx_word' id='word_1_337' title='bbox 425 4864 638 4919; x_wconf 85' lang='lat' dir='ltr'>habere</span> <span class='ocrx_word' id='word_1_338' title='bbox 670 4866 756 4920; x_wconf 86' lang='lat' dir='ltr'>vis</span> <span class='ocrx_word' id='word_1_339' title='bbox 787 4864 1037 4934; x_wconf 88' lang='lat' dir='ltr'>luctum,</span> <span class='ocrx_word' id='word_1_340' title='bbox 1093 4884 1325 4942; x_wconf 88' lang='lat' dir='ltr'>semper</span> <span class='ocrx_word' id='word_1_341' title='bbox 1367 4873 1499 4927; x_wconf 91' lang='lat' dir='ltr'>odio</span> <span class='ocrx_word' id='word_1_342' title='bbox 1554 4854 1769 4931; x_wconf 85' lang='lat' dir='ltr'>babeas</span> 
     </span>
    </p>
   </div>
   <div class='ocr_carea' id='block_1_54' title="bbox 174 4944 1769 5034">
    <p class='ocr_par' dir='ltr' id='par_1_54' title="bbox 174 4944 1769 5034">
     <span class='ocr_line' id='line_1_54' title="bbox 174 4944 1769 5034; baseline 0.013 -36"><span class='ocrx_word' id='word_1_343' title='bbox 174 4944 340 5004; x_wconf 79' lang='lat' dir='ltr'>risum.</span> <span class='ocrx_word' id='word_1_344' title='bbox 359 4954 409 5005; x_wconf 86' lang='lat' dir='ltr'>Si</span> <span class='ocrx_word' id='word_1_345' title='bbox 432 4952 823 5011; x_wconf 84' lang='lat' dir='ltr'>humilitatem</span> <span class='ocrx_word' id='word_1_346' title='bbox 848 4957 1059 5012; x_wconf 81' lang='lat' dir='ltr'>habere</span> <span class='ocrx_word' id='word_1_347' title='bbox 1088 4960 1404 5027; x_wconf 87' lang='lat' dir='ltr'>desideras,</span> <span class='ocrx_word' id='word_1_348' title='bbox 1428 4964 1769 5034; x_wconf 85' lang='lat' dir='ltr'>superbiam</span> 
     </span>
    </p>
   </div>
   <div class='ocr_carea' id='block_1_55' title="bbox 173 5038 1767 5122">
    <p class='ocr_par' dir='ltr' id='par_1_55' title="bbox 173 5038 1767 5122">
     <span class='ocr_line' id='line_1_55' title="bbox 173 5038 1767 5122; baseline 0.011 -33"><span class='ocrx_word' id='word_1_349' title='bbox 173 5048 683 5107; x_wconf 70' lang='lat' dir='ltr'>scmperexsecrarc.</span> <span class='ocrx_word' id='word_1_350' title='bbox 698 5044 753 5098; x_wconf 91' lang='lat' dir='ltr'>Si</span> <span class='ocrx_word' id='word_1_351' title='bbox 772 5047 1080 5102; x_wconf 87' lang='lat' dir='ltr'>continens</span> <span class='ocrx_word' id='word_1_352' title='bbox 1098 5064 1225 5103; x_wconf 90' lang='lat' dir='ltr'>esse</span> <span class='ocrx_word' id='word_1_353' title='bbox 1244 5051 1433 5121; x_wconf 89' lang='lat' dir='ltr'>cupis,</span> <span class='ocrx_word' id='word_1_354' title='bbox 1452 5038 1767 5122; x_wconf 76' lang='lat' dir='ltr'>ingluviem</span> 
     </span>
    </p>
   </div>
   <div class='ocr_carea' id='block_1_56' title="bbox 172 5122 1767 5209">
    <p class='ocr_par' dir='ltr' id='par_1_56' title="bbox 172 5122 1767 5209">
     <span class='ocr_line' id='line_1_56' title="bbox 172 5122 1767 5209; baseline 0.011 -31"><span class='ocrx_word' id='word_1_355' title='bbox 172 5122 261 5179; x_wconf 83' lang='lat' dir='ltr'>odi.</span> <span class='ocrx_word' id='word_1_356' title='bbox 289 5129 339 5181; x_wconf 84' lang='lat' dir='ltr'>Si</span> <span class='ocrx_word' id='word_1_357' title='bbox 371 5132 639 5200; x_wconf 88' lang='lat' dir='ltr'>pudicus,</span> <span class='ocrx_word' id='word_1_358' title='bbox 660 5134 950 5191; x_wconf 87' lang='lat' dir='ltr'>detestare</span> <span class='ocrx_word' id='word_1_359' title='bbox 983 5136 1295 5193; x_wconf 82' lang='lat' dir='ltr'>luxuriam.</span> <span class='ocrx_word' id='word_1_360' title='bbox 1316 5141 1371 5195; x_wconf 86' lang='lat' dir='ltr'>Si</span> <span class='ocrx_word' id='word_1_361' title='bbox 1401 5142 1617 5209; x_wconf 90' lang='lat' dir='ltr'>nudus,</span> <span class='ocrx_word' id='word_1_362' title='bbox 1644 5159 1767 5197; x_wconf 85' lang='lat' dir='ltr'>ma-</span> 
     </span>
    </p>
   </div>
   <div class='ocr_carea' id='block_1_57' title="bbox 171 5212 1767 5298">
    <p class='ocr_par' dir='ltr' id='par_1_57' title="bbox 171 5212 1767 5298">
     <span class='ocr_line' id='line_1_57' title="bbox 171 5212 1767 5298; baseline 0.016 -37"><span class='ocrx_word' id='word_1_363' title='bbox 171 5212 336 5271; x_wconf 82' lang='lat' dir='ltr'>teriam</span> <span class='ocrx_word' id='word_1_364' title='bbox 368 5218 514 5289; x_wconf 83' lang='lat' dir='ltr'>fuge.</span> <span class='ocrx_word' id='word_1_365' title='bbox 539 5221 643 5287; x_wconf 89' lang='lat' dir='ltr'>Qui</span> <span class='ocrx_word' id='word_1_366' title='bbox 668 5222 789 5277; x_wconf 93' lang='lat' dir='ltr'>vult</span> <span class='ocrx_word' id='word_1_367' title='bbox 812 5240 941 5280; x_wconf 89' lang='lat' dir='ltr'>esse</span> <span class='ocrx_word' id='word_1_368' title='bbox 964 5226 1321 5298; x_wconf 87' lang='lat' dir='ltr'>misericors,</span> <span class='ocrx_word' id='word_1_369' title='bbox 1350 5231 1648 5285; x_wconf 89' lang='lat' dir='ltr'>avaritiam</span> <span class='ocrx_word' id='word_1_370' title='bbox 1676 5248 1767 5287; x_wconf 87' lang='lat' dir='ltr'>ca-</span> 
     </span>
    </p>
   </div>
   <div class='ocr_carea' id='block_1_58' title="bbox 172 5307 1769 5388">
    <p class='ocr_par' dir='ltr' id='par_1_58' title="bbox 172 5307 1769 5388">
     <span class='ocr_line' id='line_1_58' title="bbox 172 5307 1769 5388; baseline 0.011 -29"><span class='ocrx_word' id='word_1_371' title='bbox 172 5307 287 5355; x_wconf 61' lang='lat' dir='ltr'>vent.</span> <span class='ocrx_word' id='word_1_372' title='bbox 316 5308 415 5369; x_wconf 88' lang='lat' dir='ltr'>Qui</span> <span class='ocrx_word' id='word_1_373' title='bbox 446 5326 704 5366; x_wconf 87' lang='lat' dir='ltr'>eremum</span> <span class='ocrx_word' id='word_1_374' title='bbox 739 5312 1003 5369; x_wconf 70' lang='lat' dir='ltr'>habitare</span> <span class='ocrx_word' id='word_1_375' title='bbox 1043 5316 1355 5388; x_wconf 86' lang='lat' dir='ltr'>desiderat,</span> <span class='ocrx_word' id='word_1_376' title='bbox 1391 5319 1635 5374; x_wconf 84' lang='lat' dir='ltr'>civitatis</span> <span class='ocrx_word' id='word_1_377' title='bbox 1662 5323 1769 5376; x_wconf 84' lang='lat' dir='ltr'>fre-</span> 
     </span>
    </p>
   </div>
   <div class='ocr_carea' id='block_1_59' title="bbox 171 5397 1768 5483">
    <p class='ocr_par' dir='ltr' id='par_1_59' title="bbox 171 5397 1768 5483">
     <span class='ocr_line' id='line_1_59' title="bbox 171 5397 1768 5483; baseline 0.014 -39"><span class='ocrx_word' id='word_1_378' title='bbox 171 5397 423 5483; x_wconf 63' lang='lat' dir='ltr'>quentiam</span> <span class='ocrx_word' id='word_1_379' title='bbox 457 5401 585 5457; x_wconf 90' lang='lat' dir='ltr'>odio</span> <span class='ocrx_word' id='word_1_380' title='bbox 619 5402 849 5458; x_wconf 85' lang='lat' dir='ltr'>habeat.</span> <span class='ocrx_word' id='word_1_381' title='bbox 880 5405 985 5467; x_wconf 89' lang='lat' dir='ltr'>Qui</span> <span class='ocrx_word' id='word_1_382' title='bbox 1021 5408 1182 5477; x_wconf 90' lang='lat' dir='ltr'>cupit</span> <span class='ocrx_word' id='word_1_383' title='bbox 1214 5409 1768 5483; x_wconf 86' lang='lat' dir='ltr'>iuvenirequictcm,</span> 
     </span>
    </p>
   </div>
   <div class='ocr_carea' id='block_1_60' title="bbox 172 5478 1768 5572">
    <p class='ocr_par' dir='ltr' id='par_1_60' title="bbox 172 5478 1768 5572">
     <span class='ocr_line' id='line_1_60' title="bbox 172 5478 1768 5572; baseline 0.012 -34"><span class='ocrx_word' id='word_1_384' title='bbox 172 5478 402 5572; x_wconf 60' lang='lat' dir='ltr'>liduriam</span> <span class='ocrx_word' id='word_1_385' title='bbox 425 5491 625 5544; x_wconf 89' lang='lat' dir='ltr'>oderit.</span> <span class='ocrx_word' id='word_1_386' title='bbox 652 5492 759 5556; x_wconf 89' lang='lat' dir='ltr'>Qui</span> <span class='ocrx_word' id='word_1_387' title='bbox 787 5495 1149 5565; x_wconf 84' lang='lat' dir='ltr'>peregrimus</span> <span class='ocrx_word' id='word_1_388' title='bbox 1172 5515 1300 5553; x_wconf 90' lang='lat' dir='ltr'>esse</span> <span class='ocrx_word' id='word_1_389' title='bbox 1318 5498 1461 5565; x_wconf 87' lang='lat' dir='ltr'>vult,</span> <span class='ocrx_word' id='word_1_390' title='bbox 1484 5478 1768 5572; x_wconf 45' lang='lat' dir='ltr'>a—pparen;</span> 
     </span>
    </p>
   </div>
   <div class='ocr_carea' id='block_1_61' title="bbox 172 5570 1767 5651">
    <p class='ocr_par' dir='ltr' id='par_1_61' title="bbox 172 5570 1767 5651">
     <span class='ocr_line' id='line_1_61' title="bbox 172 5570 1767 5651; baseline 0.011 -24"><span class='ocrx_word' id='word_1_391' title='bbox 172 5570 302 5641; x_wconf 70' lang='grc' dir='ltr'>ιίυη(</span> <span class='ocrx_word' id='word_1_392' title='bbox 320 5575 387 5645; x_wconf 73' lang='lat' dir='ltr'>it;</span> <span class='ocrx_word' id='word_1_393' title='bbox 409 5594 506 5633; x_wconf 89' lang='lat' dir='ltr'>seu</span> <span class='ocrx_word' id='word_1_394' title='bbox 528 5579 906 5651; x_wconf 86' lang='lat' dir='ltr'>cupiditatem</span> <span class='ocrx_word' id='word_1_395' title='bbox 931 5587 1275 5642; x_wconf 84' lang='lat' dir='ltr'>ostendendi</span> <span class='ocrx_word' id='word_1_396' title='bbox 1303 5606 1363 5644; x_wconf 88' lang='lat' dir='ltr'>se</span> <span class='ocrx_word' id='word_1_397' title='bbox 1385 5570 1767 5647; x_wconf 16' lang='lat' dir='ltr'>odioibalwat.</span> 
     </span>
    </p>
   </div>
   <div class='ocr_carea' id='block_1_62' title="bbox 169 5653 1767 5744">
    <p class='ocr_par' dir='ltr' id='par_1_62' title="bbox 169 5653 1767 5744">
     <span class='ocr_line' id='line_1_62' title="bbox 169 5653 1767 5744; baseline 0.013 -27"><span class='ocrx_word' id='word_1_398' title='bbox 169 5653 253 5717; x_wconf 78' lang='lat' dir='ltr'>Qui</span> <span class='ocrx_word' id='word_1_399' title='bbox 276 5661 610 5725; x_wconf 83' lang='lat' dir='ltr'>iracundiam</span> <span class='ocrx_word' id='word_1_400' title='bbox 634 5670 935 5729; x_wconf 86' lang='lat' dir='ltr'>continere</span> <span class='ocrx_word' id='word_1_401' title='bbox 960 5673 1273 5744; x_wconf 89' lang='lat' dir='ltr'>desiderat,</span> <span class='ocrx_word' id='word_1_402' title='bbox 1295 5676 1611 5735; x_wconf 89' lang='lat' dir='ltr'>multorum</span> <span class='ocrx_word' id='word_1_403' title='bbox 1638 5696 1767 5738; x_wconf 91' lang='lat' dir='ltr'>con-</span> 
     </span>
    </p>
   </div>
   <div class='ocr_carea' id='block_1_63' title="bbox 1922 563 3571 635">
    <p class='ocr_par' dir='ltr' id='par_1_63' title="bbox 1922 563 3571 635">
     <span class='ocr_line' id='line_1_63' title="bbox 1922 563 3571 635; baseline -0.001 -16"><span class='ocrx_word' id='word_1_404' title='bbox 1922 564 2259 620; x_wconf 88' lang='lat' dir='ltr'>detestetur.</span> <span class='ocrx_word' id='word_1_405' title='bbox 2287 566 2391 631; x_wconf 92' lang='lat' dir='ltr'>Qui</span> <span class='ocrx_word' id='word_1_406' title='bbox 2418 566 2543 620; x_wconf 86' lang='lat' dir='ltr'>sine</span> <span class='ocrx_word' id='word_1_407' title='bbox 2568 565 2943 620; x_wconf 81' lang='lat' dir='ltr'>distractione</span> <span class='ocrx_word' id='word_1_408' title='bbox 2964 579 3091 618; x_wconf 89' lang='lat' dir='ltr'>esse</span> <span class='ocrx_word' id='word_1_409' title='bbox 3110 565 3347 635; x_wconf 89' lang='lat' dir='ltr'>appetit,</span> <span class='ocrx_word' id='word_1_410' title='bbox 3374 563 3571 618; x_wconf 89' lang='lat' dir='ltr'>solita-</span> 
     </span>
    </p>
   </div>
   <div class='ocr_carea' id='block_1_64' title="bbox 1919 652 3573 723">
    <p class='ocr_par' dir='ltr' id='par_1_64' title="bbox 1919 652 3573 723">
     <span class='ocr_line' id='line_1_64' title="bbox 1919 652 3573 723; baseline -0.001 -14"><span class='ocrx_word' id='word_1_411' title='bbox 1919 655 2041 709; x_wconf 90' lang='lat' dir='ltr'>rius</span> <span class='ocrx_word' id='word_1_412' title='bbox 2076 661 2327 709; x_wconf 89' lang='lat' dir='ltr'>maneat.</span> <span class='ocrx_word' id='word_1_413' title='bbox 2364 656 2470 718; x_wconf 90' lang='lat' dir='ltr'>Qui</span> <span class='ocrx_word' id='word_1_414' title='bbox 2511 655 2808 710; x_wconf 88' lang='lat' dir='ltr'>continere</span> <span class='ocrx_word' id='word_1_415' title='bbox 2840 654 2962 708; x_wconf 90' lang='lat' dir='ltr'>vult</span> <span class='ocrx_word' id='word_1_416' title='bbox 2984 652 3271 723; x_wconf 86' lang='lat' dir='ltr'>linguam,</span> <span class='ocrx_word' id='word_1_417' title='bbox 3304 652 3573 707; x_wconf 89' lang='lat' dir='ltr'>obstruat</span> 
     </span>
    </p>
   </div>
   <div class='ocr_carea' id='block_1_65' title="bbox 1918 741 3567 807">
    <p class='ocr_par' dir='ltr' id='par_1_65' title="bbox 1918 741 3567 807">
     <span class='ocr_line' id='line_1_65' title="bbox 1918 741 3567 807; baseline -0.002 -9"><span class='ocrx_word' id='word_1_418' title='bbox 1918 760 1986 798; x_wconf 88' lang='lat' dir='ltr'>au</span> <span class='ocrx_word' id='word_1_419' title='bbox 2000 760 2088 799; x_wconf 90' lang='lat' dir='ltr'>res</span> <span class='ocrx_word' id='word_1_420' title='bbox 2112 760 2183 799; x_wconf 90' lang='lat' dir='ltr'>ne</span> <span class='ocrx_word' id='word_1_421' title='bbox 2206 743 2392 798; x_wconf 90' lang='lat' dir='ltr'>multa</span> <span class='ocrx_word' id='word_1_422' title='bbox 2412 743 2748 807; x_wconf 88' lang='lat' dir='ltr'>audiat.Qui</span> <span class='ocrx_word' id='word_1_423' title='bbox 2772 743 2869 797; x_wconf 92' lang='lat' dir='ltr'>Dei</span> <span class='ocrx_word' id='word_1_424' title='bbox 2896 742 3163 796; x_wconf 90' lang='lat' dir='ltr'>timorem</span> <span class='ocrx_word' id='word_1_425' title='bbox 3188 741 3400 797; x_wconf 90' lang='lat' dir='ltr'>habere</span> <span class='ocrx_word' id='word_1_426' title='bbox 3414 758 3567 797; x_wconf 90' lang='lat' dir='ltr'>sem-</span> 
     </span>
    </p>
   </div>
   <div class='ocr_carea' id='block_1_66' title="bbox 1917 830 3568 904">
    <p class='ocr_par' dir='ltr' id='par_1_66' title="bbox 1917 830 3568 904">
     <span class='ocr_line' id='line_1_66' title="bbox 1917 830 3568 904; baseline -0.001 -17"><span class='ocrx_word' id='word_1_427' title='bbox 1917 848 2018 903; x_wconf 91' lang='lat' dir='ltr'>per</span> <span class='ocrx_word' id='word_1_428' title='bbox 2046 832 2227 904; x_wconf 82' lang='lat' dir='ltr'>cupit,</span> <span class='ocrx_word' id='word_1_429' title='bbox 2252 832 2614 904; x_wconf 90' lang='lat' dir='ltr'>corporalem</span> <span class='ocrx_word' id='word_1_430' title='bbox 2648 832 2835 887; x_wconf 90' lang='lat' dir='ltr'>oderit</span> <span class='ocrx_word' id='word_1_431' title='bbox 2890 831 3177 903; x_wconf 86' lang='lat' dir='ltr'>requiem,</span> <span class='ocrx_word' id='word_1_432' title='bbox 3238 830 3568 902; x_wconf 90' lang='lat' dir='ltr'>diligatque</span> 
     </span>
    </p>
   </div>
   <div class='ocr_carea' id='block_1_67' title="bbox 1915 922 2774 993">
    <p class='ocr_par' dir='ltr' id='par_1_67' title="bbox 1915 922 2774 993">
     <span class='ocr_line' id='line_1_67' title="bbox 1915 922 2774 993; baseline 0 -18"><span class='ocrx_word' id='word_1_433' title='bbox 1915 922 2293 977; x_wconf 86' lang='lat' dir='ltr'>afflictionem</span> <span class='ocrx_word' id='word_1_434' title='bbox 2326 928 2383 977; x_wconf 89' lang='lat' dir='ltr'>et</span> <span class='ocrx_word' id='word_1_435' title='bbox 2415 922 2774 993; x_wconf 87' lang='lat' dir='ltr'>angustiam.</span> 
     </span>
    </p>
   </div>
   <div class='ocr_carea' id='block_1_68' title="bbox 2402 1037 3071 1095">
    <p class='ocr_par' dir='ltr' id='par_1_68' title="bbox 2402 1037 3071 1095">
     <span class='ocr_line' id='line_1_68' title="bbox 2402 1037 3071 1095; baseline -0.003 -1"><span class='ocrx_word' id='word_1_436' title='bbox 2402 1039 2635 1095; x_wconf 87' lang='lat' dir='ltr'>CAPUT</span> <span class='ocrx_word' id='word_1_437' title='bbox 2683 1037 3071 1093; x_wconf 79' lang='lat' dir='ltr'><strong>CLXXXVIII.</strong></span> 
     </span>
    </p>
   </div>
   <div class='ocr_carea' id='block_1_69' title="bbox 2024 1128 3437 1201">
    <p class='ocr_par' dir='ltr' id='par_1_69' title="bbox 2024 1128 3437 1201">
     <span class='ocr_line' id='line_1_69' title="bbox 2024 1128 3437 1201; baseline -0.004 -18"><span class='ocrx_word' id='word_1_438' title='bbox 2024 1130 2139 1183; x_wconf 82' lang='lat' dir='ltr'>Vita</span> <span class='ocrx_word' id='word_1_439' title='bbox 2167 1128 2401 1183; x_wconf 83' lang='lat' dir='ltr'>duorum</span> <span class='ocrx_word' id='word_1_440' title='bbox 2430 1129 2675 1201; x_wconf 80' lang='lat' dir='ltr'>fratrum</span> <span class='ocrx_word' id='word_1_441' title='bbox 2723 1129 3117 1199; x_wconf 70' lang='lat' dir='ltr'>trapezitarum</span> <span class='ocrx_word' id='word_1_442' title='bbox 3146 1129 3437 1197; x_wconf 84' lang='lat' dir='ltr'>Syrorum.</span> 
     </span>
    </p>
   </div>
   <div class='ocr_carea' id='block_1_70' title="bbox 1979 1214 3561 1289">
    <p class='ocr_par' dir='ltr' id='par_1_70' title="bbox 1979 1214 3561 1289">
     <span class='ocr_line' id='line_1_70' title="bbox 1979 1214 3561 1289; baseline -0.002 -19"><span class='ocrx_word' id='word_1_443' title='bbox 1979 1217 2179 1272; x_wconf 85' lang='lat' dir='ltr'>Abbas</span> <span class='ocrx_word' id='word_1_444' title='bbox 2200 1218 2542 1274; x_wconf 87' lang='lat' dir='ltr'>Theodorus</span> <span class='ocrx_word' id='word_1_445' title='bbox 2573 1219 2798 1289; x_wconf 83' lang='lat' dir='ltr'>antiqui</span> <span class='ocrx_word' id='word_1_446' title='bbox 2825 1216 3163 1271; x_wconf 87' lang='lat' dir='ltr'>monasterii</span> <span class='ocrx_word' id='word_1_447' title='bbox 3190 1214 3561 1287; x_wconf 65' lang='lat' dir='ltr'>praspositus,</span> 
     </span>
    </p>
   </div>
   <div class='ocr_carea' id='block_1_71' title="bbox 1910 1305 3564 1376">
    <p class='ocr_par' dir='ltr' id='par_1_71' title="bbox 1910 1305 3564 1376">
     <span class='ocr_line' id='line_1_71' title="bbox 1910 1305 3564 1376; baseline -0.002 -15"><span class='ocrx_word' id='word_1_448' title='bbox 1910 1307 2167 1362; x_wconf 88' lang='lat' dir='ltr'>narravit</span> <span class='ocrx_word' id='word_1_449' title='bbox 2185 1308 2375 1376; x_wconf 94' lang='lat' dir='ltr'>nobis,</span> <span class='ocrx_word' id='word_1_450' title='bbox 2395 1308 2618 1365; x_wconf 87' lang='lat' dir='ltr'>dicens:</span> <span class='ocrx_word' id='word_1_451' title='bbox 2637 1305 3333 1376; x_wconf 87' lang='lat' dir='ltr'>ErantConstantinopoli</span> <span class='ocrx_word' id='word_1_452' title='bbox 3354 1306 3564 1359; x_wconf 83' lang='lat' dir='ltr'>fratres</span> 
     </span>
    </p>
   </div>
   <div class='ocr_carea' id='block_1_72' title="bbox 1908 1393 3563 1470">
    <p class='ocr_par' dir='ltr' id='par_1_72' title="bbox 1908 1393 3563 1470">
     <span class='ocr_line' id='line_1_72' title="bbox 1908 1393 3563 1470; baseline -0.001 -21"><span class='ocrx_word' id='word_1_453' title='bbox 1908 1395 2024 1451; x_wconf 92' lang='lat' dir='ltr'>duo</span> <span class='ocrx_word' id='word_1_454' title='bbox 2050 1399 2337 1468; x_wconf 63' lang='lat' dir='ltr'>trapezitae</span> <span class='ocrx_word' id='word_1_455' title='bbox 2359 1397 2793 1470; x_wconf 81' lang='lat' dir='ltr'>Syri;dixitque</span> <span class='ocrx_word' id='word_1_456' title='bbox 2848 1397 3031 1466; x_wconf 85' lang='lat' dir='ltr'>major</span> <span class='ocrx_word' id='word_1_457' title='bbox 3060 1411 3129 1450; x_wconf 80' lang='lat' dir='ltr'>ex</span> <span class='ocrx_word' id='word_1_458' title='bbox 3175 1393 3297 1448; x_wconf 91' lang='lat' dir='ltr'>illis</span> <span class='ocrx_word' id='word_1_459' title='bbox 3349 1393 3563 1448; x_wconf 88' lang='lat' dir='ltr'>minori</span> 
     </span>
    </p>
   </div>
   <div class='ocr_carea' id='block_1_73' title="bbox 1908 1482 3561 1558">
    <p class='ocr_par' dir='ltr' id='par_1_73' title="bbox 1908 1482 3561 1558">
     <span class='ocr_line' id='line_1_73' title="bbox 1908 1482 3561 1558; baseline -0.001 -19"><span class='ocrx_word' id='word_1_460' title='bbox 1908 1485 2094 1540; x_wconf 86' lang='lat' dir='ltr'>fratri:</span> <span class='ocrx_word' id='word_1_461' title='bbox 2112 1486 2275 1553; x_wconf 92' lang='lat' dir='ltr'>Veni,</span> <span class='ocrx_word' id='word_1_462' title='bbox 2292 1487 2719 1543; x_wconf 78' lang='lat' dir='ltr'>descendemus</span> <span class='ocrx_word' id='word_1_463' title='bbox 2744 1490 2799 1541; x_wconf 90' lang='lat' dir='ltr'>in</span> <span class='ocrx_word' id='word_1_464' title='bbox 2816 1486 3061 1558; x_wconf 81' lang='lat' dir='ltr'>Syriam,</span> <span class='ocrx_word' id='word_1_465' title='bbox 3080 1490 3136 1539; x_wconf 91' lang='lat' dir='ltr'>et</span> <span class='ocrx_word' id='word_1_466' title='bbox 3153 1482 3561 1555; x_wconf 89' lang='lat' dir='ltr'>possideamus</span> 
     </span>
    </p>
   </div>
   <div class='ocr_carea' id='block_1_74' title="bbox 1908 1572 3563 1644">
    <p class='ocr_par' dir='ltr' id='par_1_74' title="bbox 1908 1572 3563 1644">
     <span class='ocr_line' id='line_1_74' title="bbox 1908 1572 3563 1644; baseline -0.002 -15"><span class='ocrx_word' id='word_1_467' title='bbox 1908 1580 2210 1644; x_wconf 89' lang='lat' dir='ltr'>paternam</span> <span class='ocrx_word' id='word_1_468' title='bbox 2235 1577 2476 1632; x_wconf 89' lang='lat' dir='ltr'>domum</span> <span class='ocrx_word' id='word_1_469' title='bbox 2514 1581 2795 1631; x_wconf 88' lang='lat' dir='ltr'>nostram.</span> <span class='ocrx_word' id='word_1_470' title='bbox 2835 1574 2983 1631; x_wconf 80' lang='lat' dir='ltr'>Dixit</span> <span class='ocrx_word' id='word_1_471' title='bbox 3034 1572 3118 1629; x_wconf 91' lang='lat' dir='ltr'>illi</span> <span class='ocrx_word' id='word_1_472' title='bbox 3168 1572 3391 1643; x_wconf 90' lang='lat' dir='ltr'>junior:</span> <span class='ocrx_word' id='word_1_473' title='bbox 3444 1572 3563 1626; x_wconf 92' lang='lat' dir='ltr'>Cur</span> 
     </span>
    </p>
   </div>
   <div class='ocr_carea' id='block_1_75' title="bbox 1905 1661 3561 1726">
    <p class='ocr_par' dir='ltr' id='par_1_75' title="bbox 1905 1661 3561 1726">
     <span class='ocr_line' id='line_1_75' title="bbox 1905 1661 3561 1726; baseline -0.002 -8"><span class='ocrx_word' id='word_1_474' title='bbox 1905 1664 2076 1719; x_wconf 90' lang='lat' dir='ltr'>ambo</span> <span class='ocrx_word' id='word_1_475' title='bbox 2091 1665 2445 1721; x_wconf 85' lang='lat' dir='ltr'>dimittimus</span> <span class='ocrx_word' id='word_1_476' title='bbox 2459 1664 2949 1726; x_wconf 78' lang='lat' dir='ltr'>hieministerium</span> <span class='ocrx_word' id='word_1_477' title='bbox 2964 1661 3561 1719; x_wconf 86' lang='lat' dir='ltr'>nostrum?Descende</span> 
     </span>
    </p>
   </div>
   <div class='ocr_carea' id='block_1_76' title="bbox 1903 1752 3553 1826">
    <p class='ocr_par' dir='ltr' id='par_1_76' title="bbox 1903 1752 3553 1826">
     <span class='ocr_line' id='line_1_76' title="bbox 1903 1752 3553 1826; baseline -0.002 -19"><span class='ocrx_word' id='word_1_478' title='bbox 1903 1753 2047 1824; x_wconf 90' lang='lat' dir='ltr'>ipse,</span> <span class='ocrx_word' id='word_1_479' title='bbox 2083 1759 2138 1809; x_wconf 90' lang='lat' dir='ltr'>et</span> <span class='ocrx_word' id='word_1_480' title='bbox 2167 1771 2271 1826; x_wconf 86' lang='lat' dir='ltr'>ego</span> <span class='ocrx_word' id='word_1_481' title='bbox 2305 1754 2398 1809; x_wconf 89' lang='lat' dir='ltr'>hic</span> <span class='ocrx_word' id='word_1_482' title='bbox 2431 1756 2700 1821; x_wconf 91' lang='lat' dir='ltr'>manebo;</span> <span class='ocrx_word' id='word_1_483' title='bbox 2744 1754 2831 1809; x_wconf 92' lang='lat' dir='ltr'>vel</span> <span class='ocrx_word' id='word_1_484' title='bbox 2864 1770 2969 1824; x_wconf 89' lang='lat' dir='ltr'>ego</span> <span class='ocrx_word' id='word_1_485' title='bbox 3000 1752 3379 1816; x_wconf 87' lang='lat' dir='ltr'>descendam,</span> <span class='ocrx_word' id='word_1_486' title='bbox 3410 1754 3465 1804; x_wconf 91' lang='lat' dir='ltr'>et</span> <span class='ocrx_word' id='word_1_487' title='bbox 3498 1753 3553 1804; x_wconf 91' lang='lat' dir='ltr'>tu</span> 
     </span>
    </p>
   </div>
   <div class='ocr_carea' id='block_1_77' title="bbox 1827 1840 3558 1922">
    <p class='ocr_par' dir='ltr' id='par_1_77' title="bbox 1827 1840 3558 1922">
     <span class='ocr_line' id='line_1_77' title="bbox 1827 1840 3558 1922; baseline -0.003 -25"><span class='ocrx_word' id='word_1_488' title='bbox 1827 1858 1874 1922; x_wconf 81' lang='grc' dir='ltr'><strong>Β</strong></span> <span class='ocrx_word' id='word_1_489' title='bbox 1905 1842 2000 1897; x_wconf 87' lang='lat' dir='ltr'>hic</span> <span class='ocrx_word' id='word_1_490' title='bbox 2026 1860 2279 1901; x_wconf 89' lang='lat' dir='ltr'>remane.</span> <span class='ocrx_word' id='word_1_491' title='bbox 2305 1844 2587 1899; x_wconf 85' lang='lat' dir='ltr'>Convenit</span> <span class='ocrx_word' id='word_1_492' title='bbox 2610 1861 2743 1913; x_wconf 81' lang='lat' dir='ltr'>ergo</span> <span class='ocrx_word' id='word_1_493' title='bbox 2769 1843 2923 1898; x_wconf 91' lang='lat' dir='ltr'>inter</span> <span class='ocrx_word' id='word_1_494' title='bbox 2944 1860 3066 1907; x_wconf 91' lang='lat' dir='ltr'>eos,</span> <span class='ocrx_word' id='word_1_495' title='bbox 3093 1846 3155 1896; x_wconf 92' lang='lat' dir='ltr'>ut</span> <span class='ocrx_word' id='word_1_496' title='bbox 3178 1840 3558 1895; x_wconf 90' lang='lat' dir='ltr'>descenderet</span> 
     </span>
    </p>
   </div>
   <div class='ocr_carea' id='block_1_78' title="bbox 1896 1930 3551 2003">
    <p class='ocr_par' dir='ltr' id='par_1_78' title="bbox 1896 1930 3551 2003">
     <span class='ocr_line' id='line_1_78' title="bbox 1896 1930 3551 2003; baseline -0.003 -17"><span class='ocrx_word' id='word_1_497' title='bbox 1896 1931 2121 2003; x_wconf 90' lang='lat' dir='ltr'>junior.</span> <span class='ocrx_word' id='word_1_498' title='bbox 2146 1934 2286 1988; x_wconf 90' lang='lat' dir='ltr'>Cum</span> <span class='ocrx_word' id='word_1_499' title='bbox 2312 1932 2506 2003; x_wconf 89' lang='lat' dir='ltr'>itaque</span> <span class='ocrx_word' id='word_1_500' title='bbox 2532 1932 2949 1999; x_wconf 87' lang='lat' dir='ltr'>descendisset,</span> <span class='ocrx_word' id='word_1_501' title='bbox 2976 1935 3105 2003; x_wconf 88' lang='lat' dir='ltr'>post</span> <span class='ocrx_word' id='word_1_502' title='bbox 3128 1930 3298 1984; x_wconf 90' lang='lat' dir='ltr'>breve</span> <span class='ocrx_word' id='word_1_503' title='bbox 3318 1933 3551 1998; x_wconf 88' lang='lat' dir='ltr'>tempus</span> 
     </span>
    </p>
   </div>
   <div class='ocr_carea' id='block_1_79' title="bbox 1904 2016 3550 2093">
    <p class='ocr_par' dir='ltr' id='par_1_79' title="bbox 1904 2016 3550 2093">
     <span class='ocr_line' id='line_1_79' title="bbox 1904 2016 3550 2093; baseline -0.002 -20"><span class='ocrx_word' id='word_1_504' title='bbox 1904 2019 1954 2076; x_wconf 88' lang='lat' dir='ltr'>is</span> <span class='ocrx_word' id='word_1_505' title='bbox 1976 2020 2076 2092; x_wconf 92' lang='lat' dir='ltr'>qui</span> <span class='ocrx_word' id='word_1_506' title='bbox 2100 2020 2607 2093; x_wconf 86' lang='lat' dir='ltr'>Constantinopoli</span> <span class='ocrx_word' id='word_1_507' title='bbox 2642 2024 3023 2088; x_wconf 89' lang='lat' dir='ltr'>remanserat,</span> <span class='ocrx_word' id='word_1_508' title='bbox 3058 2018 3203 2073; x_wconf 92' lang='lat' dir='ltr'>vidit</span> <span class='ocrx_word' id='word_1_509' title='bbox 3232 2018 3288 2071; x_wconf 93' lang='lat' dir='ltr'>in</span> <span class='ocrx_word' id='word_1_510' title='bbox 3322 2016 3550 2072; x_wconf 90' lang='lat' dir='ltr'>somnis</span> 
     </span>
    </p>
   </div>
   <div class='ocr_carea' id='block_1_80' title="bbox 1902 2106 3547 2183">
    <p class='ocr_par' dir='ltr' id='par_1_80' title="bbox 1902 2106 3547 2183">
     <span class='ocr_line' id='line_1_80' title="bbox 1902 2106 3547 2183; baseline -0.004 -19"><span class='ocrx_word' id='word_1_511' title='bbox 1902 2125 2101 2164; x_wconf 88' lang='lat' dir='ltr'>senem</span> <span class='ocrx_word' id='word_1_512' title='bbox 2136 2110 2447 2181; x_wconf 89' lang='lat' dir='ltr'>quemdam</span> <span class='ocrx_word' id='word_1_513' title='bbox 2479 2111 2809 2183; x_wconf 89' lang='lat' dir='ltr'>speciosum</span> <span class='ocrx_word' id='word_1_514' title='bbox 2851 2115 2909 2165; x_wconf 91' lang='lat' dir='ltr'>et</span> <span class='ocrx_word' id='word_1_515' title='bbox 2940 2125 3160 2180; x_wconf 65' lang='lat' dir='ltr'>magna:</span> <span class='ocrx_word' id='word_1_516' title='bbox 3195 2106 3547 2173; x_wconf 76' lang='lat' dir='ltr'>revcrentize,</span> 
     </span>
    </p>
   </div>
   <div class='ocr_carea' id='block_1_81' title="bbox 1903 2194 3542 2270">
    <p class='ocr_par' dir='ltr' id='par_1_81' title="bbox 1903 2194 3542 2270">
     <span class='ocr_line' id='line_1_81' title="bbox 1903 2194 3542 2270; baseline -0.002 -18"><span class='ocrx_word' id='word_1_517' title='bbox 1903 2197 2193 2253; x_wconf 86' lang='lat' dir='ltr'>dicentem</span> <span class='ocrx_word' id='word_1_518' title='bbox 2213 2199 2345 2255; x_wconf 90' lang='lat' dir='ltr'>sibi:</span> <span class='ocrx_word' id='word_1_519' title='bbox 2375 2199 2499 2254; x_wconf 91' lang='lat' dir='ltr'>Scis</span> <span class='ocrx_word' id='word_1_520' title='bbox 2521 2199 2659 2270; x_wconf 90' lang='lat' dir='ltr'>quia</span> <span class='ocrx_word' id='word_1_521' title='bbox 2681 2198 2999 2254; x_wconf 89' lang='lat' dir='ltr'>fornicatus</span> <span class='ocrx_word' id='word_1_522' title='bbox 3023 2203 3108 2252; x_wconf 88' lang='lat' dir='ltr'>est</span> <span class='ocrx_word' id='word_1_523' title='bbox 3128 2197 3305 2251; x_wconf 87' lang='lat' dir='ltr'>frater</span> <span class='ocrx_word' id='word_1_524' title='bbox 3329 2199 3463 2249; x_wconf 90' lang='lat' dir='ltr'>tuus</span> <span class='ocrx_word' id='word_1_525' title='bbox 3489 2194 3542 2248; x_wconf 93' lang='lat' dir='ltr'>in</span> 
     </span>
    </p>
   </div>
   <div class='ocr_carea' id='block_1_82' title="bbox 1903 2284 3547 2360">
    <p class='ocr_par' dir='ltr' id='par_1_82' title="bbox 1903 2284 3547 2360">
     <span class='ocr_line' id='line_1_82' title="bbox 1903 2284 3547 2360; baseline -0.002 -19"><span class='ocrx_word' id='word_1_526' title='bbox 1903 2303 2141 2342; x_wconf 81' lang='lat' dir='ltr'>uxorem</span> <span class='ocrx_word' id='word_1_527' title='bbox 2168 2289 2497 2360; x_wconf 80' lang='lat' dir='ltr'>cauponis?</span> <span class='ocrx_word' id='word_1_528' title='bbox 2527 2288 2633 2354; x_wconf 92' lang='lat' dir='ltr'>Qui</span> <span class='ocrx_word' id='word_1_529' title='bbox 2665 2304 2985 2359; x_wconf 84' lang='lat' dir='ltr'>exsurgens</span> <span class='ocrx_word' id='word_1_530' title='bbox 3016 2305 3047 2341; x_wconf 87' lang='lat' dir='ltr'>a</span> <span class='ocrx_word' id='word_1_531' title='bbox 3079 2284 3547 2351; x_wconf 89' lang='lat' dir='ltr'>somno,contri-</span> 
     </span>
    </p>
   </div>
   <div class='ocr_carea' id='block_1_83' title="bbox 1902 2371 3544 2448">
    <p class='ocr_par' dir='ltr' id='par_1_83' title="bbox 1902 2371 3544 2448">
     <span class='ocr_line' id='line_1_83' title="bbox 1902 2371 3544 2448; baseline -0.004 -17"><span class='ocrx_word' id='word_1_532' title='bbox 1902 2376 2043 2431; x_wconf 90' lang='lat' dir='ltr'>stari</span> <span class='ocrx_word' id='word_1_533' title='bbox 2081 2375 2269 2448; x_wconf 62' lang='lat' dir='ltr'>coepit,</span> <span class='ocrx_word' id='word_1_534' title='bbox 2302 2383 2357 2432; x_wconf 93' lang='lat' dir='ltr'>et</span> <span class='ocrx_word' id='word_1_535' title='bbox 2398 2378 2550 2432; x_wconf 87' lang='lat' dir='ltr'>intra</span> <span class='ocrx_word' id='word_1_536' title='bbox 2606 2377 2992 2448; x_wconf 89' lang='lat' dir='ltr'>semetipsum</span> <span class='ocrx_word' id='word_1_537' title='bbox 3046 2376 3256 2430; x_wconf 85' lang='lat' dir='ltr'>dicere:</span> <span class='ocrx_word' id='word_1_538' title='bbox 3311 2374 3428 2444; x_wconf 81' lang='lat' dir='ltr'>Ego</span> <span class='ocrx_word' id='word_1_539' title='bbox 3462 2371 3544 2426; x_wconf 91' lang='lat' dir='ltr'>illi</span> 
     </span>
    </p>
   </div>
   <div class='ocr_carea' id='block_1_84' title="bbox 1901 2460 3547 2538">
    <p class='ocr_par' dir='ltr' id='par_1_84' title="bbox 1901 2460 3547 2538">
     <span class='ocr_line' id='line_1_84' title="bbox 1901 2460 3547 2538; baseline -0.002 -19"><span class='ocrx_word' id='word_1_540' title='bbox 1901 2482 2076 2520; x_wconf 89' lang='lat' dir='ltr'>causa</span> <span class='ocrx_word' id='word_1_541' title='bbox 2100 2466 2178 2520; x_wconf 89' lang='lat' dir='ltr'>fui</span> <span class='ocrx_word' id='word_1_542' title='bbox 2211 2465 2732 2538; x_wconf 89' lang='lat' dir='ltr'>istiuslapsus,cur</span> <span class='ocrx_word' id='word_1_543' title='bbox 2753 2464 3117 2520; x_wconf 88' lang='lat' dir='ltr'>enimdimisi</span> <span class='ocrx_word' id='word_1_544' title='bbox 3147 2460 3547 2517; x_wconf 80' lang='lat' dir='ltr'>illumsolum‘?</span> 
     </span>
    </p>
   </div>
   <div class='ocr_carea' id='block_1_85' title="bbox 1900 2550 3546 2625">
    <p class='ocr_par' dir='ltr' id='par_1_85' title="bbox 1900 2550 3546 2625">
     <span class='ocr_line' id='line_1_85' title="bbox 1900 2550 3546 2625; baseline -0.002 -17"><span class='ocrx_word' id='word_1_545' title='bbox 1900 2555 2139 2625; x_wconf 86' lang='lat' dir='ltr'>Aspexit</span> <span class='ocrx_word' id='word_1_546' title='bbox 2169 2558 2366 2609; x_wconf 89' lang='lat' dir='ltr'>autem</span> <span class='ocrx_word' id='word_1_547' title='bbox 2401 2557 2670 2610; x_wconf 90' lang='lat' dir='ltr'>eumdem</span> <span class='ocrx_word' id='word_1_548' title='bbox 2694 2550 3546 2609; x_wconf 86' lang='lat' dir='ltr'>secundodicentemsibi:Scis</span> 
     </span>
    </p>
   </div>
   <div class='ocr_carea' id='block_1_86' title="bbox 1902 2640 3545 2714">
    <p class='ocr_par' dir='ltr' id='par_1_86' title="bbox 1902 2640 3545 2714">
     <span class='ocr_line' id='line_1_86' title="bbox 1902 2640 3545 2714; baseline -0.001 -18"><span class='ocrx_word' id='word_1_549' title='bbox 1902 2644 2043 2714; x_wconf 90' lang='lat' dir='ltr'>quia</span> <span class='ocrx_word' id='word_1_550' title='bbox 2072 2644 2251 2698; x_wconf 83' lang='lat' dir='ltr'>frater</span> <span class='ocrx_word' id='word_1_551' title='bbox 2283 2650 2418 2699; x_wconf 91' lang='lat' dir='ltr'>tuus</span> <span class='ocrx_word' id='word_1_552' title='bbox 2451 2645 2668 2700; x_wconf 89' lang='lat' dir='ltr'>corruit</span> <span class='ocrx_word' id='word_1_553' title='bbox 2700 2644 2756 2699; x_wconf 91' lang='lat' dir='ltr'>in</span> <span class='ocrx_word' id='word_1_554' title='bbox 2783 2660 3018 2699; x_wconf 84' lang='lat' dir='ltr'>uxorem</span> <span class='ocrx_word' id='word_1_555' title='bbox 3068 2640 3380 2713; x_wconf 85' lang='lat' dir='ltr'>cauponis?</span> <span class='ocrx_word' id='word_1_556' title='bbox 3422 2640 3545 2704; x_wconf 90' lang='lat' dir='ltr'>Quo</span> 
     </span>
    </p>
   </div>
   <div class='ocr_carea' id='block_1_87' title="bbox 1901 2731 3541 2801">
    <p class='ocr_par' dir='ltr' id='par_1_87' title="bbox 1901 2731 3541 2801">
     <span class='ocr_line' id='line_1_87' title="bbox 1901 2731 3541 2801; baseline -0.001 -16"><span class='ocrx_word' id='word_1_557' title='bbox 1901 2731 2041 2799; x_wconf 90' lang='lat' dir='ltr'>viso,</span> <span class='ocrx_word' id='word_1_558' title='bbox 2073 2750 2308 2787; x_wconf 90' lang='lat' dir='ltr'>rursum</span> <span class='ocrx_word' id='word_1_559' title='bbox 2336 2734 2714 2789; x_wconf 72' lang='lat' dir='ltr'>contristatae</span> <span class='ocrx_word' id='word_1_560' title='bbox 2733 2738 2839 2789; x_wconf 87' lang='lat' dir='ltr'>est.</span> <span class='ocrx_word' id='word_1_561' title='bbox 2866 2733 3060 2788; x_wconf 89' lang='lat' dir='ltr'>Tertio</span> <span class='ocrx_word' id='word_1_562' title='bbox 3075 2731 3362 2801; x_wconf 91' lang='lat' dir='ltr'>conspicit</span> <span class='ocrx_word' id='word_1_563' title='bbox 3377 2746 3541 2784; x_wconf 92' lang='lat' dir='ltr'>eum-</span> 
     </span>
    </p>
   </div>
   <div class='ocr_carea' id='block_1_88' title="bbox 1902 2817 3547 2892">
    <p class='ocr_par' dir='ltr' id='par_1_88' title="bbox 1902 2817 3547 2892">
     <span class='ocr_line' id='line_1_88' title="bbox 1902 2817 3547 2892; baseline -0.002 -17"><span class='ocrx_word' id='word_1_564' title='bbox 1902 2821 2033 2875; x_wconf 92' lang='lat' dir='ltr'>dem</span> <span class='ocrx_word' id='word_1_565' title='bbox 2058 2821 2348 2877; x_wconf 91' lang='lat' dir='ltr'>dicentem</span> <span class='ocrx_word' id='word_1_566' title='bbox 2384 2823 2517 2878; x_wconf 91' lang='lat' dir='ltr'>sibi:</span> <span class='ocrx_word' id='word_1_567' title='bbox 2552 2823 2753 2879; x_wconf 83' lang='lat' dir='ltr'>Nescis</span> <span class='ocrx_word' id='word_1_568' title='bbox 2785 2823 2921 2892; x_wconf 88' lang='lat' dir='ltr'>quia</span> <span class='ocrx_word' id='word_1_569' title='bbox 2941 2823 3115 2877; x_wconf 90' lang='lat' dir='ltr'>frater</span> <span class='ocrx_word' id='word_1_570' title='bbox 3135 2828 3268 2875; x_wconf 90' lang='lat' dir='ltr'>tuus</span> <span class='ocrx_word' id='word_1_571' title='bbox 3293 2817 3547 2890; x_wconf 90' lang='lat' dir='ltr'>perdidit</span> 
     </span>
    </p>
   </div>
   <div class='ocr_carea' id='block_1_89' title="bbox 1900 2907 3548 2981">
    <p class='ocr_par' dir='ltr' id='par_1_89' title="bbox 1900 2907 3548 2981">
     <span class='ocr_line' id='line_1_89' title="bbox 1900 2907 3548 2981; baseline -0.001 -18"><span class='ocrx_word' id='word_1_572' title='bbox 1900 2909 2145 2966; x_wconf 90' lang='lat' dir='ltr'>liberam</span> <span class='ocrx_word' id='word_1_573' title='bbox 2166 2911 2471 2967; x_wconf 90' lang='lat' dir='ltr'>mulierem</span> <span class='ocrx_word' id='word_1_574' title='bbox 2489 2917 2543 2967; x_wconf 86' lang='lat' dir='ltr'>et</span> <span class='ocrx_word' id='word_1_575' title='bbox 2563 2912 2617 2966; x_wconf 91' lang='lat' dir='ltr'>in</span> <span class='ocrx_word' id='word_1_576' title='bbox 2641 2928 2879 2967; x_wconf 84' lang='lat' dir='ltr'>uxorem</span> <span class='ocrx_word' id='word_1_577' title='bbox 2896 2911 3177 2981; x_wconf 87' lang='lat' dir='ltr'>cauponis</span> <span class='ocrx_word' id='word_1_578' title='bbox 3196 2909 3416 2964; x_wconf 74' lang='lat' dir='ltr'>effusus</span> <span class='ocrx_word' id='word_1_579' title='bbox 3432 2907 3548 2963; x_wconf 82' lang='lat' dir='ltr'>est?</span> 
     </span>
    </p>
   </div>
   <div class='ocr_carea' id='block_1_90' title="bbox 1898 2996 3544 3071">
    <p class='ocr_par' dir='ltr' id='par_1_90' title="bbox 1898 2996 3544 3071">
     <span class='ocr_line' id='line_1_90' title="bbox 1898 2996 3544 3071; baseline -0.001 -18"><span class='ocrx_word' id='word_1_580' title='bbox 1898 2999 2143 3069; x_wconf 89' lang='lat' dir='ltr'>Scripsit</span> <span class='ocrx_word' id='word_1_581' title='bbox 2161 3000 2336 3071; x_wconf 90' lang='lat' dir='ltr'>igitur</span> <span class='ocrx_word' id='word_1_582' title='bbox 2359 3001 2429 3054; x_wconf 90' lang='lat' dir='ltr'>ad</span> <span class='ocrx_word' id='word_1_583' title='bbox 2449 3000 2614 3055; x_wconf 85' lang='lat' dir='ltr'>illum</span> <span class='ocrx_word' id='word_1_584' title='bbox 2634 3018 2702 3056; x_wconf 87' lang='lat' dir='ltr'>ex</span> <span class='ocrx_word' id='word_1_585' title='bbox 2718 2998 3247 3070; x_wconf 88' lang='lat' dir='ltr'>Constantinopoli,</span> <span class='ocrx_word' id='word_1_586' title='bbox 3264 3001 3326 3052; x_wconf 93' lang='lat' dir='ltr'>ut</span> <span class='ocrx_word' id='word_1_587' title='bbox 3348 2996 3544 3053; x_wconf 88' lang='lat' dir='ltr'>statim</span> 
     </span>
    </p>
   </div>
   <div class='ocr_carea' id='block_1_91' title="bbox 1900 3086 3548 3159">
    <p class='ocr_par' dir='ltr' id='par_1_91' title="bbox 1900 3086 3548 3159">
     <span class='ocr_line' id='line_1_91' title="bbox 1900 3086 3548 3159; baseline -0.001 -16"><span class='ocrx_word' id='word_1_588' title='bbox 1900 3088 2163 3144; x_wconf 89' lang='lat' dir='ltr'>dimissis</span> <span class='ocrx_word' id='word_1_589' title='bbox 2178 3090 2453 3144; x_wconf 90' lang='lat' dir='ltr'>omnibus</span> <span class='ocrx_word' id='word_1_590' title='bbox 2469 3088 3163 3159; x_wconf 83' lang='lat' dir='ltr'>veniretByzantium.Qui</span> <span class='ocrx_word' id='word_1_591' title='bbox 3180 3086 3548 3157; x_wconf 86' lang='lat' dir='ltr'>acceptisfra-</span> 
     </span>
    </p>
   </div>
   <div class='ocr_carea' id='block_1_92' title="bbox 1900 3175 3543 3247">
    <p class='ocr_par' dir='ltr' id='par_1_92' title="bbox 1900 3175 3543 3247">
     <span class='ocr_line' id='line_1_92' title="bbox 1900 3175 3543 3247; baseline -0.002 -16"><span class='ocrx_word' id='word_1_592' title='bbox 1900 3176 2004 3231; x_wconf 89' lang='lat' dir='ltr'>tris</span> <span class='ocrx_word' id='word_1_593' title='bbox 2020 3175 2458 3243; x_wconf 90' lang='lat' dir='ltr'>litteris,statim</span> <span class='ocrx_word' id='word_1_594' title='bbox 2474 3178 2927 3243; x_wconf 90' lang='lat' dir='ltr'>dimisitomnia,</span> <span class='ocrx_word' id='word_1_595' title='bbox 2944 3178 3212 3247; x_wconf 89' lang='lat' dir='ltr'>venitque</span> <span class='ocrx_word' id='word_1_596' title='bbox 3226 3176 3291 3231; x_wconf 88' lang='lat' dir='ltr'>ad</span> <span class='ocrx_word' id='word_1_597' title='bbox 3310 3176 3543 3231; x_wconf 85' lang='lat' dir='ltr'>fratrem</span> 
     </span>
    </p>
   </div>
   <div class='ocr_carea' id='block_1_93' title="bbox 1900 3265 3543 3334">
    <p class='ocr_par' dir='ltr' id='par_1_93' title="bbox 1900 3265 3543 3334">
     <span class='ocr_line' id='line_1_93' title="bbox 1900 3265 3543 3334; baseline -0.003 -13"><span class='ocrx_word' id='word_1_598' title='bbox 1900 3281 2096 3321; x_wconf 80' lang='lat' dir='ltr'>suum.</span> <span class='ocrx_word' id='word_1_599' title='bbox 2124 3266 2223 3320; x_wconf 90' lang='lat' dir='ltr'>Ille</span> <span class='ocrx_word' id='word_1_600' title='bbox 2246 3284 2378 3322; x_wconf 87' lang='lat' dir='ltr'>vero</span> <span class='ocrx_word' id='word_1_601' title='bbox 2403 3284 2536 3321; x_wconf 83' lang='lat' dir='ltr'>mox</span> <span class='ocrx_word' id='word_1_602' title='bbox 2560 3273 2623 3321; x_wconf 90' lang='lat' dir='ltr'>ut</span> <span class='ocrx_word' id='word_1_603' title='bbox 2646 3268 2959 3333; x_wconf 89' lang='lat' dir='ltr'>viditeum,</span> <span class='ocrx_word' id='word_1_604' title='bbox 2985 3266 3152 3319; x_wconf 84' lang='lat' dir='ltr'>duxit</span> <span class='ocrx_word' id='word_1_605' title='bbox 3178 3265 3235 3319; x_wconf 88' lang='lat' dir='ltr'>in</span> <span class='ocrx_word' id='word_1_606' title='bbox 3262 3265 3543 3334; x_wconf 88' lang='lat' dir='ltr'>majorem</span> 
     </span>
    </p>
   </div>
   <div class='ocr_carea' id='block_1_94' title="bbox 1895 3352 3540 3427">
    <p class='ocr_par' dir='ltr' id='par_1_94' title="bbox 1895 3352 3540 3427">
     <span class='ocr_line' id='line_1_94' title="bbox 1895 3352 3540 3427; baseline 0 -21"><span class='ocrx_word' id='word_1_607' title='bbox 1895 3352 2289 3419; x_wconf 90' lang='lat' dir='ltr'>ecclesiam,et</span> <span class='ocrx_word' id='word_1_608' title='bbox 2321 3356 2493 3426; x_wconf 70' lang='lat' dir='ltr'>coepit</span> <span class='ocrx_word' id='word_1_609' title='bbox 2516 3360 2758 3411; x_wconf 62' lang='lat' dir='ltr'>maestus</span> <span class='ocrx_word' id='word_1_610' title='bbox 2786 3355 3021 3427; x_wconf 89' lang='lat' dir='ltr'>culpare</span> <span class='ocrx_word' id='word_1_611' title='bbox 3042 3353 3303 3422; x_wconf 87' lang='lat' dir='ltr'>illum,ac</span> <span class='ocrx_word' id='word_1_612' title='bbox 3330 3352 3540 3407; x_wconf 89' lang='lat' dir='ltr'>dicere:</span> 
     </span>
    </p>
   </div>
   <div class='ocr_carea' id='block_1_95' title="bbox 1895 3440 3541 3517">
    <p class='ocr_par' dir='ltr' id='par_1_95' title="bbox 1895 3440 3541 3517">
     <span class='ocr_line' id='line_1_95' title="bbox 1895 3440 3541 3517; baseline 0 -21"><span class='ocrx_word' id='word_1_613' title='bbox 1895 3442 2046 3496; x_wconf 90' lang='lat' dir='ltr'>Bene</span> <span class='ocrx_word' id='word_1_614' title='bbox 2072 3443 2633 3517; x_wconf 85' lang='lat' dir='ltr'>fecisti,frater,quia</span> <span class='ocrx_word' id='word_1_615' title='bbox 2663 3445 2943 3516; x_wconf 86' lang='lat' dir='ltr'>cauponis</span> <span class='ocrx_word' id='word_1_616' title='bbox 2976 3460 3214 3498; x_wconf 83' lang='lat' dir='ltr'>uxorem</span> <span class='ocrx_word' id='word_1_617' title='bbox 3250 3440 3541 3497; x_wconf 85' lang='lat' dir='ltr'>adultera-</span> 
     </span>
    </p>
   </div>
   <div class='ocr_carea' id='block_1_96' title="bbox 1895 3531 3541 3604">
    <p class='ocr_par' dir='ltr' id='par_1_96' title="bbox 1895 3531 3541 3604">
     <span class='ocr_line' id='line_1_96' title="bbox 1895 3531 3541 3604; baseline 0 -20"><span class='ocrx_word' id='word_1_618' title='bbox 1895 3531 2003 3585; x_wconf 85' lang='lat' dir='ltr'>sti?</span> <span class='ocrx_word' id='word_1_619' title='bbox 2034 3534 2191 3596; x_wconf 90' lang='lat' dir='ltr'>Quod</span> <span class='ocrx_word' id='word_1_620' title='bbox 2228 3532 2324 3588; x_wconf 92' lang='lat' dir='ltr'>ille</span> <span class='ocrx_word' id='word_1_621' title='bbox 2352 3550 2484 3589; x_wconf 90' lang='lat' dir='ltr'>cum</span> <span class='ocrx_word' id='word_1_622' title='bbox 2517 3535 3002 3604; x_wconf 76' lang='lat' dir='ltr'>audisset,jurare</span> <span class='ocrx_word' id='word_1_623' title='bbox 3022 3549 3118 3603; x_wconf 90' lang='lat' dir='ltr'>per</span> <span class='ocrx_word' id='word_1_624' title='bbox 3141 3533 3321 3587; x_wconf 89' lang='lat' dir='ltr'>Deum</span> <span class='ocrx_word' id='word_1_625' title='bbox 3347 3532 3541 3586; x_wconf 89' lang='lat' dir='ltr'>omni-</span> 
     </span>
    </p>
   </div>
   <div class='ocr_carea' id='block_1_97' title="bbox 1895 3623 3542 3695">
    <p class='ocr_par' dir='ltr' id='par_1_97' title="bbox 1895 3623 3542 3695">
     <span class='ocr_line' id='line_1_97' title="bbox 1895 3623 3542 3695; baseline 0 -22"><span class='ocrx_word' id='word_1_626' title='bbox 1895 3624 2188 3690; x_wconf 85' lang='lat' dir='ltr'>potentem</span> <span class='ocrx_word' id='word_1_627' title='bbox 2223 3623 2417 3694; x_wconf 82' lang='lat' dir='ltr'>ccepit,</span> <span class='ocrx_word' id='word_1_628' title='bbox 2453 3626 2603 3693; x_wconf 84' lang='lat' dir='ltr'>quod</span> <span class='ocrx_word' id='word_1_629' title='bbox 2653 3640 2839 3695; x_wconf 89' lang='lat' dir='ltr'>neque</span> <span class='ocrx_word' id='word_1_630' title='bbox 2874 3624 3318 3687; x_wconf 85' lang='lat' dir='ltr'>adulteravcrat,</span> <span class='ocrx_word' id='word_1_631' title='bbox 3353 3637 3542 3689; x_wconf 78' lang='lat' dir='ltr'>neque</span> 
     </span>
    </p>
   </div>
   <div class='ocr_carea' id='block_1_98' title="bbox 1894 3710 3539 3785">
    <p class='ocr_par' dir='ltr' id='par_1_98' title="bbox 1894 3710 3539 3785">
     <span class='ocr_line' id='line_1_98' title="bbox 1894 3710 3539 3785; baseline 0.001 -22"><span class='ocrx_word' id='word_1_632' title='bbox 1894 3710 2199 3765; x_wconf 86' lang='lat' dir='ltr'>mulierem</span> <span class='ocrx_word' id='word_1_633' title='bbox 2237 3711 2677 3779; x_wconf 84' lang='lat' dir='ltr'>ullamnovcrat</span> <span class='ocrx_word' id='word_1_634' title='bbox 2705 3717 2913 3785; x_wconf 67' lang='lat' dir='ltr'>praeter</span> <span class='ocrx_word' id='word_1_635' title='bbox 2936 3712 3254 3783; x_wconf 86' lang='lat' dir='ltr'>legitimam</span> <span class='ocrx_word' id='word_1_636' title='bbox 3280 3727 3539 3765; x_wconf 82' lang='lat' dir='ltr'>uxorem.</span> 
     </span>
    </p>
   </div>
   <div class='ocr_carea' id='block_1_99' title="bbox 1892 3798 3536 3872">
    <p class='ocr_par' dir='ltr' id='par_1_99' title="bbox 1892 3798 3536 3872">
     <span class='ocr_line' id='line_1_99' title="bbox 1892 3798 3536 3872; baseline -0.001 -18"><span class='ocrx_word' id='word_1_637' title='bbox 1892 3802 2039 3854; x_wconf 90' lang='lat' dir='ltr'>Cum</span> <span class='ocrx_word' id='word_1_638' title='bbox 2064 3798 2186 3855; x_wconf 70' lang='lat' dir='ltr'>haec</span> <span class='ocrx_word' id='word_1_639' title='bbox 2205 3800 3363 3872; x_wconf 81' lang='lat' dir='ltr'>majorfrateraudissct,aitillizNunquid</span> <span class='ocrx_word' id='word_1_640' title='bbox 3381 3798 3536 3854; x_wconf 91' lang='lat' dir='ltr'>aliud</span> 
     </span>
    </p>
   </div>
   <div class='ocr_carea' id='block_1_100' title="bbox 1893 3888 3539 3963">
    <p class='ocr_par' dir='ltr' id='par_1_100' title="bbox 1893 3888 3539 3963">
     <span class='ocr_line' id='line_1_100' title="bbox 1893 3888 3539 3963; baseline 0.001 -21"><span class='ocrx_word' id='word_1_641' title='bbox 1893 3888 2199 3959; x_wconf 90' lang='lat' dir='ltr'>quidpiam</span> <span class='ocrx_word' id='word_1_642' title='bbox 2234 3890 2453 3961; x_wconf 90' lang='lat' dir='ltr'>peccati</span> <span class='ocrx_word' id='word_1_643' title='bbox 2484 3892 2765 3963; x_wconf 88' lang='lat' dir='ltr'>gravioris</span> <span class='ocrx_word' id='word_1_644' title='bbox 2798 3891 2901 3946; x_wconf 87' lang='lat' dir='ltr'>abs</span> <span class='ocrx_word' id='word_1_645' title='bbox 2932 3895 2986 3946; x_wconf 91' lang='lat' dir='ltr'>te</span> <span class='ocrx_word' id='word_1_646' title='bbox 3014 3894 3247 3961; x_wconf 84' lang='lat' dir='ltr'>gestum</span> <span class='ocrx_word' id='word_1_647' title='bbox 3281 3888 3399 3944; x_wconf 86' lang='lat' dir='ltr'>est?</span> <span class='ocrx_word' id='word_1_648' title='bbox 3438 3888 3539 3943; x_wconf 88' lang='lat' dir='ltr'>Ille</span> 
     </span>
    </p>
   </div>
   <div class='ocr_carea' id='block_1_101' title="bbox 1892 3976 3537 4044">
    <p class='ocr_par' dir='ltr' id='par_1_101' title="bbox 1892 3976 3537 4044">
     <span class='ocr_line' id='line_1_101' title="bbox 1892 3976 3537 4044; baseline 0 -14"><span class='ocrx_word' id='word_1_649' title='bbox 1892 3981 2087 4031; x_wconf 89' lang='lat' dir='ltr'>autem</span> <span class='ocrx_word' id='word_1_650' title='bbox 2113 3980 2502 4044; x_wconf 87' lang='lat' dir='ltr'>asseverabat,</span> <span class='ocrx_word' id='word_1_651' title='bbox 2523 3980 2744 4035; x_wconf 88' lang='lat' dir='ltr'>dicens:</span> <span class='ocrx_word' id='word_1_652' title='bbox 2761 3980 2907 4034; x_wconf 90' lang='lat' dir='ltr'>Vere</span> <span class='ocrx_word' id='word_1_653' title='bbox 2930 3978 3075 4033; x_wconf 89' lang='lat' dir='ltr'>nihil</span> <span class='ocrx_word' id='word_1_654' title='bbox 3097 3977 3241 4033; x_wconf 91' lang='lat' dir='ltr'>mibi</span> <span class='ocrx_word' id='word_1_655' title='bbox 3266 3976 3537 4032; x_wconf 87' lang='lat' dir='ltr'>conscius</span> 
     </span>
    </p>
   </div>
   <div class='ocr_carea' id='block_1_102' title="bbox 1889 4065 3535 4139">
    <p class='ocr_par' dir='ltr' id='par_1_102' title="bbox 1889 4065 3535 4139">
     <span class='ocr_line' id='line_1_102' title="bbox 1889 4065 3535 4139; baseline 0.001 -21"><span class='ocrx_word' id='word_1_656' title='bbox 1889 4080 2024 4119; x_wconf 89' lang='lat' dir='ltr'>sum</span> <span class='ocrx_word' id='word_1_657' title='bbox 2061 4065 2394 4137; x_wconf 89' lang='lat' dir='ltr'>iniquitatis</span> <span class='ocrx_word' id='word_1_658' title='bbox 2426 4068 2755 4135; x_wconf 89' lang='lat' dir='ltr'>admisisse,</span> <span class='ocrx_word' id='word_1_659' title='bbox 2790 4068 2901 4124; x_wconf 91' lang='lat' dir='ltr'>nisi</span> <span class='ocrx_word' id='word_1_660' title='bbox 2936 4069 3091 4139; x_wconf 91' lang='lat' dir='ltr'>quod</span> <span class='ocrx_word' id='word_1_661' title='bbox 3125 4066 3443 4123; x_wconf 87' lang='lat' dir='ltr'>monachos</span> <span class='ocrx_word' id='word_1_662' title='bbox 3475 4066 3535 4120; x_wconf 90' lang='lat' dir='ltr'>in</span> 
     </span>
    </p>
   </div>
   <div class='ocr_carea' id='block_1_103' title="bbox 1886 4157 3534 4232">
    <p class='ocr_par' dir='ltr' id='par_1_103' title="bbox 1886 4157 3534 4232">
     <span class='ocr_line' id='line_1_103' title="bbox 1886 4157 3534 4232; baseline -0.001 -19"><span class='ocrx_word' id='word_1_663' title='bbox 1886 4157 2018 4213; x_wconf 83' lang='lat' dir='ltr'>villa</span> <span class='ocrx_word' id='word_1_664' title='bbox 2052 4164 2253 4213; x_wconf 89' lang='lat' dir='ltr'>nostra</span> <span class='ocrx_word' id='word_1_665' title='bbox 2284 4163 2466 4231; x_wconf 86' lang='lat' dir='ltr'>reperi</span> <span class='ocrx_word' id='word_1_666' title='bbox 2492 4162 2783 4217; x_wconf 86' lang='lat' dir='ltr'>Severiani</span> <span class='ocrx_word' id='word_1_667' title='bbox 2804 4161 3114 4232; x_wconf 89' lang='lat' dir='ltr'>dogmatis,</span> <span class='ocrx_word' id='word_1_668' title='bbox 3139 4160 3534 4230; x_wconf 88' lang='lat' dir='ltr'>ignoransque</span> 
     </span>
    </p>
   </div>
   <div class='ocr_carea' id='block_1_104' title="bbox 1886 4246 3534 4318">
    <p class='ocr_par' dir='ltr' id='par_1_104' title="bbox 1886 4246 3534 4318">
     <span class='ocr_line' id='line_1_104' title="bbox 1886 4246 3534 4318; baseline -0.001 -16"><span class='ocrx_word' id='word_1_669' title='bbox 1886 4264 1951 4302; x_wconf 88' lang='lat' dir='ltr'>an</span> <span class='ocrx_word' id='word_1_670' title='bbox 1986 4247 2207 4302; x_wconf 90' lang='lat' dir='ltr'>malum</span> <span class='ocrx_word' id='word_1_671' title='bbox 2240 4250 2848 4315; x_wconf 88' lang='lat' dir='ltr'>esset,communicavi</span> <span class='ocrx_word' id='word_1_672' title='bbox 2882 4250 2985 4304; x_wconf 92' lang='lat' dir='ltr'>eis.</span> <span class='ocrx_word' id='word_1_673' title='bbox 3028 4249 3197 4303; x_wconf 90' lang='lat' dir='ltr'>Aliud</span> <span class='ocrx_word' id='word_1_674' title='bbox 3231 4246 3534 4318; x_wconf 89' lang='lat' dir='ltr'>quodlibet</span> 
     </span>
    </p>
   </div>
   <div class='ocr_carea' id='block_1_105' title="bbox 1887 4336 3534 4407">
    <p class='ocr_par' dir='ltr' id='par_1_105' title="bbox 1887 4336 3534 4407">
     <span class='ocr_line' id='line_1_105' title="bbox 1887 4336 3534 4407; baseline -0.001 -16"><span class='ocrx_word' id='word_1_675' title='bbox 1887 4337 2092 4407; x_wconf 88' lang='lat' dir='ltr'>ignoro</span> <span class='ocrx_word' id='word_1_676' title='bbox 2128 4353 2219 4391; x_wconf 91' lang='lat' dir='ltr'>me</span> <span class='ocrx_word' id='word_1_677' title='bbox 2252 4338 2477 4393; x_wconf 74' lang='lat' dir='ltr'>fecisse.</span> <span class='ocrx_word' id='word_1_678' title='bbox 2500 4339 2953 4393; x_wconf 86' lang='lat' dir='ltr'>Intellexittunc</span> <span class='ocrx_word' id='word_1_679' title='bbox 2977 4338 3162 4407; x_wconf 87' lang='lat' dir='ltr'>major</span> <span class='ocrx_word' id='word_1_680' title='bbox 3184 4341 3321 4391; x_wconf 90' lang='lat' dir='ltr'>natu</span> <span class='ocrx_word' id='word_1_681' title='bbox 3356 4336 3534 4391; x_wconf 87' lang='lat' dir='ltr'>frater</span> 
     </span>
    </p>
   </div>
   <div class='ocr_carea' id='block_1_106' title="bbox 1886 4424 3533 4496">
    <p class='ocr_par' dir='ltr' id='par_1_106' title="bbox 1886 4424 3533 4496">
     <span class='ocr_line' id='line_1_106' title="bbox 1886 4424 3533 4496; baseline -0.001 -17"><span class='ocrx_word' id='word_1_682' title='bbox 1886 4424 1992 4479; x_wconf 90' lang='lat' dir='ltr'>hoc</span> <span class='ocrx_word' id='word_1_683' title='bbox 2026 4442 2153 4481; x_wconf 91' lang='lat' dir='ltr'>esse</span> <span class='ocrx_word' id='word_1_684' title='bbox 2185 4428 2340 4496; x_wconf 90' lang='lat' dir='ltr'>quod</span> <span class='ocrx_word' id='word_1_685' title='bbox 2374 4426 2454 4480; x_wconf 92' lang='lat' dir='ltr'>illi</span> <span class='ocrx_word' id='word_1_686' title='bbox 2479 4427 2701 4481; x_wconf 90' lang='lat' dir='ltr'>dictum</span> <span class='ocrx_word' id='word_1_687' title='bbox 2728 4427 3289 4494; x_wconf 86' lang='lat' dir='ltr'>fuerat,fornicatum</span> <span class='ocrx_word' id='word_1_688' title='bbox 3308 4424 3533 4480; x_wconf 90' lang='lat' dir='ltr'>scilicet</span> 
     </span>
    </p>
   </div>
   <div class='ocr_carea' id='block_1_107' title="bbox 1883 4515 3529 4587">
    <p class='ocr_par' dir='ltr' id='par_1_107' title="bbox 1883 4515 3529 4587">
     <span class='ocr_line' id='line_1_107' title="bbox 1883 4515 3529 4587; baseline -0.001 -17"><span class='ocrx_word' id='word_1_689' title='bbox 1883 4532 2015 4570; x_wconf 91' lang='lat' dir='ltr'>eum</span> <span class='ocrx_word' id='word_1_690' title='bbox 2043 4515 2243 4581; x_wconf 88' lang='lat' dir='ltr'>fuisse,</span> <span class='ocrx_word' id='word_1_691' title='bbox 2277 4517 2415 4587; x_wconf 89' lang='lat' dir='ltr'>quia</span> <span class='ocrx_word' id='word_1_692' title='bbox 2430 4522 2633 4572; x_wconf 91' lang='lat' dir='ltr'>sancta</span> <span class='ocrx_word' id='word_1_693' title='bbox 2646 4516 2932 4572; x_wconf 88' lang='lat' dir='ltr'>catholica</span> <span class='ocrx_word' id='word_1_694' title='bbox 2946 4521 3001 4571; x_wconf 87' lang='lat' dir='ltr'>et</span> <span class='ocrx_word' id='word_1_695' title='bbox 3015 4515 3237 4587; x_wconf 89' lang='lat' dir='ltr'>apostol</span> <span class='ocrx_word' id='word_1_696' title='bbox 3250 4516 3336 4572; x_wconf 88' lang='lat' dir='ltr'>ica</span> <span class='ocrx_word' id='word_1_697' title='bbox 3348 4515 3529 4571; x_wconf 88' lang='lat' dir='ltr'>eccle-</span> 
     </span>
    </p>
   </div>
   <div class='ocr_carea' id='block_1_108' title="bbox 1882 4604 3531 4676">
    <p class='ocr_par' dir='ltr' id='par_1_108' title="bbox 1882 4604 3531 4676">
     <span class='ocr_line' id='line_1_108' title="bbox 1882 4604 3531 4676; baseline 0 -16"><span class='ocrx_word' id='word_1_698' title='bbox 1882 4604 1968 4661; x_wconf 89' lang='lat' dir='ltr'>sia</span> <span class='ocrx_word' id='word_1_699' title='bbox 1998 4605 2242 4672; x_wconf 89' lang='lat' dir='ltr'>omissa,</span> <span class='ocrx_word' id='word_1_700' title='bbox 2276 4606 2329 4659; x_wconf 92' lang='lat' dir='ltr'>in</span> <span class='ocrx_word' id='word_1_701' title='bbox 2366 4605 2633 4660; x_wconf 62' lang='lat' dir='ltr'>hwresim</span> <span class='ocrx_word' id='word_1_702' title='bbox 2668 4607 2858 4662; x_wconf 86' lang='lat' dir='ltr'>Severi</span> <span class='ocrx_word' id='word_1_703' title='bbox 2888 4605 3175 4676; x_wconf 82' lang='lat' dir='ltr'>acephali,</span> <span class='ocrx_word' id='word_1_704' title='bbox 3206 4605 3306 4676; x_wconf 91' lang='lat' dir='ltr'>qui</span> <span class='ocrx_word' id='word_1_705' title='bbox 3332 4622 3531 4660; x_wconf 88' lang='lat' dir='ltr'>revera</span> 
     </span>
    </p>
   </div>
   <div class='ocr_carea' id='block_1_109' title="bbox 1879 4694 3524 4765">
    <p class='ocr_par' dir='ltr' id='par_1_109' title="bbox 1879 4694 3524 4765">
     <span class='ocr_line' id='line_1_109' title="bbox 1879 4694 3524 4765; baseline 0.001 -15"><span class='ocrx_word' id='word_1_706' title='bbox 1879 4711 2066 4765; x_wconf 90' lang='lat' dir='ltr'>caupo</span> <span class='ocrx_word' id='word_1_707' title='bbox 2107 4699 2215 4763; x_wconf 90' lang='lat' dir='ltr'>est,</span> <span class='ocrx_word' id='word_1_708' title='bbox 2269 4712 2545 4750; x_wconf 88' lang='lat' dir='ltr'>corruens</span> <span class='ocrx_word' id='word_1_709' title='bbox 2573 4696 2854 4751; x_wconf 90' lang='lat' dir='ltr'>confusus</span> <span class='ocrx_word' id='word_1_710' title='bbox 2884 4704 3027 4765; x_wconf 90' lang='lat' dir='ltr'>erat,</span> <span class='ocrx_word' id='word_1_711' title='bbox 3061 4712 3126 4751; x_wconf 89' lang='lat' dir='ltr'>ac</span> <span class='ocrx_word' id='word_1_712' title='bbox 3159 4694 3524 4751; x_wconf 90' lang='lat' dir='ltr'>nobilitatem</span> 
     </span>
    </p>
   </div>
   <div class='ocr_carea' id='block_1_110' title="bbox 1879 4784 2699 4842">
    <p class='ocr_par' dir='ltr' id='par_1_110' title="bbox 1879 4784 2699 4842">
     <span class='ocr_line' id='line_1_110' title="bbox 1879 4784 2699 4842; baseline 0.002 -2"><span class='ocrx_word' id='word_1_713' title='bbox 1879 4790 2049 4841; x_wconf 70' lang='lat' dir='ltr'>recta:</span> <span class='ocrx_word' id='word_1_714' title='bbox 2074 4784 2205 4841; x_wconf 84' lang='lat' dir='ltr'>tidei</span> <span class='ocrx_word' id='word_1_715' title='bbox 2238 4787 2699 4842; x_wconf 76' lang='lat' dir='ltr'>contaminaret.</span> 
     </span>
    </p>
   </div>
   <div class='ocr_carea' id='block_1_111' title="bbox 2405 4901 2996 4957">
    <p class='ocr_par' dir='ltr' id='par_1_111' title="bbox 2405 4901 2996 4957">
     <span class='ocr_line' id='line_1_111' title="bbox 2405 4901 2996 4957; baseline -0.005 0"><span class='ocrx_word' id='word_1_716' title='bbox 2405 4901 2631 4957; x_wconf 84' lang='lat' dir='ltr'>CAPUT</span> <span class='ocrx_word' id='word_1_717' title='bbox 2661 4902 2996 4957; x_wconf 82' lang='lat' dir='ltr'>CLXXXIX.</span> 
     </span>
    </p>
   </div>
   <div class='ocr_carea' id='block_1_112' title="bbox 1887 4990 3533 5061">
    <p class='ocr_par' dir='ltr' id='par_1_112' title="bbox 1887 4990 3533 5061">
     <span class='ocr_line' id='line_1_112' title="bbox 1887 4990 3533 5061; baseline -0.001 -15"><span class='ocrx_word' id='word_1_718' title='bbox 1887 4990 2000 5046; x_wconf 80' lang='lat' dir='ltr'>Vita</span> <span class='ocrx_word' id='word_1_719' title='bbox 2034 4990 2286 5045; x_wconf 81' lang='lat' dir='ltr'>mulieris</span> <span class='ocrx_word' id='word_1_720' title='bbox 2315 5006 2440 5060; x_wconf 75' lang='lat' dir='ltr'>quae</span> <span class='ocrx_word' id='word_1_721' title='bbox 2467 4991 2629 5061; x_wconf 85' lang='lat' dir='ltr'>[idem</span> <span class='ocrx_word' id='word_1_722' title='bbox 2659 4994 2901 5046; x_wconf 77' lang='lat' dir='ltr'>servavit</span> <span class='ocrx_word' id='word_1_723' title='bbox 2936 4995 3052 5046; x_wconf 79' lang='lat' dir='ltr'>viro</span> <span class='ocrx_word' id='word_1_724' title='bbox 3074 5007 3169 5047; x_wconf 78' lang='lat' dir='ltr'>suo</span> <span class='ocrx_word' id='word_1_725' title='bbox 3200 4992 3533 5060; x_wconf 74' lang='lat' dir='ltr'>negotiatori</span> 
     </span>
    </p>
   </div>
   <div class='ocr_carea' id='block_1_113' title="bbox 2280 5064 3107 5133">
    <p class='ocr_par' dir='ltr' id='par_1_113' title="bbox 2280 5064 3107 5133">
     <span class='ocr_line' id='line_1_113' title="bbox 2280 5064 3107 5133; baseline 0.002 -16"><span class='ocrx_word' id='word_1_726' title='bbox 2280 5068 2333 5117; x_wconf 82' lang='lat' dir='ltr'>et</span> <span class='ocrx_word' id='word_1_727' title='bbox 2363 5065 2522 5117; x_wconf 81' lang='lat' dir='ltr'>ambo</span> <span class='ocrx_word' id='word_1_728' title='bbox 2552 5080 2585 5116; x_wconf 84' lang='grc' dir='ltr'><em>α</em></span> <span class='ocrx_word' id='word_1_729' title='bbox 2617 5065 2719 5118; x_wconf 86' lang='lat' dir='ltr'>Deo</span> <span class='ocrx_word' id='word_1_730' title='bbox 2750 5064 2930 5133; x_wconf 81' lang='lat' dir='ltr'>adjuti</span> <span class='ocrx_word' id='word_1_731' title='bbox 2960 5073 3107 5119; x_wconf 82' lang='lat' dir='ltr'>sunt.</span> 
     </span>
    </p>
   </div>
   <div class='ocr_carea' id='block_1_114' title="bbox 1952 5150 3529 5219">
    <p class='ocr_par' dir='ltr' id='par_1_114' title="bbox 1952 5150 3529 5219">
     <span class='ocr_line' id='line_1_114' title="bbox 1952 5150 3529 5219; baseline 0.003 -17"><span class='ocrx_word' id='word_1_732' title='bbox 1952 5150 2234 5205; x_wconf 87' lang='lat' dir='ltr'>Venimus</span> <span class='ocrx_word' id='word_1_733' title='bbox 2259 5151 2601 5207; x_wconf 84' lang='lat' dir='ltr'>Ascalonem</span> <span class='ocrx_word' id='word_1_734' title='bbox 2618 5153 2673 5206; x_wconf 91' lang='lat' dir='ltr'>in</span> <span class='ocrx_word' id='word_1_735' title='bbox 2691 5154 3115 5208; x_wconf 85' lang='lat' dir='ltr'>xenodocbium</span> <span class='ocrx_word' id='word_1_736' title='bbox 3135 5154 3529 5219; x_wconf 81' lang='lat' dir='ltr'>Patrum,nur-</span> 
     </span>
    </p>
   </div>
   <div class='ocr_carea' id='block_1_115' title="bbox 1881 5240 3526 5314">
    <p class='ocr_par' dir='ltr' id='par_1_115' title="bbox 1881 5240 3526 5314">
     <span class='ocr_line' id='line_1_115' title="bbox 1881 5240 3526 5314; baseline 0.001 -21"><span class='ocrx_word' id='word_1_737' title='bbox 1881 5240 2143 5310; x_wconf 80' lang='lat' dir='ltr'>ravitquc</span> <span class='ocrx_word' id='word_1_738' title='bbox 2168 5240 2335 5295; x_wconf 90' lang='lat' dir='ltr'>nobis</span> <span class='ocrx_word' id='word_1_739' title='bbox 2364 5241 2543 5296; x_wconf 86' lang='lat' dir='ltr'>abbas</span> <span class='ocrx_word' id='word_1_740' title='bbox 2580 5242 2863 5297; x_wconf 79' lang='lat' dir='ltr'>Eusebius</span> <span class='ocrx_word' id='word_1_741' title='bbox 2893 5244 3214 5314; x_wconf 79' lang='lat' dir='ltr'>presbyter,</span> <span class='ocrx_word' id='word_1_742' title='bbox 3249 5242 3399 5314; x_wconf 88' lang='lat' dir='ltr'>quod</span> <span class='ocrx_word' id='word_1_743' title='bbox 3424 5260 3526 5295; x_wconf 84' lang='lat' dir='ltr'>ne-</span> 
     </span>
    </p>
   </div>
   <div class='ocr_carea' id='block_1_116' title="bbox 1880 5329 3524 5402">
    <p class='ocr_par' dir='ltr' id='par_1_116' title="bbox 1880 5329 3524 5402">
     <span class='ocr_line' id='line_1_116' title="bbox 1880 5329 3524 5402; baseline 0.001 -19"><span class='ocrx_word' id='word_1_744' title='bbox 1880 5329 2132 5400; x_wconf 85' lang='lat' dir='ltr'>gotiator</span> <span class='ocrx_word' id='word_1_745' title='bbox 2163 5330 2401 5401; x_wconf 88' lang='lat' dir='ltr'>quidam</span> <span class='ocrx_word' id='word_1_746' title='bbox 2441 5331 2723 5402; x_wconf 78' lang='lat' dir='ltr'>navigans</span> <span class='ocrx_word' id='word_1_747' title='bbox 2749 5333 3099 5401; x_wconf 85' lang='lat' dir='ltr'>perdidisset</span> <span class='ocrx_word' id='word_1_748' title='bbox 3120 5331 3315 5386; x_wconf 88' lang='lat' dir='ltr'>omnia</span> <span class='ocrx_word' id='word_1_749' title='bbox 3341 5336 3397 5385; x_wconf 89' lang='lat' dir='ltr'>et</span> <span class='ocrx_word' id='word_1_750' title='bbox 3417 5348 3524 5385; x_wconf 90' lang='lat' dir='ltr'>sua</span> 
     </span>
    </p>
   </div>
   <div class='ocr_carea' id='block_1_117' title="bbox 1879 5418 3518 5491">
    <p class='ocr_par' dir='ltr' id='par_1_117' title="bbox 1879 5418 3518 5491">
     <span class='ocr_line' id='line_1_117' title="bbox 1879 5418 3518 5491; baseline -0.001 -19"><span class='ocrx_word' id='word_1_751' title='bbox 1879 5424 1935 5472; x_wconf 91' lang='lat' dir='ltr'>et</span> <span class='ocrx_word' id='word_1_752' title='bbox 1966 5418 2178 5483; x_wconf 85' lang='lat' dir='ltr'>aliena,</span> <span class='ocrx_word' id='word_1_753' title='bbox 2206 5420 2603 5489; x_wconf 83' lang='lat' dir='ltr'>evasissctque</span> <span class='ocrx_word' id='word_1_754' title='bbox 2637 5422 2759 5491; x_wconf 78' lang='lat' dir='ltr'>ipse</span> <span class='ocrx_word' id='word_1_755' title='bbox 2801 5422 3191 5491; x_wconf 78' lang='lat' dir='ltr'>naufragium.</span> <span class='ocrx_word' id='word_1_756' title='bbox 3226 5420 3330 5481; x_wconf 86' lang='lat' dir='ltr'>Qui</span> <span class='ocrx_word' id='word_1_757' title='bbox 3386 5436 3518 5472; x_wconf 85' lang='lat' dir='ltr'>cum</span> 
     </span>
    </p>
   </div>
   <div class='ocr_carea' id='block_1_118' title="bbox 1878 5507 3521 5582">
    <p class='ocr_par' dir='ltr' id='par_1_118' title="bbox 1878 5507 3521 5582">
     <span class='ocr_line' id='line_1_118' title="bbox 1878 5507 3521 5582; baseline -0.002 -21"><span class='ocrx_word' id='word_1_758' title='bbox 1878 5508 2131 5563; x_wconf 87' lang='lat' dir='ltr'>venisset</span> <span class='ocrx_word' id='word_1_759' title='bbox 2157 5509 2289 5573; x_wconf 86' lang='lat' dir='ltr'>huc,</span> <span class='ocrx_word' id='word_1_760' title='bbox 2315 5526 2346 5563; x_wconf 88' lang='lat' dir='ltr'>a</span> <span class='ocrx_word' id='word_1_761' title='bbox 2372 5510 2757 5563; x_wconf 80' lang='lat' dir='ltr'>creditoribus</span> <span class='ocrx_word' id='word_1_762' title='bbox 2780 5512 3240 5582; x_wconf 82' lang='lat' dir='ltr'>comprehensus</span> <span class='ocrx_word' id='word_1_763' title='bbox 3258 5507 3384 5562; x_wconf 90' lang='lat' dir='ltr'>etin</span> <span class='ocrx_word' id='word_1_764' title='bbox 3401 5524 3521 5559; x_wconf 85' lang='lat' dir='ltr'>car-</span> 
     </span>
    </p>
   </div>
   <div class='ocr_carea' id='block_1_119' title="bbox 1880 5598 3520 5671">
    <p class='ocr_par' dir='ltr' id='par_1_119' title="bbox 1880 5598 3520 5671">
     <span class='ocr_line' id='line_1_119' title="bbox 1880 5598 3520 5671; baseline -0.004 -16"><span class='ocrx_word' id='word_1_765' title='bbox 1880 5614 2066 5655; x_wconf 88' lang='lat' dir='ltr'>cerem</span> <span class='ocrx_word' id='word_1_766' title='bbox 2088 5598 2304 5653; x_wconf 89' lang='lat' dir='ltr'>missus</span> <span class='ocrx_word' id='word_1_767' title='bbox 2322 5600 2784 5671; x_wconf 78' lang='lat' dir='ltr'>est,direptaque</span> <span class='ocrx_word' id='word_1_768' title='bbox 2799 5600 3140 5656; x_wconf 84' lang='lat' dir='ltr'>suntomnia</span> <span class='ocrx_word' id='word_1_769' title='bbox 3158 5617 3188 5667; x_wconf 90' lang='lat' dir='ltr'>q</span> <span class='ocrx_word' id='word_1_770' title='bbox 3203 5612 3520 5662; x_wconf 75' lang='lat' dir='ltr'>mecumque</span> 
     </span>
    </p>
   </div>
   <div class='ocr_carea' id='block_1_120' title="bbox 1880 5683 3515 5758">
    <p class='ocr_par' dir='ltr' id='par_1_120' title="bbox 1880 5683 3515 5758">
     <span class='ocr_line' id='line_1_120' title="bbox 1880 5683 3515 5758; baseline -0.002 -15"><span class='ocrx_word' id='word_1_771' title='bbox 1880 5688 2034 5743; x_wconf 90' lang='lat' dir='ltr'>domi</span> <span class='ocrx_word' id='word_1_772' title='bbox 2058 5686 2332 5757; x_wconf 85' lang='lat' dir='ltr'>habebat,</span> <span class='ocrx_word' id='word_1_773' title='bbox 2366 5692 2423 5742; x_wconf 90' lang='lat' dir='ltr'>et</span> <span class='ocrx_word' id='word_1_774' title='bbox 2456 5688 2915 5757; x_wconf 81' lang='lat' dir='ltr'>conjugisetiam</span> <span class='ocrx_word' id='word_1_775' title='bbox 2943 5688 3128 5758; x_wconf 90' lang='lat' dir='ltr'>ipsius</span> <span class='ocrx_word' id='word_1_776' title='bbox 3148 5683 3515 5740; x_wconf 85' lang='lat' dir='ltr'>vestimenta.</span> 
     </span>
    </p>
   </div>
  </div>
