4002 6166
413 328 520 385 219

1610 331 1708 386 DE
1748 330 1933 386 VITIS
1967 330 2267 388 PATRUM
2303 333 2519 388 LIBER
2558 332 2634 388 X.

3687 338 3787 395 220

418 456 524 512 Illa
553 455 734 529 igitur
761 472 828 511 ex
860 455 1045 511 multa
1077 454 1390 525 anxietate,
1412 459 1469 511 et
1490 455 1749 526 tristitia,
1782 460 1838 513 et
1863 455 2064 529 inopia
2093 461 2146 527 Α
2178 457 2317 513 Ecce
2347 460 2626 530 quoniam
2663 464 3045 517 servaverunt
3075 460 3173 517 isti
3208 463 3540 518 mandatum
3581 467 3792 522 Domini

418 564 532 602 non
557 549 785 617 poterat
806 545 995 600 virum
1018 546 1111 601 vel
1147 562 1296 617 pane
1338 546 1583 602 nutrire.
1618 546 1866 602 Sedente
1895 546 2077 619 igitur

413 635 513 691 illa
535 636 628 691 die
647 637 904 707 quadam
936 636 995 690 in
1023 651 1256 692 carcere
1285 640 1341 692 et
1370 642 1662 709 gemente,
1704 636 1941 692 intravit
1986 636 2075 691 vir

417 725 657 796 quidam
692 742 939 794 magnus
973 724 1186 781 vinctis
1209 726 1348 780 dare
1370 726 1823 799 eleemosynam.
1851 727 2071 781 Videns

414 832 548 871 vero
586 814 888 870 mulierem
915 815 1156 870 liberam
1183 816 1482 871 sedentem
1504 832 1634 872 cum
1659 817 1782 872 viro
1805 816 2070 885 suo,vul-

418 909 660 960 neratus
679 910 766 959 est
784 904 843 959 in
867 920 1064 960 amore
1089 904 1297 976 ipsius,
1321 909 1445 960 erat
1465 906 1620 960 enim
1640 905 2067 977 spiciosissima

416 994 835 1065 mandavitque
865 992 948 1047 illi
975 1010 1078 1065 per
1108 993 1496 1048 carcerarium
1531 997 1595 1048 ut
1628 995 1697 1049 ad
1729 1010 1791 1049 se
1821 994 2060 1049 veniret.

420 1083 524 1138 llla
557 1083 762 1138 videns
795 1083 947 1153 quod
979 1099 1202 1154 agapen
1238 1088 1550 1155 acceptura
1599 1087 1774 1149 esset,
1815 1082 2066 1137 libenter

414 1172 680 1228 accessit.
707 1173 813 1236 Qui
850 1188 1094 1228 sumens
1124 1172 1285 1227 illam
1310 1174 1683 1242 seorsum,ait
1714 1172 1786 1228 ei:
1810 1171 1955 1235 Quid
1976 1176 2064 1228 est

412 1263 565 1331 quod
586 1262 789 1330 habes,
822 1266 879 1316 et
910 1262 1080 1332 cujus
1105 1262 1184 1316 rei
1208 1263 1398 1334 gratia
1429 1262 1523 1317 hic
1554 1262 1797 1326 esPQuae
1818 1261 1901 1315 illi
1923 1277 2064 1317 cun-

410 1356 498 1405 cta
529 1350 837 1406 enarravit.
873 1351 969 1405 Ait
1000 1355 1195 1405 autem
1230 1351 1391 1422 ipse:
1430 1351 1489 1406 Si
1539 1350 1868 1422 persolvero
1900 1351 2061 1407 debi-

408 1447 558 1506 tum,
583 1440 839 1495 dormies
883 1456 1113 1494 mecum
1153 1445 1321 1496 nocte
1354 1441 1496 1495 ista?
1550 1440 1653 1495 Illa
1682 1444 1877 1496 autem
1930 1458 2062 1498 vere

411 1529 807 1602 pulcherrima
830 1534 885 1584 et
918 1529 1303 1601 pudicissima
1335 1531 1487 1585 922
1533 1529 1677 1584 dixit
1708 1530 1779 1585 ei:
1829 1530 2059 1598 Audivi,

410 1619 969 1687 domine,dicentem
996 1618 1503 1691 Apestolum,quia
1520 1619 1731 1675 mulier
1752 1636 1867 1675 non
1891 1619 2066 1675 habet

411 1712 763 1779 potestatem
800 1708 1017 1779 proprii
1051 1708 1335 1779 corporis,
1378 1709 1477 1764 sed
1528 1709 1615 1762 vir
1665 1710 1739 1779 (II
1772 1708 1895 1763 Cor.
1936 1709 2060 1779 vn).

2187 548 2372 603 nostri
2404 549 2542 605 Jesu
2579 550 2815 619 Christi,
2851 551 3249 622 magniﬁcavit
3270 556 3324 607 et
3349 552 3470 624 ipse
3500 552 3555 608 in
3589 554 3666 610 eis
3696 556 3797 610 mi-

2184 638 2561 695 sericordiam
2592 656 2783 696 suam.

2797 748 3032 805 CAPUT
3070 748 3219 805 CXC.

2186 834 2517 891 llhraculum
2546 836 2612 892 de
2644 836 2795 908 ligno
2826 840 3025 894 donato
3056 839 3250 894 abbati
3285 838 3511 896 Brachia
3550 841 3799 911 Egyptz‘o.

2248 925 2517 980 Narravit
2548 926 2718 981 nobis
2732 927 3091 983 Athanasius
3112 928 3505 985 Antiochenus
3521 929 3591 985 de
3611 930 3800 986 abbate

2182 1013 2719 1087 BrochaEgyptio,
2750 1016 2953 1072 dicens
2981 1034 2992 1070 :
3042 1017 3185 1072 Cum
3219 1017 3473 1073 venisset
3500 1018 3585 1072 vir
3625 1017 3715 1073 ille
3738 1034 3800 1073 ex

2174 1102 2419 1174 Egypto
2453 1104 2889 1175 in’Seleuciam,
2922 1122 3053 1176 quae
3084 1122 3262 1178 prope
3303 1107 3659 1162 Antiochiam
3700 1112 3799 1176 est,

2174 1191 2397 1248 invenit
2410 1202 2566 1249 extra
2583 1196 2875 1251 civitatem
2892 1195 3085 1251 locum
3102 1197 3396 1252 desertum
3412 1195 3801 1268 quaerebatque

2179 1285 2517 1338 construere
2534 1284 2646 1338 sibi
2672 1285 2727 1338 in
2760 1300 2825 1339 eo
2858 1301 3094 1356 parvam
3130 1284 3422 1340 cellulam.
3454 1285 3631 1349 Quam
3678 1301 3800 1340 cum

2171 1371 2578 1440 exstruxisset,
2609 1388 2800 1444 neque
2827 1374 3063 1429 haberet
3086 1376 3240 1429 unde
3260 1374 3422 1429 illam
3436 1374 3699 1446 operiret,
3720 1374 3799 1429 in-

2175 1475 2419 1532 gressus
2451 1462 2651 1517 urbem
2678 1463 2771 1518 die
2802 1463 3055 1534 quadam
3092 1463 3311 1519 invenit
3333 1462 3682 1529 Anatolium,
3714 1461 3800 1534 qui

2176 1550 2630 1621 cognominatus
2663 1556 2753 1606 est
2782 1552 3032 1618 Curvus,
3087 1552 3363 1607 Seleuciae
3395 1557 3451 1608 et
3505 1550 3802 1607 Antiochia:

2177 1654 2361 1693 unum
2378 1655 2443 1694 ex
2462 1640 2757 1711 primariis
2771 1641 3068 1695 sedentem
3084 1646 3251 1697 extra
3264 1641 3476 1696 domus
3489 1656 3602 1695 suae
3617 1641 3800 1704 limen,

2172 1727 2435 1799 dixitque
2457 1729 2527 1783 ei:
2557 1730 3393 1799 Fac,domine,charitatem,et
3410 1731 3481 1786 da
3499 1729 3637 1784 mihi
3656 1727 3802 1799 ligna

409 1797 687 1896 Permitte
710 1812 867 1896 ergo,
888 1797 1151 1896 domine,
1171 1797 1815 1896 utin-terrogem_Vit‘llm
1840 1812 2061 1896 metm}:
2093 1830 2139 1896 Β
2173 1797 2425 1888 modica,
2448 1826 2508 1873 ut
2534 1797 3024 1889 tegamcellulam
3051 1797 3377 1877 meam.llle
3408 1835 3538 1874 vero
3568 1797 3799 1873 maxime

407 1891 465 1941 et
486 1886 775 1957 quidquid
808 1887 905 1940 ille
934 1886 1184 1957 jusserit
1212 1887 1447 1941 faciam.
1472 1887 1845 1958 Veniensque
1864 1887 2061 1942 omnia

2180 1886 2509 1979 indigna-ns,
2542 1886 2623 1963 ait
2654 1908 2761 1963 illi:
2796 1909 2939 1963 Ecce
2966 1908 3221 1980 lignum,
3270 1908 3410 1964 tolle
3459 1911 3515 1963 et
3559 1906 3796 1974 discede;

406 1976 703 2030 nuntiavit
725 1975 846 2030 viro
870 1993 997 2030 suo.
1027 1974 1150 2043 Ille,
1183 1984 1245 2031 ut
1267 1976 1792 2048 prudentissimus,
1816 1981 1872 2032 et
1894 1976 2057 2032 uxori

405 2082 524 2121 suae
548 2066 801 2120 maximo
826 2066 1127 2121 devinctus
1150 2066 1379 2132 affectu,
1408 2070 1609 2138 raptus
1636 2082 1751 2120 non
1775 2070 1863 2121 est
1885 2082 1987 2137 spe
2004 2070 2060 2120 et

404 2155 693 2211 desiderio
709 2155 987 2211 evadendi
1002 2155 1251 2211 carceris
1266 2156 1644 2226 injurias;sed
1664 2155 2058 2226 ingemiscens

406 2262 537 2301 cum
574 2244 853 2316 lacrymis
885 2244 967 2300 ait
990 2244 1153 2299 uxori
1179 2261 1191 2299 :
1220 2245 1415 2316 Perge,
1462 2260 1635 2317 perge
1677 2261 1861 2313 soror,
1893 2245 2057 2299 abre-

411 2333 887 2401 nuntiabomini;
930 2350 1101 2405 spero
1150 2333 1305 2389 enim
1346 2334 1405 2388 in
1440 2334 1754 2389 Dominum
1787 2336 2054 2388 nostrum

405 2422 609 2479 Josum
636 2420 958 2490 Christum,
976 2422 1243 2493 quianon
1278 2421 1643 2493 derelinquet
1666 2439 1771 2477 nos
1794 2439 1981 2494 usque
1999 2423 2056 2478 in

408 2512 608 2567 finem.
642 2511 979 2584 Exsurgens
1011 2516 1202 2568 autem
1223 2510 1321 2567 illa
1339 2511 1565 2567 dimisit
1594 2529 1627 2567 a
1648 2527 1709 2567 se
1732 2511 2054 2579 hominem,

406 2600 629 2655 dicens:
663 2600 788 2654 Dixi
814 2600 939 2655 viro
973 2615 1124 2670 meo,
1156 2604 1213 2655 et
1245 2616 1359 2655 non
1385 2600 1528 2655 vult.

478 2696 586 2745 Per
615 2689 672 2743 id
707 2693 901 2744 autem
926 2689 1211 2761 temporis
1232 2690 1382 2745 latro
1398 2689 1636 2762 quidam
1662 2689 1915 2761 injectus
1941 2690 2057 2745 fue-

408 2783 497 2833 rat
531 2779 588 2833 in
624 2778 819 2849 ipsum
844 2795 1131 2833 carcerem
1156 2779 1495 2851 priusquam
1525 2780 1852 2851 negotiator
1872 2778 2055 2834 vinci-

410 2872 590 2923 retur:
625 2867 719 2923 hic
750 2868 945 2923 omnia
976 2867 1340 2939 inspiciebat,
1392 2874 1449 2923 et
1496 2868 1774 2925 audiebat
1830 2869 1935 2923 viri
1992 2886 2056 2923 ac

412 2957 676 3013 mulieris
708 2958 900 3027 verba,
935 2957 1332 3029 ingemuitque
1351 2959 1502 3030 apud
1538 2958 1942 3029 semetipsum,
1977 2959 2059 3013 di-

412 3063 569 3101 cens:
601 3046 740 3102 Ecce
770 3047 826 3101 in
862 3063 977 3118 quo
1009 3047 1105 3102 isti
1140 3063 1279 3102 casu
1307 3047 1588 3116 existunt,
1621 3064 1811 3119 neque
1860 3052 2053 3103 tamen

408 3136 736 3191 libertatem
753 3152 918 3191 suam
938 3137 1341 3207 prodiderunt,
1359 3141 1423 3191 ut
1437 3136 1715 3207 pecunias
1729 3137 2059 3208 acciperent

408 3229 465 3282 et
483 3224 940 3297 dimitterentur,
976 3226 1074 3282 sed
1102 3225 1443 3297 pudicitiam
1469 3226 1655 3298 pluris
1685 3243 1859 3298 quam
1892 3243 2060 3297 pecu-

410 3314 568 3371 niam
601 3316 1104 3381 existimaverunt;
1138 3316 1386 3387 vitazque
1411 3315 1588 3371 istius
1611 3316 1940 3383 commoda,
1996 3321 2060 3370 ut

407 3403 570 3459 illius
593 3403 1092 3475 pulchritudinem
1120 3420 1234 3458 non
1254 3404 1537 3459 violarent
1559 3408 2053 3476 contempserunt.

411 3494 485 3547 At
516 3509 620 3564 ego
652 3492 792 3563 quid
828 3494 1036 3548 faciam
1073 3493 1272 3559 miser,
1314 3494 1413 3565 qui
1448 3510 1750 3564 nunquam
1812 3493 2057 3564 cogitavi

412 3581 568 3651 quod
591 3585 740 3635 Deus
759 3586 933 3648 esset,
951 3582 1233 3636 etidcirco
1252 3581 1705 3637 homicidiorum
1722 3588 1924 3637 auctor
1946 3583 2059 3637 fui?

410 3670 994 3725 Vocansautemillos
1010 3673 1078 3725 ad
1112 3686 1173 3726 se
1191 3688 1290 3742 per
1330 3671 1646 3727 fenestram
1686 3672 1814 3743 ejus
1836 3671 2057 3727 cellula:

413 3759 512 3813 ubi
543 3758 776 3813 vinctus
799 3759 1189 3825 detinebatur,
1223 3759 1369 3813 dixit
1389 3760 1493 3814 eis:
1525 3760 1635 3831 Ego
1662 3760 1808 3815 latro
1839 3778 1968 3815 sum
2002 3765 2060 3816 et

414 3848 658 3902 caedium
719 3852 996 3919 patrator,
1059 3849 1443 3921 quamobrem
1512 3866 1864 3922 quacunque
1920 3851 2062 3907 hora

410 3953 631 4008 praeses
660 3938 906 4007 venerit,
934 3939 1005 3993 ad
1039 3943 1287 3993 mortem
1321 3942 1386 3993 ut
1418 3938 1713 3994 homicida
1756 3940 2061 3995 ducendus

410 4043 566 4082 sum.
584 4027 979 4082 Considerans
1002 4045 1135 4083 vero
1158 4029 1435 4099 pudicum
1460 4029 1771 4085 consilium
1796 4035 2056 4087 vestrum

410 4128 800 4188 compunctus
824 4133 976 4172 sum:
1004 4118 1204 4189 itaque
1225 4119 1466 4190 pergite,
1491 4123 1547 4173 et
1568 4119 1624 4172 in
1655 4119 1780 4175 loco
1800 4119 1898 4175 illo
1922 4121 2060 4175 civi-

409 4207 547 4261 tatis
582 4208 782 4275 fodite,
816 4212 873 4262 et
899 4207 1145 4279 accipite
1172 4224 1322 4279 quas
1352 4207 1692 4263 inveneritis
1744 4209 2057 4280 pecunias;

411 4313 666 4369 cumque
681 4297 1077 4368 persolveritis
1090 4299 1377 4369 debitum,
1409 4298 1665 4370 plurima
1679 4299 1851 4354 etiam
1892 4302 2061 4354 eulo-

410 4387 506 4457 gia
536 4388 862 4442 remanebit
892 4389 1076 4455 vobis,
1111 4394 1271 4443 orate
1304 4404 1407 4460 pro
1441 4404 1555 4455 me,
1588 4392 1729 4443 utet
1758 4404 1864 4460 ego
1898 4388 2057 4443 inve-

411 4474 568 4529 niam
602 4475 1084 4532 misericordiam.

2170 1997 2487 2052 ostendens
2521 1996 2605 2052 illi
2632 1998 2858 2052 trabem
2883 1998 3222 2065 maximam,
3248 2014 3426 2069 quam
3458 1996 3795 2065 habebatja-

2170 2090 2395 2142 centem
2431 2091 2561 2141 ante
2581 2087 2823 2141 domum
2847 2103 3038 2153 suam,
3063 2088 3133 2143 de
3155 2104 3272 2159 qua
3292 2088 3445 2143 facta
3466 2090 3615 2142 esset
3641 2086 3799 2141 arbor

2170 2176 2335 2231 navis
2363 2175 2641 2230 onerariae
2667 2176 3098 2248 quinquaginta
3119 2176 3394 2232 millium.
3420 2174 3613 2232 Aitilli
3635 2174 3800 2231 abbas

2167 2262 2466 2319 Brochas:
2500 2264 2832 2330 Benedic,et
2863 2264 3065 2320 tollam
3097 2265 3263 2320 illud.
3325 2264 3479 2321 Dicit
3525 2264 3573 2319 ei
3611 2280 3799 2319 rursus

2169 2352 2480 2408 Anatolius
2505 2353 3262 2421 stomachans,Benedictus
3287 2354 3585 2409 Dominus.
3603 2354 3800 2424 Appre-

2168 2442 2373 2497 hendit
2403 2441 2501 2497 ille
2531 2442 2781 2509 trabem,
2805 2442 3085 2515 solusque
3102 2442 3314 2498 levavit
3336 2444 3407 2499 de
3430 2448 3601 2511 terra,
3625 2447 3678 2499 et
3696 2443 3798 2497 im-

2168 2530 2365 2603 posuit
2385 2530 2646 2586 humeris
2678 2531 2823 2600 suis,
2858 2532 3120 2603 abiitque
3143 2548 3276 2587 cum
3310 2532 3413 2587 illa
3443 2532 3512 2587 ad
3544 2530 3796 2587 cellulam

2168 2637 2355 2677 suam.
2392 2621 2641 2691 Stupore
2673 2626 2866 2676 autem
2923 2637 3240 2691 percussus
3274 2620 3580 2677 Anatolius
3632 2619 3689 2675 in
3736 2636 3794 2675 eo

2168 2710 2321 2783 quod
2356 2710 2576 2765 factum
2611 2709 2795 2765 fuerat
2821 2709 3041 2781 insigni
3085 2709 3481 2782 praeclareque
3510 2708 3793 2771 miraculo.

2166 2798 2415 2870 largitus
2443 2802 2532 2853 est
2560 2798 2612 2854 ei
2645 2796 2868 2870 lignum
2904 2797 3073 2870 illud,
3105 2816 3173 2854 ex
3204 2816 3319 2871 quo
3354 2816 3471 2855 non
3493 2797 3674 2855 solum
3697 2794 3795 2852 cel-

2165 2887 2347 2943 lulam
2379 2904 2570 2957 suam,
2596 2891 2657 2941 ut
2680 2888 2940 2959 petierat,
2964 2888 3215 2960 operuit,
3232 2890 3333 2945 sed
3357 2896 3412 2944 et
3434 2888 3547 2944 alia
3563 2886 3797 2960 plurima

2166 2978 2799 3049 ministeriajexercuit.

2763 3084 2991 3140 CAPUT
3032 3085 3216 3142 CXCI.

2090 3200 2134 3268 ρ
2176 3176 2298 3233 Vita
2329 3173 2715 3268 compendiofq
2727 3174 3552 3268 sanctiJoaaaisgltrysostomi
3565 3173 3798 3245 patriar-

2603 3253 2716 3301 chw
2761 3247 3384 3317 Constantimpolitani.

2240 3335 2525 3391 Dicebant
2556 3334 2625 3389 de
2659 3337 2860 3389 sancto
2890 3334 3114 3389 Joanne
3172 3331 3799 3405 Constantinopolitano

2169 3423 2598 3496 archiepicopo,
2631 3424 2729 3493 qui
2754 3423 2914 3491 justc
2942 3427 2999 3478 et
3032 3423 3381 3495 dignissime
3433 3440 3535 3495 pro
3566 3420 3799 3494 puritate

2168 3514 2472 3580 doctrinis,
2507 3518 2561 3568 et
2581 3512 2893 3584 splendore
2913 3512 3313 3568 venustissimi
3333 3512 3550 3584 eloquii
3572 3510 3801 3581 Chryso-

2169 3608 2400 3659 stomus
2421 3602 2533 3673 (42)
2551 3601 3003 3673 cognominatus
3026 3606 3136 3668 est;
3162 3602 3315 3673 quod
3338 3617 3412 3657 ex
3432 3601 3582 3673 quod
3605 3597 3804 3655 saluta-

2169 3709 2288 3748 rem
2322 3691 2679 3762 baptismum
2708 3690 3029 3761 accepisset
3061 3707 3364 3760 nunquam
3398 3689 3803 3757 omninojura-

2167 3781 2338 3847 verit,
2373 3796 2563 3850 neque
2589 3780 3053 3851 aliquemjurare
3066 3779 3633 3852 compulerit,neque
3656 3791 3800 3832 men-

2166 3870 2313 3925 titus
2345 3870 2441 3938 sit,
2474 3884 2662 3939 neque
2683 3868 2859 3923 alicui
2899 3885 3155 3938 unquam
3198 3867 3588 3936 maledixerit,
3629 3878 3803 3936 neque

2171 3958 2442 4014 scurrilia
2471 3957 2703 4013 locutus
2736 3958 2831 4023 sit,
2864 3974 3053 4029 neque
3074 3960 3242 4028 jocos
3274 3959 3605 4014 admiserit.

2748 4065 2982 4120 CAPUT
3013 4067 3229 4122 CXCII.

2171 4154 2386 4211 Relatio
2418 4155 2491 4210 de
2519 4154 2751 4226 quodam
2785 4155 3042 4211 monacho
3070 4156 3394 4209 monasterii
3432 4154 3550 4209 divi
3575 4148 3810 4226 Gregorii

2242 4228 2352 4298 (42)
2383 4224 2548 4298 papaé
2578 4226 2840 4297 quomodo
2868 4230 2986 4296 post
3014 4230 3246 4281 mortem
3267 4227 3335 4281 ab
3364 4224 3807 4282 e.z:communica-

2243 4302 2396 4355 tione
2418 4300 2591 4369 luerit
2621 4298 2928 4353 absolutus.

2242 4388 2516 4443 Narravit
2540 4386 2709 4441 nobis
2730 4391 2969 4442 sanctus
2986 4386 3227 4457 quidam
3249 4388 3555 4460 presbyter
3570 4390 3607 4453 ι,
3624 4386 3812 4440 Petrus

2177 4478 2439 4546 nomine,
2472 4476 2711 4532 veniens
2742 4492 2810 4531 ex
2853 4476 3106 4531 Romana
3156 4477 3320 4543 urbe,
3373 4477 3446 4532 de
3492 4472 3813 4532 beatissimo

481 4568 617 4618 Post
633 4581 853 4635 paucos
871 4570 1065 4620 autem
1083 4566 1526 4635 diesingressus
1543 4565 1839 4621 civitatem
1863 4584 2074 4639 praeses
2104 4571 2150 4636 Ι)
2184 4565 2462 4637 Gregorio
2494 4566 2758 4637 ejusdem
2777 4564 3332 4631 civitatisAntistite,
3347 4568 3505 4636 quod
3520 4580 3651 4622 cum
3675 4562 3815 4618 esset

414 4652 709 4709 latronem
745 4655 917 4709 educi
939 4655 1127 4725 jussit
1150 4659 1207 4709 et
1234 4655 1532 4711 decollari.
1564 4656 1841 4727 Sequenti
1876 4662 2073 4713 autem

411 4742 504 4797 die
525 4742 673 4797 dixit
700 4742 913 4797 mulier
932 4744 1079 4798 viro:
1102 4743 1159 4798 Si
1176 4743 1468 4813 jubes,mi
1492 4745 1749 4813 domine,
1768 4746 1973 4801 vadam
2001 4747 2071 4802 ad

412 4831 603 4885 locum
624 4848 797 4900 quem
824 4831 1308 4897 denotavitlatro,
1328 4832 1374 4887 si
1393 4833 1538 4887 forte
1552 4834 1952 4905 verasintquze
1978 4835 2075 4891 ille

413 4925 765 4991 prosecutus
798 4926 906 4976 est.
940 4922 1051 4985 Qui
1101 4921 1202 4975 ait:
1240 4926 1303 4975 ut
1353 4922 1455 4976 tibi
1487 4922 1713 4978 videtur
1743 4924 1933 4979 facito.
1969 4925 2075 4981 Illa

416 5026 550 5065 vero
574 5016 811 5082 sumpto
846 5011 1002 5065 brevi
1034 5010 1288 5077 sarculo,
1319 5027 1561 5082 vespere
1589 5014 1657 5066 ad
1678 5012 1871 5067 locum
1906 5013 2074 5082 abiit,

410 5104 466 5153 et
499 5099 750 5166 fodiens,
788 5098 963 5154 ollam
1000 5098 1222 5153 invenit
1272 5099 1729 5171 diligentissime
1787 5107 2073 5172 opertam,

412 5205 479 5243 su
491 5205 695 5259 mensq
707 5206 776 5243 ue
794 5188 955 5244 illam
979 5189 1242 5261 profecta
1256 5193 1363 5243 est.
1382 5188 1657 5244 Prudenti
1675 5206 1807 5245 vero
1823 5207 1929 5245 usa
1944 5209 2074 5246 con-

403 5277 557 5343 silio,
595 5277 876 5347 paulatim
917 5277 1312 5332 creditoribus
1344 5277 1625 5332 reddebat
1654 5279 1870 5349 debita,
1905 5286 1969 5335 ut
2007 5297 2075 5335 ex

410 5366 517 5421 hoc
556 5366 627 5421 ab
664 5365 801 5420 aliis
833 5367 1142 5436 pecuniam
1172 5366 1431 5421 mutuari
1456 5372 1778 5438 putaretur.
1810 5370 2076 5440 Implevit

401 5460 600 5510 autem
620 5471 856 5510 omnem
874 5456 1055 5510 debiti
1089 5456 1783 5527 solutionem,virumque
1800 5458 1869 5512 de
1882 5475 2075 5513 carce-

412 5546 497 5601 ris
520 5544 788 5600 custodia
813 5545 1031 5600 eduxit.
1049 5544 1289 5601 Dicebat
1313 5552 1504 5601 autem
1523 5546 1624 5618 qui
1658 5548 1765 5601 ista
1789 5548 2067 5602 narravit:

2185 4670 2459 4711 summus
2480 4654 2759 4726 pontifex,
2783 4656 3202 4710 monasterium
3224 4653 3484 4710 virorum
3509 4652 3813 4709 maximum

2184 4742 2573 4811 aediﬁcaverit,
2598 4742 3064 4814 mandatumque
3086 4743 3328 4810 dederit,
3360 4744 3517 4801 928
3542 4746 3605 4798 ut
3630 4739 3813 4796 nullus

2184 4832 2611 4888 monachorum
2644 4831 2944 4903 proprium
2978 4831 3199 4903 aliquid
3233 4832 3491 4898 haberet,
3526 4847 3598 4888 ne
3640 4841 3810 4885 unum

2185 4922 2422 4993 quidem
2440 4920 2699 4975 obolum.
2716 4924 2915 4975 Frater
2926 4937 3060 4992 ergo
3082 4921 3423 4976 monasterii
3446 4921 3695 4976 habebat
3714 4932 3812 4972 sa:-

2184 5010 2443 5067 cularem
2476 5010 2737 5077 fratrem,
2767 5026 2798 5064 a
2830 5025 2945 5079 quo
2978 5010 3379 5080 petiitdicens:
3404 5010 3683 5065 Tunicam
3707 5020 3812 5061 non

2182 5100 2393 5165 habeo,
2417 5100 2547 5154 ideo
2582 5098 2669 5153 fac
2692 5100 2749 5152 in
2774 5113 2864 5153 me
2879 5097 3317 5169 charitatem,et
3336 5116 3464 5155 eme
3486 5098 3642 5155 illam
3658 5092 3810 5151 mihi.

2182 5189 2339 5244 Dixit
2362 5188 2448 5242 illi
2472 5186 2771 5243 secularis
2794 5189 3001 5243 frater:
3023 5188 3161 5243 Ecce
3180 5188 3426 5244 triahaac
3446 5186 3811 5249 numismata,

2182 5277 2468 5348 accipe,et
2489 5291 2614 5330 eme
2634 5276 2738 5331 tibi
2762 5282 2826 5330 ut
2846 5276 3056 5349 placet.
3075 5283 3324 5333 Sumens
3342 5294 3478 5349 ergo
3502 5273 3814 5331 monachus

2182 5367 2293 5421 tria
2323 5364 3036 5431 numismata,habuitilla
3058 5366 3214 5438 apud
3236 5383 3317 5422 se.
3335 5366 3493 5433 Quod
3518 5380 3650 5420 cum
3673 5361 3813 5418 alius

2182 5452 2508 5510 monachus
2530 5453 2791 5519 vidisset,
2826 5455 2973 5510 abiit
3020 5460 3078 5510 et
3108 5455 3402 5511 nuntiavit
3429 5454 3645 5511 abbati.
3687 5452 3808 5518 Quo

2182 5542 2405 5607 audito,
2427 5542 2609 5598 abbas
2632 5544 3009 5615 renuntiavit,
3033 5548 3091 5599 et
3112 5545 3238 5616 ipse
3264 5544 3633 5601 sanctissimo
3663 5552 3809 5611 papa‘.

480 5672 493 5705 ¹
529 5671 785 5729 Joannes
816 5670 1109 5733 Diaconus
1137 5672 1280 5728 Vitae
1314 5671 1502 5728 sancti
1534 5672 1796 5743 Gregorii
1832 5672 1933 5729 lib.
1966 5654 2027 5742 It,
2063 5688 2190 5746 cap.
2226 5671 2312 5728 45.
