4002 6166
229 374 319 431 221
1507 360 1809 417 PRATUM
1846 359 1955 413 8P1
1962 358 2299 413 BITUALE.

3505 356 3615 414 222

228 495 501 570 Gregorio.
523 494 738 549 Beatus
753 508 889 549 vero
907 489 1221 563 Gregorius
1255 488 1364 544 hoc
1387 483 1855 555 audiens,jussit
1886 486 1937 551 Α
1967 482 2377 554 dispensator:
2411 481 2519 546 Qui
2540 481 2613 536 ait
2637 498 2649 536 :
2671 481 2874 553 Spero,
2895 482 3150 554 domine,
3172 483 3228 538 in
3260 483 3469 541 Filium
3489 485 3593 541 Dei

226 590 435 655 enm,ut
455 584 550 656 qui
576 581 919 639 monasterii
938 580 1171 651 regulas
1192 584 1636 651 praetergressus
1667 576 1844 639 esset,

223 674 656 735 acommunione
668 671 951 743 separari.
967 674 1099 725 Post
1112 669 1408 724 modicum
1425 684 1555 722 vero
1570 662 1847 736 temporis

221 766 451 822 moritur
468 760 645 818 frater
661 760 757 815 ille
775 761 856 816 ita
881 763 1211 830 separatus,
1239 757 1533 814 nesciente
1551 771 1695 826 papa
1714 754 1844 809 Gre-

216 855 381 927 gorio.
418 856 550 908 Post
579 853 730 906 duos
759 856 954 905 autem
980 848 1066 903 vel
1100 853 1220 904 tres
1251 847 1377 903 dies
1399 846 1542 902 abiit
1564 844 1765 911 abbas,
1789 847 1847 898 et

216 942 491 1003 nuntiavit
506 940 614 1009 illi,
642 941 843 995 dicens
871 956 883 993 :
909 939 1113 994 Frater
1132 937 1225 993 ille
1252 938 1565 993 defunctus
1590 940 1699 990 est.
1720 936 1843 999 Quo

212 1035 299 1091 ille
327 1034 525 1089 audito
558 1048 671 1086 non
706 1028 1081 1085 mediocriter
1123 1026 1507 1083 contristatus
1553 1029 1641 1079 est
1686 1023 1842 1095 quod

214 1128 510 1194 antequam
532 1119 933 1175 absolveretur
947 1115 1573 1173 excommunicationis
1588 1113 1843 1182 vinculo,

212 1207 782 1284 migrassetasmculo
801 1224 813 1262 :
831 1207 1212 1277 scribensque
1229 1205 1550 1260 orationem
1571 1203 1629 1257 in
1657 1204 1703 1258 fc
1717 1218 1843 1256 rma

211 1300 472 1375 epistolae,
503 1296 666 1354 dedit
698 1296 799 1352 uni
832 1312 902 1351 ex
930 1294 1385 1361 archidiaconis,
1411 1294 1631 1364 jubens
1662 1290 1746 1346 illi
1781 1294 1844 1345 ut

209 1392 307 1448 iret
334 1395 389 1446 et
419 1406 600 1461 supra
642 1386 980 1459 sepulcrum
1028 1384 1227 1440 fratris
1276 1383 1436 1439 illam
1468 1382 1706 1454 legeret.
1741 1385 1843 1436 Per

208 1482 351 1553 ipsas
364 1496 498 1535 vero
525 1478 747 1533 litteras
765 1475 1107 1532 absolvebat
1129 1474 1201 1529 ab
1219 1490 1418 1529 excom
1430 1489 1479 1527 m
1491 1472 1842 1527 unicationis

208 1570 436 1627 nexibus
471 1571 795 1622 mortuum.
832 1562 1252 1636 Abiensigitur
1272 1560 1843 1632 archidiaconus,:si-

206 1664 292 1716 cut
320 1658 399 1713 illi
433 1658 625 1712 fuerat
655 1656 1033 1726 imperatum,
1065 1669 1241 1724 super
1263 1650 1600 1723 sepulcrum
1641 1650 1839 1705 fratris

204 1746 600 1804 brevemillam
626 1743 952 1800 chartulam
980 1742 1141 1814 legit.
1169 1742 1500 1811 Eademque
1516 1743 1682 1794 nocte
1697 1739 1840 1792 vidit

203 1832 1173 1902 sbbasdefunctumfratrem,etait
1192 1830 1275 1928 illi
1307 1846 1320 1886 :
1345 1833 1548 1928 Nonne
1568 1834 1837 1926 mortuus
1872 1862 1917 1928 Β

201 1945 272 1995 es,
301 1928 475 1982 frater
496 1925 527 1980 ‘2
558 1924 664 1990 Qui
698 1923 814 1979 ait:
851 1923 939 1977 Ita
986 1938 1146 1976 sane.
1199 1920 1424 1975 Rursus
1455 1916 1840 1988 interrogavit

200 2034 318 2074 eum
332 2016 517 2071 abbas
537 2015 634 2069 :Et
655 2014 749 2069 ubi
769 2011 932 2068 fuisti
958 2026 1141 2082 usque
1166 2010 1336 2065 hodie
1352 2011 1379 2063 γ
1401 2009 1549 2064 Dixit
1565 2008 1615 2063 ei
1633 2008 1833 2062 frater:

198 2106 502 2171 Veraciter,
520 2102 843 2169 domine,in
858 2117 1086 2157 carcere
1100 2099 1181 2155 fui
1198 2115 1383 2170 usque
1394 2098 1517 2153 heri
1535 2123 1548 2162 ;
1565 2097 1836 2151 hesterno

198 2202 373 2252 autem
422 2194 521 2250 die
553 2192 862 2249 absolutus
899 2206 1052 2247 sum.
1088 2187 1302 2245 Notum
1331 2204 1463 2243 vero
1497 2188 1715 2242 factum
1749 2189 1839 2240 est

198 2286 458 2342 omnibus
492 2286 639 2354 quia
667 2299 784 2353 qua
815 2281 958 2335 hora
978 2279 1424 2336 archidiaconus
1450 2274 1838 2332 absolutionis

196 2376 357 2430 verba
386 2389 575 2445 super
605 2372 841 2426 fratrem
870 2369 1105 2441 legerat,
1127 2368 1318 2423 fuerat
1348 2367 1421 2421 ab
1444 2365 1838 2421 excommuni-

199 2464 407 2520 caticns
424 2459 1136 2529 absolutus,liberataque
1158 2463 1248 2514 est
1270 2455 1570 2527 dejudicio
1588 2459 1644 2510 et
1668 2456 1836 2510 dam-

202 2554 421 2609 natione
448 2552 659 2607 anima
689 2550 897 2622 ipsius.

768 2672 996 2728 CAPUT
1022 2670 1258 2728 CXCIII.

197 2769 402 2822 Factum
425 2764 720 2821 mirabilis
735 2761 1029 2816 charitalis
1050 2760 1232 2815 sancti
1258 2760 1470 2815 abbatis
1492 2758 1839 2824 Apollinaris

258 2838 599 2910 patriarchae
628 2833 1005 2910 Alexandrini
1033 2849 1168 2903 erga
1189 2833 1451 2903 juvenem
1497 2830 1722 2886 divitem
1771 2829 1841 2883 ad

264 2907 509 2981 inopiam
543 2907 845 2963 redactum.

260 3017 659 3071 Narraverunt
702 3011 872 3067 nobis
920 3012 992 3066 de
1040 3014 1245 3065 sancto
1275 3009 1486 3064 abbate
1515 3008 1837 3079 Apollinari

197 3104 582 3161 Alexandrino
599 3100 1110 3173 patriarcha,quod
1128 3098 1291 3154 valde
1304 3098 1475 3153 fuerit
1489 3099 1838 3165 misericors,

198 3199 245 3249 et
264 3190 697 3265 compassionis
717 3188 1042 3244 visceribus
1074 3188 1342 3256 affluens,
1375 3186 1545 3257 cujus
1578 3186 1658 3240 rei
1691 3184 1841 3239 indi-

197 3283 410 3339 ciumid
426 3281 780 3337 efferebant.
798 3278 952 3343 Erat,
969 3276 1225 3341 aiebant,
1240 3276 1840 3344 Alexandrizejuvenis

200 3372 445 3443 quidam,
462 3371 573 3441 qui
591 3367 853 3439 primarii
882 3366 1133 3421 civitatis
1148 3366 1545 3435 dignitateque
1567 3380 1633 3421 ac
1647 3365 1843 3419 divitis

197 3460 501 3516 clarissimi
520 3458 680 3512 filius
696 3454 1255 3511 fuerat.Parentibus
1270 3452 1632 3525 itaqueillius
1646 3453 1847 3507 defun-

198 3550 314 3613 ctis,
341 3549 443 3621 qui
474 3548 721 3603 infinita
753 3545 834 3600 illi
867 3546 1021 3601 bona
1052 3549 1167 3599 tam
1203 3544 1261 3598 in
1296 3560 1438 3598 auro
1458 3542 1709 3613 quamin
1742 3560 1840 3596 na-

200 3638 409 3695 valibus
423 3635 805 3694 commerciis
829 3633 1284 3704 dereliquerant,
1311 3650 1423 3687 non
1439 3631 1581 3687 satis
1602 3632 1846 3686 feliciter

202 3739 251 3783 et
278 3743 560 3800 prospere
590 3742 657 3780 ea
686 3726 1045 3796 gubernans,
1068 3722 1321 3793 perdidit
1338 3722 1558 3789 omnia,
1576 3726 1749 3791 atque
1772 3722 1839 3775 ad

200 3824 507 3873 extremam
542 3814 805 3885 inopiam
836 3812 1124 3866 deductus
1157 3816 1265 3878 est,
1292 3828 1428 3865 cum
1463 3826 1652 3880 neque
1695 3809 1843 3882 gulae

207 3922 377 3976 neque
409 3903 659 3960 luxuriae
678 3901 986 3965 vacaverit,
1009 3916 1136 3971 qua
1150 3899 1598 3955 solentdivitum
1626 3900 1843 3953 exhau-

204 3995 306 4049 rire
343 3992 728 4066 patrimonia,
757 3991 855 4045 sed
884 3991 939 4044 in
956 4006 1129 4044 casus
1143 3990 1520 4060 variosatque
1544 3987 1847 4056 naufragia

202 4084 481 4140 inciderit.
514 4083 717 4152 Itaque
735 4098 802 4136 ex
820 4078 1263 4150 opulentissimo
1284 4076 1691 4149 pauperrimus
1709 4076 1847 4132 elI'e-

201 4182 317 4229 ctus
346 4180 459 4237 est,
486 4176 664 4245 juxta
693 4171 839 4225 illud
879 4169 1245 4225 Psalmistze:
1279 4169 1620 4224 Ascendunt
1660 4185 1847 4239 usque

197 4265 249 4319 in
276 4265 473 4332 ccelos,
510 4267 573 4318 et
627 4261 993 4316 descendunt
1036 4275 1225 4329 usque
1273 4260 1344 4314 ad
1387 4259 1632 4327 abyssos
1665 4255 1843 4327 (Psal.

202 4356 320 4417 cvi).
353 4354 630 4422 Namque
659 4348 999 4406 adolescens
1022 4353 1244 4419 quanto
1266 4348 1449 4402 fuerat
1464 4346 1845 4418 pecuniissu-

200 4442 439 4511 blimior,
479 4445 648 4496 tanto
682 4456 784 4510 per
816 4437 1075 4508 inopiam
1108 4436 1352 4492 inferior
1383 4436 1572 4491 factus
1603 4440 1712 4492 est.

262 4532 371 4587 Hoc
385 4531 645 4587 audiens
658 4526 1230 4597 beatusApolinaris,
1249 4526 1568 4596 vidensque
1583 4525 1641 4579 in
1660 4542 1845 4595 quan-

1958 572 2097 643 quia
2111 572 2523 643 quodcumque
2542 570 3189 643 mihijusseris,nemini
3205 574 3616 647 dicam,neque

1956 661 2144 717 discet
2164 678 2426 733 unquam
2452 662 2509 716 id
2536 661 2751 731 aliquis
2774 677 2843 715 ex
2866 678 2959 716 me
2982 663 3135 732 quod
3162 662 3305 716 mihi
3324 679 3490 718 servo
3516 669 3615 719 tuo

1955 750 2279 821 aperueris.
2300 751 2464 806 Tunc
2492 752 2571 806 ait
2593 752 2660 804 ad
2690 749 2852 805 illum
2878 751 3190 822 episcopus
3221 750 3614 822 Apollinaris:

1954 840 2134 905 Vade,
2160 841 2463 895 conscribo
2485 839 2938 911 chirographum
2964 840 3145 894 debiti
3175 839 3613 912 quinquaginta

1953 928 2234 984 librarum
2267 931 2418 996 auri,
2453 947 2579 1002 qua:
2596 946 2627 985 a
2642 929 3017 985 sanctissima
3032 929 3143 985 ista
3158 930 3399 984 ecclesia
3413 930 3610 985 Maca-

1952 1020 2037 1073 rio
2056 1018 2215 1075 illius
2237 1019 2430 1074 miseri
2454 1018 2843 1074 adolescentis
2870 1020 3016 1090 patri
3033 1019 3479 1086 debebantur,et
3500 1036 3603 1090 ap-

1953 1124 2102 1179 pone
2136 1112 2309 1163 testes
2340 1113 2396 1162 et
2429 1107 2872 1178 stipulationem
2907 1113 2963 1163 et
2994 1112 3139 1176 rata,
3172 1112 3227 1161 et
3270 1106 3411 1163 affer
3459 1107 3605 1162 illud

1953 1196 2119 1250 mihi.
2144 1196 2531 1267 Dispensator
2552 1197 2858 1263 continuo,
2883 1197 3037 1267 quod
3065 1195 3175 1251 sibi
3196 1196 3387 1251 fuerat
3409 1212 3603 1267 apon-

1950 1285 2104 1340 tiflce
2129 1285 2483 1356 injunctum,
2505 1302 2637 1340 cum
2661 1286 2817 1340 omni
2841 1285 3134 1340 celeritate
3167 1286 3407 1357 peregit,
3443 1290 3601 1340 attu-

1952 1374 2133 1445 litque
2157 1373 2636 1446 chirographum,
2663 1374 2893 1429 etdedit
2911 1373 3014 1430 illi.
3048 1377 3189 1428 Cum
3215 1374 3413 1446 itaque
3438 1380 3604 1444 pater

1950 1463 2337 1519 adolescentis
2359 1473 2491 1518 ante
2505 1463 2702 1519 decem
2720 1480 2903 1518 annos
2918 1464 3228 1518 defunctus
3244 1467 3421 1529 esset,
3435 1464 3601 1518 char-

1949 1558 2125 1623 taque
2149 1552 2527 1625 chirographi
2553 1570 2701 1607 nova
2724 1553 3043 1621 videretur,
3071 1552 3151 1607 ait
3184 1551 3268 1607 illi
3302 1552 3599 1624 pontifex:

1948 1642 2102 1698 Vade
2132 1643 2746 1712 domnedispensator,
2781 1642 3237 1714 chirographum
3259 1642 3413 1696 istud
3439 1639 3601 1696 velin

1948 1732 2139 1787 tritico
2170 1734 2257 1785 vel
2293 1731 2349 1785 in
2375 1731 2590 1785 hordeo
2624 1730 2940 1796 absconde,
2974 1735 3031 1785 et
3064 1734 3195 1801 post
3227 1746 3443 1802 paucos
3476 1729 3602 1784 dies

1947 1820 2087 1875 affer
2116 1819 2262 1875 illud
2293 1822 2365 1875 ad
2390 1835 2520 1874 me:
2555 1820 2711 1891 quod
2745 1819 2839 1874 ille
2871 1836 3003 1874 cum
3028 1820 3275 1885 fecisset,
3310 1819 3601 1890 praefinito

1947 1910 2041 1965 die
2057 1909 2515 1981 chirographum
2542 1908 2740 1964 retulit
2764 1908 2931 1979 quasi
2952 1910 3385 1977 subvetustum,
3410 1909 3602 1963 dedit-

1946 1997 2739 2071 quepontiﬁci.Tuncaitille
2769 2016 2780 2053 :
2806 2002 2983 2067 Perge
3007 1999 3200 2065 modo,
3228 2000 3463 2053 domme
3488 1997 3604 2052 dis-

1946 2095 2239 2160 pensator,
2254 2094 2310 2143 et
2323 2088 2499 2143 dicito
2531 2088 2883 2143 adolescenti
2904 2104 2915 2141 :
2935 2088 3077 2153 Quid
3098 2088 3241 2142 mihi
3257 2089 3502 2142 daturus
3514 2103 3604 2156 es,

1946 2178 1994 2233 si
2012 2178 2116 2232 tibi
2134 2178 2341 2233 dedero
2365 2177 2819 2249 chirographum
2835 2193 3060 2249 magnae
3076 2177 3339 2249 pecuniae
3353 2194 3479 2246 quae
3500 2177 3603 2232 de-

1945 2268 2119 2323 betur
2135 2266 2237 2321 tibi
2260 2266 2287 2320 ?
2308 2267 2376 2321 Et
2394 2283 2551 2333 cave,
2569 2283 2639 2321 ne
2660 2266 2793 2338 plus
2818 2284 2995 2338 quam
3013 2267 3125 2323 tria
3144 2266 3505 2321 numismata
3531 2268 3603 2320 ab

1948 2356 2047 2411 illo
2062 2356 2335 2426 accipias,
2350 2360 2405 2410 et
2420 2356 2608 2425 praebe
2627 2354 2709 2409 illi
2725 2356 3199 2428 chirographum.
3220 2355 3603 2427 Respondeas

1948 2450 2144 2501 autem
2163 2446 2565 2516 dispensator:
2590 2444 2759 2513 Vere,
2778 2445 2854 2499 mi
2872 2444 3128 2511 domine,
3155 2443 3599 2514 sijusseris,ni-

1944 2534 2028 2589 hil
2061 2534 2365 2605 accipiam.
2399 2533 2555 2588 Dixit
2584 2534 2633 2588 ei
2657 2532 2754 2587 ille
2789 2532 2969 2589 :Volo
3000 2533 3239 2588 omnino
3266 2536 3327 2588 ut
3358 2532 3471 2587 tria
3493 2549 3604 2586 nu-

1946 2623 2225 2679 mismata
2240 2622 2514 2693 accipias.
2541 2622 2797 2677 Perrexit
2814 2627 3008 2677 autem
3031 2621 3125 2676 ille
3145 2623 3503 2693 adjuvenem
3520 2622 3601 2677 si-

1948 2718 2046 2768 cut
2074 2712 2187 2783 ipsi
2212 2713 2451 2783 jussum
2487 2712 2693 2775 fuerat,
2718 2716 2773 2767 et
2796 2711 2943 2766 dixit
2973 2712 3023 2766 ei
3060 2727 3073 2766 :
3110 2712 3287 2766 Dabis
3321 2711 3462 2766 mihi
3486 2711 3600 2766 tria

1948 2802 2328 2863 numismata,
2365 2800 2411 2853 si
2447 2802 2757 2856 ostendero
2792 2801 2894 2854 tibi
2931 2801 3085 2856 924
3119 2800 3336 2871 aliquid
3377 2816 3602 2871 magna:

1949 2890 2223 2947 utilitatis
2254 2891 2414 2945 tua)?
2449 2889 2549 2945 Ille
2568 2906 2703 2945 vero
2744 2889 3039 2960 pollicitus
3080 2894 3169 2945 est
3200 2889 3280 2945 illi
3315 2888 3601 2961 quidquid

1946 2980 2117 3036 vellet
2150 2996 2212 3035 se
2243 2980 2544 3035 daturum.
2582 2980 2833 3051 Fingens
2883 2985 3078 3033 autem
3112 2978 3502 3049 dispensator,
3528 2978 3606 3032 ait

1947 3070 2065 3125 illi:
2094 3073 2235 3123 Ante
2249 3069 2508 3140 quinque
2528 3068 2617 3123 vel
2640 3085 2741 3123 sex
2767 3069 2893 3124 dies
2915 3068 3185 3123 evolvens
3206 3068 3604 3122 instrumenta

1952 3157 2369 3223 ecclesiastica,
2392 3157 2577 3228 reperi
2600 3156 3052 3228 chirographum
3070 3156 3225 3211 istud
3240 3200 3253 3221 ,
3267 3160 3323 3210 et
3337 3156 3602 3222 memini,

1872 3232 1914 3298 (ἶ
1954 3247 2093 3319 quia
2107 3246 2392 3301 Macarius
2410 3250 2722 3317 patertuus
2743 3245 2888 3300 mihi
2904 3244 3156 3299 multum
3172 3244 3495 3311 conlidens,
3513 3245 3600 3315 ip-

1954 3353 2085 3392 sum
2104 3335 2245 3389 mihi
2266 3334 2711 3406 diebusaliquot
2726 3334 3007 3406 permisit.
3041 3332 3605 3403 Det‘unctoqueipso,

1954 3423 2353 3496 contigitillud
2372 3425 2525 3495 apud
2545 3440 2633 3477 me
2650 3439 2837 3495 usque
2850 3423 3019 3478 hodie
3036 3438 3270 3477 manere
3287 3447 3301 3489 ;
3317 3420 3605 3477 oblivione

1955 3513 2106 3570 enim
2128 3514 2474 3584 subreptum
2496 3512 2640 3567 mihi
2661 3517 2770 3580 est,
2797 3528 2900 3567 nec
2918 3528 3177 3582 unquam
3196 3511 3425 3566 venitin
3453 3526 3608 3565 men-

1953 3607 2071 3658 tem
2097 3606 2162 3655 ut
2184 3601 2326 3655 illud
2354 3602 2657 3657 redderem
2679 3602 2802 3655 tibi.
2831 3601 2923 3655 Ait
2943 3601 3025 3655 illi
3050 3600 3390 3656 adolescens
3412 3599 3603 3654 :Nosti

1955 3709 2027 3747 an
2061 3690 2321 3762 locuples
2351 3692 2429 3745 sit
2453 3707 2701 3762 persona
2724 3689 2825 3746 illa
2843 3707 2971 3762 quae
2996 3689 3212 3745 debet?
3233 3688 3388 3744 Dixit
3418 3688 3467 3742 ei
3488 3688 3605 3742 dis-

1955 3787 2231 3854 pensator
2251 3798 2263 3834 :
2281 3780 2362 3835 ita
2376 3796 2517 3835 sane
2540 3779 2826 3851 locuples,
2842 3784 2899 3834 et
2915 3785 3081 3850 grata
3104 3783 3214 3847 est,
3239 3781 3519 3850 potesque
3534 3778 3605 3831 ab

1956 3870 2056 3926 illo
2088 3871 2350 3925 debitum
2384 3869 2511 3924 sine
2544 3869 2739 3924 labore
2775 3870 3047 3940 recipere.
3103 3868 3256 3923 Dixit
3286 3868 3336 3924 ei
3364 3868 3603 3938 junior:

1955 3960 2124 4016 Novit
2154 3960 2307 4015 Deus
2330 3959 2469 4030 quia
2496 3959 2668 4013 modo
2694 3958 2839 4013 nihil
2860 3958 3043 4013 habeo
3070 3976 3083 4025 ;
3110 3959 3209 4014 sed
3236 3958 3281 4011 si
3313 3973 3603 4028 recepero,

1956 4051 2108 4120 quod
2145 4066 2338 4104 meum
2374 4054 2482 4117 est,
2518 4048 2804 4120 quidquid
2840 4048 3080 4118 petiisti,
3114 4048 3264 4103 dabo
3291 4047 3419 4112 tibi,
3454 4046 3608 4100 ultra

1956 4139 2067 4193 tria
2100 4138 2274 4193 etiam
2308 4137 2689 4192 numismata.
2726 4138 2890 4191 Tunc
2922 4137 3083 4192 dedit
3134 4137 3186 4190 ei
3237 4136 3610 4205 dispensator

1956 4227 2421 4283 instrumentum
2457 4226 2890 4297 quinquaginta
2922 4226 3225 4280 librarum.

2028 4348 2941 4421 Susceptoitaquechirographo,
2963 4349 3298 4419 perrexitad
3314 4348 3611 4402 sanctissi-

1957 4457 2121 4496 mum
2154 4438 2966 4510 pontiﬁcem,prostratusque
2998 4443 3133 4493 ante
3163 4437 3333 4493 illum
3373 4438 3535 4492 dedit
3557 4437 3609 4493 ei

1959 4528 2436 4600 chirographum.
2470 4530 2612 4583 Cum
2640 4543 2775 4599 ergo
2799 4526 3607 4599 accepissetilleinstrumen-

198 4623 308 4675 tum
327 4621 584 4676 miseriae
599 4615 1029 4688 etpaupertatis
1044 4614 1385 4670 adolescens
1399 4613 1847 4685 delapsusesset
1877 4604 1921 4668 D
1954 4616 3105 4690 tumipsum,aclegisset,ccepitseipsum
3124 4616 3504 4671 turbatiorem
3522 4634 3611 4671 os-

206 4724 325 4764 cum
343 4712 623 4781 parentes
636 4708 763 4777 ejus
778 4706 1027 4760 fuissent
1042 4703 1509 4775 locupletissimi,
1531 4703 1845 4758 miseratus

202 4795 348 4854 iUius
377 4813 609 4863 casum,
632 4796 907 4867 exiguum
930 4793 1045 4864 ipsi
1074 4792 1373 4848 charitatis
1393 4792 1729 4863 impendere
1748 4808 1843 4847 vo-

202 4886 298 4941 luit
326 4884 839 4944 subministrando
872 4882 1172 4951 alimenta,
1199 4882 1299 4937 sed
1319 4882 1753 4937 erusbescebat.
1778 4881 1846 4934 Et

204 4978 421 5046 quoties
452 4976 692 5030 videbat
722 4973 913 5040 illum,
957 4972 1015 5027 in
1065 4976 1287 5027 secreto
1329 4970 1696 5026 conscientiae
1727 4986 1844 5024 suae

206 5066 545 5136 angebatur,
570 5078 819 5119 cernens
840 5065 1060 5117 vestem
1078 5059 1403 5125 sordidam,
1422 5069 1473 5114 et
1489 5058 1743 5113 luridam
1768 5058 1845 5113 fa-

206 5154 363 5224 ciem,
388 5152 521 5225 qua:
555 5158 695 5208 sunt
724 5156 993 5206 extremae
1035 5146 1396 5220 paupertatis
1426 5146 1662 5202 indicia.
1698 5147 1843 5201 Cum

204 5240 371 5312 igitur
402 5240 749 5311 hujusmodi
775 5238 932 5293 curis
955 5241 1267 5308 angeretur
1286 5236 1563 5307 pontifex,
1584 5235 1675 5290 die
1694 5252 1843 5306 qua-

204 5330 328 5385 dam
344 5331 632 5386 divinitus
647 5328 991 5400 inspiratus,
1008 5326 1317 5381 consilium
1337 5327 1589 5397 profecto
1606 5325 1845 5380 mirabi-

202 5416 249 5474 le
281 5420 525 5487 invenit,
548 5419 853 5490 ipsiusque
877 5416 1173 5471 sanctitati
1203 5417 1456 5470 maxime
1471 5416 1842 5471 conveniens.

270 5509 591 5564 Accersivit
622 5508 819 5578 itaque
851 5506 1157 5561 Nomicum
1192 5506 1301 5577 (44)
1335 5521 1438 5561 seu
1470 5505 1843 5576 dispensato-

204 5613 321 5653 rem
353 5597 746 5654 sanctissimae
777 5594 1057 5662 ecclesiae,
1091 5610 1477 5665 seorsumque
1508 5593 1672 5649 illum
1707 5594 1845 5650 allo-

204 5702 404 5757 quens,
440 5686 646 5742 dixitei
669 5703 680 5741 :
700 5684 1272 5742 Potesmihiservare
1289 5686 1599 5751 secretum,
1630 5682 1842 5740 domne

1956 4708 2215 4777 tendere,
2249 4707 2513 4777 dixitque
2536 4707 2585 4759 ei
2611 4722 2624 4760 :
2650 4706 2720 4759 Et
2744 4706 2840 4760 ubi
2868 4706 3024 4761 fuisti
3051 4722 3237 4777 usque
3263 4706 3434 4761 modo
3455 4706 3481 4759 ?
3505 4706 3607 4760 Pa-

1957 4801 2198 4852 tertuus
2213 4800 2346 4850 ante
2360 4797 2559 4850 decem
2576 4812 2762 4850 annos
2776 4795 3090 4850 defunctus
3116 4800 3225 4850 est.
3256 4796 3453 4867 Perge,
3477 4795 3610 4850 nolo

1956 4885 2061 4940 tibi
2096 4902 2252 4940 nunc
2284 4885 2653 4955 respondere.
2689 4884 2796 4947 Qui
2837 4884 2984 4939 dixit
3015 4884 3139 4940 illi:
3182 4884 3498 4954 Veraciter,
3530 4885 3608 4938 mi

1958 4974 2214 5042 domine,
2253 4990 2364 5028 non
2393 4989 2497 5043 ego
2526 4971 2667 5027 illud
2694 4972 2895 5041 habui,
2931 4975 3030 5028 sed
3059 4973 3433 5043 dispensator
3463 4973 3605 5027 illud

1957 5062 2229 5126 habebat,
2262 5067 2318 5117 et
2348 5061 2701 5116 nesciebam.
2726 5062 2833 5116 Sed
2860 5061 3218 5133 Deusipsius
3243 5061 3607 5130 misereatur,

1958 5151 2091 5222 quia
2129 5151 2297 5205 modo
2327 5152 2519 5222 ipsum
2550 5150 2693 5205 mihi
2726 5150 3440 5219 reddidit,dicensseillud
3461 5151 3613 5205 inter

1957 5240 2195 5295 chartas
2227 5256 2365 5294 suas
2398 5239 2550 5294 domi
2580 5239 3492 5295 invenisse.l’ontifexveroillum
3520 5239 3611 5292 in-

1960 5330 2126 5385 terim
2163 5330 2408 5399 remisit,
2443 5330 2679 5384 dicens:
2717 5328 3056 5384 Deliberabo
3100 5346 3351 5393 mecum,
3385 5333 3609 5383 servato

1957 5420 2110 5490 apud
2128 5436 2219 5473 me
2232 5419 2785 5489 chirographo.Post
2801 5436 2975 5473 unam
2994 5418 3172 5489 igitur
3187 5418 3608 5472 hebdomadam

1956 5507 2210 5563 rediitad
2231 5508 2805 5579 episcopumjunior,
2826 5508 3156 5578 iterumque
3184 5504 3609 5576 deprecabatur

1956 5614 2115 5653 eum.
2150 5596 2251 5652 Ille
2282 5605 2474 5652 autem
2512 5597 2680 5666 quasi
2706 5596 2850 5651 nihil
2875 5597 2923 5651 ei
2953 5597 3092 5650 dare
3115 5594 3305 5658 vellet,
3332 5590 3599 5645 dicebat:

1956 5690 2141 5754 Quare
2158 5690 2319 5743 tantu
2333 5705 2381 5743 m
2398 5686 2679 5743 distulisti
2694 5688 2948 5758 proferre
2962 5682 3347 5755 chirographa
3360 5676 3603 5733 m?Dixit
