3986 6168
395 295 503 353 223

1594 303 1690 355 ΒΕ
1727 301 1916 355 VITIS
1952 300 2252 358 PATBUM
2289 300 2504 355 LIBER
2539 302 2610 353 X.

3680 305 3776 359 224

396 424 482 481 illi
515 424 856 481 adolescens
881 440 895 479 :
927 423 1005 480 Mi
1028 423 1286 492 domine,
1312 424 1421 481 scit
1442 431 1595 481 Deus
1624 426 1764 498 quia
1794 443 1909 482 non
1941 426 2043 481 ha-
2075 427 2126 494 Α
2159 425 2416 493 Quicum
2433 423 3231 497 venissetCyrenem,reperit
3252 424 3372 481 illic
3390 427 3781 501 philosophum

398 516 507 570 beo
541 515 696 570 unde
722 514 1002 569 familiam
1035 529 1225 568 meam
1252 514 1543 585 nutriam;
1579 515 1795 586 itaque,
1825 515 1870 571 si
1901 520 2050 571 Deus

399 604 653 676 inspirat
666 603 1229 671 vobis,miseremini
1244 605 1350 659 mei
1363 605 1546 661 .Tunc
1562 604 1796 660 dixitilli
1811 608 2050 661 sanctus

401 692 776 764 Apollinaris,
812 692 1042 763 ﬁngens
1062 709 1123 747 se
1146 691 1302 748 illius
1325 693 1596 765 precibus
1615 695 1815 750 cedere
1837 712 1850 750 :
1878 694 2048 750 Sum-

406 799 564 838 mam
580 782 816 853 quidem
834 782 1121 853 integram
1138 800 1241 856 ego
1255 783 1363 838 tibi
1379 784 1684 839 restituam
1703 803 1717 852 ;
1732 784 1841 839 hoc
1855 788 2050 839 autem

406 872 670 939 obsecro,
705 872 781 926 mi
816 871 1053 927 domine
1082 872 1280 938 frater,
1306 890 1376 929 ne
1396 892 1427 929 a
1452 877 1657 929 sancta
1680 873 1786 928 hac
1806 872 2053 929 ecclesia

408 978 621 1017 usuras
653 961 871 1033 exigas.
906 962 1069 1016 Tunc
1104 962 1411 1033 procidens
1443 963 1525 1017 illi
1559 963 1899 1019 adolescens
1934 963 2049 1017 ait:

409 1050 703 1122 Quidquid
734 1050 983 1106 voluerit
1012 1054 1064 1106 et
1090 1052 1338 1121 jusserit
1382 1051 1525 1106 mihi
1558 1053 1834 1108 dominus
1866 1068 2052 1121 meus,

405 1141 515 1196 hoc
531 1141 736 1196 faciam
754 1159 767 1207 ;
784 1140 898 1195 etsi
915 1157 981 1195 ex
998 1141 1555 1214 principalisumma
1578 1142 1763 1214 placet
1790 1142 2053 1200 minuere

408 1231 653 1303 aliquid,
686 1231 1078 1287 minue.Dixit
1105 1232 1538 1306 illiepiscopus:
1559 1234 1754 1290 Nonid
1780 1236 2047 1307 quidem;

408 1320 553 1375 satis
585 1323 693 1385 est,
727 1319 778 1375 si
809 1318 976 1375 nobis
1009 1337 1221 1375 usuras
1252 1320 1524 1377 dimittis.
1560 1322 1723 1378 Tunc
1755 1325 2053 1393 proferens

411 1408 843 1482 quinquaginta
871 1408 999 1463 auri
1032 1408 1232 1476 libras,
1262 1409 1423 1465 dedit
1452 1411 1525 1473 ei.
1559 1414 1617 1466 et
1638 1410 1866 1467 dimisit
1896 1429 2054 1479 eum,

411 1515 587 1555 orans
620 1513 753 1552 eum
787 1513 891 1568 pro
924 1513 1114 1551 usura:
1142 1497 1643 1555 remissione.Hoc
1667 1516 1814 1572 Opus
1836 1502 2054 1556 summi

410 1587 787 1661 Apollinaris,
803 1586 917 1642 ista
929 1592 1132 1643 sancta
1148 1587 1306 1644 illius
1327 1606 1423 1644 ars
1439 1592 1614 1661 atque
1632 1591 2053 1647 misericordia.

412 1681 641 1734 Itavero
657 1676 1017 1748 Deusjuveni
1041 1682 1385 1748 cooperatus
1407 1683 1497 1733 est
1519 1695 1621 1749 per
1642 1685 1905 1736 sanctam
1928 1682 2057 1751 ejus

410 1766 899 1832 benedictionem,
935 1769 998 1819 ut
1027 1781 1095 1820 ex
1111 1768 1488 1838 tantainopia
1514 1776 1856 1841 emergeret,
1886 1776 2055 1841 atque

408 1855 464 1911 in
483 1856 733 1926 priorem
750 1871 921 1910 suum
940 1860 1159 1910 statum
1180 1857 1565 1928 ordinemque
1580 1864 1883 1927 remearet,
1905 1860 2056 1931 plus-

412 1962 526 2016 que
557 1944 730 2000 etiam
764 1960 939 2015 quam
972 1952 1245 2016 parentes
1274 1946 1363 2001 sui
1396 1964 1570 2019 opum
1592 1964 1657 2003 ac
1677 1950 2056 2020 pecuniarum

414 2035 583 2106 copia
612 2033 939 2101 excelleret,
975 2051 1040 2090 ac
1070 2040 1347 2105 praeterea
1398 2053 1611 2110 magna
1640 2037 1804 2094 lucra
1851 2040 2059 2097 animae

414 2128 890 2195 consequeretur.

984 2231 1219 2287 CAPUT
1259 2231 1489 2287 CXCIV.

420 2321 727 2376 Admonitio
742 2319 1011 2392 senisqui
1025 2320 1350 2375 morabatur
1368 2320 1425 2375 in
1446 2321 1653 2392 Scythi,
1670 2325 1817 2391 facta
1844 2324 2066 2378 cuidam

693 2390 957 2447 monacho
986 2408 1055 2447 ne
1080 2394 1466 2461 ingrederetur
1505 2390 1787 2449 tabernas.

489 2500 674 2554 Senex
704 2497 945 2569 quidam
978 2498 1321 2554 morabatur
1350 2500 1410 2555 in
1441 2500 1641 2572 Scythi
1665 2517 1677 2555 :
1701 2500 1794 2555 hic
1812 2501 1904 2557 die
1923 2518 2066 2574 qua-

422 2591 559 2645 dam
581 2587 743 2643 venit
770 2585 1204 2654 Alexandriam,
1230 2592 1295 2643 ut
1328 2606 1473 2660 opus
1507 2606 1792 2645 manuum
1826 2607 2067 2646 suarum

421 2678 719 2747 venderet,
748 2675 1009 2747 viditque
1030 2676 1111 2730 ibi
1138 2677 1437 2747 juniorem
1462 2680 1814 2735 monachum
1846 2680 2067 2750 ingres-

426 2784 559 2824 sum
591 2782 720 2822 esse
754 2782 1103 2836 cauponam.
1138 2767 1261 2831 Qua
1291 2785 1359 2823 ex
1388 2785 1450 2823 re
1482 2785 1655 2824 senex
1698 2769 2071 2825 vehementer

429 2858 703 2923 afﬂictus,
740 2856 1014 2910 manebat
1034 2856 1172 2911 toris
1191 2863 1525 2928 expectans,
1544 2859 1727 2914 donec
1748 2860 2071 2931 egredienti

417 2946 622 3019 juveni
655 2944 1108 3016 colloqueretur.
1142 2948 1302 3011 Quod
1325 2953 1382 3001 et
1403 2948 1620 3003 factum
1640 2954 1748 3004 est.
1769 2950 1898 3006 Mox
1913 2950 2069 3006 enim

428 3041 493 3092 ut
520 3051 794 3107 egressus
826 3038 914 3089 est
937 3034 1192 3105 juvenis,
1226 3036 1597 3092 tenuitillum
1618 3039 1814 3094 senior
1831 3056 1932 3111 per
1948 3056 2071 3095 ma-

427 3144 540 3182 nus
570 3130 627 3179 et
670 3139 938 3179 seorsum
972 3123 1138 3179 illum
1172 3125 1414 3193 ducens,
1448 3127 1594 3182 dixit
1623 3127 1709 3184 ei:
1747 3135 1830 3183 An
1855 3131 2068 3196 nescis,

2087 1818 2136 1883 B

2157 512 2805 586 quemdam,Evagrium
2823 513 3080 584 nomine,
3098 514 3195 585 qui
3211 516 3432 572 sodalis
3446 518 3652 573 suusin
3665 526 3781 575 stu-

2155 603 2270 659 diis
2284 602 2626 659 liberalibus
2645 603 3116 670 fuerat,amicum
3132 604 3784 676 sibicharissimum,sed

2156 694 2440 767 religione
2461 693 2765 766 gentilem,
2790 694 3094 749 etculturaa
3127 695 3415 752 idolorum
3437 697 3585 755 925
3615 701 3786 754 maxi-

2158 800 2249 838 me
2272 784 2555 853 deditum,
2580 800 2711 839 eum
2742 784 3053 855 episcopus
3077 785 3360 856 Synesius
3386 787 3456 841 ab
3481 786 3791 843 idololatria

2157 874 2473 929 transferre
2505 874 2575 928 ad
2598 872 2890 928 culturam
2908 873 3123 929 Christi
3151 875 3475 946 satagebat,
3493 892 3794 946 curamque

2158 963 2453 1035 ingentem
2489 965 2618 1033 ejus
2654 963 2731 1018 rei
2764 963 2878 1018 sibi
2922 971 3325 1035 assumpserat
3373 981 3477 1035 pro
3530 965 3795 1022 charitate

2160 1068 2336 1123 quam
2369 1068 2508 1124 erga
2536 1052 2729 1123 ipsum
2765 1051 3099 1123 aprincipio
3115 1052 3422 1108 habuerat.
3442 1052 3793 1109 Illeveromi-

2162 1142 2318 1197 nime
2335 1141 2391 1196 id
2409 1141 2764 1213 patiebatur,
2780 1157 2969 1212 neque
2983 1142 3136 1197 illius
3150 1142 3480 1198 doctrinam
3506 1143 3797 1199 admittere

2160 1230 2426 1285 volebat:
2461 1230 2774 1301 episcopus
2806 1235 2998 1286 tamen
3019 1248 3132 1302 pm
3149 1230 3332 1286 nimio
3347 1231 3797 1287 adillumamore

2162 1336 2235 1375 ne
2265 1319 2346 1375 sic
2380 1319 2619 1391 quidem
2660 1319 2833 1375 taedio
2866 1319 3053 1375 victus
3073 1320 3394 1376 desistebat
3418 1320 3797 1376 diebusillum

2161 1408 2413 1481 singulis
2446 1409 2693 1475 hortari,
2727 1409 3109 1479 etinstruere,
3136 1409 3799 1465 acinducereuthristo

2162 1499 2447 1565 crederet,
2482 1498 2786 1571 ipsiusque
2809 1503 3176 1554 sacramenta
3194 1498 3538 1570 susciperet.
3557 1502 3802 1570 Cumque

2162 1586 2519 1659 illiquotidie
2538 1588 2649 1643 ista
2668 1588 2889 1644 monita
2904 1590 3044 1644 dare
3060 1588 3421 1660 persisteret,
3442 1587 3586 1643 dixit
3598 1589 3664 1643 ad
3678 1604 3800 1644 eum

2162 1676 2342 1733 semel
2370 1676 2787 1748 philosophus:
2818 1675 2984 1744 Vere,
3007 1677 3084 1731 mi
3105 1677 3342 1732 domine
3372 1676 3660 1749 episcopo,
3679 1694 3799 1732 cum

2164 1765 2387 1822 caeteris
2419 1783 2547 1837 qua:
2578 1765 2719 1820 mihi
2754 1765 3063 1837 displicent
3092 1766 3150 1820 in
3182 1766 3536 1821 Christianis
3568 1765 3672 1821 hoc
3700 1771 3801 1836 est,

2170 1856 2323 1927 quod
2339 1854 2903 1910 consummationem
2921 1855 3118 1910 saeculi
3134 1855 3306 1911 istius
3320 1854 3579 1911 futuram
3593 1855 3800 1921 dicunt,

2168 1952 2223 2001 et
2248 1944 2960 2016 postconsummationem
2994 1961 3199 2000 omnes
3231 1944 3601 2014 quiabinitio
3624 1943 3805 2000 saeculi

2169 2034 2410 2089 fuerunt
2442 2033 2726 2099 homines,
2764 2035 2819 2087 in
2844 2033 2957 2089 isto
2971 2050 3208 2104 corpore
3220 2039 3674 2099 resurrecturos,
3688 2050 3801 2088 car-

2172 2138 2427 2193 nemque
2442 2123 2592 2178 hanc
2608 2123 2835 2178 incorru
2848 2122 3113 2195 ptibilem
3128 2126 3493 2195 recepturos,
3511 2122 3808 2179 etimmor-

2173 2212 2371 2282 talem,
2389 2219 2561 2282 atque
2578 2212 2724 2267 itain
2745 2216 3089 2283 perpetuum
3115 2211 3393 2279 victuros,
3412 2213 3613 2283 sicque
3626 2226 3808 2267 eorum

2175 2317 2301 2372 quae
2333 2300 2392 2355 in
2413 2317 2651 2372 corpore
2664 2305 2975 2372 gesserunt
2992 2301 3231 2371 praemia
3249 2306 3622 2372 percepturos
3648 2317 3660 2356 :
3691 2315 3810 2354 eum

2176 2391 2346 2445 etiam
2364 2389 2464 2460 qui
2480 2390 2796 2445 miseretur
2810 2391 3106 2462 pauperis,
3134 2390 3385 2445 fenerari
3406 2396 3541 2460 Deo,
3558 2394 3615 2445 et
3633 2389 3815 2461 quidi-

2177 2479 2401 2552 spergit
2431 2478 2489 2533 in
2508 2495 2796 2551 pauperes
2826 2485 2883 2534 et
2911 2479 3208 2550 inopes,in
3234 2478 3381 2536 ccrlo
3398 2479 3512 2535 sibi
3534 2480 3816 2535 thesauros

2179 2584 2236 2623 re
2246 2584 2478 2640 ponere,
2495 2572 2551 2624 et
2564 2573 2733 2624 centu
2742 2568 2956 2639 plicata
2969 2585 3099 2641 quae
3114 2569 3442 2639 erogaverit
3456 2569 3513 2623 in
3529 2582 3812 2639 regenera-

2179 2658 2339 2713 tione
2370 2674 2503 2713 cum
2536 2658 3169 2714 eeternavitaaChristo
3203 2674 3329 2713 esse
3344 2658 3662 2713 reddenda.
3692 2656 3815 2721 Qure

2180 2747 2378 2803 omnia
2403 2762 2534 2802 cum
2566 2747 2866 2816 dicuntur,
2899 2747 3184 2818 deceptio,
3216 2753 3273 2803 et
3301 2747 3522 2817 irrisio,
3554 2753 3605 2803 et
3639 2744 3815 2801 fabula

2181 2836 2327 2891 mihi
2350 2836 2620 2892 videntur
2644 2852 2657 2891 :
2682 2836 2995 2908 episcopus
3014 2840 3209 2891 autem
3232 2836 3519 2908 Synesius
3540 2851 3813 2891 assevera-

2181 2926 2280 2980 bat
2309 2926 2506 2980 omnia
2535 2924 2997 2982 Christianorum
3022 2942 3151 2981 vera
3173 2942 3323 2996 esse,
3350 2924 3618 2997 nihilque
3639 2922 3811 2979 omni-

2182 3031 2256 3070 no
2269 3014 2479 3069 habere
2493 3013 2705 3070 falsum
2730 3014 2814 3069 vel
2828 3014 3059 3070 veritati
3078 3013 3469 3082 contrarium,
3495 3013 3666 3085 idque
3689 3009 3817 3067 mul.

2182 3104 2259 3159 tis
2274 3104 2642 3159 documentis
2657 3104 3035 3169 asserebat,et
3048 3104 3406 3176 persuadere
3421 3103 3507 3159 illi
3524 3102 3813 3158 nitebatur.

427 3214 667 3271 domine
700 3214 898 3280 frater,
929 3212 1068 3285 quia
1088 3213 1352 3271 habitum
1374 3216 1705 3289 angelicum
1728 3218 1840 3274 fers
1862 3217 1885 3272 Ρ
1906 3192 2069 3291 igne;
2103 3192 2145 3258 (ἶ
2258 3211 2395 3266 Post
2415 3211 2665 3265 multum
2684 3226 2816 3266 vero
2835 3215 2948 3266 tem
2962 3210 3136 3281 poris.
3163 3227 3296 3264 cum
3321 3209 3493 3266 illum
3516 3207 3822 3265 induxisset

426 3322 548 3372 ras,
580 3302 720 3374 quia
740 3303 975 3372 juvenis
1008 3319 1068 3358 es
1090 3302 1118 3356 ?
1138 3304 1262 3359 Non
1287 3306 1593 3377 nostiquia
1613 3306 1782 3363 multi
1800 3313 1939 3363 sunt
1965 3310 2075 3364 ini-

430 3393 565 3448 mici
583 3392 765 3447 nostri
782 3391 973 3463 laquei
991 3392 1217 3449 ?Nescis
1230 3394 1370 3466 quia
1384 3401 1440 3449 et
1455 3412 1557 3466 per
1570 3397 1857 3463 oculos,et
1870 3414 1968 3469 per
1983 3416 2079 3453 au-

432 3487 589 3537 reset
605 3498 705 3553 per
721 3481 938 3551 figuras
953 3482 1140 3535 varias
1155 3482 1482 3552 ethabitus,
1514 3485 1785 3540 monachi
1803 3486 1858 3540 in
1877 3487 2081 3542 civita-

432 3571 592 3625 tibus
624 3568 1047 3623 laeduntur‘H‘u
1065 3575 1257 3624 autem
1276 3571 1333 3623 in
1358 3588 1653 3643 cauponas
1681 3575 1966 3645 intrepide
1991 3576 2079 3629 in-

433 3656 914 3728 grederis,etqua3
932 3674 1043 3711 non
1062 3658 1146 3711 vis
1162 3660 1551 3731 audis,etqua2
1567 3668 1704 3718 sunt
1719 3664 1884 3718 noxia
1900 3664 2081 3731 vides,

434 3744 1101 3814 inhonestisqueetviris
1116 3752 1171 3802 et
1188 3748 1532 3805 mulieribus
1548 3753 1940 3822 conjungeris.
1957 3752 2081 3810 Noli

438 3833 876 3905 itaque,fi|i,mi,
896 3834 1035 3900 noli,
1051 3836 1313 3905 obsecro,
1330 3839 1413 3894 sic
1428 3855 1618 3911 agere,
1635 3842 1731 3896 sed
1746 3842 1951 3912 fugein
1966 3859 2085 3899 ere-

439 3939 620 3991 mum,
640 3923 734 3978 ubi
752 3939 883 3979 cum
902 3923 999 3979 Dei
1014 3924 1305 3995 adjutorio
1319 3927 1531 3983 salvari
1548 3934 1732 4001 potes.
1762 3931 2088 4004 Respondit

438 4012 487 4068 ei
524 4012 766 4083 junior:
804 4012 979 4083 Perge
1010 4015 1225 4081 senior,
1260 4014 1414 4072 Deus
1460 4034 1575 4072 non
1609 4019 1812 4089 quaerit
1844 4022 1953 4077 nisi
1989 4039 2088 4078 cor

441 4103 755 4157 mundum.
779 4102 943 4157 Tunc
972 4104 1308 4175 expandens
1336 4106 1391 4161 in
1425 4106 1636 4163 caelum
1656 4110 1857 4166 ambas
1876 4128 2087 4169 manus

440 4210 581 4249 suas
614 4208 789 4247 senex
819 4193 937 4247 ait:
986 4192 1181 4249 Gloria
1213 4194 1342 4265 tibi,
1392 4196 1584 4266 Deus;
1621 4199 1938 4269 eccejenim
1984 4217 2086 4272 ego

442 4282 629 4337 habeo
671 4282 730 4335 in
762 4281 961 4354 Scythi
1012 4300 1197 4339 annos
1244 4286 1676 4359 quinquaginta
1705 4289 1986 4361 quinque,
2033 4296 2090 4347 et

449 4370 738 4424 mundum
764 4387 861 4426 cor
879 4388 993 4426 non
1012 4371 1233 4441 habeo;
1260 4373 1353 4431 hic
1373 4381 1569 4431 autem
1594 4377 1651 4432 in
1677 4379 1935 4435 tabernis
1955 4397 2089 4437 con-

445 4475 688 4513 versans
718 4460 910 4515 cordis
943 4462 1292 4518 munditiam
1328 4465 1604 4535 possidet.
1648 4468 1715 4522 Et
1746 4470 1815 4524 ad
1852 4470 2087 4525 fratrem

2192 3300 2594 3356 Christianum
2629 3299 2775 3369 ﬁeri,
2822 3300 3137 3371 baptizavit
3184 3298 3380 3370 ipsum
3417 3304 3475 3355 et
3505 3299 3655 3354 filios
3682 3298 3819 3367 ejus,

2190 3394 2557 3461 cunctosque
2592 3390 2948 3444 domesticos
2977 3388 3159 3443 illius.
3192 3388 3484 3443 Caeterum
3516 3404 3627 3443 non
3658 3384 3821 3441 multo

2191 3486 2393 3549 postea
2428 3495 2604 3550 quam
2640 3479 2970 3549 baptizatus
2999 3478 3208 3545 fuerat,
3242 3478 3408 3533 dedit
3425 3477 3692 3549 episcopo
3709 3474 3821 3529 auri

2194 3568 2302 3621 tria
2335 3569 2671 3623 centenaria
2704 3569 2762 3623 in
2794 3584 2965 3622 usum
2998 3568 3602 3638 pauperum,dicens:
3636 3563 3823 3633 Accipe

2193 3672 2402 3711 aurum
2436 3658 2616 3724 istud,
2651 3663 2709 3711 et
2758 3657 3046 3712 distribue
3078 3655 3220 3711 illud
3257 3656 3636 3727 pauperibus,
3667 3656 3720 3708 et
3748 3650 3823 3704 fac

2194 3744 2336 3799 mihi
2353 3745 2682 3801 cautionem
2707 3763 2883 3801 manu
2900 3750 3017 3813 tua,
3035 3746 3188 3816 quod
3202 3744 3476 3802 Christus
3492 3743 3631 3798 mihi
3646 3742 3820 3812 ipsum

2195 3834 2397 3890 reddet
2412 3836 2470 3889 in
2490 3836 2686 3891 futuro
2704 3836 2939 3891 saeculo.
2955 3835 3068 3898 Qui
3098 3838 3372 3905 suscepto
3390 3852 3463 3890 au
3475 3850 3557 3901 ro,
3577 3832 3823 3903 prompte

2194 3925 2303 3992 illi,
2338 3932 2401 3983 ut
2432 3928 2685 3999 petebat,
2719 3926 3048 3983 cautionem
3083 3926 3236 3981 fecit.

2268 4017 2623 4089 Vixititaque
2638 4021 2769 4089 post
2781 4016 3141 4088 baptismum
3158 4031 3342 4071 annos
3356 4013 3584 4085 aliquot
3596 4007 3826 4083 philoso-

2196 4111 2370 4181 phus,
2390 4107 2701 4163 actandem
2722 4105 3057 4161 infirmatus
3071 4109 3161 4160 est
3177 4104 3246 4159 ad
3268 4108 3539 4158 mortem.
3556 4106 3691 4155 Cum
3711 4110 3826 4151 vero

2198 4197 2371 4254 morti
2393 4197 2692 4269 proximus
2710 4200 2891 4260 esset,
2909 4194 3051 4250 dixit
3069 4194 3206 4249 filiis
3224 4192 3351 4249 suis
3376 4209 3388 4246 :
3419 4190 3659 4256 Quando
3675 4201 3827 4242 cura-

2197 4287 2335 4341 bitis
2350 4287 2528 4340 funus
2547 4283 3032 4350 meum,chartam
3046 4283 3222 4339 istam
3236 4281 3296 4336 in
3311 4281 3456 4337 meis
3472 4279 3737 4336 manibus
3751 4289 3833 4344 po-

2199 4375 2338 4442 nite,
2354 4379 2412 4429 et
2429 4389 2521 4429 me
2540 4389 2672 4428 cum
2693 4372 2796 4428 illa
2812 4372 3072 4444 sepelite.
3098 4372 3320 4427 Mortuo
3339 4374 3535 4425 autem
3556 4367 3677 4436 illo,
3694 4366 3827 4420 fece-

2200 4468 2331 4518 runt
2368 4462 2471 4516 ﬁlii
2504 4463 2653 4517 sicut
2681 4462 2766 4517 eis
2798 4463 2923 4532 ipse
2965 4464 3333 4532 praeceperat,
3375 4458 3830 4529 sepelieruntque

447 4562 767 4602 conversus
797 4548 943 4602 dixit
970 4566 981 4603 :
1018 4554 1166 4606 Deus
1200 4554 1337 4624 et_le
1368 4560 1578 4622 servet,
1610 4561 1669 4611 et
1700 4573 1791 4612 me
1815 4574 1926 4613 non
1954 4575 2092 4614 con-
2125 4567 2173 4628 [)
2202 4570 2335 4609 eum
2356 4567 2489 4607 cum
2521 4550 2927 4622 chirographo.
2963 4550 3159 4605 Tertia
3185 4565 3315 4604 vero
3331 4553 3464 4620 post
3483 4547 3827 4618 sepulturam

446 4635 660 4692 fundat
690 4653 723 4691 a
748 4652 851 4708 spe
883 4652 1031 4693 mea.

1036 4752 1276 4809 CAPUT
1305 4755 1509 4812 CXCV.

452 4841 571 4896 Vita
604 4841 829 4909 Evagrii
872 4841 1191 4922 philosophi
1234 4844 1537 4922 a_Synesio
1577 4849 1811 4919 Cyrenes
1853 4851 2095 4922 episcopo

867 4914 946 4968 ad
978 4914 1185 4969 Christi
1221 4914 1381 4986 ﬁdem
1410 4914 1673 4974 conversi.

520 5011 664 5065 Cum
698 5010 1058 5065 Alexandriae
1090 5029 1380 5079 essemus,
1408 5015 2094 5089 LoontiusApamiensis,

444 5102 531 5157 vir
548 5099 855 5167 religiosus
872 5118 934 5155 ac
952 5101 1514 5171 lidelissimus,venit
1529 5124 1597 5161 ex
1615 5108 1915 5179 Pentapoli
1936 5112 2099 5177 ;mul-

448 5190 524 5245 tis
556 5187 847 5259 cnimjam
872 5190 1274 5262 annisCyrene
1298 5198 1778 5251 moratusl'uerat.
1809 5198 1972 5254 Venit
2001 5217 2100 5255 au—

449 5286 566 5335 tem
606 5278 814 5332 diebus
841 5278 1065 5349 Eulogii
1103 5281 1287 5335 sancti
1319 5280 1697 5340 Alexandrini
1738 5287 2098 5360 patriarchae,

452 5368 1066 5439 ejusdemCyrenensis
1082 5368 1243 5425 urbis
1262 5372 1495 5427 futurus
1508 5373 1921 5445 episcopus.Cu
1936 5394 2104 5449 mque

453 5459 512 5512 in
528 5456 681 5511 famil
694 5456 1093 5527 iaricolloquio
1108 5475 1293 5514 essem
1305 5464 2069 5532 us,narravitnobis,dicens
2088 5485 2098 5521 :

455 5547 586 5603 Fuit
623 5548 983 5618 temporibus
1028 5547 1331 5620 Theophili
1380 5551 1705 5607 beatissimi
1758 5556 2101 5626 patriarcha:

460 5636 713 5693 Alexand
726 5636 837 5692 rini
854 5638 1067 5711 Cyrene
1082 5638 1393 5711 episcopus
1407 5640 1681 5713 Synesius
1696 5644 2099 5719 philosophus.

2201 4644 2294 4698 die
2325 4641 2599 4714 apparuit
2629 4641 2900 4711 episcopo
2931 4638 3173 4711 Synesio
3204 4643 3373 4694 nocte
3392 4632 3731 4709 quiescenti,
3752 4629 3827 4684 di-

2202 4748 2378 4788 cens:
2411 4732 2557 4787 Veni
2589 4732 2660 4787 ad
2695 4722 3828 4801 sepulcrum,ubijaceo,etaccipecbiro-

2204 4821 2494 4895 graphum
2516 4825 2680 4875 tuum
2711 4820 2941 4890 ;aecepi
2959 4818 3114 4873 enim
3145 4818 3433 4883 debitum,
3455 4815 3831 4872 satisfactum-

2205 4928 2317 4983 que
2351 4912 2492 4967 mihi
2525 4914 2636 4977 est,
2670 4915 2843 4980 atque
2875 4913 2940 4963 ut
2969 4909 3183 4963 certior
3210 4908 3339 4978 ejus
3367 4906 3445 4961 rei
3468 4906 3595 4970 ﬁas,
3618 4898 3832 4974 propria

2207 5018 2338 5056 mea
2368 5000 2692 5071 subscripsi
2728 5016 2923 5055 manu.
2963 4997 3275 5069 lgnorabat
3315 5000 3504 5050 autem
3546 4992 3831 5063 episcopus

2211 5092 2365 5163 quod
2402 5088 2861 5161 chirographum
2902 5086 3045 5141 illud
3075 5084 3535 5156 consepelissent
3562 5082 3632 5138 ei.

2283 5200 2451 5253 Mane
2482 5200 2677 5251 autem
2713 5196 2885 5262 facto,
2908 5192 3209 5248 accersitis
3226 5188 3653 5261 filiisejusdixit
3674 5182 3837 5241 :Num

2211 5287 2425 5356 aliquid
2460 5302 2593 5339 cum
2630 5289 2793 5354 patre
2825 5287 3016 5338 vestro
3048 5282 3107 5336 in
3140 5285 3523 5336 monumento
3568 5266 3841 5349 posuisti?

2212 5376 2298 5431 Illi
2334 5379 2607 5446 putantes
2624 5374 2777 5444 quod
2796 5388 2894 5427 eos
2909 5373 2979 5427 de
2996 5370 3259 5443 pecuniis
3283 5368 3680 5439 interrogaret,
3695 5359 3836 5446 dixe-

2212 5445 2347 5520 runt
2360 5466 2409 5518 ei
2433 5462 2900 5527 :Nihil,domine,
2919 5466 3124 5533 praeter
3138 5476 3363 5531 pannos
3376 5445 3831 5513 consuetos.0uid

2212 5554 2394 5627 igitur
2414 5554 2440 5608 ?
2466 5552 2743 5624 Nunquid
2778 5551 2865 5607 vel
2886 5551 3142 5607 chartam
3167 5548 3425 5620 aliquam
3454 5535 3831 5627 consepelistis

2212 5624 2263 5700 ei
2286 5644 2312 5698 Τ
2344 5643 2426 5699 Tu
2440 5659 2507 5698 nc
2536 5640 2817 5699 recordati
2862 5639 2946 5695 illi
2989 5638 3360 5711 (ignorabant
3390 5636 3543 5693 enim
3593 5627 3738 5703 quod
3766 5624 3828 5679 de
