3986 6168
486 282 594 337 227

1674 277 1772 331 ΠΒ
1810 277 2000 331 VITIS
2036 275 2337 330 PATRUM
2376 275 2591 329 LIBER
2627 276 2700 328 X.
3749 280 3845 336 228

492 410 663 465 modo
696 405 918 463 scilicet
962 404 1150 476 ipsius
1182 402 1469 475 promotio
1501 403 1572 458 ad
1615 401 2020 474 episcopatum
2070 417 2137 457 ex
2164 405 2218 473 Α
2248 399 2395 456 nihil
2429 416 2522 455 ine
2555 399 2847 470 praeterire
2874 401 3248 472 persuadeat,
3271 400 3573 459 multitudo
3598 420 3720 460 vero
3740 421 3850 477 ges-

489 495 855 569 praascientia
885 493 1082 550 divina
1113 494 1347 549 initium
1380 492 1750 564 sumpsisset.

554 606 935 676 Consequens
986 606 1183 657 autem
1216 600 1361 655 mihi
1396 600 1630 655 videtur
1672 616 1800 655 esse
1833 614 2021 671 pauca
2065 597 2135 653 de

485 695 593 750 viri
625 692 976 764 antiquitate
1000 695 1279 762 repetere,
1312 695 1370 745 et
1392 689 1584 759 qualis
1603 706 1635 743 a
1654 705 1833 761 puero
1859 686 2030 743 fuerit
2049 685 2133 740 vi-

482 788 577 852 tae,
597 782 861 856 qualisve
878 781 1156 847 instituti,
1178 779 1535 847 meminisse,
1552 777 2046 849 quemadmodum
2062 775 2132 829 ab

485 874 577 929 his
631 872 891 945 quicum
926 869 1025 925 illo
1074 867 1531 923 familiarissime
1580 857 1869 935 vixerunt,
1902 864 2130 935 accepi~

485 981 619 1018 mus
645 962 839 1033 (Ra/7.,
868 962 892 1013 1
928 978 944 1014 ι
976 958 1121 1014 Hist.
1164 974 1210 1012 c.
1256 958 1364 1026 14).
1402 958 1479 1011 Eo
1511 956 1695 1027 igitur
1725 960 1987 1027 tempore
2014 969 2131 1025 quo

480 1051 807 1107 Alexander
838 1048 1253 1105 sanctissimus
1277 1045 1681 1101 Alexandrines
1701 1043 1970 1099 Ecclesiae
2004 1046 2135 1113 post

478 1140 769 1196 Achillam
804 1144 1066 1210 praeerat,
1096 1136 1263 1206 juxta
1292 1133 1723 1206 praedictionem
1757 1131 1947 1188 sancti
1982 1131 2132 1187 Petri

479 1226 905 1301 archiepiscopi
938 1231 993 1281 et
1018 1224 1314 1295 martyris,
1340 1223 1437 1295 qui
1465 1221 1714 1294 impium
1736 1222 1936 1276 Arium
1969 1222 2129 1276 dam-

479 1318 675 1386 navit;
705 1333 839 1373 cum
872 1316 966 1371 die
989 1314 1244 1386 quadam
1275 1329 1343 1368 ex
1374 1311 1759 1367 eminentiore
1809 1311 1932 1366 loco
1966 1326 2131 1365 mare

479 1409 823 1471 intueretur,
874 1404 1100 1475 aspexit
1132 1418 1341 1473 pueros
1391 1401 1451 1455 in
1483 1400 1679 1456 littore
1726 1400 2020 1465 ludentes,
2066 1403 2131 1453 ut

475 1497 832 1553 consuetudo
870 1495 1063 1566 pueris
1095 1497 1202 1559 est,
1229 1490 1692 1562 episcopumque
1717 1488 2036 1557 imitantes,
2063 1503 2127 1542 ac

475 1585 904 1643 ecclesiasticos
948 1583 1094 1637 ritus
1130 1598 1355 1638 omnes.
1389 1580 1534 1635 Cum
1578 1594 1715 1650 ergo
1749 1594 1961 1649 pueros
1994 1576 2126 1632 illos

476 1675 700 1732 diutius
714 1674 1057 1739 intueretur,
1077 1672 1296 1741 majora
1309 1670 1471 1741 quand
1482 1686 1573 1723 am
1587 1673 1645 1723 et
1660 1668 1974 1723 sacratiora
1992 1666 2125 1721 illos

2247 493 2439 545 torum
2497 489 2753 557 plurima
2783 493 2975 544 tacere
3022 488 3352 561 compellat.
3394 490 3649 547 Fluctuat
3675 493 3851 564 itaque

2245 580 2522 650 ambigua
2553 596 2740 646 mens,
2778 595 2965 650 neque
2999 578 3166 650 plane
3199 579 3531 650 dignoscere
3556 581 3696 637 valet
3722 584 3846 653 quid

2244 670 2637 740 conscribere,
2672 669 2811 740 quid
2835 668 3104 723 omittere
3127 668 3349 724 debeat.
3372 671 3552 739 Atque
3572 670 3691 725 ideo
3721 688 3847 741 pau-

2244 776 2447 815 corum
2483 759 2884 825 meminimus,
2910 775 3038 830 quae
3061 760 3131 814 ad
3156 775 3276 814 rem
3306 759 3625 830 pertinent;
3652 760 3851 832 reliqua

2241 866 2376 904 vero
2404 850 2562 904 fama
2586 848 2905 915 enarrabit,
2936 864 3060 918 quas
3094 848 3347 919 profecto
3370 847 3588 903 minora
3616 865 3776 919 quam
3797 865 3852 906 se

2244 937 2453 993 haheat
2486 937 2701 991 veritas
2731 935 3088 1001 enuntiabit,
3120 935 3345 991 veritati
3377 935 3587 1008 quippe
3614 935 3752 991 nihil
3770 937 3856 991 ad-

2244 1026 2381 1081 dere
2412 1026 2644 1098 poterit.

2788 1096 3023 1152 CAPUT
3062 1096 3345 1151 CXCVIII.

2243 1188 2537 1259 Responsio
2557 1185 2741 1259 sancti
2769 1186 3063 1259 Athanasii
3093 1185 3333 1259 episcopi
3369 1184 3719 1259 Alexandrini
3744 1200 3861 1239 num

2595 1258 2719 1329 quis
2756 1259 2876 1312 sine
2910 1258 3016 1326 ﬁde
3047 1256 3326 1328 baptizari
3340 1258 3502 1328 passi.

2290 1351 2689 1418 Interrogatus
2703 1352 2793 1402 est
2809 1345 3125 1417 aliquando
3142 1346 3455 1415 pradictus
3471 1348 3700 1400 sanctus
3711 1343 3863 1399 Atha-

2239 1436 2443 1492 nasius
2476 1440 2786 1508 postquam
2818 1434 3179 1490 Alexandria
3203 1435 3510 1507 episcopus
3530 1434 3859 1489 constitutus

2239 1526 2369 1592 fuit,
2385 1542 2456 1581 an
2474 1530 2673 1596 posset
2686 1525 2980 1596 quispiam
2997 1523 3043 1578 si
3056 1540 3123 1578 ne
3138 1524 3249 1579 fide
3264 1523 3763 1596 baptizarisecund
3777 1537 3860 1577 um

2238 1618 2413 1671 ritum
2431 1621 2486 1671 et
2501 1613 3634 1688 prmdicationemChristianorumzautsi
3649 1614 3861 1668 credere

2236 1722 2299 1760 se
2314 1705 2617 1765 simulans,
2644 1703 2945 1775 aliquibus
2972 1702 3103 1758 aliis
3127 1704 3536 1759 occasionibus
3557 1703 3865 1774 baptizatus

475 1764 709 1866 αβειζθάί
747 1761 1023 1866 mysteria
1062 1755 2122 1866 νξάθι-,Τυῑὲῖείξλεξιξιξιξξθξδρξιξξτξιέξκ
2157 1779 2203 1843 B
2237 1755 2624 1866 ξιςίξέξξεῖιῑῑά
2647 1755 3864 1864 ξέῖιῑξεέξιέίθθείέτςςέέιέῑιδξηξδῑςευέοίξ

475 1854 719 1909 clericos
749 1853 1035 1907 advocans
1065 1851 1149 1905 eis
1181 1848 1458 1916 ostendit,
1492 1864 1620 1918 qua
1650 1846 1776 1918 ipse
1808 1859 2126 1915 conspexe-

478 1947 590 2009 rat,
617 1941 1009 2014 praecepitque
1033 1944 1096 1994 ut
1113 1939 1264 1994 irent
1281 1941 1337 1993 et
1358 1954 1567 2008 pueros
1585 1952 1789 1991 omnes
1807 1932 2127 2006 apprehen-

479 2033 707 2097 derent,
727 2032 877 2087 927
909 2036 1086 2100 atque
1108 2029 1177 2083 ad
1203 2044 1264 2082 se
1287 2027 1663 2081 adducerent.
1693 2025 1995 2079 Venientes
2017 2021 2127 2093 igi-

476 2125 577 2176 tur
608 2135 820 2191 pueros
839 2120 1160 2188 interrogat
1188 2116 1320 2188 quis
1351 2115 1435 2171 eis
1463 2114 1641 2170 ludus
1674 2113 1867 2179 fuerit,
1893 2111 2124 2181 quidve,

472 2212 528 2263 et
550 2209 846 2278 quomodo
867 2204 1172 2277 gesserint.
1193 2204 1445 2272 Illivero,
1470 2208 1672 2274 utpote
1698 2201 1882 2273 pueri,
1906 2204 2127 2271 perter-

473 2298 593 2361 riti,
627 2298 698 2352 ab
719 2296 888 2351 initio
909 2296 1147 2366 quidem
1173 2309 1386 2363 negare
1410 2295 1732 2363 cmperunt,
1762 2294 1965 2361 postea
1990 2304 2125 2343 vero

472 2391 653 2442 totam
704 2384 914 2440 seriem
970 2385 1387 2454 exposuerunt,
1438 2380 1811 2451 confessique
1873 2382 2014 2434 sunt
2062 2392 2125 2432 se

471 2473 756 2544 quosdam
776 2472 1107 2542 baptizasse
1130 2468 1585 2525 catechumenos
1609 2484 1713 2539 per
1732 2467 2121 2523 Athanasium

469 2579 645 2635 quem
678 2561 788 2617 sibi
812 2560 975 2632 pueri
993 2559 1333 2630 episcopum
1353 2558 1630 2613 fecerant.
1652 2561 1811 2611 Tunc
1834 2556 2012 2627 igitur
2029 2553 2123 2609 di-

466 2652 715 2722 ligenter
744 2650 1050 2721 inquirens
1082 2650 1152 2703 ab
1186 2648 1274 2715 iis,
1308 2652 1365 2703 et
1396 2649 1637 2718 quinam
1670 2646 1947 2717 baptizati
1974 2644 2122 2699 fuis-

468 2747 620 2807 sent,
656 2744 710 2796 ct
742 2739 904 2810 quid,
938 2743 995 2794 et
1027 2738 1319 2810 quomodo
1350 2735 1716 2807 interrogati,
1750 2735 1963 2807 quidve
1992 2750 2118 2788 res-

470 2830 853 2902 pondissent;
887 2844 1017 2881 cum
1046 2829 1116 2881 ab
1151 2844 1217 2881 eo
1249 2827 1349 2897 qui
1391 2827 1874 2896 interrogaverat,
1908 2828 2121 2879 cuncta

469 2917 793 2987 didicisset,
826 2919 1122 2986 comperto
1155 2915 1309 2986 quod
1342 2914 1540 2969 omnia
1565 2915 1734 2985 juxta
1768 2913 1945 2968 ritum
1980 2913 2118 2967 reli-

468 3006 661 3078 gionis
714 3010 927 3060 nostrae
960 3003 1345 3075 peregissent,
1380 3020 1501 3058 rem
1536 3002 1593 3056 in
1638 3018 1950 3056 commune
1981 3018 2116 3056 cum

470 3095 696 3149 clericis
718 3092 971 3165 agitans,
1004 3092 1268 3146 definivit
1301 3096 1364 3145 ut
1384 3092 1620 3159 dicitur,
1648 3107 1745 3146 eos
1765 3090 1863 3161 qui
1891 3090 2117 3161 baptis-

470 3201 565 3240 mo
596 3181 918 3239 consecrati
954 3181 1202 3247 fuerant,
1236 3197 1370 3235 cum
1400 3180 1598 3235 omnia
1618 3178 1773 3235 circa
1804 3196 1867 3234 se
1898 3178 2116 3235 solem—

469 3276 619 3329 niter
636 3277 868 3343 peracta
885 3273 1137 3326 fuissent
1162 3288 1263 3342 per
1288 3270 1769 3341 interrogationes
1792 3273 1848 3325 et
1873 3285 2111 3339 respon-

467 3363 684 3430 siones,
715 3362 974 3419 secundo
1003 3360 1239 3432 quidem
1265 3377 1379 3415 non
1405 3365 1670 3431 oportere
1689 3359 1993 3430 baptizari,
2012 3358 2111 3414 sed

466 3452 698 3523 impleri
734 3467 800 3506 ea
848 3466 975 3521 quae
1008 3450 1197 3505 solent
1223 3466 1254 3504 a
1288 3449 1690 3504 sacerdotibus
1742 3448 1885 3503 fieri.
1937 3454 2113 3503 Porro

465 3541 879 3605 Athanasium,
915 3543 971 3594 et
1000 3543 1261 3608 caeteros,
1295 3556 1442 3609 quos
1476 3538 1571 3594 ille
1605 3544 1668 3593 ut
1701 3538 2030 3593 sacerdotes
2059 3540 2117 3592 et

466 3631 746 3686 diaconos
777 3629 1063 3683 habuerat
1093 3629 1150 3681 in
1178 3627 1524 3693 ministerio,
1548 3627 1882 3682 convocatis
1913 3643 2115 3682 eorum

465 3718 830 3792 parentibus,
864 3718 973 3771 sub
1006 3716 1122 3772 Deo
1154 3720 1301 3771 teste
1331 3715 1584 3772 ecclesiae
1609 3716 1869 3782 tradidit,
1903 3720 1968 3771 ut
1997 3714 2116 3771 illic

469 3806 860 3862 nutrirentur.

539 3895 763 3950 Modico
790 3895 1309 3966 itaqueﬁransacto
1335 3899 1616 3966 tempore,
1650 3910 1785 3950 cum
1812 3897 1868 3948 et
1891 3910 1923 3948 a
1950 3897 2115 3949 nota-

462 3984 551 4041 rio
573 3985 845 4056 perfecte,
873 3988 930 4040 et
954 4000 986 4039 a
1009 3984 1397 4055 grammatico
1421 3982 1785 4039 sufficienter
1804 3982 1916 4054 (45)
1937 3982 2113 4037 Atha-

461 4077 667 4133 nasius
690 4076 815 4147 jam
850 4076 1176 4131 instructus
1210 4080 1386 4144 esset,
1421 4076 1697 4131 continuo
1733 4073 1902 4145 quasi
1944 4073 2115 4129 ﬁdele

460 4166 794 4237 depositum
828 4164 951 4235 Dei,
985 4165 1275 4221 sacerdoti
1306 4182 1337 4220 a
1366 4164 1729 4237 parentibus,
1753 4163 2025 4231 traditur,
2060 4167 2117 4219 et

457 4246 633 4302 veluti
666 4246 897 4301 Samuel
948 4246 1183 4317 quidem
1216 4246 1272 4300 in
1304 4245 1520 4316 templo
1563 4245 1842 4299 nutritur.
1876 4244 2113 4309 Quoties

458 4354 591 4391 vero
626 4336 945 4391 Alexander
977 4336 1034 4389 in
1069 4339 1367 4391 senectute
1399 4335 1468 4390 ad
1502 4333 1813 4406 episcopos
1847 4332 2115 4404 proficis-

460 4429 712 4488 ceretur,
726 4424 833 4479 iste
854 4441 952 4494 seq
965 4424 1290 4480 uebatureu
1303 4442 1354 4478 m
1367 4465 1380 4490 ,
1398 4424 1592 4480 ferens
1606 4423 1804 4479 saccrd
1815 4422 1915 4477 otii
1933 4420 2114 4477 amic-

460 4517 610 4580 tum,
644 4512 743 4583 qui
774 4513 1058 4569 Hebraice
1083 4513 1495 4586 appellabatur
1526 4512 1751 4583 Ephod.

528 4619 714 4674 Tanta
741 4635 873 4676 vero
904 4625 959 4674 et
979 4625 1093 4675 tam
1112 4621 1388 4691 praeclara
1407 4626 1610 4675 contra
1623 4619 1925 4674 haereticos
1942 4617 2111 4672 Atha-

460 4706 607 4762 nasii
638 4707 698 4761 in
731 4712 935 4763 sancta
956 4709 1209 4763 Ecclesia
1237 4710 1394 4764 fuere
1416 4708 1756 4775 certamina,
1790 4706 2012 4761 utillud
2038 4705 2109 4760 de

458 4814 524 4853 eo
556 4797 842 4869 scriptum
877 4816 1006 4854 esse
1048 4799 1331 4866 videatur,
1366 4799 1520 4869 quod
1557 4798 1776 4852 dictum
1828 4801 1954 4853 est:
1986 4799 2108 4866 Ego

458 4888 768 4941 ostendam
802 4888 877 4955 ei,
895 4895 1115 4959 quanta
1147 4906 1247 4959 pro
1265 4888 1499 4943 nomine
1516 4904 1643 4942 meo
1659 4887 1827 4943 illum
1842 4892 2108 4958 oporteat

456 4976 592 5046 pali.
633 4975 778 5033 Nam
814 4976 871 5031 in
905 4977 1034 5046 ejus
1069 4977 1535 5049 persecutionem
1569 4980 1722 5032 totus
1748 4976 2107 5048 conspiravit

455 5064 634 5129 orbis,
661 5066 940 5120 commoti
971 5071 1110 5122 sunt
1136 5083 1300 5137 reges
1328 5072 1495 5121 terra:
1516 5070 1571 5121 et
1600 5072 1821 5135 gentes,
1847 5072 1903 5121 et
1929 5081 2109 5137 regna

453 5154 864 5224 exercitusque
895 5160 1100 5211 contra
1132 5155 1295 5211 illum
1330 5159 1751 5212 convenerunt.
1779 5160 1950 5211 Porro
1982 5158 2107 5228 ipse

454 5242 715 5297 divinum
733 5242 876 5298 illud
895 5243 1194 5315 eloquium
1220 5243 1706 5316 opereimplebat,
1729 5261 1840 5315 quo
1857 5244 2102 5299 dicitur:

452 5332 507 5385 Si
532 5332 863 5387 consistant
886 5334 957 5388 ad
976 5350 1210 5389 versum
1237 5351 1327 5390 me
1350 5340 1562 5400 castra,
1588 5350 1700 5388 non
1724 5333 1957 5389 timebit
1978 5350 2104 5388 cor-

456 5438 694 5489 meum;
730 5423 777 5477 si
812 5428 1087 5494 exsurgat
1118 5425 1431 5479 adversum
1465 5439 1558 5479 me
1590 5422 1882 5495 prielium,
1905 5423 1963 5477 in
1995 5423 2105 5479 hoc

452 5525 558 5580 ego
582 5510 830 5581 sperabo
860 5512 1045 5581 (Psal.
1078 5512 1255 5584 xxvx).
1290 5511 1435 5566 Vere
1468 5510 1624 5566 enim
1658 5514 1819 5565 tanta
1847 5509 2007 5565 illius
2038 5526 2104 5567 ac

450 5595 596 5653 talia
622 5597 892 5655 feruntur
920 5614 1118 5672 opera,
1159 5603 1224 5656 ut
1255 5598 1600 5672 magnitudo
1636 5597 1875 5669 quidem
1908 5614 2104 5655 rerum

2240 1885 2361 1955 piat
2392 1883 2557 1938 illum
2595 1885 2765 1938 Deus.
2795 1883 2863 1937 Et
2893 1881 3216 1953 respondit.
3248 1882 3490 1937 dicens:
3524 1881 3731 1938 Audivi
3770 1880 3868 1937 ali-

2239 1974 2474 2045 quando
2507 1990 2539 2025 a
2570 1971 2899 2027 senioribus
2925 1972 3139 2025 nostris
3170 1970 3326 2041 quod
3354 1974 3523 2025 beato
3545 1974 3710 2026 Petro
3732 1970 3868 2040 epis-

2235 2078 2376 2132 copo
2398 2066 2455 2116 et
2479 2061 2740 2133 martyri,
2765 2076 2899 2115 cum
2920 2059 3065 2114 facta
3085 2065 3240 2114 esset
3259 2058 3609 2124 mortalitas,
3633 2063 3688 2114 et
3710 2057 3869 2130 pleri-

2236 2170 2349 2224 que
2364 2154 2432 2207 ad
2452 2152 2749 2223 baptisma
2764 2150 2969 2207 mortis
2983 2151 3189 2205 timore
3202 2153 3591 2221 confugerent
3606 2164 3870 2221 apparue-

2234 2242 2574 2313 ritAngelus
2589 2242 2848 2296 humana
2861 2240 3077 2311 specie,
3092 2239 3311 2295 dicens:
3329 2240 3604 2304 Quandiu
3621 2239 3731 2296 huc
3744 2239 3868 2293 mit-

2230 2332 2356 2387 titis
2390 2332 2693 2403 marsupia
2722 2330 2857 2399 ista,
2897 2329 3126 2400 signata
3157 2329 3421 2400 quidem,
3466 2329 3663 2385 inanis
3693 2334 3870 2385 autem

2232 2438 2475 2493 prorsus
2497 2424 2553 2476 et
2574 2436 2773 2487 vacua,
2797 2424 2850 2473 et
2878 2416 3023 2472 nihil
3048 2418 3206 2473 intus
3225 2417 3504 2472 habentia
3525 2418 3553 2471 ?
3576 2418 3750 2472 Erunt
3767 2417 3867 2471 ita-

2229 2526 2366 2581 que,
2396 2512 2683 2583 quantum
2702 2525 2768 2563 ex
2790 2507 2979 2580 angeli
2999 2524 3131 2563 voce
3150 2509 3441 2578 conjicere
3467 2507 3626 2576 licet,
3651 2508 3869 2577 signum

2231 2601 2516 2655 habentes
2549 2599 2851 2670 baptismi,
2886 2597 3161 2668 quoniam
3188 2605 3245 2651 et
3269 2598 3628 2652 beneficium
3656 2594 3869 2667 aliquod

2229 2688 2642 2743 existimarunt
2673 2703 2733 2742 se
2765 2684 3068 2757 consequi,
3096 2684 3145 2741 si
3170 2684 3474 2757 baptisma
3496 2685 3869 2756 susciperent,

2229 2783 2403 2848 atque
2432 2776 2650 2831 idcirco
2683 2773 2960 2845 haptizati
2994 2774 3101 2845 (46)
3136 2780 3295 2828 sunt.

2799 2863 3025 2918 CAPUT
3066 2863 3301 2920 CXCIV.

2228 2938 2436 2994 Relalio
2461 2936 2524 2991 de
2554 2952 2680 2991 sene
2702 2935 2936 3008 quodam
2965 2934 3245 3005 simplice,
3278 2953 3376 3007 qui
3408 2952 3540 2992 cum
3572 2952 3873 2992 sacramen-

2583 3018 2697 3062 tum
2738 3008 2976 3078 offerret,
3022 3010 3244 3075 angelos
3283 3008 3527 3064 videbat.

2297 3096 2562 3152 Narravit
2612 3096 2849 3167 quidam
2898 3095 3157 3165 Patrum,
3206 3098 3357 3167 quod
3410 3114 3597 3153 senex
3646 3096 3875 3167 quidam

2229 3187 2484 3241 mundus
2498 3190 2552 3241 et
2568 3191 2806 3241 sanctus
2829 3185 3107 3253 existens,
3131 3202 3263 3241 cum
3288 3186 3533 3243 offerret
3552 3201 3875 3242 sacramen-

2223 3282 2373 3345 tum,
2391 3276 2623 3330 videbat
2641 3274 2875 3345 angelos
2889 3275 3001 3329 sibi
3020 3276 3219 3331 dextra
3233 3274 3501 3349 lievaque
3515 3277 3875 3333 assistentes.

2224 3367 2398 3421 Porro
2433 3365 2526 3420 hic
2558 3364 2946 3436 ab_hcereticis
2977 3365 3441 3421 consecrationis
3478 3367 3662 3422 ritum
3689 3380 3873 3438 perce-

2226 3460 2407 3526 perat,
2440 3459 2496 3509 et
2524 3452 2703 3507 veluti
2724 3450 2969 3523 simplex
3000 3458 3056 3507 et
3083 3453 3242 3507 rudis
3267 3452 3608 3509 divinorum
3635 3455 3875 3525 dogma-

2223 3550 2376 3610 tum,
2408 3543 2644 3615 quando
2679 3541 2974 3611 offerebat,
3008 3541 3066 3595 in
3100 3541 3486 3614 simplicitate
3520 3528 3578 3599 et
3610 3547 3884 3598 innocen-

2225 3636 2307 3690 tia
2334 3635 2566 3690 dicebat
2595 3650 2722 3704 quae
2752 3650 2865 3686 non
2894 3632 3177 3687 decebant
3209 3636 3551 3690 secundum
3587 3638 3805 3690 rectam
3824 3631 3889 3687 fi-

2224 3726 2380 3793 dem,
2404 3724 2681 3795 ignorans
2713 3722 2866 3793 quod
2905 3721 3219 3777 falleretur.

2297 3813 2448 3867 Perd
2461 3811 2671 3866 ivinam
2688 3810 2831 3882 igitu
2844 3810 3373 3882 rdispensationem
3392 3813 3665 3884 perrexit
3680 3812 3752 3868 ad
3766 3825 3888 3865 eum

2224 3903 2506 3958 diaconus
2522 3900 2758 3971 quidam
2777 3898 3172 3971 peritissimus
3191 3900 3531 3957 divinorum
3549 3904 3891 3974 dogmatum

2223 3992 2478 4061 Contigit
2512 3999 2703 4047 autem
2728 3994 2996 4045 sanctum
3023 4006 3243 4060 senem,
3271 3997 3571 4062 praesente
3598 3991 3699 4047 illo
3720 3988 3893 4046 sacri-

2226 4082 2419 4137 ficium
2455 4081 2678 4136 oerrre.
2703 4078 2857 4134 Dixit
2880 4085 3075 4135 autem
3097 4079 3145 4135 ei
3175 4080 3465 4137 diaconus
3492 4098 3506 4136 :
3530 4082 3747 4147 Verba,
3775 4096 3894 4151 quae

2222 4171 2281 4226 in
2315 4170 2610 4228 offerendo
2643 4168 2863 4234 dixisti,
2890 4174 3057 4223 rectae
3090 4169 3222 4223 fidei
3251 4187 3359 4224 non
3387 4176 3563 4238 sunt,
3592 4172 3697 4227 sed
3725 4171 3897 4225 haere-

2222 4262 2472 4318 ticorum
2505 4269 2561 4315 et
2595 4277 2777 4333 prava:
2798 4260 3092 4332 Opinionis
3116 4260 3446 4317 hominum.
3484 4264 3681 4320 Senex
3704 4266 3895 4319 autem

2221 4350 2543 4417 confidens,
2577 4347 2854 4421 quoniam
2878 4348 3111 4403 videbat
3141 4350 3379 4421 angelos
3401 4352 3554 4407 dum
3592 4352 3893 4415 offerebat,

2222 4456 2339 4495 non
2361 4438 2615 4493 intendit
2638 4438 2731 4493 his
2751 4454 2877 4509 quae
2900 4437 3245 4493 dicebantur
3262 4456 3293 4493 a
3320 4439 3607 4510 diacono,
3633 4441 3739 4497 sed
3764 4456 3898 4495 con-

2140 4510 2186 4575 D
2218 4525 2481 4599 tempsit.
2505 4526 2799 4583 Diaconus
2817 4530 3010 4581 autem
3032 4526 3403 4597 persistebat,
3430 4528 3683 4585 dicens:
3722 4527 3899 4583 Falle-

2225 4615 2326 4683 ris,
2366 4615 2555 4683 ahba;
2591 4632 2707 4669 non
2738 4614 2896 4670 enim
2932 4614 3189 4669 admittit
3231 4616 3377 4671 fides
3425 4617 3742 4674 catholica
3786 4616 3903 4672 ista

2222 4722 2354 4777 quae
2386 4704 2555 4769 dicis,
2589 4721 2776 4773 neque
2808 4708 2993 4759 mater
3022 4704 3298 4760 Ecclesia.
3327 4707 3469 4761 Cum
3510 4712 3722 4763 autem
3749 4706 3901 4762 vide-

2224 4799 2312 4848 ret
2343 4793 2573 4849 diaconi
2606 4793 2997 4849 constantiam
3033 4793 3089 4847 in
3124 4810 3185 4850 se
3217 4796 3523 4866 arguendo
3569 4813 3786 4865 senex,
3816 4799 3903 4851 at-

2224 4900 2335 4955 que
2352 4883 2407 4938 in
2430 4882 2721 4939 oblatione
2740 4882 2979 4939 salutari
3006 4889 3239 4939 sanctos
3255 4884 3520 4957 angleos,
3544 4891 3618 4942 ut
3645 4903 3901 4943 consue-

2221 4978 2402 5043 verat,
2430 4974 2778 5044 intueretur,
2814 4974 2895 5029 ait
2924 4974 3008 5029 eis
3045 4992 3057 5029 :
3092 4974 3382 5030 Diaconus
3413 4978 3533 5031 iste
3570 4978 3733 5032 mihi
3779 4977 3902 5033 haec

2216 5067 2272 5118 et
2302 5062 2417 5118 ista
2450 5062 2633 5118 dicit:
2663 5063 2957 5134 quomodo
2991 5079 3051 5118 se
3081 5063 3235 5119 928
3268 5063 3443 5119 habet
3471 5066 3715 5122 veritas
3736 5067 3766 5122 ?
3797 5066 3905 5122 Di-

2216 5155 2359 5206 cunt
2390 5150 2442 5206 ei
2466 5151 2707 5222 angeli:
2743 5150 3028 5206 Ausculta
3063 5152 3136 5217 ei,
3169 5169 3303 5208 nam
3328 5168 3461 5207 vera
3507 5153 3820 5227 loquitur,
3850 5160 3905 5209 et

2216 5243 2370 5295 recte
2390 5238 2503 5295 ista
2525 5240 2922 5309 prosequitur.
2949 5240 3106 5295 Dixit
3127 5247 3321 5297 autem
3339 5242 3423 5297 eis
3445 5258 3647 5299 senex
3673 5262 3687 5300 :
3712 5247 3911 5310 Quare

2214 5346 2315 5384 vos
2351 5346 2463 5383 non
2495 5329 2729 5383 dixistis
2759 5328 2949 5383 mihi?
2982 5330 3265 5386 Dixerunt
3285 5336 3476 5387 autem
3518 5331 3618 5386 illi
3658 5332 3906 5405 angeli:

2215 5419 2372 5475 Deus
2406 5418 2486 5473 ita
2516 5418 2827 5490 disposuit,
2862 5422 2927 5474 ut
2953 5437 3156 5476 omnes
3194 5423 3265 5476 ab
3308 5421 3679 5479 hominibus
3715 5423 3912 5480 corri-

2215 5511 2451 5580 gantur.
2514 5507 2584 5562 Et
2615 5509 2687 5563 ab
2743 5524 2809 5563 eo
2851 5512 3113 5581 tempore
3162 5514 3457 5567 correctus
3510 5516 3616 5566 est
3669 5513 3908 5586 gratias

2216 5611 2399 5670 agens
2431 5595 2546 5653 Deo
2578 5601 2636 5653 et
2666 5598 2851 5655 fratri.
