4002 6166
397 284 502 337 231

1604 266 1702 320 DE
1740 262 1933 317 VITIS
1973 259 2271 315 PATRUM
2310 257 2523 313 LIBER.
2559 261 2630 313 X.
3032 246 3044 258 ’
3682 267 3779 324 232

402 408 523 460 ster
549 404 605 457 et
627 403 792 471 pater
813 399 924 465 est;
957 390 1245 466 quidquid
1273 387 1767 459 dixerit,facite,et
1793 383 2058 456 quodvos
2092 385 2141 451 Α
2174 380 2388 471 timens
2406 379 3513 447 Dominum,etcurabateum.Cumvero
3528 388 3790 447 modicum

404 493 619 547 habere
640 484 978 552 voluerit,in
996 482 1185 555 ipsius
1200 484 1483 551 potestate
1506 478 1633 533 erit.
1652 473 2056 543 Admiratique

400 585 546 637 sunt
578 593 806 634 omnes.
830 572 1038 630 Statim
1063 587 1197 625 vero
1225 574 1286 624 ut
1308 573 1577 623 mortuus
1600 570 1688 621 est
1720 569 1884 636 pater
1906 561 2055 632 ipso-

401 686 555 734 rum,
583 664 885 722 distribuit
910 659 1188 715 fratribus
1214 661 1425 729 partes.
1472 657 1599 727 Ipse
1630 670 1763 709 vero
1814 666 2055 707 sumens

399 764 622 831 partem
642 751 1144 822 suam,dediteam
1185 742 1717 819 pauperibus,nihil
1734 741 1843 797 sibi
1860 738 2054 795 omni-

398 830 473 903 n)
492 860 823 902 reservans.
859 840 1016 896 Fecit
1048 843 1243 893 autem
1264 836 1374 891 sibi
1406 850 1638 907 parvam
1665 830 1959 895 cellulam,
1993 834 2055 883 ut

399 935 704 992 solitarius
730 932 982 1002 degeret;
1009 942 1257 997 moxque
1278 941 1409 980 cum
1438 921 1911 978 consummasset
1932 916 2051 971 cel-

394 1024 544 1086 lam,
576 1022 912 1075 infirmatus
945 1022 1054 1081 est,
1087 1021 1262 1085 atque
1298 1014 1367 1068 ad
1402 1012 1573 1067 finem
1609 1008 1888 1081 pervenit.

471 1113 681 1166 Aderat
712 1113 908 1164 autem
944 1105 1026 1159 illi
1060 1104 1239 1158 frater
1280 1103 1429 1174 ejus,
1482 1100 1573 1155 cui
1628 1098 1808 1153 dixit:
1865 1095 2047 1161 Vade,

398 1203 599 1265 frater,
618 1199 706 1253 fac
721 1195 921 1252 domui
950 1199 1059 1248 tuae
1077 1192 1555 1249 consolationem.
1590 1187 1803 1243 Aderat
1834 1185 2049 1258 quippe

394 1289 705 1345 celebritas
756 1289 1094 1341 sanctorum
1129 1282 1553 1353 apostolorum.
1607 1275 1755 1331 Dixit
1786 1275 1837 1329 ei
1871 1275 2049 1328 frater

393 1381 543 1450 ejus:
576 1376 877 1442 Quomodo
911 1372 1207 1428 dimittam
1234 1379 1309 1440 te,
1334 1376 1390 1425 et
1412 1363 1841 1424 abibo?Aitilli:
1866 1363 2045 1425 Vade,

394 1474 452 1525 et
484 1485 617 1525 cum
641 1466 865 1521 venerit
886 1464 1030 1518 hora
1062 1477 1213 1527 mea,
1246 1476 1352 1531 ego
1385 1464 1441 1513 te
1474 1455 1709 1512 vocabo.
1733 1453 1874 1508 Cum
1908 1467 2045 1523 ergo

388 1558 649 1614 venisset
679 1556 845 1624 hora,
879 1552 1131 1609 surrexit
1160 1550 1229 1605 ad
1278 1550 1609 1613 fenestram,
1663 1548 1721 1599 et
1766 1540 2041 1615 pulsavit.

389 1646 648 1701 Intendit
672 1654 865 1699 autem
891 1642 949 1695 in
972 1657 1105 1695 eum
1132 1638 1307 1693 frater
1325 1632 1784 1707 ejus.Etilleipsi
1809 1628 2038 1696 annuit,

390 1736 613 1791 dicens:
645 1732 810 1788 Veni.
846 1729 1055 1785 Statim
1085 1745 1217 1783 vero
1250 1730 1314 1781 ut
1341 1723 1497 1779 venit
1529 1723 1707 1777 frater
1735 1721 1883 1791 ejus,
1917 1724 2037 1773 tra-
2074 1742 2121 1808 B

387 1824 536 1878 didit
568 1822 847 1893 spiritum
886 1817 1149 1873 Domino.
1184 1815 1519 1884 Omnesque
1571 1809 1765 1865 mirati
1799 1811 1957 1877 sunt,
1989 1810 2046 1861 et

389 1912 870 1985 glorificaverunt
903 1913 1107 1973 Deum,
1131 1904 1430 1959 dicentes:
1484 1898 1702 1955 Eximia
1736 1897 2042 1963 charitaie,

396 2017 512 2072 qua
539 1998 741 2055 dilexit
772 1994 1095 2063 Christum,
1128 1994 1372 2065 dignum
1408 1988 1634 2047 invenit
1655 1988 1853 2042 finem.

984 2137 1118 2193 CAP
1132 2135 1223 2190 UT
1264 2134 1443 2189 CCIII.

394 2239 608 2293 Relatio
637 2236 700 2291 de
729 2234 962 2307 quodam
994 2232 1325 2307 Lapidario,
1358 2228 1454 2301 qui
1505 2227 1768 2307 prudenti
1811 2223 2041 2280 consilio

850 2312 1025 2361 vitam
1056 2307 1115 2359 in
1145 2304 1294 2357 mari
1321 2302 1575 2355 servavit.

464 2414 732 2471 Narravit
754 2414 992 2484 quidam
1018 2415 1276 2476 Patrum,
1301 2407 1453 2479 quod
1476 2405 1792 2476 aliquando
1814 2401 2037 2474 lapida-

388 2508 589 2562 darius
606 2503 1097 2575 quidam,habens
1112 2496 2037 2570 lapidespretiosissimos,etgem-

386 2613 530 2659 mas,
545 2592 985 2664 etmargaritas,
1010 2606 1210 2644 navem
1239 2586 1575 2643 conscendit
1591 2600 1722 2639 cum
1740 2584 1876 2638 filiis
1890 2582 2034 2648 suis,

386 2698 625 2756 peregre
642 2684 721 2736 ire
738 2698 805 2735 cu
819 2681 983 2752 piens
998 2684 1055 2733 et
1069 2676 1373 2749 negotiari.
1389 2674 1851 2745 Contigitautem
1868 2671 1967 2725 illu
1980 2687 2032 2725 m

386 2790 454 2827 ex
469 2772 853 2843 dispositione
867 2768 968 2825 Dei
986 2782 1233 2839 puerum
1251 2768 1564 2836 quemdam
1581 2764 1680 2833 qui
1695 2760 1885 2817 eratin
1904 2758 2034 2813 navi

382 2862 646 2932 diligere,
679 2859 779 2929 qui
816 2858 897 2912 illi
922 2871 1157 2928 quoque
1180 2856 1238 2908 in
1264 2854 1394 2908 navi
1419 2850 1811 2914 ministrabat,
1835 2848 2036 2919 etipse

382 2951 558 3005 etiam
596 2950 667 3003 ab
700 2964 765 3003 eo
791 2946 1183 3011 reficiebatur,
1218 2944 1531 2998 comedens
1556 2956 1623 2994 ex
1672 2940 1764 2993 his
1787 2955 1914 3008 quas
1937 2937 2034 2992 ille

380 3037 743 3094 comedebat.
783 3035 880 3090 Die
914 3051 1046 3090 vero
1079 3033 1334 3105 quadam
1374 3029 1596 3085 audivit
1650 3033 1858 3083 nautas
1892 3043 2035 3098 puer

380 3128 548 3183 subm
560 3131 935 3180 urmurantes
952 3124 1103 3177 inter
1116 3126 1262 3188 se,et
1275 3125 1600 3175 statuentes
1617 3118 1779 3171 illum
1796 3116 1853 3170 in
1873 3131 2030 3171 mare
2061 3124 2105 3193 ρ

378 3216 662 3288 projicere
687 3214 1075 3286 pretiosorum
1110 3211 1371 3281 lapidum
1399 3225 1595 3264 causa.
1633 3206 1802 3260 Venit
1832 3210 2030 3260 autem

377 3322 523 3376 puer
545 3303 640 3359 ille
662 3319 913 3357 moerens
931 3302 1001 3355 ad
1023 3301 1213 3354 virum
1234 3299 1598 3370 prmdictum,
1618 3301 1681 3350 ut
1701 3312 1768 3350 ex
1785 3309 2030 3349 consue-

376 3393 581 3449 tudine
613 3409 723 3447 sua
748 3391 858 3461 ipsi
882 3388 1381 3451 ministraret.Qui
1401 3387 1481 3441 ait
1503 3386 1608 3440 illi:
1633 3387 1749 3441 Cur
1766 3384 2032 3439 hodieita

376 3487 625 3536 mmstus
651 3496 735 3549 es,
760 3480 872 3533 fili?
907 3478 1007 3533 Ille
1038 3494 1170 3533 vero
1202 3476 1618 3532 dissimulabat
1659 3473 1942 3539 dolorem,
1974 3478 2031 3528 et

374 3570 623 3624 tacebat.
651 3568 906 3621 Rursum
936 3566 1316 3635 interrogavit
1340 3580 1497 3627 eum,
1516 3564 1737 3617 dicens:
1756 3562 1857 3617 Dic
1882 3561 2028 3616 mihi

373 3656 836 3726 veraciter,quid
854 3654 1242 3709 habes?Tunc
1270 3654 1364 3707 ille
1387 3668 1700 3721 erumpens
1742 3650 1801 3705 in
1828 3650 2026 3704 ﬂetum

374 3748 451 3801 ait
480 3745 603 3799 illi:
637 3746 728 3798 Sic
760 3749 815 3799 et
846 3743 929 3798 sic
958 3743 1268 3798 consilium
1317 3743 1579 3797 fecerunt
1609 3745 1798 3795 nautae
1848 3740 1919 3793 de
1948 3744 2025 3794 te.

373 3834 528 3890 Dixit
558 3839 753 3889 autem
787 3834 859 3887 ei:
890 3831 1053 3889 Nosti
1094 3832 1202 3885 hoc
1256 3829 1592 3901 diligenter?
1622 3829 1733 3883 Ait:
1796 3827 2024 3898 Utique,

370 3923 455 3980 sic
487 3924 558 3978 de
587 3928 641 3977 te
674 3923 831 3993 apud
864 3939 925 3976 se
956 3923 1120 3991 ipsos
1149 3925 1502 3976 statuerunt.
1538 3919 1702 3973 Tunc
1735 3918 2025 3972 advocans

372 4011 524 4066 ﬁlios
557 4028 695 4067 suos
727 4010 871 4065 dixit
894 4011 1416 4079 eis:Quodcunque
1432 4008 1627 4063 dixero
1642 4007 1827 4073 vobis,
1850 4006 2025 4077 impi-

368 4118 468 4173 gre
488 4105 545 4156 et
566 4101 758 4172 abque
784 4098 1340 4171 ulladisceptatione
1358 4098 1640 4169 perficite.
1664 4097 1827 4152 Tunc
1842 4095 2024 4167 expli-

371 4207 513 4246 cans
542 4190 854 4245 sindonem
886 4189 1061 4260 cmpit
1093 4188 1175 4243 eis
1206 4188 1416 4242 dicere:
1468 4187 1683 4241 Aﬂ‘erte
1729 4184 2021 4257 capsulas.

370 4280 524 4343 Quas
548 4295 680 4335 cum
703 4278 1003 4343 tulissent,
1028 4278 1297 4348 aperiens
1313 4293 1410 4331 eas
1426 4275 1855 4347 ccepiteducere
1872 4274 2023 4345 lapi-

374 4369 574 4423 des.Et
598 4384 731 4423 cum
765 4368 965 4423 omnia
988 4366 1394 4437 explicuisset,
1418 4371 1475 4419 et
1506 4366 1565 4419 in
1599 4365 1860 4419 omnium
1886 4380 2024 4418 con-

371 4460 636 4528 spectum
673 4457 988 4527 posuisset,
1023 4456 1107 4510 sic
1141 4457 1337 4511 dicere
1369 4454 1557 4526 erepit:
1585 4454 1713 4509 Haec
1743 4454 1859 4508 vita
1906 4453 2022 4508 est?

374 4549 609 4615 propter
642 4545 750 4599 ista
769 4544 1092 4614 periclitor?
1121 4550 1177 4597 et
1207 4561 1340 4599 cum
1371 4545 1514 4598 mari
1550 4541 1775 4614 pugno?
1805 4545 1860 4596 et
1890 4544 2024 4611 post

372 4633 669 4687 modicum
698 4633 941 4687 morior?
977 4632 1238 4700 nihilque
1274 4648 1501 4687 mecum
1536 4648 1604 4686 ex
1663 4632 1775 4685 isto
1808 4631 2019 4685 saeculo

370 4720 519 4776 fero?
550 4721 707 4775 Dixit
737 4725 934 4775 autem
963 4720 1100 4774 filiis
1133 4721 1277 4775 suis:
1314 4719 1581 4790 Projicite
1611 4718 1673 4775 in
1705 4734 1863 4773 mare
1909 4718 2021 4774 ista

367 4810 583 4866 omnia.
622 4810 753 4865 Mox
782 4809 981 4880 itaque
1017 4815 1080 4863 ut
1100 4809 1331 4864 locutus
1357 4816 1465 4877 est,
1491 4807 1751 4863 tulerunt
1771 4824 1859 4877 ea,
1882 4812 1938 4862 et
1961 4808 2018 4862 in

372 4916 528 4953 mare
561 4901 953 4970 projecerunt.
980 4904 1157 4953 Porro
1180 4902 1369 4953 nautea
1400 4898 1852 4969 obstupuerunt,
1883 4913 2020 4953 con-

368 4987 565 5046 silium
602 5005 776 5044 suum
807 4988 1163 5058 dissipatum
1194 5002 1321 5042 esse
1354 4992 1798 5059 cognoscentes.

970 5128 1203 5185 CAPUT
1242 5128 1422 5183 CCIV.

368 5226 642 5295 Quomodo
660 5228 866 5282 mulier
888 5226 1154 5295 religiosa
1173 5232 1220 5281 e:
1253 5228 1450 5281 timens
1488 5227 1677 5293 Deum,
1697 5226 2020 5282 monachum

725 5318 756 5354 ιι
785 5299 938 5371 turpi
958 5298 1231 5354 desiderio
1252 5300 1658 5370 compescuerit.

443 5406 680 5461 Dicebat
698 5406 909 5478 aliquis
928 5409 1186 5461 Patrum:
1209 5406 1405 5461 Frater
1426 5404 1663 5477 quidam
1689 5422 1721 5459 a
1751 5408 2021 5475 serpente

365 5512 599 5551 morsus
621 5501 731 5564 est,
762 5496 1180 5569 ingressusque
1204 5495 1596 5551 estcivitatem
1614 5498 2018 5549 utcuraretur.

362 5586 827 5659 Suscepitautezn
843 5585 1009 5641 illum
1026 5584 1301 5657 religiosa
1315 5585 1576 5656 quaedam
1590 5580 1797 5639 mulier
1808 5582 2023 5643 9309i

2167 469 2440 540 cmpisset
2453 486 2485 523 a
2498 468 2801 524 doloribus
2815 468 3025 538 deseri,
3041 469 3215 541 ccepit
3230 468 3313 524 illi
3329 470 3785 534 diabolusimmit-

2164 561 2283 613 tere
2317 562 2519 630 turpes
2542 557 2925 630 cogitationes
2948 559 3006 612 in
3036 576 3186 626 eam,
3211 558 3546 631 volebatque
3568 569 3780 634 tangere

2165 646 2352 718 ipsius
2378 663 2642 701 manum.
2667 650 2801 713 Quae
2838 647 2980 701 dixit
3012 647 3084 702 ei:
3122 648 3246 703 Non
3278 648 3373 716 ita,
3432 651 3605 720 Pater;
3636 654 3783 709 Chri-

2166 739 2320 790 stum
2350 735 2517 806 time,
2549 734 2736 791 recole
2768 735 3066 790 tristitiam
3092 742 3147 791 et
3178 736 3523 807 poenitentiae
3553 740 3787 799 dolorem

2166 839 2339 894 quem
2374 824 2432 878 in
2466 823 2612 880 cella
2630 830 2731 879 tua
2754 842 3038 897 passurus
3063 842 3145 894 es,
3171 831 3459 883 memento
3481 830 3783 899 gemituum

2163 916 2219 965 et
2246 911 2637 985 lacrymarum
2673 930 2819 984 quas
2843 915 3137 970 effusurus
3155 932 3238 970 es.
3263 915 3391 971 Haec
3412 915 3502 971 ille
3521 921 3573 973 et
3592 918 3696 973 alia
3716 922 3785 976 si-

2164 1001 2328 1057 milia
2352 1018 2481 1057 cum
2510 1003 2582 1057 ab
2604 1020 2672 1057 ea
2698 1004 2984 1070 audisset,
3020 1005 3169 1075 fugit
3201 1006 3275 1060 ab
3306 1006 3431 1075 ipso
3463 1022 3649 1078 pugna
3670 1010 3785 1065 dia-

2162 1090 2298 1157 boli,
2314 1092 2558 1164 jamque
2577 1093 2929 1147 erubescens
2952 1094 3087 1148 inde
3115 1096 3313 1165 fugere
3325 1094 3787 1161 volebat,nonva-

2159 1178 2423 1251 lensﬁpraz
2449 1181 2670 1251 pudore
2692 1180 2751 1234 in
2772 1182 2960 1252 ipsius
2985 1183 3188 1238 faciem
3213 1182 3641 1241 intendere.llla
3669 1205 3789 1242 rur-

2156 1285 2256 1324 sus
2288 1286 2421 1325 eum
2444 1271 2500 1324 in
2525 1272 2852 1327 visceribus
2873 1272 3089 1328 Christi
3106 1273 3786 1348 miserans,dicebatipsi:

2158 1357 2286 1413 Noli
2315 1359 2634 1428 discedere,
2666 1364 2857 1425 Pater,
2889 1377 3037 1431 opus
3073 1362 3266 1416 adhuc
3294 1362 3475 1419 habes
3509 1364 3788 1421 fomentis.

2156 1449 2279 1503 Non
2313 1452 2436 1503 erat
2460 1465 2615 1520 purae
2644 1450 2853 1503 animas
2879 1455 2991 1505 tua;
3025 1450 3125 1505 illa
3145 1452 3443 1522 cogitatio,
3478 1453 3577 1507 sed
3598 1454 3790 1525 perditi

2155 1539 2629 1609 corruptorisque
2643 1539 2859 1594 diaboli
2877 1541 3396 1612 suggestio.Atque
3412 1542 3492 1597 ita
3506 1542 3629 1598 sine
3644 1560 3792 1599 scan-

2156 1628 2289 1682 dalo
2322 1635 2589 1682 curatum
2624 1627 2790 1683 illum
2825 1646 2858 1683 a
2890 1645 2952 1683 se
2984 1646 3115 1684 cum
3149 1630 3360 1686 viatico
3394 1631 3632 1687 dimisit.

2759 1746 2991 1802 CAPUT
3036 1748 3195 1804 CCV.

2152 1834 2227 1889 De
2239 1835 2353 1890 alia
2371 1836 2604 1892 muliere
2618 1835 3041 1908 prudente,quae
3051 1852 3110 1891 se
3126 1838 3472 1908 impotentem
3485 1840 3792 1897 monachum

2612 1910 2857 1979 sapienti
2884 1908 3118 1965 consilio
3152 1911 3344 1980 rejecit

2223 2022 2676 2079 Narravitnobis
2699 2024 2938 2095 quidam
2955 2026 3111 2095 quod
3132 2025 3347 2097 aliquis
3364 2042 3607 2081 manens
3622 2025 3677 2079 in
3690 2042 3790 2079 cm-

2152 2111 2325 2165 nobio
2342 2112 2559 2167 missus
2590 2117 2680 2169 est
2705 2130 2805 2184 pro
2829 2114 3126 2185 responsis
3148 2116 3422 2171 ccenobii.
3453 2115 3587 2170 Erat
3612 2118 3789 2170 autem

2151 2199 2389 2269 quidam
2424 2200 2736 2273 religiosus
2767 2201 3066 2257 saecularis
3099 2203 3154 2256 in
3190 2204 3316 2259 vico
3355 2220 3615 2271 morans,
3648 2201 3787 2273 apud

2150 2303 2323 2359 quem
2347 2287 2444 2344 ille
2467 2289 2791 2345 divertebat
2825 2290 3058 2362 quoties
3092 2291 3315 2347 veniret
3345 2292 3404 2346 in
3443 2291 3655 2347 vicum.
3688 2291 3791 2345 lla-

2149 2376 2321 2431 bebat
2347 2394 2482 2433 vero
2515 2377 2613 2433 ille
2644 2378 2821 2434 tiliam
2859 2396 3045 2450 nuper
3070 2380 3307 2435 viduam
3345 2380 3634 2449 relictam,
3675 2395 3789 2450 qua

2147 2467 2367 2523 vixerat
2384 2485 2517 2525 cum
2531 2468 2655 2527 viro
2680 2487 2786 2525 suo
2803 2487 2986 2526 unum
3008 2476 3109 2527 aut
3124 2471 3270 2527 duos
3286 2471 3651 2529 annos.Cum
3667 2486 3793 2542 ergo

2148 2558 2324 2613 frater
2355 2558 2452 2613 ille
2482 2559 2887 2631 ingrederetur
2918 2565 2977 2616 et
3007 2562 3393 2633 egrederetur
3424 2563 3494 2617 ad
3528 2578 3646 2626 eos,
3694 2561 3793 2615 im-

2147 2648 2393 2718 pugnari
2428 2649 2497 2703 de
2530 2649 2629 2704 illa
2659 2650 2851 2721 coepit.
2874 2652 3032 2716 Quae,
3065 2658 3123 2705 ul
3156 2654 3279 2707 erat
3313 2652 3601 2723 prudens,
3636 2650 3688 2704 id
3706 2665 3792 2704 co-

2145 2735 2366 2807 gnovit,
2396 2741 2451 2790 et
2482 2737 2827 2792 observabat
2858 2755 2918 2793 se
2951 2743 3014 2793 ut
3039 2740 3151 2793 n0n
3187 2740 3419 2796 veniret
3450 2740 3508 2794 in
3556 2753 3788 2809 conspe-

2145 2830 2303 2879 ctum
2334 2826 2485 2895 ejus.
2519 2826 2779 2891 Quadam
2841 2842 2975 2882 vero
3034 2827 3127 2882 die
3176 2828 3424 2885 intravit
3480 2833 3643 2900 pater
3670 2827 3787 2897 ejus

2144 2913 2471 2984 proximam
2505 2914 2797 2969 civitatem
2832 2916 3142 2985 cujusdam
3187 2917 3571 2974 necessitatis
3603 2931 3789 2981 causa,

2143 3002 2443 3057 dimittens
2474 3019 2600 3057 eam
2636 3003 2691 3057 in
2726 3004 2899 3060 domo
2932 3004 3139 3059 solam.

2213 3091 2466 3146 Veniens
2499 3096 2696 3147 autem
2724 3092 2902 3147 frater
2930 3092 3027 3149 ille
3060 3095 3394 3150 secundum
3429 3092 3793 3151 consuetudi-

2144 3196 2297 3245 nem,
2328 3179 2513 3235 solam
2547 3196 2676 3235 eam
2710 3181 2945 3252 reperit,
2980 3187 3037 3236 et
3074 3183 3220 3237 dixit
3251 3184 3322 3239 ei:
3387 3183 3495 3239 Ubi
3530 3188 3619 3239 est
3645 3186 3796 3255 pater

2140 3268 2307 3324 tuus?
2330 3268 2433 3323 Cui
2464 3268 2585 3323 illa:
2622 3269 2935 3340 Ingressus
2964 3274 3051 3326 est
3082 3272 3413 3327 civitatem.
3447 3271 3636 3344 Caspii
3668 3285 3793 3341 ergo

2139 3357 2364 3411 turbari
2396 3358 2467 3413 ab
2492 3357 2957 3430 impugnatione,
2990 3358 3191 3415 volens
3223 3359 3541 3432 insurgere
3574 3360 3629 3414 in
3653 3375 3794 3413 eam.

2140 3446 2272 3508 Quae
2305 3463 2432 3501 cum
2469 3446 2630 3500 omni
2663 3447 2975 3517 prudentia
3006 3447 3153 3502 dixit
3175 3448 3243 3501 ad
3278 3447 3486 3504 illum:
3519 3447 3644 3503 Noli
3677 3452 3797 3502 tur-

2141 3534 2288 3601 bari;
2324 3539 2488 3606 pater
2522 3552 2685 3590 meus
2719 3552 2907 3607 usque
2936 3552 3064 3592 sero
3126 3554 3243 3591 non
3276 3541 3646 3592 revertetur:
3706 3535 3793 3590 hic

2139 3624 2311 3678 ambo
2337 3640 2566 3691 sumus;
2584 3624 2704 3678 scio
2725 3628 2919 3679 autem
2937 3625 3091 3695 quod
3112 3642 3213 3681 vos
3230 3626 3514 3681 monachi
3534 3626 3659 3681 sine
3672 3640 3796 3679 ora-

2137 3711 2292 3766 tione
2326 3712 2470 3767 nihil
2503 3712 2715 3779 facitis,
2771 3728 2945 3784 surge
3001 3712 3199 3784 itaque
3231 3718 3287 3769 et
3318 3732 3431 3770 ora
3482 3715 3687 3783 Deum,
3743 3713 3797 3766 et

2137 3800 2421 3872 quidquid
2460 3803 2681 3857 miserit
2707 3802 2763 3856 in
2794 3819 2911 3871 cor,
2940 3802 3046 3857 hoc
3069 3802 3383 3859 faciamus.
3408 3803 3513 3860 Ille
3532 3819 3665 3859 vero
3686 3816 3793 3857 non

2136 3891 2673 3962 acquiescebat,sed
2690 3892 3149 3963 perturbabatur
3162 3893 3377 3963 magis.
3396 3894 3563 3958 Quod
3590 3892 3689 3948 illa
3704 3890 3795 3946 ubi

2136 3979 2575 4048 animadvertit,
2610 3980 2689 4035 ait
2720 3979 2826 4033 illi:
2859 3980 3136 4051 Nunquid
3172 3981 3511 4053 cognovisti
3539 3994 3796 4052 unquam

2136 4069 2470 4124 mulierem?
2500 4069 2650 4124 Dicit
2676 4068 2727 4124 ei
2762 4073 2949 4135 :Non,
2980 4070 3080 4125 sed
3138 4069 3285 4125 scire
3316 4071 3456 4127 volo
3518 4071 3796 4143 quidnam

2134 4158 2230 4213 sit.
2263 4161 2396 4225 Quae
2419 4161 2500 4214 ait
2520 4157 2629 4214 illi:
2661 4158 2879 4214 Idcirco
2904 4158 3183 4225 turbaris,
3204 4160 3345 4231 quia
3385 4162 3632 4234 ignoras
3660 4160 3799 4216 feto-

2133 4262 2254 4301 rem
2288 4246 2611 4302 infelicium
2646 4247 2981 4301 mulierum.
3012 4248 3081 4303 Ρη
3111 4248 3309 4303 volens
3336 4248 3432 4304 illi
3463 4250 3797 4322 passionem

2131 4337 2505 4406 imminuere,
2539 4337 2719 4394 dixit:
2753 4338 2919 4393 Nunc
2945 4355 3051 4409 ego
3084 4355 3215 4394 sum
3254 4339 3311 4394 in
3351 4341 3710 4409 menstruis,
3740 4341 3794 4393 et

2131 4444 2302 4482 nemo
2321 4425 2458 4482 mihi
2475 4426 2950 4498 appropinquare
2971 4432 3183 4499 potest,
3201 4445 3397 4499 neque
3422 4428 3663 4485 odorari
3692 4442 3801 4500 pra

2052 4500 2097 4565 D
2133 4518 2334 4571 fetore.
2371 4514 2467 4571 llis
2498 4514 2593 4571 ille
2621 4514 2873 4588 aliisque
2905 4515 3179 4587 plurimis
3205 4517 3276 4572 ab
3292 4534 3363 4573 ea
3386 4519 3797 4587 auditis,com-

2132 4610 2388 4679 punctus
2419 4609 2475 4659 et
2504 4604 2562 4659 in
2596 4605 2857 4677 seipsum
2894 4606 3145 4675 rediens,
3180 4605 3555 4679 lacrymatus
3588 4611 3698 4663 est.

2206 4695 2483 4765 Potquam
2518 4709 2651 4747 vero
2682 4694 2826 4748 vidit
2856 4692 3022 4748 illum
3050 4693 3242 4765 puella
3265 4695 3334 4749 ad
3365 4692 3801 4767 seipsumredi-

2130 4783 2267 4851 isse,
2292 4782 2437 4837 dixit
2456 4782 2527 4837 ei:
2554 4782 2695 4837 Ecce
2717 4781 2765 4837 si
2793 4788 2847 4838 te
2866 4782 3187 4851 audissem,
3203 4787 3260 4837 et
3284 4783 3805 4856 obtemperassem

2129 4870 2259 4937 tibi,
2282 4872 2524 4941 jamque
2556 4875 2854 4941 peccatum
2876 4871 3470 4943 perpetravissemus,
3489 4890 3612 4945 qua
3636 4872 3799 4926 deins

2130 4975 2266 5031 ceps
2292 4959 2454 5027 facie,
2489 4959 2706 5030 quibus
2737 4957 2923 5014 oculis
2955 4959 3215 5030 aspicere
3248 4960 3557 5031 potuisses
3574 4966 3799 5034 patrem

2131 5064 2349 5114 meum,
2378 5047 2467 5103 vel
2501 5047 2706 5103 reverti
2739 5048 2808 5102 ad
2835 5049 3258 5103 monasterium
3282 5052 3485 5115 tuum,
3509 5056 3572 5106 et
3595 5049 3801 5106 audire

2131 5138 2508 5212 psallentium
2524 5142 2861 5194 sanctorum
2878 5138 3157 5194 chorum?
3176 5144 3478 5212 Deprecor
3502 5142 3709 5213 itaque
3740 5140 3805 5193 ut

2130 5228 2363 5284 sobrius
2378 5244 2442 5281 ac
2470 5227 2721 5299 vigilans
2749 5228 2856 5294 sis,
2879 5244 2982 5284 nec
2996 5228 3269 5299 velisjam
3298 5234 3551 5301 propter
3574 5230 3806 5284 brevem

2126 5316 2486 5387 voluptatem
2544 5318 2785 5386 perdere
2839 5322 2928 5372 tot
2987 5316 3218 5371 labores
3269 5321 3418 5388 quot
3480 5316 3806 5389 pertulisti,

2129 5405 2482 5476 aeternisque
2514 5405 2727 5476 privari
2762 5406 3443 5462 bonis.Audiensautem
3467 5408 3597 5464 hec
3616 5407 3808 5480 ipsius

2130 5496 2307 5551 verba
2338 5492 2627 5549 fraterille
2643 5494 2743 5566 qui
2761 5512 2972 5567 passus
3002 5496 3191 5551 fuerat
3212 5496 3643 5563 tentationem,
3672 5496 3805 5569 qui-

2129 5602 2243 5658 que
2271 5585 2385 5641 ista
2415 5582 2638 5654 retulit,
2671 5585 2890 5657 gratias
2912 5600 3092 5658 agens
3125 5590 3260 5658 Deo,
3292 5585 3398 5657 qui
3460 5587 3645 5645 illum
3704 5603 3809 5660 per
