4002 6166
880 674 966 728 CA
981 674 1118 730 PUT
1136 674 1314 731 CCVI.

272 757 391 825 Qua
418 765 549 814 arte
578 761 785 816 mulier
815 762 925 832 (47)
968 764 1221 847 quaedam
1251 766 1491 847 iit‘tustris
1529 775 1917 829 mansuetudi-

870 851 995 889 nem
1015 837 1202 891 edocto
1231 838 1320 893 sit.

343 927 874 1002 Narravit'quidam
890 949 957 988 ex
971 936 1425 1008 Patribus,quod
1443 940 1657 997 mulier
1670 943 1917 1000 illustris

264 1022 320 1071 et
350 1033 422 1072 ex
452 1021 744 1076 senatorio
768 1038 1001 1093 genere,
1025 1025 1245 1080 venerit
1268 1028 1509 1083 adorare
1542 1037 1745 1086 sancta
1767 1032 1912 1088 loca.

262 1106 534 1178 Cumque
577 1111 977 1167 descendisset
1007 1112 1353 1181 Caesaream,
1396 1118 1615 1188 placuit
1645 1122 1753 1176 sibi
1796 1123 1915 1178 illic

262 1197 656 1267 requiescere,
676 1201 1021 1273 rogavitque
1037 1203 1400 1276 episcOpum,
1424 1208 1624 1265 dicens
1646 1216 1753 1266 :Da
1770 1212 1914 1265 mihi

264 1300 448 1340 unam
480 1288 794 1358 virginem,
830 1294 896 1345 ut
926 1292 1203 1348 informet
1229 1310 1318 1349 me
1349 1297 1622 1353 etdoceat
1644 1300 1909 1356 timorem

259 1373 387 1429 Dei.
424 1374 658 1448 Eligens
691 1384 889 1434 autem
920 1380 1231 1453 episcopus
1275 1384 1561 1455 virginem
1602 1387 1909 1459 humilem,

258 1464 510 1518 tradidit
539 1464 759 1522 ei.Post
788 1467 1225 1539 aliquantulum
1248 1489 1382 1529 vero
1406 1478 1686 1547 temporis
1708 1494 1910 1533 occur-

258 1567 398 1607 rens
417 1552 501 1607 illi
515 1555 844 1625 episcopus,
865 1557 949 1612 ait
972 1574 984 1611 :
1000 1558 1300 1621 Quomodo
1315 1578 1376 1616 se
1388 1564 1711 1636 geritvirgo
1730 1583 1761 1636 q
1774 1583 1907 1622 uam

255 1641 554 1713 assignavi
584 1644 741 1698 tibi?
773 1647 906 1710 Quae
933 1646 1053 1702 ait:
1085 1648 1242 1703 Bona
1265 1650 1502 1720 quidem
1524 1655 1634 1723 est,
1668 1654 1768 1708 sed
1790 1671 1905 1709 non

253 1728 426 1786 valde
459 1733 705 1803 prodest
730 1733 939 1788 animae
973 1751 1152 1791 meas:
1186 1739 1471 1808 permittit
1499 1740 1656 1795 enim
1689 1758 1782 1797 me
1812 1760 1904 1798 vo-

255 1818 514 1875 luntates
544 1837 705 1876 meas
732 1822 939 1891 facere,
964 1840 1095 1878 cum
1131 1826 1208 1879 sit
1229 1825 1489 1884 humilis.
1523 1828 1774 1885 Sumens
1797 1848 1902 1886 au-

1587 267 1885 323 PRATUH
1923 270 2367 331 SPIRITUALB.

2030 662 2157 718 Noli
2190 667 2546 743 tristari,ego
2572 676 2861 733 adducam
2885 682 3135 752 aliquos,
3169 662 3268 758 qui
3292 695 3347 745 te
3365 662 3671 764 accipient.

2029 753 2451 829 Adduxitergo
2492 762 2633 819 alios
2667 766 2816 823 duos
2848 776 2905 825 et
2944 770 3103 843 ipsos
3134 753 3370 835 sanctos
3409 753 3670 855 angelos,

2027 841 2438 917 duxeruntque
2462 850 2623 909 illam
2644 855 2703 909 in
2718 858 3023 918 ecclesiam
3043 880 3055 919 :
3078 881 3429 939 rursumque
3445 872 3672 944 seipsos

2026 933 2515 996 translormantes
2546 942 2604 997 in
2636 960 2920 1015 personas
2970 956 3257 1021 quasdam
3303 957 3581 1029 illustres,
3613 970 3671 1019 et

2026 1027 2191 1077 notas
2212 1040 2279 1078 ex
2310 1027 2511 1083 ordine
2536 1035 2894 1107 Augustalis,
2917 1047 3125 1097 vocant
3146 1044 3408 1116 clericos,
3428 1052 3670 1125 presby-

2024 1111 2213 1165 terum
2265 1116 2487 1172 scilicet
2517 1126 2573 1174 et
2602 1123 2935 1197 diaconum,
2971 1131 3071 1201 qui
3102 1132 3160 1188 in
3194 1134 3664 1209 hocipsumcon-

2023 1199 2217 1254 stituti
2246 1210 2429 1260 erant.
2452 1208 2668 1266 Dicunt
2690 1214 2772 1269 eis
2794 1199 3027 1275 clerici:
3057 1220 3262 1278 Vestra
3283 1199 3539 1285 charitas
3560 1246 3664 1301 pro

2021 1303 2089 1342 ea
2117 1289 2475 1359 pollicetur?
2506 1297 2593 1352 Illi
2622 1306 2814 1358 autem
2849 1310 3305 1379 responderent:
3340 1316 3533 1388 Etiam,
3558 1289 3665 1376 nos

2020 1392 2123 1447 pro
2154 1378 2258 1435 illa
2300 1382 2665 1453 pollicemur.
2698 1378 3011 1453 Sumentes
3042 1415 3178 1472 ergo
3209 1402 3369 1459 illam
3403 1378 3664 1479 baptiza-

2018 1473 2249 1535 verunt,
2277 1480 2335 1527 et
2364 1472 2514 1530 albis
2542 1494 2729 1550 nuper
2749 1482 3176 1554 baptizatorum
3207 1472 3660 1556 vestibusindu-

2014 1558 2075 1609 ta
2105 1574 2308 1615 rursus
2339 1561 2412 1616 ab
2444 1565 2527 1620 eis
2549 1568 2828 1628 subvecta
2850 1580 2957 1631 est.
2990 1576 3174 1641 Quam
3194 1597 3329 1639 cum
3353 1585 3660 1657 deposuis-

2015 1650 2168 1714 sent,
2203 1660 2587 1709 evanuerunt.

2082 1732 2271 1790 Vicini
2303 1753 2439 1810 ergo
2468 1757 2598 1798 cum
2623 1745 2784 1802 illam
2815 1750 2898 1806 ita
2927 1752 3079 1810 albis
3111 1756 3372 1815 indutam
3394 1762 3659 1823 viderent

2010 1826 2325 1893 postquam
2358 1840 2727 1890 recesserunt
2756 1836 2863 1908 illi,
2887 1841 3089 1899 dicunt
3119 1845 3156 1899 ii
3183 1864 3196 1902 :
3230 1850 3370 1912 Quis
3396 1855 3451 1907 te
3478 1854 3659 1926 bapti-

249 1913 370 1963 tem
409 1909 723 1982 episcopus
756 1928 933 1966 “nam
965 1913 1259 1970 duriorem
1293 1916 1453 1972 dedit
1482 1917 1554 1987 ei,
1578 1934 1707 1988 qua,
1738 1920 1899 1975 illam
2006 1912 2204 1967 zavit‘?
2232 1914 2535 1974 Nuntiavit
2565 1928 2761 1980 autem
2793 1928 2879 1982 eis
2896 1946 3018 1986 rem
3044 1936 3250 2006 totam,
3285 1938 3484 1997 dicens
3509 1959 3521 1997 :
3546 1943 3656 2000 Ve-

254 1982 635 2070 objurgatbat’
678 2000 979 2071 appellans
1012 2018 1140 2058 eam
1173 2004 1394 2060 fatuam
1427 1982 1687 2076 divite-in,
1719 2014 1777 2064 et
1807 2009 1900 2066 his
2004 2006 2217 2055 nerunt
2246 2005 2486 2096 quidam
2510 2014 2567 2065 et
2598 2012 2859 2072 tulerunt
2881 2034 2974 2074 me
3005 2022 3063 2076 in
3095 2024 3423 2096 ecclesiam,
3444 2031 3656 2089 locuti-

250 2086 477 2143 similia
508 2087 595 2143 illi
634 2091 1008 2161 exprobrans.
1042 2096 1183 2149 Post
1234 2108 1462 2165 tempus
1493 2096 1729 2169 aliquod
1764 2116 1896 2153 rur-
2003 2103 2118 2201 (1:18
2142 2098 2289 2201 figat
2308 2092 2569 2201 (clericis,-
2598 2101 3116 2201 eihaptizaverunt
3144 2130 3255 2169 me.
3282 2115 3351 2171 Et
3380 2118 3654 2178 dixerunt

250 2192 382 2201 ,η-
431 2176 589 2201 :..___
642 2179 862 2201 ,ηψπ
899 2180 1195 2201 “Lusus
1230 2199 1238 2201 ,
1278 2184 1317 2201 η
1350 2200 1381 2201 η
1442 2200 1445 2201 ,
1525 2186 1534 2201 .
1723 2186 1734 2201 .
1803 2188 1813 2201 .
1879 2192 1890 2201 .
2004 2191 2028 2201 η
2110 2194 2132 2201 -

248 2192 385 2230 sum
431 2176 593 2232 illam
641 2179 864 2251 rogavit
893 2180 1241 2252 episcopus:
1277 2184 1575 2247 Quomodo
1606 2202 1669 2241 se
1722 2186 1899 2243 habet
2001 2176 2232 2277 “1.88m
2258 2196 2271 2234 ³
2298 2182 2680 2283 ΔΟξξξβιξοῖίηί
2705 2191 2732 2245 Ῡ
2759 2193 2903 2249 cum
2938 2212 3071 2253 νθτο
3094 2216 3209 2256 non
3243 2211 3440 2274 Ροδεθι
3460 2209 3652 2267 dicere

250 2268 441 2320 ωιθη
464 2266 663 2337 νίτεοῖ
683 2270 817 2332 Qua,
838 2269 982 2324 dixit
1006 2285 1019 2323 ε
1040 2274 1255 2326 Revera
1276 2271 1405 2343 ipsa
1434 2274 1672 2343 prodest
1689 2275 1895 2331 αηίωεε
2000 2267 2100 2366 qui
2120 2275 2335 2366 essent,
2352 2271 2435 2326 illi
2453 2274 3473 2366 abeuntesuuntiaveruntepiscopo.
3493 2297 3651 2356 Dixit

248 2368 419 2421 meas,
440 2357 629 2427 Atque
646 2357 728 2412 ita
743 2374 1014 2429 magnam
1031 2360 1340 2432 acquisivit
1354 2364 1889 2420 mansuetudinem.

835 2474 1059 2531 CAPUT
1094 2477 1303 2532 CCVII.

253 2562 375 2617 Vita
403 2562 614 2633 puellae
661 2562 1073 2634 Alexandrinae,
1102 2581 1228 2635 qua:
1253 2583 1284 2620 a
1328 2570 1533 2624 sanctis
1579 2571 1799 2639 angelis
1828 2571 1892 2627 de

710 2650 867 2690 sacro
906 2638 1055 2707 fonte
1083 2640 1193 2707 fuit
1231 2640 1429 2695 levata.

314 2731 591 2787 Narravit
606 2733 776 2788 nobis
792 2734 974 2789 abbas
991 2736 1256 2792 Theonas
1275 2743 1330 2792 et
1346 2738 1711 2805 Theodorus,
1732 2742 1885 2811 quod

234 2818 603 2876 Alexandria
630 2823 738 2877 sub
763 2822 944 2878 Paulo
967 2825 1889 2899 patriarchapuellaquaidamre-

230 2907 374 2963 licta
396 2909 588 2965 fuerat
610 2910 831 2982 pupilla
853 2929 885 2967 a
908 2914 1248 2982 parentibus
1268 2932 1478 2987 magna
1500 2916 1775 2974 facultate
1801 2919 1885 2975 lo-

228 2997 605 3068 cupletibus:
638 3003 764 3055 erat
803 3005 994 3056 autem
1029 3002 1221 3057 adhuc
1264 3004 1391 3060 sine
1418 3005 1738 3076 baptismo.
1781 3008 1884 3064 Die

229 3102 368 3141 vero
399 3089 656 3157 quadam
681 3088 947 3159 ingressa
970 3092 1297 3160 pomarium
1322 3094 1471 3163 quod
1497 3095 1608 3149 sibi
1633 3096 1879 3169 relique-

227 3181 361 3230 rant
395 3182 671 3248 parentes
702 3179 828 3248 ejus
854 3178 1013 3248 (sunt
1038 3180 1194 3234 enim
1220 3182 1275 3234 in
1302 3183 1495 3237 medio
1518 3184 1765 3241 civitatis
1785 3203 1880 3258 po-

229 3265 464 3335 maria),
496 3264 642 3320 vidit
672 3268 989 3337 quemdam
1024 3273 1324 3339 parantem
1358 3271 1469 3325 sibi
1513 3272 1790 3345 laqueum
1824 3281 1887 3332 ut

228 3369 290 3408 se
322 3355 685 3425 prmfocaret.
718 3356 986 3411 Cucurrit
1016 3358 1214 3427 igitur,
1248 3363 1305 3413 et
1328 3360 1473 3415 dixit
1501 3361 1551 3416 ei
1580 3378 1592 3415 :
1626 3364 1771 3427 Quid
1800 3365 1883 3420 fa-

231 3444 336 3511 cis,
373 3442 555 3498 homo
577 3442 763 3499 ‘tDixit
786 3449 982 3500 autem
1002 3446 1087 3499 ei:
1117 3446 1357 3502 Dimitte
1374 3465 1487 3517 me,
1506 3449 1718 3505 mulier
1738 3469 1881 3524 quo-

227 3532 385 3586 niam
422 3531 482 3585 in
516 3533 704 3587 multa
743 3533 1127 3590 tribulatione
1154 3553 1307 3591 sum.
1342 3537 1476 3600 Quae
1522 3540 1602 3594 ait
1631 3540 1749 3597 illi:
1784 3543 1882 3597 Dic

228 3621 370 3675 mihi
396 3637 663 3687 causam,
687 3627 745 3677 et
767 3622 1036 3678 fortassis
1059 3625 1206 3680 931
1227 3626 1431 3695 juvare
1453 3632 1507 3681 te
1534 3633 1755 3699 potero.
1781 3631 1882 3686 Di-

224 3710 308 3763 xit
338 3709 426 3763 illi
452 3727 465 3764 :
498 3709 665 3765 Gravi
690 3727 799 3766 aere
824 3710 1012 3768 alieno
1036 3729 1287 3784 premor,
1306 3720 1365 3770 et
1388 3715 1556 3771 valde
1575 3720 1829 3775 suffocor
1847 3738 1880 3777 a

224 3800 642 3865 creditoribus,
687 3800 953 3874 elegique
996 3803 1188 3874 potius
1237 3805 1416 3860 vitam
1450 3807 1634 3863 semel
1685 3810 1877 3879 ﬁnire,

224 3905 398 3958 quam
432 3889 514 3943 ita
549 3890 759 3945 misere
805 3892 1014 3946 vivere.
1049 3893 1182 3956 Quas
1214 3893 1362 3949 dixit
1399 3894 1481 3949 illi
1519 3912 1532 3949 :
1564 3897 1767 3961 Quaeso
1799 3904 1875 3968 te,

225 3977 421 4047 accipe
448 3979 649 4032 omnia
680 3994 809 4049 quae
841 3979 1050 4047 habeo,
1082 3986 1138 4036 et
1169 3983 1364 4051 redde,
1391 3990 1620 4040 tantum
1656 4004 1727 4043 ne
1753 4006 1875 4059 per-

225 4065 325 4120 das
356 4065 642 4137 teipsum.
676 4069 931 4125 Sumens
960 4086 1093 4126 vero
1127 4071 1221 4126 ille
1253 4073 1506 4128 reddidit
1533 4076 1752 4132 omnia.

294 4155 493 4210 Puella
526 4173 665 4228 ergo
695 4160 1003 4229 angustari
1027 4161 1221 4231 ccepit,
1252 4177 1365 4218 non
1391 4162 1615 4220 habens
1638 4167 1738 4235 qui
1761 4168 1873 4223 sibi

226 4260 428 4299 curam
461 4250 707 4318 gereret.
744 4249 950 4319 Itaque
979 4249 1260 4305 destituta
1299 4257 1609 4322 parentum
1641 4255 1869 4324 solatio,

221 4334 498 4389 fornicari
534 4335 812 4404 instituit,
849 4336 983 4391 inde
1015 4337 1128 4392 sibi
1158 4338 1374 4394 victum
1407 4357 1681 4410 quaerere.

296 4423 579 4479 Dicebant
597 4441 731 4495 ergo
761 4424 867 4479 viri
894 4426 992 4497 qui
1020 4432 1301 4483 noverant
1321 4429 1504 4500 illam,
1530 4448 1644 4502 quo
1666 4433 1727 4488 in
1750 4438 1870 4489 sta-

218 4515 281 4565 tu
318 4518 492 4568 erant
521 4519 797 4585 parentes
827 4516 955 4586 ejus
980 4533 999 4570 :
1030 4516 1167 4579 Quis
1200 4519 1358 4573 novit
1387 4519 1520 4586 ista,
1553 4522 1667 4576 nisi
1703 4523 1867 4580 solus

222 4602 409 4656 Deus?
429 4604 728 4673 quomodo
750 4602 965 4659 scilicet
990 4606 1365 4676 permittatur
1386 4608 1581 4664 anima
1602 4608 1720 4665 labi
1747 4629 1872 4684 pro-

216 4696 345 4762 pter
372 4706 620 4747 causam
657 4691 917 4765 aliquam
950 4694 1063 4767 ipsi
1086 4694 1209 4751 solo
1234 4697 1527 4769 cognitam
1551 4704 1606 4755 et
1627 4702 1698 4757 ad
1722 4707 1868 4759 tem-

216 4797 330 4852 pus
359 4780 721 4853 derelinqui.

286 4873 423 4927 Post
444 4869 881 4942 aliquantulum
906 4874 1187 4945 temporis
1218 4874 1503 4932 inﬁrmata
1532 4883 1620 4935 est
1651 4880 1866 4952 puella,

216 4964 275 5013 et
305 4958 364 5015 in
390 4977 455 5015 se
488 4976 724 5017 reversa
754 4972 1104 5034 compuncta
1134 4968 1243 5034 est,
1290 4966 1593 5039 oravitque
1622 4969 1867 5039 vicinos,

216 5048 441 5104 dicens:
462 5049 708 5122 PrOpter
728 5052 1039 5107 Dominum
1067 5053 1235 5109 facite
1257 5056 1719 5113 misericordiam
1733 5076 1863 5116 cum

213 5137 415 5194 anima
448 5155 597 5205 mea,
632 5144 688 5195 et
720 5139 1027 5209 loquimini
1065 5159 1250 5214 papae,
1287 5148 1347 5198 ut
1378 5160 1470 5200 me
1501 5146 1677 5202 faciat
1701 5149 1866 5205 Chri-

212 5227 491 5283 stianam.
509 5228 726 5284 Omnes
739 5234 934 5284 autem
955 5232 1582 5303 aspernabantuream,
1608 5237 1867 5296 dicentes

212 5316 355 5378 Quis
385 5316 541 5372 hanc
562 5318 871 5389 suscipiat,
908 5335 1033 5374 quae
1050 5322 1323 5376 meretrix
1345 5323 1475 5378 est?
1497 5325 1867 5397 afﬂigebatur

210 5409 410 5461 autem
444 5406 840 5463 vehementer.
867 5407 1009 5463 Cum
1040 5411 1249 5466 veroin
1280 5411 1373 5467 his
1404 5419 1557 5470 esset
1576 5418 1865 5489 angustiis

209 5494 406 5549 astitit
432 5494 512 5550 illi
542 5497 788 5568 angelus
808 5496 866 5551 in
890 5499 1081 5569 specie
1106 5498 1382 5572 hominis,
1400 5518 1532 5558 cum
1556 5521 1671 5576 quo
1688 5509 1863 5564 mise-

200 5582 527 5640 ricordiam
560 5585 795 5641 fecerat.
832 5585 938 5641 Cui
971 5586 1072 5643 illa
1102 5589 1283 5645 dixit:
1318 5590 1500 5663 Cupio
1540 5594 1663 5650 ﬁeri
1696 5596 1862 5655 Chri-

484 5702 756 5767 PATBOL.
802 5704 1069 5767 LXXIV.

1997 2360 2194 2411 autem
2217 2359 2529 2434 episcopus
2556 2365 2649 2422 his
2680 2370 2778 2441 qui
2798 2372 2867 2427 ad
2892 2359 3312 2447 baptizandum
3340 2359 3645 2443 constituti

1997 2449 2162 2499 erant
2194 2462 2207 2500 :
2242 2446 2356 2504 Vos
2396 2449 2558 2507 illam
2593 2455 2931 2527 baptizastis
2953 2446 2983 2517 ‘t
3009 2468 3082 2520 Et
3106 2468 3357 2525 confessi
3403 2479 3545 2530 sunt
3584 2492 3648 2533 se

1998 2530 2161 2589 illam
2186 2536 2513 2608 baptizasse
2525 2551 2790 2602 exaratos
2813 2550 2885 2605 ab
2902 2549 3000 2607 illo
3013 2558 3070 2608 et
3092 2554 3189 2611 illo
3206 2530 3644 2631 Augustalibus:

1996 2625 2170 2679 Porro
2188 2629 2487 2687 accersitis
2500 2650 2566 2688 ex
2587 2639 2857 2705 praetorio
2872 2640 2965 2696 his
2988 2660 3137 2714 quos
3150 2647 3344 2705 clerici
3365 2652 3650 2722 dixerant,

1995 2710 2144 2769 dixit
2173 2717 2524 2790 episcopus:
2557 2725 2709 2781 Num
2761 2729 2869 2800 ipsi
2902 2710 3152 2802 pro-ista
3181 2738 3297 2795 ﬁde
3331 2710 3651 2811 jussistisi

1997 2801 2398 2863 Quidixerunt
2422 2826 2433 2865 :
2456 2811 2654 2883 Neque
2671 2819 2966 2889 novimus,
2983 2840 3173 2896 neque
3196 2832 3417 2887 conscii
3436 2849 3648 2891 sumus

1993 2891 2162 2947 nobis
2194 2893 2303 2951 hoc
2336 2898 2562 2956 fecisse.
2596 2903 2760 2961 Tunc
2791 2924 2925 2964 vero
2951 2912 3073 2982 jam
3108 2919 3380 2987 cognovit
3411 2921 3650 2993 episco-

1994 2995 2103 3050 pus
2126 2983 2227 3037 Dei
2251 2984 2359 3040 hoc
2382 3004 2530 3057 opus
2552 3007 2701 3047 esse.
2724 3000 3179 3074 Couvocansque
3199 3005 3359 3064 illam
3388 3010 3533 3066 dixit
3555 3014 3644 3071 ei:

1994 3067 2097 3124 Dic
2130 3071 2295 3143 mihi,
2331 3076 2470 3141 filia,
2505 3080 2643 3150 quid
2674 3086 2907 3153 gessisti
2941 3067 3122 3145 boni?
3143 3096 3276 3157 Quae
3308 3097 3422 3153 ait:
3458 3067 3641 3157 Mere;

2282 3136 2293 3143 ,
2459 3136 2467 3141 .
2521 3136 2537 3150 ,
2674 3136 2907 3153 UH“---
2941 3136 3112 3145 νυ...
3147 3136 3276 3157 των
3308 3136 3421 3153 μιν.
3458 3136 3641 3157 mmo-

1910 3136 1953 3203 Ο
1991 3157 2103 3213 trix
2124 3160 2989 3246 existensetpaupercula,quid
3024 3180 3157 3235 boni
3189 3188 3415 3255 operari
3436 3192 3641 3259 potui?

1991 3245 2146 3303 Dixit
2177 3248 2260 3304 illi
2292 3253 2640 3327 episcopus:
2681 3260 2836 3316 Nihil
2873 3245 2950 3319 ne
2983 3245 3485 3343 omnino.operaia
3517 3245 3635 3335 es‘i

1991 3336 2136 3391 dixit
2164 3339 2214 3393 ei
2240 3357 2252 3394 :
2287 3345 2437 3411 Non,
2459 3346 2571 3400 nisi
2591 3350 2747 3417 quod
2770 3352 2973 3409 videns
2999 3361 3315 3426 quemdam
3340 3366 3495 3434 quia
3516 3383 3633 3424 cre-

1989 3426 2279 3485 ditoribus
2308 3435 2707 3509 premebatur,
2743 3456 2804 3495 se
2838 3444 3121 3503 suffocare
3153 3426 3464 3523 volentem,
3495 3456 3633 3516 data

1987 3514 2067 3569 illi
2100 3520 2258 3573 omni
2287 3521 2622 3581 substantia
2655 3543 2785 3584 mea
2808 3529 3045 3589 liberavi
3079 3553 3231 3595 eum.
3260 3541 3328 3597 Et
3349 3514 3632 3604 his'dictis

1986 3607 2263 3663 continuo
2295 3610 2649 3671 obdormivit
2678 3616 2738 3673 in
2774 3620 3038 3691 Domino,
3064 3624 3309 3686 liberata
3339 3650 3373 3689 a
3404 3634 3633 3695 delictis

1983 3697 2105 3750 tam
2135 3696 2479 3757 voluntariis
2529 3721 2706 3775 quam
2741 3708 3175 3772 involuntariis.
3207 3722 3368 3777 Tunc
3407 3725 3633 3796 episco-

1983 3800 2094 3854 pus
2110 3785 2447 3856 gloriﬁcans
2464 3792 2799 3865 Dominum,
2819 3800 3003 3858 dixit:
3028 3804 3239 3864 Justus
3256 3825 3338 3879 es,
3363 3811 3629 3887 Domine,

1980 3878 2038 3928 et
2071 3880 2293 3932 rectum
2321 3880 2615 3948 judicium
2649 3891 2817 3944 tuum
2850 3891 3020 3959 (Psat.
3054 3900 3272 3970 cxvm).
3328 3878 3332 3879 ί
3362 3900 3371 3906 ”

2546 4000 2779 4058 CAPUT
2818 4004 3052 4064 CCVIII.

1976 4078 2228 4138 Pulchra
2277 4091 2556 4157 responsio
2582 4092 2762 4173 senis,
2794 4096 2942 4175 farta
2984 4099 3160 4167 fratri
3189 4106 3345 4175 quia
3399 4110 3629 4166 tristitia

2569 4164 3033 4234 impugnabatur.

2048 4259 2269 4327 Frater,
2302 4263 2398 4333 qui
2425 4282 2457 4319 a
2481 4267 3217 4347 tristitiaimpugnabalur,
3247 4281 3627 4357 interrogavit

1973 4362 2197 4415 senem,
2223 4349 2424 4407 dicens
2451 4370 2464 4407 :
2489 4353 2633 4416 Quid
2657 4358 2889 4429 faciam,
2914 4364 3056 4433 quia
3077 4368 3460 4439 cogitationes
3483 4391 3624 4432 meta

1975 4435 2624 4509 insurguntadversum
2650 4464 2763 4517 me,
2794 4450 3090 4512 dicentes:
3116 4458 3407 4517 lnutiliter
3435 4470 3492 4520 et
3511 4466 3626 4521 im-

1976 4531 2142 4596 portu
2155 4544 2223 4583 ne
2242 4533 2615 4600 renuntiasti,
2640 4536 2848 4594 salvari
2870 4558 2981 4597 non
3005 4549 3189 4616 potes.
3213 4548 3368 4606 Dixit
3397 4554 3468 4608 ad
3491 4570 3627 4612 eum

1980 4615 2209 4674 senior:
2246 4618 2392 4685 Scis,
2425 4622 2623 4692 frater,
2657 4629 2798 4697 quia
2815 4634 3057 4690 etsinon
3078 4652 3395 4707 possumus
3411 4646 3627 4701 terram

1980 4707 2453 4775 repromissionis
2501 4712 2749 4787 ingredi,
2794 4722 3025 4791 expedit
3056 4726 3222 4783 nobis
3255 4732 3319 4784 ut
3347 4733 3630 4789 cedamus

1980 4792 2037 4849 in
2071 4794 2322 4865 deserto,
2357 4815 2534 4871 quam
2568 4807 2632 4858 ut
2664 4812 3030 4866 revertamur
3061 4812 3119 4868 in
3155 4815 3467 4889 [Egyptum
3490 4820 3517 4875 Ἰ

1976 5353 2141 5404 num,
2204 5340 2466 5400 dicentes
2509 5363 2522 5401 :
2580 5348 2660 5405 Ne
2692 5368 2798 5407 nos
2855 5355 3104 5414 inducas
3150 5359 3623 5423 intentationem

1975 5425 2188 5498 (Matth.
2221 5433 2296 5499 vr)
2328 5451 2344 5502 ;
2377 5451 2492 5490 non
2526 5441 2717 5494 utnon
2751 5446 3445 5523 tentemuroramus(hoc
3468 5455 3627 5511 enim

1976 5520 2258 5590 possibile
2289 5540 2401 5580 non
2421 5528 2555 5598 est),
2576 5532 2677 5585 sed
2699 5548 2770 5588 ne
2788 5550 2819 5588 a
2849 5538 3168 5595 tentatione
3185 5520 3627 5615 absorbeamur,

1978 5606 2027 5662 si
2052 5609 2278 5682 aliquid
2297 5630 2541 5684 agamus
2562 5620 2717 5688 quod
2735 5622 3043 5694 displiceat
3058 5626 3290 5686 Christo
3315 5648 3329 5700 ;
3350 5632 3455 5687 hoc
3469 5606 3627 5686 enim

3309 5746 3349 5805 8
