4002 6166
408 226 517 280 235

1599 225 1696 279 DE
1734 223 1920 276 VITIB
1957 221 2254 275 PATRUM
2291 220 2507 275 LIBER.
2547 220 2617 272 X.

3666 234 3757 289 236

408 355 499 405 est
525 366 635 403 non
660 346 877 403 intrare
901 347 957 401 in
983 348 1388 402 tentationem.
1421 347 1620 401 Sancti
1648 344 1801 401 enim
1837 346 2055 414 marty-
2089 346 2137 410 Α
2241 343 2373 397 Post
2402 358 2617 413 paucos
2647 345 2845 396 autem
2877 340 3000 396 dies
3030 342 3450 413 deprehensum
3482 353 3563 404 est
3591 368 3621 406 a
3649 358 3764 425 qui.

408 455 501 493 res
528 436 736 491 tentati
783 453 885 508 per
915 436 1224 507 supplicia,
1259 453 1362 491 nec
1394 438 1677 505 superati,
1727 452 1841 490 non
1874 435 2058 488 intra-

407 530 547 581 runt
576 526 635 581 in
668 525 1065 593 tentationem,
1098 526 1274 580 sicuti
1309 542 1497 596 neque
1528 526 1629 597 qui
1664 533 1891 598 pugnat
1920 545 2053 583 cum

408 617 618 682 bestia,
650 632 959 687 quousque
990 633 1104 671 non
1146 616 1456 671 devoratur
1502 617 1574 670 ab
1606 632 1710 671 ea:
1745 634 1878 671 cum
1922 632 2055 673 vero

408 707 724 761 devoratus
756 704 953 773 fuerit,
984 710 1122 760 tunc
1156 704 1419 759 introivit
1454 704 1512 758 in
1542 706 1946 762 tentationem.
1972 706 2057 762 Ita

409 801 468 849 et
498 795 557 849 in
590 795 750 849 omni
784 796 1058 865 passione
1089 797 1193 862 fit;
1228 812 1418 866 neque
1452 795 1741 851 intramus
1772 796 1830 850 in
1866 801 2057 851 tenta-

405 884 651 954 tionem,
686 883 797 939 nisi
830 901 864 939 a
894 884 1167 955 passione
1196 899 1565 955 superamur.

1019 1026 1251 1083 CAPUT
1299 1025 1453 1082 CCX.

410 1116 679 1186 Quomodo
696 1124 915 1172 sanctus
931 1119 1206 1187 cpistrOpus
1226 1116 1593 1171 altercantem
1612 1132 1793 1172 secum
1813 1118 2061 1173 alterum

874 1188 1189 1244 humilitate
1237 1191 1596 1258 superaverit.

480 1316 731 1382 Quidam
763 1333 831 1372 ex
875 1316 1147 1371 Patribus
1178 1316 1430 1370 narravit
1464 1316 1535 1370 de
1584 1315 1813 1370 duobus
1854 1315 2060 1370 vicinis

406 1406 721 1477 episcopis,
756 1406 913 1477 quod
946 1405 1263 1477 aliquando
1294 1404 1447 1459 inter
1475 1420 1574 1459 eos
1604 1404 1875 1459 simultas
1906 1420 2060 1474 quie-

415 1496 550 1550 dam
582 1499 780 1549 exorta
810 1494 910 1548 sit.
944 1498 1076 1548 Erat
1107 1498 1301 1548 autem
1335 1509 1401 1547 ex
1422 1492 1515 1546 his
1530 1492 1686 1561 alter
1706 1493 1944 1563 quidem
1971 1493 2062 1546 di-

422 1600 521 1639 ves
553 1587 610 1637 et
638 1584 1047 1653 astutus,alter
1077 1590 1211 1637 vero
1243 1581 1488 1636 humilis
1514 1580 1716 1650 valde;
1742 1582 2063 1652 quaerebat-

409 1690 522 1745 que
554 1677 788 1729 astutus
812 1672 911 1727 ille
937 1673 1120 1728 alium
1156 1672 1380 1727 laedere.
1409 1672 1568 1736 Quod
1595 1688 1729 1725 cum
1753 1672 1876 1741 ipse
1900 1687 2060 1726 com-

409 1764 681 1835 perisset,
716 1765 801 1819 ait
832 1763 985 1819 clero
1017 1779 1162 1818 suo:
1198 1763 1410 1818 Christi
1443 1762 1632 1834 gratia
1664 1762 1895 1817 vincere
1926 1780 2058 1833 pos-

411 1870 644 1910 sumus.
677 1853 1080 1924 Dixeruntque
1114 1850 1197 1906 illi
1242 1868 1254 1906 :
1299 1852 1461 1920 Quis,
1486 1850 1744 1919 domine,
1778 1851 2057 1905 adversus

411 1942 591 1997 istum
617 1943 926 2014 praevalere
953 1941 1181 2013 possit?
1207 1944 1271 1995 Et
1300 1942 1381 1996 ait
1400 1940 1535 1995 illis:
1564 1941 1903 2011 Exspectate
1921 1956 2058 2009 pau-

405 2030 608 2101 lisper,
643 2037 701 2087 et
728 2032 1001 2087 videbitis
1032 2031 1186 2087 932
1221 2029 1682 2085 misericordiam
1720 2028 2057 2084 Dei.0bser-

410 2120 563 2175 vavit
590 2121 771 2193 igitur
820 2121 998 2185 diem,
1032 2137 1148 2191 qua
1172 2120 1269 2174 ille
1304 2125 1628 2189 martyrum
1677 2118 2055 2172 festivitatem

406 2209 749 2277 celebraret,
784 2225 1202 2278 assumensque
1225 2207 1445 2262 clerum
1470 2223 1645 2261 suum
1673 2207 1754 2260 ait
1777 2205 1894 2260 illis
1919 2222 1930 2259 :
1958 2206 2056 2259 Se-

406 2298 657 2368 quimini
692 2313 803 2364 me,
838 2302 894 2352 et
925 2297 1210 2368 quidquid
1246 2312 1335 2350 me
1358 2298 1542 2350 facere
1565 2295 1850 2361 videritis,
1873 2298 1928 2349 et
1958 2310 2057 2349 vos

405 2386 599 2452 facite,
632 2402 993 2456 prorsusque
1020 2386 1269 2441 victores
1300 2384 1542 2439 erimus.
1572 2384 1848 2439 Dicebant
1878 2399 2014 2454 ergo
2041 2400 2055 2439 :

408 2474 557 2540 Quid
574 2479 748 2546 putas
773 2476 1036 2529 facturus
1053 2479 1142 2530 est
1162 2474 1188 2528 ?
1211 2473 1375 2529 Venit
1396 2473 1574 2540 igitur
1595 2473 1664 2528 ad
1689 2472 2054 2543 episcopum,

408 2568 466 2619 et
499 2568 949 2635 pertranseunte
970 2564 1213 2631 Litania,
1248 2561 1580 2634 populoque
1604 2562 1782 2617 totius
1805 2562 2055 2617 civitatis

404 2653 1041 2724 congregato,procidit
1082 2652 1153 2708 ad
1191 2652 1369 2723 pedes
1401 2653 1530 2721 ejus
1562 2668 1695 2706 cum
1740 2655 1858 2706 toto
1902 2650 2053 2706 clero

401 2758 509 2797 suo
540 2741 782 2797 dicens:
836 2744 1081 2812 Ignosce
1113 2740 1305 2808 nobis,
1359 2741 1617 2808 domine,
1652 2740 1802 2795 servi
1836 2740 1920 2795 tui
1954 2757 2053 2795 su-

404 2846 559 2885 mus.
611 2831 986 2901 Stupefactus
1020 2830 1140 2896 ille,
1172 2835 1348 2901 atque
1381 2835 1766 2900 compunctus
1802 2829 1861 2883 in
1893 2834 2056 2884 tanta

405 2919 665 2991 episcopi
698 2918 1053 2985 humilitate,
1088 2925 1201 2976 Deo
1227 2935 1326 2975 cor
1356 2918 1516 2973 illius
1547 2918 1924 2985 immutante,
1956 2936 2053 2989 pe-

409 3008 512 3063 des
545 3008 705 3064 illius
734 3007 949 3073 tenuit,
992 3008 1231 3065 dicens:
1266 3009 1353 3063 Tu
1389 3025 1553 3063 meus
1586 3013 1642 3062 et
1690 3008 1968 3062 dominus
1998 3012 2054 3062 et

404 3097 577 3152 Pater
605 3114 686 3152 es.
721 3056 1011 3168 Factaque
1042 3102 1133 3152 est
1166 3098 1318 3152 inter
1349 3114 1448 3153 eos
1480 3113 1547 3151 ex
1587 3095 1689 3151 illa
1720 3096 1811 3151 die
1843 3112 2054 3167 magna
2084 3078 2126 3146 C

404 3185 663 3241 charitas
695 3191 871 3258 atque
904 3186 1234 3242 concordia.
1275 3187 1508 3241 Dicebat
1540 3190 1737 3241 autem
1770 3186 1920 3241 clero
1945 3203 2050 3242 suo

401 3274 647 3330 humilis
680 3275 812 3332 ille:
849 3276 1125 3347 Nunquid
1160 3292 1275 3330 non
1311 3293 1412 3347 per
1444 3274 1659 3330 Christi
1691 3276 1941 3346 gratiam
1974 3274 2052 3328 vi-

399 3364 589 3419 cimus
610 3364 820 3420 ‘Ietvos
835 3380 968 3434 ergo
991 3382 1125 3421 cum
1152 3364 1381 3421 habetis
1398 3364 1727 3432 inimicum,
1754 3363 1834 3418 ita
1857 3364 2046 3432 facite,

398 3456 457 3507 et
487 3452 740 3508 victores
772 3453 961 3511 eritis.

472 3539 627 3594 Dixit
657 3540 869 3596 iterum
899 3557 1076 3596 senex
1105 3558 1117 3596 :
1146 3541 1426 3611 Majorem
1460 3542 1635 3596 habet
1664 3540 1904 3611 gloriam
1936 3541 2045 3595 hu-

401 3627 559 3683 milis
591 3646 768 3699 quam
801 3647 936 3697 rex;
972 3630 1069 3685 ille
1099 3629 1253 3685 enim
1288 3629 1479 3684 solum
1514 3631 1573 3685 in
1606 3629 1814 3685 faciem
1838 3629 2045 3685 lauda-

400 3721 528 3787 tur;
560 3717 653 3773 bic
684 3723 885 3773 autem
910 3735 1142 3790 semper
1171 3724 1227 3774 et
1251 3719 1467 3790 ubique
1496 3719 1794 3791 laudatur,
1828 3724 1883 3775 et
1899 3720 2041 3775 bea-

399 3810 496 3861 tus
528 3807 907 3878 praedicatur.

994 3940 1227 3997 CAPUT
1262 3941 1443 3997 CCXI.

393 4034 473 4084 De
500 4045 628 4087 sene
656 4046 881 4103 magnae
910 4031 1259 4101 virtutis,qui
1280 4034 1521 4104 fratrem
1549 4049 1651 4087 sua
1678 4032 1778 4089 illi
1803 4033 2043 4104 suﬂ‘ura-

851 4113 968 4157 tum
997 4119 1028 4157 a
1060 4119 1276 4159 carcere
1298 4103 1575 4159 liberavit.

457 4216 725 4273 Narravit
751 4217 921 4273 nobis
943 4218 1127 4274 abbas
1147 4219 1412 4290 quidam,
1444 4220 1643 4275 dicens
1670 4235 1681 4275 :
1704 4220 1840 4275 Erat
1863 4237 2038 4291 prope

386 4307 717 4362 cmnobium
750 4312 1019 4362 nostrum
1044 4323 1222 4363 senex
1242 4308 1484 4380 quidam
1511 4308 1798 4364 lenissimi
1832 4309 2036 4377 animi,

384 4395 764 4465 maximaeque
795 4396 1050 4450 virtutis.
1084 4395 1345 4452 Habebat
1366 4402 1561 4452 autem
1590 4398 1648 4452 in
1670 4397 1858 4453 vicino
1877 4398 2035 4453 cellae

377 4498 495 4537 sua:
528 4484 905 4555 fratrem,fqui
940 4484 1872 4557 perinstigationemdiequadam
1894 4489 2033 4541 dum

374 4572 606 4627 abesset
636 4588 832 4638 senex,
865 4573 1166 4642 ingressus
1192 4580 1281 4630 est
1307 4575 1513 4630 cellam
1547 4576 1697 4645 ejus,
1734 4575 2029 4647 librosque

373 4660 537 4715 illius
568 4666 623 4717 et
650 4678 791 4717 vasa
821 4661 1086 4733 diripuit.
1118 4663 1263 4718 Cum
1298 4681 1431 4733 ergo
1457 4665 1728 4721 rediisset
1757 4681 1951 4729 senex,
1973 4670 2029 4720 et

373 4754 573 4819 aperto
596 4749 765 4813 ostio,
795 4750 1039 4805 vidisset
1065 4768 1204 4806 vasa
1226 4768 1581 4824 omnemque
1600 4754 2025 4824 supellectilem

372 4837 665 4893 sublatam
700 4855 850 4903 esse,
874 4842 1132 4910 perrexit
1162 4842 1233 4895 ad
1259 4841 1519 4909 fratrem,
1545 4846 1610 4897 ut
1640 4843 1941 4898 nuntiaret
1973 4844 2023 4897 ei

372 4926 512 4998 quid
542 4927 656 4983 sibi
687 4928 1053 4999 contigisset,
1080 4929 1421 5002 invenitque
1442 4948 1582 4987 vasa
1608 4932 1802 4986 adhuc
1824 4931 1882 4986 in
1908 4948 2024 4987 me-

369 5016 464 5071 dio
497 5018 1000 5087 posita;nondum
1023 5017 1179 5073 enim
1202 5020 1380 5075 frater
1420 5036 1486 5075 ea
1510 5026 1870 5091 reposuerat.
1909 5022 2020 5077 No-

365 5106 490 5162 lens
524 5113 720 5162 autem
754 5107 949 5163 senior
980 5110 1334 5163 confundere
1364 5109 1454 5164 vel
1487 5126 1731 5182 arguere
1758 5111 2017 5181 fratrem,

362 5196 645 5252 simulata
662 5198 1032 5267 necessitate,
1049 5197 1327 5253 continua
1351 5200 1421 5254 ad
1438 5199 1769 5254 necessaria
1794 5207 1929 5255 natu
1944 5216 2019 5255 rte

359 5301 629 5356 egressus
660 5289 770 5355 est,
804 5286 1001 5357 ibique
1034 5288 1358 5358 permansit
1390 5306 1490 5360 per
1514 5289 1759 5344 multam
1788 5290 2015 5357 horam,

362 5375 546 5429 donec
578 5375 756 5430 frater
798 5374 895 5430 ille
926 5393 1066 5431 vasa
1096 5376 1166 5430 de
1201 5378 1392 5432 medio
1445 5378 1692 5445 tolleret,
1721 5383 1899 5447 atque
1922 5393 2013 5433 re-

361 5472 619 5535 poneret.
646 5465 892 5521 Veniens
925 5469 1119 5520 autem
1157 5468 1531 5538 postmodum
1565 5483 1762 5533 senex,
1797 5468 1867 5522 de
1896 5467 2012 5522 alia

351 5570 416 5610 re
446 5553 612 5610 illum
644 5553 866 5627 alloqui
889 5555 1285 5627 cmpit,neque
1304 5557 1499 5628 ipsum
1521 5556 1763 5613 omnino
1785 5556 1999 5629 arguit.

2164 433 2412 487 busdam
2440 432 2638 486 fratris
2663 431 2908 495 furtum,
2934 431 3273 503 missusque
3294 434 3453 490 estin
3477 454 3760 512 carcerem,

2158 538 2297 577 sene
2330 521 2475 576 nihil
2500 520 2727 591 penitus
2758 520 2993 576 sciente.
3034 521 3342 592 Comperto
3394 532 3576 582 autem
3624 535 3759 601 quod

2160 613 2218 666 in
2268 626 2558 666 carcerem
2614 610 2790 664 frater
2836 610 2934 664 ille
2985 612 3282 681 conjectus
3321 619 3489 681 esset,
3514 616 3764 687 ignorans

2160 716 2399 755 causam
2433 700 2646 767 senior,
2670 697 2849 767 venit,
2874 700 2945 753 ad
2976 701 3386 757 monasterium
3410 710 3675 773 nostrum,
3702 711 3765 764 ad

2164 790 2316 860 quod
2345 806 2411 844 ac
2433 790 2633 843 cedere
2655 805 2806 859 saepe
2837 790 3494 862 consueverat,dixitque
3521 795 3771 853 mihizFac

2164 877 2531 942 charitatem,
2572 880 2629 932 et
2669 878 2741 932 da
2782 877 2927 932 mihi
2968 879 3168 949 aliqua
3200 879 3506 937 esculenta.
3530 883 3695 940 Etaio
3716 887 3777 941 ad

2163 965 2331 1020 illum
2364 966 2515 1023 Num
2550 966 2801 1036 aliquem
2835 966 3015 1022 habes
3051 968 3336 1039 hospitem
3361 970 3387 1024 ‘I
3415 970 3563 1026 Dixit
3600 978 3776 1031 autem

2166 1055 2351 1110 mihi:
2399 1055 2594 1110 Habeo
2644 1071 2804 1110 sane.
2842 1056 3079 1127 Accepit
3127 1062 3323 1113 autem
3364 1076 3429 1114 ea
3482 1062 3682 1128 senior,
3726 1069 3782 1120 ut

2164 1146 2274 1200 iret
2301 1146 2371 1199 ad
2409 1145 2639 1199 fratrem
2672 1144 2731 1199 in
2762 1161 3075 1211 carcerem,
3104 1150 3157 1200 et
3192 1147 3583 1204 consolaretur
3603 1167 3662 1205 ac
3691 1168 3776 1207 re-

2168 1236 2361 1289 ﬁceret
2386 1250 2542 1289 eum.
2578 1238 2650 1287 Ut
2682 1238 2874 1289 autem
2900 1235 3204 1306 ingressus
3234 1241 3324 1291 est
3344 1254 3645 1305 carcerem,
3666 1257 3781 1312 pro-

2167 1324 2307 1378 cidit
2339 1324 2515 1377 frater
2560 1321 2657 1377 ille
2689 1324 2761 1377 ad
2795 1324 2969 1394 pedes
3000 1325 3151 1392 ejus,
3196 1326 3430 1381 dicens:
3468 1327 3695 1399 Propter
3738 1334 3785 1385 te

2168 1414 2263 1468 hic
2302 1414 2586 1481 detineor,
2623 1414 2806 1481 abba;
2844 1431 2948 1485 ego
2981 1415 3136 1469 enim
3169 1432 3301 1470 sum
3337 1416 3434 1487 qui
3466 1421 3564 1472 tua
3606 1419 3785 1475 omnia

2167 1503 2397 1557 furatus
2432 1503 2553 1556 t'ui:
2585 1503 2681 1557 sed
2717 1519 2847 1558 ecce
2879 1502 3026 1559 liber
3056 1508 3193 1559 tuus
3225 1506 3380 1575 apud
3417 1505 3578 1561 illum
3609 1512 3709 1577 est,
3738 1512 3790 1563 et

2169 1591 2408 1663 pallium
2461 1596 2652 1661 tuum,
2703 1596 2759 1646 et
2800 1597 3006 1647 caetera
3039 1592 3137 1648 illo
3170 1600 3225 1649 et
3253 1593 3351 1649 illo
3382 1594 3439 1649 in
3484 1595 3604 1651 loco
3642 1601 3785 1651 sunt.

2178 1681 2328 1735 Dixit
2375 1680 2426 1734 ei
2458 1681 2689 1735 senior:
2736 1680 2941 1735 Certus
2988 1688 3137 1747 esto,
3183 1682 3287 1752 fili,
3339 1683 3514 1755 idque
3565 1685 3790 1740 ﬁrmiter

2170 1775 2322 1838 tene,
2355 1769 2491 1839 quia
2523 1788 2637 1825 non
2668 1769 2883 1826 idcirco
2907 1770 2977 1825 ad
3013 1777 3068 1825 te
3098 1771 3253 1838 veni,
3288 1789 3475 1843 neque
3494 1774 3641 1828 enim
3666 1774 3789 1828 scie-

2168 1860 2302 1913 bam
2336 1859 2568 1929 penitus
2597 1859 2749 1929 quod
2785 1864 3018 1929 propter
3042 1876 3132 1915 me
3166 1860 3259 1916 hic
3292 1878 3492 1929 esses;
3527 1862 3633 1917 imo
3653 1877 3791 1918 com-

2167 1956 2327 2019 perto
2372 1950 2524 2019 quod
2563 1948 2652 2003 hic
2701 1948 3046 2003 detinereris
3097 1949 3387 2019 inclusus,
3430 1950 3671 2020 indolui,
3720 1951 3793 2006 in-

2166 2053 2522 2108 gressusque
2572 2053 2703 2092 sum
2737 2036 3079 2092 consolandi
3114 2038 3197 2093 tui
3243 2056 3457 2095 causa:
3516 2056 3645 2095 nam
3674 2056 3791 2095 ecce

2167 2142 2292 2195 quae
2325 2124 2490 2181 attuli
2524 2142 2625 2195 pro
2677 2126 2988 2181 refectione
3014 2130 3152 2183 tua:
3191 2128 3404 2183 faciam
3455 2134 3647 2206 autem
3679 2145 3793 2184 om-

2167 2216 2263 2267 nia
2296 2219 2359 2268 ut
2388 2220 2443 2269 te
2472 2215 2543 2269 de
2575 2231 2804 2269 carcere
2841 2216 3108 2270 liberem.
3142 2217 3565 2288 Profectusque
3596 2218 3797 2289 rogavit

2166 2318 2267 2372 pro
2301 2319 2365 2356 eo
2391 2303 2676 2373 quosdam
2714 2305 2784 2359 de
2809 2304 3219 2376 principibus;
3252 2306 3481 2377 quibus
3515 2323 3643 2362 cum
3669 2312 3791 2361 nota

2164 2397 2315 2446 esset
2336 2392 2441 2445 viri
2466 2394 2666 2462 virtus,
2697 2394 2993 2450 mittentes
3023 2395 3361 2451 eduxerunt
3389 2397 3622 2452 fratrem
3644 2394 3795 2449 illum

2165 2480 2235 2535 de
2268 2482 2561 2538 custodia.

2734 2599 2972 2655 CAPUT
3018 2600 3235 2656 CCXII.

2161 2686 2235 2741 De
2264 2687 2480 2742 duobus
2509 2688 2753 2758 senibus,
2782 2688 2879 2760 qui
2906 2689 3055 2743 mira
3093 2692 3378 2758 patientia
3413 2706 3545 2761 erga
3578 2691 3799 2746 latrone:

2841 2764 2932 2816 uti
2967 2768 3122 2818 sunt.

2236 2876 2469 2932 Dicebat
2500 2876 2740 2948 quidam
2790 2892 2996 2932 senum
3026 2893 3037 2932 :
3082 2877 3345 2933 Accessit
3376 2880 3448 2934 ad
3499 2895 3604 2934 nos
3636 2892 3803 2934 senex

2161 2982 2384 3037 magnae
2416 2966 2682 3033 virtutis;
2708 2965 3153 3037 legentibusque
3178 2967 3356 3023 nobis
3387 2974 3620 3039 patrum
3652 2966 3800 3021 Vitas

2748 3055 3153 3111 delectabatur
3189 3056 3355 3113 enim
3398 3074 3578 3114 senex
3620 3057 3715 3112 ille
3745 3071 3804 3110 ea

2163 3145 2534 3215 potissimum
2568 3143 2839 3208 lectione,
2870 3144 2953 3198 ita
2975 3148 3039 3198 ut
3061 3150 3217 3199 esset
3248 3145 3339 3201 illi
3366 3163 3601 3218 semper
3628 3145 3683 3200 in
3713 3159 3808 3200 ore

2160 3243 2213 3289 et
2243 3233 2300 3289 in
2333 3234 2542 3301 corde;
2576 3234 2730 3287 unde
2762 3236 2818 3287 et
2847 3250 2914 3288 ex
2941 3249 3008 3288 ea
3041 3234 3373 3290 maximum
3406 3235 3650 3291 virtutis
3695 3234 3805 3289 fru-

2159 3329 2319 3378 ctum
2370 3322 2725 3393 acquisivit),
2758 3322 2828 3377 ad
2876 3340 3007 3377 eum
3042 3339 3239 3379 senem
3282 3322 3542 3395 legendo
3578 3327 3801 3379 ventum

2157 3416 2266 3480 est,
2301 3413 2372 3466 ad
2404 3428 2577 3482 quem
2621 3410 2872 3482 ingrcssi
2906 3410 3159 3467 latrones
3205 3412 3531 3469 dixerunt:
3580 3411 3801 3475 Omnia,

2157 3519 2281 3573 quae
2315 3501 2491 3555 habes
2521 3501 2579 3554 in
2613 3499 2757 3555 cella
2789 3505 2912 3567 tua,
2944 3499 3147 3555 tollere
3177 3502 3461 3558 venimus
3493 3502 3671 3574 (Apud
3708 3501 3802 3554 Pe-

2154 3592 2288 3661 lag.,
2321 3590 2493 3645 libell.
2526 3607 2640 3659 xvr,
2671 3607 2728 3643 η.
2758 3589 2864 3659 13).
2900 3591 3031 3659 Ipso
3063 3606 3196 3644 vero
3215 3590 3459 3646 dicente
3485 3610 3502 3646 :
3530 3593 3802 3658 Qutecun-

2152 3696 2263 3749 que
2291 3680 2560 3734 videntur
2591 3679 2774 3743 vobis,
2809 3677 2932 3743 filii,
2966 3677 3171 3744 tollite,
3204 3679 3485 3735 tulerunt
3518 3680 3730 3745 omnia,
3753 3681 3803 3731 et

2153 3769 2444 3823 abierunt.
2477 3768 2545 3822 Et
2575 3783 2707 3821 cum
2741 3766 2933 3821 solum
2980 3769 3358 3839 marsupium
3394 3770 3555 3841 quod
3598 3768 3801 3841 pende-

2152 3858 2250 3912 bat
2277 3857 2670 3926 reliquissenl,
2721 3870 2917 3923 senex,
2951 3854 3051 3911 illo
3105 3862 3376 3928 accepto,
3414 3864 3552 3930 post
3583 3874 3679 3914 eos
3715 3871 3803 3911 se-

2152 3946 2441 4017 quebatur
2471 3946 2729 4002 clamans
2761 3961 2826 3999 ac
2869 3944 3108 4000 dicens:
3157 3946 3453 4017 Accipite,
3492 3947 3620 4016 filii,
3663 3963 3694 4001 a
3721 3958 3808 4000 me

2150 4036 2304 4107 quod
2324 4035 2523 4091 tollere
2544 4034 2707 4090 obliti
2730 4034 2873 4089 estis
2890 4034 2959 4088 de
2986 4033 3131 4089 cella
3155 4039 3383 4091 nostra.
3416 4036 3805 4103 Quamobrem

2146 4124 2504 4179 admirantes
2556 4124 2641 4178 illi
2675 4122 2832 4177 senis
2854 4122 3245 4190 tolerantiam,
3278 4129 3494 4181 omnia
3520 4127 3648 4181 suis
3669 4123 3802 4179 locis

2148 4213 2206 4268 in
2239 4214 2507 4270 cellulam
2540 4212 2751 4268 reversi
2785 4211 3190 4282 restituerunt,
3224 4214 3499 4271 dicentes
3533 4217 3604 4271 ad
3664 4212 3805 4269 invi-

2147 4320 2271 4358 cem
2309 4320 2320 4355 :
2355 4302 2498 4357 Vere
2530 4301 2624 4356 hic
2672 4301 2843 4356 homo
2878 4301 2971 4355 Dei
3009 4306 3113 4356 est.

2216 4392 2357 4447 Cum
2390 4392 2569 4462 igitur
2590 4391 2699 4447 hoc
2723 4390 3070 4462 legeremus,
3104 4390 3186 4445 ait
3206 4392 3279 4446 ad
3315 4409 3415 4449 me
3444 4410 3667 4449 senex:
3697 4391 3807 4447 Hoc

2146 4480 2478 4551 exemplum
2513 4479 2653 4533 milii
2704 4480 2955 4533 multum
2992 4479 3228 4550 profuit,
3287 4481 3475 4538 abba.
3511 4484 3597 4537 Ad
3632 4495 3805 4552 quem

2136 4586 2279 4641 ego:
2315 4570 2634 4639 Quomodo,
2663 4569 2870 4623 Pater?
2904 4569 2970 4622 Et
2986 4568 3065 4622 ait
3098 4569 3238 4622 mihi
3263 4585 3275 4624 :
3300 4570 3458 4626 Cum
3484 4569 3806 4644 aliquando

2136 4675 2394 4715 morarer
2425 4674 2602 4731 prope
2634 4658 2757 4713 loca
2782 4657 3079 4727 Jordanis,
3112 4658 3224 4728 legi
3257 4658 3396 4727 hoc,
3433 4667 3494 4717 et
3547 4661 3804 4717 mirabar

2132 4750 2289 4805 hunc
2320 4765 2544 4819 senem,
2579 4753 2634 4803 et
2658 4748 2957 4802 dicebam:
2997 4748 3236 4802 Domine
3267 4748 3461 4818 Deus,
3488 4752 3599 4823 qui
3622 4767 3719 4807 me
3738 4747 3808 4805 ad

2132 4839 2288 4893 hunc
2320 4838 2586 4893 habitum
2618 4852 2819 4891 vocare
2851 4836 3127 4907 dignatus
3158 4853 3243 4905 es,
3277 4839 3372 4893 fac
3411 4856 3510 4895 me
3557 4841 3803 4912 dignum

2132 4927 2311 4999 hujus
2341 4926 2584 4999 vestigia
2614 4925 2803 4996 sequi.
2838 4926 3052 4979 Etcum
3088 4926 3361 4981 arderem
3389 4945 3641 4984 summo
3664 4928 3799 4983 atie-

2130 5022 2225 5072 ctu
2251 5016 2828 5084 imitandieum,post
2860 5012 3100 5068 biduum
3127 5024 3615 5085 supervenerunt
3643 5018 3813 5073 latro-

2129 5125 2251 5176 nes,
2284 5115 2341 5163 et
2374 5106 2744 5177 pulsantibus
2776 5103 2891 5159 illis
2917 5105 3186 5174 januam,
3213 5108 3433 5177 agnovi
3462 5110 3612 5179 quia
3636 5108 3811 5165 latro-

2125 5214 2229 5252 nes
2260 5202 2476 5259 essent,
2501 5194 2737 5266 dixique
2757 5194 2815 5248 in
2842 5192 3064 5265 meipso
3092 5210 3103 5247 :
3129 5194 3244 5250 Deo
3263 5196 3539 5267 gratias;
3568 5204 3811 5270 tempus

2122 5292 2211 5343 est
2240 5291 2306 5341 ut
2353 5287 2656 5342 ostendam
2693 5286 2951 5339 fructum
3003 5284 3279 5340 desiderii
3325 5288 3477 5342 mei.
3516 5289 3807 5360 Aperiens

2120 5382 2316 5433 autem
2341 5378 2613 5447 januam,
2646 5374 2912 5429 hilariter
2930 5374 3163 5446 suscepi
3188 5391 3305 5441 eos,
3342 5382 3407 5431 et
3434 5382 3692 5435 accendi
3718 5380 3812 5434 lu-

2119 5483 2377 5536 cernam,
2410 5470 2467 5521 et
2488 5464 2632 5536 coepi
2666 5463 2751 5520 eis
2774 5464 2970 5520 omnia
2990 5464 3295 5519 ostendere
3317 5464 3545 5522 dicens
3578 5472 3654 5524 ad
3673 5484 3806 5525 eos:

2116 5556 2304 5613 Nolite
2326 5555 2547 5612 turbari
2572 5555 2837 5624 ;confido
2855 5554 2919 5610 in
2948 5554 3221 5625 Domino,
3243 5554 3389 5625 quia
3417 5559 3580 5615 nihil
3607 5560 3811 5619 celabo
