4002 6166
210 365 305 419 237

1511 367 1811 423 PRATUM
1853 367 2303 424 SPIBITUALB.

3507 374 3615 433 238

215 505 321 544 vos.
355 488 541 545 Aiunt
570 493 765 545 autem
810 488 953 544 mihi
987 506 999 545 :
1034 490 1224 545 Habes
1273 489 1529 544 aurum?
1579 491 1733 546 933
1790 491 1859 546 Et
1887 490 1941 557 Α
1971 492 2216 547 salutem
2236 492 2955 554 maledeﬁnivimus.Nam
2980 498 3028 553 si
3051 499 3304 556 Herodes
3328 500 3617 571 pceniten-

221 578 328 634 dixi
358 578 444 634 eis
477 595 490 634 :
525 579 738 646 Etiam,
774 578 960 635 habeo
992 580 1106 636 tria
1136 580 1521 648 numismata,
1570 580 1865 652 posuique

221 668 317 723 illa
344 684 545 725 coram
580 669 696 735 eis;
728 668 832 740 qui
864 668 1216 740 accipientes
1236 685 1303 725 ea
1322 669 1594 725 abierunt
1616 671 1673 724 in
1702 686 1861 741 pace.

222 760 322 813 His
352 774 461 829 ego
492 759 732 822 auditis,
759 761 971 831 jocans
1001 760 1115 814 dixi
1149 761 1273 815 seni
1312 777 1323 813 :
1355 760 1633 832 Nunquid
1668 759 1765 815 isti
1794 761 1864 814 ad

217 852 268 903 te
300 848 518 903 reversi
551 852 710 913 sunt,
744 849 1244 920 quemadmodum
1279 848 1361 903 illi
1395 850 1463 903 ad
1500 848 1864 919 senem?qui

218 938 411 992 statim
450 937 598 992 dixit
626 936 772 992 mihi
808 956 821 993 :
854 938 1017 1004 Non;
1052 942 1272 994 avertat
1304 938 1412 993 hoc
1445 939 1638 1007 Deus;
1675 954 1865 1009 neque

221 1026 374 1082 enim
406 1025 727 1083 voluissem
759 1043 863 1099 ego
896 1032 959 1081 ut
986 1032 1435 1083 reverterentur.

783 1142 1015 1200 CAPUT
1046 1143 1292 1201 CCXIII.

222 1230 323 1286 Cur
338 1231 501 1301 signa
520 1241 571 1287 et
590 1233 849 1303 prodigia
868 1232 1138 1288 divinitus
1156 1234 1215 1289 in
1229 1241 1422 1289 sancta
1440 1232 1689 1289 Ecclesia
1704 1234 1861 1302 ﬁant.

286 1330 525 1385 Dicebat
539 1346 712 1385 senex
735 1331 1013 1401 quidam:
1037 1331 1215 1402 Signa
1232 1340 1285 1386 et
1304 1331 1569 1401 prodigia
1586 1330 1863 1386 divinitus

230 1434 409 1490 usque
452 1419 623 1473 hodie
645 1418 702 1473 in
728 1419 984 1475 Ecclesia
1014 1420 1162 1474 fiunt
1198 1425 1432 1491 prepter
1452 1436 1550 1474 eas
1572 1436 1699 1490 quae
1734 1419 1865 1491 pul-

220 1508 505 1571 lularunt,
538 1513 595 1563 et
618 1508 880 1579 quotidie
922 1508 1235 1579 pullulant,
1263 1508 1474 1580 impias
1507 1508 1777 1575 haereses,
1810 1512 1868 1563 et

219 1597 471 1652 maxime
505 1602 743 1668 propter
777 1597 1037 1669 acephali
1070 1598 1351 1665 Severi,et
1380 1602 1718 1652 caaterorum
1743 1614 1867 1668 per-

220 1688 439 1743 niciosa
474 1685 816 1757 schismata,
842 1688 913 1743 ad
932 1688 1231 1743 munimen
1262 1705 1326 1742 ac
1350 1687 1868 1742 firmitateminlir-

224 1793 454 1832 marum
481 1775 839 1840 animarum,
862 1781 1039 1848 atque
1061 1778 1128 1831 ad
1156 1776 1389 1831 illorum
1410 1778 1695 1848 ipsorum,
1720 1777 1768 1832 si
1786 1776 1867 1831 ita

1970 579 2111 634 tiam
2137 580 2374 652 egisset,
2392 585 3011 655 nequejusjurandum
3037 588 3190 657 quod
3217 588 3390 645 stulte
3413 590 3619 646 emise-

1973 674 2081 736 rat,
2116 677 2432 736 servasset,
2458 690 2763 745 nunquam
2798 676 3055 746 profecto
3099 678 3419 732 maximum
3468 678 3615 734 illud

1971 757 2164 813 scelus
2207 760 2565 829 admisisset,
2600 768 2663 817 ut;
2693 780 3084 834 prascusorem
3119 764 3333 820 Christi
3364 766 3616 822 decolla-

1971 852 2075 903 ret.
2105 850 2267 913 Quod
2289 853 2522 920 quidem
2552 853 2734 924 ipsius
2758 854 2956 909 Basilii
2980 856 3274 912 sententia
3303 857 3615 911 confirma-

1970 944 2083 1002 tur,
2112 956 2288 1010 quam
2314 941 2385 996 de
2407 942 2717 1014 Evangelia
2740 944 3020 1015 sumpsit,
3045 946 3281 1017 quando
3302 944 3487 1000 voluit
3511 947 3616 1001 Do-

1968 1028 2359 1101 minuslavare
2374 1032 2549 1102 pedes
2565 1034 2713 1088 beati
2730 1034 3302 1104 apostoliPetri,cum
3321 1034 3417 1090 ille
3428 1034 3617 1105 primo

1971 1117 2348 1189 pertinaciter
2377 1121 2908 1194 obsistens,postea
2946 1124 3299 1181 sententiam
3343 1124 3616 1181 mutavit.

2521 1239 2753 1294 CAPUT
2793 1240 3062 1298 CCXVII.

1972 1325 2249 1397 Optimum
2288 1329 2433 1383 senis
2460 1329 2773 1409 consilium,
2825 1347 2893 1384 ne
2926 1331 3222 1387 monashus
3266 1332 3495 1388 mulieri
3521 1348 3619 1404 ap-

2608 1416 2956 1473 propinquet.

2042 1498 2196 1553 Dixit
2223 1500 2418 1554 senior
2458 1500 2699 1571 quidam
2727 1519 2738 1554 :
2779 1500 2983 1569 Filioli,
3017 1501 3102 1557 sal
3135 1518 3204 1557 ex
3234 1518 3389 1573 aqua
3419 1506 3528 1571 est,
3566 1510 3620 1559 et

1970 1587 2020 1641 si
2052 1590 2607 1659 appropinquaverit
2638 1606 2818 1660 aqua,
2852 1591 3130 1647 continuo
3162 1591 3508 1658 solvitur,et
3524 1593 3618 1648 de-

1972 1676 2093 1731 ficit
2125 1694 2137 1731 :
2172 1682 2229 1732 et
2258 1679 2585 1733 monachus
2632 1679 2905 1734 similiter
2952 1697 3021 1734 ex
3069 1679 3315 1735 muliere
3344 1684 3460 1747 est;
3504 1680 3619 1735 ita-

1972 1781 2085 1835 que
2113 1766 2160 1820 si
2192 1767 2623 1838 appropinquat
2654 1766 2909 1833 mulieri,
2957 1767 3202 1823 solvitur
3246 1772 3304 1824 et
3350 1769 3497 1840 ipse,
3531 1772 3620 1825 at-

222 1866 530 1931 voluerint,
556 1865 1016 1921 conversionem.
1060 1866 1369 1938 Propterea
1404 1867 1586 1938 igitur
1606 1872 1661 1921 et
1683 1882 1867 1921 asan-
1896 1852 1944 1916 B
1975 1868 2085 1923 que
2116 1854 2174 1908 in
2210 1856 2267 1910 id
2303 1856 2540 1924 desinit,
2573 1862 2636 1911 ut
2660 1858 2786 1927 jam
2820 1858 3147 1912 monachus
3179 1874 3293 1913 non
3326 1858 3422 1914 sit.

224 1956 333 2010 ctis
364 1955 663 2022 Patribus,
696 1958 753 2009 et
783 1972 815 2009 a
845 1954 1206 2011 beatissimis
1258 1956 1615 2027 martyribus
1646 1956 1717 2009 ab
1750 1954 1861 2009 ini-

217 2043 298 2099 tio
329 2044 465 2099 ﬁdei
499 2059 685 2114 usque
716 2043 888 2098 hodie
917 2044 1069 2099 ﬁunt
1100 2043 1394 2099 mirabilia
1424 2045 1481 2098 in
1517 2048 1720 2099 sancta
1769 2060 1863 2098 ca-

221 2132 439 2189 tholica
472 2137 529 2188 et
558 2132 882 2206 apostolica
911 2133 1185 2189 Ecclesia.

784 2248 1026 2305 CAPUT
1056 2248 1291 2304 CCXIV.

220 2339 547 2394 Miraculum
566 2339 741 2409 fontis
760 2337 1109 2408 baptismatis
1130 2338 1189 2392 in
1210 2337 1593 2394 Cwanensium
1620 2339 1860 2393 civitate.

284 2438 514 2494 Soruba
541 2437 707 2492 vicus
756 2438 997 2507 quidam
1029 2442 1117 2492 est
1149 2438 1217 2492 ad
1262 2438 1488 2492 radices
1528 2437 1768 2503 montis,
1803 2437 1862 2492 in

213 2546 332 2599 quo
367 2532 484 2583 sita
525 2532 616 2583 est
644 2527 1050 2582 Cmanensium
1103 2528 1323 2582 civitas.
1376 2527 1437 2582 In
1471 2543 1536 2582 eo
1579 2526 1864 2597 baptiste-

214 2619 365 2673 rium
425 2620 537 2684 est;
572 2618 726 2687 quod
762 2616 819 2669 in
874 2616 1093 2671 sanctis
1142 2615 1489 2686 Epiphaniis
1522 2615 1717 2681 sudat,
1761 2614 1862 2685 qui

212 2708 399 2763 sudor
427 2722 532 2777 per
557 2710 675 2760 tres
708 2706 882 2760 horas
918 2704 1214 2760 continuis
1264 2703 1644 2759 incrementis
1694 2719 1863 2775 auge-

219 2804 340 2863 tur,
373 2799 430 2850 et
461 2800 595 2866 post
614 2795 910 2865 baptisma
940 2799 1242 2865 peractum
1268 2795 1601 2849 decrescere
1633 2792 1861 2864 incipit,

217 2890 279 2940 et
308 2884 501 2939 tribus
532 2882 665 2938 aliis
696 2882 858 2938 horis
887 2883 1105 2938 sensim
1140 2882 1356 2937 deficit.

812 2998 1047 3053 CAPUT
1080 2997 1275 3055 CCXV.

293 3090 474 3145 Aliud
503 3088 837 3144 miraculum
861 3089 1177 3160 baptisterii
1204 3089 1420 3144 castelli
1450 3088 1789 3143 Cedebratis.

2517 1962 2749 2019 CAPUT
2780 1963 3070 2019 CCXVIII.

1973 2052 2246 2118 Quomodo
2278 2052 2450 2107 abbas
2506 2052 2742 2122 Sergius
2784 2053 3154 2123 injurianlem
3193 2052 3496 2123 agricolam
3519 2068 3620 2124 pa-

2508 2126 2709 2179 tientia
2744 2124 3078 2195 confuderit.

2044 2220 2313 2276 Narravit
2340 2220 2510 2276 nobis
2533 2220 2715 2276 abbas
2735 2220 3251 2292 Sergius,antistes
3275 2218 3622 2275 monasterii

1973 2310 2205 2365 abbatis
2233 2309 2621 2379 Constantini,
2669 2310 2872 2364 dicens
2917 2325 2929 2363 :
2972 2309 3117 2363 Cum
3167 2308 3484 2380 aliquando
3516 2309 3627 2365 iter

1973 2415 2281 2471 ageremus
2314 2415 2446 2454 cum
2481 2399 2734 2470 quodam
2769 2402 2969 2453 sancto
3002 2414 3161 2465 sene,
3195 2398 3520 2452 erravimus
3550 2398 3624 2454 de

1972 2488 2088 2555 via,
2112 2492 2169 2543 et
2195 2504 2383 2560 neque
2406 2488 2729 2543 scientibus
2748 2488 2917 2542 nobis
2941 2503 3131 2557 neque
3151 2486 3511 2552 volentibus,
3537 2488 3623 2540 in-

1974 2581 2063 2631 ter
2094 2580 2221 2632 sata
2251 2575 2471 2632 inventi
2507 2593 2737 2645 sumus,
2765 2580 2821 2630 et
2854 2576 3053 2646 aliqua
3081 2575 3152 2629 de
3188 2574 3333 2630 satis
3353 2574 3618 2631 volentes

1975 2665 2356 2737 nolentesque
2375 2665 2749 2720 calcavimus.
2769 2664 2931 2727 Quod
2951 2681 3085 2718 cum
3100 2664 3343 2718 vidisset
3362 2662 3620 2734 agricola

1975 2755 2120 2826 (erat
2141 2754 2295 2810 enim
2321 2754 2439 2808 illic
2461 2754 2733 2825 operans)
2771 2753 2944 2824 coepit
2969 2756 3170 2808 contra
3196 2768 3303 2807 nos
3334 2751 3620 2822 injuriosa

1975 2844 2158 2900 multa
2182 2844 2438 2916 proferre
2459 2860 2590 2898 curn
2614 2842 2941 2907 iracundia,
2960 2842 3161 2897 dicens
3178 2840 3320 2896 :Vos
3344 2838 3619 2897 monachi

1975 2933 2161 2989 estis?
2182 2950 2280 2989 vos
2305 2933 2526 2988 timetis
2549 2937 2724 2986 Deum
2744 2931 2771 2985 ?
2794 2931 2843 2985 si
2864 2933 3134 2985 timorem
3157 2929 3260 2986 Dei
3293 2934 3427 2985 ante
3473 2945 3617 2984 ocu-

1974 3023 2061 3079 los
2086 3022 2462 3088 habuissetis,
2483 3022 2591 3077 hoc
2609 3021 2864 3093 profecto
2889 3036 3002 3074 non
3030 3019 3336 3074 fecissetis.
3358 3020 3517 3074 Tunc
3540 3018 3622 3073 ait

1976 3111 2146 3167 nobis
2178 3119 2417 3166 sanctus
2464 3110 2660 3165 senior
2688 3124 2701 3168 :
2734 3110 2834 3163 Per
2863 3107 3177 3163 Dominum
3214 3106 3412 3162 nullus
3443 3108 3493 3162 ei
3528 3122 3623 3161 re-

292 3190 398 3245 Est
425 3194 484 3245 et
531 3188 589 3243 in
644 3187 885 3244 castello
937 3186 1293 3254 Cedebratis,
1334 3188 1487 3259 quod
1532 3186 1643 3242 sub
1671 3190 1866 3241 monte

1986 3199 2743 3272 spondeat.Conversusque
2768 3196 2837 3251 ad
2864 3195 3247 3259 illum,dixit:
3264 3195 3435 3249 Recte
3457 3193 3621 3249 locu-

214 3278 594 3335 Enoandron
626 3276 880 3332 civitatis
907 3276 1084 3331 situm
1117 3281 1227 3345 est,
1259 3276 1864 3348 baptisterium,quod

217 3369 276 3422 in
301 3366 565 3439 paschali
588 3372 803 3421 sancta
830 3364 1273 3421 resurrectionis
1297 3365 1775 3431 festivitate,cum
1790 3364 1867 3419 sit

215 3455 369 3527 lapis
396 3473 574 3523 unus,
607 3472 675 3510 ex
705 3471 767 3510 se
794 3455 917 3525 ipso
942 3456 1220 3510 continuo
1244 3454 1543 3526 impletur.
1573 3457 1866 3524 Duratque

221 3562 373 3617 aqua
395 3544 499 3600 illa
531 3561 713 3614 usque
744 3545 813 3598 ad
848 3548 1255 3611 Pentecosten,
1292 3560 1541 3614 moxque
1570 3546 1868 3598 transacta

222 3634 563 3690 Pentecoste
585 3632 893 3688 evanescit.
930 3632 1185 3703 Utraque
1215 3649 1350 3687 vero
1376 3633 1487 3687 ista
1510 3630 1789 3686 miracula
1807 3631 1866 3685 in

224 3723 530 3795 provincia
564 3722 741 3794 Lyciae
774 3722 945 3776 ﬁunt.
980 3721 1038 3775 Si
1067 3720 1200 3790 quis
1246 3726 1443 3775 autem
1476 3720 1597 3775 haec
1632 3721 1711 3776 ita
1740 3736 1868 3775 esse

226 3829 341 3868 non
375 3809 582 3880 credit,
618 3826 804 3881 usque
835 3810 907 3864 ad
939 3809 1196 3881 Lyciam,
1233 3826 1347 3864 non
1380 3810 1730 3880 grandeiter
1759 3814 1868 3881 est,

226 3906 451 3974 pergat,
488 3906 555 3956 ut
585 3900 665 3955 rei
695 3898 911 3954 veritas
941 3899 1115 3953 ﬁdem
1143 3897 1228 3953 illi
1261 3898 1456 3954 faciat.

834 4013 1069 4069 CAPUT
1102 4014 1337 4070 CCXVI.

226 4106 482 4163 Prudens
525 4103 819 4159 consilium
847 4103 913 4158 de
943 4119 1051 4159 non
1084 4102 1655 4175 temererdeﬁniendo,
1703 4103 1875 4175 deque

395 4194 509 4233 non
528 4176 796 4231 servando
826 4190 952 4246 qua:
981 4181 1186 4231 temere
1215 4174 1443 4246 deﬁnita
1470 4175 1700 4245 fuerint.

299 4277 444 4332 Cum
486 4290 675 4330 essem
698 4274 876 4329 semel
900 4275 959 4328 in
981 4277 1184 4328 sancta
1222 4273 1473 4341 civitate,
1496 4272 1659 4329 venit
1679 4274 1750 4328 ad
1784 4290 1876 4329 me

227 4367 321 4421 vir
350 4367 596 4437 quidam
629 4364 844 4432 fidelis,
867 4372 919 4418 et
942 4363 1084 4417 dixit
1113 4362 1259 4417 mihi
1284 4380 1296 4418 :
1323 4362 1468 4429 Quia
1491 4363 1754 4434 quaedam
1784 4363 1877 4418 in-

230 4455 499 4527 dignatio
536 4454 735 4509 oborta
764 4451 1026 4507 estinter
1045 4456 1207 4507 meet
1232 4452 1463 4507 fratrem
1484 4457 1761 4517 meum,et
1781 4451 1879 4508 ille

1974 3297 2067 3344 tus
2091 3306 2171 3357 es,
2192 3288 2271 3341 fili
2296 3287 2407 3354 mi;
2433 3303 2567 3341 nam
2594 3285 2641 3341 si
2668 3285 2935 3340 timorem
2960 3284 3061 3338 Dei
3095 3282 3469 3350 haberemus,
3505 3298 3622 3337 non

1978 3377 2059 3433 ita
2093 3374 2571 3432 fecissemulele
2594 3391 2802 3429 rursus
2825 3370 3623 3441 furens,contumeliisimpe-

1978 3469 2135 3522 tebat
2169 3483 2295 3521 nos.
2330 3465 2706 3535 Rursumque
2739 3462 2883 3517 dixit
2914 3478 3109 3516 senior
3138 3462 3208 3515 ad
3243 3459 3408 3515 illum
3437 3476 3449 3513 :
3474 3459 3625 3514 Vera

1981 3554 2482 3628 prosequeris,tili;
2504 3569 2638 3607 nam
2660 3553 2708 3607 si
2733 3553 2849 3606 veri
2875 3549 3142 3605 monachi
3168 3549 3621 3616 essemus,istud

1981 3663 2094 3700 non
2127 3643 2480 3715 egessimus,
2513 3644 2612 3696 sed
2665 3658 2767 3713 per
2821 3640 3128 3695 Dominum
3160 3638 3402 3708 indulge
3450 3637 3621 3693 nobis

1981 3733 2255 3807 quoniam
2293 3732 2681 3805 peccavimus.
2716 3730 3093 3802 Stupefactus
3114 3744 3250 3799 ergo
3274 3727 3369 3782 ille
3391 3727 3463 3782 ad
3487 3733 3623 3781 tan-

1980 3828 2100 3879 tam
2134 3823 2289 3878 senis
2310 3820 2986 3887 humilitatem,accessit
3007 3816 3623 3889 propius,prostravit-

1982 3929 2094 3983 que
2124 3927 2187 3966 se
2218 3911 2288 3966 ad
2324 3910 2500 3982 pedes
2536 3909 2716 3974 senis,
2751 3907 2953 3963 dicens
2986 3923 2998 3962 :
3036 3904 3292 3977 Peccavi,
3333 3906 3491 3961 934
3539 3904 3630 3959 in-

1983 4001 2155 4073 dulge
2189 3998 2358 4069 mihi,
2391 4004 2448 4054 et
2480 4015 2581 4070 per
2610 3996 2926 4053 Dominum
2960 3996 3248 4051 assumite
3306 4010 3399 4049 me
3440 3992 3629 4049 vobis-

1984 4107 2139 4146 cum.
2179 4090 2527 4159 Dicebatque
2571 4089 2779 4142 beatus
2826 4085 3087 4157 Sergius,
3120 4084 3258 4155 quia
3289 4087 3530 4139 secutus
3556 4081 3635 4138 sit

1985 4180 2118 4237 illos
2150 4180 2428 4246 rusticus,
2462 4181 2519 4233 et
2551 4176 2839 4247 acceperit
2868 4174 3160 4229 habitum.

2553 4282 2792 4338 CAPUT
2824 4283 3063 4337 CCXIX.

1989 4377 2261 4449 Quomodo
2304 4378 2483 4446 frater
2533 4372 2759 4449 quidam
2818 4370 3135 4449 humilitate
3178 4370 3413 4449 diacono
3468 4368 3537 4424 de
3584 4383 3640 4424 se

2395 4441 2751 4515 conquerenti
2779 4441 3105 4498 conciliatus
3134 4444 3225 4497 sit.

235 4563 352 4601 non
390 4543 520 4598 vult
551 4541 913 4598 reconciliari
958 4540 1136 4609 mihi;
1180 4540 1473 4611 alloquere
1496 4541 1685 4611 illum,
1721 4546 1777 4597 et
1807 4543 1877 4596 ad
1914 4562 1957 4625 Ι)
2059 4545 2328 4603 Narravit
2357 4543 2525 4599 nobis
2549 4541 2745 4597 senior
2767 4541 3009 4611 quidam
3035 4541 3105 4596 de
3129 4557 3211 4608 se,
3236 4540 3471 4595 dicens:
3494 4538 3641 4594 Cum

234 4633 782 4691 reconciliationem
813 4629 1135 4685 exhortare.
1174 4631 1334 4694 Quod
1368 4646 1471 4701 ego
1495 4630 1883 4686 libentissime

237 4723 601 4794 suscipiens,
629 4719 873 4777 conveni
894 4720 1133 4775 fratrem
1166 4717 1347 4787 illius,
1378 4717 1721 4789 locutusque
1752 4735 1884 4773 cum

232 4813 339 4869 illo
370 4828 510 4869 sum
542 4828 612 4867 ea
633 4810 845 4882 quaead
870 4809 1217 4864 charitatem
1239 4817 1293 4863 et
1314 4808 1679 4863 concordiam
1705 4809 1888 4880 perti-

232 4920 378 4960 nere
403 4902 781 4957 videbantur.
805 4899 1101 4970 Visusque
1123 4904 1204 4954 esl
1229 4898 1464 4953 interim
1488 4898 1891 4968 obtemperare

234 4991 409 5063 mihi,
445 4990 827 5062 postmodum
852 5005 982 5044 vero
997 4987 1228 5042 dixitad
1248 5003 1368 5043 me:
1392 4987 1768 5043 Reconciliari
1792 5003 1891 5042 ue-

238 5098 420 5153 queo,
446 5079 798 5152 quiajuravi
830 5093 1200 5149 percrucem,
1220 5077 1373 5132 ultra
1394 5076 1479 5130 illi
1504 5093 1616 5131 non
1638 5076 1894 5132 reconci-

242 5171 399 5228 liari.
424 5170 550 5232 Quo
576 5168 800 5238 audito,
824 5167 1137 5223 subridens
1160 5167 1249 5221 aio
1272 5166 1341 5221 ad
1362 5166 1529 5221 illum
1555 5166 1896 5223 :Juramen-

238 5264 369 5314 tum
399 5268 570 5314 tuum
588 5256 765 5313 talem
792 5256 967 5311 habet
986 5258 1125 5322 vim,
1150 5273 1213 5311 ac
1237 5256 1284 5310 si
1310 5254 1559 5311 dixisses
1593 5271 1606 5310 :
1640 5261 1746 5311 Per
1770 5272 1896 5327 pre-

240 5350 465 5405 tiosam
495 5363 729 5404 crucem
756 5352 943 5413 tuam,
969 5346 1215 5412 Christe,
1241 5363 1353 5402 non
1377 5346 1697 5401 observabo
1729 5362 1901 5401 man-

242 5438 386 5492 data
419 5441 546 5501 tua,
569 5436 672 5491 sed
696 5434 921 5488 inimici
941 5434 1025 5489 tui
1047 5434 1263 5489 diaboli
1290 5432 1643 5489 voluntatem
1668 5434 1900 5490 faciam.

244 5526 380 5581 Non
416 5526 610 5581 solum
643 5524 802 5580 enim
857 5540 970 5577 non
1012 5523 1294 5579 debemus
1334 5539 1403 5579 ea
1430 5539 1682 5592 servare,
1713 5540 1840 5594 quae
1872 5540 1905 5579 a

240 5616 429 5671 nobis
445 5614 698 5686 pessime
714 5613 957 5668 definita
971 5612 1314 5680 fuerint,sed
1329 5612 1504 5667 etiam
1526 5612 1778 5668 maxime
1791 5630 1903 5684 pm-

248 5705 567 5762 nitentiam
594 5718 765 5775 agere
785 5706 844 5759 et
863 5701 1044 5774 afﬂigi
1070 5700 1129 5758 in
1151 5701 1241 5759 his
1264 5718 1393 5774 quae
1417 5705 1619 5759 contra
1642 5706 1905 5759 nostram

1993 4636 2307 4708 aliquando
2341 4648 2602 4689 morarer
2632 4632 2703 4687 ad
2736 4631 2907 4686 breve
2930 4635 3164 4701 tempus
3197 4630 3255 4685 in
3288 4628 3645 4685 monasterio

1997 4725 2225 4783 abbatis
2279 4722 2586 4787 Gerasimi,
2627 4720 2915 4775 habebam
2966 4721 3282 4790 quemdam
3329 4718 3475 4773 mibi
3523 4734 3646 4773 ma-

1997 4818 2153 4872 xime
2182 4814 2465 4871 dilectum
2516 4814 2755 4866 fratrem
2802 4812 2860 4864 in
2911 4810 3320 4865 contubernio.
3373 4810 3473 4864 Die
3516 4824 3651 4863 vero

2001 4907 2255 4979 quadam
2288 4901 2629 4959 sedentibus
2658 4900 2848 4970 nobis,
2872 4904 2928 4955 et
2953 4900 3023 4955 de
3055 4900 3312 4955 utilitate
3343 4900 3550 4954 animae
3572 4896 3653 4953 lo—

2003 4995 2340 5066 quentibus,
2396 4990 2753 5048 mentionem
2788 4989 2894 5045 feci
2939 5004 3044 5061 ego
3093 4991 3161 5045 de
3210 5005 3481 5045 sermone
3510 5003 3655 5059 quo-

2006 5086 2139 5140 dam
2184 5081 2411 5138 abbatis
2464 5080 2773 5135 Pceznenis.
2805 5078 2912 5143 Qui
2948 5078 3029 5133 ait
3061 5079 3130 5135 ad
3165 5094 3257 5133 me
3294 5095 3305 5132 :
3342 5078 3458 5148 Ego
3490 5092 3657 5149 expe-

2008 5174 2257 5229 rimento
2291 5169 2467 5225 didici
2501 5168 2808 5223 verborum
2848 5167 3095 5223 istorum
3126 5173 3249 5222 va
3282 5174 3335 5223 et
3366 5163 3657 5238 tranquil-

2008 5263 2259 5327 litatem,
2294 5276 2359 5315 ac
2389 5259 2792 5314 vehementem
2825 5257 3144 5313 efficaciam
3179 5256 3438 5312 illorum.
3475 5253 3658 5310 Habui

2010 5351 2166 5407 enim
2200 5347 2380 5404 semel
2412 5348 2721 5403 diaconum
2754 5347 3071 5417 quemdam
3122 5344 3461 5402 monasterii
3515 5341 3661 5399 mihi

2012 5438 2455 5505 charissimam,
2490 5441 2666 5507 atque
2697 5434 3175 5492 amantissimum
3202 5435 3339 5492 mei.
3366 5433 3533 5500 Huic,
3560 5446 3659 5487 ne-

2012 5530 2132 5586 scio
2166 5528 2318 5583 unde
2350 5526 2508 5583 venit
2538 5524 2799 5596 suspicio
2832 5526 2902 5581 de
2935 5542 3027 5581 me
3058 5525 3369 5595 cujusdam
3422 5521 3502 5577 rei
3548 5516 3661 5573 sibi

2014 5618 2322 5675 inferentis
2354 5631 2686 5682 maerorem,
2738 5613 3030 5686 cmpitque
3060 5611 3417 5679 constritari,
3466 5612 3522 5664 et
3568 5622 3665 5662 me

2016 5725 2132 5765 non
2195 5712 2260 5764 ut
2314 5705 2540 5763 solebat
2587 5702 2824 5761 intueri.
2876 5703 3099 5759 Videns
3130 5704 3328 5757 autem
3355 5712 3460 5768 ego
3492 5694 3664 5752 illum
