3986 6168
456 342 563 397 239

1644 340 1740 392 DE
1776 340 1966 394 VITIS
2001 340 2301 394 PRATUM
2338 339 2552 393 LIBER
2589 340 2663 394 X.

3714 350 3810 403 240

457 469 709 535 tristem,
752 480 992 520 causam
1025 462 1096 519 ab
1144 478 1209 518 eo
1259 461 1509 517 tristitiae
1571 462 1899 534 percontari
1934 464 2099 533 coepi.
2136 478 2189 540 Α
2222 462 2329 519 Ubi
2350 468 2636 535 suntquae
2656 463 2843 520 fecisti
2871 464 3015 530 beri,
3039 464 3128 520 vel
3155 465 3672 533 nudiustertius,vel
3692 478 3808 529 ante

453 545 568 623 Qui
601 554 747 610 dixit
782 554 928 609 mihi
960 571 972 607 :
1005 552 1147 618 Quia
1194 567 1316 607 rem
1369 552 1543 607 istam
1579 551 1791 607 fecisti.
1827 553 1941 623 Ego
1974 569 2107 607 cum

460 644 607 701 nihil
642 645 781 699 mihi
816 642 1054 698 omnino
1086 641 1274 714 ipsius
1307 642 1389 696 rei
1424 640 1697 697 conscius
1730 642 2108 712 essem,ccspi

459 734 544 790 illi
585 734 943 797 satisfacere,
999 748 1063 786 ac
1113 731 1337 786 discere
1405 729 1629 785 nullam
1680 728 1870 801 ipsius
1904 730 1983 784 rei
2020 746 2109 785 me

460 823 677 879 habere
727 820 1173 877 conscientiam.
1216 818 1281 874 Et
1328 818 1409 874 ait
1458 818 1601 873 mihi
1636 837 1647 873 :
1684 822 1945 889 Ignosce,
2004 820 2111 873 fra-

458 918 566 982 ter,
602 910 744 966 mihi
779 909 1148 966 satisfactum
1181 925 1297 963 non
1330 912 1438 962 est.
1473 908 1773 962 Profectus
1807 908 2004 977 itaque
2037 908 2109 962 ab

456 1000 556 1056 illo
589 1001 647 1055 in
681 998 951 1056 cellulam
986 1014 1177 1053 meam
1211 998 1357 1067 coepi
1390 996 1726 1052 examinare
1758 1013 1854 1052 cor
1888 1013 2107 1063 meum,

457 1107 531 1146 an
563 1088 679 1145 tale
712 1088 935 1159 aliquid
969 1104 1002 1143 a
1033 1105 1125 1142 me
1158 1086 1365 1142 fuisset
1414 1086 1763 1155 admissum,
1799 1102 1983 1156 neque
2014 1084 2110 1140 in-

351 1229 362 1239 .
456 1180 787 1235 veniebam.
821 1181 961 1232 Cum
995 1193 1133 1248 ergo
1165 1174 1260 1230 ille
1292 1181 1512 1230 teneret
1544 1180 1815 1229 sanctum
1864 1174 2105 1230 calicem

460 1268 521 1323 in
558 1267 856 1337 manibus,
888 1264 1292 1335 fratribusque
1344 1264 1745 1333 distribueret,
1779 1265 1997 1319 accessi
2034 1264 2105 1318 ad

456 1375 591 1413 eum
616 1356 813 1429 juravi
846 1372 949 1428 per
978 1356 1177 1427 ipsum
1218 1353 1482 1420 calicem,
1534 1352 1677 1408 nihil
1725 1369 1817 1407 me
1865 1353 2106 1407 omnino

455 1449 572 1503 tale
602 1447 877 1519 gessisse.
939 1444 1056 1501 Nec
1113 1442 1408 1514 siquidem
1459 1441 1544 1497 illi
1598 1441 1964 1497 satisfactum
1995 1447 2103 1496 est.

458 1537 685 1592 Rursus
714 1552 848 1591 vero
882 1534 941 1589 in
975 1550 1068 1588 me
1098 1532 1293 1604 ipsum
1345 1531 1599 1596 rediens,
1651 1531 1943 1601 verbaque
1992 1531 2108 1586 ista

454 1629 794 1681 sanctorum
829 1628 1068 1680 Patrum
1103 1620 1390 1677 memoria
1422 1626 1715 1691 repetens,
1748 1619 1948 1691 eisque
1978 1636 2107 1674 ere--

451 1716 617 1786 dens,
652 1714 796 1770 verti
830 1712 1128 1785 paulisper
1176 1710 1591 1782 cogitationem
1644 1724 1859 1775 meam,
1902 1713 1959 1763 et
1987 1708 2107 1763 dixi

452 1804 512 1859 in
547 1821 639 1859 me
671 1804 797 1876 ipso
829 1821 841 1859 :
877 1801 1171 1857 Diaconus
1204 1800 1313 1855 iste
1347 1798 1744 1855 intentissime
1776 1798 1969 1868 diligit
1992 1814 2105 1864 me,

452 1898 509 1949 et
540 1893 825 1948 charitate
886 1895 1081 1947 motus
1136 1889 1246 1944 hoc
1297 1889 1443 1943 dixit
1493 1887 1663 1955 mihi,
1698 1887 1851 1958 quod
1886 1892 2012 1942 erat
2042 1887 2099 1941 in

453 1980 627 2035 corde
659 1994 765 2034 suo
808 1980 878 2033 de
925 1993 1038 2045 me,
1083 1982 1150 2031 ut
1197 1975 1432 2032 sobrius
1486 1992 1551 2030 ac
1599 1974 1848 2045 vigilans
1880 1975 2016 2046 sim,
2046 1981 2104 2030 et

454 2071 525 2124 de
556 2072 761 2125 caetero
794 2067 1118 2123 custodiam
1154 2082 1248 2122 me
1277 2065 1495 2137 ipsum,
1529 2071 1586 2120 et
1611 2064 1767 2120 istud
1806 2064 1957 2119 ultra
1988 2081 2101 2119 non

457 2159 671 2214 faciam
702 2175 715 2214 :
749 2159 850 2214 sei
880 2163 964 2225 tu,
999 2155 1196 2211 infelix
1221 2155 1438 2222 anima,
1472 2155 1614 2209 dum
1647 2154 1815 2221 dicis,
1848 2152 1973 2208 Non
1997 2154 2105 2209 feci

453 2248 605 2303 hanc
656 2264 800 2313 rem,
843 2244 1359 2316 innumeragmala
1406 2244 1669 2314 gessisti,
1722 2250 1777 2298 et
1819 2242 2001 2297 latent
2028 2249 2103 2297 te.

2132 1845 2180 1911 Β

2218 553 2415 607 decem
2448 554 2609 607 dies?
2636 555 2822 608 recole
2856 570 2925 608 ea
2960 553 3011 608 si
3054 559 3235 624 potes.
3289 559 3352 608 Et
3393 554 3497 609 hoc
3534 557 3714 627 itaque
3741 560 3809 614 fe-

2218 642 2371 706 cisti,
2404 642 2554 697 sicut
2602 647 2660 697 et
2705 642 2824 707 illa,
2865 643 3006 698 latet
3061 649 3117 698 te
3174 642 3443 699 similiter
3484 649 3543 699 ut
3585 645 3694 701 illa.
3732 648 3813 703 Sic

2216 730 2416 800 itaque
2446 729 2643 786 animo
2673 731 2937 795 affectus,
2994 732 3164 802 quasi
3224 748 3422 787 revera
3467 733 3519 787 id
3553 734 3813 801 fecissem,

2216 820 2314 874 sed
2350 817 2502 874 inter
2531 826 2735 875 caetera
2792 819 3011 875 oblitus
3068 836 3259 876 essem
3310 821 3452 892 coepi
3498 822 3700 892 gratias
3736 840 3818 880 re-

2215 908 2364 963 ferre
2400 914 2507 963 Deo
2547 916 2603 963 et
2654 909 2919 975 diacono,
2970 910 3245 980 quoniam
3305 926 3404 979 per
3431 910 3611 981 ipsum
3642 913 3817 967 Domi-

2216 1014 2325 1051 nus
2374 999 2624 1069 dignum
2669 1014 2761 1053 me
2813 999 3046 1054 fecisset
3098 1014 3503 1067 recognoscere
3545 1006 3818 1071 peccatum

2214 1102 2436 1155 meum,
2461 1092 2516 1142 et
2538 1086 2940 1158 pcenitentiam
2957 1088 3027 1142 de
3049 1087 3175 1158 ipso
3190 1103 3377 1158 agere.
3402 1087 3644 1159 Surgens
3664 1088 3821 1161 igitur

2214 1175 2437 1247 perrexi
2469 1178 2541 1231 ad
2565 1176 2877 1231 diaconum
2903 1182 2965 1231 ut
2989 1176 3390 1248 paenitentiam
3416 1193 3658 1248 agerem.
3676 1178 3820 1233 etilli

2214 1265 2481 1319 referrem
2514 1264 2756 1336 gratias.
2797 1265 2865 1321 Ut
2895 1280 3031 1337 ergo
3074 1264 3302 1335 pulsavi
3350 1264 3533 1335 ipsius
3574 1266 3817 1335 jannam,

2214 1354 2493 1408 continuo
2525 1352 2813 1424 aperiens,
2850 1353 3076 1424 primus
3108 1369 3171 1408 se
3202 1353 3368 1420 mihi,
3404 1353 3718 1424 prostravit,
3746 1355 3822 1408 di-

2215 1458 2391 1498 cens:
2427 1442 2665 1513 Ignosce
2696 1442 2861 1507 mihi,
2887 1458 3022 1496 nam
3054 1459 3087 1497 a
3133 1443 3422 1497 daemonio
3455 1442 3594 1496 mihi
3633 1458 3820 1513 sugge-

2215 1538 2371 1586 stum
2432 1537 2539 1599 est,
2601 1535 2665 1585 ut
2723 1547 2844 1585 rem
2897 1530 3059 1585 illam
3134 1532 3280 1586 falso
3338 1532 3406 1586 de
3471 1536 3523 1584 te
3578 1531 3823 1601 suspica-

2214 1636 2327 1675 rer.
2363 1623 2425 1676 In
2460 1620 2698 1675 veritate
2723 1621 2878 1674 enim
2911 1619 3066 1675 Deus
3098 1636 3190 1675 me
3222 1625 3444 1675 certum
3475 1619 3717 1674 reddidit
3746 1618 3824 1673 in-

2214 1709 2497 1765 nocentiae
2541 1714 2656 1763 tuas
2719 1724 2911 1779 neque
2959 1708 3200 1764 omnino
3251 1707 3515 1780 permisit
3552 1714 3613 1763 ut
3642 1708 3718 1762 illi
3745 1725 3825 1761 sa-

2214 1797 2565 1866 tisfacerem,
2616 1798 2819 1852 dicens
2877 1797 3219 1853 mihi:Non
3276 1803 3367 1852 est
3421 1813 3666 1852 necesse.
3720 1796 3823 1867 Ego

2211 1887 2390 1959 igitur
2442 1886 2694 1942 maxime
2745 1886 3085 1952 adificatas,
3135 1886 3451 1957 glorificavi
3499 1890 3738 1953 Patrem,
3777 1890 3826 1939 et

2216 1977 2454 2042 Filium,
2481 1980 2538 2031 et
2570 1976 3166 2047 Spiritum,sanctum
3197 1974 3730 2030 incommutabilem
3750 1977 3821 2028 at-

2217 2081 2328 2137 que
2358 2065 2721 2119 individuam
2751 2064 3117 2131 Trinitatem,
3147 2064 3241 2119 cui
3271 2068 3361 2119 est
3393 2063 3558 2130 honr,
3590 2068 3642 2117 et
3672 2064 3828 2132 impe-

2217 2155 2393 2222 rium,
2426 2159 2481 2209 et
2514 2154 2972 2226 magniﬁcentia,
3003 2157 3061 2209 et
3107 2152 3295 2225 gloria
3346 2153 3402 2208 in
3434 2151 3639 2208 saecula
3667 2167 3827 2206 saecu-

2218 2242 2429 2298 lorum.
2462 2244 2667 2298 Amen.

1790 2340 2165 2396 ROSWEYDI
2206 2340 2543 2397 ΝΟΤΑΤΙΟ.

524 2434 602 2506 (1)
633 2432 847 2506 Nudam
898 2448 1020 2487 eam
1081 2434 1266 2506 sancto
1317 2431 1430 2506 oleo
1482 2432 1805 2506 inungere,]
1837 2429 2105 2506 Obtinuit

454 2501 593 2561 olim
622 2512 743 2560 tam
786 2505 940 2558 viros
978 2520 1153 2574 quam
1216 2503 1469 2574 feminas
1520 2505 1707 2574 nudas
1757 2501 2101 2574 corporibus

452 2576 767 2646 baptizare,
804 2572 1009 2646 itaque
1035 2576 1338 2645 inungere.
1369 2572 1982 2646 VideOnomastieon.

547 2650 602 2719 2)
634 2645 981 2716 Saracenos]
1014 2647 1093 2701 De
1132 2645 1435 2700 monachis
1458 2662 1487 2719 ᾳ
1512 2645 1818 2719 §aracenis
1859 2645 2095 2719 interfe-

455 2716 562 2775 ctis
585 2716 1055 2788 Martyrologium
1074 2721 1401 2771 Romanum
1431 2716 1494 2769 19
1517 2716 1847 2788 Februarii:
1877 2739 1901 2763 ‹‹
1924 2717 1981 2770 In
2008 2721 2100 2769 Pa-

455 2792 682 2846 laastina
704 2786 1184 2845 commemoratio
1209 2793 1545 2843 sanctorum
1571 2786 2013 2847 monachorum.
2045 2793 2103 2841 et

454 2863 701 2919 aliorum
736 2866 1085 2932 martyrum,
1111 2860 1217 2932 qui
1250 2878 1281 2914 a
1316 2859 1646 2932 Sarracenis
1668 2860 1777 2913 sub
1799 2860 1945 2932 duce
1966 2858 2100 2913 Ala-

455 2936 747 2989 mundaro
778 2933 850 2987 ob
882 2929 1057 2987 fidem
1089 2929 1304 2986 Christi
1345 2930 1668 2986 savissime
1709 2929 1837 2984 caesi
1873 2935 2032 2985 sunt.
2069 2952 2097 2979 ››

454 3005 563 3061 Ubi
587 3004 874 3061 Baronius
898 3008 1057 3059 notat
1081 3003 1295 3058 Iisdem
1335 3002 1465 3057 caesi
1491 3007 1631 3055 sunt
1662 3002 1717 3054 hi
1760 3008 2100 3056 Sarraceno-

456 3076 1317 3144 rumincursionibns,quarum
1338 3074 1555 3128 mentio
1579 3074 1896 3127 habeturin
1926 3076 2100 3128 rebus

457 3150 642 3219 gestis
666 3150 852 3203 sancti
874 3148 1121 3219 Joannis
1149 3145 1492 3219 Silentiarii,
1535 3162 1682 3219 qnas
1721 3145 1896 3219 refert
1926 3145 2097 3219 Meta-

455 3216 727 3292 phrastes
769 3219 860 3273 die
898 3220 958 3273 l3
992 3218 1147 3292 Maii,
1178 3217 1437 3292 itemque
1470 3219 1527 3270 in
1550 3216 1681 3292 Vita
1712 3216 1900 3292 sancti
1933 3217 2091 3292 Saba:

455 3288 682 3348 abbatis
706 3292 856 3363 apud
883 3289 1284 3363 eumdemrdic
1312 3291 1346 3363 5
1377 3288 1833 3363 D‘ecembris,gac
1867 3288 1923 3342 in
1942 3289 2100 3363 Actis

454 3364 628 3418 etiam
673 3359 861 3417 sancti
904 3361 1196 3432 Euthymii
1239 3360 1490 3432 abbatis,
1536 3375 1662 3428 quae
1703 3359 1852 3413 idem
1899 3361 2101 3413 recitat

454 3436 548 3490 die
578 3437 647 3488 20
676 3434 962 3489 Januarii.
996 3431 1391 3487 Censentiunt
1424 3431 1629 3483 iisdem
1659 3446 1783 3498 qua;
1809 3431 2103 3485 habentur

452 3507 515 3561 in
549 3507 718 3560 Prato
750 3503 1063 3575 spirituali,
1095 3519 1221 3571 Cap.
1271 3504 1334 3556 21
1392 3506 1447 3554 et
1488 3502 1576 3553 99.
1610 3500 1743 3575 tina
1778 3503 2100 3571 eademque

455 3572 799 3647 persecutio
824 3577 1278 3647 sarracenorum
1332 3576 1566 3627 sanctos
1598 3572 1747 3647 935
1786 3575 2100 3647 monachos

455 3643 820 3718 diversisque
845 3646 1052 3718 diebus
1093 3643 1326 3718 occidit,
1361 3649 1425 3697 ut
1460 3661 1572 3696 non
1601 3643 1836 3718 mireris
1868 3645 1915 3698 si
1951 3645 2097 3700 infe-

456 3720 579 3773 rius
609 3718 678 3772 de
710 3715 1016 3771 monachis
1046 3716 1211 3770 caesis
1236 3732 1267 3769 a
1308 3715 1646 3768 Sarracenis
1682 3730 1833 3785 saepe
1870 3720 2097 3788 agatur.

455 3790 749 3844 Hactenus
778 3788 1083 3842 Baronins.

530 3861 605 3931 (3)
640 3861 719 3913 Ex
747 3857 1138 3927 scholaribus.]
1174 3858 1231 3932 in
1260 3856 1450 3932 Cresco
1480 3860 1590 3932 est,
1619 3854 2096 3932 citri-)Agxolapimv.

456 3928 737 3987 He‘rvetus
770 3936 983 3986 veteral
1041 3929 1420 3985 scholasticus.
1481 3928 1559 3981 Ex
1620 3928 1839 3983 militiae
1895 3928 2100 3986 ordine

458 4003 755 4060 scholares
784 4005 943 4058 sunt.
977 4001 1120 4055 Vide
1150 3998 1589 4055 Onomasticon.

530 4075 601 4146 (4)
632 4075 797 4130 Verba
825 4083 1026 4128 sanctae
1054 4071 1405 4146 oblationis]
1423 4071 1592 4146 Infra.
1618 4087 1744 4141 cap.
1771 4071 1891 4137 196,
1919 4071 2099 4129 habes

456 4142 596 4202 item
625 4148 799 4202 verba
823 4144 1136 4201 oblationis
1158 4162 1185 4197 a
1214 4142 1721 4213 puero’prolata,et
1744 4160 1953 4213 panem
1983 4162 2100 4199 una

456 4236 590 4274 cum
625 4235 783 4286 saxo,
816 4218 970 4289 quod
1001 4233 1102 4287 pro
1150 4214 1319 4289 altari
1350 4218 1494 4279 erat,
1528 4214 1673 4289 igne
1706 4214 1927 4269 caelesti
1958 4232 2098 4289 cogn-

455 4294 762 4372 sumptum
787 4306 819 4372 ,χ
839 4286 1013 4372 quod
1037 4286 1365 4372 reverentiae
1423 4302 1613 4372 causa.
1653 4286 1870 4340 factum
1904 4287 2096 4372 credo,

459 4380 531 4416 ne
562 4356 829 4416 videlicet
856 4356 993 4415 'tam
1054 4362 1324 4414 sanctum
1377 4356 1721 4428 mysterium
1773 4358 2100 4428 puerilibus

461 4432 706 4487 ludicris
734 4434 1138 4500 exponeretur.

525 4505 597 4573 (5)
630 4498 900 4572 Babylée.)
929 4502 996 4556 Ut
1031 4501 1124 4556 hic
1170 4498 1473 4573 ecclesiam
1517 4498 1868 4573 ingrediens,
1896 4502 2095 4555 audita

449 4570 692 4628 fortuita
746 4570 1035 4641 Evangelii
1086 4570 1375 4626 sententia
1408 4572 1476 4642 ad
1512 4570 1807 4625 meliorem
1861 4573 2091 4642 frugem

449 4646 826 4711 convertitur,
860 4644 1016 4698 idem
1052 4643 1347 4711 plurimus
1373 4641 1505 4696 aliis
1535 4641 1797 4711 contigit.
1834 4641 2089 4698 Vide’di-

450 4723 543 4770 cta
574 4718 641 4770 ad
674 4716 866 4769 Vitam
902 4716 1088 4769 sancti
1122 4713 1357 4767 Antonii
1393 4726 1520 4783 cap.
1553 4714 1585 4764 2
1617 4728 1673 4765 n.
1705 4713 1756 4765 9.

524 4788 598 4857 (6)
634 4786 811 4858 Elige]
850 4789 921 4841 [)e
955 4786 1076 4858 Elia
1103 4786 1163 4858 in
1199 4784 1466 4838 exsilium
1510 4783 1691 4858 misse
1714 4788 1903 4858 exstat
1934 4802 2091 4858 men-

452 4854 609 4914 tio-in
643 4858 775 4913 Vita
796 4854 995 4912 'sancti
1023 4856 1205 4919 Saliis,
1242 4862 1470 4909 auctore
1502 4854 1735 4925 Cyrillo,
1757 4857 1792 4908 5
1818 4856 2089 4911 Decemb.

450 4928 595 4984 Vide
628 4930 956 4991 Baronium,
982 4935 1135 4982 tome
1165 4927 1445 4999 Vl,_anno
1485 4924 1696 4999 Christi
1745 4927 1871 4999 5l3,
1908 4934 2091 4999 Sym-

454 5001 646 5056 machi
680 5016 863 5071 papae,
895 5001 960 5053 15
993 4997 1290 5053 Anastasii
1328 4997 1470 5067 imp.
1530 4998 1625 5065 23,
1657 5002 1714 5051 et
1743 4997 2085 5055 Theodorici

450 5073 603 5128 regis
624 5074 684 5127 2t
700 5114 713 5126 .

516 5089 847 5209 ἑδιῗέᾶθνθτο
880 5142 971 5196 hic
1005 5141 1271 5204 habetur,
1298 5144 1416 5209 post
1437 5144 1569 5193 duos
1600 5138 1732 5204 dies,
1771 5146 1964 5195 monet
1987 5143 2091 5197 Ba-

450 5216 653 5270 ronins
684 5222 838 5269 tome
880 5215 1109 5279 eodem,
1162 5228 1311 5266 anno
1359 5210 1572 5267 Christi
1605 5211 1728 5273 518,
1770 5211 2091 5267 Hormisdm

449 5303 610 5365 papa:
640 5288 695 5365 _5,
731 5284 1017 5365 Anastasii
1069 5284 1212 5363 imp.
1419 5282 1969 5365 Theodoriciuregis
1998 5286 2090 5351 26,

444 5351 614 5422 duos,
644 5357 939 5427 inquiens,
958 5351 1240 5427 nimirum
1263 5354 1387 5409 dies
1412 5371 1443 5407 a
1466 5352 1702 5427 scriptis
1721 5351 1958 5427 litteris,
1977 5374 2092 5411 non

453 5436 649 5486 autem
672 5425 745 5483 ab
764 5427 925 5483 obitu
945 5425 1240 5481 Anastasii
1260 5425 1680 5480 numerandos.
1711 5425 1876 5479 Certe
1899 5426 1956 5480 in
1972 5429 2095 5483 Vita

441 5498 1075 5570 sanctiSabaaaCyrillo
1096 5497 1378 5552 monacho
1411 5496 1762 5570 conscripta,
1794 5498 1828 5549 5
1864 5503 2094 5555 Decem-

444 5572 588 5637 bris,
631 5571 782 5626 Elias
826 5566 952 5641 ipse
1001 5586 1069 5623 ex
1106 5570 1329 5641 visione
1352 5573 1408 5623 et
1432 5566 1783 5622 revelatione
1807 5575 2003 5624 narrat
2035 5588 2095 5626 se

441 5644 669 5700 decimo
685 5640 1157 5698 dieAnastasium
1174 5657 1240 5694 ea
1255 5640 1395 5695 hora
1412 5645 1709 5694 mortuum
1726 5644 2093 5697 secuturum.

511 5716 592 5789 (7)
620 5716 992 5774 Accendamu:
1022 5712 1253 5783 ignem]
1272 5712 1570 5783 Frequens
1588 5726 1657 5767 ea
1678 5710 1737 5765 in
1762 5726 1941 5769 causa
1964 5714 2095 5772 ﬁdei

2212 2430 2281 2485 ad
2317 2430 2511 2501 ignem
2537 2430 2889 2501 provocatio.
2918 2429 3192 2501 Exempla
3224 2429 3452 2501 aliquot
3479 2427 3758 2501 congessit
3779 2428 3827 2482 in

2211 2500 2509 2556 dissertat.
2542 2500 2616 2556 de
2646 2502 2781 2556 Fide
2813 2500 3113 2557 haereticis,
3136 2500 3428 2557 servanda
3459 2518 3586 2569 cap.
3620 2500 3697 2554 12.

2282 2575 2356 2645 (8)
2394 2572 2716 2644 Anastasii.]
2747 2574 3051 2639 Baronius,
3087 2579 3245 2645 tome
3292 2573 3389 2641 Vl,
3440 2567 3591 2629 anno
3642 2567 3831 2645 Christi

2211 2638 2580 2711 495,'Celasii
2620 2638 2779 2716 papas
2813 2646 2863 2712 ’i,
2897 2638 3189 2699 AnaStasii
3236 2638 3384 2716 imp.
3429 2647 3483 2710 5,
3510 2638 3829 2716 Theoderici

2211 2717 2365 2786 regis
2382 2718 2436 2784 3,
2461 2720 2581 2786 agit
2601 2720 2673 2770 de
2697 2715 3014 2782 Euphemio
3032 2718 3086 2770 in
3108 2715 3355 2771 exsilum
3389 2717 3568 2771 misso
3588 2715 3655 2769 ab
3676 2715 3833 2786 Anas-

2210 2783 2381 2853 tasio;
2424 2783 2576 2843 anno
2599 2805 2734 2843 vero
2774 2788 2989 2843 Christi
3018 2790 3146 2851 511,
3177 2788 3513 2858 Symmachi
3558 2803 3707 2857 papae
3755 2783 3827 2858 t3.

2208 2858 2658 2929 Anastasiiimp.
2684 2860 2773 2923 21,
2796 2859 3139 2915 Theodorici
3178 2856 3331 2930 regis
3377 2861 3462 2927 19,
3498 2856 3829 2914 deMacedo-

2210 2931 2305 2985 nio
2336 2931 2393 2984 in
2420 2930 2687 2985 exsilium
2722 2932 2793 2985 ab
2822 2932 3025 2986 eodem
3057 2932 3369 2985 Anastasio
3404 2930 3594 3002 pulso.

2281 3002 2539 3074 anehic
2570 3002 2750 3057 habes
2783 3003 2853 3056 de
2884 3002 3293 3074 quatunrdccim
3333 2996 3562 3063 deletis,
3596 2996 3830 3074 intellige

2210 3074 2278 3141 de
2307 3073 2498 3141 annis.
2522 3075 2796 3137 Zonaras,
2818 3067 2976 3129 temo
3010 3075 3105 3141 Ill,
3130 3074 3184 3127 in
3206 3075 3519 3129 Anastasio
3550 3090 3561 3127 :
3588 3067 3829 3141 Καέαὖρις

2208 3140 2332 3219 ὄναρ
2366 3140 2497 3219 ἷᾷεἷν
2530 3145 2743 3219 Λέγεται
2833 3132 3332 3219 βασιλείξςῖκεῖνος,
3358 3142 3526 3218 ἄνδρα
3546 3141 3670 3219 τινόε
3690 3132 3831 3219 page:

2210 3207 2326 3289 pov',
2349 3212 2517 3285 τόμον
2538 3207 2858 3289 καξὲχοντοί,
2881 3217 2970 3289 xui
2988 3212 3215 3289 λέγοντα
3236 3207 3373 3288 πρὸς
3395 3207 3588 3289 adadv:
3603 3207 3735 3268 Ἰδόὺ
3755 3207 3830 3263 διὰ

2208 3284 2307 3354 stipi
2327 3284 2821 3364 naxontmiav'cou,
2846 3284 3129 3364 ἆπαλείςρω
3151 3290 3248 3353 τῆς
3274 3284 3422 3355 ζωῆς
3446 3308 3541 3341 σου
3565 3284 3654 3355 ἔτη
3670 3300 3830 3338 tacea-

2211 3356 2525 3432 ρεσκαίδεκα
2552 3378 2564 3414 :
2604 3382 2626 3411 α
2649 3356 2848 3417 Denuo
2894 3356 3284 3417 aliud'vidisse
3307 3362 3602 3415 somnium
3628 3370 3829 3413 memo-

2212 3438 2373 3486 ratur
2401 3449 2517 3498 rex,
2551 3433 2739 3486 virum
2774 3434 3115 3497 terribilem,
3143 3432 3241 3503 qni
3274 3432 3497 3488 librum
3533 3446 3703 3503 manu
3725 3441 3836 3497 ges-

2210 3509 2359 3558 taret
2388 3509 2443 3557 et
2473 3504 2690 3558 diceret
2723 3522 2734 3558 :
2770 3510 2908 3558 Ecce
2955 3506 3028 3558 ob
3068 3501 3513 3575 perversitatem
3557 3501 3681 3556 fidei
3713 3507 3831 3561 tuae,

2211 3593 2396 3629 annos
2429 3592 2515 3629 xiv
2551 3576 2677 3628 vitm
2708 3577 2839 3629 dum
2871 3575 3055 3630 deleo.
3090 3598 3117 3623 ››
3150 3576 3293 3629 Vide
3325 3575 3664 3638 Baronium,
3694 3576 3831 3625 torno

2210 3647 2302 3727 Ὃ,
2337 3663 2490 3749 εὶιίἾο
2522 3646 3248 3749 ςὴὲἱὲὶίφῗιϐἎΗρτξηίεάξς)
3281 3663 3445 3749 papae
3477 3648 3532 3716 5,
3562 3638 3830 3700 Anastasii

2210 3719 2580 3786 imperatoris
2610 3720 2698 3782 28,
2728 3719 3062 3773 Theodorici
3098 3719 3252 3789 regis
3281 3720 3371 3773 26.

2210 3856 2224 3862 Α
2280 3790 2356 3859 (9)
2388 3789 2723 3862 illinatornm
2754 3790 2999 3862 viginti]
3035 3790 3313 3862 Existimo
3346 3789 3408 3843 in
3441 3788 3636 3862 Graeco
3670 3784 3831 3862 fuisse

2210 3856 2421 3935 ima...
2458 3860 2539 3915 vel
2574 3856 3161 3935 co).eaiv,'nam'deest
3191 3861 3284 3915 hic
3318 3863 3501 3935 nobis
3517 3859 3617 3935 ille
3638 3860 3828 3935 textus.

2210 3934 2386 3999 Infra,
2416 3948 2542 4003 cap.
2582 3924 2681 3987 134
2713 3950 2724 3986 :
2755 3924 3268 4004 «Accipiebatque
3300 3932 3707 4001 quotidianum
3739 3924 3835 3980 sti-

2210 4004 2488 4077 pendium
2524 4021 2728 4077 novem
2765 4004 3006 4060 minuta.
3043 4003 3184 4077 Vide
3214 4003 3653 4077 Onomasticon.
3752 4064 3785 4077 η

2279 4075 2394 4145 (10)
2420 4076 2480 4129 Et
2502 4075 2566 4131 de
2585 4077 2958 4145 adoratz'one.]
2980 4076 3235 4147 Septima
3257 4076 3523 4147 synodus
3546 4065 3836 4147 generalis,

2210 4140 2333 4214 qua:
2358 4140 2444 4201 est
2477 4148 2734 4201 secunda
2769 4140 3016 4214 Nicena,
3052 4140 3341 4202 actione'li
3373 4152 3433 4202 et.
3462 4147 3498 4199 5
3527 4140 3835 4212 exemplum

2210 4219 2317 4272 hoc
2349 4235 2417 4272 ex
2449 4218 2555 4273 hoc
2589 4220 2736 4273 libro
2769 4219 2962 4273 Graece
2994 4219 3154 4273 citat.

2279 4291 2397 4362 (11)
2423 4289 2666 4362 Lictores
2693 4290 2790 4361 qui
2816 4290 3155 4359 assz'tebant.]
3199 4293 3391 4345 Graece
3437 4275 3843 4362 cepa-(valiant.

2213 4348 2493 4440 Iniell'igit
2522 4348 2971 4440 lictoresducis.
3004 4348 3285 4440 Hervetus
3312 4348 3629 4429 veterane!
3671 4350 3841 4413 caueri

2208 4435 2304 4504 qui
2334 4433 2683 4487 assistebant.
2719 4434 2859 4489 Vide
2891 4433 3283 4488 Onomastico.

2282 4505 2390 4569 (t2)
2440 4504 2501 4559 Ut
2530 4505 2956 4578 renonum/222.]
2994 4505 3382 4578 HoeHerveto
3405 4506 3635 4578 deerat.
3668 4501 3841 4578 Appo-

2203 4575 2381 4649 situm
2417 4577 2729 4649 ex_Grazco,
2770 4577 2825 4631 in
2856 4594 2969 4647 quo
3000 4574 3363 4649 κανόναρχος,
3402 4576 3458 4629 id
3496 4574 3736 4649 es_t,_qui
3765 4582 3842 4621 ca-

2204 4647 2338 4700 noni
2367 4646 2743 4726 psalmorum
2780 4640 3213 4704 cantandoruni
3239 4640 3469 4717 praeest.
3527 4640 3671 4700 Vide
3701 4640 3837 4694 Ono-

2203 4726 2515 4772 masticon.

2268 4790 2379 4859 (13)
2414 4789 2612 4845 Senum
2644 4793 2841 4861 gesta]
2894 4794 2954 4845 In
3006 4792 3199 4844 Graece
3230 4794 3317 4844 est
3354 4782 3573 4861 βιϐλίον
3610 4790 3839 4861 ιξεροντι·

2200 4856 2315 4911 κάν.
2347 4856 2431 4934 ita
2468 4856 2766 4934 liberi—ille
2815 4856 3243 4934 appellabatur.
3280 4856 3362 4915 Ex'
3398 4856 3837 4934 Geronti09_m§-

2202 4933 2467 4999 quaedam
2490 4933 2659 4987 vertit
2690 4926 2945 4989 Raderus
2971 4939 3166 4987 noster
3198 4940 3437 5004 partem
3458 4926 3839 5004 Viridariisui.

2202 5004 2293 5057 Sic
2330 5005 2494 5058 Verba
2524 5004 2818 5059 Sem’orum
2849 4999 3342 5074 dicebantur-quae
3369 5008 3573 5057 Patres
3598 4999 3681 5054 illi
3711 4999 3841 5051 scite

2204 5075 2595 5146 proferebant.
2630 5076 2767 5131 Vide
2798 5078 3208 5147 prolegomene
3241 5074 3498 5146 generali
3536 5074 3586 5147 1.
3751 5136 3781 5147 η

2272 5148 2383 5216 (ti)
2427 5147 2622 5202 Mittite
2668 5138 3055 5218 lhyrriiamavin
3090 5138 3485 5216 thurihulumj
3517 5138 3841 5218 ,Jamnolim

2203 5218 2260 5291 in
2286 5210 2566 5291 honorem
2602 5210 2940 5291 sanctorum
2975 5210 3554 5291 thymiamaincendi
3590 5210 3840 5269 solitum.

2204 5289 2341 5344 Vide
2375 5290 2815 5343 Onomasticon.

2272 5361 2395 5431 (15)
2419 5362 2698 5431 Ήιαιειεὶ.)
2743 5362 3001 5416 Raderus
3054 5365 3276 5427 noster,
3317 5357 3591 5415 Viridarii
3629 5354 3784 5425 parte
3809 5364 3843 5409 ιι

2204 5436 2371 5498 putat
2388 5430 2544 5485 hunc
2563 5430 2834 5487 eumdem
2855 5449 2989 5488 cum
3005 5433 3294 5489 Thalela~o
3316 5437 3574 5497 martyre
3602 5431 3850 5498 temper?

2208 5493 2663 5569 Numeriani,de
2686 5521 2800 5569 quo
2840 5510 3079 5565 Mensae.
3114 5506 3186 5558 20
3226 5504 3378 5558 Maii.
3424 5493 3534 5558 sed
3571 5511 3769 5569 vereor
3796 5493 3853 5544 ut

2209 5522 2663 5569 qumel‘lanl,Oe
2729 5522 2800 5559 uo
2841 5522 3079 5565 mentea.
3115 5522 3186 5558 zu
3226 5522 3378 5558 man.
3424 5522 3534 5558 bet]
3572 5522 3767 5553 vercur
3799 5522 3853 5544 υυ

2205 5573 2353 5628 ratio
2378 5522 2834 5644 ternporisaliud
2857 5577 3130 5632 suadeat:
3158 5576 3448 5645 siquidem
3468 5568 3749 5645 Moschus
3764 5578 3856 5617 au‘

2203 5645 2343 5699 divit
2382 5662 2449 5720 ex
2482 5640 2671 5720 Petro,
2698 5665 2824 5720 QUEE
2853 5649 2923 5704 de
2948 5648 3057 5720 hoc
3081 5647 3177 5720 hic
3198 5640 3496 5720 habentur
3516 5661 3538 5720 ;_
3567 5646 3628 5720 Et
3658 5640 3853 5720 P9332“?

2204 5718 2464 5775 centenis
2492 5707 2668 5777 annis
2695 5707 2731 5777 ἐ
2758 5719 3105 5777 Numeriani
3139 5718 3387 5791 imperio
3429 5707 3638 5773 dis—tat.
3685 5707 3858 5766 Aliter
