4002 6166
346 305 456 361 243

1500 307 1872 362 ΔΡΡΕΝΒΙΧ
1907 308 2007 361 AD

2136 309 2262 361 ΓΔΒ
2298 308 2619 362 PATRUM.
3618 306 3713 360 244

353 428 683 500 ρίσια,(]ιιοά
713 428 868 504 certi
883 429 1105 484 nummi
1125 432 1633 504 genuanterpres
1663 431 1998 485 numismata
2031 439 2085 504 Α
2116 429 2215 486 ubi
2247 429 2401 501 quod
2436 428 2549 504 hic
2584 432 2693 504 est,
2723 428 2967 504 tunieam
3023 441 3135 504 nou
3188 425 3564 504 _h_abeo.__vert1t
3616 428 3722 504 ille,

351 505 626 556 verterat.
661 501 805 555 Vide
836 500 1274 556 Onomasticon.

426 573 549 649 (ait
591 572 1030 643 Apparentiam.]
1063 573 1256 649 Graece
1311 577 1421 639 est,
1458 570 1742 649 φανητὶαν,
1775 571 1835 627 id
1888 578 1998 640 est,

354 661 421 699 cu
434 644 649 699 niditas
682 661 743 698 se
774 644 1128 698 ostentandi.

452 717 536 783 42)
573 714 1025 786 Chrysostomus.]
1056 714 1344 769 Henricus
1383 714 1657 784 Savilius,
1701 714 1855 769 notis
1879 716 2004 770 suis

357 786 439 842 ad
460 792 687 841 tomum
722 786 849 841 VIII
882 786 1278 857 Chrysostomi
1310 790 1507 842 Greece
1538 804 1570 841 a
1592 803 1654 841 se
1685 786 1846 852 editi,
1881 787 2001 841 exi-

357 859 561 915 stimat
592 874 706 912 non
740 858 1048 929 indignum
1083 859 1390 913 observatu
1443 858 1807 928 temporibus
1853 858 2007 912 inter

357 929 623 1001 quintam
659 930 971 999 synodum,
1006 946 1159 1001 anno
1187 930 1313 998 553,
1347 935 1400 984 et
1433 935 1679 992 sextam,
1706 946 1860 983 anno
1900 930 2006 983 680

356 1000 709 1055 celebratam
744 1001 982 1069 (quibus
1029 1000 1340 1071 Georgium
1400 1002 1542 1055 Vitae
1600 1000 2005 1072 Chrysostomi

359 1072 702 1142 scriptorem
735 1073 951 1127 vixisse
982 1073 1283 1143 probabile
1314 1089 1441 1127 esse
1502 1073 1599 1137 ait)
1635 1072 2009 1143 Chrysostomi

360 1159 685 1215 cognonem
718 1144 983 1214 ignotum
1020 1144 1221 1198 fuisse.
1254 1146 1360 1198 Sed
1406 1144 1618 1199 refellit
1673 1160 1805 1198 eum
1836 1149 2005 1198 Joan.

359 1214 633 1287 Moschus
661 1231 763 1270 seu
796 1215 1164 1287 Sophronias
1196 1215 1309 1284 hic,
1345 1216 1444 1285 qui
1490 1222 1747 1286 tempore
1780 1216 2009 1287 Georgii

363 1286 535 1367 istius
565 1286 845 1354 vixere,el
876 1286 1053 1357 hujus
1076 1287 1439 1358 cognominis
1467 1288 1868 1359 Cbrysostomi
1890 1286 2007 1342 me-

364 1374 604 1413 minere.

434 1430 547 1499 (43)
580 1428 871 1500 Gregorii.]
906 1429 1164 1484 Iiabetur
1194 1429 1313 1485 haec
1346 1429 1603 1484 narratio
1636 1430 1692 1484 in
1726 1430 1852 1485 Vita
1883 1447 2012 1486 san-

363 1501 437 1553 cti
472 1501 755 1571 Gregorii,
788 1500 888 1556 lib.
923 1518 987 1567 Il,
1015 1518 1142 1572 cap.
1166 1502 1234 1555 45
1256 1519 1354 1573 per
1382 1502 1665 1557 Joannem
1691 1502 2012 1557 Diaconum

363 1573 718 1644 scripta,qui
749 1589 877 1627 eam
901 1574 1040 1627 citat
1069 1590 1137 1627 ex
1169 1573 1451 1644 libro,qui
1485 1589 1517 1627 a
1550 1573 1762 1629 Graecis
1795 1573 2012 1643 Λειμών

364 1642 603 1707 dicitur,
637 1642 669 1697 a
704 1644 921 1715 Latinis
954 1661 1085 1699 vero
1117 1642 1464 1699 intellieitur
1495 1646 1725 1715 Campus
1756 1646 1841 1700 vel
1874 1642 2013 1700 Pra-

364 1718 502 1788 tum.
538 1714 771 1788 Quigbie
803 1716 924 1786 ipse
959 1715 1107 1788 liber
1135 1721 1242 1783 est,
1268 1734 1439 1788 quem
1469 1734 1582 1788 prae
1617 1714 1890 1773 manibus
1912 1718 2014 1772 ha-

2112 496 2358 559 casufam
2391 516 2502 555 non
2532 500 2720 555 habeo.
2747 500 2962 555 Eodem
2986 499 3156 552 modo
3186 496 3613 566 idem,lib.iv,c.
3634 501 3722 553 63:

2118 599 2138 622 ι
2177 574 2244 627 Et
2267 574 2448 643 jussit
2480 572 2622 625 mibi
2654 571 2778 626 dari
2802 570 3085 634 casulam,
3105 575 3161 623 et
3184 569 3564 643 necessitates
3584 586 3724 643 meas

2114 639 2332 701 omnes.
2376 666 2395 693 υ
2434 643 2539 697 Ubi
2575 649 2775 697 noster
2804 643 3087 712 interpres
3118 639 3724 712 Ambr.Camaldulen-

2114 718 2194 771 sis
2226 716 2338 785 hic,
2372 731 2500 785 cap.
2536 716 2631 769 181
2664 732 2675 768 :
2710 737 2738 763 «
2768 711 2991 769 Jubens
3023 712 3166 785 mihi
3201 711 3334 785 dari
3395 728 3725 785 quaecunque

2114 792 2279 843 erant
2311 782 2660 854 necessaria,
2693 809 2720 835 ››
2745 787 3060 840 deeurtate.
3086 782 3297 839 Omisit
3326 784 3475 837 enim
3506 783 3634 838 illud
3663 784 3725 837 de

2113 860 2300 915 casula
2332 876 2433 915 seu
2466 856 2672 912 tunica.

2188 932 2301 1002 (44)
2335 932 2615 1002 Numicum
2642 945 2739 984 seu
2777 926 3265 998 dispensatorem]
3297 924 3465 1002 Varia
3520 924 3726 1002 Nomiei.

2116 997 2385 1074 Νομικοῦ,
2420 1007 2483 1055 ut
2514 1001 2606 1055 hie
2639 1002 2693 1054 in
2727 1004 2921 1074 Graeco
2944 1002 3237 1074 te_xt_ti,est
3263 997 3617 1074 significatio.
3641 997 3731 1051 Hie

2117 1068 2589 1147 dispensatorem
2617 1073 2928 1142 significat.
2962 1070 3105 1124 Vide
3138 1068 3593 1147 Onomasticon._
3637 1138 3646 1147 Ι

2192 1138 2304 1218 (λὸ)
2338 1147 2370 1199 Α
2404 1138 2967 1218 notariop'er/ecleel
2997 1159 3029 1196 α
3075 1141 3440 1218 grammatico
3472 1138 3736 1218 sufﬁcien-

2120 1211 2245 1288 terl]
2280 1211 2551 1271 Notarius
2583 1211 2674 1270 hic
2705 1211 2787 1269 eét
2821 1215 2921 1285 qui
2954 1221 3156 1288 praeest
3194 1212 3387 1288 pueris
3445 1212 3512 1264 ad
3568 1211 3739 1288 prima

2121 1282 2408 1347 elementa
2438 1294 2493 1342 et
2527 1288 2747 1342 litteras
2773 1282 3127 1341 formandas.
3150 1284 3292 1338 Vide
3323 1282 3736 1337 Onomastieon.

2193 1360 2305 1433 (46)
2348 1360 2558 1433 ίιάςὶνρρ
2612 1367 2756 1433 sunt,
2782 1355 3107 1433 _bap_tiz.qtj.]
3132 1355 3438 1433 Baronius,
3472 1359 3620 1433 torno
3654 1352 3741 1433 Ill,

2124 1424 2509 1488 an‘no'Cbristi
2534 1431 2657 1495 310,
2682 1430 2713 1501 §
2742 1430 2824 1484 13.
2847 1424 3149 1497 Significat
3172 1426 3447 1505 nimirum
3472 1424 3739 1505 ejusmodi

2125 1507 2559 1561 sacramentum
2593 1497 2956 1565 consecutos,
2990 1516 3105 1554 non
3153 1503 3345 1552 autem
3378 1497 3525 1567 quod
3572 1497 3742 1558 aiunt,

2127 1593 2247 1632 rem
2281 1573 2649 1642 sacramenti,
2672 1574 2860 1644 ipsam
2888 1569 3488 1644 gratiamgabluentem
3509 1570 3742 1638 peccata.

2198 1647 2314 1717 (47)
2373 1645 2584 1701 Mulier
2610 1638 2645 1715 ]'
2685 1638 2937 1717 joannés
2993 1642 3331 1717 Cassianus,
3364 1638 3571 1717 -eoilat.
3598 1652 3744 1699 xvm,

2129 1712 2255 1789 cap.
2294 1712 2377 1782 14,
2414 1712 2625 1789 εἱωὶὶθξ
2653 1715 2981 1789 exemplum
3040 1713 3323 1785 religiosae
3359 1712 3599 1789 feminae,
3631 1724 3747 1781 quae

365 1786 762 1842 bemus.Citat
794 1788 890 1842 ille
919 1804 986 1842 ex
1009 1786 1487 1859 interpretatione
1508 1790 1878 1860 praaceptoris
1900 1789 2013 1855 sui,
2049 1819 2095 1882 B
2130 1786 2421 1862 patientia:
2454 1788 2820 1857 acquirendae
2854 1788 3079 1842 intenta
3108 1790 3251 1851 erat,
3288 1788 3499 1839 narrat.

1468 2170 2675 2370 APPENDIX

864 2495 1197 2661 Al)
1293 2498 2041 2666 VITAS
2156 2498 3274 2669 PATBUM.

1796 2943 2365 3038 LECTORI.

441 3136 595 3192 988
629 3137 710 3193 Ne
741 3138 881 3206 quid
914 3138 1283 3209 antiquitatis
1314 3139 1640 3195 studiosius
1672 3140 1963 3196 desideret
1995 3140 2148 3211 quod
2179 3140 2343 3195 Vitas
2378 3140 2613 3195 Patrum
2647 3145 2897 3211 spectat,
2932 3139 3124 3195 visum
3156 3138 3251 3194 hic
3283 3139 3646 3210 subjungere
3671 3135 3769 3191 He-

376 3225 611 3282 raclidis
644 3227 988 3282 Paradisum
1023 3245 1090 3283 ex
1123 3228 1297 3283 veteri
1332 3229 1830 3301 interpretatione,
1866 3228 1967 3298 qui
1999 3230 2265 3284 eamdem
2299 3246 2431 3285 cum
2466 3230 2726 3286 Palladio
2785 3234 3019 3285 tractat.
3052 3229 3159 3295 Qui
3216 3228 3365 3283 olim
3422 3225 3665 3285 Parasiis
3686 3242 3773 3280 cu-

372 3318 538 3369 rante
566 3316 785 3371 Jacobo
813 3316 996 3371 Fabro
1026 3304 1361 3388 Stapulensi
1394 3335 1545 3372 anno
1580 3320 1716 3372 1503
1746 3336 1813 3381 ex,
1844 3319 2075 3373 otficina
2098 3317 2488 3374 Bellovisiana
2512 3319 2741 3390 prodiit.
2769 3320 2951 3384 Quem
2969 3318 3178 3373 deinde
3203 3317 3567 3389 Lipomanus
3597 3313 3769 3369 Palla-

372 3402 452 3456 dii
487 3405 725 3459 nomine
775 3410 933 3459 tomo
986 3422 1091 3460 suo
1130 3408 1201 3460 [ll
1236 3408 1306 3462 de
1337 3408 1487 3462 Vitis
1518 3412 1863 3461 Sanctorum
1899 3408 2165 3471 inseruit,
2199 3425 2351 3462 anno
2389 3409 2544 3473 1554,
2579 3407 2837 3463 Venetiis
2872 3408 3046 3475 edito,
3079 3408 3281 3478 paucis
3343 3406 3561 3463 additis
3592 3408 3645 3459 et
3673 3403 3775 3457 im—

375 3494 647 3559 mutatis,
678 3495 749 3547 de
782 3493 996 3563 quibus
1023 3510 1249 3549 moneo.
1281 3496 1443 3550 Addo
1470 3501 1527 3550 et
1561 3494 1885 3551 Palladium
1921 3497 2001 3550 uti
2038 3496 2175 3551 olim
2212 3497 2268 3550 in
2304 3496 2700 3569 typographize
2734 3497 2977 3551 infantia
3035 3513 3103 3551 ex
3131 3496 3308 3551 veteri
3341 3510 3580 3567 quoque
3612 3493 3774 3547 inter-

378 3582 703 3652 pretatione
734 3583 966 3653 prodiit.
1001 3583 1164 3637 Haud
1200 3584 1444 3638 dubium
1479 3589 1536 3639 et
1570 3584 1868 3640 Palladius
1904 3586 1993 3641 hic
2019 3590 2208 3652 vetus,
2244 3592 2299 3641 et
2334 3587 2642 3642 Paradisus
2692 3585 3035 3653 Heraclidis,
3087 3591 3142 3639 et
3189 3584 3492 3640 Palladius
3541 3578 3776 3660 Herveti,

377 3686 510 3723 cum
544 3668 693 3724 idem
731 3670 971 3725 omnino
1002 3675 1273 3737 tractent,
1308 3689 1409 3742 pro
1443 3674 1643 3727 eodem
1679 3679 1915 3728 auctore
1948 3674 2143 3728 haberi
2180 3681 2446 3746 possunt.
2484 3675 2705 3731 Placuit
2728 3681 2921 3730 tamen
2948 3679 3003 3730 et
3033 3674 3154 3730 haec
3187 3675 3245 3729 in
3278 3676 3399 3731 fine
3430 3675 3775 3733 subnectere,

376 3762 441 3811 ut
464 3757 695 3812 diversa
722 3757 1126 3829 interpretatio
1160 3759 1347 3814 lucem
1383 3761 1635 3815 subinde
1665 3762 1922 3816 tenebris
1954 3762 2201 3830 inferat;
2238 3765 2376 3817 dum
2413 3765 2529 3819 fere
2560 3766 2640 3831 fit,
2678 3770 2740 3819 ut
2769 3764 2917 3820 alter
2948 3764 3128 3819 altero
3160 3769 3387 3821 textum
3421 3764 3778 3821 nanciscatur

378 3850 437 3900 et
471 3845 844 3901 sinceriorem
877 3852 934 3901 et
964 3848 1313 3903 uberiorem.
1337 3849 1481 3904 Vide
1514 3867 1640 3920 qua:
1678 3852 1745 3905 de
1780 3851 1989 3922 triplici
2022 3852 2127 3907 hac
2157 3854 2421 3907 versione
2451 3858 2506 3908 et
2537 3854 2789 3909 editions
2807 3854 3063 3909 diximus
3094 3854 3508 3926 prolegomeno
3539 3847 3777 3924 generali

384 3935 471 3988 14.
509 3934 719 3989 Addidi
756 3941 810 3990 et
841 3936 1173 3991 Sententias
1202 3939 1599 4009 Egyptiorum
1636 3940 1871 3994 Patrum
1898 3957 1929 3994 a
1962 3942 2210 3996 Martino
2247 3942 2542 3998 Dumiensi
2567 3943 2839 4014 episcopo
2863 3960 2891 3999 e
2923 3943 3115 3999 Graeco
3137 3944 3196 3999 in
3232 3944 3511 4000 Latinum
3544 3940 3777 3998 transla-

380 4027 497 4091 tas,
529 4040 677 4094 quas
710 4041 778 4079 ex
808 4024 1091 4079 Toletana
1124 4026 1477 4082 bibliotheca
1508 4030 1575 4082 ad
1613 4044 1705 4083 me
1737 4029 1899 4084 misit
1944 4029 2400 4102 Cbristopborus
2431 4049 2463 4086 a
2521 4032 2743 4101 Castro,
2779 4032 3073 4088 societatis
3132 4039 3342 4088 nostrae
3379 4033 3701 4103 theologus,
3732 4031 3782 4082 et

379 4112 747 4168 Salmantica:
780 4131 1083 4170 sacrarum
1115 4114 1439 4170 litterarum
1478 4119 1789 4188 professor.
1827 4120 2069 4174 Easdem
2106 4121 2296 4175 inveni
2330 4121 2385 4174 in
2420 4124 2523 4177 Ms.
2557 4123 2767 4177 Codice
2798 4123 2982 4177 sancti
3018 4122 3269 4179 Floriani
3305 4127 3441 4194 post
3502 4123 3652 4178 Vitas
3684 4123 3784 4172 Pa-

375 4209 532 4257 trum
567 4220 600 4257 a
630 4203 947 4259 Paschasio
975 4220 1004 4259 e
1036 4205 1256 4260 Grazcia
1287 4205 1345 4258 in
1377 4206 1603 4261 Latium
1636 4208 1959 4262 traductas.
1994 4212 2155 4263 Certe
2188 4208 2536 4265 Paschasius
2568 4211 2754 4264 eidem
2788 4211 3033 4268 Martino
3063 4229 3238 4268 suum
3272 4212 3342 4266 de
3376 4212 3615 4268 Patrum
3647 4207 3783 4263 Vitis

374 4290 616 4361 librum,
651 4293 749 4365 qui
785 4310 967 4366 supra
996 4298 1085 4349 est
1114 4295 1319 4351 ordine
1350 4296 1661 4367 septimus,
1696 4296 1967 4352 inscribit
1991 4302 2048 4352 et
2076 4298 2323 4354 dedicat.

372 1966 3750 2015 Μ

371 2782 2713 2816 m

2719 2780 3766 2816 ,φρ-Ξῖ

984 4654 2074 4778 ΗεηΑαιωιε
2123 4647 2199 4719 (ί)
2310 4660 3181 4780 ΕΒΕΜῙἩΕ

1465 4864 2717 5053 PARADISUS,

878 5104 1429 5201 INCERTO
1523 5109 1756 5203 SED
1851 5110 2334 5207 VETEBI
2427 5113 3279 5211 INTERPRETE.

966 5406 1459 5467 HERACLIDES
1504 5408 2124 5470 ALEXANDRINUS
2168 5412 2274 5469 AD
2320 5410 2648 5472 LAUSUM
2693 5414 3132 5478 PRINCIPEM
3166 5421 3204 5478 ί.

448 5529 602 5584 939
639 5530 699 5583 In
733 5528 839 5583 hoc
876 5528 1045 5594 libro,
1072 5546 1244 5600 quem
1280 5530 1348 5585 de
1373 5530 1507 5585 Vita
1537 5534 1873 5585 sanctorum
1909 5535 2145 5587 Patrum
2179 5532 2454 5604 scripturi
2487 5538 3014 5612 sumus,descripta
3036 5546 3124 5598 est
3154 5543 3367 5599 nobilis
3400 5543 3789 5612 continentia,

382 5618 789 5689 mirabilisque
819 5619 1283 5675 conversationis
1308 5620 1623 5675 transactio
1642 5620 2062 5675 coenobitarum
2087 5622 2307 5692 pariter
2328 5628 2500 5696 atque
2518 5626 3137 5703 anaehoretarum,qui
3164 5633 3218 5688 in
3238 5649 3427 5689 eremo
3450 5634 3523 5689 ad
3550 5633 3794 5689 azmula-

458 5782 592 5869 ilita
618 5782 959 5869 inscribitur
989 5782 1050 5869 in
1082 5782 1271 5869 prima
1291 5781 1568 5869 initi-one
1601 5782 1806 5851 Fabri;
1839 5783 2193 5869 iri-secunda
2222 5786 2548 5869 Lipomani,
2578 5791 2723 5850 Idem
2758 5793 2830 5851 ad
2864 5795 3139 5869 eumdem,
3171 5796 3459 5867 videlicet,
3489 5797 3795 5858 Palladius

385 5851 456 5906 ad
489 5853 762 5910 Lausum.
800 5855 863 5910 In
895 5851 1353 5927 tertia—Herueti,
1381 5858 1469 5914 est
1497 5854 1623 5912 loco
1655 5856 1920 5927 prooemii
1952 5857 2078 5916 sine
2106 5858 2222 5917 ullo
2250 5851 2505 5919 nomine.
