4002 6166
259 388 371 443 249
1490 389 1591 441 AD
1629 386 1925 441 LAUSUM
1964 386 2463 463 PREPOSITUM.
3578 384 3685 439 250

266 513 718 588 publicanorum
738 518 793 569 et
815 518 1189 586 peccatorum
1214 512 1421 585 (Matth.
1447 511 1523 581 x1)
1542 552 1557 581 ,
1575 526 1640 565 eo
1660 509 1812 580 quod
1838 525 1969 564 cum
1996 509 2143 580 ipsis
2166 511 2548 567 manducaret
2569 516 2626 567 et
2647 512 2890 566 biberet.
2912 513 3057 577 Quid
3085 529 3187 567 nos
3211 528 3345 584 ergo
3372 512 3686 567 faciemus?

261 603 470 673 Neque
500 601 635 657 illos
666 602 764 673 qui
795 602 1150 673 vituperant,
1186 616 1373 671 neque
1404 616 1503 655 eos
1525 598 1625 670 qui
1650 597 1896 652 laudant
1912 601 2367 668 sequamur,sed
2394 605 2496 654 aut
2519 600 3049 671 rationejejunium
3081 618 3211 654 cum
3234 601 3457 656 Joanne
3482 603 3682 654 tenea~

267 690 677 757 mus,etiamsi
703 691 1027 746 damonem
1054 691 1268 746 habere
1291 690 1576 744 dicamur:
1601 692 1701 741 aut
1723 703 1852 741 cum
1875 687 2012 742 Jesu
2030 687 2257 743 Christo
2285 689 2722 759 sapientervina
2748 689 3042 757 bibamus,
3059 690 3291 760 quando
3312 689 3416 743 hoc
3440 689 3686 757 requirit

266 780 596 836 necessitas
615 778 959 851 corporalis,
993 780 1167 835 etiam
1194 780 1242 834 si
1268 796 1372 833 nos
1395 777 1668 849 aliquiob
1687 776 1879 831 cibum
1902 776 2303 831 carnisetvini
2334 783 2535 848 potum
2562 780 2647 849 (ut
2669 778 2833 832 illum
2876 778 3081 849 Judaei)
3115 777 3430 849 aliquando
3492 793 3680 849 repre-

264 868 555 925 hendant.
588 870 788 941 Neque
820 871 901 924 uti
936 886 1068 939 ergo
1098 868 1251 935 istis,
1285 884 1468 939 neque
1490 868 1561 921 ab
1586 866 1678 921 bis
1701 865 2177 937 abstinerejuxta
2204 866 2502 922 veritatem
2528 869 2606 923 rei
2631 867 2849 939 aliquid
2879 884 3008 923 esse
3029 867 3350 933 arbitreris;
3373 865 3472 920 sed
3497 865 3679 920 solam

263 957 442 1013 ﬁdem
458 975 589 1028 quae
604 958 916 1013 dilectione
928 959 1274 1029 etoperibus
1287 956 1619 1012 extenditur
1634 954 1847 1027 plurim
1860 972 1891 1008 u
1904 972 1957 1010 [η
1973 955 2165 1010 valere
2191 957 2902 1029 cognoscas.lgiturcujus
2918 958 3144 1013 actibus
3160 970 3392 1027 semper
3405 954 3684 1009 inhaerere

266 1048 539 1104 cernitur
560 1048 727 1115 ﬁdes,
760 1053 996 1119 propter
1027 1047 1215 1119 ipsam
1251 1044 1625 1117 inculpabilis
1657 1044 1790 1111 erit,
1824 1046 1943 1099 sive
1976 1045 2413 1100 manducaverit
2444 1052 2768 1101 memorata
2784 1064 2887 1102 seu
2905 1046 3325 1101 biberil.0mne
3347 1042 3502 1098 enim
3528 1042 3681 1112 quod

268 1152 385 1191 non
415 1140 509 1191 est
536 1152 607 1191 ex
637 1136 773 1200 ﬁde,
807 1142 1115 1208 peccatum
1147 1142 1232 1191 est
1266 1136 1439 1207 (Rom.
1472 1136 1606 1205 xw).
1634 1135 1742 1189 Sed
1779 1134 2054 1205 quoniam
2088 1136 2498 1206 unusquisque
2516 1135 2885 1206 delinquens,
2916 1136 2971 1189 id
3005 1137 3155 1206 quod
3204 1135 3346 1205 agit,
3392 1147 3461 1187 ex
3480 1132 3590 1185 ﬁde
3623 1146 3683 1185 se

261 1239 430 1295 agere
464 1225 631 1295 dicit,
656 1225 832 1280 etiam
856 1242 985 1280 cum
1008 1225 1229 1297 aliquid
1265 1224 1449 1279 stulta
1482 1224 1860 1295 persuasione
1882 1228 2225 1295 etcorrupta
2257 1224 2653 1294 atqucvitiosa
2671 1223 3403 1291 conscientiafacit,itahoc
3425 1220 3688 1276 Salvator

266 1321 469 1371 noster
491 1314 783 1386 distinxit,
807 1317 1124 1371 utdiceret:
1152 1317 1233 1371 Ex
1257 1316 1545 1371 fructibus
1575 1331 1773 1370 eorum
1802 1316 2169 1385 cognoscetis
2192 1332 2291 1371 eos
2314 1316 2531 1381 (Matth.
2568 1317 2687 1387 vn).
2717 1316 2859 1371 Nam
2892 1318 3043 1386 quod
3076 1332 3278 1371 eorum
3304 1315 3401 1385 qui
3426 1314 3685 1367 rationa-

266 1403 468 1459 biliter
500 1405 724 1473 vivunt,
756 1413 933 1477 atque
962 1407 1256 1478 sapienter
1278 1407 1599 1461 secundum
1632 1405 2000 1475 Apostolum,
2027 1405 2138 1460 iste
2160 1405 2236 1459 sit
2260 1406 2503 1472 fructus,
2536 1405 2643 1461 hoc
2664 1409 2752 1461 est
2773 1406 3049 1471 Charitas,
3070 1404 3375 1476 gaudium,
3408 1420 3537 1473 pax,
3563 1400 3688 1455 lon-

260 1493 605 1563 ganimitas,
623 1495 1475 1561 mansuetudo,bonitas,ﬁdes,
1494 1493 1873 1560 continentia,
1898 1499 2076 1565 atque
2094 1494 2467 1566 simplicitas,
2486 1495 2740 1567 profecto
2770 1495 3147 1550 manifestum
3169 1500 3276 1549 est:
3304 1491 3515 1548 Paulus
3532 1490 3685 1546 enim

267 1583 521 1638 dicebat:
560 1584 808 1639 Fructus
842 1589 1039 1639 autem
1073 1584 1318 1655 spiritus
1347 1589 1456 1653 est,
1489 1583 1597 1639 hoc
1628 1589 1683 1638 et
1736 1584 1843 1637 hoc
1875 1582 2079 1654 (Galat.
2109 1585 2189 1655 v).
2249 1585 2409 1647 Quod
2445 1601 2577 1639 vero
2611 1584 2658 1639 is
2718 1586 2818 1655 qui
2854 1584 3188 1654 hujusmodi
3222 1585 3444 1637 fructus
3473 1580 3688 1635 habere

271 1672 536 1740 festinat,
573 1690 685 1727 non
720 1672 1133 1743 intempestive
1159 1690 1347 1744 neque
1375 1674 1501 1727 sine
1523 1672 2009 1739 consideratione,
2044 1678 2145 1726 aut
2175 1690 2407 1727 carnem
2438 1674 2594 1741 edat,
2636 1678 2736 1727 aut
2767 1674 2966 1728 vinum
3001 1674 3184 1739 bibat,
3208 1677 3263 1728 et
3288 1672 3443 1742 quod
3498 1685 3686 1740 neque

264 1776 400 1815 cum
436 1777 504 1815 eo
523 1760 745 1817 habitet
770 1763 940 1833 cujus
964 1762 1377 1818 conscientiam
1413 1762 1599 1833 magis
1634 1762 1787 1815 norit
1818 1761 2159 1833 malignam,
2192 1762 2408 1816 Paulus
2442 1762 2655 1817 iterum
2691 1763 2813 1834 ipse
2844 1763 3090 1817 dicebat:
3121 1759 3689 1830 Quiuunusquisque

264 1850 364 1921 qui
401 1868 463 1904 se
495 1850 565 1903 ad
599 1867 842 1922 agonem
869 1856 1055 1922 parat,
1081 1852 1153 1906 ab
1178 1851 1450 1907 omnibus
1473 1868 1533 1906 se
1557 1851 1777 1905 abtinet
1801 1850 1843 1921 (Ι
1877 1850 2103 1921 Comx);
2138 1850 2361 1905 scilicet
2380 1855 2439 1905 ut
2464 1868 2701 1922 corpore
2716 1852 2978 1906 videatur
2998 1851 3307 1905 incolumis
3323 1849 3688 1904 abstineatse

267 1939 340 1991 ab
365 1938 437 1993 iis
463 1956 593 2009 qua:
614 1940 836 1995 faciunt
857 1940 1193 2008 crassiores;
1228 1958 1360 1996 cum
1385 1947 1579 1995 autem
1610 1940 1947 1994 infirmitate
1976 1940 2167 2011 aliqua
2199 1945 2299 1995 aut
2321 1940 2518 1995 dolore
2547 1946 2914 2007 vexalur,aut
2947 1940 3202 2006 tristitia,
3232 1938 3686 2010 velquibusdam

264 2027 699 2085 tentationibus
733 2030 1055 2099 mordetur,
1081 2035 1279 2084 utatur
1309 2030 1547 2101 quidem
1572 2029 1717 2083 cibis
1742 2034 1841 2082 aut
1874 2029 2108 2099 potibus
2144 2034 2420 2100 tanquam
2448 2029 2909 2095 medicamentis,
2944 2046 3069 2101 qua:
3093 2029 3321 2100 possint
3343 2042 3547 2081 curare
3568 2024 3686 2079 sol-

258 2115 483 2185 licitos,
519 2118 717 2189 abigat
747 2124 944 2174 autem
987 2137 1020 2175 a
1051 2136 1112 2174 se
1146 2137 1212 2174 ea
1245 2120 1463 2191 quibus
1494 2119 1693 2174 anima
1722 2117 2091 2187 vulneratur,
2126 2120 2229 2174 hoc
2254 2124 2343 2175 est
2374 2119 3074 2187 iracundiam,invidiam,
3099 2135 3355 2175 amorem
3380 2134 3539 2174 vanae
3563 2114 3686 2185 glo-

259 2205 359 2261 riie
383 2211 441 2261 et
465 2213 632 2263 recte:
654 2208 971 2264 voluntatis
1005 2209 1413 2278 defectionem,
1432 2208 1864 2265 susurrationes
1896 2225 2129 2280 quoque
2152 2215 2207 2264 et
2227 2208 2651 2264 irrationabiles
2683 2209 3258 2280 suspiciones,agens
3287 2207 3528 2263 Domino
3552 2222 3686 2277 gra~

264 2295 381 2349 tias
413 2296 824 2367 sempiternas.

334 2385 669 2441 Sufﬁcienti
694 2388 872 2460 igitur
898 2404 1077 2460 super
1106 2388 1215 2443 hoc
1236 2388 1637 2460 disputatione
1660 2389 1929 2457 decursa,
1952 2387 2126 2443 aliam
2151 2404 2359 2443 rursus
2386 2388 2639 2458 adjungo
2662 2387 2940 2443 docilitati
2966 2392 3078 2443 tua:
3104 2387 3505 2450 monitionem;
3528 2386 3681 2442 942

257 2479 324 2530 ut
354 2476 521 2530 omni
544 2476 761 2531 virtute
796 2477 1010 2533 mentis
1032 2478 1305 2547 diii'ugias
1336 2483 1717 2549 conspectum
1741 2494 1941 2532 eorum
1977 2483 2151 2548 atque
2183 2476 2558 2547 colloquium,
2589 2494 2838 2548 quorum
2864 2478 3225 2532 contrarium
3260 2481 3347 2530 est
3368 2476 3530 2530 bonae
3554 2475 3684 2531 vitae

256 2565 767 2637 propositum,qui
792 2568 1025 2637 penitus
1046 2568 1323 2638 prodesse
1356 2584 1470 2623 non
1497 2573 1768 2638 possunt,
1792 2573 1844 2622 et
1879 2568 2094 2638 quibus
2122 2584 2260 2622 cura
2289 2572 2377 2622 est
2409 2568 2568 2622 varia
2598 2574 2792 2622 cutem
2818 2568 3078 2639 corporis
3102 2566 3376 2638 expolire,
3423 2564 3595 2620 etiam
3634 2564 3681 2619 si

259 2659 437 2708 rectae
468 2654 729 2710 cultores
759 2656 893 2711 ﬁdei
928 2662 1350 2725 memorentur;
1380 2659 1478 2712 sed
1512 2657 1630 2711 vita
1659 2658 1746 2727 (ut
1774 2656 1857 2711 ita
1879 2656 2146 2729 dixerim)
2177 2674 2456 2729 perversae
2480 2663 2647 2712 sectae
2674 2658 2960 2723 homines,
2986 2658 3083 2728 qui
3109 2658 3335 2711 animas
3358 2655 3467 2709 sub
3491 2654 3683 2725 specie

256 2743 597 2798 sanctitatis
629 2749 917 2811 evertunt,
948 2746 1125 2800 etiam
1157 2745 1206 2801 si
1238 2746 1479 2813 canitie,
1505 2751 1564 2801 et
1592 2746 1803 2811 colore,
1838 2751 1895 2800 et
1920 2746 2307 2801 ostentatione
2337 2762 2636 2814 rugarum,
2661 2762 2972 2801 numerum
2997 2744 3430 2817 quodammodo
3456 2743 3681 2798 trahere

260 2831 582 2889 videantur
607 2850 918 2889 annorum-
946 2835 1092 2901 Quia
1114 2839 1170 2890 et
1191 2835 1240 2891 si
1272 2835 1435 2890 nulla
1456 2852 1658 2890 eorum
1684 2835 1917 2890 laesione
1945 2834 2258 2890 maculeris
2290 2852 2518 2890 morum
2553 2836 2841 2907 probitate
2866 2836 3150 2907 munitus,
3185 2834 3271 2889 vel
3302 2834 3505 2889 leviter
3525 2838 3678 2887 certe

255 2925 362 2975 aut
381 2920 695 2977 resolveris
714 2927 776 2977 ut
796 2924 1077 2991 securior,
1103 2930 1202 2979 aut
1230 2924 1472 2996 erigeris
1498 2929 1561 2979 ut
1585 2925 1812 2992 melior,
1844 2931 1897 2979 et
1928 2924 2286 2995 vituperabis
2308 2924 2457 2979 tales
2488 2930 2661 2996 atque
2692 2925 2933 2991 ridebis;
2955 2925 3108 2995 quod
3136 2941 3250 2980 non
3275 2923 3400 2979 sine
3424 2938 3573 2977 noxa
3594 2919 3678 2975 tui

259 3014 319 3065 te
348 3009 559 3065 fecisse
590 3026 933 3084 cognosces.
953 3012 1302 3067 Sanctorum
1328 3018 1520 3068 autem
1553 3013 1806 3068 virorum
1842 3030 1907 3068 ac
1941 3013 2292 3068 feminarum
2326 3013 2501 3068 veluti
2534 3013 2732 3068 lumen
2758 3013 3123 3085 splendentis
3146 3014 3438 3077 fenestrae,
3461 3016 3687 3066 sectare

265 3104 641 3171 conspectus,
663 3101 1086 3172 utperillorum
1104 3103 1434 3157 veneranda
1451 3101 1741 3172 colloquia
1760 3106 2038 3173 tanquam
2070 3102 2311 3157 minutis
2334 3101 2600 3157 Codicem
2624 3101 2834 3157 litteris
2857 3102 3141 3174 scriptum
3168 3100 3356 3173 possis
3381 3099 3689 3171 diligenter

264 3188 582 3261 inspicere,
598 3195 759 3247 actus
775 3208 1005 3263 quoque
1027 3197 1084 3247 et
1098 3193 1290 3248 cordis
1309 3208 1602 3246 areanaex
1622 3192 1748 3263 ipsa
1760 3192 2197 3262 comparatione
2210 3197 2638 3262 cognoscere,et
2653 3192 2770 3247 sive
2786 3191 3147 3262 diligentiam
3163 3207 3263 3245 seu
3283 3190 3689 3261 negligentiam

259 3282 428 3334 tuam
444 3279 737 3335 curiosius
752 3282 1249 3352 approbare.Nam
1264 3287 1319 3335 et
1336 3282 1456 3352 ipse
1471 3282 1714 3336 hominu
1728 3299 1778 3335 m
1796 3280 2201 3353 religiosorum
2219 3282 2373 3337 color
2388 3281 2522 3353 (quo
2538 3280 2937 3352 praedicabiles
2953 3297 3144 3336 mores
3159 3284 3221 3334 ut
3244 3280 3382 3333 ﬂore
3396 3276 3683 3346 velantur)

257 3368 1199 3437 etamictusvestis,etinconfusa
1224 3388 1389 3427 mens
1404 3370 1606 3439 animi,
1628 3372 1848 3442 absque
1865 3371 2341 3443 ullosuspercilio
2387 3371 2676 3426 sermonis
2708 3370 2918 3436 inflati,
2961 3380 3012 3426 et
3059 3369 3387 3424 verecunda
3418 3367 3681 3438 ipsarum

268 3474 509 3529 quoque
534 3459 854 3514 reverentia
888 3459 1274 3532 syllabarum,
1304 3466 1361 3515 et
1377 3465 1543 3532 grata
1564 3460 1807 3531 digestio
1831 3477 2111 3516 sensuum
2139 3466 2311 3532 atque
2334 3461 2643 3517 verborum
2666 3460 3025 3515 sufﬁcienter
3048 3458 3309 3513 animare
3332 3462 3386 3511 te
3409 3458 3682 3527 poterunt

264 3549 447 3604 etiam
479 3549 531 3605 si
559 3549 867 3606 anxietatis
897 3550 1149 3621 alicujus
1180 3550 1349 3605 taedio
1382 3551 1663 3623 fatigeris.
1699 3550 1962 3607 Amictus
1992 3552 2147 3606 enim
2180 3552 2309 3619 viri,
2342 3556 2397 3606 et
2424 3556 2615 3608 motus
2638 3553 2874 3622 pedum,
2895 3554 2951 3605 et
2973 3547 3236 3604 dentium
3259 3547 3435 3612 risus,
3463 3561 3530 3601 ea
3557 3560 3682 3614 quas

265 3636 326 3691 in
358 3637 487 3708 ipso
530 3636 801 3693 videntur
829 3654 957 3694 esse
987 3638 1344 3710 signiﬁcant,
1376 3638 1529 3695 sicut
1566 3644 1903 3694 sanctarum
1955 3639 2390 3711 Scripturarum
2427 3640 2807 3711 proverbialis
2840 3654 3032 3693 sermo
3092 3640 3341 3693 testatur
3369 3634 3572 3699 (Eccle.
3604 3636 3680 3701 x).

272 3725 569 3798 Incipiens
600 3727 778 3797 igitur
809 3728 1113 3800 promissae
1147 3728 1499 3784 narrationis
1529 3728 1853 3799 exordium,
1890 3729 2082 3784 nullos
2118 3730 2213 3784 tibi
2251 3746 2437 3798 neque
2469 3730 2524 3784 in
2559 3728 2911 3794 civitatibus,
2947 3744 3134 3798 neque
3180 3726 3237 3780 in
3271 3725 3437 3795 vicis,
3495 3739 3685 3794 neque

263 3814 323 3868 in
357 3815 781 3873 solitudinibus
812 3833 940 3873 esse
971 3816 1610 3887 incognitos,relatione
1642 3834 1769 3873 mea
1802 3834 1931 3873 sum
1968 3836 2199 3888 passus.
2224 3819 2422 3888 Neque
2458 3819 2610 3874 enim
2644 3817 2807 3873 locus
2836 3818 3115 3889 quaeritur
3142 3816 3328 3886 solus,
3361 3815 3418 3869 in
3453 3830 3567 3886 quo
3596 3817 3681 3868 ta-

264 3901 349 3959 les
379 3904 777 3961 habitaverint
804 3906 936 3971 viri,
970 3908 1071 3962 sed
1104 3911 1272 3962 rectae
1300 3907 1476 3963 etiam
1507 3908 1635 3963 vitae
1670 3907 2037 3979 propositum
2069 3913 2125 3964 et
2154 3908 2555 3981 praedicabiles
2589 3925 2799 3964 mores.

3154 4048 3659 4075 zzz:

272 4048 3149 4077 Μ

682 4184 1283 4279 EPIS'I‘OLA1
1348 4193 1890 4280 PALLADII,
1960 4195 2454 4281 EPISCOPI
2522 4193 3277 4281 CAPPADOCIZE,

1439 4347 1541 4407 AD
1588 4349 1683 4407 LA
1696 4346 1907 4409 USUM
1954 4346 2506 4409 PREPOSITUM.

338 4567 538 4622 Laudo
570 4584 920 4640 magnopere
945 4567 1257 4623 consilium
1288 4572 1457 4623 tuum
1482 4570 1714 4639 (merito
1746 4570 1901 4625 enim
1926 4587 1959 4624 a
1980 4570 2312 4625 laudatione
2336 4571 2615 4627 ordienda
2639 4571 2781 4626 mihi
2800 4576 2885 4626 est
2912 4571 3179 4643 epistola)
3202 4570 3355 4642 quod
3384 4569 3677 4641 plerisque

264 4658 545 4713 omnibus
577 4674 671 4712 res
705 4656 896 4713 futiles
923 4659 1153 4730 sibique
1203 4676 1444 4730 prorsus
1500 4660 1741 4715 inutiles
1800 4661 2299 4727 consectantibus,
2334 4661 2458 4731 ipse
2514 4678 2579 4716 ea
2610 4662 2802 4716 doceri
2856 4662 3115 4731 studeas,
3175 4678 3301 4732 qua:
3339 4662 3409 4715 ad
3468 4660 3673 4714 anima:

262 4747 514 4801 salutem
577 4748 923 4818 pertineant.
976 4748 1274 4819 Siquidem
1336 4766 1490 4804 unus
1522 4755 1611 4804 est
1670 4750 2097 4816 tantummodo,
2158 4750 2250 4805 cui
2308 4750 2572 4805 dectrina
2600 4767 2748 4821 opus
2807 4768 2920 4806 non
2972 4756 3062 4805 est
3091 4752 3216 4822 ipse
3274 4749 3675 4805 universitatis

262 4851 456 4891 rerum
490 4852 709 4908 parens
740 4842 798 4891 et
827 4842 1162 4908 procreator
1188 4838 1361 4905 Deus,
1397 4838 1613 4909 quippe
1641 4839 1739 4908 qui
1771 4838 2036 4892 omnium
2069 4838 2520 4909 antiquissimus
2549 4840 2790 4909 originis
2821 4856 2939 4895 sure
2999 4840 3295 4895 neminem
3330 4839 3505 4894 habet
3534 4854 3675 4892 auc-

260 4928 444 4979 torem
477 4930 690 4996 prieter
710 4926 995 4996 seipsum.

330 5014 408 5069 Eo
433 5019 674 5087 excepto
707 5015 937 5085 reliqua
962 5014 1163 5070 omnia
1193 5019 1257 5069 ut
1286 5032 1411 5085 quae
1443 5020 1499 5070 et
1523 5016 1674 5071 facta
1704 5019 1759 5069 et
1781 5020 1974 5071 creata
2006 5022 2164 5083 sunt,
2198 5018 2461 5072 doctrina
2489 5017 2795 5073 informari
2821 5022 3089 5089 possunt.
3123 5017 3268 5073 Nam
3300 5021 3357 5073 et
3386 5017 3559 5089 primi
3589 5015 3675 5070 illi

266 5103 591 5158 caelestium
627 5104 863 5159 ordines
895 5104 1236 5175 magistram
1269 5103 1488 5158 habent
1522 5120 1856 5173 supremam
1889 5104 2079 5177 ipsam
2137 5106 2499 5173 Trinitatem;
2534 5108 2773 5161 secundi
2803 5123 2937 5161 vero
2979 5124 3010 5161 a
3044 5106 3251 5177 primis
3284 5108 3588 5171 docentur,
3621 5110 3677 5161 et

270 5192 422 5245 tertii
451 5208 485 5245 a
514 5191 816 5257 secundis,
850 5196 907 5245 et
936 5192 1126 5246 caeteri
1156 5192 1433 5262 dienceps
1465 5190 1759 5251 similiter:
1795 5192 1891 5262 qui
1926 5208 2178 5263 namque
2206 5193 2539 5263 cognitione
2569 5198 2626 5249 et
2679 5193 2892 5249 virtute
2939 5194 3165 5249 caeteris
3225 5194 3600 5262 antecellunt,
3634 5194 3674 5248 ii

269 5282 365 5351 qui
398 5296 460 5335 se
492 5284 635 5335 sunt
661 5279 965 5335 inferiores
994 5280 1292 5335 erudiunt.

339 5369 581 5425 Proinde
606 5368 956 5439 ignorantia:
988 5369 1213 5434 morbo,
1239 5386 1365 5440 qua;
1388 5371 1679 5441 superbiae
1699 5375 1789 5425 est
1810 5376 2016 5437 mater,
2042 5370 2307 5427 laborare
2332 5373 2607 5427 censendi
2631 5377 2770 5427 sunt
2793 5372 2831 5426 ii
2854 5373 2951 5443 qui
2978 5373 3317 5429 existimant
3338 5374 3673 5429 doctoribus

264 5458 374 5514 sibi
393 5475 539 5530 opus
563 5474 676 5514 non
701 5474 853 5529 esse;
878 5458 915 5512 ii
942 5462 1136 5514 autem
1160 5459 1417 5531 suntqui
1440 5461 1784 5515 docentibus
1804 5476 1936 5516 cum
1960 5462 2243 5516 charitate
2264 5462 2435 5516 ﬁdem
2463 5478 2575 5516 non
2599 5463 2900 5530 adhibent;
2921 5464 3135 5518 etenim
3160 5463 3416 5519 volentes
3441 5480 3507 5517 ea
3530 5463 3585 5515 in
3612 5477 3670 5515 re

338 5580 353 5613 ¹
390 5577 516 5632 Haec
546 5574 986 5649 epistoladeest
1017 5575 1218 5647 primae
1247 5576 1483 5633 editioni
1520 5578 1861 5633 Heraclidis.
1927 5578 2098 5633 Deest
2118 5578 2295 5633 etiam
2357 5578 2465 5633 Ms.
2523 5579 2863 5636 Moretiano.
2925 5580 3095 5636 Dedit
3127 5597 3251 5635 eam
3319 5582 3667 5649 Lipomanus

268 5663 338 5702 ex
364 5649 512 5704 libro
544 5646 861 5703 cardinalis
892 5646 1273 5717 BesSarionis,
1307 5656 1564 5706 vertente
1596 5652 1687 5708 Fr.
1726 5652 1846 5706 Tori

266 5720 531 5777 versione
558 5719 810 5777 Herveti.

2090 5650 2347 5706 Palladio
2394 5651 2623 5707 Herveti
2672 5651 2920 5707 habetur
2968 5653 3289 5708 Heraclidis
3333 5646 3568 5707 nomine
3599 5666 3666 5707 ex
