3986 6168
417 353 519 408 251

1575 359 1943 413 ΛΡΡΕΝΒΙΧ
1983 360 2080 412 ΔΙ)
2119 358 2332 413 VITAS
2366 360 2684 414 PATRUM.

3678 366 3769 422 252

419 495 523 551 per
552 492 740 533 aerem
764 477 1056 535 daemones
1089 479 1658 554 imitantur,quando
1682 480 1766 535 illi
1798 497 2032 553 quoque
2052 482 2252 537 eadem
2278 486 2443 553 peste
2465 482 3146 555 corrupti,aecslestibus
3160 484 3281 540 suis
3312 485 3534 543 sedibus
3554 488 3775 564 fugitivi,

417 566 744 639 praecipites
778 566 912 621 olim
948 569 1016 623 de
1050 569 1191 625 cmlo
1223 570 1397 642 primi
1422 572 1479 626 in
1503 570 1742 626 exitium
1769 570 1991 641 delapsi
2017 570 2156 627 sint.
2192 572 2559 645 Nequeenim
2596 572 2859 628 doctrina
2878 573 3316 630 suntdictiones
3338 580 3434 629 aut
3456 576 3777 648 syllabae,sed

420 660 571 711 recte
606 656 752 711 facta
783 655 965 712 animi
998 659 1144 714 bene
1178 659 1492 727 informati,
1527 660 1875 731 animusque
1905 661 2031 732 ipse
2052 661 2211 715 omni
2235 662 2580 733 aegritudine
2599 679 2837 731 vacuus,
2860 680 3216 734 prorsusque
3245 664 3556 735 intrepidus
3576 682 3634 720 ac
3653 684 3778 737 prae-

422 763 583 812 sens,
608 747 821 818 cuique
853 748 1013 803 nulla
1045 749 1349 805 iracundia
1378 751 1733 816 dominetur,
1764 754 1822 807 et
1854 751 1953 822 qui
1987 767 2113 821 qua:
2145 753 2323 807 sentit
2356 751 2533 808 libere
2556 753 2835 809 omnibus
2879 753 2939 808 in
2972 754 3145 809 rebus
3184 753 3375 826 eloqui
3423 772 3529 809 non
3556 756 3779 825 dubitet;

427 835 581 891 unde
614 835 895 891 nimirum
930 855 1122 893 sermo
1152 838 1329 909 igneas
1364 839 1613 893 ﬂamma:
1646 839 1834 893 instar
1862 840 2137 911 erumpit.

497 922 868 991 Etenim,nisi
901 924 1009 979 hoc
1041 926 1120 979 ita
1151 932 1325 992 esset,
1362 944 1733 999 nequaquam
1765 928 2070 1000 discipulis
2103 929 2230 986 suis
2260 929 2504 986 dixisset
2531 946 2781 1003 magnus
2812 930 2908 987 ille
2940 931 3238 1003 Magister:
3264 931 3472 987 Discite
3494 950 3525 988 a
3554 949 3639 989 me
3667 934 3787 1005 quia

420 1010 586 1064 mitis
618 1028 750 1067 sum
781 1016 836 1067 et
868 1012 1108 1069 humilis
1141 1016 1312 1070 corde
1344 1017 1551 1086 (Matth.
1585 1019 1687 1083 x1),
1719 1034 1851 1072 cum
1879 1034 1992 1074 non
2017 1023 2291 1090 corrupta
2322 1020 2586 1074 oratione
2616 1019 2909 1075 auditores
2940 1018 3036 1073 ille
3072 1036 3208 1075 suas
3241 1020 3508 1089 srudiret,
3552 1022 3645 1076 sed
3676 1021 3788 1077 talis

423 1104 579 1155 esset
599 1101 814 1172 ipse,ut
842 1103 1135 1159 neminem
1162 1105 1426 1160 moribus
1449 1106 1574 1161 suis
1598 1107 2149 1179 offenderet,praeter
2167 1110 2559 1164 eosdunlaxat
2583 1109 2797 1179 quibus
2818 1114 3025 1179 suapte
3055 1114 3262 1180 sponte
3282 1110 3535 1164 doctrina
3555 1109 3673 1181 ipsa
3692 1128 3793 1164 una

426 1206 561 1244 cum
586 1191 929 1247 doctoribus
960 1199 1114 1248 esset
1135 1194 1340 1250 invisa.
1372 1195 1551 1250 Debet
1579 1196 1732 1251 enim
1764 1198 1980 1261 anima,
2016 1215 2144 1268 qua:
2175 1215 2236 1253 se
2270 1200 2323 1252 in
2344 1199 2469 1253 vita:
2490 1198 2832 1254 Christianae
2863 1198 3155 1253 curriculo
3180 1204 3421 1267 exercet,
3444 1204 3540 1253 aut
3558 1198 3797 1253 adhibita

431 1280 544 1335 fide
568 1279 805 1335 aliunde
826 1282 1050 1337 discere
1081 1301 1207 1355 quae
1236 1285 1438 1352 nescit,
1486 1292 1588 1341 aut
1610 1303 1732 1355 quae
1756 1287 1865 1341 scit
1887 1296 2079 1358 aperte
2112 1287 2236 1357 ipsa
2269 1287 2413 1342 alios
2445 1287 3016 1359 docere;alioquiqui
3040 1288 3246 1343 borum
3280 1288 3611 1343 alterutrum
3634 1288 3799 1342 facere

433 1369 769 1439 neglexerit,
796 1372 847 1426 is
867 1372 1072 1428 merito
1096 1374 1825 1430 interinsanosbabendus
1858 1377 1954 1432 sit:
1990 1376 2203 1448 quippe
2234 1394 2365 1431 cum
2400 1376 2633 1431 initium
2670 1377 3009 1433 defectionis
3060 1377 3137 1433 sit
3170 1377 3441 1433 doctrinae
3497 1378 3717 1432 satietas
3745 1391 3801 1429 ac

436 1458 760 1530 disciplinae
793 1461 1307 1534 fastidium,quam
1344 1464 1419 1536 pii
1457 1464 1715 1519 hominis
1751 1465 1985 1520 animus
2019 1466 2257 1521 assidue
2288 1482 2474 1537 usque
2497 1466 2703 1522 solitus
2725 1472 2814 1523 est
2834 1467 3076 1531 esurire,
3106 1468 3290 1523 Fortis
3321 1472 3462 1535 esto,
3492 1470 3546 1520 et
3574 1464 3707 1532 vale;
3734 1470 3803 1533 et,

437 1548 591 1619 quod
626 1564 907 1620 magnum
941 1559 1049 1618 est,
1082 1552 1258 1609 donet
1286 1553 1389 1608 tibi
1420 1554 1572 1609 Deus
1602 1554 1997 1626 cognitionem
2029 1554 2263 1611 Christi.

434 1718 3805 1752 ω

1346 1874 2092 1981 HEBACLlDlS

2202 1871 2929 1979 PABADISUS.

966 2194 1195 2250 CAPUT
1246 2196 1547 2253 PRIMUM.

441 2284 564 2339 Vita
598 2283 794 2339 [sideri
819 2286 1136 2355 presbyteri
1166 2287 1574 2349 Alexandrini;
1605 2288 1863 2343 Dorothci
1894 2305 2086 2341 mana-

503 2354 594 2431 clii
614 2355 902 2431 (Thebani,
934 2354 1294 2431 Ρὸιᾳηιίκηεε
1348 2364 1634 2431 martyris,
1667 2359 1891 2431 Didymi
1932 2361 2083 2425 caci,

506 2430 555 2480 et
586 2427 913 2483 Alexandrea
943 2429 1215 2485 mulieris.

510 2571 649 2626 Cum
679 2572 929 2641 primum
953 2572 1405 2628 Alexandrinam
1431 2574 1591 2645 attigi
1619 2574 1910 2630 civitatem
1931 2576 2086 2643 (Pal—

440 2661 575 2726 lad.,
606 2678 654 2717 ο.
680 2663 751 2729 1),
777 2663 835 2717 in
858 2665 1115 2721 secundo
1138 2664 1388 2719 senioris
1416 2665 1786 2736 imperatoris
1817 2666 2083 2721 Theodo-

437 2751 506 2805 sii
524 2750 857 2817 consulatu,
875 2752 972 2823 qui
993 2759 1228 2824 propter
1245 2769 1369 2807 eam
1390 2770 1562 2823 quam
1581 2753 1953 2809 inChristum
1970 2772 2087 2809 cre-

440 2840 588 2894 didit
613 2841 785 2895 fidem
809 2858 942 2895 cum
960 2842 1354 2913 angelisnunc
1371 2849 1655 2910 moratur;
1680 2843 2083 2899 admirabilem

436 2930 626 2984 virum
660 2934 717 2985 et
737 2937 1009 2986 ornatum
1040 2948 1143 3001 per
1173 2932 1371 2987 omnia
1405 2933 1667 2988 moribus
1700 2949 1763 2987 ac
1807 2933 2083 3003 peritum,

440 3021 727 3077 Isidorum
743 3022 1145 3093 presbyterum
1164 3022 1219 3077 in
1238 3027 1561 3078 memorata
1578 3023 1806 3078 civitate
1822 3023 2085 3095 cognovi,

443 3112 543 3181 qui
578 3111 633 3167 in
664 3112 1059 3168 Alexandrina
1090 3112 1346 3168 Ecclesia
1377 3117 1501 3167 erat
1556 3118 1864 3184 susceptor
1913 3119 2090 3184 atque

439 3201 709 3272 provisor
740 3218 1065 3273 pauperum
1102 3203 1370 3268 fratrum,
1396 3218 1570 3273 quem
1596 3202 1653 3257 in
1688 3202 2089 3273 principioju-

440 3291 698 3345 ventutis
731 3308 849 3345 suae
871 3291 1137 3363 egregias
1152 3308 1254 3363 per
1267 3291 1647 3346 solitudinem
1666 3291 1891 3361 palmas
1907 3291 2086 3346 absti-

442 3382 656 3435 nentiae
679 3382 1075 3451 promeruisse
1100 3381 1505 3435 memorabant
1532 3381 1723 3450 (cujus
1750 3387 1807 3435 et
1824 3378 2091 3435 cellulam

438 3469 557 3523 vidi
591 3470 649 3523 in
685 3469 1013 3533 monte,cui
1040 3469 1836 3538 Nilriasnomenest),senem
1854 3474 2089 3540 septua-

440 3559 664 3628 gesimo
698 3558 884 3613 astatis
916 3574 1034 3612 sua:
1066 3575 1241 3626 anno;
1275 3558 1373 3629 qui
1404 3558 1534 3613 aliis
1553 3560 1888 3629 quindecim
1922 3560 2092 3612 annis
2125 3564 2170 3627 Β

440 3645 683 3699 vivendo
704 3646 858 3699 943
875 3644 1202 3716 completis,
1236 3646 1377 3701 obiit
1400 3646 1457 3699 in
1481 3662 1639 3716 pace.
1666 3645 1764 3700 Ille
1788 3646 1965 3715 igitur
1986 3662 2088 3701 us-

447 3751 561 3804 que
592 3735 662 3788 ad
700 3733 972 3788 ultimum
1003 3734 1174 3788 finem
1211 3752 1324 3789 non
1358 3735 1540 3789 linteo
1565 3752 1708 3789 usus
1739 3740 1847 3802 est,
1883 3735 1991 3789 nisi
2026 3752 2091 3789 eo

448 3839 562 3894 quo
594 3821 811 3877 velaret
841 3828 1038 3894 caput;
1068 3839 1180 3878 non
1216 3822 1424 3878 balnea
1447 3824 1659 3895 attigit,
1685 3841 1798 3878 non
1824 3840 1888 3877 ex
1912 3823 2095 3879 carni-

448 3912 559 3967 bus
586 3912 779 3967 cibum
808 3912 1079 3983 sumpsit;
1100 3929 1211 3967 non
1239 3928 1452 3967 mensa:
1479 3914 1745 3983 usquead
1766 3914 2094 3969 satietatem

448 4001 734 4056 interfuit.
769 4002 875 4066 Qui
910 4002 1141 4072 quidem
1176 4008 1292 4056 tam
1328 4002 1468 4056 lauti
1503 4002 1830 4071 corpusculi
1869 4002 1977 4056 fuit
1999 4018 2099 4073 per

448 4091 699 4160 gratiam
754 4090 1081 4161 spiritualis
1113 4091 1427 4160 alimoniae,
1460 4098 1523 4145 ut
1554 4107 1756 4145 omnes
1782 4091 1881 4161 qui
1920 4094 2099 4145 vitam

451 4181 638 4250 ipsius
656 4179 1455 4251 nesciebant,epulationibus
1473 4179 1613 4233 illud
1630 4196 1696 4235 ac
1709 4180 2106 4251 voluptatibus

452 4270 835 4341 imputarent.
877 4271 949 4324 De
982 4285 1096 4340 quo
1128 4268 1271 4339 viro,
1305 4269 1352 4324 si
1385 4270 1633 4324 virtutes
1667 4269 1855 4340 ipsius
1896 4268 2103 4324 anima:

455 4375 743 4429 exponere
774 4357 1116 4429 singulatim
1149 4358 1343 4424 velim,
1365 4362 1599 4429 tempus
1619 4373 1707 4412 me
1733 4358 1987 4429 profecto
2007 4358 2103 4412 de-

458 4448 630 4502 ficiet.
666 4447 772 4514 Qui
807 4452 979 4502 tanta:
1010 4447 1293 4503 bonitatis
1322 4451 1495 4518 atque
1528 4446 1915 4501 humanitatis
1959 4451 2105 4515 erat,

456 4541 697 4606 tamque
728 4536 1029 4606 paciﬁcus,
1059 4540 1121 4589 ut
1147 4536 1325 4591 etiam
1364 4535 1476 4608 ipsi
1508 4536 1607 4607 qui
1649 4534 2105 4607 pertinacissimi

455 4624 721 4693 ejusdem
748 4623 1097 4677 videbantur
1120 4623 1367 4691 inimici,
1400 4624 1811 4679 erubescerent
1841 4625 2105 4679 umbram

453 4728 684 4783 quoque
716 4711 923 4782 ipsius,
951 4718 1186 4784 propter
1202 4718 1319 4767 tam
1335 4713 1725 4768 venerabilem
1740 4714 1940 4767 vitam.
1957 4717 2110 4766 Tan-

454 4806 574 4855 tam
609 4804 800 4856 autem
836 4807 1170 4857 sanctarum
1197 4802 1633 4873 Scripturarum
1678 4818 1743 4856 ac
1775 4802 1953 4857 divini
2000 4803 2107 4856 do-

460 4889 676 4961 gmatis
736 4891 919 4945 fertur
967 4890 1240 4945 habuisse
1294 4891 1587 4960 notitiam,
1623 4896 1687 4946 ut
1716 4897 1772 4946 et
1800 4891 1948 4945 inler
1979 4891 2106 4960 ipsa

460 4981 709 5035 fratrum
740 4980 1002 5035 convivia
1051 4980 1490 5051 obstupesceret
1543 4981 1756 5047 subito,
1790 4997 1854 5035 ac
1913 4984 2108 5035 mente

463 5074 710 5139 mutata,
728 5075 783 5124 et
805 5068 1076 5124 sensibus
1100 5070 1486 5140 spiritualiter
1507 5071 1807 5142 occupatis
1829 5068 2105 5126 transmi-

462 5158 812 5230 grassealio
843 5156 1159 5225 videretur;
1204 5170 1265 5213 ut
1318 5158 1415 5229 qui
1474 5158 1871 5231 interrogatus
1908 5163 2109 5230 postea

464 5264 703 5303 causam
734 5248 918 5317 ipsius
940 5246 1350 5319 stuporis,hazc
1372 5249 1606 5315 diceret,
1624 5250 1690 5302 ad
1712 5248 1824 5302 alia
1842 5248 2110 5317 quardam

467 5356 530 5394 se
561 5337 912 5407 cogitatione
939 5337 1318 5403 translatum,
1342 5342 1396 5391 et
1420 5337 1729 5406 cujusdam
1754 5335 1987 5390 theorim
2011 5335 2113 5389 mi-

469 5426 665 5482 raculo
698 5431 930 5495 raptum
962 5424 1309 5480 fuisse.Novi
1341 5426 1518 5482 etiam
1565 5442 1691 5497 ego,
1727 5427 2115 5479 memoratum

465 5517 679 5579 virum,
711 5515 851 5569 dum
888 5524 1144 5569 sumeret
1196 5515 1413 5585 cibum,
1466 5515 1681 5586 saepius
1740 5515 2113 5581 lacrymasse.

478 5606 741 5675 Cumque
774 5604 1096 5660 admirarer
1127 5606 1272 5661 forte
1306 5623 1409 5661 cur
1440 5604 1742 5665 ﬂeret,hoc
1774 5620 1839 5657 ex
1863 5618 1963 5656 ore
1995 5601 2121 5670 ejus

470 5694 667 5751 audivi
692 5712 704 5753 :
738 5696 1061 5767 Erubesce,
1094 5695 1299 5766 inquit,
1326 5694 1785 5751 irrationabilem
1808 5692 2003 5748 cibum
2027 5707 2123 5748 su-

2117 2202 2169 2265 Α
2200 2213 2388 2263 mens,
2440 2195 2539 2267 qui
2590 2194 2893 2251 rationalis
2944 2196 3129 2250 factus
3179 2211 3211 2249 a
3258 2199 3401 2260 Deo,
3460 2192 3717 2247 deberem
3763 2189 3813 2243 iu

2198 2285 2452 2357 paradisi
2481 2284 2777 2355 voluptate
2806 2285 3046 2351 versari,
3079 2289 3135 2338 et
3192 2284 3320 2338 cibo
3375 2280 3573 2337 satiari
3622 2278 3815 2339 divino,

2199 2379 2393 2445 proter
2421 2390 2549 2429 eam
2584 2390 2760 2443 quam
2792 2373 3061 2429 Christus
3122 2372 3290 2428 nobis
3330 2371 3539 2426 tribuit
3593 2371 3817 2441 potesta-

2197 2469 2335 2519 tem.

2271 2554 2369 2607 [lic
2402 2553 2525 2624 ipse
2557 2569 2729 2622 quem
2764 2552 2893 2606 dico
2919 2556 3091 2606 notus
3131 2544 3819 2613 Romanosenatui,femi-

2197 2640 2407 2711 nisque
2432 2639 2808 2711 primatibus,
2834 2646 2974 2694 tunc
2993 2656 3121 2694 cum
3149 2639 3408 2710 primum
3436 2654 3551 2692 una
3574 2650 3697 2690 cum
3720 2632 3821 2703 epi-

2196 2746 2373 2801 scopo
2409 2729 2755 2793 Athanasio,
2790 2735 2991 2799 postea
3024 2734 3219 2783 autem
3252 2745 3388 2783 cum
3414 2725 3694 2783 Demetrio
3715 2720 3822 2793 epi-

2198 2836 2373 2891 scopo
2390 2824 2655 2890 pergeret
2678 2818 2945 2886 Romam,
2972 2824 3026 2874 et
3048 2819 3271 2875 divitiis
3296 2824 3472 2890 atque
3488 2812 3821 2872 abundantia

2199 2926 2394 2964 rerum
2412 2908 2535 2963 sine
2551 2909 2702 2962 invid
2715 2908 2777 2961 iaa
2795 2908 2931 2963 stim
2944 2906 3038 2962 ulo
3052 2909 3397 2963 exuberaret
3412 2924 3524 2961 non
3540 2910 3826 2960 testamen-

2198 3000 2393 3056 tumin
2413 3000 2707 3071 supremis
2721 3000 2844 3055 suis
2860 2999 3016 3065 fecit,
3033 3016 3147 3053 non
3166 2998 3375 3055 saltem
3396 3014 3577 3053 unum
3594 2993 3824 3051 solidum

2199 3090 2530 3159 dereliquit,
2549 3106 2661 3143 non
2679 3094 2899 3159 partem
2918 3088 3174 3161 aliquam
3192 3088 3539 3144 substantiae
3555 3081 3828 3141 sororibus

2200 3180 2324 3235 suis
2356 3178 2680 3248 virginibus
2711 3178 2891 3248 dedit,
2916 3178 3012 3233 sed
3044 3178 3275 3234 Christo
3299 3180 3534 3234 easdem
3555 3188 3827 3231 commen-

2200 3270 2367 3323 dans.
2402 3267 2508 3331 Qui
2542 3284 2640 3322 vos
2674 3267 2827 3331 fecit,
2862 3267 3076 3337 inquit,
3103 3272 3360 3323 vestram
3411 3279 3641 3338 quoque
3670 3261 3831 3315 vitam

2200 3357 2495 3413 ordinabit
2512 3364 2572 3410 ut
2589 3373 2797 3411 meam.
2826 3356 2959 3411 Erat
2973 3360 3166 3411 autem
3190 3372 3323 3411 cum
3345 3348 3830 3422 sororibusipsius

2202 3446 2574 3517 septuaginta
2602 3446 2850 3501 aliarum
2881 3445 3179 3517 virginum
3215 3461 3523 3501 numerus.

2276 3545 2326 3598 ls
2362 3548 2557 3616 itaque
2589 3560 2722 3599 cum
2757 3545 3049 3599 venissem
3084 3544 3155 3598 ad
3192 3560 3324 3599 eum
3361 3544 3421 3599 in
3444 3540 3722 3616 principio
3747 3538 3832 3608 ju-

2199 3635 2477 3702 venlutis,
2514 3639 2568 3687 et
2611 3637 2863 3705 peterem
2924 3637 2987 3686 ut
3044 3633 3367 3687 instrueret
3403 3650 3497 3688 me
3555 3632 3626 3686 ad
3659 3640 3833 3684 mores

2201 3722 2500 3793 vitamque
2534 3721 2953 3776 monachorum
2989 3721 3044 3775 in
3078 3720 3206 3792 ipso
3232 3720 3407 3792 primi
3434 3720 3626 3776 adhuc
3648 3716 3834 3771 ardore

2204 3811 2305 3865 aevi
2322 3810 2573 3865 locatum
2591 3811 2703 3882 (cui
2722 3827 2833 3865 non
2852 3815 3013 3865 tanta
3026 3827 3073 3864 m
3086 3811 3418 3865 necessaria
3432 3803 3837 3865 essetdoctrina

2205 3899 3004 3970 verborum,quantumjugis
3021 3900 3181 3953 labor
3194 3904 3249 3954 et
3265 3900 3530 3969 fatigatio
3545 3891 3841 3968 corporalis

2209 3990 2705 4059 quemadmodum
2722 3989 2975 4043 domitor
2988 4004 3271 4058 equorum
3289 3987 3841 4059 bonus,productum

2212 4096 2303 4134 me
2335 4080 2405 4134 de
2437 4080 2687 4135 civitatis
2720 4078 2968 4133 internis
3002 4078 3272 4148 usquead
3293 4074 3840 4147 quintumlapidem,

2213 4172 2284 4225 ad
2300 4186 2367 4224 ea
2398 4186 2524 4239 qua:
2539 4173 2819 4224 vocantur
2840 4166 3226 4223 solitudinum
3249 4166 3395 4233 loca,
3422 4166 3714 4222 Dorotheo
3736 4159 3843 4215 cui-

2215 4261 2349 4314 dam
2373 4258 2650 4313 Thebano
2667 4257 2952 4313 monacho
2974 4255 3241 4327 (Pallad.,
3263 4257 3402 4324 0.2),
3425 4253 3846 4326 sexagesimum

2215 4349 2272 4402 in
2305 4347 2587 4418 spelunca
2618 4345 3047 4417 agentiannum
3082 4345 3516 4400 commendavit
3545 4349 3604 4399 et
3625 4338 3848 4397 tradidit

2207 4436 2423 4509 jubens
2458 4434 2603 4489 mihi
2638 4440 2699 4489 ut
2730 4435 2922 4489 tribus
2952 4434 3104 4505 apud
3139 4450 3271 4488 eum
3292 4433 3465 4489 annis
3494 4445 3762 4496 morarer,
3785 4424 3845 4479 ad

2216 4524 2814 4595 contundendaatque
2833 4523 3154 4594 frangenda
3175 4521 3578 4578 illicitamenta
3593 4520 3850 4575 vitiorum

2218 4620 2476 4686 (noverat
2505 4615 2659 4670 enim
2695 4613 2880 4685 ipsius
2902 4612 3059 4667 senis
3079 4610 3460 4666 durissimam
3496 4616 3673 4681 atque
3706 4605 3851 4660 labo-

2219 4705 2601 4760 riosissimam
2626 4700 3231 4773 vitam)praecepitque
3246 4704 3309 4754 ut
3324 4717 3563 4755 rursum
3593 4700 3661 4754 ad
3680 4696 3856 4767 ipsum

2220 4794 2491 4862 redirem,
2525 4793 2597 4848 ob
2630 4790 2953 4861 spiritualis
2987 4788 3245 4846 scientiae
3280 4790 3548 4845 notitiam
3574 4792 3744 4857 atque
3765 4783 3857 4836 do'

2220 4884 2491 4937 ctrinam.
2518 4882 2632 4952 Ego
2655 4896 2786 4935 vero
2811 4895 2943 4934 cum
2977 4878 3096 4932 illic
3118 4877 3364 4949 implere
3396 4884 3537 4947 tres,
3570 4883 3634 4931 ut
3664 4886 3862 4947 praece-

2222 4976 2403 5043 perat,
2441 4987 2626 5026 annos
2658 4986 2772 5024 non
2808 4968 3129 5040 potuissem
3163 4965 3357 5021 valida
3382 4965 3728 5022 infirmitate
3747 4975 3862 5015 cor-

2219 5066 2443 5131 reptus,
2479 5065 2611 5114 ante
2647 5058 2843 5113 finitas
2875 5055 3144 5112 inducias
3175 5056 3417 5111 triennii
3468 5052 3753 5127 temporis
3788 5047 3857 5103 ab

2224 5149 2353 5221 ipso
2383 5147 2653 5204 sublatus
2688 5163 2840 5201 sum.

2300 5250 2431 5303 Erat
2461 5245 2614 5300 enim
2644 5245 2771 5299 vita:
2804 5244 2992 5312 ipsius
3025 5260 3157 5299 cum
3185 5243 3478 5300 immensa
3508 5242 3785 5298 ariditate
3806 5251 3863 5290 ac

2227 5336 2486 5392 siccitate
2518 5339 2835 5389 certamen.
2872 5332 2978 5387 Per
3000 5349 3233 5388 omnem
3259 5348 3511 5405 namque
3536 5333 3688 5387 diem
3712 5329 3769 5383 in
3786 5342 3873 5379 ar-

2228 5426 2365 5479 dore
2399 5422 2676 5490 maximo,
2708 5421 2839 5477 etin
2872 5421 3190 5476 solitudine
3211 5422 3366 5477 circa
3389 5422 3587 5477 littora
3608 5414 3874 5475 marisla-

2231 5514 2396 5587 pides
2423 5511 2757 5583 colligebat,
2791 5509 3346 5581 singulisqueannis
3378 5510 3585 5566 cellam
3608 5504 3880 5563 struendo

2236 5602 2559 5675 perficiens,
2596 5602 2666 5657 iis
2698 5600 2793 5674 qui
2829 5600 3114 5655 fabricare
3141 5616 3253 5655 non
3277 5605 3569 5672 poterant,
3594 5594 3879 5654 otferebat.

2236 5694 2377 5752 Cum
2394 5697 2591 5749 autem
2617 5691 2667 5748 ei
2693 5691 2950 5763 quadam
2966 5690 3059 5746 die
3083 5707 3114 5747 a
3128 5706 3220 5745 me
3242 5689 3463 5747 dictum
3489 5688 3721 5746 fuisset:
3743 5681 3882 5749 Quid
