4002 6166
262 342 369 400 253

1526 340 1840 397 HEBACLI
1852 341 1962 395 DIS
1997 342 2425 400 PARADISUS.

3571 328 3677 385 254

263 470 429 539 facis,
448 467 721 535 Pater,in
753 470 919 524 tanta
948 471 1185 524 senecta
1214 465 1573 521 interﬁciens
1596 480 1916 536 corpuscu-
1948 465 2002 530 Α
2038 466 2281 523 immitis
2315 468 2509 539 posuit
2540 465 2934 524 conditionem
2973 481 2985 518 :
3019 466 3132 519 Aut
3172 458 3563 532 vade,inquit,
3621 460 3679 512 et

264 559 383 614 lum
420 566 549 613 tum
584 557 751 612 szevis
784 557 1137 613 ardoribus?
1173 555 1515 628 Respondit,
1549 555 1658 609 hoc
1688 554 1911 609 dicens:

267 647 493 705 Occidit
514 662 629 713 me,
655 647 856 702 occido
880 645 1049 701 illud.
1076 646 1293 701 Edebat
1316 661 1449 701 vero
1464 645 1695 700 unciam
1726 642 1913 715 panis,

270 752 571 807 unumque
603 735 950 790 fasciculum
984 734 1160 789 oleris
1187 733 1484 799 vilissimi,
1516 733 1723 788 bibens
1754 748 1917 802 aqua:

266 826 560 882 modicam
594 826 1008 895 quantitatem,
1044 840 1349 894 nunquam
1384 828 1577 877 tamen
1611 838 1768 888 eum,
1803 820 1917 875 Deo

265 920 433 981 teste,
465 913 797 969 extendisse
848 914 1116 985 proprios
1146 914 1323 985 pedes
1354 913 1494 977 vidi,
1532 927 1824 980 nunquam
1858 909 1914 963 in

264 1009 788 1075 matta,nunquam
817 1002 873 1056 in
894 1002 1107 1057 lectulo
1131 1002 1551 1073 quicvisse,sed
1575 1017 1675 1072 per
1696 1000 1920 1055 univer-

264 1112 391 1151 sam
435 1097 670 1149 noctem
706 1092 916 1147 sedens
950 1091 1245 1146 intexebat
1275 1091 1471 1145 funem
1507 1090 1818 1161 quemdam
1851 1105 1920 1143 ex

266 1184 476 1240 arbore
500 1182 1063 1251 dactylorum,cujus
1079 1180 1261 1251 pretio
1282 1180 1432 1235 vesci
1454 1179 1692 1234 solebat.
1707 1183 1919 1233 Putans

266 1278 463 1329 autem
497 1287 629 1343 ego,
662 1271 816 1342 quod
850 1274 984 1325 ante
1017 1286 1110 1325 me
1144 1270 1334 1324 solum
1369 1269 1488 1323 hinc
1522 1270 1733 1323 faceret
1790 1283 1922 1339 quae

264 1360 979 1431 videbam,scrupulosius
1000 1358 1175 1413 etiam
1201 1359 1270 1413 ab
1295 1358 1426 1413 aliis
1446 1358 1573 1428 ejus
1588 1356 1918 1428 discipulis,

268 1452 364 1524 qui
380 1452 699 1522 separatim
718 1450 1056 1515 manebant,
1073 1449 1381 1519 quaerendo
1399 1447 1659 1517 cognovi,
1675 1447 1814 1517 quia
1836 1445 1921 1501 sic

268 1558 299 1597 a
321 1542 514 1611 prima
535 1544 702 1594 atate
724 1538 979 1605 vivebat,
1005 1553 1306 1607 nunquam
1344 1541 1538 1591 tamen
1570 1534 1921 1607 sponte,nisi

265 1647 332 1686 ex
350 1630 606 1685 maxima
622 1627 987 1694 necessitate,
1006 1626 1301 1694 dormivit,
1318 1630 1419 1681 aut
1433 1641 1605 1697 opere
1621 1625 1916 1695 fatigatus,

265 1724 363 1774 aut
382 1719 525 1773 dum
551 1715 954 1785 ciboutitur,si
978 1717 1124 1770 forte
1144 1732 1325 1786 usque
1351 1716 1493 1770 adeo
1515 1730 1647 1769 eum
1673 1730 1921 1769 somnus

270 1806 588 1881 oppressit,
624 1810 686 1861 ut
718 1804 1024 1877 paululum
1059 1804 1108 1860 ei
1142 1804 1290 1859 oculi
1321 1804 1771 1871 clauderentur;
1805 1804 1917 1857 fre-
1951 1839 2001 1905 Β

265 1902 512 1968 quenter
533 1895 690 1951 enim
705 1894 1151 1959 edendo,nimia
1169 1893 1221 1948 vi
1246 1892 1435 1948 somni
1451 1894 1639 1965 capite
1654 1893 1919 1957 nutabat,

266 1986 560 2059 panisque
582 2001 650 2040 ex
671 1984 819 2056 ipsis
841 1983 1017 2038 labiis
1039 1983 1157 2039 oris
1180 1983 1466 2049 cadebat;
1495 1983 1590 2051 qui
1610 1981 1927 2053 aliquando

268 2091 398 2131 cum
424 2092 456 2129 a
483 2090 576 2129 me
612 2073 1047 2143 quodammodo
1082 2076 1405 2144 cogeretur,
1429 2075 1493 2125 ut
1512 2070 1599 2125 vel
1632 2076 1929 2126 momento

266 2170 376 2220 tem
388 2164 549 2236 poris
563 2179 744 2234 supra
758 2161 1640 2233 mattamjaceret,contristatus
1655 2159 1767 2215 ista
1781 2160 1812 2214 d
1824 2160 1931 2214 ice-

270 2254 367 2309 bat
400 2270 413 2307 :
447 2254 503 2307 Si
538 2251 763 2324 angelis
826 2252 1180 2323 persuadere
1213 2251 1472 2321 potueris
1505 2254 1568 2303 ut
1598 2249 1927 2321 quiescant,

271 2341 661 2414 persuadebis
694 2344 750 2396 et
780 2341 830 2396 ei
864 2341 965 2412 qui
997 2346 1114 2396 Deo
1147 2339 1373 2411 placere
1406 2340 1663 2394 festinat.

339 2433 447 2487 Hic
473 2448 594 2485 una
616 2430 840 2485 dierum
862 2431 931 2485 ad
958 2435 1199 2501 puteum
1224 2446 1402 2484 suum
1423 2445 1516 2483 me
1538 2429 1691 2483 circa
1712 2446 1925 2483 nonam

275 2522 479 2577 horam
505 2518 856 2583 transmisit,
873 2525 937 2573 ut
951 2518 1255 2589 implerem
1270 2519 1481 2573 cadum
1496 2522 1755 2588 tempore
1778 2519 1926 2573 refe-

274 2611 488 2665 ctionis
518 2610 796 2664 instante.
830 2607 1049 2663 Accidit
1072 2611 1265 2662 autem
1291 2612 1355 2661 ut
1374 2623 1506 2661 cum
1532 2606 1847 2673 venissem,
1873 2612 1929 2660 et

263 2698 535 2770 aspidem
560 2714 701 2753 casu
725 2696 783 2751 in
809 2697 927 2752 imo
953 2696 1311 2768 puteivisam
1333 2694 1927 2765 perhorruissem,vas

268 2804 455 2843 vacuu
468 2804 523 2842 m
549 2790 1299 2859 reportarem,causamque
1314 2784 1541 2840 timoris
1554 2800 1921 2855 exponerem,

272 2878 477 2933 dicens
499 2895 511 2933 :
532 2876 715 2945 Abba,
730 2877 944 2931 mortui
961 2891 1201 2941 sumus;
1228 2874 1492 2944 aspidem
1506 2874 1663 2929 enim
1679 2874 1735 2928 in
1753 2879 1924 2946 puteo

270 2984 388 3039 quo
412 2982 507 3022 me
529 2965 776 3021 miseras
797 2965 936 3020 vidi.
954 2962 1924 3021 Subridensilletantummododiu

266 3073 363 3112 me
397 3056 634 3111 intuens
666 3055 912 3127 aspexit,
946 3058 1240 3125 caputque
1273 3053 1611 3107 concutiens
1639 3053 1782 3107 dixit
1815 3068 1827 3106 :
1864 3052 1923 3107 Si

270 3144 558 3217 placuerit
578 3142 811 3199 diabolo
837 3159 937 3212 per
957 3159 1159 3198 omnes
1182 3159 1241 3197 se
1258 3147 1461 3214 puteos
1484 3142 1569 3197 vel
1593 3146 1920 3213 serpentem

265 3234 352 3291 vel
368 3234 775 3291 testitudinem
791 3236 977 3288 facere
992 3234 1401 3304 reliquumque
1415 3247 1602 3303 genus
1615 3248 1923 3287 venenosa-

266 3340 401 3379 rum
421 3324 831 3391 bestiarum,et
855 3325 910 3378 in
939 3340 1123 3395 aquas
1151 3323 1396 3378 fontium
1421 3321 1924 3392 desilire,poteris-

265 3417 422 3465 netu
448 3426 578 3466 esse
602 3410 726 3465 sine
758 3416 896 3481 potu
921 3410 949 3465 ?
981 3426 1233 3481 moxque
1262 3426 1535 3481 egressus
1569 3425 1671 3479 per
1701 3415 1918 3463 semet-

264 3499 464 3570 ipsum
493 3500 740 3570 jejunus
764 3516 976 3570 aquam
1012 3500 1188 3553 traxit
1210 3499 1279 3553 de
1302 3504 1496 3568 puteo,
1523 3515 1588 3553 ac
1616 3498 1773 3568 prior
1798 3498 1924 3568 ipse

265 3590 560 3660 signatam
615 3590 936 3661 degustans
968 3590 1047 3642 ait
1078 3606 1089 3641 :
1124 3588 1231 3643 Ubi
1261 3604 1402 3642 crux
1444 3590 1631 3653 adest,
1664 3587 1743 3642 ibi
1778 3586 1920 3641 nihil

261 3682 495 3733 Satanae
526 3678 681 3733 valet
712 3677 1071 3750 malignitas.

334 3771 591 3822 Sanctus
627 3767 734 3822 iste
767 3767 1047 3834 Isidorus,
1082 3767 1179 3836 qui
1215 3766 1590 3821 benedictum
1625 3767 1919 3838 quondam

266 3856 411 3909 vidit
431 3855 777 3925 Antonium,
802 3855 1038 3925 dignam
1059 3872 1179 3909 rem
1198 3855 1481 3910 memoria
1506 3854 1825 3909 litterarum
1843 3872 1926 3910 re-

268 3945 407 3999 tulit
440 3945 604 4010 mihi,
634 3961 808 4016 quam
827 3945 896 3999 ab
918 3944 1043 4014 ipso
1059 3961 1120 3999 se
1141 3944 1374 3999 dicebat
1406 3945 1922 4014 audisse(Pallad.,

263 4051 308 4089 ε.
332 4035 408 4104 3).
428 4034 785 4089 Potamizena
811 4033 1077 4103 quaedam
1114 4034 1349 4088 nomine
1382 4033 1575 4104 puella
1605 4034 1923 4088 admodum

267 4123 535 4195 pulchra,
553 4122 769 4178 ancilla
799 4123 1109 4193 cujusdam
1144 4126 1267 4177 erat
1298 4128 1558 4192 tempore
1592 4122 1923 4177 Maximiani

269 4212 881 4283 persecutoris,quam
909 4210 1111 4267 multis
1145 4212 1476 4282 frequenter
1500 4229 1565 4266 ac
1587 4212 1766 4267 variis
1793 4229 1923 4284 pro-

263 4302 657 4357 missionibus
679 4300 958 4357 dominus
980 4317 1123 4356 suus
1140 4305 1495 4365 tentans,stu
1510 4318 1676 4371 prare
1692 4318 1802 4356 non
1819 4318 1923 4373 po-

265 4391 401 4458 tuit,
427 4390 514 4446 ita
534 4394 600 4446 ut
621 4391 691 4445 ad
718 4395 1085 4462 postremum
1108 4406 1306 4445 amore
1328 4395 1505 4461 atque
1528 4391 1758 4446 insania
1780 4408 1921 4462 prae-

266 4495 425 4551 ceps,
450 4480 709 4534 traderet
722 4496 847 4535 eam
867 4478 951 4533 illi
968 4479 1064 4551 qui
1083 4488 1217 4533 tunc
1232 4478 1595 4534 Alexandriae
1622 4480 1923 4551 prmfectu-

2028 556 2249 611 domini
2282 559 2365 612 tui
2398 560 2738 629 obtempera
2768 554 3077 617 voluntati,
3103 557 3204 608 aut
3228 552 3378 607 scias
3397 554 3453 604 te
3474 548 3533 602 in
3558 548 3673 602 fer—

2026 651 2253 701 ventem
2288 647 2436 703 hanc
2469 649 2654 719 picem
2688 662 2817 702 esse
2850 644 3217 699 mittendam.
3239 640 3338 696 Cui
3372 637 3565 711 puella
3589 654 3676 692 re-

2028 737 2283 806 spondit,
2303 737 2505 793 dicens
2540 754 2552 790 :
2590 737 2922 807 Numquam
2957 732 3034 788 sit
3066 732 3213 786 alter
3244 729 3496 783 monitor
3516 726 3674 789 talis,

2029 825 2127 895 qui
2161 825 2350 880 addici
2373 828 2582 897 jubeat
2614 823 2843 879 libidini
2877 824 3233 878 castitatem.
3266 818 3350 873 Ob
3393 816 3545 887 quod
3582 816 3677 869 ille

2027 913 2210 969 nimio
2242 915 2435 969 furore
2468 914 2796 986 perculsus,
2822 913 3093 985 praecepit
3121 907 3432 981 spoliatam
3465 921 3591 961 eam
3616 905 3671 956 in

2026 1015 2129 1057 va‘s
2148 1004 2299 1075 quod
2326 1003 2601 1069 fervebat,
2625 1004 2781 1057 944
2803 1001 3065 1056 immitti.
3092 1003 3222 1052 Haec
3251 1001 3445 1051 autem
3472 1010 3577 1048 vox
3601 994 3672 1046 il-

2029 1092 2143 1146 lius
2168 1092 2277 1146 fuit
2302 1108 2314 1147 :
2340 1096 2448 1146 Pcr
2474 1096 2668 1163 caput,
2694 1092 2905 1162 inquit,
2932 1087 3303 1161 imperatoris
3324 1084 3408 1139 tui
3433 1084 3583 1154 quod
3610 1087 3669 1136 tu

2026 1181 2268 1246 vereris,
2292 1183 2569 1245 obtestor,
2595 1188 2658 1236 ut
2692 1181 2739 1233 si
2772 1180 2925 1251 apud
2953 1184 3006 1233 te
3030 1181 3314 1232 statutum
3338 1178 3427 1228 est
3456 1172 3549 1228 his
3582 1188 3675 1227 me

2028 1271 2335 1325 tormentis
2360 1286 2582 1338 necare,
2610 1288 2723 1325 non
2748 1268 2924 1324 simul
2950 1266 3263 1335 totam,sed
3290 1264 3565 1335 paulatim
3586 1278 3675 1315 me

2027 1360 2088 1415 in
2141 1362 2455 1416 ferventem
2490 1361 2638 1416 mitti
2668 1362 2881 1432 jubeas
2916 1360 3127 1431 picem,
3162 1362 3225 1411 ut
3257 1355 3449 1427 possis
3482 1354 3678 1408 videre

2029 1455 2308 1522 quantam
2332 1451 2473 1505 mihi
2494 1451 2969 1520 dederitignotus
2989 1448 3094 1502 tibi
3115 1445 3456 1517 patientiam
3481 1443 3677 1498 Chris-

2028 1547 2144 1595 tus.
2178 1544 2311 1604 Quze
2362 1557 2464 1613 per
2513 1541 2689 1595 unius
2748 1540 2903 1594 hora:
2953 1536 3231 1609 spatium,
3284 1532 3563 1606 paulatim
3619 1532 3676 1585 in

2029 1630 2282 1685 ahenum
2312 1630 2565 1685 candens
2594 1629 2869 1696 demissa,
2894 1629 3123 1694 deiecit,
3158 1628 3257 1682 ubi
3292 1626 3385 1697 pix
3419 1625 3673 1697 primum

2030 1719 2321 1775 ebulliens
2353 1721 2420 1773 ad
2456 1720 2645 1790 ipsius
2679 1718 2827 1774 colla
2858 1717 3135 1789 pervenit.

2101 1806 2304 1861 Plures
2355 1811 2551 1861 autem
2594 1806 2699 1861 viri
2750 1805 2912 1877 digni
2965 1804 3297 1860 habitaculo
3348 1804 3676 1871 beatorum,

2033 1896 2264 1950 feminae
2309 1912 2542 1966 quoque
2591 1895 2863 1963 obierunt
2894 1899 3033 1949 tunc
3064 1895 3120 1948 in
3154 1893 3556 1949 Alexandrinae
3588 1908 3679 1947 ec-

2033 1984 2221 2039 clesias
2270 1984 2522 2050 civitate,
2550 1985 2608 2038 in
2659 1984 2876 2054 quibus
2924 1983 3209 2054 Didymus
3258 1987 3383 2037 erat
3412 1984 3451 2046 ί,
3483 1980 3681 2035 oculo-

2034 2091 2163 2129 rum
2196 2074 2431 2145 quidem
2470 2073 2702 2147 Ilumine
2732 2072 3075 2138 destitutus,
3110 2073 3445 2129 divinarum
3478 2075 3675 2126 tamen

2033 2162 2469 2232 Scripturarum
2492 2161 2935 2233 peritiapollens
2952 2179 2965 2217 :
2981 2178 3155 2233 quem
3179 2177 3280 2233 ego
3303 2160 3458 2215 intra
3479 2159 3679 2214 decem

2033 2269 2215 2307 annos
2259 2252 2505 2308 diversis
2554 2252 2916 2325 temporibus
2949 2259 3155 2325 quater
3185 2255 3404 2309 vidisse
3435 2269 3528 2307 me
3555 2269 3683 2308 me-

2034 2342 2199 2408 mini,
2225 2341 2441 2413 quippe
2473 2346 2603 2415 post
2633 2344 2929 2414 octoginta
2958 2349 3014 2399 et
3044 2344 3304 2417 quinque
3335 2360 3522 2399 annos
3549 2344 3677 2397 vitae

2033 2432 2350 2487 terminum
2384 2433 2519 2488 fecit
2547 2434 2821 2503 (Pallad.,
2850 2450 2899 2489 ο.
2930 2434 3003 2504 li).
3038 2434 3141 2489 Hic
3173 2434 3351 2505 igitur
3389 2450 3564 2502 quem
3593 2433 3681 2488 lo-

2032 2538 2178 2590 quor
2225 2526 2435 2593 captus
2488 2529 2576 2578 est
2628 2522 2835 2589 oculis,
2866 2529 2928 2577 ut
2960 2524 3084 2594 ipse
3116 2523 3316 2577 retulit
3348 2522 3513 2593 mihi,
3547 2540 3682 2578 cum

2032 2616 2306 2681 quartum
2341 2617 2537 2682 ageret
2566 2613 2751 2667 aetatis
2782 2630 2903 2668 suae
2934 2630 3154 2667 annum
3182 2630 3195 2666 :
3222 2613 3320 2683 qui
3348 2629 3533 2683 neque
3557 2628 3681 2667 ma-

2032 2700 2233 2772 gistris
2265 2701 2516 2755 traditus
2552 2701 2902 2768 litterarum,
2941 2719 3129 2774 neque
3178 2703 3369 2774 prima
3413 2718 3675 2773 unquam

2031 2789 2725 2860 elementacognoscens,
2751 2791 3259 2847 habebatinsitum
3284 2793 3503 2847 bonum
3531 2808 3679 2845 sem-

2032 2895 2133 2949 per
2166 2879 2479 2948 incolume,
2514 2878 2842 2935 naturalem
2876 2881 3222 2951 magistrum
3258 2881 3678 2936 conscientiam

2032 2984 2218 3023 suam.
2249 2971 2430 3032 Quem
2456 2973 2614 3024 tanta
2646 2971 2832 3040 gratia
2864 2970 3121 3025 scientiae
3150 2970 3480 3042 spiritualis
3511 2988 3683 3027 orna~

2031 3058 2153 3123 bat,
2187 3062 2252 3113 ut
2283 3058 2338 3113 in
2371 3075 2438 3114 eo
2468 3060 2905 3116 evidentissime
2952 3062 3105 3133 quod
3159 3062 3445 3133 scriptum
3489 3062 3681 3117 adim-

2036 3147 2313 3220 pleretur,
2333 3148 2613 3204 Dominus
2642 3166 2823 3205 caecos
2856 3150 3151 3221 sapientes
3171 3151 3681 3223 facit(Psal.cxr.v).

2038 3239 2477 3293 Testamentum
2513 3239 2751 3310 quidem
2785 3240 2965 3295 Vetus
2997 3257 3062 3295 ac
3094 3241 3314 3296 Novum
3348 3244 3419 3297 ad
3440 3239 3683 3298 verbum

2031 3328 2449 3397 interpretatus
2491 3336 2617 3395 est;
2652 3336 2840 3384 sectas
2875 3334 3069 3385 autem
3104 3346 3309 3386 omnes
3341 3336 3458 3387 tam
3495 3331 3688 3387 subti-

2031 3415 2167 3469 liter
2198 3416 2560 3488 firmiterque
2587 3419 2849 3489 exposita
2880 3435 3057 3490 super
3079 3419 3237 3489 ipsas
3258 3420 3479 3476 ratione
3496 3422 3684 3476 disse-

2033 3505 2170 3570 ruit,
2204 3510 2268 3559 ut
2313 3507 2577 3560 omnium
2625 3507 2927 3563 scientiam
2979 3513 3237 3564 veterum
3289 3510 3688 3583 peritiamque

2033 3595 2325 3651 transiret.
2347 3596 2453 3659 Qui
2489 3612 2618 3651 cum
2656 3614 2746 3652 me
2778 3602 3009 3668 cogeret
3040 3600 3337 3669 quondam
3375 3604 3437 3655 ut
3468 3603 3686 3656 oratio.

2035 3700 2164 3738 nem
2199 3686 2256 3739 in
2289 3685 3037 3756 cellaipsiust’acerem,nec
3055 3692 3252 3743 tamen
3271 3690 3683 3762 ejusacquies-

2033 3790 2219 3828 cerem
2262 3775 2542 3845 jussioni,
2580 3775 2687 3831 hoc
2726 3778 3024 3832 referendo
3074 3778 3305 3833 dicebat
3338 3796 3352 3834 :
3383 3781 3466 3834 Ad
3502 3781 3682 3848 istud,

2035 3864 2249 3934 inquit,
2298 3864 2620 3936 hospitium
2672 3871 2757 3920 ter
2809 3867 3146 3922 benedictus
3194 3870 3509 3938 Antonium
3546 3871 3684 3926 dum

2035 3968 2126 4008 me
2156 3954 2392 4008 visitare
2420 3955 2720 4025 dignatur,
2752 3956 3058 4027 ingressus
3102 3962 3228 4023 est;
3279 3963 3336 4012 et
3384 3964 3621 4030 rogatus
3652 3978 3684 4013 a

2036 4060 2127 4098 me
2162 4048 2221 4097 ut
2251 4042 2308 4098 in
2343 4044 2451 4099 hoc
2484 4044 2603 4099 loco
2634 4046 2888 4099 ﬂecteret
2910 4062 3101 4116 genua
3134 4052 3187 4099 et
3219 4064 3445 4118 precem
3473 4048 3679 4103 funde-

2034 4138 2143 4197 ret,
2174 4132 2375 4187 statim
2412 4134 2565 4201 fecit,
2595 4150 2658 4188 ac
2690 4136 2945 4189 secundo
2980 4135 3166 4190 noluit
3199 4153 3261 4190 se
3295 4136 3504 4207 rogari,
3541 4136 3683 4205 ipsis

2035 4237 2126 4275 me
2165 4222 2340 4276 rebus
2373 4223 2585 4277 docens
2619 4228 2956 4277 sanctorum
2991 4224 3392 4279 voluntatibus
3424 4225 3681 4280 obedire.

2035 4310 2423 4375 Quamobrem
2475 4311 2523 4365 si
2575 4311 2817 4383 vestigia
2850 4312 3061 4383 ipsius,
3094 4313 3307 4384 inquit,
3341 4314 3585 4369 sectaris
3617 4332 3683 4371 ac

2033 4399 2206 4453 vitam
2238 4398 2735 4469 quemadmodum
2772 4399 3115 4468 monachus,
3150 4404 3205 4455 et
3236 4417 3338 4473 pro
3374 4402 3680 4473 acquiren-

2033 4487 2124 4542 dis
2156 4487 2466 4542 virtutibus
2501 4488 2862 4559 peregrinus,
2898 4489 3029 4545 nolo
3061 4492 3401 4547 contendas.

267 4586 391 4624 ram
410 4567 1382 4639 gerebat,scilicetutChristianam
1399 4567 1922 4625 acmaledicentem
1952 4577 2001 4639 D
2101 4580 2219 4631 Hoc
2234 4593 2467 4647 quoque
2492 4578 2643 4632 idem
2667 4578 2863 4633 retulit
2888 4579 3029 4633 mihi
3052 4580 3681 4653 :Cum,inquit,grandi

267 4657 337 4711 de
362 4657 789 4730 persecutionis
813 4657 1032 4713 sevitia
1055 4658 1844 4730 imperatoribus,pecuniam
1869 4661 1919 4715 ei

262 4748 373 4801 sub
398 4747 507 4802 hac
534 4747 798 4818 pactione
821 4747 1190 4818 promittens,
1217 4751 1277 4801 ut
1301 4746 1347 4801 si
1374 4748 1498 4817 ejus
1524 4748 1920 4818 acquiesceret

263 4835 577 4901 voluntati,
604 4835 731 4890 sine
754 4835 873 4890 ullo
898 4852 1027 4890 eam
1050 4836 1337 4907 supplicio
1356 4842 1678 4892 reservaret
1700 4854 1764 4892 ac
1787 4840 1919 4894 red-

265 4924 468 4980 deret:
496 4925 545 4978 si
569 4941 701 4979 vero
726 4924 783 4979 in
814 4925 1248 4979 contradicendi
1284 4925 1580 4997 proposito
1614 4944 1921 4998 permane-

266 5021 373 5079 ret,
411 5014 578 5086 petiit
628 5018 690 5067 ut
736 5014 1042 5069 tormentis
1103 5014 1395 5080 deficeret,
1439 5030 1508 5069 ne
1557 5015 1605 5069 si
1658 5015 1918 5084 vixisset,

266 5101 535 5159 libidinis
558 5102 782 5158 domini
804 5102 895 5158 sui
918 5103 1917 5172 contemptrixvidereturﬂuaacum

264 5191 529 5247 exhibita
560 5196 697 5248 ante
723 5191 979 5247 tribunal
1008 5191 1239 5259 fuisset,
1263 5194 1507 5264 ejusque
1529 5194 1715 5263 judex
1745 5197 1920 5253 variis

262 5280 625 5337 cruciatibus
641 5284 816 5352 atque
830 5281 1141 5337 tormentis
1156 5286 1393 5353 cuperet
1409 5299 1742 5355 expugnare
1756 5287 1921 5342 devo-

266 5373 392 5425 tam
414 5369 795 5426 voluntatem.
820 5374 875 5423 et
899 5369 1053 5425 inter
1082 5370 1310 5426 diversa
1341 5371 1631 5444 supplicia
1653 5390 1751 5430 vas
1775 5391 1919 5447 quo-

259 5474 379 5529 que
402 5458 533 5513 ieris
558 5458 915 5513 immensum
936 5475 1001 5514 ac
1029 5459 1271 5515 ferventi
1296 5460 1421 5529 pice
1440 5462 1724 5532 repletum
1760 5482 1918 5520 acer-

248 5548 417 5602 rima
466 5546 707 5602 ﬂamma
766 5548 1168 5615 succenderet,
1205 5549 1494 5621 duplicem
1529 5552 1577 5606 ei
1613 5555 1920 5625 praefectus

328 5678 344 5710 ι
387 5672 719 5747 Origenista
750 5671 845 5729 hic
877 5672 1004 5729 fuit.

2032 4666 2287 4737 quadam
2304 4665 3030 4723 sollicitudineactristitia
3045 4669 3320 4742 fatigarer
3336 4672 3683 4743 propterJu-

2028 4753 2167 4809 liani
2186 4756 3029 4825 imperatorisinfelicissimam
3044 4759 3331 4829 vitam,ita
3348 4763 3409 4813 ut
3425 4760 3675 4831 quadam

2030 4843 2121 4898 die
2145 4861 2331 4915 usque
2353 4848 2422 4899 ad
2450 4847 2805 4915 vespertinas
2827 4847 3127 4918 profundae
3154 4849 3342 4903 noctis
3366 4848 3539 4904 horas
3566 4867 3678 4904 non

2028 4933 2371 5005 attingerem
2408 4938 2932 5006 panem,anxietate
2955 4938 3282 5007 confectus;
3307 4938 3449 4993 forte
3471 4938 3682 4994 accidit

2030 5026 2093 5076 ut
2123 5040 2328 5078 somno
2348 5025 2609 5079 residens
2630 5042 2966 5096 occuparer,
2991 5026 3118 5081 etin
3136 5028 3385 5097 quadam
3403 5029 3677 5084 transmi-

2028 5113 2291 5184 gratione
2314 5114 2520 5168 anima:
2554 5114 2962 5171 revelationem
2998 5120 3172 5172 talem
3205 5118 3459 5175 viderem
3490 5123 3675 5186 :Qua-

2028 5201 2399 5271 tuorequites
2414 5219 2539 5257 cum
2558 5202 2705 5258 albis
2721 5205 2885 5274 equis
2903 5207 3243 5278 perdiversa
3258 5210 3674 5281 discurrentes,

2028 5288 2466 5363 clamantesque
2500 5308 2511 5347 :
2543 5292 2726 5348 Dicite
2758 5294 3222 5367 Didymo,Hodie
3253 5298 3395 5354 hora
3426 5302 3676 5371 septima

2026 5380 2300 5436 Julianus
2324 5386 2585 5436 mortuus
2607 5382 2907 5456 est.Surge
2930 5386 3111 5457 igitur
3131 5392 3186 5441 et
3206 5388 3402 5443 cibum
3426 5396 3676 5459 sume,et

2027 5470 2097 5524 ad
2126 5470 2427 5526 Athanasii
2458 5473 2718 5545 episcopi
2752 5474 2993 5530 domum
3021 5476 3277 5545 mitte,ut
3300 5479 3421 5549 ipse
3441 5496 3673 5551 quoque

2027 5564 2340 5632 cognoscat
2372 5560 2745 5619 hoc.Natavit
2774 5563 3161 5636 itaque,sicut
3192 5568 3315 5639 ipse
3348 5569 3595 5633 dicebat,
3616 5572 3671 5622 et
