4002 6166
296 283 406 337 257

1559 288 1991 343 HERACLIDIS
2027 288 2450 343 PARADISUS.

3598 300 3709 356 258

294 408 595 501 lapidibus
616 409 754 501 illis,
779 426 882 481 pro
914 411 1132 483 quibus
1157 412 1509 485 quingentos
1540 412 1760 468 solidos
1784 411 1944 467 dedi-
1972 434 2026 501 Α
2057 410 2153 483 qui
2182 412 2900 483 undecunqueconvictiin
2921 422 3154 487 peccato
3170 421 3443 493 vapulare
3459 426 3707 481 meruis-

296 499 602 557 mus?Cui
636 499 731 556 ille
767 502 1103 573 respondit:
1139 503 1217 557 Ex
1248 519 1385 574 quo,
1422 502 1635 574 inquit,
1662 502 1804 557 mihi
1840 518 1943 556 au-

293 606 422 645 rum
446 590 682 658 dedisti,
709 607 773 646 ex
798 608 864 647 eo
889 590 1029 646 illud
1060 608 1163 663 pro
1188 593 1371 664 pretio
1398 593 1659 664 ipsorum
1682 591 1938 662 lapidum

291 678 451 747 dedi,
482 684 539 735 et
578 679 625 735 si
677 680 869 736 venire
917 680 1237 751 desideras,
1270 698 1337 737 ac
1374 684 1569 737 videre
1608 683 1837 736 eosdem
1882 683 1941 736 in

289 766 547 839 hospitio
582 784 708 824 meo
737 768 880 840 (illic
901 770 1318 840 enimjacent),
1348 771 1477 826 veni
1499 774 1555 825 et
1585 770 1714 825 vide
1746 770 1794 824 si
1824 786 1945 839 pos-

290 861 435 912 sunt
464 857 568 912 tibi
602 857 867 927 placere;
906 860 994 915 sin
1032 861 1251 927 minus,
1286 877 1494 916 aurum
1548 860 1758 915 referes
1790 860 1942 929 quod

292 946 530 1002 dedisti.
567 950 688 1014 Quo
720 948 822 1004 illa
850 948 1100 1006 libenter
1129 950 1348 1017 audito,
1383 950 1453 1005 ad
1488 948 1809 1021 presbyteri
1842 949 1942 1003 do-

292 1052 461 1091 mum
491 1038 701 1109 pergit,
734 1039 791 1094 in
826 1040 995 1111 cujus
1026 1040 1430 1112 superioribus
1458 1040 1687 1095 feminea
1721 1037 1941 1095 debiles

293 1125 693 1195 habebantur;
728 1128 785 1183 in
818 1128 1193 1184 inferioribus
1224 1134 1418 1183 autem
1450 1129 1579 1184 viri.
1615 1128 1717 1183 Ubi
1747 1132 1941 1183 autem

290 1232 429 1269 cum
462 1232 531 1271 ea
562 1216 716 1272 intra
750 1217 970 1289 primas
1005 1219 1157 1274 fores
1186 1218 1506 1289 ingressus,
1541 1218 1684 1273 dicit
1704 1217 1895 1273 eidem
1925 1233 1937 1270 :

289 1304 439 1369 Quid
466 1305 553 1360 vis
577 1306 832 1376 primum
858 1306 1069 1372 videre,
1092 1307 1438 1379 hyacinthos
1461 1326 1531 1363 an
1557 1306 1943 1377 smaragdos?

286 1394 357 1448 At
382 1392 521 1449 illa:
553 1395 711 1459 Quod
735 1394 1011 1465 jusseris.
1033 1396 1200 1451 Ducit
1221 1396 1417 1467 itaque
1435 1412 1562 1452 eam
1587 1396 1656 1450 ad
1681 1394 1940 1466 superio-

287 1500 384 1539 res
405 1484 620 1539 domus
646 1490 865 1556 partes,
885 1486 1259 1557 ostenditque
1280 1486 1331 1540 ei
1354 1486 1671 1542 conscissis
1695 1484 1939 1540 feminas

288 1574 597 1642 membris,
618 1580 674 1629 et
695 1573 956 1630 vultibus
976 1576 1115 1631 totis
1134 1576 1296 1631 varia
1319 1576 1696 1631 morbositate
1718 1574 1937 1629 lacera-

284 1663 597 1731 tis,dicens
621 1664 692 1718 ad
713 1679 861 1718 eam:
887 1663 989 1720 Isti
1013 1669 1153 1719 sunt
1172 1664 1674 1736 Hyiacinthi.lnde
1697 1664 1938 1719 descen-

284 1752 454 1821 dens,
471 1752 728 1808 ostendit
749 1753 799 1808 ei
825 1752 1050 1809 similes
1072 1753 1129 1808 in
1153 1754 1526 1809 inferioribus
1544 1754 1719 1822 viros,
1746 1756 1801 1807 et
1822 1753 1933 1807 ait:

2054 506 2205 568 sent,
2240 507 2594 558 memoratas
2645 503 3062 576 amplectentes
3112 509 3372 578 arbores,
3411 516 3467 567 et
3516 520 3705 570 certas

2052 596 2215 665 terga
2246 592 2601 665 accipientes
2636 594 2841 667 plagas
2887 597 3358 657 dimittebantur.
3394 602 3493 657 Est
3526 605 3703 660 etiam

2052 683 2203 738 circa
2220 684 2403 755 ipsam
2426 686 2732 742 ecclesiam
2752 688 3253 761 cella,suscipiens
3272 694 3611 765 peregrinos
3635 714 3701 751 ac

2052 789 2334 844 pauperes
2369 775 2609 831 fratres:
2650 777 2709 831 in
2743 794 2859 848 qua
2890 795 3023 833 cum
3057 782 3384 851 acceperint
3418 784 3697 840 advenam

2053 860 2393 931 quemlibet,
2416 882 2516 935 per
2530 870 2758 921 tantum
2779 866 2897 922 illic
2916 872 3145 939 tempus
3167 869 3354 936 alunt,
3375 872 3556 928 donec
3580 874 3704 945 ipse

2052 952 2287 1023 propria
2314 953 2614 1010 voluntate
2645 957 2927 1027 discedat,
2961 957 3196 1013 biennio
3247 978 3311 1015 ac
3343 962 3620 1028 triennio,
3653 964 3704 1018 si

2050 1038 2296 1095 voluerit
2329 1043 2484 1112 quis,
2521 1043 2639 1099 illic
2673 1062 2909 1101 manere
2943 1064 3055 1101 non
3092 1049 3488 1120 prohibentes.
3521 1050 3705 1107 Unius

2052 1135 2245 1182 autem
2270 1131 2613 1201 septimanae
2646 1149 2713 1186 ex
2742 1150 2857 1204 quo
2883 1134 3217 1199 venisset,ei
3242 1137 3426 1191 otium
3459 1138 3702 1207 dabant,

2050 1215 2305 1287 reliquos
2327 1235 2461 1275 vero
2487 1221 2613 1276 dies
2638 1223 3031 1294 quodcunque
3054 1242 3201 1296 opus
3221 1227 3494 1282 eumdem
3520 1228 3706 1284 facere

2050 1308 2366 1377 cogebant;
2413 1310 2888 1383 deputabantque
2937 1329 3072 1368 eum
3121 1318 3223 1369 aut
3272 1315 3558 1387 pistrinis,
3604 1321 3706 1373 aut

2050 1392 2320 1465 hortulis,
2353 1403 2454 1451 aut
2494 1399 2782 1470 coquinis.
2816 1401 2873 1455 Si
2917 1405 3109 1457 autem
3152 1403 3452 1459 honestior
3483 1404 3703 1476 aliquis

2052 1483 2367 1557 minusque
2399 1491 2573 1559 aptus
2601 1490 2937 1558 hujusmodi
2970 1492 3245 1562 operibus
3282 1493 3596 1561 videretur,
3622 1495 3702 1549 le-

2048 1572 2306 1641 gendum
2329 1575 2378 1629 ei
2408 1575 2674 1632 Codicem
2699 1579 3271 1652 dabant,omnesque
3304 1599 3490 1653 usque
3512 1584 3569 1637 in
3594 1584 3704 1639 ho-

2049 1677 2173 1715 ram
2192 1669 2413 1719 sextam
2432 1682 2465 1719 a
2481 1673 2796 1739 conspectu
2812 1668 3067 1740 ipsiuset
3079 1671 3553 1728 confabulatione
3574 1691 3703 1744 pro-

2048 1748 2414 1807 hibebant.ln
2431 1754 2539 1809 hoc
2556 1761 2750 1811 monte
2772 1762 2828 1811 et
2847 1756 3185 1828 placentarii
3205 1759 3665 1817 habenturetme
3679 1794 3704 1805 -

287 1840 389 1896 Isti
413 1816 553 1896 sunt
573 1842 866 1914 smaragdi
894 1859 907 1897 :
937 1842 985 1898 si
1013 1842 1241 1914 placent
1264 1843 1389 1909 tibi,
1424 1844 1581 1914 ipsos
1605 1816 1935 1897 considera:
1972 1816 2016 1877 Β
2047 1837 2180 1892 dici.
2208 1840 2461 1897 Utuntur
2482 1816 2889 1915 quoquevino;
2918 1864 3049 1902 nam
3079 1846 3197 1902 illic
3222 1848 3399 1903 etiarn
3425 1816 3702 1906 vinaven-

284 1932 377 1986 sin
398 1932 615 2000 minus,
632 1950 841 1989 aurum
859 1933 1050 2004 recipe
1068 1935 1224 2005 quod
1240 1934 1473 1989 dedisti.
1494 1933 1693 2004 Itaque
1708 1949 1943 2005 egressa

286 2025 377 2075 est
399 2022 667 2089 domum,
692 2022 873 2077 nimio
902 2024 1113 2077 rubore
1130 2023 1393 2091 confusa,
1421 2026 1475 2077 et
1502 2022 1823 2094 plurimum
1846 2022 1941 2075 tri-

286 2111 418 2177 stis,
453 2112 594 2182 quia
634 2111 854 2167 videret
884 2128 945 2166 se
988 2111 1087 2166 illa
1133 2110 1385 2167 voluisse
1426 2112 1614 2167 facere
1655 2126 1782 2181 quas
1828 2114 1940 2165 Deo

285 2198 515 2269 placere
538 2216 653 2254 non
675 2206 933 2272 possent.
955 2201 1204 2273 Moxque
1225 2201 1635 2272 aegritudinem
1668 2198 1937 2269 incurrit,

286 2292 350 2343 ut
376 2289 586 2355 rediit;
626 2306 737 2344 non
760 2290 917 2345 enim
950 2289 1057 2345 hoc
1090 2290 1417 2345 secundum
1467 2288 1567 2345 Dei
1601 2290 1813 2344 fecerat
1841 2305 1938 2342 vo-

284 2376 597 2449 luntatem,
632 2379 732 2434 sed
759 2378 1063 2451 ingeniosa
1084 2379 1192 2434 viri
1213 2379 1571 2435 sanctissimi
1595 2378 1939 2433 necessitate

282 2466 614 2538 compulsa.
651 2467 828 2523 Paulo
862 2474 993 2539 post
1039 2474 1233 2523 autem
1279 2466 1563 2523 maximas
1602 2467 1936 2539 presbytero

279 2558 503 2627 gratias
525 2556 665 2627 egit,
688 2562 920 2629 pr0pter
940 2558 1092 2628 quod
1119 2557 1333 2628 puella,
1369 2558 1539 2627 cujus
1574 2556 1815 2611 nimiam
1840 2572 1937 2610 cu-

276 2663 403 2702 ram
433 2648 694 2719 gerebat,
721 2653 904 2720 nupta
926 2649 1185 2721 quidem,
1220 2650 1321 2705 sed
1355 2649 1483 2704 sine
1516 2648 1764 2703 filiorum
1789 2647 1933 2702 edu-

280 2736 514 2792 catione
544 2737 821 2793 defuncta
854 2744 963 2794 est.

350 2874 497 2926 Cum
531 2872 716 2941 igitur
746 2888 849 2943 per
897 2872 1217 2928 triennium
1267 2872 1325 2926 in
1376 2870 1751 2927 monasteriis
1782 2880 1933 2941 (quae

280 2960 441 3013 circa
468 2960 885 3015 Alexandriam
915 2960 1027 3015 sita
1058 2962 1219 3029 sunt)
1264 2966 1661 3015 commoratus
1693 2960 1936 3013 fuissem

280 3047 564 3118 (Pallad.,
599 3065 641 3103 c.
674 3050 753 3117 7),
801 3053 857 3103 et
902 3048 1154 3119 optimos
1200 3048 1317 3103 illic
1363 3049 1517 3103 viros
1566 3047 1933 3103 abstinentiae

280 3137 602 3228 virtutibus
622 3138 937 3193 adornatos
961 3138 1235 3228 usquead
1259 3139 1375 3192 duo
1392 3137 1576 3192 millia
1599 3138 1931 3203 hominum,
1967 3162 2008 3228 ρ

281 3226 1269 3297 sanctissimosquevidissem,inde
1292 3228 1751 3293 descendens,ad
1778 3243 1937 3281 mon-

282 3321 403 3369 tem
429 3316 522 3369 cui
554 3315 750 3370 Nitriae
795 3331 1007 3371 nomen
1040 3322 1131 3371 est
1178 3316 1327 3371 veni.
1379 3316 1441 3370 In
1494 3317 1686 3370 medio
1735 3320 1933 3370 autem

279 3406 457 3460 istius
492 3405 711 3460 montis
734 3411 789 3460 et
810 3405 1215 3461 Alexandrina
1239 3405 1824 3474 civitatis,inlerjacet
1846 3404 1932 3457 la-

270 3510 375 3549 cus
399 3494 503 3565 qui
535 3494 724 3548 Marias
749 3493 1030 3548 vocabulo
1051 3494 1410 3561 nominatur,
1436 3511 1539 3565 per
1558 3493 1936 3564 septuaginta

272 3583 526 3637 millium
558 3582 745 3653 spatia
776 3583 1050 3639 diffusus.
1087 3583 1265 3646 Quem
1308 3600 1440 3638 eum
1486 3600 1599 3637 uno
1632 3599 1696 3637 ac
1738 3583 1930 3638 medio

270 3673 754 3727 transfretassem
785 3671 901 3738 die,
927 3673 997 3726 ad
1026 3673 1415 3727 meridianam
1448 3678 1670 3743 partem
1704 3672 1929 3742 praefati

273 3762 496 3815 montis
530 3761 768 3815 accessi.
797 3761 896 3815 Cui
933 3761 1115 3815 monti
1142 3763 1376 3833 penitus
1408 3762 1635 3816 deserta
1667 3762 1933 3830 adjacent

270 3848 421 3912 loca,
446 3867 574 3920 qua:
604 3849 954 3920 xEthiopiam
982 3867 1171 3921 usque
1202 3852 1544 3914 tenduntur,
1568 3856 1626 3905 et
1650 3867 1833 3921 usque
1856 3851 1927 3906 ad

272 3939 564 3995 Mazicum
582 3941 647 3994 ad
678 3940 1074 3994 mauritanum
1095 3940 1377 3995 solum.1n
1403 3957 1515 4010 quo
1545 3945 1739 3995 monte
1762 3940 1930 4012 dege-

273 4029 417 4083 bant
449 4028 712 4099 quinque
756 4027 942 4083 millia
972 4029 1061 4100 (ut
1089 4029 1363 4099 arbitror)
1398 4029 1678 4095 virorum,
1709 4030 1807 4100 qui
1840 4029 1930 4083 di-

272 4134 509 4172 versum
547 4116 828 4188 propositi
852 4118 941 4171 sui
962 4117 1299 4172 institutum
1325 4122 1789 4190 tenentes,prout
1810 4118 1926 4172 vel-

273 4205 394 4262 lent
426 4210 785 4277 possentque
817 4206 1106 4271 vivebant,
1131 4207 1213 4261 ita
1242 4210 1302 4261 ut
1334 4207 1434 4261 alii
1463 4206 1703 4278 quidem
1731 4206 1929 4262 liceret

272 4311 513 4350 manere
545 4295 593 4350 si
627 4300 886 4366 cuperet,
911 4294 1060 4350 alius
1092 4312 1227 4350 cum
1260 4313 1373 4351 uno
1410 4301 1638 4350 tantum
1676 4298 1850 4351 fratre
1878 4296 1927 4350 si

272 4384 470 4448 vellet,
506 4383 659 4438 alius
688 4400 821 4438 cum
857 4382 1258 4447 multitudine,
1291 4385 1340 4439 si
1375 4385 1481 4440 hoc
1514 4385 1925 4451 desiderasset,

273 4474 593 4528 habitaret.
620 4474 741 4537 Quo
764 4472 821 4527 in
849 4480 1045 4529 monte
1080 4480 1194 4527 lam
1221 4475 1559 4529 memoratis
1581 4491 1760 4545 quam
1786 4474 1925 4542 illis,

276 4565 379 4635 qui
416 4564 483 4617 ad
521 4563 763 4617 ultimas
795 4579 856 4617 se
893 4563 1241 4618 solitudines
1289 4562 1587 4618 contulere
1637 4564 1929 4619 sexcentis

273 4654 437 4721 viris,
471 4657 697 4723 septem
734 4652 997 4723 pistrinis
1031 4651 1308 4708 alimenta
1348 4653 1703 4724 praebentur.
1737 4653 1927 4724 Hujus

277 4742 459 4813 igitur
482 4741 699 4796 montis
723 4758 824 4812 per
847 4746 1031 4796 totum
1055 4759 1271 4797 annum
1291 4760 1435 4798 usus
1458 4742 1929 4814 hospitio,pluri-

276 4846 562 4901 mumque
592 4848 627 4886 a
659 4831 848 4886 beatis
879 4830 1148 4886 Patribus
1172 4832 1495 4887 instructus
1517 4838 1575 4887 et
1603 4832 1830 4901 doctus,
1856 4833 1927 4889 ab

273 4921 494 4976 Arsisio
528 4920 770 4989 majore,
798 4924 853 4975 et
883 4919 1227 4990 Putubasto,
1259 4921 1502 4991 Agione,
1524 4922 1844 4993 Serapione
1875 4927 1930 4977 et

276 5007 550 5077 Chronio,
569 5008 892 5079 multisque
909 5008 1205 5063 seniorum
1226 5009 1621 5080 spiritualium
1636 5009 1928 5065 relationi-

277 5098 388 5154 bus
413 5114 591 5169 super
613 5097 683 5152 iis
709 5098 806 5169 qui
823 5103 956 5152 ante
979 5098 1137 5169 ipsos
1162 5100 1413 5163 fuerant,
1435 5099 1932 5173 incitatus,usque

274 5188 345 5242 ad
379 5186 498 5243 alia
530 5187 871 5244 solitudinis
903 5186 1029 5243 loca
1062 5188 1358 5243 interioris
1390 5190 1631 5245 accessi.

344 5324 405 5378 In
430 5323 556 5395 ipso
579 5327 777 5377 autem
792 5322 989 5377 Nitriae
1009 5326 1202 5378 monte
1227 5339 1403 5378 unam
1427 5323 1733 5379 ecclesiam
1756 5325 1933 5379 maxi-

274 5427 437 5466 mam
462 5412 601 5477 vidi,
628 5413 685 5466 in
721 5427 839 5483 qua
868 5416 1008 5466 sunt
1035 5415 1154 5466 tres
1185 5413 1423 5467 arbores
1456 5412 1934 5485 dactylorum,ex

275 5500 498 5570 quibus
529 5499 784 5570 singulis
817 5498 1051 5571 singula
1074 5500 1253 5570 ﬂagra
1274 5501 1645 5573 dependent:
1678 5518 1931 5573 quorum

272 5604 395 5644 uno
410 5587 447 5640 ii
464 5587 563 5658 qui
583 5592 825 5659 peccant
842 5588 1112 5643 monachi
1130 5588 1532 5653 verberantur,
1550 5590 1662 5645 alio
1678 5594 1935 5645 latrones

274 5676 348 5743 (si
380 5677 696 5733 inciderint
724 5678 888 5748 forte)
921 5679 1268 5735 caeduntur:
1301 5678 1473 5735 tertio
1489 5678 1701 5736 delicta
1732 5696 1937 5737 eorum

2048 1927 2512 1988 duntur.0mnes
2535 1939 2729 1989 autem
2747 1934 2842 1989 isti
2869 1937 3141 1991 manibus
3159 1938 3479 1993 conficiunt
3501 1938 3707 1994 lintea-

2046 2032 2199 2087 men,
2224 2035 2311 2087 ex,
2337 2036 2404 2075 ex
2435 2023 2606 2092 cujus
2630 2024 2822 2095 operis
2863 2025 3259 2081 emolumento
3300 2026 3447 2081 nulli
3494 2044 3699 2084 eorum

2044 2106 2364 2177 quidquam
2388 2110 2582 2166 deﬁcit
2615 2112 2685 2167 ad
2718 2112 2916 2170 vitam.
2944 2117 3041 2170 Est
3058 2119 3254 2170 autem
3290 2115 3554 2171 maximae
3602 2134 3700 2173 vo-

2044 2195 2309 2266 luptatis,
2353 2199 2507 2255 circa
2560 2202 2920 2272 vespertinas
2982 2203 3156 2258 horas
3224 2220 3293 2259 ex
3345 2221 3703 2278 unaquaque

2046 2284 2351 2341 mansione
2385 2290 2807 2346 monachorum
2846 2291 3037 2347 varias
3086 2293 3287 2348 audire
3321 2310 3509 2363 voces,
3541 2295 3697 2367 psal-

2045 2389 2173 2430 mos
2202 2374 2433 2433 Christo
2456 2381 2816 2435 canentium.
2847 2383 2969 2447 Quo
2990 2386 3250 2454 tempore
3282 2382 3328 2438 si
3354 2383 3489 2454 quis
3518 2384 3699 2441 assis-

2044 2468 2127 2518 tat
2158 2469 2215 2519 et
2245 2466 2553 2534 diligenter
2584 2470 2871 2537 advertat,
2907 2473 3136 2543 putabit
3165 2490 3227 2528 se
3261 2474 3458 2529 subito
3493 2475 3695 2530 subla-

2042 2558 2188 2621 tum,
2232 2562 2287 2611 et
2319 2556 2378 2611 in
2430 2560 2701 2629 paradiso
2747 2561 3159 2617 constitutum.
3201 2564 3283 2617 Ad
3333 2564 3521 2634 ipsam
3563 2581 3696 2620 vero

2040 2642 2346 2700 ecclesiam
2376 2646 2499 2703 solo
2539 2649 2795 2705 Sabbato
2826 2653 2883 2705 et
2915 2650 3215 2706 Dominico
3266 2650 3357 2707 die
3389 2653 3699 2708 convenire

2042 2740 2491 2791 consueverunt.

2110 2823 2254 2878 Sunt
2291 2829 2488 2879 autem
2529 2827 2587 2880 in
2633 2827 2759 2895 ipsa
2787 2832 2916 2882 octo
2959 2828 3309 2899 presbyteri,
3356 2829 3509 2885 inter
3551 2847 3700 2901 quos

2040 2912 2299 2981 quandiu
2321 2913 2548 2985 primus
2564 2916 2867 2987 presbyter
2884 2916 3251 2983 vivit,nullus
3274 2923 3480 2989 praeter
3502 2919 3697 2990 ipsum

2039 3000 2184 3055 alter
2213 3007 2315 3057 aut
2346 3019 2513 3057 sacra
2543 3004 2709 3059 offert
2748 3005 2997 3072 Deo,aut
3020 3010 3230 3062 tractat
3260 3007 3359 3078 (2),
3402 3013 3503 3063 aut
3525 3010 3699 3078 judi-

2038 3094 2150 3154 cat,
2183 3091 2339 3146 946
2362 3092 2460 3146 sed
2487 3092 2663 3148 silent
2695 3109 2948 3165 semper,
2971 3095 3094 3150 solo
3129 3112 3443 3151 consessus
3475 3097 3697 3153 honore

2048 3181 2325 3234 contenti.
2352 3180 2453 3235 llle
2477 3198 2607 3236 vero
2642 3184 2830 3251 major
2866 3183 3147 3250 Arsisius,
3172 3189 3229 3238 et
3254 3185 3351 3238 alii
3373 3186 3541 3239 multi
3565 3203 3698 3241 cum

2044 3268 2173 3340 ipso
2198 3286 2367 3326 senes
2400 3270 2944 3343 sanctissimi,quos
2976 3276 3031 3327 et
3065 3272 3190 3344 ipse
3223 3278 3364 3328 tunc
3396 3274 3699 3345 vidi,ejus-

2045 3359 2178 3413 dem
2210 3359 2492 3430 temporis
2522 3361 2692 3431 cujus
2724 3365 2781 3415 et
2810 3360 3018 3417 beatus
3048 3361 3337 3416 Antonius
3366 3368 3568 3431 erant;
3594 3364 3697 3435 qui

2044 3449 2212 3503 nobis
2229 3450 2404 3504 etiam
2436 3454 2707 3505 sanctum
2738 3456 3082 3507 Ammonem
3108 3452 3418 3508 Nitriotem
3440 3469 3501 3507 se
3525 3470 3696 3510 nosse

2043 3538 2307 3602 dicebat;
2332 3538 2523 3607 illum,
2547 3541 2717 3609 cujus
2731 3539 2987 3595 animam
3019 3541 3161 3594 dum
3185 3540 3257 3595 ab
3275 3542 3499 3612 angelis
3524 3543 3694 3597 ferre-

2041 3632 2139 3681 tur
2169 3628 2238 3681 ad
2283 3627 2516 3694 coelum,
2549 3629 2695 3682 vidit
2739 3629 3049 3685 Antonius.
3086 3630 3187 3683 llic
3238 3646 3372 3700 ergo
3406 3631 3695 3687 referebat

2042 3717 2194 3786 quod
2212 3721 2266 3770 et
2280 3717 2655 3771 Pacbomium
2671 3718 3157 3773 Tabennesiotem
3175 3718 3491 3790 aliquando
3514 3720 3693 3775 vidis-

2041 3810 2147 3871 set,
2173 3806 2358 3860 virum
2390 3806 2733 3878 prophetica
2748 3807 2934 3878 gratia
2954 3808 3203 3872 clarum,
3227 3812 3283 3862 et
3314 3808 3370 3862 in
3398 3814 3695 3865 monaste-

2040 3892 2125 3947 rio
2144 3893 2251 3948 tria
2268 3895 2452 3950 millia
2472 3896 2896 3950 monachorum
2918 3901 3213 3968 regentem
3240 3917 3254 3965 ;
3280 3898 3353 3953 de
3376 3898 3549 3968 cujus
3577 3898 3695 3952 vir-

2038 3982 2268 4037 tutibus
2296 3989 2425 4054 post
2463 3984 2767 4055 paululum
2792 3985 3020 4058 loquar.

2110 4073 2307 4141 Ipsum
2343 4076 2537 4128 autem
2575 4076 2912 4129 Ammonem
2943 4074 3002 4128 in
3035 4073 3193 4128 hunc
3228 4090 3449 4129 morem
3481 4073 3696 4129 vixisse

2038 4160 2295 4216 dicebat:
2335 4162 2479 4217 Cum
2513 4164 3062 4234 esset,inquit,puer
3099 4180 3131 4217 a
3154 4164 3499 4234 parentibus
3531 4164 3693 4218 dere-

2036 4248 2235 4317 lictus,
2260 4255 2317 4304 et
2348 4252 2417 4305 ad
2451 4252 2657 4322 viginti
2684 4253 2936 4306 duorum
2989 4252 3351 4321 pervenisset
3381 4267 3692 4306 numerum

2038 4339 2579 4403 annorum,invitus
2604 4341 2674 4394 ab
2708 4339 2999 4394 avunculo
3033 4356 3141 4394 suo
3175 4338 3538 4394 matrimonii
3568 4340 3693 4393 vin-

2039 4425 2186 4481 culis
2214 4425 2474 4498 illigatus
2500 4434 2588 4483 est
2620 4429 2862 4500 (Pallad.
2883 4471 2896 4496 ,
2928 4444 2978 4483 c.
3011 4429 3087 4499 8).
3112 4428 3219 4491 Qui
3254 4444 3388 4482 cum
3423 4428 3696 4483 resistere

1962 4528 2007 4592 Ι)
2039 4530 2153 4568 non
2174 4519 2371 4585 posset
2388 4516 2438 4571 ei
2461 4533 2591 4587 quae
2616 4535 2648 4571 a
2667 4520 2908 4588 parente
2930 4517 3311 4587 ingerebatur
3333 4516 3693 4585 necessitati,

2040 4608 2098 4658 et
2128 4604 2186 4658 in
2220 4606 2671 4676 nuptiisjussus
2703 4608 3101 4672 estcoronari,
3134 4612 3190 4661 et
3224 4608 3281 4661 in
3310 4606 3568 4662 thalamo
3600 4623 3695 4663 se-

2039 4694 2175 4748 dere
2204 4697 2543 4767 compulsus
2573 4702 2682 4764 est,
2706 4703 2761 4751 et
2781 4697 2984 4752 omnia
3016 4698 3305 4766 patienter
3325 4696 3568 4752 sufferre
3600 4713 3695 4751 so-

2040 4781 2258 4838 lemnia
2284 4785 2620 4855 nuptiarum
2644 4792 2882 4841 coactus
2904 4790 3336 4857 est.Potsquam
3362 4790 3556 4840 autem
3572 4785 3699 4840 uni-

2039 4874 2189 4927 versi
2213 4891 2244 4927 a
2277 4873 2534 4929 thalamo
2567 4880 2937 4930 recesserunt
2972 4875 3134 4930 novis
3170 4875 3371 4945 nuptis
3393 4874 3450 4928 in
3481 4874 3695 4930 lectulo

2039 4960 2361 5027 collocatis,
2393 4967 2634 5017 sanctus
2657 4965 2901 5017 Ammon
2935 4964 3180 5033 surgite
3207 4961 3445 5031 lectulo,
3479 4961 3697 5017 ostium

2041 5051 2282 5117 claudit,
2307 5055 2591 5121 vocatque
2618 5051 2884 5107 residens
2906 5052 3274 5106 benedictam
3301 5050 3549 5117 illam,et
3569 5066 3698 5106 vere

2042 5142 2383 5198 unanimem
2419 5140 2735 5211 conjugem
2780 5157 2975 5207 suam,
3009 5141 3250 5196 dicens:
3285 5141 3452 5206 Veni,
3489 5139 3698 5210 inquit,

2040 5232 2303 5299 domina,
2337 5236 2401 5285 ut
2426 5232 2531 5285 tibi
2565 5248 2803 5286 causam
2840 5232 3031 5302 ipsam
3051 5232 3230 5300 hujus
3266 5230 3700 5301 conjunctionis

2042 5337 2350 5393 exponam.
2384 5319 2612 5391 Nuptias
2644 5324 2856 5375 nostra:
2891 5321 3007 5376 huc
3054 5337 3242 5390 usque
3274 5326 3415 5376 sunt
3446 5324 3699 5391 tantum,

2043 5409 2309 5481 nihilque
2328 5409 2384 5463 in
2410 5424 2471 5464 se
2495 5407 2750 5480 amplius
2773 5408 2993 5464 habent
3019 5434 3032 5475 ;
3058 5410 3205 5464 bene
3227 5424 3359 5478 ergo
3392 5408 3697 5475 faciemus,

2044 5500 2179 5556 side
2194 5499 2417 5570 reliquo
2431 5497 2683 5569 quisque
2715 5503 2983 5553 nostrum
3008 5497 3327 5568 separatim
3349 5496 3699 5565 quiescat,ut

2043 5590 2272 5646 Christo
2296 5589 2520 5661 placere
2535 5588 2910 5659 possimus,si
2946 5592 3164 5642 intacta
3180 5586 3512 5656 virginitate
3540 5584 3696 5639 viva-

2046 5698 2204 5738 mus.
2239 5677 2537 5737 Prolatum
2562 5682 2759 5735 autem
2783 5679 2854 5734 de
2876 5678 3011 5733 sinu
3034 5691 3278 5747 parvum
3304 5672 3573 5730 libellum
3595 5687 3697 5729 ne-
