3986 6168
468 317 574 370 259

1616 305 1983 363 APPENDIX
2020 308 2118 360 AD
2159 306 2374 362 VITAB
2412 312 2735 368 PATRUM.
3720 325 3813 380 260

461 440 667 498 scienti
699 437 1035 509 Scripturas
1066 439 1302 491 sanctas
1327 432 1535 505 puclla:
1573 449 1641 488 ex
1673 447 1920 504 persona
1950 434 2108 500 Apo-
2138 448 2191 512 Α
2223 426 2465 489 ﬂuvium
2498 437 2629 491 navi
2661 451 2767 509 ego
2797 454 2931 493 cum
2965 442 3122 495 metu
3149 440 3404 497 transivi.
3436 441 3528 497 Est
3554 444 3694 501 enim
3716 446 3820 503 illic

464 529 599 585 stoli
631 545 695 583 ac
726 525 1044 583 Salvatoris
1076 524 1325 595 legebat,
1361 521 1455 577 cui
1485 520 1723 577 lectioni
1752 520 1866 576 alia
1897 536 2109 574 secun-

461 619 601 673 dum
635 632 870 673 sensum
903 612 1262 683 suumlonge
1286 611 1454 682 plura
1483 613 2112 682 conjungens,expone-

459 710 558 763 bat
576 708 763 761 eidem
782 704 1070 760 castitatis
1089 701 1563 774 virginitatisque
1585 699 2109 765 conversationem,

460 804 524 854 ut
554 798 655 851 illa
685 800 817 867 post
846 793 1309 850 satisfactionem
1343 793 1400 845 in
1426 793 1541 845 ictu
1574 790 1766 858 gratia
1788 787 2113 843 divinitatis

458 888 705 958 impleta
734 885 984 940 diceret:
1020 882 1159 937 Mihi
1181 896 1414 951 quoque
1438 896 1785 951 persuasum
1812 877 1986 944 scias,
2012 878 2110 930 do-

464 976 646 1043 mine,
662 978 889 1029 castam
918 973 1099 1026 vitam
1125 970 1370 1026 libenter
1389 967 1837 1041 amplecti.Quid
1860 982 1996 1037 ergo
2012 966 2108 1035 ju-

460 1067 599 1121 bere
630 1062 883 1135 amplius
926 1061 1069 1117 velis
1108 1066 1399 1132 exspecto,
1432 1059 1534 1114 Cui
1566 1058 1685 1124 ille,
1715 1057 1856 1121 Hoc,
1895 1054 2108 1127 inquit.

450 1156 631 1224 jubeo
654 1159 712 1209 et
733 1168 893 1223 rogo,
911 1157 976 1206 ut
994 1150 1401 1220 unusquisque
1419 1152 1688 1203 nostrum
1704 1144 2017 1216 separatim
2037 1143 2109 1199 ab

457 1246 561 1300 hoc
586 1243 678 1297 die
702 1247 951 1297 maneat.
973 1241 1056 1295 Ad
1091 1239 1247 1311 quod
1268 1236 1366 1293 illa
1389 1254 1501 1292 non
1522 1234 1832 1307 acquievit,
1869 1233 2107 1288 dicens:

456 1337 516 1389 In
545 1334 745 1388 eadem
771 1331 1009 1402 quidem
1034 1328 1200 1395 cella,
1224 1329 1325 1382 sed
1349 1326 1408 1381 in
1436 1324 1667 1381 lectulis
1690 1323 1976 1395 separatis
1994 1338 2109 1376 ma-

458 1439 594 1478 nere
618 1422 922 1477 debemus.
946 1424 1207 1489 Cumque
1228 1416 1337 1472 hoc
1363 1416 1626 1486 utrisque
1649 1413 1987 1485 placuisset,
2017 1414 2111 1465 de-

454 1528 579 1567 cem
607 1516 663 1566 et
694 1516 820 1565 octo
839 1525 1025 1564 annos
1053 1508 1341 1576 vixerunt,
1364 1505 1446 1560 ita
1478 1510 1540 1559 ut
1569 1504 1669 1559 illa
1700 1502 1936 1574 quidem
1973 1501 2109 1556 totis

460 1602 669 1656 diebus
700 1605 856 1656 esset
885 1600 944 1653 in
977 1597 1143 1667 cella,
1174 1595 1271 1651 ille
1303 1599 1497 1649 autem
1528 1592 1827 1648 insisteret
1857 1589 2015 1660 operi
2048 1588 2107 1642 in

458 1690 692 1746 hortulo
726 1705 898 1760 quem
930 1686 1177 1752 colebat,
1211 1689 1267 1740 et
1288 1682 1620 1739 balsamum
1647 1698 1713 1737 ea
1744 1696 1860 1751 qua
1883 1679 2108 1750 peritus

456 1786 581 1835 erat
607 1784 730 1835 arte
761 1777 1091 1833 conﬁceret.
1127 1774 1288 1838 Quod
1321 1778 1515 1828 tamen
1556 1771 1890 1877 balsamum
1921 1767 2105 1877 multo
2140 1814 2185 1877 Β

456 1870 653 1925 labore
683 1868 755 1923 ad
788 1865 1102 1938 imaginem
1128 1863 1426 1919 vinearum
1446 1866 1499 1916 et
1533 1859 1852 1932 plantatur,
1888 1862 1944 1912 et
1975 1855 2110 1910 coli-

456 1964 576 2027 tur,
608 1962 663 2012 et
698 1960 958 2029 putatur.
1005 1951 1362 2024 Vespertinis
1387 1956 1581 2005 autem
1613 1948 1774 2004 horis
1806 1963 2108 2018 regressus

457 2049 699 2103 domum
728 2044 1095 2101 orationibus
1115 2041 1302 2107 factis,
1336 2045 1391 2095 et
1417 2056 1547 2094 cum
1572 2039 1771 2094 eadem
1798 2036 1927 2091 cibo
1951 2052 2108 2091 suin-

460 2142 579 2207 pto,
611 2152 677 2191 ac
707 2151 915 2190 rursus
938 2131 1240 2188 nocturnis
1271 2130 1542 2202 precibus
1575 2145 1643 2183 ex
1661 2142 1817 2182 more
1857 2124 2108 2180 celebra-

461 2224 557 2289 tis,
591 2224 660 2278 ad
694 2240 842 2294 opus
874 2220 1112 2275 solitum
1148 2219 1333 2290 primo
1368 2233 1539 2271 mane
1570 2216 1862 2286 pergebat.

530 2316 758 2368 Interea
806 2311 947 2364 dum
1003 2326 1201 2363 eorum
1238 2312 1393 2361 esset
1426 2306 1541 2360 haec
1585 2305 1721 2369 vita,
1755 2301 1990 2357 exclusa
2033 2301 2104 2356 ab

456 2406 703 2471 utroque
723 2398 954 2471 penitus
970 2396 1125 2452 omni
1143 2394 1744 2466 corporalisillecebra
1763 2392 2103 2461 passionis‘,

456 2489 716 2544 oratione
747 2487 934 2544 sancti
967 2486 1020 2540 id
1055 2485 1209 2555 quod
1245 2483 1561 2554 aliquando
1592 2482 1926 2553 cupiebant,
1950 2480 2102 2535 obti~

457 2594 593 2634 nere
614 2580 932 2649 cceperunt.
959 2573 1219 2629 Aitenim
1242 2573 1430 2627 eidem
1456 2572 1526 2626 ad
1552 2576 1914 2641 postremum
1935 2570 2105 2623 beata

454 2668 554 2722 illa
580 2686 591 2722 :
613 2665 877 2730 Domine,
904 2664 1119 2734 inquit,
1141 2662 1241 2729 mi,
1267 2661 1449 2716 habeo
1472 2660 1627 2731 quod
1651 2661 1841 2715 dicam
1869 2659 1960 2725 ;in
1987 2675 2101 2728 quo

456 2756 503 2811 si
539 2773 626 2811 me
649 2754 924 2821 audieris,
956 2752 1295 2825 probabitur
1318 2750 1459 2805 mihi
1484 2750 1633 2821 quod
1662 2766 1753 2804 rre
1774 2749 2099 2804 secundum

458 2846 639 2900 Deum
674 2844 890 2916 diligis.
916 2842 1195 2898 Hortatur
1217 2839 1313 2895 ille
1344 2844 1407 2894 ut
1438 2839 1591 2911 quod
1625 2838 1673 2893 ei
1706 2837 1958 2909 placeret
1979 2836 2099 2890 edi-

461 2939 631 2991 ceret.
665 2938 740 2988 At
787 2932 922 2987 illa:
968 2933 1205 2988 Justum
1242 2930 1386 2984 mihi
1437 2928 1568 2993 hoc,
1602 2927 1818 2999 inquit,
1849 2927 2096 2991 videtur,

454 3042 592 3079 cum
613 3023 736 3095 ipse
759 3023 841 3078 sis
863 3039 1037 3078 sexus
1058 3018 1583 3089 virilis,etjustitiae
1598 3022 1757 3072 totus
1778 3015 2093 3084 inservias;

454 3128 709 3185 cumque
740 3128 844 3183 ego
877 3126 1109 3183 quoque
1131 3108 1414 3180 propositi
1446 3107 1530 3161 tui
1562 3106 1802 3161 aemuler
1831 3105 2007 3172 viam,
2035 3108 2097 3157 ut

2222 522 2503 579 derivatio
2534 527 2801 596 quaedam
2838 528 3036 599 magni
3069 527 3229 584 illius
3260 529 3510 586 ﬂuminis
3537 532 3660 587 Nili.

2294 615 2356 667 In
2379 611 2484 667 hoc
2506 613 2679 670 etiam
2706 616 2804 684 qui
2823 616 3039 671 Nitriae
3066 617 3281 673 dicitur
3303 628 3511 684 monte,
3535 622 3822 679 monachus

2221 705 2344 756 erat
2388 704 2650 772 quidam,
2702 704 2794 758 cui
2837 709 2956 760 Hor
2996 707 3105 761 fuit
3145 724 3352 763 nonem
3398 710 3647 779 (Pallad.,
3677 727 3716 765 c.
3751 713 3821 780 9),

2220 790 2391 859 cujus
2422 791 2690 848 virtutem
2710 793 3029 850 multorum
3063 796 3296 867 quidem
3326 798 3563 852 fratrum
3592 799 3823 855 testimo-

2222 879 2319 933 nia
2360 881 2757 951 przedicabant
2786 884 2806 918 ²
2841 925 2856 953 ,
2897 884 3231 956 specialiter
3278 894 3471 942 tamen
3509 888 3705 943 ancilla
3740 888 3829 945 Dei

2218 968 2490 1035 Melania,
2523 986 2649 1042 quae
2682 978 2816 1027 ante
2844 989 2936 1029 me
2966 974 3035 1028 ad
3062 974 3189 1030 loca
3218 975 3404 1046 ipsius
3434 977 3638 1032 montis
3664 994 3832 1034 acces-

2220 1063 2403 1127 serat;
2436 1077 2568 1115 nam
2583 1077 2687 1132 ego
2718 1063 3093 1128 superstitem
3128 1065 3527 1135 supradictum
3558 1066 3729 1121 virum
3759 1068 3832 1122 vi-

2218 1148 2354 1203 dere
2387 1166 2500 1205 non
2535 1151 2719 1221 potui.
2753 1155 2883 1207 Haec
2932 1168 3068 1223 ergo
3117 1153 3185 1208 de
3232 1154 3680 1211 conversationis
3724 1157 3835 1227 ejus

2218 1237 2536 1293 virtutibus
2577 1240 2884 1307 referebat,
2927 1241 3085 1312 quod
3131 1258 3232 1297 nec
3278 1245 3555 1298 mentitus
3596 1262 3829 1316 unquam

2221 1325 2414 1395 fuerit,
2446 1344 2550 1381 nec
2579 1329 2879 1397 iuraverit,
2911 1346 3015 1385 nec
3036 1330 3405 1388 maledixerit
3436 1335 3718 1404 cuiquam,
3745 1351 3837 1390 nec

2219 1416 2344 1470 sine
2376 1417 2723 1473 necessitate
2756 1418 2953 1490 aliqua
2983 1421 3062 1475 sit
3094 1419 3349 1477 locutus.

2290 1504 2478 1575 Hujus
2528 1506 2746 1562 montis
2797 1508 3090 1564 habitator
3126 1515 3181 1565 et
3222 1510 3426 1566 beatus
3467 1511 3673 1567 Pambo
3725 1512 3838 1569 fuit.

2219 1594 2399 1657 Quem
2432 1600 2487 1649 et
2507 1594 2818 1652 Dioscorus
2849 1598 3182 1670 episcOpus,
3208 1604 3265 1656 et
3285 1600 3644 1665 Ammonius,
3668 1605 3719 1655 et
3746 1601 3839 1655 Eu-

2217 1683 2437 1752 sebius,
2470 1688 2526 1738 et
2574 1684 2925 1756 Euthymius
2955 1687 3183 1753 fratres,
3219 1691 3275 1743 et
3307 1688 3599 1758 Origenes.
3626 1696 3680 1743 et
3709 1688 3833 1743 Dra-

2217 1771 2451 1827 contius
2500 1772 2608 1826 viri
2660 1773 3041 1830 admirabiles
3072 1779 3129 1830 et
3174 1792 3357 1847 nepos
3406 1776 3502 1847 (3),
3536 1776 3839 1832 habuerant

2220 1860 2585 1931 magistrum.
2615 1862 2718 1927 Qui
2756 1863 2969 1919 Pambo
2996 1868 3204 1920 etcum
3236 1864 3439 1921 multis
3463 1881 3527 1920 ac
3559 1866 3722 1921 variis
3742 1866 3842 1921 vir-

2217 1954 2409 2005 tutum
2458 1952 2877 2023 praerogativis,
2931 1952 3260 2024 palmisque
3303 1954 3675 2026 precelleret,
3708 1956 3843 2010 inter

2216 2039 2376 2111 ipsas
2408 2040 2583 2095 etiam
2615 2040 2725 2096 hoc
2758 2041 3035 2098 habuisse
3076 2042 3439 2114 praecipuum
3483 2050 3836 2110 memoratur,

2218 2129 2375 2200 quod
2395 2128 2689 2185 intantum
2722 2130 2849 2185 auri
2881 2132 3227 2202 argentique
3248 2137 3615 2204 contemptor
3641 2133 3762 2200 fuit,
3789 2138 3841 2186 ut

2217 2223 2569 2289 praeceptum
2602 2219 2833 2274 Domini
2882 2220 3180 2276 videretur
3229 2221 3530 2293 implesse.
3564 2222 3843 2277 Referebat

2216 2320 2351 2375 ergo
2387 2306 2530 2361 mihi
2572 2308 2923 2363 venerabilis
2965 2308 3093 2379 ipsa
3132 2308 3406 2376 Melania,
3439 2308 3577 2380 quia
3608 2308 3839 2380 profecta

2216 2396 2286 2448 de
2301 2395 2443 2450 urbe
2458 2395 2660 2461 Roma,
2673 2395 3074 2451 Alexandriam
3094 2396 3351 2468 primum
3370 2397 3842 2469 fuissetingressa.

2216 2483 2478 2555 Cumque
2502 2484 2687 2539 multa
2711 2485 2982 2556 deipsius
3002 2486 3108 2540 viri
3132 2485 3452 2541 virtutibus
3472 2486 3683 2542 Isidoro
3700 2499 3841 2556 pres-

2215 2573 2414 2644 bytero
2445 2578 2501 2628 et
2536 2575 2887 2629 Xenodocho
2938 2575 3221 2631 referente
3266 2576 3656 2646 cognovisset,
3679 2578 3732 2629 et
3758 2589 3839 2628 eo-

2213 2664 2345 2717 dem
2378 2664 2526 2719 duce
2558 2665 2625 2719 ad
2651 2680 2780 2719 eum
2802 2664 2857 2719 in
2886 2665 3261 2720 solitudinem
3289 2663 3670 2736 pervenisset,
3693 2662 3843 2716 oblu-

2209 2751 2350 2808 lisse
2394 2770 2455 2807 se
2497 2752 2580 2806 illi
2626 2758 2915 2809 trecentas
2960 2754 3187 2825 argenti
3236 2754 3442 2821 libras,
3478 2769 3542 2808 ac
3575 2755 3841 2824 precatam

2213 2843 2393 2898 fuisse
2427 2848 2491 2898 ut
2519 2843 2738 2914 aliquid
2772 2861 2840 2898 ex
2871 2846 2998 2915 ejus
3033 2846 3206 2900 rebus
3239 2845 3551 2916 acciperet.
3592 2842 3693 2909 Qui
3723 2856 3838 2895 cum

2216 2933 2464 2999 sederet,
2498 2933 2711 3005 inquit,
2745 2939 2799 2988 et
2846 2934 3041 2989 vimen
3095 2933 3397 3002 intexeret,
3434 2933 3559 2988 sola
3606 2946 3694 2986 me
3722 2944 3845 2983 voce

2208 3020 2506 3075 benedixit
2535 3025 2591 3075 et
2623 3021 2739 3075 ait:
2775 3022 2883 3077 Det
2913 3022 3017 3077 tibi
3062 3022 3393 3077 mercedem
3436 3021 3610 3076 Deus.
3646 3016 3844 3073 Deinde

2210 3109 2351 3164 dicit
2380 3126 2679 3165 mconomo
2714 3128 2855 3166 suo:
2889 3111 3133 3182 Suscipe
3181 3116 3376 3181 caute,
3410 3116 3467 3167 et
3517 3109 3703 3165 divide
3752 3121 3841 3178 per

451 3202 697 3259 diversis
730 3202 801 3256 ad
837 3199 1155 3255 multorum
1193 3197 1636 3253 mdificationem
1684 3194 2094 3249 mansionibus
2125 3176 2166 3241 C
2207 3216 2411 3253 omnes
2443 3200 2543 3270 qui
2578 3203 2718 3254 sunt
2748 3200 2946 3255 tamin
2981 3176 3180 3273 Lybia,
3206 3176 3387 3271 quam
3424 3202 3481 3255 in
3515 3196 3723 3254 insulis
3745 3176 3848 3249 fra—

452 3308 819 3362 separemur.
862 3288 1283 3345 Inconveniens
1313 3286 1467 3341 enim
1501 3290 1677 3355 atque
1708 3284 2099 3354 incongruum

452 3391 588 3454 puto
621 3390 851 3452 propter
881 3395 974 3434 me
1001 3383 1225 3433 tantam
1262 3377 1321 3430 in
1346 3374 1572 3430 occulto
1599 3378 1654 3427 te
1686 3372 1897 3427 habere
1924 3372 2101 3425 virtu-

450 3476 595 3539 tem,
639 3486 745 3524 nec
778 3468 883 3523 ulti
925 3484 1053 3522 esse
1084 3466 1383 3538 cognitum
1418 3463 1571 3534 quod
1605 3462 1662 3516 in
1694 3461 1802 3516 hac
1834 3461 2102 3515 castitate

449 3566 621 3630 atque
650 3557 929 3628 pudicitia
956 3555 1183 3610 Domini
1209 3570 1404 3608 amore
1428 3554 1606 3607 simul
1632 3551 1881 3605 vivimus
1905 3556 1960 3604 ct
1984 3567 2101 3603 ma-

449 3664 676 3702 nemus.
700 3646 801 3701 Cui
825 3645 921 3700 ille
944 3644 1163 3714 gratias
1186 3659 1387 3714 agens,
1413 3648 1714 3711 Deumque
1737 3638 2097 3709 glorificaus,

451 3738 532 3791 ita
565 3734 898 3805 respondit:
928 3738 1079 3786 Bene
1107 3732 1211 3787 tibi
1248 3730 1485 3802 placuit,
1517 3730 1596 3783 mi
1629 3729 1867 3783 domina
1898 3744 2093 3794 soror;

448 3826 598 3880 habe
632 3824 810 3896 igitur
858 3822 1220 3893 hancipsam
1271 3819 1501 3884 cellam,
1533 3835 1638 3891 ego
1684 3822 1877 3872 autem
1921 3816 2095 3870 aliam

451 3915 597 3970 mihi
629 3916 815 3970 facere
846 3912 1103 3968 tentabo.
1128 3912 1529 3983 Egressusque
1555 3910 1625 3963 ab
1657 3925 1746 3974 ea,
1782 3924 1913 3962 mox
1947 3906 2097 3960 inte-

450 4005 606 4060 riora
657 4004 785 4059 loca
833 4003 1029 4057 Nitriaz
1080 4000 1401 4073 penetravit
1432 3999 1558 4069 (nec
1598 4000 1737 4053 dum
1771 3998 1923 4051 enim
1958 4000 2097 4049 tunc

450 4094 948 4149 monasteriorum
978 4090 1098 4145 illic
1130 4090 1316 4145 fuerat
1337 4087 1671 4156 multitudo)
1706 4086 1953 4157 fecitque
1986 4082 2097 4137 sibi

444 4185 475 4238 d
490 4200 632 4238 uaru
647 4201 699 4237 m
714 4179 1574 4249 voluminacellularum,atque
1591 4178 1672 4232 ita
1705 4176 1763 4229 in
1780 4173 2097 4229 solitudine

445 4273 647 4345 viginti
681 4272 814 4328 aliis
845 4271 1016 4327 annis
1056 4287 1122 4325 ac
1156 4270 1384 4324 duobus
1416 4266 1749 4331 transactis,
1783 4265 2097 4318 defunctus

446 4368 572 4429 est;
606 4363 724 4416 imo
760 4362 945 4432 magis
967 4376 1171 4415 somno
1202 4358 1438 4429 quievit,
1464 4373 1596 4412 cum
1629 4354 1931 4425 sexaginta
1950 4353 2097 4407 duos

446 4451 629 4505 inlatis
654 4467 773 4505 suae
799 4466 985 4505 annos
1011 4448 1255 4503 finisset.
1277 4453 1383 4502 Per
1407 4444 1673 4517 singulos
1695 4449 1891 4499 tamen
1912 4458 2095 4496 annos

2210 3292 2349 3343 tres:
2370 3287 2489 3342 haec
2514 3288 2670 3343 enim
2697 3290 3059 3344 monasteria
3080 3289 3211 3359 plus
3231 3288 3848 3360 videnturegerequam

2210 3382 2451 3446 czetera;
2485 3377 2593 3431 hoc
2644 3394 2877 3449 quoque
2908 3377 2957 3433 ei
3002 3377 3374 3449 praecipiens,
3412 3395 3484 3433 ne
3532 3376 3666 3448 quid
3700 3391 3760 3429 ex
3787 3387 3844 3425 ea

2212 3466 2457 3537 pecunia
2487 3466 2559 3521 iis
2582 3466 2683 3538 qui
2716 3468 2772 3521 in
2803 3467 3047 3539 [Egypto
3088 3468 3309 3538 degunt
3341 3469 3529 3534 daret,
3564 3467 3846 3538 propterea

2209 3557 2361 3626 quod
2399 3556 2664 3626 regiones
2686 3555 2818 3611 illas
2849 3556 3147 3612 alimentis
3172 3555 3349 3612 sciret
3383 3556 3643 3627 amplius
3681 3553 3849 3608 abun-

2208 3648 2365 3700 dare.
2395 3646 2539 3700 Cum
2580 3650 2774 3701 autem
2810 3653 3132 3701 memorata
3185 3647 3430 3717 femina,
3465 3647 3617 3702 sicut
3668 3639 3853 3698 retulit

2210 3734 2377 3797 mihi,
2412 3739 2610 3801 staret,
2644 3740 2700 3789 et
2730 3735 3194 3791 benedictionem
3220 3752 3322 3807 pro
3346 3751 3599 3791 munere
3625 3734 3749 3789 dato
3780 3746 3857 3784 ex-

2207 3827 2500 3894 spectaret
2531 3828 2632 3877 aut
2664 3822 2900 3879 laudem
2934 3823 3197 3895 nihilque
3228 3825 3300 3880 ab
3332 3841 3401 3880 eo
3436 3824 3685 3890 audiret,
3717 3819 3847 3875 ulte-

2208 3912 2331 3965 rius
2363 3911 2443 3966 ait
2470 3912 2539 3966 ad
2576 3911 2740 3967 illum
2770 3930 2781 3967 :
2815 3914 2994 3978 Scito,
3028 3914 3285 3980 domine,
3321 3917 3621 3968 trecentas
3644 3925 3764 3965 esse
3794 3907 3845 3960 in

2209 4001 2317 4056 hac
2344 4001 2675 4072 argentaria
2706 4001 2907 4057 libras.
2941 4002 3048 4068 Qui
3081 4003 3294 4058 iterum
3326 4018 3435 4057 nec
3469 4016 3703 4058 sursum
3736 3994 3845 4068 qui-

2207 4090 2337 4144 dem
2367 4107 2607 4161 prorsus
2630 4090 2943 4161 aspiciens,
2965 4092 3043 4145 ita
3068 4092 3401 4162 respondit:
3424 4090 3529 4147 Cui
3553 4082 3849 4145 exbibuisti

2206 4178 2349 4247 haec,
2382 4195 2413 4233 o
2447 4178 2588 4248 ﬁlia,
2612 4195 2725 4233 non
2759 4197 2906 4251 opus
2938 4179 3116 4234 habet
3139 4197 3170 4233 a
3196 4185 3251 4234 te
3277 4194 3624 4235 mensuram
3656 4187 3847 4245 cogno-

2205 4284 2387 4333 scere,
2411 4284 2547 4322 nam
2571 4267 2671 4340 qui
2698 4274 2925 4324 montes
2950 4268 3115 4324 lance
3140 4269 3407 4339 pensavit
3432 4267 3618 4340 (Isaizr
3640 4261 3849 4331 XL,12),

2208 4355 2392 4412 multo
2421 4357 2570 4411 941
2609 4357 2866 4428 amplius
2902 4358 3059 4412 novit
3091 4367 3377 4430 quantum
3413 4359 3494 4412 sit
3524 4356 3702 4426 hujus
3726 4364 3850 4423 pon-

2204 4446 2316 4501 dus
2347 4445 2590 4516 argenti.
2621 4447 2755 4502 Etsi
2792 4447 3027 4518 quidem
3056 4446 3198 4501 mihi
3227 4447 3383 4501 istud
3416 4447 3681 4512 offerres,
3705 4454 3849 4497 com-

448 4539 706 4593 secundo
739 4554 973 4610 semper
1021 4538 1255 4593 videbat
1302 4537 1531 4592 beatam
1577 4534 1736 4589 illam
1787 4533 2095 4603 conjugcm
2127 4552 2173 4615 D
2209 4539 2470 4606 petenter
2491 4534 2601 4590 hoc
2624 4534 2887 4604 diceres;
2919 4552 3053 4591 cum
3079 4540 3274 4591 autem
3313 4551 3427 4590 non
3451 4534 3623 4600 mihi,
3650 4530 3747 4586 sed
3771 4524 3851 4581 illi

449 4642 642 4680 suam.

518 4715 595 4769 De
612 4713 873 4769 hocillud
895 4713 1241 4769 miraculum
1258 4708 2101 4767 sanctusAthanasiusAlexan-

448 4802 655 4858 drinus
682 4803 995 4875 episcopus
1023 4802 1238 4867 retulit,
1264 4803 1321 4856 in
1354 4819 1418 4857 eo
1450 4816 1621 4872 opere
1645 4817 1760 4871 quo
1791 4799 1966 4853 vitam
1999 4798 2098 4852 de-

446 4892 1125 4964 scripsitAntonii,quod
1150 4908 1281 4947 cum
1304 4890 1893 4961 aliquandounacum
1913 4887 2098 4941 Theo-

449 4983 590 5037 doro
624 4982 911 5052 discipulo
936 4999 1041 5037 suo
1078 4986 1287 5053 Lycum
1318 4980 1550 5035 nomine
1581 4979 1824 5033 fluvium
1857 4975 2098 5047 cupiens

450 5072 856 5141 transfretare,
879 5072 1245 5127 erubesceret
1259 5070 1369 5125 sibi
1393 5069 1809 5124 vestimentum
1825 5065 2098 5121 detrahe-

451 5176 612 5229 re,ne
631 5163 853 5216 nudum
871 5176 1134 5232 unquam
1154 5176 1328 5214 suum
1353 5174 1566 5229 corpus
1584 5155 1889 5228 aspiceret,
1906 5154 2098 5209 subito

450 5248 576 5304 sine
611 5250 739 5305 navi
760 5252 817 5304 in
837 5250 1076 5305 alteram
1104 5247 1361 5303 ﬂuminis
1380 5250 1603 5319 partem
1628 5244 1833 5316 angelo
1856 5245 2099 5299 veheute

447 5337 776 5393 translatus
809 5343 917 5393 est.
962 5340 1077 5393 Iste
1120 5338 1301 5408 igitur
1341 5343 1583 5392 Ammon
1626 5335 1706 5388 ita
1749 5333 1892 5387 vixit
1923 5338 2099 5403 atque

449 5428 615 5493 obiit,
650 5433 709 5481 ut
742 5428 922 5499 ipsius
955 5428 1211 5483 animam
1254 5430 1493 5481 sanctus
1541 5424 1761 5479 videret
1790 5421 2096 5492 Antonius,

448 5533 583 5572 curn
608 5516 679 5571 ab
698 5516 921 5588 angelis
937 5518 1183 5572 ferretur
1205 5516 1275 5572 ad
1300 5514 1530 5571 malum.
1558 5513 1941 5568 Memoratum
1964 5527 2096 5567 vero

520 5644 537 5678 ί
572 5641 753 5699 Caute
782 5640 909 5715 lege
940 5646 1141 5699 contra
1170 5638 1668 5714 impassibilitatis
1699 5644 2019 5693 assertores

2209 4627 2344 4689 Deo,
2378 4639 2551 4695 quem
2584 4640 2699 4678 non
2734 4626 3050 4695 sprevisse,
3086 4625 3200 4679 imo
3253 4622 3514 4693 amplius
3548 4623 3852 4677 honorasse

2209 4714 2357 4769 duos
2384 4712 2518 4768 illos
2541 4730 2817 4769 nummos
2846 4714 3188 4785 agnovimus
3217 4712 3404 4784 (Marc.
3446 4729 3549 4782 xu,
3575 4710 3687 4782 42),
3717 4711 3853 4771 tace,

2208 4803 2465 4873 quiesce.

2280 4892 2373 4947 Sic
2403 4897 2598 4947 autem
2630 4892 2945 4948 Dominum
2988 4891 3289 4947 ordinasse
3333 4889 3593 4960 dicebat,
3628 4890 3691 4942 ut
3736 4883 3857 4956 post

2208 4979 2513 5052 paululum
2559 4984 2816 5051 tempus,
2849 4983 3230 5051 posteaquam
3278 4979 3347 5033 ad
3397 4978 3599 5050 ipsum
3635 4971 3855 5030 venerat

2211 5074 2491 5134 montem,
2519 5068 2618 5123 Dei
2643 5084 2842 5124 servus
2870 5068 2966 5123 ille
2990 5070 3378 5140 requiesceret
3404 5087 3417 5135 ;
3442 5067 3547 5138 qui
3570 5082 3685 5121 non
3704 5058 3857 5132 aegri-

2213 5156 2558 5221 tudine,non
2588 5158 2744 5212 febre
2761 5157 2958 5229 aliqua
2978 5157 3255 5229 fatigatus
3272 5156 3493 5221 est,sed
3521 5151 3853 5227 sportellam

2208 5247 2543 5302 consuendo
2567 5248 3014 5317 septuagesima
3034 5245 3224 5303 aetatis
3247 5263 3365 5301 suae
3389 5262 3546 5300 anno
3571 5240 3791 5315 quievit
3808 5236 3858 5290 in

2208 5351 2368 5407 pace.
2398 5338 2543 5389 Ante
2574 5334 2781 5389 horam
2813 5351 2946 5391 vero
2978 5353 3092 5406 qua
3124 5337 3193 5391 de
3216 5334 3429 5390 saeculo
3461 5333 3666 5389 exiens
3698 5324 3858 5400 spiri-

2207 5428 2333 5479 tum
2359 5440 2533 5479 suum
2567 5428 2684 5479 Deo
2708 5425 3173 5491 commendarat,
3207 5423 3435 5480 vocavit
3458 5438 3578 5489 me,
3604 5424 3659 5477 et
3688 5419 3745 5474 in
3764 5432 3862 5489 po-

2209 5518 2430 5569 strema
2462 5514 2971 5569 consummatione
3005 5515 3097 5569 sui
3120 5514 3316 5587 operis
3345 5511 3718 5569 conﬁdenter
3747 5506 3824 5561 ait

2280 5638 2300 5672 ²
2331 5637 2435 5694 Hic
2468 5641 2581 5695 Hor
2610 5637 2722 5694 fuit
2752 5638 3103 5713 Origenista.
