3986 6168
450 255 557 309 263

1597 249 1966 303 APPBNDIX
2000 246 2100 300 AD
2135 243 2356 301 vms
2392 247 2713 303 panum.
3696 253 3785 311 254

454 380 636 435 randa
667 376 1022 449 pinguedine
1061 390 1180 430 suae
1212 372 1405 429 carnis
1436 372 1742 440 intumuit,
1776 375 1840 427 ut
1878 369 2094 427 nostris
2123 368 2177 434 Α
2210 370 2971 435 mortuo,diviseruntinter
2986 385 3047 426 se
3075 371 3454 428 substantiam
3479 374 3593 443 ejus
3612 379 3788 447 quain

443 467 812 539 temporibus
844 465 1141 521 secundus
1170 463 1279 519 Job
1314 467 1636 533 putaretur.

520 564 845 613 Assumens
890 555 1089 625 itaque
1122 571 1227 609 nos
1277 553 1591 608 Dioscorus
1623 550 1953 623 episcOpus,
1996 547 2095 620 qui

444 654 587 703 tunc
622 646 926 718 presbyter
947 644 1143 699 Nitriae
1178 644 1305 710 fuit,
1330 659 1420 697 me
1442 646 1499 697 et
1524 642 1761 697 beatum
1788 638 2095 707 Evagrium

354 722 359 727 θ
447 738 555 793 hoc
594 736 761 790 modo
792 739 884 788 est
906 733 1198 788 allocutus
1226 749 1238 786 :
1270 732 1498 801 Venite,
1523 736 1581 786 et
1608 730 1798 785 videte
1813 728 1966 783 948
1994 743 2097 780 no-

442 843 577 881 vum
613 826 746 885 Job,
773 823 831 877 in
858 826 1020 877 tanto
1044 827 1276 876 tumore
1299 820 1559 891 corporis
1586 824 1759 890 atque
1779 815 2096 873 insanabili

443 916 720 989 passione
744 913 1101 983 singularem
1128 910 1465 980 patientiam
1491 908 1912 979 possidentem.
1940 905 2097 959 Eun-

441 1010 531 1061 tes
561 1003 743 1074 igitur
771 1001 1034 1055 vidimus
1065 998 1363 1054 hominem
1389 1002 1551 1052 tanto
1582 995 1844 1066 corporis
1867 999 2098 1048 tumore

444 1096 793 1157 distentum,
827 1096 889 1147 ut
917 1092 1202 1146 minorem
1240 1106 1448 1144 manus
1472 1089 1600 1159 ejus
1633 1086 1907 1157 digitum,
1933 1086 2095 1137 utra-

444 1198 691 1254 rumque
710 1197 991 1236 manuum
1012 1186 1343 1235 nostrarum
1358 1175 1654 1247 conjuncti
1672 1173 1835 1247 digiti
1856 1171 2097 1226 minime

444 1271 755 1342 complecti
801 1270 1083 1325 valerent.
1134 1271 1401 1339 Cumque
1445 1283 1559 1320 non
1610 1278 1919 1335 possemus
1949 1261 2095 1315 dura

443 1361 738 1433 passionis
758 1360 885 1431 ejus
908 1359 1004 1413 diu
1032 1358 1344 1428 respicere,
1368 1356 1567 1410 oculos
1592 1358 1823 1409 nostros
1840 1352 1981 1407 abeo
2004 1351 2099 1406 de-

448 1451 740 1505 fleximus.
786 1450 951 1503 Tunc
1011 1447 1107 1502 ille
1150 1447 1358 1501 beatus
1410 1442 1716 1515 Benjamiu
1762 1442 1843 1496 ait
1882 1440 2091 1495 nobis:

443 1545 614 1595 Orate
646 1537 772 1606 filii,
808 1544 871 1592 ut
899 1539 1070 1592 homo
1102 1552 1270 1591 meus
1305 1534 1549 1589 interior
1576 1534 1687 1587 isto
1716 1531 1997 1602 languore
2020 1530 2097 1583 sit

442 1630 630 1698 liber;
663 1629 771 1683 hoc
802 1642 1054 1697 namque
1088 1642 1298 1697 corpus
1322 1639 1425 1678 nec
1456 1640 1562 1677 sua
1595 1638 1686 1677 me
1714 1620 1966 1676 sanitate
1995 1635 2093 1673 su-

2202 459 2519 514 mobilibus
2565 464 2793 514 tantum
2827 464 2988 515 erat:
3024 460 3081 515 in
3116 477 3257 516 auro
3305 462 3528 534 quidem
3560 466 3787 538 quinque

2203 548 2389 604 millia
2439 549 2683 614 solidos,
2714 548 2774 603 in
2825 549 3136 620 mancipiis
3182 566 3313 606 vero
3357 552 3596 607 vestibus
3639 556 3759 624 quid

2202 638 2339 708 quid
2377 638 2632 693 invenire
2666 643 2998 708 potuerunt.
3026 640 3124 693 Isti
3158 638 3333 710 igitur
3360 656 3466 697 uno
3483 643 3659 697 animo
3675 659 3795 699 cono

2203 727 2485 798 munique
2512 727 2756 783 consilio
2782 728 2933 783 inter
2954 744 3015 784 se
3036 732 3284 785 tractare
3306 736 3606 802 cmperunt,
3628 733 3798 788 dicen-

2202 824 2287 873 tes
2323 818 2567 872 invicem
2596 817 2707 872 sibi
2740 834 2752 872 :
2787 818 2993 887 Quam,
3027 818 3224 884 frater,
3248 818 3513 891 eligimus
3529 821 3668 876 viam
3688 823 3793 877 vita:

2202 908 2248 961 si
2285 907 2697 962 mercationem
2730 907 2788 961 in
2813 924 2931 979 qua
2944 912 3109 979 pater
3131 913 3324 963 noster
3344 908 3478 963 vixit
3496 910 3796 979 arripimus,

2201 997 2373 1051 etiam
2408 996 2523 1067 ipsi
2555 996 2787 1052 labores
2819 1002 3051 1052 nostros
3084 996 3214 1051 aliis
3246 996 3651 1070 relinquemus,
3678 1016 3795 1055 nos-

2201 1102 2315 1157 que
2346 1086 2594 1141 fortasse
2618 1090 2823 1141 euntes
2855 1085 2914 1140 in
2947 1086 3225 1158 pericula,
3259 1088 3572 1159 praecipites
3592 1087 3669 1141 vel
3693 1106 3798 1143 ma-

2202 1176 2311 1229 rini
2335 1175 2671 1246 (utassolet)
2686 1175 2917 1243 Ductus,
2932 1175 3017 1231 vel
3035 1176 3325 1232 latronum
3340 1177 3451 1231 tela
3463 1183 3799 1233 consument.

2200 1264 2532 1336 Sequemur
2552 1264 2752 1336 igitur,
2778 1265 2973 1332 frater,
3000 1264 3375 1321 solitudinem
3405 1266 3580 1337 magis
3606 1268 3799 1322 vitam-

2200 1372 2313 1427 que
2346 1354 2791 1424 monachorum,
2815 1358 2880 1410 ut
2911 1360 2969 1409 et
3000 1359 3298 1427 paternam
3332 1356 3695 1412 hereditatem
3722 1356 3802 1411 lu-

2200 1461 2448 1512 cremur,
2493 1449 2549 1499 et
2579 1444 2811 1499 animas
2851 1450 3085 1501 nostras
3115 1444 3277 1500 nulla
3316 1461 3507 1501 rerum
3547 1444 3801 1501 malarum

2200 1535 2546 1606 contagione
2575 1534 2910 1605 perdamus.
2942 1535 3103 1599 Quod
3132 1534 3485 1607 propositum
3507 1552 3632 1591 cum
3654 1536 3806 1590 utris-

2200 1640 2310 1694 que
2342 1623 2681 1696 placuisset,
2706 1624 2763 1679 in
2796 1622 3078 1679 electione
3100 1624 3370 1679 solitaria:
3392 1624 3515 1679 vitae
3536 1623 3800 1679 diversum

443 1718 682 1773 blimem
702 1716 1092 1781 reddidit,nec
1112 1714 1343 1769 dolored
1361 1708 2095 1783 ejectum.Peroctoitaque
2123 1724 2171 1790 Β
2202 1714 2419 1785 singuli
2454 1718 2766 1769 tenuerunt
2796 1714 2923 1769 iter,

443 1823 675 1863 menses
712 1806 843 1861 illos
876 1807 1025 1860 facta
1053 1808 1143 1859 est
1172 1804 1221 1859 ei
1256 1802 1400 1857 sella
1424 1800 1737 1865 latissima,
1760 1798 1816 1852 in
1852 1815 1969 1869 qua
1996 1796 2088 1852 in-

444 1900 745 1955 cessanter
788 1897 1033 1961 sederet,
1071 1895 1196 1965 jam
1234 1910 1348 1947 non
1393 1891 1591 1946 valens
1635 1890 1691 1943 in
1742 1888 1951 1943 lectulo
1998 1905 2091 1941 re-

444 1987 747 2058 quiescere
796 1990 1034 2057 propter
1078 1982 1335 2054 reliquas
1380 1981 1639 2051 corporis
1685 1977 2087 2032 necessitates.

443 2076 551 2143 Qui
600 2081 797 2131 tamen
859 2075 916 2129 in
968 2072 1313 2143 hujusmodi
1365 2070 1453 2125 sui
1506 2067 1765 2140 corporis
1816 2066 2087 2137 passione

440 2166 819 2229 constitutus,
874 2163 1019 2218 alios
1065 2162 1170 2226 Dei
1220 2161 1408 2231 gratia
1451 2175 1661 2215 sanare
1709 2158 2090 2211 consueverat

446 2254 709 2326 quolibet
737 2252 1018 2323 languore
1047 2255 1300 2305 vexatos.

508 2340 918 2397 Necessarium
946 2340 1124 2409 igitur
1154 2336 1481 2393 existimavi
1507 2336 1719 2391 referre
1749 2334 1929 2403 hujus
1953 2349 2085 2387 san-

438 2430 687 2485 ctissimi
720 2429 1076 2500 passionem,
1110 2432 1173 2481 ut
1205 2443 1317 2480 non
1351 2426 1713 2479 admiremur
1743 2422 1970 2493 quoties
2003 2421 2084 2474 vi-

434 2517 882 2589 risjustissimis
906 2516 1172 2587 quaedam
1198 2513 1527 2585 corporales
1549 2512 1932 2567 necessitates
1950 2527 2085 2564 con-

432 2609 689 2679 tingunt.
720 2606 1004 2663 Defuncto
1038 2611 1228 2659 autem
1257 2604 1377 2658 viro
1404 2602 1747 2668 fortissimo,
1773 2604 1969 2672 postes
1993 2600 2087 2669 ja-

439 2714 690 2753 nuarum
726 2697 855 2767 (nec
887 2695 1043 2750 enim
1078 2693 1245 2749 aliter
1269 2693 1413 2748 tanti
1442 2692 1690 2747 tumoris
1713 2707 1925 2761 corpus
1951 2687 2085 2759 ejici

437 2786 748 2858 potuisset)
783 2783 999 2840 sublati
1034 2788 1191 2837 sunt.

1076 2888 1310 2945 CAPUT
1347 2888 1441 2943 ΙΙΙ.

439 2984 568 3037 Vita
590 2980 800 3036 abbatis
827 2978 1140 3049 Appotloniz’
1158 2981 1511 3047 cognomento
1537 2980 1618 3031 Ex
1632 2974 2084 3043 negotiatoribus,

612 3062 665 3108 et
690 3053 927 3107 duorum
956 3053 1197 3106 aliorum
1231 3053 1472 3120 fratrum
1502 3063 1905 3103 conversurum.

505 3141 848 3214 Apollonius
865 3139 1102 3211 quidam
1121 3138 1357 3193 nomine
1373 3137 1775 3206 (Pallad.,cap.
1796 3136 1906 3201 14),
1930 3150 2083 3188 unus

430 3250 500 3286 ex
534 3230 1001 3303 negotiatoribus
1034 3228 1382 3283 renuntians
1424 3226 1657 3290 seculo,
1704 3230 2082 3293 montemque

437 3322 630 3377 Nitriae
663 3320 959 3383 habitans,
990 3319 1261 3387 cumjam
1292 3331 1479 3382 neque
1495 3322 1675 3369 artem
1702 3315 1924 3368 discere
1944 3330 2083 3384 pras-

429 3411 650 3466 valeret
669 3410 831 3465 senio
853 3408 1205 3480 praepeditus
1227 3406 1437 3469 aetatis,
1459 3420 1648 3475 neque
1667 3402 2081 3458 abstinentiam

433 3500 722 3569 spirituali
744 3501 1044 3569 Scriptura
1068 3498 1404 3550 mandatam
1430 3510 1715 3557 exercere,
1742 3490 2083 3562 hujusmodi

431 3588 850 3643 continentiam
869 3587 979 3641 sibi
994 3584 1323 3639 instituisse
1340 3582 1816 3654 cognoscitur.Ex
1834 3579 2083 3651 propriis

434 3676 695 3746 pecuniis
729 3683 902 3746 atque
926 3674 1499 3737 laboribus,omnem
1527 3671 1916 3725 remediorum
1952 3686 2079 3740 spe-

430 3764 575 3819 ciem
610 3772 786 3835 atque
826 3762 1057 3817 cellaria
1093 3763 1149 3815 in
1179 3761 1527 3816 Alexandria
1558 3775 1907 3829 comparans
1940 3758 2080 3812 civi-

430 3858 567 3912 tate.
602 3853 829 3907 cunctis
865 3852 1143 3905 fratribus
1175 3850 1594 3920 languentibus
1630 3848 1959 3901 necessaria
1982 3863 2080 3899 ex-

430 3943 682 3997 hibebat.
712 3941 953 3996 Videres
982 3944 1176 3993 autem
1202 3955 1335 3993 eum
1360 3956 1393 3992 a
1417 3937 1699 4008 principio
1723 3936 1834 3990 diei
1864 3952 2078 3990 nonam

430 4046 615 4103 usque
647 4031 849 4086 horam
885 4028 1158 4084 universa
1184 4032 1305 4083 tam
1339 4027 1601 4082 virorum
1624 4042 1797 4094 quam
1834 4025 2075 4079 femina-

424 4138 555 4177 rum
591 4121 948 4177 monasteria
982 4122 1412 4190 peragrantem,
1445 4122 1500 4171 et
1524 4131 1626 4187 per
1646 4114 2077 4185 singulamgro-

422 4215 512 4265 tos
530 4211 683 4267 ostia
698 4210 1057 4277 visitantem,
1074 4210 1525 4278 portantemque
1539 4220 1737 4260 secum
1758 4220 1925 4258 uvam
1944 4220 2075 4273 pas-

423 4316 572 4367 sam,
610 4299 1028 4367 malogranata,
1058 4313 1183 4366 ova,
1217 4294 1501 4365 siligines,
1535 4310 1665 4365 quae
1696 4292 1945 4347 maxime
1977 4308 2075 4345 ne-

422 4389 679 4443 cessaria
703 4389 977 4442 videntur
1002 4385 1277 4440 infirmis.
1311 4384 1393 4438 Ad
1430 4382 1600 4437 talem
1634 4382 1835 4449 vitam,
1870 4380 1960 4435 cui
1989 4396 2079 4434 so-

2276 1803 2482 1857 Divisis
2498 1802 2678 1873 igitur
2691 1818 2837 1873 quas
2855 1802 3070 1873 pariter
3081 1802 3222 1874 reliq
3233 1806 3440 1859 uerant
3453 1802 3620 1858 rebus
3643 1818 3800 1857 unum

2195 1893 2431 1963 quidem
2453 1891 2787 1947 habuerunt
2805 1896 3049 1963 uterque
3064 1892 3426 1964 propositum
3452 1900 3513 1946 ut
3534 1890 3801 1963 placerent

2196 1981 2333 2050 Deo,
2367 1982 2464 2036 sed
2497 1996 2609 2036 non
2636 1980 2692 2035 in
2726 1980 3227 2036 unainstitutione
3250 1981 3489 2036 vivendo
3508 1981 3670 2035 ambo
3693 1979 3794 2050 pla-

2196 2080 2460 2127 cuerunt.
2493 2071 2650 2125 Alter
2667 2069 2821 2125 enim
2839 2086 2907 2125 ex
2922 2070 3068 2142 ipsis
3085 2070 3364 2125 omnibus
3382 2070 3505 2125 suis
3526 2070 3689 2125 rebus
3708 2070 3804 2140 'per

2195 2160 2390 2216 omnia
2420 2160 2797 2225 monasteria,
2829 2165 2885 2215 et
2914 2159 3211 2225 ecclesias,
3245 2165 3301 2214 et
3340 2174 3597 2215 carceres
3625 2157 3804 2212 divisis

2194 2254 2375 2305 artem
2407 2249 2519 2303 sibi
2553 2250 2767 2319 reperit
2790 2249 3128 2321 quamdam,
3161 2265 3228 2304 ex
3260 2265 3377 2319 qua
3398 2246 3709 2320 quotidiani
3734 2246 3803 2300 ci-

2194 2339 2333 2393 bum
2368 2338 2532 2408 panis
2554 2338 2887 2408 acquirens,
2910 2341 2965 2393 et
2992 2354 3168 2409 quam
3200 2337 3457 2410 elegerat
3484 2336 3608 2392 vitae
3628 2341 3804 2392 etora-

2193 2427 2338 2481 tioni
2370 2427 2651 2494 vacabat;
2684 2430 2831 2481 alter
2852 2431 3046 2481 autem
3067 2426 3214 2482 nulli
3246 2443 3315 2482 ex
3348 2426 3670 2482 substantia
3692 2440 3803 2495 pro-

2193 2516 2319 2586 pria
2358 2515 2680 2586 quidquam
2725 2516 2904 2579 dedit,
2938 2516 3038 2570 sed
3072 2514 3495 2571 monasterium
3534 2513 3639 2569 sibi
3670 2512 3807 2579 fecit,

2196 2606 2292 2661 ubi
2327 2606 2531 2677 paucis
2549 2622 2742 2661 secum
2777 2607 3059 2661 fratribus
3084 2605 3406 2671 collocatis,
3441 2621 3637 2661 omnes
3658 2604 3809 2658 adve-

2195 2713 2321 2764 uas,
2362 2712 2565 2750 omnes
2597 2712 2787 2765 senes,
2822 2712 3027 2751 omnes
3070 2712 3378 2767 pauperes,
3415 2711 3609 2750 omnes
3642 2691 3807 2747 διιδοὶ-

2194 2784 2389 2854 piebat
2418 2784 2707 2850 infirmos,
2749 2789 2805 2839 et
2836 2801 2938 2856 per
2977 2784 3261 2839 Dominici
3295 2802 3363 2840 ac
3406 2782 3638 2841 Sabbati
3677 2782 3810 2836 diem

2194 2878 2388 2928 ternas
2411 2878 2466 2928 et
2486 2878 2802 2944 quaternas
2826 2890 3063 2928 mensas
3086 2873 3490 2944 indigentibus
3512 2870 3812 2931 exhibebat,

2195 2962 2403 3033 hisque
2436 2961 2766 3017 universam
2802 2978 2969 3017 suam
3003 2961 3398 3017 substantiam
3433 2960 3616 3017 modis
3644 2957 3810 3031 quoad

2191 3051 2333 3106 vixit
2361 3052 2654 3121 expendit.
2690 3053 2811 3116 Quo
2846 3056 3092 3122 utroque
3124 3051 3421 3115 defuncto,
3456 3050 3601 3105 beati
3633 3047 3803 3109 ambo,

2193 3140 2438 3195 diversis
2455 3139 2832 3211 opinionibus
2852 3139 3171 3211 probabilis
3186 3139 3313 3194 VilfB
3334 3137 3812 3195 consummatione

2191 3229 2575 3285 celebrantur.
2635 3229 2703 3283 Et
2753 3230 2863 3285 iste
2912 3229 3153 3300 quidem
3204 3230 3360 3299 aliis,
3395 3229 3489 3285 ille
3528 3244 3657 3283 vero
3698 3224 3809 3280 aliis

2190 3336 2421 3390 semper
2452 3318 2737 3389 placebat.

2262 3414 2336 3464 Ex
2376 3424 2629 3480 quorum
2670 3407 2945 3462 laudibus
2985 3412 3113 3463 orta
3144 3408 3293 3462 inter
3336 3408 3549 3463 fratres
3589 3408 3809 3460 conten-

2188 3498 2370 3563 tione,
2403 3498 2555 3569 quod
2594 3502 2838 3567 uterque
2864 3496 3161 3551 videretur
3194 3496 3380 3552 fuisse
3414 3496 3716 3568 perfectus,
3746 3490 3807 3546 ad

2186 3590 2456 3641 sanetum
2480 3585 2720 3649 Pambo,
2754 3588 2817 3638 ut
2839 3585 2909 3639 ab
2934 3600 2999 3639 eo
3017 3600 3213 3639 verum
3237 3587 3673 3657 cognoscerent.
3697 3594 3812 3652 per-

2186 3679 2352 3746 gunt.
2378 3676 2557 3738 Quem
2585 3690 2716 3728 cum
2736 3673 2993 3743 judicem
3017 3674 3264 3745 elegisse
3289 3690 3355 3729 se
3376 3674 3653 3740 dicerent,
3679 3673 3809 3743 pete-

2186 3768 2430 3834 rentque
2462 3769 2525 3818 ut
2554 3764 2688 3834 quis
2719 3779 2749 3817 e
2775 3763 3006 3818 duobus
3039 3764 3273 3818 fecisset
3304 3763 3520 3819 melius
3551 3761 3811 3824 edoceret,

2188 3859 2505 3923 utrumque
2524 3853 2619 3906 ille
2639 3852 2791 3921 apud
2810 3858 2991 3908 Deum
3014 3852 3335 3923 perfectum
3362 3869 3493 3908 esse
3516 3847 3809 3921 respondit.

2185 3943 2331 3997 Nam
2366 3942 2511 3996 alter
2533 3942 2767 4012 quidem
2788 3957 2855 3995 ex
2877 3941 3023 4012 ipsis
3050 3941 3477 4011 Abrahaa,alter
3505 3940 3635 3996 Elia;
3658 3936 3813 3993 mori-

2185 4032 2297 4087 bus
2311 4031 2468 4087 vivit.
2484 4030 2559 4085 Cu
2573 4047 2747 4102 mque
2764 4047 2875 4085 non
2890 4031 3093 4085 sedato
3108 4031 3260 4085 intra
3274 4047 3338 4086 se
3352 4030 3667 4086 certamine
3680 4026 3811 4080 dice-

2185 4127 2335 4190 rent,
2360 4124 2759 4192 deprecantes,
2780 4121 3278 4190 quemadmodum
3306 4137 3481 4191 pares
3496 4114 3812 4191 possuntvi-

2184 4210 2329 4275 deri,
2351 4220 2406 4265 et
2430 4226 2541 4264 non
2569 4210 2757 4280 magis
2782 4210 3070 4279 prrecedat
3092 4207 3188 4263 ille
3204 4209 3303 4279 qui
3327 4208 3665 4281 evangelica
3689 4220 3811 4275 pris.

2184 4304 2351 4370 cepta
2368 4315 2492 4353 com
2506 4297 2697 4369 plevil,
2727 4297 2824 4369 qui
2843 4302 3051 4353 cuncta
3064 4297 3342 4364 vendidit,
3360 4297 3714 4370 pauperibus
3729 4294 3813 4347 do-

2184 4388 2363 4454 navit,
2398 4387 2619 4459 quique
2651 4403 2754 4458 per
2774 4403 2977 4442 omnes
2998 4387 3186 4454 horas,
3212 4403 3423 4443 omnes
3444 4388 3569 4443 dies
3600 4398 3810 4441 omnes.

423 4476 545 4530 lum
562 4481 739 4546 aptus
762 4480 910 4543 erat,
932 4492 1099 4529 suam
1127 4470 2078 4529 hicfamulusChristiinstituerat
2111 4454 2153 4517 D
2188 4493 2299 4549 que
2334 4454 2550 4545 ῃοᾷίθέ,
2590 4454 2952 4531 ῡόωιηὶοαιῃ
2986 4492 3215 4531 crucem
3252 4480 3519 4544 portans,
3552 4476 3815 4547 perpetua

423 4569 713 4617 senectam
746 4583 759 4630 ;
794 4564 894 4634 qui
928 4568 1126 4617 tamen
1158 4566 1292 4617 ante.
1324 4562 1550 4616 obitum
1590 4576 1761 4615 suum
1796 4576 1926 4614 cum
1964 4558 2072 4612 ali-

424 4669 597 4722 quem
625 4653 713 4707 sui
748 4652 998 4705 similem
1047 4652 1383 4721 reperisset,
1417 4651 1466 4703 ei
1494 4666 1725 4704 omnem
1762 4648 2075 4703 ministerii

422 4742 604 4810 hujus
658 4740 1078 4809 supellectilem
1114 4740 1374 4807 tradidit,
1426 4744 1947 4808 comprecatusque
1987 4744 2075 4792 est

424 4847 581 4897 eum,
608 4834 671 4884 ut
701 4829 1040 4899 hujusznodi
1064 4845 1263 4883 curam
1293 4828 1569 4882 fratribus
1590 4825 1903 4881 exhiberet.
1929 4826 2071 4879 Cum

423 4918 578 4974 enim
613 4918 874 4989 quinque
927 4918 1110 4973 millia
1162 4916 1581 4971 monachorum
1630 4916 1688 4969 in
1736 4916 2074 4985 supradicto

428 5011 627 5062 monte
656 5006 1005 5071 consistant,
1042 5006 1374 5060 necessaria
1404 5003 1488 5059 vel
1517 5002 1767 5058 maxime
1800 5002 1934 5058 talis
1957 5003 2075 5059 sol-

425 5096 666 5151 licitudo
697 5100 785 5151 est
815 5101 872 5150 et
902 5095 1243 5160 consolatio,
1274 5094 1398 5150 sine
1430 5110 1546 5164 qua
1576 5094 1634 5147 in
1678 5092 1925 5148 desertis
1958 5092 2077 5148 illis

430 5203 542 5241 non
578 5187 790 5241 vivitur
819 5186 983 5241 locis.

500 5276 607 5331 Alii
643 5277 823 5333 etiam
849 5277 964 5331 duo
989 5276 1227 5347 quidam
1265 5276 1468 5331 fratres
1490 5276 1726 5329 fuerunt
1756 5277 1795 5339 ¹,
1820 5290 2072 5344 quorum

426 5371 589 5437 pater
618 5366 884 5422 emendis
916 5367 1001 5419 vel
1030 5366 1331 5419 mutandis
1358 5364 1653 5418 mercibus
1682 5364 1948 5426 studens,
1974 5380 2074 5419 us-

423 5472 537 5527 que
560 5456 631 5511 ad
651 5456 990 5527 Hispaniam
1010 5470 1242 5525 semper
1266 5452 1618 5524 negotiando
1635 5452 1930 5522 pergebat.
1953 5454 2075 5518 Quo

2184 4565 2539 4621 Salvatorem
2556 4564 2817 4619 oratione
2834 4565 3149 4619 comitatur
3166 4564 3472 4635 ?Cumque
3490 4564 3587 4619 alii
3608 4563 3815 4617 diversa

2184 4671 2253 4710 ex
2276 4657 2439 4726 parte
2463 4653 2886 4708 contenderent
2908 4653 3302 4723 dicerentque,
3328 4654 3477 4717 Quia
3504 4656 3635 4719 iste,
3656 4662 3813 4722 quem

2185 4761 2291 4800 nos
2306 4760 2395 4799 am
2408 4742 2523 4814 pliu
2536 4760 2561 4796 s
2576 4744 2726 4813 prazd
2739 4742 3221 4809 icamus,tantum
3238 4742 3392 4797 circa
3405 4747 3645 4815 egentes
3658 4751 3812 4795 suum

2184 4833 2443 4889 ostendit
2475 4832 2773 4895 affectum,
2804 4836 2867 4886 ut
2899 4831 3211 4903 aggeribus
3244 4830 3499 4902 publicis
3530 4828 3813 4889 assideret,

2183 4922 2535 4977 tribulantes
2567 4921 2956 4991 undecunque
2976 4918 3293 4991 colligeret,
3328 4925 3528 4976 etnon
3562 4922 3814 4976 suetan-

2184 5012 2490 5067 tummodo
2514 5009 2844 5065 consuleret
2868 5009 3094 5077 animas,
3115 5010 3214 5063 sed
3246 5010 3460 5064 multas
3484 5015 3660 5079 atque
3678 5001 3811 5060 mul-

2182 5104 2377 5155 torum
2396 5100 2654 5154 curando
2669 5098 3065 5164 inﬁrmitates,
3081 5114 3143 5152 ac
3168 5098 3502 5155 necessaria
3520 5093 3814 5169 praebendo

2184 5188 2455 5244 salvaret.
2491 5191 2577 5243 lta
2600 5189 2807 5243 beatus
2828 5188 3040 5242 Pambo
3073 5188 3144 5242 ad
3166 5193 3445 5257 utrosque
3481 5181 3810 5258 respondit:

2186 5278 2343 5334 Idem
2378 5278 2589 5333 iterum
2621 5276 2786 5331 vobis
2818 5275 3042 5346 loquor,
3080 5293 3247 5348 pares
3280 5278 3451 5332 ambo
3502 5279 3643 5332 sunt
3672 5268 3811 5344 apud

2189 5368 2520 5431 Dominum,
2548 5369 2605 5420 et
2636 5364 2903 5435 utrisque
2935 5382 3026 5419 me
3058 5367 3494 5421 satisfacturum
3530 5368 3690 5437 puto.
3723 5359 3816 5415 Hic

2184 5456 2338 5512 enim
2360 5454 2545 5509 sitam
2567 5452 2859 5524 perfectus
2878 5454 3203 5510 monachus
3226 5472 3339 5511 non
3364 5453 3598 5520 fuisset,
3623 5450 3822 5522 dignus

493 5584 509 5617 ί
544 5579 863 5652 Palladius,
890 5597 940 5635 c.
983 5580 1062 5648 15,
1100 5579 1186 5645 16,
1218 5582 1383 5634 vocat
1412 5578 1687 5633 Paestum
1716 5579 1772 5632 et
1804 5578 2023 5652 Isaiam,
2058 5586 2234 5653 atque
2265 5580 2345 5635 ita
2376 5578 2470 5634 hic
2506 5577 2615 5647 Ms,
2649 5576 2825 5634 etiam
2862 5579 3060 5635 habet.
