4002 6166
253 349 347 404 273

253 493 402 548 quem
435 472 945 528 archimandritam
979 472 1256 539 vocitant,
1291 473 1617 544 requisivit,
1654 473 1870 528 Pacho-
1899 475 1952 540 Α

251 566 411 621 mium
443 563 748 634 quemdam
771 563 1025 630 nomine,
1052 562 1412 633 probabilem
1439 580 1540 634 per
1559 563 1757 617 omnia
1777 563 1865 616 vi-

251 672 382 719 rum,
407 654 708 707 habentem
745 652 1110 723 spiritualem
1134 653 1380 722 gratiam
1406 651 1747 722 prophetiae,
1775 647 1868 704 cui

250 751 419 798 tamen
452 743 514 796 de
551 742 794 796 Macario
822 741 967 795 nihil
996 742 1182 794 fuerat
1204 740 1543 795 revelatum.
1574 741 1654 794 Ad
1691 757 1864 810 quem

246 850 362 888 cum
392 831 659 899 venisset,
693 832 810 885 haec
842 831 1015 884 dixit:
1043 833 1242 894 QULDSO
1271 835 1330 884 ut
1365 847 1454 884 me
1483 831 1538 884 in
1574 834 1865 884 monaste-

246 923 318 977 rio
349 927 435 975 tuo
454 922 745 990 suscipas;
773 920 1097 974 monachus
1116 920 1270 973 enim
1305 936 1434 973 esse
1466 919 1751 974 desidero.
1773 919 1866 972 Ait

244 1010 314 1065 illi
332 1027 567 1080 magnus
587 1010 683 1064 ille
703 1009 1376 1065 Pachomius:Senilibus
1394 1009 1563 1063 annis
1581 1007 1864 1079 gravaris,

243 1106 288 1155 et
309 1100 617 1155 monachus
639 1101 899 1170 essejam
937 1117 1050 1154 non
1087 1105 1269 1170 potes,
1291 1117 1478 1170 neque
1511 1100 1661 1153 inter
1688 1104 1865 1152 crete-

242 1207 321 1245 ros
340 1191 534 1244 fratres
552 1189 650 1260 qui
680 1190 780 1244 hoc
801 1191 870 1243 ab
896 1189 1289 1244 adolescentia
1312 1189 1661 1253 didicerunt,
1680 1188 1867 1242 vivere

241 1279 394 1345 vales,
427 1295 490 1334 eo
521 1279 676 1349 quod
712 1279 1198 1333 consuetudinem
1241 1295 1441 1334 eorum
1486 1277 1866 1348 laboremque

239 1396 336 1433 non
360 1379 604 1449 pateris;
631 1377 1636 1449 cumqueabstinenticetentationes
1655 1393 1768 1430 non
1792 1378 1864 1429 fe-

240 1484 373 1533 rens,
398 1468 528 1522 Iaso
555 1467 753 1522 animo
777 1485 1050 1538 egressus
1080 1469 1149 1522 ab
1179 1467 1269 1522 his
1291 1469 1490 1535 fueris,
1519 1466 1864 1521 maledicere

235 1558 303 1611 eis
331 1558 571 1628 incipies
592 1575 739 1629 quos
769 1576 879 1612 non
903 1560 1160 1629 potueris
1194 1559 1475 1612 imitando
1495 1558 1725 1612 sectari.
1751 1557 1865 1611 No-

234 1646 541 1718 luititaque
563 1664 666 1702 nec
691 1648 876 1718 primo
895 1665 1027 1702 eum
1063 1665 1168 1704 nec
1199 1648 1456 1703 secundo
1488 1648 1600 1714 die,
1628 1664 1731 1701 nec
1763 1664 1866 1718 per

232 1739 389 1789 totam
421 1736 723 1806 suscipere
755 1737 1167 1806 septimanam.
1194 1738 1458 1807 Dumque
1483 1737 1705 1807 jugiter
1738 1753 1860 1806 per-

234 1825 440 1879 sisteret
462 1825 522 1878 in
552 1826 1093 1896 rogandojejunus,
1120 1826 1187 1880 ad
1211 1831 1596 1896 postremum,
1623 1825 1863 1896 Suscipe
1896 1845 1942 1910 Β

235 1928 330 1981 me,
361 1913 573 1985 inquit,
607 1915 782 1980 abba,
811 1918 868 1968 et
898 1914 945 1969 si
981 1931 1072 1968 me
1104 1913 1163 1967 in
1202 1914 1453 1983 jejunio,
1488 1913 1574 1968 vel
1607 1913 1664 1967 in
1693 1929 1864 1984 opere

234 2001 549 2056 inferiorem
575 2002 720 2072 ipsis
738 2002 1210 2073 deprehenderis,
1231 2003 1431 2057 statim
1451 2003 1520 2056 de
1537 2007 1636 2056 tuo
1661 2019 1866 2057 mona-

232 2090 384 2145 sterio
407 2091 580 2162 pelle.
599 2093 720 2156 Quo
740 2091 1075 2158 audito,ille
1101 2091 1396 2163 persuasit
1415 2091 1698 2145 fratribus
1724 2095 1784 2144 ut
1805 2090 1864 2144 in

235 2181 574 2235 monasterio
597 2181 972 2251 reciperetur.
1001 2185 1098 2235 Est
1118 2189 1310 2236 autem
1333 2181 1450 2234 illic
1473 2182 1646 2235 unius
1667 2197 1869 2234 nume-

236 2287 320 2322 rus
353 2269 702 2338 mansionis,
737 2270 960 2325 habens
991 2270 1165 2325 etiam
1202 2288 1387 2341 usque
1430 2271 1485 2324 in
1520 2274 1864 2341 praesentem

232 2358 362 2412 diem
387 2360 454 2413 ad
481 2359 651 2414 mille
669 2361 1133 2430 quadringentos
1150 2360 1324 2414 viros.
1348 2360 1489 2414 Cum
1523 2361 1701 2431 igitur
1725 2360 1867 2413 fuis-

232 2449 624 2520 setingressus
647 2449 704 2503 in
728 2465 854 2503 eam
879 2455 1120 2504 sanctus
1146 2449 1450 2513 Macarius,
1471 2455 1526 2503 et
1550 2454 1679 2520 post
1703 2449 1868 2502 breve

228 2545 434 2610 tempus
458 2540 946 2610 supervenissent
968 2539 1429 2610 quadragesima:
1453 2539 1598 2606 dies,
1619 2538 1866 2591 videret-

226 2644 322 2697 que
351 2630 619 2684 diversos
650 2631 805 2683 vario
831 2646 988 2684 more
1011 2629 1290 2692 viventes,
1319 2628 1493 2683 alium
1521 2625 1870 2697 vespertinis

227 2717 364 2772 horis
394 2717 1063 2788 solventemjejunium,
1083 2717 1261 2772 alium
1286 2734 1417 2771 vero
1445 2720 1577 2788 post
1601 2716 1866 2781 biduum,

228 2815 355 2871 alios
379 2817 564 2871 etiam
589 2820 719 2887 post
737 2817 855 2870 dies
874 2816 1130 2886 quinque
1153 2819 1478 2886 gustantes,
1511 2815 1691 2868 alium
1717 2819 1869 2868 stan-

227 2909 327 2959 tem
357 2907 494 2961 totis
537 2906 830 2970 noctibus,
851 2910 908 2959 et
929 2922 1027 2976 per
1059 2906 1211 2959 diem
1243 2907 1562 2969 sedentem,
1597 2903 1869 2959 laboran-

228 2999 439 3065 temque
459 3013 472 3052 :
489 2996 530 3048 il
549 2994 598 3048 le
617 2995 685 3049 de
699 2994 1006 3049 arboribus
1027 2993 1390 3065 dactylorum
1407 2995 1870 3048 corticesteuens

228 3081 437 3140 infusos
470 3101 548 3140 ac
575 3083 866 3155 cepiosos,
898 3083 957 3137 in
991 3100 1106 3137 uno
1131 3082 1346 3153 angulo
1366 3084 1557 3137 stabat
1579 3099 1766 3152 usque
1798 3083 1867 3136 ad

228 3174 686 3245 quadragesimae
709 3174 881 3227 ﬁnem
910 3177 966 3226 et
985 3171 1337 3244 principium
1360 3173 1612 3239 Paschae,
1638 3189 1751 3227 non
1779 3189 1868 3242 pa-

229 3278 363 3328 nem,
385 3280 502 3318 non
533 3279 751 3333 aquam
772 3267 1037 3333 gustans,
1063 3278 1175 3316 non
1200 3261 1436 3316 flectens
1460 3279 1794 3333 genua,non
1813 3261 1870 3316 in

230 3354 626 3421 terrajacens,
649 3352 747 3406 sed
774 3357 998 3405 tantum
1025 3351 1256 3405 modica
1274 3350 1700 3405 cauliculorum
1736 3351 1876 3405 folia

229 3442 390 3495 cruda
422 3439 739 3495 Dominico
757 3440 850 3494 die
882 3456 1146 3506 sumens,
1173 3446 1234 3493 ut
1267 3440 1622 3494 manducare
1642 3440 1773 3494 aliis
1791 3439 1876 3494 vi-

228 3529 466 3585 deretur.
486 3531 554 3585 Si
591 3531 828 3601 quando
861 3534 1055 3583 autem
1086 3531 1153 3583 ad
1174 3528 1534 3600 corporalem
1558 3530 1873 3585 necessita-

235 3622 336 3672 tem
364 3621 582 3675 luisset
598 3618 1211 3690 egressus,confestim
1241 3618 1558 3687 remeabat,
1578 3635 1642 3672 ac
1661 3619 1874 3684 stabat,

230 3733 327 3770 non
357 3735 418 3773 os
451 3716 754 3789 aperiens,
780 3734 893 3772 non
928 3716 1099 3770 alicui
1125 3716 1449 3787 quidquam
1480 3716 1746 3786 loquens,
1773 3716 1873 3771 sed

230 3820 343 3860 cum
367 3824 607 3863 summa
631 3805 1030 3860 taciturnitate
1053 3806 1404 3875 consistens,
1428 3805 1552 3859 etin
1573 3807 1745 3860 corde
1769 3822 1874 3861 suo

228 3899 435 3950 tantum
465 3897 698 3968 jugiter
714 3911 909 3962 orans,
935 3903 1108 3964 atque
1132 3895 1186 3948 id
1207 3894 1397 3949 solum
1423 3895 1615 3966 operis
1634 3896 1788 3966 quod
1814 3895 1873 3949 in

232 3987 490 4042 manibus
512 3987 754 4040 tenebat
773 3984 1052 4039 efficiens.
1072 3989 1251 4049 Quem
1271 4000 1403 4038 cum
1425 4000 1552 4038 esse
1575 3988 1692 4039 tam
1719 3985 1874 4039 durae

230 4080 384 4145 atque
417 4075 802 4131 inimitabilis
825 4073 952 4127 vitae
988 4073 1255 4129 monachi
1281 4089 1486 4128 omnes
1502 4073 1874 4128 consideras-

231 4170 363 4229 sent,
395 4165 576 4237 quasi
602 4165 858 4235 quadam
883 4165 1191 4218 adversum
1218 4162 1498 4234 pricipem
1524 4179 1698 4217 suum
1721 4164 1872 4218 sedi-

227 4251 365 4308 tione
404 4255 733 4309 commoti:
767 4252 949 4316 Unde,
996 4251 1293 4322 inquiunt,
1343 4251 1510 4305 nobis
1559 4251 1738 4305 istum
1768 4252 1870 4306 ad-

229 4341 450 4408 duxisti,
472 4343 582 4414 qui
605 4342 687 4396 ita
709 4342 845 4395 vivit
876 4342 1038 4412 quasi
1066 4341 1122 4394 in
1151 4357 1322 4394 carne
1348 4357 1460 4394 non
1496 4341 1573 4395 sit
1593 4340 1871 4408 humana,

230 4432 290 4484 ad
319 4432 877 4487 condemnationem
899 4429 1153 4485 omnium
1175 4430 1483 4484 nostrum?
1502 4431 1647 4484 Audi
1672 4431 1872 4502 igitur,

229 4525 275 4573 et
299 4521 558 4577 auttolle
589 4537 724 4575 eum
751 4537 782 4574 a
814 4520 1006 4586 nobis,
1025 4523 1125 4572 aut
1147 4519 1292 4573 scito
1318 4536 1520 4574 omnes
1541 4537 1645 4575 nos
1679 4537 1744 4574 ex
1764 4521 1871 4576 hoc

228 4611 578 4667 monasterio
602 4609 773 4664 hodie
796 4625 1151 4664 recessuros.
1173 4607 1271 4662 Ille
1289 4613 1484 4663 autem
1506 4610 1603 4663 tali
1629 4627 1868 4665 conver-

230 4702 438 4756 satione
463 4705 647 4770 atque
667 4698 879 4752 virtute
894 4700 1020 4767 ejus
1037 4696 1262 4763 audita,
1287 4698 1635 4767 deprecatus
1659 4705 1745 4754 est
1768 4701 1873 4755 Do-

231 4787 468 4857 minum,
507 4795 574 4844 ut
605 4787 736 4860 quis
767 4793 918 4842 esset
949 4787 1137 4841 eidem
1180 4785 1481 4840 revelaret.
1519 4789 1640 4853 Quo
1673 4789 1872 4843 statim

232 4877 703 4950 facto,arreptum
719 4894 853 4932 eum
873 4893 1048 4930 manu
1069 4877 1138 4929 ad
1160 4873 1478 4929 oratorium
1495 4892 1668 4930 suum
1688 4878 1872 4949 duxit,

232 4968 457 5024 ubierat
481 4969 667 5024 altare
689 4968 975 5034 divinum,
1000 4965 1421 5036 osculatusque
1439 4983 1572 5019 eum
1594 4967 1870 5022 dicitilli:

233 5064 384 5136 Veni,
419 5068 646 5139 optime
680 5083 874 5132 senex,
908 5070 969 5119 tu
1002 5064 1099 5119 ille
1127 5063 1418 5118 Macarius
1458 5079 1541 5130 es,
1562 5069 1617 5118 et
1646 5065 1787 5119 mihi
1822 5071 1875 5122 te

233 5153 409 5209 celare
424 5157 699 5211 tentabas
723 5173 736 5222 ;
763 5172 830 5210 ex
855 5153 1055 5209 multis
1069 5153 1240 5207 annis
1259 5157 1313 5207 te
1331 5151 1521 5207 videre
1545 5155 1874 5224 cupiebam,

231 5245 471 5300 audiens
491 5245 562 5300 de
585 5254 638 5300 te
660 5261 874 5315 magna
897 5242 1204 5298 miracula:
1223 5241 1441 5313 gratias
1464 5243 1566 5297 tibi
1587 5261 1714 5315 ago,
1741 5245 1878 5315 quia

231 5334 504 5404 colaphos
527 5335 851 5388 infantibus
875 5331 1090 5386 nostris
1115 5330 1437 5396 dedisti,ne
1474 5349 1753 5403 magnum
1776 5333 1877 5388 ali-

230 5423 359 5490 quid
393 5424 454 5477 in
490 5421 928 5477 conversatione
955 5421 1086 5474 vitae
1117 5436 1233 5474 suae
1268 5419 1453 5474 facere
1487 5438 1546 5475 se
1579 5426 1874 5492 putarent.

233 5508 543 5567 Revertere
572 5513 752 5584 igitur
770 5528 924 5566 nunc
946 5511 1012 5565 ad
1056 5509 1183 5564 loca
1211 5511 1364 5564 unde
1391 5527 1670 5580 veneras;
1706 5513 1877 5568 sufﬁ-

231 5599 450 5656 cienter
466 5601 625 5658 enim
649 5618 756 5658 nos
787 5617 991 5655 omnes
1019 5598 1336 5664 aediﬁcasti,
1362 5605 1419 5654 et
1436 5617 1536 5654 ora
1560 5619 1660 5672 pro
1686 5604 1877 5672 nobis,

231 5689 327 5746 His
362 5690 560 5748 verbis
589 5696 825 5764 rogatus
856 5693 927 5748 ab
961 5689 1258 5760 omnibus,
1290 5688 1426 5745 inde
1455 5689 1742 5750 discessit.

1466 347 1899 401 HERACLIDIS
1941 349 2367 407 PARADISUS.

3522 315 3645 408 ἐπι

2057 479 2316 542 Quodam
2342 498 2548 536 rursus
2568 485 2828 553 tempore
2847 481 2953 537 hoc
2973 500 3031 539 re
3052 483 3183 539 tulit
3205 484 3395 554 nobis,
3412 483 3640 541 dicens:

1981 567 2382 640 Quodcunque
2403 587 2583 641 genus
2616 571 2822 636 vitae,et
2845 589 3428 643 quoscunquemores
3454 575 3640 628 absti-

1982 656 2191 710 nentia:
2221 658 2546 727 spiritualis
2582 660 2929 726 desideravi,
2966 662 3230 716 imitatus
3264 680 3415 732 sum,
3452 668 3629 734 atque

1978 745 2210 813 perfeci.
2246 747 2458 802 lterum
2494 749 2724 820 inquit:
2753 749 3078 821 Aliquando
3112 752 3375 806 animum
3430 769 3626 807 meum

1976 835 2238 902 quiedam
2273 854 2430 892 novae
2465 838 2837 908 cogitationis
2880 841 3170 910 cupiditas
3203 843 3529 911 occupavit,
3567 846 3630 896 ut

1976 921 2177 976 vellem
2197 925 2457 996 quinque
2473 927 2678 981 diebus
2698 927 3163 984 continuis953
3182 945 3420 983 sensum
3441 931 3635 986 cordis

1977 1010 2088 1062 mei
2120 1011 2570 1083 inseparabilem
2603 1033 2636 1071 a
2670 1017 2785 1071 Deo
2815 1017 3022 1073 facere.
3051 1020 3447 1088 Statuensque
3478 1017 3633 1074 intra

1977 1106 2230 1156 mentem
2262 1120 2472 1170 meam,
2506 1115 2559 1160 et
2591 1105 2804 1160 clausis
2838 1106 2918 1161 ita
2949 1106 3115 1162 ostiis
3148 1107 3304 1163 cellae
3335 1115 3511 1178 atque
3540 1124 3634 1164 ve-

1974 1188 2198 1257 stibuli,
2235 1196 2298 1246 ut
2321 1194 2517 1248 nullus
2546 1195 2850 1250 hominum
2878 1214 3226 1267 responsum
3251 1215 3283 1251 a
3316 1215 3408 1252 me
3440 1196 3636 1269 posset

1974 1278 2251 1350 accipere,
2285 1283 2428 1353 ccepi
2482 1283 2699 1339 instare
2733 1303 2764 1339 a
2804 1285 3089 1357 principio
3152 1288 3512 1358 septimanae,
3547 1287 3635 1342 di-

1975 1383 2109 1422 cens
2143 1373 2340 1426 sensui
2390 1390 2554 1429 meo:
2591 1375 2731 1428 Vide
2766 1391 2836 1430 ne
2874 1377 3016 1431 velis
3047 1395 3079 1432 a
3129 1378 3271 1432 caelo
3304 1378 3372 1431 ad
3415 1382 3631 1432 terram

1975 1458 2342 1516 descendere.
2378 1464 2566 1518 Ilabcs
2601 1464 2718 1519 illic
2749 1466 2987 1537 angelos
3021 1471 3195 1538 atque
3226 1467 3630 1539 archangelos,

1973 1545 2410 1622 altissimasque
2441 1552 2703 1620 virtutes,
2730 1555 3031 1610 cherubim
3065 1573 3130 1610 ac
3160 1556 3480 1627 serapbim,
3510 1557 3632 1627 pri-

1974 1651 2255 1709 mumque
2278 1643 2545 1697 omnium
2566 1649 2888 1698 creatorem
2909 1645 3239 1699 Deum:illic
3263 1661 3626 1710 conversare,

1972 1743 2180 1797 sperne
2207 1728 2305 1783 illa
2330 1748 2696 1803 quaecunque
2720 1733 2871 1788 infra
2895 1734 3152 1789 caelestia
3172 1736 3445 1790 videntur
3467 1736 3628 1790 habi-

1973 1816 2187 1882 tacula,
2217 1835 2316 1873 nec
2343 1820 2606 1875 carnales
2638 1821 3021 1892 cogitationes
3045 1823 3334 1878 incurras.
3357 1825 3544 1895 Atque
3569 1825 3625 1879 in

1976 1904 2106 1970 hoc,
2126 1905 2343 1977 inquit,
2368 1909 2600 1964 duobus
2632 1911 2841 1966 diebus
2865 1928 2932 1966 ac
2955 1913 3180 1967 duabus
3199 1912 3470 1968 noctibus
3494 1929 3630 1985 per-

1976 2011 2267 2063 severans,
2295 2015 2479 2068 usque
2510 2001 2654 2054 adeo
2696 2001 3020 2056 daemonem
3055 2017 3400 2073 provocasse
3431 2019 3495 2058 ac
3527 2002 3630 2057 sti-

1978 2083 2236 2140 mulasse
2267 2103 2358 2141 me
2389 2087 2566 2156 sensi,
2595 2093 2658 2143 ut
2688 2088 2783 2144 ille
2827 2089 2884 2143 in
2910 2090 3209 2145 flammam
3251 2090 3404 2161 ignis
3437 2091 3631 2146 subito

1976 2191 2310 2242 conversus,
2345 2177 2542 2232 omnia
2573 2195 2699 2247 quae
2724 2178 2940 2233 habere
2972 2179 3127 2234 intra
3157 2180 3396 2235 videbar
3429 2180 3628 2236 incen-

1977 2264 2166 2317 deret:
2187 2264 2492 2336 ipsamque
2516 2266 2689 2320 etiam
2714 2272 2956 2322 mattam
2980 2268 3055 2339 (6)
3079 2284 3257 2337 super
3277 2285 3450 2339 quam
3475 2275 3630 2324 stare

1978 2369 2414 2424 consueveram,
2441 2360 2504 2409 ut
2537 2360 2724 2411 totum
2752 2356 2877 2426 jam
2907 2373 2998 2411 me
3031 2374 3305 2412 arsurum
3347 2374 3473 2412 esse
3506 2373 3627 2412 cre-

1979 2443 2197 2497 derem.
2234 2448 2312 2497 Ac
2346 2449 2709 2514 postremum
2745 2449 2903 2500 tanto
2935 2445 3141 2500 timore
3184 2462 3526 2517 percussus,
3556 2446 3627 2500 ab

1978 2531 2321 2602 hujusmodi
2356 2535 2652 2604 proposito
2686 2535 2856 2589 tertia
2889 2535 3144 2590 abscessi
3188 2535 3440 2603 die,cum
3467 2536 3627 2590 vide-

1977 2636 2099 2675 rem
2117 2625 2233 2675 tam
2249 2622 2854 2692 jugiterindividuum
2875 2625 2984 2678 Deo
3007 2624 3272 2679 animum
3301 2642 3393 2680 me
3414 2625 3628 2680 habere

1979 2726 2095 2763 non
2118 2727 2307 2781 posse.
2329 2712 2606 2766 Descendi
2631 2729 2767 2783 ergo
2787 2713 2999 2768 iterum
3023 2715 3095 2768 ad
3116 2714 3501 2785 cogitationes
3523 2732 3628 2770 saa-

1979 2799 2226 2869 culares,
2248 2817 2319 2855 ne
2348 2801 2584 2872 aliquod
2614 2802 2755 2856 mihi
2786 2819 2855 2857 ex
2886 2807 3166 2874 perpetuo
3198 2803 3520 2859 divinitatis
3539 2803 3630 2858 in-

1980 2888 2133 2942 tuitu
2166 2905 2352 2960 genus
2385 2893 2736 2962 arrogantiae
2770 2897 3131 2949 nasceretur.

2053 3017 2138 3070 Ad
2173 3015 2327 3071 hunc
2361 3016 2556 3087 ipsum
2589 3017 2907 3072 Macarium
2933 3034 3065 3072 cum
3099 3017 3420 3088 aliquando
3436 3015 3634 3073 venis-

1981 3122 2126 3173 sem,
2169 3106 2356 3177 reperi
2407 3113 2538 3161 ante
2588 3108 2741 3163 fores
2795 3107 2949 3163 cellze
2986 3108 3173 3180 ipsius
3233 3108 3633 3179 presbyterum

1905 3215 1948 3284 α
1989 3196 2324 3264 quemdam,
2351 3197 2522 3263 cujus
2555 3201 2743 3250 totum
2777 3202 2949 3267 caput
2976 3197 3119 3252 adeo
3152 3212 3387 3252 exesum
3418 3201 3475 3251 et
3495 3212 3633 3250 con-

1988 3290 2292 3356 sumptum
2325 3290 2449 3339 erat
2477 3284 2576 3339 illa
2593 3284 2950 3353 valetudine,
2975 3303 3100 3357 quae
3131 3285 3402 3342 carcinus
3425 3286 3498 3358 (7)
3533 3303 3633 3341 no-

1985 3375 2336 3443 minatur,ut
2353 3391 2416 3428 os
2434 3373 2609 3428 etiam
2641 3374 2876 3429 verticis
2897 3375 3196 3430 videretur
3217 3375 3466 3446 :quique
3490 3373 3628 3429 illuc

1985 3467 2048 3517 ut
2079 3467 2386 3516 curaretur
2410 3462 2742 3527 advenerat,
2777 3478 2880 3516 nec
2910 3466 3108 3516 tamen
3149 3478 3338 3533 usque
3368 3462 3426 3516 in
3459 3459 3624 3516 illum

1985 3551 2138 3604 diem
2171 3569 2204 3605 a
2235 3555 2437 3604 sancto
2469 3551 2716 3604 Macario
2757 3555 3069 3621 susceptus
3101 3550 3294 3605 fuerat
3324 3554 3423 3605 aut
3455 3550 3526 3605 ab
3561 3567 3625 3605 eo

1983 3640 2168 3694 visus.
2203 3640 2317 3709 Ego
2349 3639 2543 3709 itaque
2566 3645 2705 3694 tunc
2736 3639 2931 3710 ipsum
2961 3656 3174 3711 rogans
3205 3639 3380 3712 petivi
3413 3644 3476 3694 ut
3505 3640 3634 3710 ejus

1986 3729 2384 3795 misereretur,
2405 3733 2461 3782 et
2482 3728 2688 3783 saltem
2711 3745 3061 3800 responsum
3081 3729 3130 3784 ei
3158 3729 3342 3784 daret.
3369 3730 3449 3784 Ad
3476 3729 3631 3800 quod

1984 3817 2129 3872 mihi
2161 3817 2260 3871 ille
2283 3821 2524 3872 sanctus
2548 3817 2657 3872 hoc
2679 3817 2862 3873 dixit:
2894 3821 3018 3872 Non
3038 3823 3127 3872 est
3156 3817 3372 3889 dignus
3404 3817 3512 3872 iste
3530 3835 3635 3872 cus

1985 3907 2136 3974 rari;
2166 3907 2313 3960 hanc
2337 3906 2492 3960 enim
2520 3923 2748 3978 pmnam
2779 3924 2844 3961 ex
2873 3911 3159 3978 praecepto
3184 3905 3513 3961 Divinitatis
3537 3923 3635 3961 ac-

1985 3997 2157 4068 cepit.
2191 3997 2250 4052 Si
2284 4001 2480 4052 autem
2513 3999 2599 4053 vis
2631 3998 2824 4052 curari
2851 4015 3009 4067 eum,
3035 3999 3322 4068 persuade
3355 3997 3439 4052 illi
3472 3999 3636 4068 prius

1987 4091 2048 4140 ut
2069 4104 2101 4141 a
2124 4093 2459 4142 sanctorum
2485 4087 2907 4142 sacrificiorum
2924 4086 3324 4142 immolatione
3347 4086 3634 4150 discedat,

1984 4177 2245 4246 Cumque
2268 4192 2372 4247 ego
2405 4177 2654 4230 dicerem
2679 4177 2840 4242 :Cur,
2876 4181 3142 4245 obsecro,
3174 4175 3230 4229 id
3262 4175 3386 4229 fieri
3413 4175 3589 4245 jubes
3611 4175 3638 4230 ?

1982 4265 2126 4329 Quia
2147 4265 3173 4336 fornicationis,inquit,immunditia
3188 4263 3446 4335 pollutus
3465 4263 3637 4319 mini-

1982 4355 2159 4409 steria
2181 4354 2639 4409 Dominiviolare
2659 4354 3137 4418 consueverat,ob
3156 4353 3311 4423 quod
3333 4353 3467 4408 talis
3495 4370 3635 4424 sup-

1983 4441 2141 4512 plicii
2175 4443 2476 4496 atrocitate
2526 4441 2854 4508 cruciatur;
2889 4442 2988 4496 sed
3035 4441 3189 4496 sicut
3219 4440 3360 4510 dixi,
3393 4442 3441 4496 si
3473 4458 3631 4496 nun-

1984 4547 2159 4600 quam
2208 4529 2363 4584 velut
2402 4532 2676 4585 sacerdos
2725 4530 3012 4586 sacriﬁcia
3059 4530 3371 4601 contigerit
3412 4529 3632 4598 divina,

1980 4618 2239 4689 accipere
2263 4618 2897 4690 (Deojuvante)poterit
2928 4619 3302 4675 medicinam.
3327 4619 3474 4674 Cum
3499 4636 3634 4691 ergo

1985 4707 2068 4761 illi
2101 4707 2201 4778 qui
2234 4708 2343 4762 hac
2376 4707 2710 4763 valetudine
2746 4708 3046 4763 laborabat
3091 4707 3204 4764 ista
3233 4708 3535 4776 dixissem,
3570 4714 3636 4764 ut

1985 4813 2110 4852 cum
2125 4802 2489 4852 sacramento
2507 4814 2736 4852 mecum
2762 4797 3153 4868 pacisceretur
3170 4815 3282 4853 non
3301 4814 3362 4853 se
3384 4796 3634 4853 ulterius

1985 4889 2055 4941 ad
2079 4887 2338 4942 ofﬁcium
2362 4887 2681 4942 sacerdotis
2713 4887 3007 4956 accedere,
3024 4891 3164 4941 tunc
3188 4886 3423 4942 demum
3443 4904 3476 4941 a
3494 4905 3634 4943 san-

1986 4981 2076 5030 cto
2097 4975 2195 5030 illo
2218 4980 2457 5030 vocatus
2483 4980 2591 5044 est;
2615 4976 2711 5045 qui
2736 4992 2869 5030 cum
2893 4975 2985 5030 his
2998 4976 3291 5031 allocutus
3307 4981 3396 5032 est
3417 4976 3627 5031 verbis:

1987 5067 2207 5133 Credis,
2242 5065 2457 5136 inquit,
2485 5066 2668 5121 Deum
2701 5083 2854 5135 esse,
2877 5066 2971 5121 cui
3004 5067 3150 5122 nihil
3181 5069 3474 5122 occultum
3499 5067 3631 5122 est?

1986 5155 2305 5226 Respondit
2332 5155 2463 5210 ille:
2511 5156 2709 5211 Credo.
2742 5161 2864 5211 Non
2897 5157 3164 5227 potuisti,
3197 5156 3407 5228 inquit,
3453 5157 3632 5212 virtu-

1985 5248 2102 5300 tem
2137 5243 2465 5299 Divinitutis
2517 5247 2644 5314 ejus
2673 5246 2915 5301 evadere
2937 5250 2961 5299 .9
2993 5246 3315 5317 Respondit
3335 5245 3432 5301 ille
3459 5263 3472 5302 :
3505 5246 3629 5302 Non

1986 5333 2169 5407 potui,
2201 5334 2436 5388 domine
2469 5333 2568 5388 mi.
2604 5334 2768 5389 Tunc
2801 5351 3050 5406 magnus
3084 5334 3179 5389 ille
3222 5335 3536 5399 Macarius,
3569 5336 3628 5390 Si

1984 5424 2276 5496 agnoscis,
2311 5424 2524 5496 inquit,
2568 5429 2890 5495 peccatum,
2922 5429 2980 5480 et
3029 5425 3117 5479 vis
3159 5426 3400 5481 evadere
3452 5425 3628 5480 istam

1987 5532 2160 5586 quam
2199 5519 2434 5586 propter
2473 5515 2616 5570 illud
2659 5515 2764 5570 tibi
2807 5515 3089 5570 Dominus
3135 5515 3332 5570 intulit
3371 5532 3626 5586 pcenam,

1986 5604 2298 5660 emendare
2319 5604 2388 5658 de
2411 5604 2782 5676 reliquo.Quo
2811 5603 3028 5672 audito,
3053 5604 3148 5659 ille
3167 5605 3464 5675 proprium
3490 5621 3632 5659 con-

1989 5693 2179 5749 fessus
2211 5696 2294 5749 est
2328 5692 2570 5762 crimen,
2605 5703 2657 5750 et
2689 5695 2758 5750 de
2774 5699 2975 5750 caetero
2997 5708 3057 5748 se
3088 5709 3389 5762 nunquam
3423 5708 3625 5764 pecca-
