3986 6168
382 329 489 383 283

1522 332 1893 385 APPENDIX
1930 332 2026 383 AD
2063 330 2279 383 VITAS
2318 331 2636 383 PATRUM.
3641 336 3735 390 284

381 453 600 525 fatigor
620 457 673 509 et
695 454 936 511 crucior.
962 454 1061 511 Cui
1087 456 1195 511 hoc
1232 459 1373 511 tunc
1396 455 1675 512 Antonius
1726 470 1923 510 severa
1945 457 2030 508 at-
2061 455 2114 522 Α
2146 455 2263 508 tem
2282 452 2491 507 anima:
2508 453 2572 506 ad
2593 451 2819 507 inferna
2836 451 3329 525 mittuntur;quod
3347 454 3741 529 patiunturqui-

386 558 497 613 que
526 542 811 599 iracunda
836 562 965 599 voce
990 547 1311 617 respondit:
1346 548 1428 600 Tu
1453 546 1619 601 illum
1654 550 1755 599 ate
1774 544 2032 615 projicis,

384 632 622 703 Eulogi‘?
639 635 737 687 sed
760 634 855 689 ille
871 653 982 691 non
1007 637 1237 707 projicit
1263 652 1395 690 eum
1416 637 1566 707 quia
1585 652 1645 690 se
1663 636 1879 690 factum
1908 649 2034 687 esse

385 723 709 791 cognoscit.
733 724 976 794 Projicis
998 726 1163 779 eum?
1187 725 1482 779 meliorem
1505 725 1909 790 teinveniet,et
1930 721 2029 777 eli-i

384 817 479 881 get
497 815 644 865 Ueus
661 813 759 883 qui
777 813 1392 885 colligatdestitutum.
1412 815 1671 884 Cumque
1688 811 2033 885 perteriitus

386 900 456 953 ad
477 900 596 955 haec
622 902 899 973 Eulogius
931 906 1103 959 verba
1126 904 1632 969 tacuisset,relicto
1657 908 1894 959 sanctus
1914 906 2029 955 An-

384 990 583 1045 tonius
618 993 877 1065 Eulogio,
911 1012 1117 1050 rursus
1140 996 1313 1067 ccepit
1333 1001 1613 1067 zegrotum
1648 995 1897 1066 propriis
1920 1010 2035 1048 ser-

386 1080 664 1137 monibus
697 1087 1018 1151 verberare,
1066 1090 1121 1139 et
1154 1085 1274 1139 haec
1324 1086 1392 1139 ad
1427 1102 1559 1139 eum
1611 1102 1744 1139 cum
1777 1083 2031 1139 clamore

386 1170 641 1225 maximo
669 1170 842 1243 loqui:
870 1174 1299 1245 Elephantiose,
1325 1190 1486 1229 coeno
1523 1191 1587 1227 ac
1620 1173 1741 1228 luto
1775 1172 2030 1240 horride,

384 1274 487 1312 nec
514 1264 666 1315 terra
689 1262 863 1332 digne
886 1279 991 1318 nec
1005 1264 1169 1332 coelo,
1190 1280 1301 1317 non
1326 1264 1546 1318 desinis
1564 1263 1620 1317 in
1637 1262 1912 1332 injuriam
1932 1260 2031 1314 Dei

384 1347 708 1404 vociferari.
726 1352 924 1407 Nescis
940 1354 1077 1423 quia
1092 1356 1190 1423 qui
1205 1353 1501 1408 ministrat
1516 1352 1619 1406 tibi
1635 1350 2033 1407 Christusest?

387 1440 887 1506 quemadmodum
903 1459 1158 1497 aususes
1173 1442 1685 1499 contraChristum
1701 1437 2035 1509 talialoqui?

386 1543 522 1580 nam
543 1534 777 1599 propter
791 1530 1083 1587 Christum
1103 1550 1163 1587 sc
1179 1533 1285 1587 iste
1302 1532 1537 1588 servitio
1553 1530 1719 1585 taliet
1734 1527 2034 1599 obsequiis

385 1617 929 1687 sulijugavitﬂuem
959 1627 1014 1677 et
1037 1623 1227 1693 ipsum
1256 1622 1511 1677 mordaci
1536 1618 2038 1695 sermonelacera-

384 1709 508 1761 tum
537 1708 791 1779 reliquit.
808 1712 1233 1783 Conversisque
1250 1712 1442 1766 verbis
1460 1712 1528 1766 ad
1554 1712 1760 1765 fratres
1780 1708 1947 1776 alios,
1964 1708 2033 1761 ad

386 1812 503 1849 unu
518 1814 873 1869 mquemque
891 1800 990 1868 ita,
1008 1804 1070 1855 ut
1086 1800 1229 1855 ratio
1245 1799 1609 1871 singulorum
1627 1796 2029 1854 exhibebatlo-

382 1890 574 1951 cutus,
591 1904 797 1943 rursus
812 1889 881 1943 ad
899 1889 1204 1960 Eulogium
1220 1894 1569 1961 eteagrotum
1586 1888 1754 1954 redit,
1772 1887 2029 1957 dicitque

384 1973 466 2027 eis
496 1991 507 2029 :
547 1975 627 2029 Ne
659 1977 790 2046 quis
821 1984 1104 2048 vestrum,
1139 1996 1170 2032 o
1204 1978 1327 2045 filii,
1363 1995 1659 2050 quoquam
1709 1994 1771 2032 se
1817 1980 2027 2045 vertat,

382 2068 589 2118 neuter
609 2066 679 2120 ab
700 2064 878 2122 altero
902 2073 1221 2139 separetur,
1252 2069 1347 2123 sed
1372 2069 1442 2123 ad
1466 2066 1671 2122 cellam
1697 2070 1946 2121 vestram
1968 2065 2025 2119 in

383 2168 498 2223 qua
521 2170 621 2225 per
642 2160 867 2211 tantum
893 2162 1126 2228 tempus
1143 2158 1372 2212 vixistis
1390 2158 1571 2212 redite
1588 2173 1716 2211 cum
1736 2171 2030 2228 pace,om~

384 2258 515 2296 nem
540 2244 843 2299 tristitiam
879 2251 1179 2316 ponentes;
1202 2248 1316 2317 jam
1343 2262 1498 2300 nunc
1520 2247 1673 2300 enim
1699 2246 1765 2298 ad
1789 2261 1886 2299 vos
1918 2248 2027 2298 Do-

384 2332 581 2387 minus
615 2350 781 2389 meus
813 2334 1027 2390 mittet.
1054 2336 1200 2390 Nam
1236 2335 1479 2390 tcntatio
1507 2335 1619 2390 ista
1662 2333 1878 2387 idcirco
1933 2349 2026 2387 ac-

381 2420 521 2475 cidit
548 2422 730 2493 vobis,
758 2424 897 2493 quia
910 2425 979 2478 ad
999 2425 1175 2480 finem
1198 2425 1328 2479 vitae
1357 2424 1525 2479 ambo
1546 2422 1811 2489 venistis,
1832 2422 2024 2492 etjam

382 2514 626 2582 uterque
639 2518 895 2567 vestrum
914 2510 1695 2569 merebiturcoronari.Nihil
1711 2527 1845 2581 ergo
1863 2510 2029 2565 aliter

380 2598 743 2665 feceritis,ne
767 2602 910 2658 forte
932 2620 1031 2659 vos
1055 2603 1296 2673 angelus
1345 2604 1583 2657 veniens
1607 2603 1663 2656 in
1716 2601 1860 2657 eoin
1913 2617 2026 2671 quo

379 2688 496 2743 dixi
520 2687 644 2745 loco
661 2691 917 2746 invenire
933 2709 1044 2748 non
1062 2692 1601 2765 possit,vestrisque
1619 2690 1851 2745 coronis
1869 2690 2027 2743 frau-

380 2778 620 2833 demini.
643 2780 747 2845 Qui
773 2798 904 2835 cum
926 2783 996 2837 ad
1017 2781 1223 2836 cellam
1246 2798 1412 2836 suam
1439 2779 1716 2836 velociter
1730 2779 2025 2833 redeundo

382 2868 779 2941 redintegrata
826 2886 962 2941 pace
1003 2872 1321 2938 venissent,
1346 2870 1468 2924 inta
1498 2868 1881 2939 quadraginta
1899 2867 2026 2922 dies

379 2955 659 3029 Eulogius
692 2959 849 3030 prior
879 2959 1041 3026 obiit,
1063 2965 1119 3015 et
1141 2964 1269 3031 post
1294 2959 1451 3014 aliud
1477 2958 1735 3012 triduum
1755 2956 2025 3027 supradi-

379 3049 509 3102 ctus
542 3047 750 3103 defecit
769 3053 1045 3121 aegrotus,
1069 3050 1268 3105 animo
1292 3049 1665 3103 vehementer
1687 3045 2021 3101 incolumis.

2146 542 2606 613 cunquecarnali
2625 542 3741 614 obedicrintvoluntati,etquicunqueira-

2144 633 2417 687 cundiam
2434 633 2535 687 reti
2548 633 3019 702 nentes,reddere
3034 631 3205 687 malis
3220 633 3377 703 paria
3410 637 3741 691 tentaverint.

2145 721 2704 777 Referebantautem
2727 722 2895 777 nobis
2918 726 3037 776 tam
3079 721 3384 790 Chronius,
3416 739 3580 792 quam
3626 742 3743 779 san-

2145 815 2273 865 ctus
2302 811 2531 879 Hierax,
2567 816 2742 884 atque
2774 811 2871 867 alii
2926 810 3126 882 plures
3157 810 3328 865 vicini
3378 811 3624 879 fratrum,
3650 814 3745 869 ista

2144 916 2269 971 qua:
2303 901 2517 956 dicam.

2797 1008 3026 1063 CAPUT
3065 1007 3130 1062 X.

2269 1097 2387 1151 Vita
2418 1098 2912 1170 PauliSimplicis,
2967 1099 3107 1153 beati
3137 1096 3363 1152 Antonii
3391 1096 3655 1169 discipuli.

2212 1210 2428 1267 Paulus
2461 1208 2695 1264 nomine
2718 1207 3116 1279 (Pallad.,cap.
3144 1206 3236 1277 28)
3268 1205 3521 1261 rusticus
3542 1206 3756 1277 quidam

2145 1309 2201 1358 et
2225 1299 2592 1373 agricultura:
2613 1314 2845 1365 vacans,
2872 1297 3027 1351 ultra
3048 1312 3252 1351 omnes
3270 1294 3525 1366 optimus
3549 1311 3608 1349 ac
3632 1294 3757 1349 satis

2144 1390 2419 1460 simplex,
2444 1387 2851 1459 pulcherrima:
2886 1385 3121 1457 quidem
3153 1385 3340 1451 vultu,
3388 1384 3486 1439 sed
3520 1383 3761 1438 moribus

2146 1479 2311 1534 mala:
2347 1478 2697 1547 conjunctae
2729 1474 2911 1530 uxori.
2948 1475 3091 1530 Cum
3143 1490 3271 1529 eam
3307 1490 3406 1545 per
3464 1472 3760 1544 plurimum

2146 1567 2427 1639 temporis
2462 1566 2690 1621 occulta
2719 1564 2921 1619 fraude
2946 1568 3304 1635 peccantem,
3328 1562 3579 1633 quadam
3602 1561 3685 1615 die
3708 1578 3766 1615 ex

2148 1674 2287 1729 agro
2306 1660 2599 1713 revertens
2634 1654 2880 1724 turpiter
2925 1653 3261 1718 invenisset,
3297 1652 3603 1721 subitoque
3644 1666 3763 1705 cum

2149 1746 2566 1817 aliojacentem
2586 1743 2705 1798 viro
2726 1742 3209 1814 deprehendisset
3226 1741 3406 1811 (unde
3422 1744 3610 1794 tamen
3631 1739 3766 1793 divi-

2060 1833 2106 1896 Β
2138 1855 2213 1892 na
2232 1836 2519 1892 ordinatio
2540 1838 2925 1889 memoratum
2951 1831 3195 1886 Paulum
3216 1831 3289 1885 ad
3326 1829 3617 1884 meliorem
3653 1828 3765 1881 vita:

2138 1926 2431 1982 tramitem
2454 1924 2826 1994 provocabat)
2841 1920 3182 1987 ,verecunde
3201 1917 3631 1990 aliquantulum
3651 1916 3768 1971 risit

2137 2016 2239 2071 tali
2263 2015 2508 2085 loquens
2530 2014 2600 2067 ad
2625 2017 2900 2082 utrosque
2921 2026 3213 2066 sermone:
3234 2009 3406 2077 Bene,
3441 2006 3647 2078 inquit,
3690 2006 3773 2059 be-

2139 2122 2229 2171 ne;
2254 2104 2406 2159 unde
2428 2108 2652 2157 certum
2677 2101 2877 2157 sciatis
2899 2102 2967 2155 ad
2997 2116 3087 2155 me
3109 2099 3218 2153 hoc
3237 2096 3386 2153 nihil
3406 2096 3637 2169 penitus
3652 2110 3771 2166 per-

2136 2196 2346 2259 tinere,
2382 2200 2437 2247 et
2460 2208 2559 2263 per
2574 2192 2776 2247 Jesum
2796 2190 2894 2261 qui
2916 2190 3037 2245 haec
3077 2188 3316 2260 respicit
3334 2189 3490 2258 juro,
3514 2186 3661 2258 quod
3680 2200 3773 2254 ego

2139 2284 2287 2339 hanc
2308 2282 2553 2337 ulterius
2573 2298 2684 2335 non
2705 2281 3116 2335 habebo.Vade
3134 2277 3559 2350 igitur,erittua
3577 2290 3699 2329 cum
3722 2272 3775 2326 tl-

2138 2373 2234 2427 liis
2252 2372 2397 2436 suis;
2418 2387 2521 2441 ego
2540 2368 3129 2440 enim,inquit,ibo,et
3148 2369 3217 2423 de
3236 2366 3465 2439 reliquo
3485 2379 3576 2419 me
3595 2378 3779 2417 mona-

2136 2461 2309 2516 chum
2337 2459 2631 2531 proﬁteor.
2654 2460 2872 2529 Etpost
2894 2458 3013 2511 haec
3045 2455 3190 2511 nulli
3224 2455 3555 2526 quidquam
3572 2452 3778 2513 dicens,

2137 2548 2401 2605 ascendit
2423 2553 2551 2603 octo
2586 2547 2880 2618 proximas
2906 2546 3261 2613 mansiones,
3294 2549 3359 2598 et
3389 2543 3461 2598 ad
3520 2543 3772 2595 sanctum

2138 2642 2455 2697 Antonium
2486 2640 2688 2711 pergit.
2722 2640 2828 2707 Qui
2850 2656 2985 2694 cum
3018 2640 3168 2693 fores
3187 2637 3315 2707 ejus
3341 2636 3415 2692 ab
3440 2651 3505 2689 eo
3530 2635 3776 2703 percute-

2137 2736 2650 2801 rentur,egressus
2682 2735 2791 2794 est,
2817 2734 2872 2783 et
2905 2728 3043 2799 quid
3069 2730 3307 2797 cuperet
3335 2721 3679 2787 sciscitanti,
3711 2720 3783 2775 ait

2135 2820 2242 2876 illi:
2275 2817 2591 2876 Monachus
2614 2818 2736 2873 fieri
2773 2816 2921 2872 volo.
2978 2814 3300 2887 Respondit
3351 2811 3665 2881 Antonius,
3696 2809 3777 2863 di-

2135 2926 2293 2965 cens:
2332 2912 2471 2964 Cum
2521 2907 2603 2962 sis
2657 2906 2976 2961 admodum
3015 2922 3210 2971 senex,
3256 2902 3570 2975 sexaginta
3611 2913 3783 2955 annos

2137 2995 2674 3069 agens,monachus
2691 2995 2786 3050 hic
2802 2994 2922 3049 ﬁeri
2948 3011 3064 3049 non
3090 2998 3272 3065 potes,
3298 2994 3404 3047 sed
3448 2989 3635 3060 magis
3656 2986 3785 3043 vade

2136 3092 2205 3145 ad
2231 3090 2420 3145 vicum
2441 3092 2693 3153 tuum,et
2711 3086 2867 3157 operi
2886 3085 3125 3141 cultoris
3144 3084 3521 3152 iucumhe,ut
3539 3087 3596 3137 et
3614 3081 3788 3135 vivere

448 3155 733 3265 Quini!”
761 3161 954 3265 θουὶίθῐξι
988 3175 1119 3265 εαξη
1151 3157 1468 3257 Plurim“?
1497 3153 1851 3265 Empor‘isﬁn
1874 3154 2023 3265 Ἐπ’
2055 3197 2096 3265 C
2138 3178 2539 3251 operariorum
2563 3177 2699 3246 vita,
2733 3153 2790 3231 et
2814 3177 3033 3245 gratias
3054 3191 3223 3246 agere
3253 3173 3376 3229 Deo
3413 3171 3606 3245 possis
3636 3188 3648 3238 ;
3683 3170 3789 3223 im-

376 3245 559 3301 baicis
578 3248 811 3303 fecisset
831 3248 998 3315 locis,
1023 3249 1089 3303 ad
1110 3247 1467 3304 monasteria
1486 3244 1875 3301 Alexandrina
1898 3245 2025 3299 des-

377 3335 592 3391 cendit:
626 3338 931 3410 evenitque
968 3342 1029 3393 ut
1061 3339 1130 3393 ad
1166 3337 1332 3392 illum
1368 3340 1695 3391 occurreret
1727 3333 1880 3389 diem
1922 3333 2022 3405 qui

380 3424 554 3479 unius
573 3427 811 3497 quidem
832 3429 981 3497 quad
994 3424 1590 3498 ragesimus,alterius
1606 3427 1797 3478 autem
1815 3422 2022 3477 tertius

378 3513 709 3569 celebratus
732 3520 871 3569 tunc
887 3534 919 3570 a
944 3518 1220 3570 fratribus
1237 3514 1707 3569 dicebatur.Cum
1726 3512 1903 3582 igitur
1918 3512 2023 3565 hoc

375 3601 667 3658 Chronius
687 3603 1043 3671 didicissset,
1063 3604 1388 3673 obstupuit;
1405 3606 1759 3673 sumptoque
1775 3601 2025 3671 Evange-

374 3688 451 3744 lio
476 3696 698 3756 sancto,
726 3697 900 3762 atque
934 3694 989 3747 in
1025 3694 1214 3747 medio
1243 3696 1491 3747 fratrum
1511 3690 1725 3761 posito,
1751 3706 1885 3744 cum
1926 3706 2021 3744 sa-

376 3785 671 3835 cramento
699 3780 841 3851 ipsis
864 3798 965 3853 per
982 3782 1245 3837 ordinem
1266 3785 1476 3836 cuncta
1492 3779 1782 3850 exposuit,
1802 3780 2020 3834 dicens:

376 3872 595 3923 Horum
629 3873 894 3926 omnium
923 3889 1069 3943 quos
1088 3871 1564 3937 commemoravi,
1618 3870 1909 3940 interpres
1941 3868 2023 3923 fui

379 3957 504 4030 ipse
526 3976 886 4027 sermonum,
912 3979 976 4017 eo
996 3963 1148 4033 quod
1169 3964 1361 4017 Greece
1386 3960 1546 4031 loqui
1567 3964 1808 4015 sanctus
1843 3961 2023 4014 Anto-

380 4048 515 4103 nius
546 4050 842 4105 ncsciebat
864 4066 988 4123 ;ego
1021 4057 1215 4107 autem
1249 4055 1557 4121 utramque
1604 4066 1875 4104 noveram
1907 4047 2023 4102 lin-

379 4152 577 4207 guam,
604 4139 947 4209 atqueinter
974 4141 1133 4212 ipsos
1158 4141 1456 4212 loquebar,
1484 4138 1599 4195 illis
1619 4137 1851 4210 quidem
1878 4138 2024 4192 Gras-

380 4240 467 4290 co,
493 4226 589 4281 isti
613 4232 805 4283 autem
828 4230 1092 4300 ZEgyptio
1126 4246 1223 4285 ore
1254 4229 1634 4301 respondens.

451 4333 568 4388 Hoc
591 4352 823 4406 quoque
840 4336 1128 4392 Chronius
1146 4337 1268 4407 ipse
1290 4336 1458 4391 nobis
1478 4335 1760 4390 referebat
1777 4332 2019 4401 (Pallad.

382 4438 499 4492 cap.
532 4424 646 4491 27),
681 4426 835 4495 quod
866 4426 918 4480 ei
950 4435 1189 4481 sanctus
1219 4426 1531 4489 Antonius,
1560 4425 1617 4478 in
1646 4424 1745 4478 illa
1776 4424 1904 4495 ipsa
1922 4440 2024 4477 no-

386 4515 473 4563 cte
496 4526 610 4579 qua
629 4512 867 4567 beatum
890 4514 1115 4568 dimisit
1136 4514 1467 4584 Eulogium,
1493 4513 1735 4567 dixisset
1766 4513 1903 4582 quia
1926 4528 2028 4583 per

390 4604 572 4653 totum
598 4618 814 4656 annum
843 4603 1019 4657 Deum
1047 4603 1392 4673 deprecatus
1417 4601 1645 4668 fuisset,
1676 4607 1738 4655 ut
1759 4601 2027 4656 ostende-

387 4694 589 4743 rentur
616 4690 796 4745 eidem
848 4708 947 4761 per
1004 4691 1415 4746 revelationem
1469 4690 1596 4745 loca
1653 4695 2026 4760 peccatorum

382 4781 1033 4849 atquejustorum.Et;se
1047 4780 1261 4835 vidisse
1275 4779 1502 4834 dicebat
1516 4794 2027 4850 procerumquem-

384 4868 516 4921 dam
542 4884 728 4937 usque
746 4869 815 4922 ad
843 4870 1026 4923 nubes
1045 4869 1340 4940 gigantem
1362 4869 1496 4923 tetri
1517 4868 2027 4933 coloris,extentas

382 4973 592 5012 manus
610 4958 679 5012 ad
704 4957 913 5012 ccelum
955 4959 1227 5028 habente,
1254 4963 1427 5028 atque
1454 4958 1798 5029 infrapedes
1839 4956 2027 5028 ipsius

381 5046 572 5101 lacum
595 5048 664 5102 ad
681 5047 1114 5118 speciemmaris
1132 5048 1349 5103 fusum.
1368 5046 1474 5102 Ubi
1491 5052 1770 5119 tanquam
1786 5063 1914 5103 aves
1936 5046 2026 5100 in-

382 5137 1042 5206 quit,enimasvolautes
1065 5138 1210 5192 vidit
1236 5137 1544 5204 Antonius;
1571 5136 1753 5191 stillae
1790 5137 2028 5206 quidem

384 5241 743 5296 quaecunque
768 5242 947 5297 supra
972 5243 1181 5281 manus
1205 5225 1394 5296 ipsius
1417 5231 1709 5297 caputque
1732 5226 2025 5292 volabant,

382 5315 1267 5388 conservahantur;quzecunque
1282 5315 1751 5370 autemmauibus
1768 5314 1952 5384 ipsius
1968 5332 2029 5370 re

382 5420 703 5476 percusssaa
719 5405 969 5459 fuissent
982 5404 1465 5475 mergebanturin
1482 5402 1917 5458 lacum.Vocem
1934 5420 2030 5459 au-

382 5499 498 5549 tem
515 5499 652 5548 tunc
670 5492 781 5548 sibi
801 5493 975 5549 talem
993 5495 1221 5550 venisse
1242 5493 1545 5548 referebat:
1560 5496 1679 5547 Bas
1693 5508 1896 5547 omnes
1910 5494 2031 5549 ani-

385 5598 510 5638 mas
526 5598 674 5654 quas
689 5582 954 5639 volantes
974 5581 1317 5650 vides,scias
1335 5580 1564 5637 animas
1586 5582 2029 5651 essejustorum

384 5687 508 5741 quae
534 5672 592 5728 in
634 5674 887 5745 paradisi
936 5672 1295 5729 habitatione
1325 5670 1722 5743 requiescunt;
1782 5671 1891 5727 illa:
1923 5689 2027 5729 au-

2137 3288 2333 3342 parem
2353 3277 2405 3326 te
2428 3269 2580 3325 enim
2606 3268 2863 3323 miseriis
2887 3253 2949 3321 ac
2971 3266 3153 3322 labori
3175 3265 3576 3321 solitudinum
3625 3262 3785 3318 scias.

2131 3366 2387 3416 Rursum
2416 3360 2486 3415 ad
2512 3358 2634 3413 haec
2657 3374 2833 3413 senex
2869 3357 2966 3412 ille
3017 3355 3345 3427 respondit,
3409 3356 3524 3411 hoc
3572 3352 3783 3407 dicens:

2133 3451 2427 3523 Quidquid
2464 3466 2555 3505 me
2580 3446 2933 3516 docueris,id
2964 3447 3191 3502 faciam.
3220 3450 3285 3501 Et
3327 3460 3575 3501 rursum
3623 3442 3788 3497 Anto-

2135 3542 2291 3605 nius,
2320 3540 2440 3594 Dixi
2470 3539 2594 3604 tibi,
2627 3538 2766 3609 quia
2816 3537 3069 3592 multum
3112 3551 3289 3592 senex
3343 3552 3433 3601 es,
3488 3550 3597 3590 nec
3628 3529 3775 3587 vales

2134 3629 2376 3700 implere
2396 3628 2549 3699 quod
2574 3627 2805 3698 quaeris:
2828 3619 3148 3693 discedere,
3165 3630 3221 3680 et
3239 3624 3287 3679 si
3305 3623 3645 3680 monachus
3669 3632 3788 3673 esse

2134 3718 2527 3785 desideras,ad
2552 3716 2766 3772 leviora
2785 3715 3145 3771 monasteria
3160 3713 3354 3784 magis
3389 3729 3592 3784 perge,
3610 3710 3678 3767 ad
3694 3724 3785 3763 eos

2136 3810 2339 3863 fratres
2372 3805 2468 3877 qui
2489 3810 2737 3876 possunt
2760 3804 3158 3860 infirmitatem
3179 3803 3557 3875 tuicorporis
3578 3799 3783 3855 tolera-

2134 3912 2193 3950 re
2216 3894 2523 3966 patienter;
2551 3908 2655 3963 ego
2679 3892 2829 3946 enim
2856 3892 2949 3946 hic
2972 3891 3132 3947 solus
3147 3892 3342 3957 sedeo,
3372 3895 3512 3961 post
3531 3887 3786 3961 quinque

2133 3984 2278 4053 dies,
2312 3986 2368 4037 et
2398 3982 2508 4036 hoc
2531 3996 2666 4036 cum
2699 3997 2932 4035 summa
2960 3981 3174 4051 inopia,
3210 3980 3413 4035 cibum
3451 3992 3718 4034 sumens.

2204 4073 2305 4127 His
2324 4087 2459 4142 ergo
2480 4076 2536 4125 et
2554 4069 2771 4125 talibus
2793 4069 2984 4124 verbis
3017 4068 3327 4123 excludere
3350 4067 3615 4124 Paulum
3633 4062 3789 4121 vole-

2132 4163 2249 4218 bat.
2271 4160 2374 4215 Cui
2407 4177 2539 4215 cum
2560 4158 2657 4214 ille
2682 4175 2797 4214 non
2821 4157 3236 4229 acquiesceret,
3262 4158 3425 4213 intra
3444 4156 3665 4213 ostium
3686 4150 3792 4208 cel-

2134 4251 2263 4305 lulte
2288 4267 2348 4305 se
2366 4248 2612 4304 recludit
2629 4248 2921 4303 Antonius
2940 4252 3173 4318 propter
3192 4247 3391 4316 ipsum
3417 4263 3524 4318 per
3544 4244 3792 4301 triduum

2127 4341 2290 4411 juge,
2318 4356 2419 4393 nec
2442 4337 2575 4391 inde
2594 4354 2939 4408 progressus
2970 4341 3079 4405 est,
3113 4336 3286 4390 etiam
3308 4353 3451 4391 cum
3473 4332 3795 4391 necessitas

2134 4424 2453 4498 corporalis
2487 4430 2742 4497 urgeret.
2766 4426 2965 4496 Neque
2986 4431 3175 4480 tamen
3198 4424 3291 4479 ille
3311 4426 3384 4479 de
3406 4424 3645 4479 foribus
3669 4426 3791 4475 tan-

2136 4516 2235 4571 diu
2252 4514 2547 4583 exclusus,
2568 4514 3060 4581 abcessit.Quarto
3078 4514 3257 4586 igitur
3277 4514 3371 4568 die
3406 4518 3663 4570 sanctus
3682 4514 3795 4565 An-

2137 4606 2329 4659 tonius
2349 4620 2480 4658 cum
2501 4603 2851 4659 necessitate
2870 4608 3091 4658 natura:
3110 4602 3797 4675 compelleretur,egrcs-

2138 4712 2239 4750 sus
2262 4693 2587 4758 est,iterum
2607 4693 2810 4748 dicens
2842 4694 2914 4747 ei:
2950 4692 3128 4761 Vade,
3161 4692 3379 4763 inquit,
3425 4692 3573 4747 hinc
3607 4706 3799 4755 senex,

2139 4783 2278 4854 quid
2300 4780 2583 4837 molestus
2611 4798 2671 4837 es
2703 4781 2880 4837 mihi?
2910 4782 3175 4836 habitare
3196 4798 3306 4835 non
3342 4786 3517 4852 potes
3544 4794 3797 4840 mecum,

2137 4872 2221 4927 Ad
2255 4886 2428 4943 quem
2462 4870 2681 4926 Paulus
2708 4871 2815 4927 hoc
2846 4871 3007 4926 dixit:
3042 4870 3213 4925 Aliud
3249 4870 3373 4924 fieri
3427 4887 3555 4925 non
3591 4869 3804 4940 potest,

2140 4960 2253 5015 nisi
2288 4965 2352 5015 ut
2373 4962 2467 5015 hic
2499 4960 2712 5025 vivam,
2736 4959 3265 5031 inquit,etmoriar.
3295 4956 3805 5027 Circumspiciens

2140 5051 2321 5122 igitur
2349 5050 2463 5105 huc
2492 5054 2667 5121 atque
2698 5048 2840 5104 illuc
2870 5054 3108 5105 sanctus
3133 5048 3451 5114 Antonius,
3474 5046 3808 5115 vidensque

2140 5142 2289 5210 quod
2323 5138 2469 5193 nihil
2499 5155 2699 5193 secum
2722 5140 2793 5193 ad
2818 5138 2942 5191 vita:
2960 5137 3237 5193 alimenta
3261 5142 3684 5207 portaret,non
3709 5148 3806 5203 pa-

2140 5246 2297 5293 nem,
2324 5245 2436 5283 non
2469 5244 2707 5299 aquam,
2741 5244 2856 5281 non
2913 5226 3069 5281 aliud
3132 5226 3492 5299 quidquam,
3558 5229 3622 5281 et
3653 5220 3809 5296 quod

2141 5322 2554 5390 quartotamen
2582 5315 2749 5370 diein
2772 5315 3287 5387 coutinuojejunio
3313 5311 3813 5386 permaneret,“—

2139 5421 2426 5476 mensque
2452 5422 2520 5460 ne
2541 5404 2783 5476 ignarus
2804 5403 2962 5477 longi
2991 5404 3201 5476 jejunii
3236 5403 3421 5459 nimia
3474 5402 3815 5458 defectione

2140 5499 2490 5560 moreretur,
2522 5498 2577 5549 et
2592 5491 2851 5563 aliquam
2884 5494 3199 5549 sibiexhoc
3219 5492 3817 5563 relinqueretmacu-

2140 5582 2525 5655 lam,tandem
2557 5582 3119 5654 suscepiteum.Tali
3137 5587 3331 5639 autem
3350 5580 3818 5638 conversatione

2142 5674 2280 5732 vitae
2312 5690 2414 5747 per
2439 5689 2646 5732 omnes
2660 5672 2869 5745 degere
2890 5673 3015 5731 dies
3039 5673 3213 5747 caspit
3232 5670 3819 5744 Antonius,qualem
