3986 6168
210 298 289 354 289

1392 286 1828 342 HERACLIDIS
1865 285 2293 341 PARADISUS.

3441 283 3550 337 290

211 433 402 490 remque
428 412 652 479 faciens,
684 412 756 467 ad
799 414 1097 467 certamen
1148 409 1461 466 adversum
1506 407 1782 481 spiritum
1815 412 1869 477 Α
1900 405 2013 476 Ius,
2048 406 2118 461 de
2148 405 2259 461 hoc
2290 404 2603 476 exprobrat
2651 404 2814 473 vitio,
2849 404 3082 473 dicens:
3115 406 3183 461 Et
3209 421 3314 461 vos
3364 405 3555 462 inﬂati

209 504 565 572 fornicationis,
609 502 807 556 divina
837 500 1027 574 gratia
1059 499 1456 568 tolerandum,
1489 497 1787 553 sufﬁcien-

207 605 274 654 ter
297 612 373 651 me
400 593 751 651 exhortatum
788 589 1019 646 remisit
1048 590 1116 643 ad
1155 588 1387 644 cellam.

769 714 998 772 CAPUT
1037 714 1159 770 XII.

600 815 722 869 Vita
755 812 1021 884 Stephani
1051 810 1330 867 monachi.

250 932 537 1006 Stephanus
560 930 798 1003 quidam
827 930 1118 985 oriundus
1141 946 1208 983 ex
1232 928 1414 1000 Libya
1436 929 1683 997 (Pall.,c.
1702 928 1792 999 30)

201 1027 243 1079 in
266 1030 403 1095 parte
429 1038 623 1077 eorum
658 1019 919 1076 locorum
950 1018 1167 1090 quibus
1200 1019 1559 1073 Marmarica
1594 1022 1650 1073 et
1670 1023 1796 1073 Ma-

197 1114 397 1169 reotidis
420 1127 621 1166 nomen
646 1114 755 1175 est,
779 1125 879 1180 per
909 1109 1213 1180 sexaginta
1236 1125 1423 1164 annos
1446 1108 1678 1175 sedens,
1706 1123 1799 1162 us-

200 1220 283 1272 que
308 1203 433 1257 adeo
450 1200 740 1272 perfectus
764 1199 953 1253 factus
969 1203 1059 1253 est
1076 1197 1426 1264 monachus,
1448 1202 1799 1268 tantumque

200 1292 367 1346 habuit
386 1292 437 1344 in
461 1288 846 1344 discernenda
861 1304 1055 1343 rerum
1076 1287 1797 1358 ambiguitatejudicium,

201 1386 250 1435 ut
274 1379 537 1451 ejusmodi
570 1377 831 1433 divinam
873 1378 1121 1448 gratiam
1158 1382 1520 1432 mereretur:
1554 1377 1661 1431 hoc
1694 1381 1799 1441 est,

196 1475 243 1524 ot
262 1469 569 1541 quicunque
592 1468 663 1521 ad
688 1467 908 1539 ipsum,
934 1482 1003 1521 ex
1028 1482 1385 1538 quacunque
1408 1480 1468 1520 re
1491 1465 1677 1521 tristis
1700 1464 1803 1520 ali-

193 1560 383 1630 quando
397 1559 814 1628 venisset,post
828 1557 1114 1611 visionem
1134 1557 1262 1626 ejus
1277 1562 1454 1628 atque
1468 1572 1799 1612 sermonem

194 1649 324 1703 latus
351 1648 701 1703 abscederet.
734 1646 921 1701 Notus
948 1651 1145 1701 autem
1179 1646 1274 1700 hic
1323 1652 1380 1700 et
1425 1651 1631 1701 sancto
1684 1647 1803 1703 viro

1896 497 2037 552 estis
2066 497 2112 567 (I
2140 495 2265 551 Cor.
2299 496 2400 567 xv).

1968 586 2072 641 Hic
2103 586 2228 657 ipse
2259 585 2479 641 Valens
2511 589 2826 657 postquam
2860 584 3220 656 pervenitad
3252 602 3543 657 eremum,

1894 674 1955 729 in
1998 690 2108 744 qua
2141 692 2242 747 per
2272 674 2557 747 plurimos
2591 691 2777 729 annos
2806 674 2951 729 vixit
2982 675 3316 741 nobiscum,
3347 676 3557 730 difﬁci-

1896 763 2089 835 lisque
2103 764 2229 819 vita:
2253 769 2561 819 assecutus
2578 772 2668 819 est
2694 764 2980 829 studium,
3005 764 3075 817 ad
3099 768 3329 819 tantum
3349 781 3555 837 super-

1898 853 2005 907 biaa
2036 870 2316 909 cacumen
2350 854 2637 918 ascendit,
2670 857 2735 907 ut
2756 852 3463 909 diabolicisirrisionibus
3487 871 3555 909 ac

1900 942 2149 999 fallaciis
2179 943 2529 999 vinceretur.
2561 944 2707 997 Nam
2737 942 3015 1015 paulatim
3052 958 3188 997 eum
3222 943 3279 996 in
3307 943 3553 997 docendi

1904 1030 2154 1087 elatione
2187 1033 2518 1103 deceptum,
2543 1032 2612 1087 ad
2639 1032 2746 1086 hoc
2766 1032 2992 1086 daemon
3019 1032 3367 1100 adduxerat,
3393 1036 3459 1086 ut
3482 1031 3563 1087 ita

1903 1138 1965 1177 se
1997 1120 2194 1176 nescio
2246 1121 2385 1192 quid
2439 1137 2569 1176 esse
2620 1136 2907 1193 magnum
2959 1125 3215 1192 putaret,
3275 1126 3559 1193 tanquam

1904 1210 2168 1282 quotidie
2182 1210 2525 1281 angelorum
2543 1210 2767 1266 visione
2783 1210 3236 1282 ministerioque
3250 1212 3561 1268 frueretur.

1976 1308 2325 1365 Referehant
2360 1309 2539 1381 igitur
2568 1310 2697 1380 ejus
2732 1308 3052 1374 notissimi,
3086 1310 3242 1381 quod
3277 1326 3391 1365 uno
3414 1327 3564 1382 quo-

1906 1401 2041 1455 dam
2067 1399 2337 1469 die,dum
2363 1400 2422 1454 in
2448 1399 2707 1455 tenebris
2730 1415 2879 1471 opus
2902 1399 3139 1467 faceret,
3166 1415 3306 1454 acus
3330 1398 3563 1472 illaqua

1908 1488 2249 1561 sportellam
2283 1490 2626 1554 consuebat,
2659 1488 2974 1544 excidisset
2994 1505 3023 1543 e
3045 1488 3560 1556 manibus,etcum

1908 1595 2034 1634 eam
2070 1596 2184 1633 non
2217 1583 2407 1649 potest
2438 1579 2602 1649 (quia
2631 1578 2688 1632 in
2714 1579 2962 1633 obscuro
2992 1593 3106 1632 non
3138 1578 3422 1649 cerneret)
3471 1578 3561 1632 in-

1909 1668 2127 1735 venire,
2160 1667 2433 1739 lampade
2458 1668 2783 1723 ministerio
2806 1666 3094 1722 daemonis
3111 1667 3158 1722 ei
3186 1683 3454 1735 accensa,
3479 1668 3564 1722 sic

197 1738 404 1836 Δηῒοῐιίξ)
432 1736 565 1847 {ti-lt:
600 1735 1501 1847 Pervenitautemftiam'lisque
1524 1736 1592 1790 ad
1620 1736 1802 1836 UOStf'i
1836 1782 1881 1847 Β
1913 1774 2080 1813 acum
2115 1735 2304 1828 quam
2328 1757 2660 1828 perdiderat
2687 1755 3026 1821 invenisset,
3062 1772 3271 1810 rursus
3317 1771 3382 1809 ex
3436 1756 3564 1826 ipsa

194 1826 427 1896 temporis
458 1826 627 1880 dies:
657 1841 831 1895 quem
864 1840 968 1896 ego
994 1824 1229 1895 quidem
1256 1825 1450 1879 videre
1474 1842 1587 1879 non
1614 1826 1796 1897 potui,

195 1931 244 1970 eo
271 1916 398 1987 quod
431 1914 792 1987 separabant
823 1930 929 1968 nos
960 1912 1135 1984 longa
1158 1913 1463 1968 intervalla
1484 1919 1796 1972 terrarum.

249 2004 470 2059 Sanctus
519 2009 722 2059 autem
773 2003 1125 2057 Ammonius
1174 2008 1232 2058 et
1282 2005 1582 2075 Evagrius,
1617 2009 1673 2059 et
1702 2004 1803 2076 qui

195 2108 295 2148 cum
317 2094 448 2166 ipsis
470 2092 813 2161 erant,mihi
834 2092 1151 2163 aliquando
1169 2094 1515 2162 referebant,
1544 2094 1804 2149 dicentes

194 2184 313 2252 quod
345 2184 703 2254 reperissent
732 2198 865 2236 eum
891 2182 1145 2253 quodam
1170 2186 1430 2253 tempore
1453 2182 1551 2236 tali
1576 2183 1804 2253 aegritu-

197 2270 301 2325 dine
330 2271 714 2340 laborantem,
751 2280 809 2325 ut
842 2271 899 2326 in
935 2270 1079 2342 ipsis
1112 2275 1332 2326 natura:
1360 2272 1627 2326 verendis
1657 2288 1802 2342 quo-

193 2360 297 2414 dam
327 2358 505 2415 ulcere
537 2360 725 2431 (quod
762 2358 997 2429 quidam
1026 2358 1138 2429 (17,
1160 2358 1579 2429 phagedamam
1606 2358 1805 2430 appel-

192 2448 307 2517 lant)
334 2452 717 2506 cruciaretur.
754 2450 861 2514 Qui
890 2450 1029 2503 dum
1066 2466 1098 2504 a
1121 2450 1377 2519 quodam
1400 2450 1624 2504 medico
1644 2467 1809 2505 cura-

189 2546 336 2605 retur,
365 2540 729 2605 invenimus,
766 2539 1063 2610 inquiunt,
1100 2554 1231 2592 enm
1256 2554 1403 2609 Opus
1428 2538 1665 2609 quidem
1691 2556 1808 2594 ma-

191 2628 332 2682 nibus
358 2629 675 2684 facientem
710 2628 857 2695 suis,
889 2632 946 2683 et
976 2633 1347 2699 torquentem
1379 2628 1450 2682 de
1481 2627 1695 2699 palmis
1720 2630 1805 2683 fu-

190 2734 288 2783 nes,
319 2735 378 2772 ac
408 2718 727 2773 nobiscum
778 2716 1267 2772 sermocinantem
1303 2736 1317 2785 ;
1370 2720 1608 2773 caeteras
1651 2717 1807 2773 960

190 2822 297 2861 vero
320 2808 585 2879 corporis
616 2811 813 2879 partes
842 2806 1065 2861 medico
1116 2806 1381 2875 ferroque
1430 2806 1807 2876 praebentem,

188 2896 267 2965 qui
296 2897 429 2952 adeo
463 2914 577 2969 per
605 2895 853 2967 gratiam
888 2894 1179 2966 patientiae
1213 2893 1437 2949 alienus
1470 2900 1593 2949 erat
1623 2912 1654 2950 a
1676 2912 1809 2951 sen-

189 3000 239 3037 su
269 2987 532 3056 corporis,
581 2990 644 3040 ut
676 2982 918 3039 alterius
949 2984 1213 3038 crederet
1240 2983 1505 3038 membra
1557 2984 1806 3039 concidi.

240 3074 479 3129 Abscisis
506 3074 716 3145 itaque
746 3072 1015 3127 verendis
1064 3072 1334 3143 partibus
1376 3072 1625 3143 cunctis,
1660 3073 1808 3128 nihil

188 3164 387 3230 penitus
420 3140 741 3219 sentiebat.
776 3165 838 3217 In
872 3140 1097 3217 tantum
1133 3168 1404 3231 separata
1437 3140 1808 3235 mensvipsius
1840 3140 1903 3206 (Γ

184 3252 899 3322 eratarebushumanis,et
921 3251 1254 3306 coelestibus
1274 3251 1415 3307 solis
1438 3252 1809 3324 cogitationi-

184 3338 269 3394 bus
299 3349 603 3414 occupata.
640 3341 818 3397 Nobis
868 3345 1062 3395 autem
1114 3344 1231 3395 tam
1283 3341 1523 3395 tristitia
1566 3342 1807 3413 repletis

186 3444 327 3498 quam
360 3432 550 3503 ipsius
593 3431 893 3503 languoris
922 3430 1159 3485 horrore
1191 3430 1474 3499 confusis,
1500 3431 1812 3499 cogitanti-

186 3518 376 3590 basque
391 3522 542 3589 quod
569 3519 912 3589 bujusmodi
932 3518 1211 3574 illiusviri
1238 3519 1355 3573 vita
1376 3520 1549 3575 talem
1572 3520 1811 3575 incidis-

188 3608 320 3662 setin
346 3609 803 3665 morbumutsic
819 3625 951 3664 eum
988 3624 1225 3663 necesse
1252 3613 1405 3663 esset
1438 3609 1651 3677 secari;
1704 3609 1812 3665 hoc

188 3695 262 3750 ille
288 3698 484 3753 beatus
511 3697 618 3753 Dei
643 3714 847 3753 servus
870 3697 1206 3768 Stephanus
1230 3696 1511 3762 sentiens,
1537 3699 1622 3753 sic
1654 3698 1812 3753 dice-

190 3784 265 3837 bat
287 3802 297 3837 :
321 3786 465 3853 Filii,
491 3787 692 3841 videte
715 3802 786 3841 ne
810 3785 991 3841 animi
1017 3786 1192 3841 vestri
1219 3802 1282 3842 ex
1304 3785 1658 3842 valetudinis
1700 3788 1813 3857 (18)

188 3870 329 3942 hujus
358 3876 864 3946 contemplatione
893 3874 1202 3930 laedantur.
1236 3874 1392 3929 Nihil
1424 3875 1578 3930 enim
1612 3893 1813 3931 eorum

186 3978 282 4029 quae
311 3964 443 4019 facit
474 3966 638 4021 Deus
665 3980 734 4019 ex
755 3964 953 4035 aliqua
980 3965 1345 4035 malignitate
1364 3964 1686 4035 descendit,
1711 3967 1812 4021 sed

184 4053 349 4107 omnia
398 4057 465 4109 ad
514 4056 744 4109 bonum
780 4054 973 4120 ﬁnem,
1009 4058 1067 4108 et
1096 4054 1352 4108 votivum
1385 4054 1601 4108 exitum
1652 4070 1813 4124 spec-

187 4143 307 4195 tant.
338 4144 635 4199 Fortassis
666 4148 863 4197 autem
897 4148 951 4197 et
982 4142 1109 4214 ipsa
1142 4160 1275 4214 pars
1308 4143 1567 4213 corporis
1599 4142 1816 4199 talibus

187 4227 292 4283 dedi
321 4231 641 4304 suppliciis
682 4233 1033 4297 merebatur,
1074 4231 1402 4302 meliusque
1438 4230 1524 4287 illi
1570 4236 1692 4286 erat
1724 4232 1815 4287 hic

186 4319 406 4390 recipere
433 4324 653 4389 vicem,
679 4338 857 4394 quam
893 4322 962 4375 ad
997 4326 1211 4376 aeterna
1240 4325 1533 4376 tormenta
1557 4325 1688 4392 post
1710 4320 1816 4376 hoc

186 4409 433 4466 saeculum
471 4411 789 4466 reservari.

242 4496 357 4552 Itale
388 4499 601 4572 itaque
635 4515 879 4554 suorum
910 4498 1326 4570 contemplatio
1359 4514 1719 4565 sermonum,
1745 4499 1815 4554 ad
1849 4509 1896 4571 ι)

185 4586 456 4651 patientia:
491 4588 760 4643 studium
807 4604 911 4643 nos
959 4587 1275 4643 aediﬁcatus
1321 4589 1818 4659 conﬁrmatosque

186 4673 405 4733 dimisit.
445 4678 681 4733 Idcirco
708 4692 841 4731 vero
869 4677 988 4732 hzec
1023 4676 1216 4746 retuli,
1253 4694 1324 4731 ne
1356 4678 1631 4749 quisdam
1674 4680 1819 4733 forte

188 4763 422 4834 miretur,
488 4768 540 4822 si
587 4768 859 4822 videmus
903 4770 1241 4821 sanctorum
1302 4766 1558 4837 aliquem
1611 4766 1821 4837 hujus-

187 4856 317 4907 modi
351 4857 711 4929 aegritudine
742 4855 1133 4923 laborantem,
1167 4859 1270 4911 aut
1300 4856 1576 4927 deinceps
1609 4856 1819 4911 videri-

186 4954 320 4996 IDUS.

772 5051 1006 5109 CAPUT
1062 5052 1223 5107 XIII.

816 5152 889 5207 De
942 5151 1179 5207 Valente.

235 5263 441 5322 Valens
479 5267 724 5324 nomine
757 5267 969 5323 iterum
1005 5266 1116 5321 fuit
1174 5265 1439 5338 quidam,
1488 5265 1824 5323 Palestinus

184 5355 397 5422 quidem
432 5372 674 5428 genere,
708 5358 809 5413 sed
846 5361 1038 5412 mente
1071 5356 1431 5423 Corinthius,
1469 5357 1596 5411 ideo
1648 5374 1825 5412 sensu

186 5444 406 5501 inﬂatus
440 5446 721 5515 (Pallad.,
755 5463 873 5518 cap.
922 5447 1035 5515 3t).
1090 5448 1149 5499 In
1194 5445 1631 5500 Corinthiorum
1668 5445 1824 5500 enim

189 5532 386 5589 animis
420 5551 660 5606 semper
684 5540 881 5589 tumor
904 5535 1147 5607 quidam
1172 5539 1228 5590 et
1254 5535 1475 5590 inflatio
1503 5534 1710 5589 mentis
1734 5551 1829 5604 ap-

188 5629 376 5691 paret;
408 5622 581 5679 sicut
608 5624 675 5679 ad
708 5641 807 5681 eos
837 5625 1102 5681 scribens
1128 5622 1663 5697 beatusApostolus
1679 5628 1825 5679 Pau-

1912 1845 2212 1901 inflatione
2245 1847 2519 1915 refectus,
2553 1846 2610 1899 in
2642 1849 2871 1900 tantum
2928 1844 3216 1915 superbiae
3268 1848 3561 1900 tumorem

1909 1935 2097 1991 elatus
2128 1938 2318 2000 est,ut
2340 1951 2639 1989 sacrorum
2664 1950 2899 2005 quoque
2924 1934 3336 2005 mysteriorum
3361 1933 3559 1988 Chris-

1911 2024 1955 2078 ti
1979 2028 2379 2079 contemneret
2409 2024 2904 2078 communionem.

1985 2122 2191 2177 Evenit
2221 2126 2416 2176 autem
2441 2127 2505 2175 ut
2536 2121 2778 2192 quidam
2804 2120 2942 2175 illuc
2961 2120 3251 2191 peregrini
3277 2120 3567 2189 venirent,

1912 2210 2569 2282 variaqueleguminum
2588 2225 3045 2279 genera,nucum
3065 2213 3239 2281 atque
3254 2226 3563 2279 pomorum

1917 2301 1986 2356 ad
2005 2300 2309 2356 ecclesiam
2331 2300 2610 2354 fratribus
2636 2300 2978 2354 exhiberent
3000 2315 3012 2353 :
3034 2315 3161 2369 quea
3195 2315 3329 2353 cum
3356 2315 3557 2353 susce-

1917 2391 2101 2462 pisset
2132 2394 2377 2445 sanctus
2404 2389 2690 2444 Macarius
2724 2389 3026 2460 presbyter
3047 2388 3563 2453 noster,misisset-

1918 2495 2030 2550 que
2052 2477 2304 2550 singulis
2335 2482 2620 2549 quantum
2655 2494 2864 2532 manus
2897 2493 3102 2548 capere
3134 2481 3331 2548 posset
3363 2477 3562 2549 unius,

1916 2567 2071 2623 inter
2096 2584 2244 2638 quos
2274 2567 2453 2623 etiam
2485 2583 2617 2621 cum
2652 2566 2881 2621 Valenti
2916 2570 3141 2637 partem
3173 2582 3305 2620 cum
3340 2567 3562 2621 caeteris

1916 2657 2294 2722 destinasset,
2326 2656 2540 2711 Valens
2573 2672 2704 2710 eum
2741 2655 2836 2725 qui
2866 2655 3220 2710 transmissa
3250 2654 3560 2724 detulerat,

1917 2746 2154 2817 injuriis
2183 2745 2488 2817 plagisque
2506 2744 2792 2810 confecit;
2826 2745 2935 2799 hoc
2967 2744 3015 2798 ei
3038 2743 3237 2799 dicens
3262 2760 3275 2800 :
3298 2745 3479 2810 Vade,
3508 2750 3565 2799 et

1920 2836 2011 2890 dic
2041 2836 2310 2900 Macario,
2346 2836 2499 2905 quod
2535 2852 2646 2889 non
2681 2851 2811 2889 sum
2847 2834 2946 2888 illo
2977 2834 3249 2900 deterior,
3275 2838 3340 2887 ut
3388 2834 3563 2890 bene-

1919 2926 2206 2981 dictiones
2238 2926 2306 2979 ad
2344 2941 2436 2979 me
2458 2923 2838 2978 transmittat.
2862 2927 3129 2993 Cumque
3150 2922 3307 2977 hunc
3327 2924 3455 2994 ejus
3472 2940 3562 2978 er-

1928 3031 2114 3069 rorem
2132 3012 2423 3068 Macarius
2439 3017 2681 3067 sanctus
2708 3011 3174 3083 audisset,atque
3198 3012 3268 3066 ad
3293 3029 3427 3066 eum
3449 3013 3562 3067 alio

1923 3104 2015 3158 die
2038 3101 2225 3157 solatii
2251 3119 2429 3157 causa
2450 3101 2801 3172 consiliique
2825 3100 3100 3167 venisset,
3126 3100 3457 3170 diceretque
3480 3101 3564 3156 ei:

1920 3193 2204 3247 Seductus
2235 3207 2297 3245 es
2328 3192 2505 3245 frater
2552 3189 2786 3258 Valens,
2833 3189 3068 3259 quiesce
3108 3189 3180 3243 de
3223 3194 3453 3258 caetero,
3500 3206 3567 3244 ac

1920 3281 2234 3336 Dominum
2269 3280 2603 3350 deprecare,
2637 3278 2744 3333 hoc
2769 3278 2817 3333 ei
2841 3278 3192 3349 persuadere
3218 3294 3327 3331 non
3351 3279 3564 3349 potuit.

1920 3374 2147 3424 Etcum
2178 3369 2416 3440 penitus
2448 3369 2519 3422 ab
2545 3383 2611 3422 eo
2642 3383 2755 3422 non
2781 3367 3103 3434 audiretur,
3131 3366 3318 3421 tristis
3341 3367 3407 3421 de
3438 3367 3567 3437 ejus

1921 3458 2093 3514 ruina
2124 3458 2334 3523 factus,
2368 3456 2675 3512 abscessit.

1994 3560 2200 3614 Certus
2232 3558 2414 3629 igitur
2440 3557 2612 3629 empit
2642 3572 2769 3612 esse
2791 3557 2911 3623 jam
2947 3556 3197 3625 daemon,
3223 3558 3377 3628 quod
3406 3558 3481 3613 ita
3508 3567 3573 3613 ut

1923 3648 2049 3721 ipse
2081 3648 2285 3711 voluit,
2320 3646 2568 3702 fallaciis
2600 3646 2727 3716 ejus
2761 3663 2825 3700 ac
2854 3645 3003 3700 dolis
3031 3646 3262 3702 cederet
3306 3646 3520 3703 Valens
3555 3666 3569 3715 ;

1925 3754 2173 3809 moxque
2196 3738 2266 3792 de
2284 3738 2411 3804 ejus
2435 3736 2757 3806 perditione
2776 3735 3164 3799 securus,ista
3180 3735 3571 3791 machinatur.

1926 3827 1989 3883 In
2021 3827 2272 3898 effigiem
2305 3824 2618 3880 Salvatoris
2642 3824 3119 3895 transﬁguratus,
3143 3830 3308 3879 nocte
3339 3826 3408 3879 ad
3436 3843 3568 3882 eum

1927 3917 2081 3971 venit
2104 3933 2237 3971 cum
2258 3915 2435 3969 choro
2460 3915 2713 3985 quodam
2742 3912 2902 3967 mille
2924 3913 3013 3982 (ut
3039 3912 3307 3983 ﬁnxerat)
3333 3916 3573 3986 angelo-

1927 4022 2080 4071 rum,
2101 4005 2399 4075 lampadcs
2419 4019 2696 4058 accensas
2712 4002 3062 4067 tenentium,
3081 4006 3283 4056 etcum
3300 4003 3573 4058 ﬂammea
3622 4001 3643 4018 ⁸

1928 4100 2074 4162 rota,
2094 4095 2152 4148 in
2178 4111 2293 4165 qua
2314 4092 2665 4148 Salvatorem
2690 4092 2891 4145 sedere
2915 4090 3312 4157 simulaverat,
3361 4108 3572 4161 praece-

1929 4185 2101 4238 dente
2148 4200 2263 4238 uno
2310 4198 2377 4237 ex
2408 4182 2576 4252 ipsis,
2626 4180 2792 4249 eique
2852 4179 2963 4233 ista
3014 4179 3287 4233 dicente:
3349 4179 3576 4235 Placuit

1929 4273 2159 4328 Christo
2186 4271 2547 4326 conversatio
2573 4274 2674 4323 tua
2696 4286 2761 4323 ac
2782 4268 2995 4322 fiducia
3019 4267 3339 4338 probabilis
3360 4268 3575 4337 vita3,et

1927 4361 2169 4416 venitad
2200 4366 2273 4429 te,
2297 4358 2639 4413 desiderans
2664 4362 2718 4412 te
2743 4357 2970 4423 videre;
3020 4357 3294 4427 egredere
3337 4355 3515 4427 igitur
3544 4374 3574 4413 e

1930 4450 2072 4507 cella
2105 4455 2225 4517 tua,
2262 4447 2523 4518 nihilque
2556 4445 2710 4501 aliud
2748 4445 2947 4515 facias,
2980 4445 3091 4499 nisi
3144 4449 3206 4498 ut
3242 4444 3572 4501 venientem

1928 4539 2160 4595 eminus
2192 4553 2457 4604 cernens,
2492 4535 2787 4591 inclinans
2818 4539 2893 4600 te,
2927 4535 3169 4588 adorare
3202 4534 3467 4605 festines,
3493 4537 3577 4591 sic

1928 4630 2203 4698 deinceps
2260 4628 2329 4681 ad
2382 4625 2683 4697 proprium
2733 4624 3135 4679 habitaculum
3206 4639 3573 4681 reversurus.

1930 4721 2214 4790 Egressus
2245 4717 2425 4788 igitur
2456 4731 2485 4770 e
2518 4714 2659 4769 cella
2687 4731 2815 4782 sua,
2850 4714 3209 4784 credensque
3242 4730 3301 4768 se
3341 4730 3577 4770 cernere

1930 4807 2125 4863 divina
2154 4805 2461 4860 ministerii
2497 4802 2751 4858 caelestis
2774 4802 2985 4873 ofﬁcia,
3010 4808 3337 4872 cunctaque
3358 4801 3580 4875 lampa-

1931 4898 2072 4952 dum
2106 4896 2331 4966 fulgore
2353 4892 2677 4961 rutilantia,
2701 4897 2759 4948 et
2788 4892 2984 4964 ipsum
3011 4891 3441 4947 Antichristum
3465 4910 3577 4949 non

1932 4986 2087 5040 ultra
2120 4985 2295 5039 unius
2329 4984 2586 5055 spatium
2637 4981 2813 5037 stadii
2862 4982 3274 5049 constitutum,
3328 4982 3580 5053 procidit

1934 5091 2155 5147 pronus
2198 5074 2257 5128 in
2308 5077 2550 5140 terram,
2602 5077 2658 5128 et
2706 5088 2841 5127 eum
2888 5087 3063 5143 quem
3099 5071 3282 5126 Deum
3317 5073 3581 5128 crederet

1934 5163 2221 5220 adoravit.

2008 5266 2068 5319 In
2104 5266 2333 5318 tantum
2356 5260 2697 5333 igiturlzesa
2718 5278 2883 5316 mens
2910 5262 3038 5331 ejus
3061 5264 3168 5327 est,
3222 5265 3284 5315 ut
3324 5278 3457 5316 cum
3491 5277 3582 5316 se—

1938 5352 2137 5426 quenti
2171 5354 2263 5408 die
2290 5351 2593 5407 ecclesiam
2628 5351 2838 5405 fuisset
2871 5351 3197 5423 ingressus,
3232 5351 3491 5406 collectis
3523 5352 3580 5405 in

1938 5458 2121 5498 unum
2152 5441 2430 5495 fratribus
2462 5440 2717 5495 diceret:
2749 5440 3007 5511 Egojam
3034 5441 3447 5495 communione
3466 5456 3579 5494 non

1939 5550 2117 5606 egeo;
2151 5531 2446 5586 Christum
2478 5529 2633 5583 enim
2668 5529 2863 5599 ipsum
2896 5529 3013 5583 vidi
3049 5528 3239 5583 hodie.
3274 5528 3439 5583 Tunc
3480 5528 3579 5581 de-

1940 5637 2104 5678 mum
2127 5618 2486 5675 venerabiles
2511 5617 2706 5674 Patres
2731 5618 2933 5675 ferreis
2954 5633 3085 5673 eum
3111 5614 3362 5670 vinculis
3386 5615 3581 5687 illiga-
