4002 6166
388 254 489 308 291

1537 246 1901 303 APPENDIX
1938 247 2039 298 AD
2075 248 2288 303 VITAS
2325 251 2639 305 PATRUM.

3608 266 3689 323 292

389 388 648 454 tum,per
668 380 1003 435 universum
1028 392 1251 431 annum
1276 374 1525 447 propriis
1547 372 1914 429 orationibus
1936 387 2032 426 cu-
2060 375 2114 440 Α
2144 372 2443 430 clinatione
2473 375 2930 446 divina,clavum
2960 380 3138 452 clavo,
3173 388 3234 438 ut
3264 383 3364 440 dici
3393 385 3699 455 solet,excus~

394 474 687 528 raverunt.
712 475 843 524 Haec
868 472 1062 523 autem
1090 466 1200 521 fuit
1225 467 1406 520 forma
1430 463 1749 519 medicinae.
1787 458 2036 517 Saecula-

392 563 473 617 ris
495 578 628 617 eum
652 559 780 612 vitae
805 555 1233 612 conversationi
1255 557 1565 623 dederunt,
1603 558 1663 609 ut
1684 570 1750 609 ex
1782 569 1847 607 eo
1880 552 2032 623 quod

392 652 538 708 nihil
572 651 809 705 haberet
840 662 1152 701 commune
1184 662 1316 700 cum
1350 645 1592 709 sanctis,
1618 643 1839 697 inﬂatio
1856 642 2035 696 animi

392 742 581 813 ipsius
613 745 924 807 tumorque
955 743 1228 802 cessaret,
1255 739 1315 789 ut
1345 734 1491 789 solet
1522 734 1658 799 dici,
1710 732 2037 787 contrarias

396 848 485 887 res
516 827 823 883 contrariis
859 826 1068 880 debere
1099 825 1286 878 curari
1323 822 1617 879 remediis.

473 919 644 976 Valde
674 922 869 971 autem
899 921 955 969 et
987 915 1093 969 hoc
1126 914 1519 969 necessarium
1554 913 1745 975 credo,
1792 908 2035 980 legenti-

397 1013 628 1079 busque
659 1006 909 1059 arbitror
941 1006 1334 1075 profuturum,
1365 1003 1520 1073 quod
1552 1000 1755 1055 talium
1810 1014 2038 1070 quoque

394 1102 540 1155 vitas
558 1097 861 1153 hominum
880 1093 1292 1166 paginislibelli
1310 1089 2039 1163 bujusinseruimus,sicut

394 1195 449 1247 et
479 1191 634 1243 inter
664 1192 898 1240 sanctas
932 1184 1187 1254 paradisi
1221 1183 1455 1237 arbores
1487 1181 1711 1252 lignum
1742 1178 1912 1245 illud,
1938 1193 2040 1248 per

393 1279 547 1350 quod
582 1278 801 1332 bonum
836 1272 1175 1343 malumque
1208 1270 1604 1342 cognoscitur,
1637 1268 1883 1323 insitum
1925 1266 2033 1321 sci-

395 1367 709 1439 mus(Gen.
735 1366 819 1433 li);
836 1368 897 1417 ut
917 1362 966 1418 si
986 1361 1220 1434 quando
1242 1359 1298 1414 in
1321 1361 1439 1413 vita
1460 1358 1679 1429 aliquid
1699 1357 2039 1427 snagrande

397 1457 531 1529 quis
559 1454 778 1521 fecerit,
812 1469 925 1507 non
960 1468 1025 1507 ex
1058 1467 1123 1505 eo
1172 1455 1455 1521 tanquam
1510 1447 1754 1519 propriae
1805 1446 2038 1501 virtutis

400 1544 793 1601 ostentatione
834 1558 895 1597 se
935 1543 1139 1611 jactet.
1192 1540 1552 1609 Frequenter
1602 1536 1757 1591 enim
1810 1539 1867 1589 et
1917 1535 2041 1604 ipsa

399 1648 748 1705 magnarum
784 1631 977 1702 palma
1009 1630 1295 1682 virtutum
1328 1643 1499 1681 causa
1532 1625 1697 1680 nobis
1730 1624 2034 1695 cujusdam

2146 462 2244 531 sit;
2269 463 2638 521 inciditenim
2664 470 2899 540 propria
2919 469 3215 528 voluntate
3237 473 3290 527 in
3306 490 3519 531 eoscum
3532 480 3701 549 quibus

2146 550 2479 609 istiusmodi
2494 572 2653 611 more
2677 558 2937 620 vivebat;
2962 577 2993 614 u
3008 562 3114 616 nde
3136 566 3321 617 tamen
3345 564 3535 620 invitus
3549 574 3706 638 postea

2148 642 2473 698 remedium
2502 644 2712 700 salutis
2744 648 2985 704 invenit.
3015 650 3294 707 Intererat
3321 653 3461 708 enim
3506 664 3552 709 et
3600 659 3709 714 circi

2149 733 2501 801 spectaculis
2525 739 2579 789 et
2601 735 2899 803 theatri,et
2922 739 2979 792 in
3002 740 3256 795 tabernis
3279 742 3470 797 diebus
3491 760 3545 797 ac
3565 748 3710 800 nocti-

2150 827 2630 881 busmorabatur.
2648 830 2912 897 Cumque
2930 829 2984 882 in
3009 829 3099 884 his
3116 830 3717 901 voracitatiatqueebrie-

2148 915 2254 970 tati
2278 932 2340 970 se
2366 915 2598 987 penitus
2623 915 2901 981 dedisset,
2928 917 2981 971 in
3012 918 3241 973 feminei
3270 920 3718 991 quoquedesiderii

2147 1005 2845 1061 inciditccnnum.Etdum
2865 1022 3101 1076 peccare
3120 1009 3564 1076 meditatur,cum
3578 1010 3722 1064 mima

2151 1097 2403 1166 quadam
2439 1095 2612 1165 C(Bpit
2633 1094 3126 1166 loqui,pr0prium
3154 1097 3203 1153 ei
3218 1098 3420 1152 vulnus
3443 1098 3721 1153 insinuans.

2152 1184 2389 1239 Postula
2420 1185 2572 1239 enim
2599 1185 2891 1253 quaedam,
2918 1201 3093 1255 quam
3116 1186 3519 1241 carbunculum
3540 1194 3724 1258 vocant,

2151 1281 2288 1329 nata
2320 1279 2409 1328 est
2441 1275 2496 1327 in
2532 1273 2583 1327 ei
2614 1274 2759 1344 ipsis
2790 1274 3152 1342 verendis,ac
3184 1280 3341 1331 tanta
3370 1293 3463 1347 per
3491 1292 3578 1332 sex
3598 1293 3728 1332 men-

2151 1380 2241 1419 ses
2272 1363 2617 1434 aegritudine
2651 1363 2973 1430 laborabat,
3012 1368 3073 1418 ut
3115 1365 3398 1420 naturalia
3442 1365 3609 1437 ipsius
3650 1382 3729 1437 pu-

2152 1454 2397 1508 trefacta
2425 1452 2706 1506 radicitus
2741 1454 3033 1507 caderent.

2222 1548 2428 1596 Postea
2458 1557 2589 1595 vero
2618 1557 2749 1595 cum
2802 1540 3138 1609 sanitatem,
3187 1548 3418 1615 excepta
3463 1543 3555 1597 illa
3605 1546 3736 1613 parte

2152 1633 2549 1686 membrorum
2584 1646 2763 1701 quam
2795 1630 3145 1699 perdiderat,
3182 1634 3506 1704 recepisset,
3534 1633 3596 1687 ad
3622 1632 3736 1686 divi-

394 1729 449 1779 et
475 1722 701 1777 occasio
737 1722 796 1774 ﬁt
828 1720 1031 1784 ruina},
1066 1719 1179 1771 nisi
1213 1719 1281 1771 ad
1305 1716 1547 1787 gloriam
1575 1714 1855 1786 propositi
1885 1718 2038 1767 recto
2074 1736 2117 1799 Β
2152 1738 2286 1774 nam
2321 1719 2667 1791 sapientiam
2729 1719 2921 1785 rediit,
2974 1720 3193 1775 sanctis
3235 1722 3495 1776 Patribus
3549 1738 3656 1791 quae
3696 1719 3736 1774 ei

395 1814 600 1867 itinere
650 1810 845 1863 venire
895 1823 1297 1879 properemus.
1351 1805 1648 1876 Scriptum
1695 1809 1785 1857 est
1827 1802 2033 1857 enim:

396 1902 523 1956 Vidi
555 1901 783 1970 justum
814 1898 873 1951 in
909 1914 1016 1952 sua
1043 1896 1232 1967 perire
1274 1895 1532 1964 justitia,
1586 1900 1641 1947 et
1697 1892 1805 1947 hoc
1836 1892 2039 1962 utique

396 1990 623 2045 vanitas
656 1993 744 2043 est
770 1988 944 2057 (Eccl.
978 1989 1099 2056 v11).

998 2075 1227 2130 CAPUT
1281 2073 1427 2129 XIV.

670 2170 741 2223 De
773 2169 977 2222 Herone
1006 2165 1200 2235 [Apud
1234 2164 1487 2233 Lipom.,
1519 2161 1772 2231 Nerone].

467 2261 653 2313 Heron
675 2257 913 2328 quidam
934 2254 1171 2308 nomine
1193 2253 1386 2321 (Pall.,
1417 2268 1463 2304 c.
1499 2251 1588 2321 3‘3)
1614 2250 1723 2303 fuit
1746 2248 2044 2303 vicinitate

394 2348 695 2419 proximus
731 2344 898 2408 mihi,
934 2340 1357 2396 Alexandrinus
1390 2356 1613 2407 genere,
1667 2339 1930 2392 urbanus
1988 2344 2044 2392 et

385 2437 644 2508 juvenis,
678 2430 892 2488 mentis
924 2434 1167 2500 argutas,
1200 2445 1359 2499 parte
1391 2435 1445 2481 et
1481 2426 1799 2498 probabilis
1823 2428 2046 2485 vitaz.et

395 2529 521 2597 ipse
544 2529 675 2597 post
699 2521 1182 2588 multoslabores,
1210 2517 1541 2588 nimiosque
1565 2516 2041 2583 sudores,vitam-

402 2634 516 2689 que
548 2618 617 2669 ad
651 2627 953 2668 summum
989 2610 1218 2680 plenam
1250 2608 1587 2673 virtutibus,
1623 2608 1833 2661 anima:
1850 2607 2043 2662 nescio

402 2724 515 2778 quo
547 2710 775 2759 tumore
808 2702 888 2755 sic
909 2700 1148 2765 corruit,
1176 2702 1239 2752 ut
1261 2715 1439 2768 supra
1462 2701 1695 2752 sanctos
1714 2714 1779 2751 ac
1805 2714 2046 2751 venera-

400 2795 549 2849 biles
596 2794 792 2847 Patres
844 2805 972 2843 esse
1021 2804 1081 2841 se
1132 2786 1411 2850 crederet,
1469 2790 1706 2854 tamque
1763 2784 2045 2853 injuriose

404 2890 606 2940 contra
628 2886 893 2937 sanctum
911 2875 1218 2947 Evagrium
1242 2873 1857 2945 [Pallad.,Macarium]
1871 2876 2043 2929 verba

396 2976 666 3045 jactaret,
694 2974 757 3024 ut
780 2969 997 3022 diceret
1018 2966 1067 3019 ei
1094 2981 1106 3018 :
1133 2965 1385 3019 Maximo
1408 2978 1600 3017 errore
1625 2961 1908 3015 falluntur
1931 2963 2029 3033 qui

401 3062 679 3117 doctrinae
711 3064 821 3113 tua:
854 3057 1136 3111 credunt:
1172 3070 1285 3108 non
1319 3053 1475 3106 enim
1508 3057 1734 3123 oportet
1764 3051 1874 3107 alio
1899 3069 2043 3123 pra:-

404 3157 488 3207 ter
517 3150 816 3207 Christum
852 3145 939 3199 uti
974 3143 1272 3215 magistro.

472 3238 837 3297 Abutebatur
863 3239 1057 3289 autem
1083 3239 1140 3288 et
1162 3231 1500 3287 testimonio
1526 3235 1725 3286 sancto
1744 3231 1813 3285 ad
1839 3248 2043 3301 propo-

404 3336 582 3391 situm
614 3328 878 3387 stultitiae
913 3328 1154 3396 propria:
1206 3324 1638 3386 roborandum;
1700 3323 2042 3391 dicebatque

405 3424 559 3495 quod
594 3421 857 3476 Salvator
882 3416 1004 3485 ipse
1028 3414 1270 3467 dixisset
1296 3430 1307 3466 :
1336 3412 1571 3466 Nullum
1593 3412 1649 3465 in
1676 3413 1847 3466 terris
1867 3428 2041 3466 voce-

404 3516 480 3568 tis
516 3510 860 3579 magistrum
894 3504 1115 3573 (Matth.
1150 3502 1301 3569 xxv).
1332 3502 1476 3565 Quid
1501 3511 1547 3554 et
1582 3502 1708 3570 ipse
1738 3500 1795 3553 in
1822 3505 2039 3554 tantam

403 3600 595 3655 cordis
629 3594 822 3650 obtusi
875 3591 1081 3646 incidit
1130 3591 1468 3653 caecitatem,
1519 3595 1581 3641 ut
1627 3606 1759 3642 eum
1812 3606 2044 3658 quoque

403 3693 604 3762 postea
633 3688 787 3738 esset
814 3696 1051 3735 necesse
1103 3679 1324 3733 catenis
1377 3679 1645 3747 ferroque
1694 3677 1917 3745 vinciri,
1976 3694 2042 3733 eo

403 3777 553 3847 quod
581 3777 703 3843 jam
740 3788 844 3825 nec
876 3770 943 3823 ad
982 3774 1183 3823 sancta
1216 3766 1493 3837 mysteria
1520 3765 1691 3820 vellet
1747 3767 2038 3820 accedere.

404 3867 474 3923 Ut
506 3870 699 3920 autem
732 3876 793 3915 se
827 3859 907 3913 rei
939 3858 1149 3911 veritas
1173 3856 1367 3922 habet,
1401 3857 1699 3908 immensa:
1724 3856 1953 3908 virtutis
1977 3873 2043 3910 ac

348 3976 369 3991 ο
401 3956 527 4010 vitae
559 3953 668 4007 fuit
699 3956 873 4020 atque
906 3945 1169 4010 subtilis,
1198 3945 1273 3998 ita
1306 3943 1564 3997 utmulli
1599 3944 1859 4013 quicum
1893 3945 2038 4000 961

400 4047 528 4117 ipso
563 4042 853 4104 vixerunt,
886 4038 1185 4101 referrent,
1221 4040 1351 4105 post
1382 4040 1501 4087 tres
1536 4050 1767 4087 menses
1800 4050 1928 4087 eum
1963 4035 2042 4087 ci-

400 4136 540 4189 bum
577 4132 910 4200 frequenter
934 4124 1213 4193 accipere,
1240 4123 1359 4177 sola
1381 4128 1715 4175 sanctorum
1740 4122 2045 4193 mysterio-

400 4239 531 4278 rum
564 4216 977 4275 communione
1009 4217 1371 4273 contentum.
1405 4211 1717 4281 herbisque
1764 4210 2042 4265 silvestri-

404 4316 536 4374 bus,
565 4311 612 4363 si
643 4326 790 4379 quas
818 4304 1076 4360 invenire
1106 4302 1413 4372 potuisset.

468 4401 586 4470 Ego
618 4413 846 4465 quoque
877 4410 1007 4447 eum
1032 4393 1228 4446 videor
1249 4395 1521 4461 expertus
1545 4405 1611 4445 eo
1641 4394 2043 4461 tempore,quo

401 4453 721 4543 simulcum
752 4453 915 4538 beato
936 4482 1159 4535 Albano
1184 4453 1455 4551 [Ρωιὶαά.,
1481 4478 1708 4549 Albino]
1745 4453 2039 4550 pergerem
2073 4453 2119 4517 D

397 4574 919 4647 Scythinglislabat
942 4577 1138 4625 autem
1158 4571 1279 4639 ipsa
1302 4568 1532 4639 Scythis
1549 4570 1761 4622 anobis
1784 4570 2041 4637 quadra-

400 4665 621 4735 gesimo
650 4662 862 4731 lapide.
898 4663 959 4714 In
977 4660 1191 4729 quibus
1226 4658 1314 4710 bis
1349 4658 1933 4722 manrlucavimus,et
1957 4663 2042 4711 ter

400 4768 610 4823 aquam
630 4747 1023 4814 bibimus;ille
1048 4764 1177 4800 vero
1206 4746 1349 4799 nihil
1384 4746 1617 4816 penitus
1642 4746 1752 4799 cibi
1777 4762 2040 4815 sumens,

398 4842 498 4897 sed
536 4841 679 4911 pede
712 4842 819 4893 iter
852 4837 1089 4901 faciens,
1126 4834 1461 4904 quindecim
1498 4835 1748 4902 primum
1792 4835 2045 4888 reddidit

402 4932 675 5005 psalmos.
712 4934 871 4983 Tunc
902 4934 959 4981 et
992 4926 1183 4989 illum,
1218 4924 1316 4994 qui
1350 4930 1439 4978 est
1484 4926 1801 4991 maximus,
1850 4926 1994 4979 dixit
2028 4944 2041 4993 ;

401 5021 777 5094 postmodum
802 5018 963 5071 illam
998 5033 1124 5086 quae
1149 5020 1232 5069 est
1258 5014 1325 5068 ad
1354 5014 1621 5068 Hebraeos
1647 5014 2046 5085 Epistolam,et

401 5103 1340 5180 Isaiam,partemque.leremize,et
1359 5104 1571 5157 Lucam
1590 5104 2043 5173 Evangelistam,

401 5198 730 5255 Salomonis
763 5193 1169 5252 Proverbiaita
1193 5192 1528 5247 memoriter
1560 5192 2043 5264 ambulanslegit,

401 5297 465 5345 ut
496 5306 628 5344 eum
661 5286 1027 5358 gradientem
1058 5282 1291 5352 assequi
1348 5298 1460 5335 non
1514 5299 1822 5352 possemus
1864 5284 2048 5337 nimia

400 5378 703 5435 velocitate
735 5382 1162 5446 properantem.
1201 5370 1301 5424 llic
1334 5370 1510 5439 igitur
1558 5372 1626 5425 ad
1683 5377 2045 5441 postremum

406 5468 647 5539 maligni
676 5463 959 5519 daemonis
988 5461 1189 5515 fraude
1222 5459 1391 5530 quasi
1424 5461 1678 5531 quodam
1722 5460 2048 5531 exagitatus

402 5557 694 5622 incendio,
728 5554 785 5609 in
820 5550 1026 5607 cellam
1062 5550 1300 5621 quidem
1336 5566 1502 5605 suam
1533 5566 1644 5603 non
1682 5548 1868 5603 rediit.

474 5647 771 5705 Profectus
801 5646 998 5700 autem
1029 5639 1389 5697 Alexandria
1420 5639 1929 5709 civitatem,veluti
1952 5657 2047 5698 or-

2072 3089 2114 3156 C

2150 1810 2481 1864 acciderant
2514 1814 2723 1863 cuncta
2747 1808 3091 1876 confessus;
3144 1810 3534 1880 pcnnitentiam
3578 1814 3739 1863 tamen

2145 1899 2311 1953 factis
2347 1897 2588 1966 implere
2622 1914 2735 1952 non
2770 1897 2979 1968 potuit,
3034 1899 3173 1969 quia
3220 1905 3352 1970 post
3402 1914 3601 1971 paucos
3643 1897 3743 1953 dies

2142 1988 2344 2042 debito
2372 1988 2485 2041 fine
2519 1986 2755 2058 quievit.

2767 2074 2992 2129 CAPUT
3050 2076 3162 2130 XV.

2750 2166 2821 2219 De
2869 2165 3182 2221 Ptolemaeo.

2216 2253 2383 2307 Alius
2410 2251 3001 2315 iterum,Ptolema2us
3026 2254 3259 2308 nomine
3276 2252 3747 2325 (Pallad.,cap.33),

2146 2362 2211 2399 eo
2246 2360 2404 2397 more
2436 2341 2757 2409 vivebat,ut
2788 2342 3025 2397 difficile
3068 2344 3253 2413 possit
3306 2342 3746 2413 referri,quiain-

2148 2431 3050 2489 enarrabilisvidetur.Habitavit
3071 2437 3265 2487 autem
3284 2434 3435 2488 inter
3456 2431 3751 2487 initiaultra

2150 2524 2250 2579 illa
2280 2538 2407 2592 quae
2440 2520 2680 2593 Scythin
2714 2537 2865 2592 saepe
2914 2522 3167 2575 diximus
3219 2521 3367 2591 loca,
3410 2523 3465 2576 in
3514 2539 3575 2577 ea
3618 2525 3753 2592 parte

2151 2630 2325 2685 quam
2360 2610 2545 2666 Clima
2576 2617 2800 2675 vocant,
2835 2610 2892 2663 in
2925 2626 3037 2679 quo
3068 2614 3265 2665 tamen
3302 2612 3424 2666 loco
3457 2610 3639 2665 nullus
3660 2625 3758 2663 mo-

2152 2700 2471 2756 nachorum
2506 2698 2735 2753 valebat
2766 2699 3118 2763 habitare,eo
3152 2701 3305 2771 quod
3342 2705 3535 2755 octavo
3563 2699 3757 2753 decimo

2154 2790 2345 2859 lapide
2378 2795 2589 2859 puteus
2624 2792 2884 2842 remotus
2916 2804 3043 2842 esse
3074 2787 3387 2843 videretur.

2225 2878 2325 2932 Ille
2354 2878 2527 2943 igitur
2558 2876 2864 2931 cilicences
2887 2878 2999 2947 (19)
3024 2877 3160 2931 illuc
3185 2877 3386 2947 plures
3406 2877 3631 2949 lagenas
3654 2891 3763 2947 per-

2154 2966 2288 3022 tulit
2312 2984 2443 3021 secu
2456 2984 2613 3037 m,qu
2625 2983 2687 3019 as
2714 2966 3016 3020 Decembri
3040 2966 3391 3021 etJanuario
3406 2980 3769 3035 mense,spon-

2163 3056 2256 3128 gia
2278 3072 2344 3109 ex
2368 3056 2546 3126 petris
2570 3055 2846 3124 colligens
2870 3070 3057 3109 rorem
3085 3054 3360 3114 (multum
3390 3056 3538 3112 enim
3576 3064 3695 3109 tunc
3713 3052 3763 3105 in

2156 3147 2301 3217 ipsis
2324 3144 2659 3216 regionibus
2684 3145 2841 3198 cadit
2866 3144 3035 3213 roris)
3070 3144 3373 3215 implebat.
3414 3146 3586 3216 quue
3605 3142 3653 3199 ei
3681 3156 3768 3214 per

2147 3235 2481 3307 quindecim
2516 3233 2634 3288 illic
2668 3232 2957 3287 habitanti
2995 3234 3544 3297 annos,sufﬁciebat
3575 3233 3639 3287 ad
3680 3247 3767 3301 po-

2146 3334 2295 3392 tum,
2332 3326 2429 3395 qui
2467 3326 2697 3396 penitus
2728 3330 3032 3395 separatus
3083 3340 3114 3376 a
3162 3323 3431 3379 doctrina
3483 3319 3767 3396 spirituali,

2146 3416 2555 3486 colloquioque
2589 3420 2927 3468 sanctorum
2964 3413 3242 3478 virorum,
3278 3428 3531 3482 quorum
3563 3412 3612 3467 ei
3664 3426 3769 3465 ser-

2148 3522 2242 3559 mo
2274 3506 2551 3575 prodesse
2583 3508 2827 3574 poterat,
2856 3507 2912 3556 et
2945 3519 2976 3556 a
3034 3502 3322 3571 frequenti
3378 3502 3768 3575 mysteriorum

2144 3594 2358 3649 Christi
2393 3592 2827 3658 communione,
2862 3591 3053 3645 subito
3084 3592 3248 3659 quasi
3283 3590 3516 3646 alienus
3537 3592 3774 3651 effectus,

2148 3684 2207 3735 in
2241 3687 2472 3736 tantum
2505 3698 2536 3735 a
2570 3686 2726 3734 recto
2759 3681 2967 3735 itinere
3000 3679 3255 3734 deviavit
3285 3684 3349 3733 ut
3392 3681 3613 3736 diceret
3659 3674 3773 3732 nul-

2148 3772 2263 3826 lam
2314 3787 2442 3825 esse
2493 3770 2911 3840 providentiam
2972 3784 3190 3835 rerum,
3251 3769 3353 3824 sed
3416 3770 3613 3825 omnia
3668 3767 3776 3824 suis

2148 3860 2577 3929 quodammodo
2613 3859 2868 3913 motibus
2905 3859 3058 3912 ferri.

2219 3949 2521 4003 Persuavit
2542 3948 2723 4019 igitur
2739 3948 2789 4001 ei
2813 3948 2937 4001 vita:
2955 3947 3517 4016 hostishumanznﬁn
3534 3945 3778 4019 ejusani-

2150 4057 2304 4094 mam
2344 4056 2582 4110 prorsus
2615 4038 2973 4107 ingrediens,
3011 4042 3184 4107 atque
3216 4038 3417 4092 dicens
3446 4056 3459 4093 :
3498 4039 3595 4093 His
3626 4038 3700 4091 ita
3726 4049 3781 4090 se

2148 4129 2525 4195 habentibus,
2578 4128 2714 4197 quid
2770 4132 2985 4179 lrustra
3034 4126 3426 4195 consumeris,
3479 4126 3781 4193 Ptolemaee,

2150 4226 2250 4273 aut
2274 4236 2385 4285 qua
2413 4217 2696 4271 mercedis
2720 4216 3102 4270 retributione
3126 4215 3522 4281 laboras,cum
3548 4215 3701 4271 nulla
3716 4212 3785 4269 sit

2150 4308 2539 4362 remuneratio
2574 4305 2916 4359 meritorum
2940 4304 3135 4373 ?quod
3162 4303 3208 4357 si
3234 4309 3386 4358 esset
3409 4305 3587 4359 etiam
3627 4302 3786 4359 retri-

2154 4396 2470 4465 butio,qu:e
2489 4409 2713 4447 merces
2730 4409 2830 4463 pro
2846 4391 3337 4445 tantislaboribus
3357 4391 3464 4446 tibi
3480 4389 3790 4447 sufﬁceret?

2154 4484 2325 4556 quale
2355 4500 2489 4537 vero
2513 4482 2805 4551 judicium
2838 4481 3133 4550 scripturae
3169 4480 3493 4547 minantur,
3530 4482 3627 4535 ubi
3675 4480 3791 4534 sine

2156 4574 2514 4646 providentia
2532 4590 2597 4626 cu
2612 4578 2741 4626 ncta
2757 4570 3171 4625 labuntur?llis
3186 4568 3490 4624 diabolicis
3505 4568 3793 4642 cogitatio-

2152 4666 2326 4718 nibus
2355 4661 2717 4717 miserrimus
2742 4660 3089 4713 Ptolemzeus
3113 4658 3418 4723 infractus,
3438 4659 3625 4713 fertur
3646 4659 3793 4713 insa-

2154 4749 3027 4807 niensetanaturalidiscedens
3057 4747 3362 4817 prudentia
3394 4748 3570 4801 etiam
3617 4759 3796 4818 usque

2155 4845 2221 4896 ad
2261 4859 2511 4913 praesens
2544 4846 2777 4909 tempus
2799 4838 2854 4891 in
2880 4837 3121 4907 .‘Egypto
3153 4852 3285 4889 cum
3318 4836 3611 4904 ejusmodi
3645 4851 3795 4891 erro-

2157 4950 2215 4987 re
2246 4932 2483 4993 versari,
2521 4927 2820 4982 voracitati
2852 4930 3083 4979 tantum
3117 4924 3508 4997 ebrietatique
3539 4927 3795 4988 deditus,

2158 5027 2221 5076 ut
2253 5020 2479 5075 nullum
2515 5033 2754 5088 prorsus
2786 5031 2917 5069 cum
2953 5013 3148 5083 aliquo
3182 5014 3399 5068 bonum
3449 5013 3636 5068 soleat
3696 5013 3796 5066 ha-

2158 5112 2292 5165 bere
2321 5123 2669 5173 sermonem,
2702 5105 2801 5159 sed
2833 5101 2990 5157 velut
3019 5117 3216 5157 zeneus
3242 5102 3354 5175 (20)
3406 5106 3700 5158 revertens
3731 5102 3800 5155 de

2160 5199 2415 5271 publico,
2452 5194 2850 5249 miserandum
2879 5190 3271 5262 lacrymisque
3303 5192 3539 5263 plenum
3574 5196 3800 5262 specta-

2158 5288 2355 5343 culum
2389 5285 2575 5340 oeulis
2598 5280 3060 5336 Christianorum
3093 5281 3429 5350 expositus;
3457 5281 3649 5335 irrisio
3673 5295 3803 5334 vero

2160 5383 2335 5447 atque
2368 5372 2629 5444 deceptio
2662 5370 2890 5425 cunctis
2916 5369 3017 5439 qui
3048 5369 3295 5441 gratiam
3332 5375 3542 5425 nostra:
3566 5386 3808 5425 conver-

2160 5464 2407 5521 sationis
2439 5465 2729 5534 ignorant.

2234 5555 2297 5609 ln
2323 5553 2470 5607 hanc
2494 5555 2690 5607 autem
2710 5545 3729 5617 Ptolemaeusestdilapsusinsaniam
3744 5562 3813 5602 ex

2159 5642 2483 5701 irrationali
2499 5642 2755 5715 quadam
2770 5636 3288 5713 praesumptione,d
3302 5634 3811 5709 umputat,illusus

3879 688 3883 839 l

3899 1468 3901 1546 l

3910 1885 3911 1925 χ

3912 2014 3915 2087 l

3916 2170 3919 2227 i
