3986 6168
186 287 273 343 293
644 334 647 335 ν
1395 287 1705 342 HERACLI
1724 289 1788 341 ω

1916 286 2295 341 ARADISUS.

3436 278 3546 339 294

186 415 246 471 ab
271 416 483 467 auctore
516 409 855 477 facinorum,
888 411 1043 482 quod
1086 427 1289 466 omnes
1323 414 1558 466 sanctos
1590 410 1790 465 Patres
1822 412 1875 476 Α
1908 408 2297 479 pertinebant,
2338 405 2606 461 hortulos
2652 420 2887 476 quoque
2936 407 2991 459 et
3034 402 3433 459 instrumenta
3464 404 3557 458 di-

186 502 407 559 scientiae
436 501 636 554 virtute
686 499 1001 570 praecellat,
1055 517 1157 571 per
1205 516 1383 571 quam
1434 516 1580 555 suus
1610 499 1791 554 hostis

185 592 409 655 effectus,
458 589 600 643 hanc
648 589 874 643 foveam
928 589 1277 660 perditionis
1330 589 1598 656 incurrit,
1642 606 1793 643 nun-

187 698 335 754 quam
364 698 489 735 cum
522 680 737 735 talibus
786 680 923 735 viris
956 680 1052 751 qui
1108 680 1526 753 gubernaculis
1558 681 1792 752 sapien-

187 774 262 826 tia:
288 768 592 842 spiritualis
624 769 713 823 usi
766 775 924 836 sunt,
958 769 1119 840 loqui
1168 770 1467 841 dignatus.
1500 771 1662 826 Unde
1696 787 1793 824 ne-

184 861 379 932 glectus
408 876 469 913 ac
504 859 821 930 negligens,
858 859 928 913 ad
972 858 1177 914 mortis
1212 860 1499 929 profunda
1531 858 1794 929 dilapsus

182 954 271 1015 est,
302 948 443 1002 sicut
473 948 643 1002 arbor
673 947 945 1002 foliorum
978 948 1327 1015 exuberans,
1362 954 1599 1018 repente
1623 948 1796 1002 unius

184 1037 429 1092 momenti
463 1042 721 1107 tempore
774 1038 931 1091 nuda
960 1037 1242 1107 aridaque
1287 1040 1671 1101 monstratur,
1704 1054 1797 1091 se-

182 1127 404 1181 cundum
437 1126 589 1196 quod
642 1126 926 1197 scriptum
977 1130 1103 1181 est:
1157 1126 1262 1191 Qui
1297 1142 1412 1180 non
1446 1126 1665 1181 habent
1695 1142 1793 1197 gu-

180 1216 483 1283 bernacula,
517 1215 733 1269 cadunt
768 1214 919 1270 sicut
948 1214 1087 1269 folia
1118 1215 1305 1286 (Prov.
1338 1215 1436 1285 x1).

758 1348 988 1406 CAPUT
1029 1348 1171 1404 XVI.

545 1441 618 1495 De
646 1438 863 1509 virgine
900 1440 1394 1509 Jerosolymz'tana.

233 1547 493 1601 Noveram
522 1546 815 1618 virginem
840 1546 1156 1617 quamdam
1178 1546 1247 1600 de
1270 1544 1631 1616 Jerosolyma
1652 1546 1800 1615 (Pal-

179 1638 289 1705 Iap.,
318 1652 431 1703 cap.
486 1635 606 1706 34),
663 1634 853 1690 cilicio
898 1634 1194 1703 vestitam,
1247 1639 1304 1689 et
1351 1651 1455 1705 per
1485 1650 1583 1689 sex
1615 1653 1800 1691 annos

178 1741 374 1795 semper
401 1726 724 1789 inclusam,
776 1722 1044 1794 nihilque
1076 1724 1205 1793 ejus
1247 1724 1401 1794 quod
1434 1722 1798 1795 voluptatem

178 1790 395 1883 aliquam
446 1818 650 1885 posset
708 1790 981 1868 exhibere
1033 1790 1368 1882 gustant-em
1415 1832 1428 1880 ;
1490 1790 1666 1883 quam
1728 1814 1797 1869 ad
1830 1790 1877 1855 B

175 1909 500 1973 postremum
562 1901 761 1957 divino
819 1900 1035 1957 auxilio
1095 1901 1461 1971 destitutam,
1522 1908 1638 1956 tam
1689 1902 1797 1957 im-

179 2008 358 2046 mensae
388 1992 686 2063 superbia:
719 1991 961 2045 morbus
993 1990 1225 2058 invasit,
1267 1994 1331 2044 ut
1358 1989 1529 2045 talem
1564 1991 1795 2047 ruinam

176 2080 371 2151 qualem
408 2081 691 2148 dicimus,
724 2082 1063 2135 sustineret.

227 2172 445 2244 Aperuit
474 2173 639 2227 enim
676 2172 873 2227 subito
906 2171 1220 2226 fenestram
1256 2170 1476 2227 cellulae
1502 2188 1643 2238 suae,
1670 2189 1797 2228 sus-

177 2263 405 2333 cepitque
434 2278 575 2317 eum
626 2261 726 2332 qui
780 2268 1158 2316 consueverat
1207 2260 1258 2315 ei
1305 2262 1437 2315 vitae
1465 2262 1797 2318 necessaria

179 2349 494 2416 ministrare,
531 2366 675 2405 cum
707 2366 774 2404 co
826 2349 1246 2404 concumbens.
1281 2350 1397 2404 Hoc
1442 2354 1636 2405 autem
1670 2368 1793 2406 ma-

171 2440 264 2494 lum
306 2442 432 2496 inde
476 2441 815 2510 descendit,
867 2441 1021 2512 quod
1079 2456 1194 2495 non
1245 2440 1572 2495 secundum
1616 2440 1794 2512 spiri-

173 2528 295 2584 tuale
323 2531 716 2602 propositum,
752 2545 858 2583 nec
907 2532 1144 2600 propter
1184 2527 1553 2583 dilectionem
1587 2529 1686 2583 Dei
1720 2530 1791 2584 ad

173 2620 537 2675 monachicam
583 2622 818 2673 venerat
857 2619 1076 2685 vitam;
1125 2618 1223 2672 sed
1260 2618 1530 2671 humanae
1562 2618 1791 2672 vanita-

171 2707 229 2760 tis
248 2708 521 2777 illecebra,
564 2724 695 2779 quae
722 2724 789 2762 ex
819 2706 1013 2761 inanis
1045 2706 1246 2777 gloriae
1277 2705 1597 2776 cupiditate
1624 2722 1796 2777 gene-

170 2801 321 2859 ratur,
349 2805 403 2852 et
433 2814 537 2869 per
577 2796 875 2851 infirmam
908 2801 1085 2865 atque
1116 2794 1454 2850 instabilem
1489 2795 1671 2849 animi
1694 2812 1793 2850 vo-

169 2882 433 2939 luntatem.
460 2886 621 2940 Dum
650 2886 807 2939 enim
841 2885 1225 2949 cogitationes
1259 2901 1397 2939 suas
1431 2900 1634 2938 omnes
1658 2883 1790 2940 alie-

172 2989 237 3024 ne
285 2974 400 3027 vite
471 2973 788 3029 maledicis
846 2972 1401 3043 reprehensionibus
1458 2978 1790 3044 occuparet,

172 3060 463 3117 discedente
497 3064 578 3117 ab
613 3078 681 3117 ea
732 3061 937 3132 angelo
988 3062 1337 3131 sanctitatis,
1392 3061 1619 3116 nullum
1662 3080 1789 3117 om-

173 3150 281 3205 nino
308 3153 612 3207 custodem
650 3151 896 3223 propriae
930 3150 1245 3222 reliquerat
1278 3150 1582 3205 castitatis.

228 3239 425 3294 Idcirco
473 3244 682 3295 autem
737 3244 1049 3309 utramque
1097 3237 1277 3294 vitam
1313 3239 1791 3310 religiosissimo-

177 3343 276 3381 rum
308 3329 645 3396 hominum,
677 3332 736 3382 et
784 3345 982 3382 eorum
1018 3328 1116 3398 qui
1166 3344 1267 3399 per
1299 3328 1627 3399 neglectum
1663 3334 1794 3399 post

176 3414 365 3472 labores
395 3418 780 3485 immodicos,
832 3422 887 3471 et
931 3422 1263 3488 temporum
1305 3418 1495 3488 spatia
1526 3418 1596 3472 de
1629 3434 1792 3471 sum-

180 3518 250 3558 mo
277 3506 494 3578 fastigio
522 3507 866 3561 ceciderunt
916 3506 1327 3573 describimus,
1372 3512 1436 3560 ut
1468 3506 1791 3577 unusquis-

178 3608 263 3661 que
287 3612 347 3650 ex
376 3614 483 3651 sua
515 3597 965 3651 conversatione
1000 3595 1245 3649 insidias
1276 3595 1499 3649 inimici
1532 3596 1794 3650 conside-

180 3696 300 3751 rans,
348 3685 617 3739 occultos
667 3686 797 3754 ejus
845 3683 1083 3753 laqueos
1134 3685 1319 3755 possit
1368 3685 1628 3740 evadere.
1679 3685 1787 3740 Sed

176 3786 274 3825 curn
298 3776 407 3828 sint
431 3790 790 3846 magnorum
813 3774 1063 3827 virorum
1092 3773 1561 3845 feminarumque
1583 3790 1791 3845 quam-

178 3860 385 3928 plurimi,
413 3865 513 3935 qui
548 3862 1087 3919 abrenuntiationis
1116 3879 1233 3917 suae
1269 3863 1555 3935 principia
1578 3863 1791 3919 virtute

176 3962 501 4022 peregerunt,
537 3951 757 4007 deinde
790 3952 859 4006 ab
908 3951 1075 4007 hoste
1106 3957 1450 4007 cunctorum
1482 3952 1786 4008 hominum

176 4040 404 4095 suntelisi
421 4062 434 4107 ;
454 4042 591 4097 ideo
606 4057 673 4095 ex
692 4040 1240 4111 pluribus,quorum
1260 4042 1434 4095 etiam
1453 4043 1580 4097 vitae
1597 4043 1790 4099 socius

175 4128 347 4195 exstiti,
381 4147 610 4201 paucos
640 4146 943 4198 enumero,
970 4130 1108 4201 quia
1140 4147 1328 4202 neque
1362 4130 1492 4186 illos
1522 4133 1589 4185 ad
1619 4133 1790 4188 fortia

174 4214 261 4277 jam
286 4236 551 4275 revocare
606 4219 879 4283 ulterius,
932 4236 1037 4275 nec
1078 4219 1220 4275 mihi
1262 4221 1540 4291 prodesse
1573 4238 1788 4292 praava-

178 4306 256 4369 leo,
282 4324 520 4381 magnos
552 4307 777 4364 Christi
800 4308 1053 4363 athletas
1083 4308 1357 4379 laudans,
1391 4325 1493 4364 nec
1525 4309 1785 4366 imitans.

739 4440 971 4497 CAPUT
1014 4440 1190 4496 XVII.

492 4532 628 4585 Vita
661 4529 876 4584 abbatis
910 4530 1041 4583 Eliaa
1072 4540 1123 4585 et
1156 4531 1429 4586 Dorothei.

227 4632 354 4689 Elias
372 4636 614 4707 quidam
632 4636 1225 4703 uomine,monachus
1240 4637 1499 4708 optimus
1514 4654 1786 4708 magnam

174 4717 341 4777 habuit
367 4725 845 4781 consideratione
870 4742 1045 4780 sexus
1072 4725 1285 4780 infirmi
1310 4728 1648 4781 devotarum
1672 4728 1788 4783 Deo

175 4810 423 4880 virginum
455 4832 668 4870 curam
698 4815 972 4885 (Pallad.,
1006 4832 1127 4884 cap.
1152 4817 1264 4885 35).
1287 4819 1435 4869 Sunt
1456 4816 1610 4869 enim
1646 4815 1790 4871 tales

176 4904 523 4965 quorumdam
545 4906 1036 4975 animaa,quarum
1056 4904 1429 4976 praepositum
1449 4903 1639 4958 ultimi
1656 4904 1790 4959 finis

176 4992 469 5048 testimonio
494 4993 941 5063 comprobatur.
977 4992 1082 5055 Qui
1107 5008 1303 5047 amore
1326 4991 1561 5045 virtutis
1594 5008 1793 5046 accen-

174 5090 269 5143 sas,
296 5084 346 5133 et
367 5081 610 5136 feminei
658 5098 836 5135 sexus
878 5080 1273 5149 miseratione,
1307 5080 1364 5134 in
1388 5096 1454 5134 ea
1474 5080 1627 5135 962
1662 5096 1793 5151 quae

174 5168 363 5223 Atravis
386 5169 931 5241 LPalIaquthribe]
946 5172 1176 5225 civitate
1196 5169 1507 5237 dieitur,ex
1527 5169 1791 5238 pecuniis

178 5264 275 5319 Quae
296 5257 396 5327 ipsi
418 5260 909 5331 suppeditabant,
934 5260 1358 5316 monasterium
1387 5260 1644 5314 immane
1663 5276 1793 5315 con-

176 5345 364 5399 struxit.
395 5348 477 5401 Ad
497 5345 884 5418 quemlocum
911 5347 1371 5419 plurimas(qua3
1398 5348 1588 5419 vagari
1614 5354 1672 5403 et
1703 5364 1791 5403 er-

178 5443 279 5481 rare
299 5438 743 5506 consueverant)
788 5437 1036 5493 feminas
1072 5438 1465 5510 congregavit,
1502 5437 1795 5493 omnium-

178 5532 285 5587 que,
316 5532 481 5593 prout
516 5525 832 5580 necessitas
874 5526 1249 5597 postulasset,
1283 5543 1483 5583 curam
1512 5527 1789 5598 gerebat:

178 5608 362 5673 quibus
402 5617 621 5669 cuncta
670 5615 1021 5685 prastiterat
1068 5633 1195 5689 qua:
1242 5617 1315 5671 ad
1355 5616 1484 5671 vita:
1516 5615 1792 5673 solatium

1904 514 2081 552 versa:
2110 493 2490 567 supellectilis
2539 492 2888 559 necessaria,
2940 496 2996 547 et
3029 492 3251 563 reliqua
3282 509 3409 564 quae
3441 491 3556 547 hu-

1906 587 2066 641 mani
2102 602 2244 641 usus
2278 584 2424 639 ratio
2457 582 2742 654 deposcit.

1978 686 2107 738 Ista:
2134 701 2201 738 ex
2223 682 2531 738 dissimilis
2555 682 2681 735 vita:
2706 695 2918 750 genere
2941 680 3097 735 intra
3121 680 3296 735 unius
3323 680 3557 736 habita-

1906 773 2019 827 culi
2035 772 2290 827 claustra
2308 770 2991 841 collectaz,frequentibus
3010 770 3136 823 sine
3151 769 3563 841 vicemjurgiis

1910 862 2319 933 inquietabant
2340 879 2352 916 :
2374 861 2527 915 unde
2552 861 2845 914 interdum
2871 859 3190 913 necessitas
3214 858 3480 929 exigebat
3502 863 3568 913 ut

1910 953 2063 1005 inter
2084 967 2179 1005 eas
2202 950 2576 1004 simultatum
2622 948 2829 1003 talium
2866 965 3077 1003 causas
3102 948 3226 1018 ipse
3248 963 3563 1018 cognosce-

1907 1046 2345 1111 ret,pacemque
2370 1037 3018 1110 repararet.Collegerat
3041 1038 3195 1091 enim
3219 1036 3360 1091 illuc
3380 1053 3565 1107 usque

1910 1131 1981 1185 ad
2003 1134 2396 1185 trecentarum
2422 1144 2733 1183 numerum
2759 1126 3132 1191 feminarum,
3167 1142 3271 1181 nec
3299 1125 3426 1181 sine
3446 1143 3564 1181 me-

1911 1220 2131 1274 diatore
2173 1218 2323 1289 ipso,
2358 1218 2726 1272 conversatio
2763 1232 2966 1271 earum
3013 1220 3236 1287 poterat
3278 1216 3559 1270 ordinari-

1909 1309 2068 1372 Quod
2101 1325 2233 1363 cum
2258 1308 2383 1377 jam
2418 1324 2519 1377 per
2539 1306 2845 1361 biennium
2874 1307 3105 1374 faceret,
3128 1309 3183 1359 et
3204 1304 3397 1359 adhuc
3418 1320 3565 1375 pene

1912 1399 2035 1469 ipse
2056 1397 2290 1467 juvenis
2314 1396 2885 1467 videretur(triginta
2908 1394 3065 1449 enim
3089 1392 3174 1448 vel
3200 1395 3563 1465 quadragin-

1912 1492 1969 1541 ta
1992 1503 2177 1541 annos
2196 1486 2491 1553 habebat),
2509 1489 2867 1540 tentatusost
2886 1484 3080 1539 subito
3104 1482 3387 1553 corporali
3408 1483 3564 1538 desi-

1913 1576 2071 1631 derio
2086 1574 2428 1646 voluptatis.
2456 1574 2677 1629 Relicto
2705 1576 2897 1643 itaque
2921 1571 3274 1627 monasterio
3298 1572 3437 1625 dum
3464 1587 3568 1643 per

1912 1663 2261 1719 solitudines
2288 1668 2437 1718 totas
2476 1662 3065 1733 biduojugijejunus
3083 1664 3319 1729 erraret,
3354 1659 3565 1731 huius~

1915 1754 2071 1809 modi
2096 1769 2327 1824 precem
2343 1753 2495 1806 fudit
2514 1753 2583 1805 ad
2606 1749 3568 1820 Dominum:Domine,inquit,aut

1910 1842 2107 1898 occide
2140 1857 2255 1905 me,
2288 1857 2357 1895 ne
2389 1840 2617 1894 videam
2649 1838 2781 1893 illas
2812 1836 3432 1904 tristitialaborantes,
3463 1842 3565 1892 aut

1910 1949 1941 1987 a
1974 1948 2065 1986 me
2096 1930 2478 1985 tentationem
2512 1928 2690 1997 hujus
2722 1925 3064 1997 cupiditatis
3098 1924 3355 1993 exclude,
3382 1929 3444 1979 ut
3465 1941 3558 1980 ea-

1909 2037 2034 2076 rum
2068 2036 2269 2075 curam
2305 2019 2383 2073 ita
2414 2023 2476 2072 ut
2507 2021 2733 2088 Oportet
2764 2020 2865 2070 aut
2894 2014 3164 2069 convenit
3194 2030 3416 2085 geram.

1976 2117 2343 2189 Vespertinis
2373 2116 2569 2187 itaque
2601 2114 2763 2169 horis
2805 2112 3000 2168 subito
3025 2129 3158 2167 eum
3189 2112 3242 2164 in
3267 2110 3557 2166 desiderio

1907 2224 2147 2263 somnus
2176 2207 2487 2278 oppressit,
2523 2209 2576 2259 et
2600 2209 2717 2258 tres
2742 2218 2987 2256 numero
3010 2199 3250 2272 angelos
3270 2201 3341 2255 ad
3366 2217 3427 2255 se
3459 2217 3555 2254 ve-

1907 2297 2063 2353 nisse
2085 2295 2405 2367 conspexit,
2438 2298 2501 2349 ut
2522 2294 2647 2365 ipse
2680 2291 2987 2346 referebat.
3017 2288 3556 2359 Tenueruntigitur

1904 2404 2061 2456 eum,
2088 2386 2377 2440 dicentes:
2404 2382 2515 2437 Cur
2548 2397 2822 2454 egressus
2847 2396 2908 2434 es
2931 2380 3001 2433 de
3018 2378 3372 2433 monasterio
3396 2378 3557 2432 femi-

1906 2476 2153 2532 narum?
2175 2475 2397 2538 Quibus
2416 2490 2549 2528 cum
2576 2471 2671 2527 ille
2702 2469 3240 2541 transmigrationis
3263 2486 3380 2524 suae
3414 2485 3554 2523 cau-

1904 2583 2029 2621 sam
2054 2566 2312 2630 referret,
2337 2562 2689 2619 ettimuisse
2711 2577 2772 2616 se
2805 2560 3043 2626 diceret,
3079 2575 3151 2614 ne
3184 2563 3283 2612 aut
3307 2558 3419 2613 sibi
3452 2560 3553 2611 aut

1903 2655 2018 2710 illis
2042 2658 2310 2721 noceret;
2339 2653 2442 2707 hoc
2468 2651 2549 2705 illi
2570 2652 2641 2705 ad
2670 2651 2781 2705 ista
2799 2649 3157 2720 respondent
3179 2647 3266 2702 :Si
3284 2648 3461 2719 igitur
3482 2647 3554 2701 ab

1903 2744 2243 2815 huiusmodi
2264 2742 2585 2798 tentatione
2601 2757 2701 2811 per
2716 2756 2819 2793 nos
2845 2737 3022 2793 fueris
3040 2736 3344 2805 liberatus,
3364 2736 3550 2803 vadis,

1902 2839 1955 2889 et
1985 2851 2190 2889 rursus
2212 2832 2472 2904 ipsarum
2496 2828 2751 2901 suscipis
2771 2827 3013 2883 curam?
3036 2826 3120 2881 Ad
3145 2827 3295 2897 quod
3326 2842 3457 2881 cum
3482 2824 3550 2878 li-

1901 2922 2221 2977 benterille
2252 2920 2660 2993 acquievisset,
2685 2916 3107 2989 jusjurandum
3147 2916 3218 2970 ab
3252 2931 3319 2970 eo
3342 2914 3551 2985 hujus-

1903 3013 2083 3076 modi,
2110 3012 2263 3066 sicut
2286 3011 2407 3081 ipse
2434 3009 2736 3071 referebat,
2762 3007 2989 3077 exigere
3014 3008 3315 3075 coeperunt
3342 3021 3352 3057 :
3384 3004 3547 3071 Jura,

1903 3099 2357 3173 inquientcs,his
2380 3097 2705 3165 vcrbis,l‘er
2724 3112 2857 3150 eum
2884 3093 2982 3166 qui
3005 3094 3174 3148 habet
3191 3108 3392 3147 curam
3414 3091 3549 3161 mei,

1824 3162 1865 3228 C
1905 3190 2137 3244 illarum
2164 3205 2363 3243 curam
2408 3187 2747 3241 habiturum
2788 3199 2914 3239 esse
2953 3183 3215 3251 mejuro.
3247 3181 3389 3236 Cum
3415 3196 3550 3251 ergo

1904 3280 1961 3333 in
1988 3280 2105 3333 haec
2130 3277 2246 3333 illis
2266 3277 2439 3331 verba
2457 3277 2881 3345 jurasset,tunc
2906 3287 3057 3326 unus
3080 3287 3147 3324 ex
3171 3268 3315 3339 ipsis
3339 3285 3550 3323 manus

1902 3367 2064 3421 illius
2097 3368 2308 3432 tenuit,
2358 3375 2408 3420 et
2443 3364 2586 3419 alter
2609 3362 2803 3434 pedes,
2839 3361 3047 3415 tertius
3075 3363 3265 3413 autem
3318 3362 3548 3427 arrepta

1903 3456 2189 3511 novacula
2212 3455 2378 3509 illum
2406 3452 2765 3509 emasculare
2786 3451 2948 3505 visus
2972 3453 3059 3503 est
3086 3466 3099 3509 ;
3126 3464 3239 3502 non
3264 3447 3417 3518 quod
3446 3462 3548 3517 pro

1901 3563 2033 3601 vero
2062 3546 2170 3601 hoc
2197 3546 2428 3612 faceret,
2456 3544 2553 3599 sed
2581 3542 2732 3613 quod
2762 3542 2946 3595 facere
2967 3538 3279 3593 videretur.
3317 3536 3458 3590 Nam
3488 3535 3545 3589 in

1903 3636 2156 3708 quodam
2178 3639 2415 3705 stupore
2440 3631 2620 3687 animi
2646 3647 2711 3686 eo
2743 3635 2999 3698 tempore
3022 3644 3084 3682 se
3106 3642 3235 3682 esse
3257 3624 3550 3691 credebat,

1902 3730 2072 3794 atque
2104 3724 2211 3778 hac
2236 3722 2525 3778 sentiebat
2572 3737 2631 3775 se
2664 3719 2885 3774 ratione
2918 3722 3208 3772 curatum.
3242 3716 3407 3769 Tunc
3444 3712 3552 3783 igi-

1902 3819 1997 3869 tur
2029 3813 2220 3885 angeli
2252 3814 2615 3883 interrogant
2646 3827 2803 3879 eum,
2842 3826 2911 3863 an
2938 3807 3156 3878 aliquid
3194 3805 3303 3861 sibi
3331 3806 3547 3858 factum

1901 3922 2075 3959 suum
2105 3903 2396 3975 profuisse
2420 3902 2723 3957 sensisset.
2760 3898 2859 3953 Ille
2883 3896 3205 3968 respondit,
3228 3894 3550 3949 Vehemen-

1900 4000 2006 4060 ter,
2034 3996 2325 4065 inquiens,
2347 3991 2634 4062 inlelligo,
2660 4007 2807 4045 onus
2826 3987 3118 4059 quoddam
3141 3985 3284 4039 mihi
3303 4000 3429 4037 esse
3452 3999 3547 4036 su-

1902 4084 2123 4138 blatum
2152 4104 2164 4151 ;
2192 4090 2246 4138 et
2268 4083 2413 4137 satis
2438 4081 2607 4136 credo
2632 4080 2790 4134 omni
2825 4094 3001 4150 quam
3036 4072 3422 4129 formidabam
3453 4088 3546 4125 me

1904 4173 2171 4228 molestia
2200 4172 2536 4227 liberatum.
2578 4169 2791 4225 Dicunt
2815 4167 2866 4222 ei
2891 4182 2903 4222 :
2928 4167 3077 4235 Ergo
3107 4179 3261 4217 nunc
3295 4161 3438 4217 vade
3470 4159 3542 4214 ad

1899 4262 2319 4317 monasterium
2354 4265 2542 4314 tuum.

1969 4360 2074 4423 Qui
2098 4364 2230 4431 post
2254 4358 2516 4429 quinque
2541 4370 2843 4425 regressus
2864 4351 3441 4421 dies,ingressusque
3464 4346 3545 4400 lu-

1895 4450 2156 4520 gentium
2186 4446 2605 4502 monasterium
2628 4443 3001 4509 feminarum,
3026 4443 3085 4494 in
3112 4438 3314 4495 eodem
3340 4436 3548 4491 exinde

1820 4532 1865 4594 D
1899 4540 2022 4595 loco
2046 4537 2262 4593 mansit
2281 4536 2337 4590 in
2357 4535 2500 4591 cella
2521 4552 2587 4590 ex
2609 4534 2846 4605 obliquo
2872 4528 3192 4587 habitaculi
3217 4527 3377 4582 illius
3398 4525 3547 4597 posi-

1900 4634 1976 4697 ta,
2003 4628 2058 4682 in
2084 4644 2201 4697 qua
2222 4643 2353 4680 curn
2384 4625 2567 4695 magis
2594 4623 2735 4693 ipsis
2760 4620 3063 4693 proximus
3086 4617 3403 4683 videretur,
3430 4615 3546 4668 fre-

1901 4718 2212 4789 quentibus
2228 4732 2325 4771 eas
2344 4718 2628 4786 quantum
2654 4712 2711 4767 in
2728 4711 2855 4783 ipso
2876 4714 3017 4776 erat,
3036 4703 3545 4763 emendationibus

1901 4807 2242 4877 corrigebat.
2276 4805 2430 4859 Vixit
2478 4807 2668 4858 autem
2720 4800 2863 4855 alios
2908 4795 3301 4869 quadraginta
3334 4810 3542 4860 annos,

1902 4897 2120 4951 sanctis
2144 4894 2413 4949 Patribus
2436 4907 2777 4947 asseverans
2799 4889 2951 4960 quod
2980 4900 3278 4957 nunquam
3306 4884 3457 4937 ultra
3488 4882 3546 4935 in

1902 5003 1999 5039 cor
2022 4985 2207 5055 ipsius
2230 4983 2501 5054 cogitatio
2527 4981 2659 5035 talis
2680 4978 3027 5035 ascenderit.
3052 4981 3215 5030 Hanc
3249 4990 3384 5045 ergo
3412 4972 3547 5027 bea-

1904 5081 1997 5129 tus
2033 5074 2127 5128 ille
2170 5073 2318 5127 Elias
2364 5071 2459 5126 Dei
2498 5071 2745 5142 gratiam
2797 5067 3035 5137 meruit,
3087 5069 3150 5119 ut
3199 5063 3282 5118 sic
3315 5059 3551 5134 propria

1903 5181 2044 5219 cura
2077 5162 2358 5218 muliebre
2387 5159 2808 5216 monasterium
2840 5158 3213 5229 gubernaret.

1974 5259 2121 5314 Huic
2147 5259 2409 5314 succedit
2457 5256 2781 5312 Dorotheus
2814 5256 2898 5308 vir
2929 5251 3327 5318 beatissimus,
3361 5246 3457 5320 qui
3487 5246 3546 5300 in

1906 5349 2164 5404 moribus
2198 5346 2509 5402 laudabilis
2540 5345 2665 5400 vita:
2708 5342 3035 5411 consenuit,
3068 5358 3181 5396 non
3217 5338 3453 5410 quidem
3488 5334 3541 5389 in

1906 5438 2257 5495 monasterio
2276 5436 2403 5509 ipso
2428 5436 2509 5490 ita
2529 5433 2853 5491 conversari
2877 5431 3191 5504 praevalens
3208 5434 3271 5482 ut
3291 5428 3467 5498 prior,
3489 5425 3546 5478 in

1904 5528 2202 5601 superiore
2222 5532 2414 5581 tamen
2434 5541 2497 5581 se
2520 5523 2777 5579 condidit
2800 5522 2967 5591 cella,
2982 5521 3081 5575 ubi
3106 5534 3283 5574 unam
3310 5514 3441 5569 fecit
3466 5512 3544 5601 fe—

1904 5598 2163 5675 nestram
2188 5633 2255 5672 ex
2280 5633 2391 5687 qua
2420 5611 2799 5685 contemplari
2836 5611 3085 5667 feminas
3114 5608 3171 5661 in
3199 5598 3545 5660 monasterio
