3986 6168
439 255 546 309 295

437 396 542 436 suo
575 381 791 452 posset.
824 380 1008 444 Quam
1045 379 1360 433 fenestram
1392 380 1448 433 et
1477 377 1750 432 claudere
1773 379 1830 431 et
1857 373 2085 447 aperire
2113 374 2170 440 Α

438 472 840 537 consueverat,
862 468 955 522 cui
978 471 1034 522 et
1050 466 1271 538 jugiter
1290 466 1610 531 assidebat,
1638 465 1707 520 ad
1728 464 2091 519 unanimita-

440 563 556 614 tem
583 573 898 628 pacemque
922 573 1151 611 sorores
1175 556 1686 626 erudiens.Itaque
1705 555 1760 610 in
1788 554 2090 626 superiore

438 648 542 703 illa
566 646 901 703 monasterii
926 650 1086 717 parte
1109 645 1577 711 consenuit,cum
1604 661 1790 716 neque
1814 644 2090 698 mulieres

438 739 509 792 ad
545 738 735 807 ipsum
770 736 1101 801 ascendere,
1138 750 1324 805 neque
1356 735 1480 805 ipse
1512 733 1862 788 descendere
1894 736 2091 804 posset

439 828 510 882 ad
544 843 663 891 eas,
698 825 835 896 quia
868 840 974 879 nec
1005 823 1173 879 scala:
1216 823 1333 877 illic
1366 840 1629 893 unquam
1669 824 1867 894 positae
1901 826 2085 890 erant,

440 932 544 986 per
566 932 713 987 quas
736 912 1079 983 hujusmodi
1103 913 1377 983 cuiquam
1405 916 1628 983 pateret
1647 929 1937 967 accessus.
1960 912 2090 966 Haec

436 1009 528 1060 est
562 1003 714 1059 beati
745 1002 1021 1058 Dorothei
1054 1002 1110 1056 in
1147 1002 1511 1057 abstinentiae
1543 1002 1756 1057 virtute
1788 1000 2087 1073 perfectio,

435 1098 492 1148 et
523 1094 657 1148 finis
689 1091 1056 1163 hujusmodi.

1026 1206 1260 1263 CAPUT
1298 1206 1499 1261 XVIII.

894 1296 1019 1353 l’ila
1049 1298 1334 1352 Piumom‘s
1375 1297 1630 1366 virginis.

506 1398 742 1453 Piamon
775 1396 1013 1452 nomine
1062 1396 1224 1467 virgo
1265 1395 1532 1465 quaedam
1578 1393 1687 1447 fuit
1718 1410 1844 1464 quae
1877 1409 2085 1448 omnes

433 1487 621 1541 aetatis
654 1503 769 1541 suae
798 1503 982 1540 annos
1022 1501 1154 1539 cum
1200 1490 1384 1539 matre
1420 1501 1530 1539 sua
1562 1482 1722 1548 vixit,
1752 1483 1973 1553 jugiter
2004 1483 2086 1535 fa-

435 1578 595 1632 ciens
617 1594 765 1648 opus
796 1576 922 1641 lini,
957 1582 1012 1631 et
1043 1580 1174 1647 post
1204 1575 1453 1630 alterum
1490 1591 1722 1645 semper
1753 1576 1905 1628 diem
1932 1573 2087 1627 circa

432 1683 731 1738 vesperam
767 1666 964 1720 cibum
999 1682 1237 1720 sumens
1279 1662 1561 1735 (Pallad,
1591 1682 1708 1734 cap.
1743 1665 1854 1731 37).
1890 1663 2018 1717 limo
2052 1678 2084 1716 a

1584 253 1950 309 APPENDIX
1988 253 2086 307 ΔΙ)
2122 248 2341 306 VITAB
2379 253 2693 308 PATRUM.
3685 261 3775 317 296

2819 376 3049 434 CAPUT
3090 377 3230 433 XIX.

2658 474 2771 532 Vita
2801 476 3020 531 abbatis
3051 477 3350 532 Pachumii.

2265 591 2668 648 Tabennensis
2695 594 2953 662 nomine,
2985 592 3347 648 inThebaide
3374 594 3644 663 provincia
3666 596 3784 651 dici-

2193 684 2290 735 tur
2314 682 2497 747 locus,
2533 682 2589 736 in
2620 700 2734 754 quo
2766 683 3121 738 Pachomius
3156 683 3385 753 quidam
3420 683 3521 737 fuit
3548 684 3783 753 (Pallad,

2192 788 2312 842 cap.
2342 773 2451 841 38),
2480 773 2568 826 vir
2600 773 2796 843 justus
2827 774 2884 827 in
2920 777 3174 838 tantum,
3211 778 3274 825 ut
3304 788 3399 843 per
3424 772 3656 827 divinam
3685 791 3787 843 gra-

2195 863 2337 915 tiam
2371 861 2525 916 963
2561 867 2760 917 nosset
2793 862 3007 928 futura,
3034 866 3090 915 et
3122 861 3379 932 angelica
3408 863 3571 916 etiam
3598 862 3789 917 visione

2196 950 2505 1012 frueretur.
2532 950 2634 1005 llic
2660 951 2728 1005 ad
2753 951 3070 1021 perfectum
3102 950 3424 1005 misericors
3450 955 3502 1004 et
3531 951 3792 1006 humanus

2194 1039 2324 1109 fuit,
2353 1045 2410 1095 et
2441 1039 2839 1094 inaestimabili
2860 1040 3066 1095 fratres
3084 1056 3279 1094 amore
3298 1039 3509 1094 dilexit.
3543 1042 3613 1093 Ad
3645 1057 3791 1110 quem

2194 1129 2252 1183 in
2278 1130 2558 1200 spelunca
2588 1130 2886 1185 sedentem
2918 1129 3161 1202 angelus
3190 1129 3411 1185 Domini
3430 1130 3597 1197 venit,
3624 1130 3797 1185 dicens

2194 1219 2241 1274 ei
2268 1235 2280 1272 :
2316 1223 2425 1273 Per
2452 1219 2647 1274 omnia
2680 1234 2806 1288 quae
2839 1220 2907 1274 ad
2944 1218 3307 1291 propositum
3338 1224 3497 1272 tuum
3517 1219 3796 1289 pertinent,

2193 1309 2347 1364 scias
2361 1312 2415 1363 te
2429 1326 2556 1363 esse
2574 1310 2829 1380 pert'ectu
2842 1326 2893 1362 m
2917 1333 2931 1376 ;
2954 1307 3244 1376 undejam
3267 1308 3324 1362 in
3346 1307 3614 1379 spelunca
3627 1323 3801 1376 super-

2194 1399 2310 1453 ﬂuo
2337 1400 2529 1465 sedes,
2559 1398 2690 1453 veni
2733 1398 2933 1470 igitur,
2967 1402 3025 1453 et
3070 1397 3272 1452 relicto
3301 1398 3408 1452 hec
3452 1396 3590 1465 loco,
3622 1395 3801 1465 collige

2193 1505 2396 1543 omnes
2430 1487 2750 1542 monachos
2774 1488 3066 1557 juniores,
3096 1491 3151 1541 et
3191 1503 3319 1541 cum
3354 1486 3497 1558 ipsis
3525 1485 3727 1552 habita,
3754 1488 3802 1538 et

2193 1578 2473 1646 eosjuxta
2492 1575 2752 1643 regulam
2775 1575 2925 1639 vitae,
2958 1591 3128 1645 quam
3154 1592 3186 1629 a
3206 1590 3296 1628 me
3328 1575 3536 1638 disces,
3568 1572 3800 1627 institue.

2191 1664 2444 1720 Tabulas
2469 1672 2661 1718 autem
2696 1664 2781 1717 illi
2816 1681 3008 1719 aeneas
3040 1663 3289 1730 dedit,in
3316 1663 3527 1734 quibus
3545 1663 3797 1732 scriptum

430 1756 545 1812 Deo
574 1756 784 1810 meruit
808 1756 1066 1825 accipere
1091 1754 1395 1808 scientiam
1425 1754 1923 1809 futurorum.Nam
1948 1769 2080 1806 cum
2114 1745 2162 1810 B
2194 1760 2346 1809 erat:
2382 1754 2690 1809 Permittes
2724 1753 3031 1824 unicuique
3064 1758 3126 1808 ut
3156 1758 3383 1808 tantum
3418 1756 3686 1825 quantum
3718 1767 3807 1821 po-

429 1846 580 1917 apud
614 1849 926 1917 Egyptum
970 1843 1263 1914 quondam
1299 1843 1357 1896 in
1390 1859 1635 1897 ascensu
1671 1842 1935 1897 fluminis
1966 1841 2081 1895 Nili

430 1941 634 1989 contra
656 1934 763 1987 vici
798 1933 976 1987 unius
1008 1932 1294 1986 excidium
1321 1932 1484 1985 vicus
1518 1931 1663 1986 alter
1688 1933 1908 1986 veniret
1933 1934 2082 1997 (cum

428 2023 633 2093 grandi
651 2023 805 2077 enim
828 2020 1149 2075 certamine
1166 2020 1502 2091 partiuntur
1529 2020 1887 2090 irrigationis
1910 2021 2083 2088 vices,

431 2129 619 2183 usque
643 2113 784 2166 adeo
811 2116 873 2164 ut
894 2115 951 2165 et
982 2111 1051 2164 ad
1079 2110 1322 2164 vulnera
1344 2127 1451 2165 sua
1480 2115 1815 2181 mortesque
1842 2112 2087 2164 descen-

429 2202 616 2272 dant).
650 2205 791 2255 Cum
827 2200 1011 2271 igitur
1040 2200 1248 2254 fortior
1278 2198 1531 2270 populus
1563 2201 1628 2252 ad
1656 2198 1949 2253 inferioris
1972 2199 2081 2255 vici

428 2291 719 2358 homines,
744 2290 801 2343 in
826 2306 938 2358 quo
967 2292 1093 2343 erat
1117 2288 1251 2357 ista,
1276 2287 1551 2352 venisset,
1578 2304 1939 2359 numeroque
1963 2305 2084 2343 suae

429 2380 1121 2447 multitudinisﬁdens,et
1139 2382 1256 2432 tam
1284 2376 1639 2431 militaribus
1655 2394 1829 2447 quam
1848 2377 2082 2433 rusticis

421 2470 605 2525 armis
630 2468 1059 2536 instruetus,ad
1085 2467 1446 2521 eversionem
1473 2466 1825 2535 supradicta:
1850 2482 2078 2536 posses-

421 2558 605 2614 sionis
630 2558 952 2623 accederet,
980 2556 1168 2611 astitit
1190 2556 1237 2610 ei
1272 2554 1517 2626 angelus
1541 2556 1853 2609 adventum
1883 2554 2078 2609 inimi-

420 2665 619 2703 corum
641 2648 1130 2717 nuntians,quem
1159 2644 1356 2699 nullus
1379 2644 1496 2698 illic
1522 2650 1745 2715 poterat
1763 2644 2074 2714 suspicari.

422 2739 585 2793 Tunc
606 2740 768 2807 virgo
801 2740 1126 2790 memorata
1173 2734 1282 2789 vici
1310 2734 1680 2805 presbyteros
1712 2734 2074 2800 convocavit,

422 2828 531 2882 hoc
551 2828 752 2882 dicens
780 2844 791 2880 :
819 2825 983 2880 Exite
1009 2830 1064 2879 et
1085 2825 1372 2879 occurrite
1399 2823 1471 2877 iis
1500 2823 1600 2893 qui
1629 2824 1699 2877 de
1721 2823 1844 2877 vico
1874 2822 1971 2877 illo
2005 2824 2073 2876 ad

418 2916 877 2971 internecionem
904 2919 1157 2968 vestram
1181 2912 1376 2967 venire
1404 2913 1775 2977 festinant,ac
1800 2928 1868 2966 ne
1887 2929 2001 2965 una
2019 2916 2078 2965 et

418 3006 531 3076 ipsi
558 3022 688 3060 cum
716 3004 943 3060 cellulis
964 3004 1175 3059 vestris
1194 3003 1344 3057 caede
1368 3001 1641 3073 pereatis,
1677 3000 2073 3072 deprecamini

422 3112 542 3159 eos,
580 3100 640 3149 ut
672 3096 743 3149 ab
777 3097 1059 3166 apparatu
1095 3090 1431 3148 certaminis
1466 3091 1647 3161 hujus
1680 3092 1974 3146 recedant.

486 3189 750 3250 Cumque
776 3183 1093 3255 presbyteri
1112 3182 1431 3236 admodum
1448 3182 1513 3235 ad
1532 3180 1653 3236 haec
1674 3180 1827 3235 dicta
1844 3180 2071 3234 timuis-

416 3279 570 3340 sent,
603 3273 767 3343 proni
803 3274 871 3326 ad
917 3273 1091 3343 pedes
1122 3272 1359 3333 cadunt,
1393 3276 1666 3340 rogantes
1706 3286 1857 3334 eam,
1895 3276 2069 3339 atque

413 3362 714 3417 dicentes:
750 3360 894 3423 Quia
946 3377 1053 3415 nos
1108 3377 1223 3413 non
1277 3360 1561 3413 audemus
1607 3358 1691 3412 eis
1724 3374 2064 3424 occurrere;

415 3452 641 3507 scimus
664 3452 819 3505 enim
842 3455 896 3505 et
925 3450 1238 3505 ebrietates
1270 3464 1494 3515 eorum,
1529 3452 1584 3501 et
1613 3448 1915 3503 audaciam
1952 3466 2066 3503 non

412 3542 735 3597 ferendam.
763 3541 870 3595 Sed
900 3541 1048 3594 adde
1082 3539 1191 3593 hoc
1225 3554 1478 3610 quoque,
1505 3538 1805 3607 inquiunt,
1834 3537 2067 3592 miseri-

412 3630 621 3685 cordize
648 3634 969 3700 tuae,supra
993 3643 1225 3682 omnem
1252 3627 1406 3680 hunc
1432 3626 1529 3697 qui
1560 3626 1988 3693 tremitvicum,
2013 3631 2070 3681 et

412 3736 589 3791 super
633 3721 807 3774 istam
847 3734 1083 3789 quoque
1119 3717 1536 3771 domunculam
1572 3724 1755 3780 tuam,
1792 3719 1847 3769 et
1878 3716 2068 3785 magis

412 3810 540 3880 ipsa
573 3808 921 3880 progredere
953 3812 1130 3877 atque
1162 3821 1400 3860 occurre
1422 3804 1816 3871 venientibus,
1844 3803 2066 3858 locum-

412 3916 525 3970 que
556 3899 737 3953 istum
774 3897 951 3951 redde
996 3900 1291 3966 pacatum.
1349 3899 1418 3947 At
1464 3893 1563 3947 illa
1596 3893 1704 3947 hoc
1736 3892 1973 3963 quidem
2009 3909 2069 3947 se

415 3990 704 4044 facturam
748 3986 1019 4055 negavit;
1052 3983 1315 4039 ascendit
1344 3987 1542 4037 tamen
1579 3982 1846 4052 protinus
1895 3999 2066 4053 supe-

412 4080 567 4135 riora
590 4079 799 4132 domus
834 4075 1101 4146 propriae,
1121 4079 1175 4127 et
1207 4078 1329 4127 tota
1360 4072 1478 4126 illic
1510 4076 1677 4125 nocte
1711 4072 1767 4126 in
1792 4073 2070 4127 continua

411 4168 671 4224 oratione
705 4164 1049 4234 permansit,
1080 4179 1150 4218 ne
1184 4178 1373 4234 genua
1415 4160 1656 4231 quidem
1689 4160 1951 4229 ﬂectens,
1984 4167 2068 4214 at-

408 4275 520 4329 que
553 4257 659 4312 has
697 4256 941 4309 Domino
988 4270 1187 4324 preces
1235 4252 1443 4306 elludit
1479 4268 1491 4305 :
1538 4251 1793 4305 Domine
1828 4250 2068 4323 (inquit)

407 4348 691 4419 Deus,qui
728 4362 963 4401 omnem
998 4344 1227 4416 iudicas
1248 4341 1599 4407 terram,cui
1634 4340 2064 4411 nihilunquam

408 4439 599 4511 placet
627 4437 942 4506 injustum,
975 4434 1257 4489 ascendat
1288 4432 1357 4487 ad
1388 4436 1444 4485 te
1476 4431 1661 4485 oratio
1696 4446 1845 4498 mea,
1880 4436 1936 4484 et
1968 4432 2067 4484 ad-

404 4530 600 4582 veniat
633 4527 822 4581 virtus
855 4530 979 4588 tua,
1014 4540 1141 4595 qua:
1174 4522 1232 4577 in
1266 4522 1557 4576 excidium
1594 4525 1858 4575 nostrum
1895 4536 2066 4573 ruen-

409 4622 497 4672 tes
532 4618 587 4670 in
622 4632 688 4671 eo
721 4615 869 4685 ipso,
918 4615 976 4668 in
1024 4629 1138 4683 quo
1184 4611 1302 4665 illis
1350 4610 1669 4664 occurrerit
1708 4607 1852 4673 loco,
1888 4607 2068 4662 veluti

404 4706 703 4763 clavorum
739 4703 1009 4759 afﬁxione
1039 4701 1300 4756 uonﬁxos
1333 4698 1653 4753 contineat.

479 4795 597 4849 Hoc
629 4810 764 4863 ergo
799 4807 1091 4858 sermone,
1114 4789 1299 4845 ethac
1326 4786 1586 4841 oratione
1618 4783 1927 4853 completa,
1961 4784 2064 4840 ho-

403 4889 525 4940 stes
548 4899 748 4938 eorum
776 4881 835 4935 in
860 4879 1170 4947 tertiojam
1200 4875 1310 4930 vici
1340 4874 1533 4944 lapide
1556 4871 1881 4938 constituti,
1911 4872 2067 4928 circa

402 4974 655 5045 primam
681 4972 886 5026 horam
910 4968 1021 5023 diei
1054 4967 1135 5022 ita
1158 4966 1216 5020 in
1254 4968 1573 5018 memorato
1598 4961 1889 5016 haeserunt
1916 4962 2062 5034 loco,

402 5067 467 5117 ut
492 5078 735 5133 prorsus
772 5058 991 5114 moveri
1022 5055 1157 5110 inde
1191 5071 1303 5109 non
1340 5055 1600 5123 possent.
1633 5054 1753 5105 Hoc
1778 5055 1975 5107 autem
2010 5058 2065 5108 et

405 5151 554 5222 ipsis
604 5148 955 5205 revelatione
988 5146 1340 5217 patefactum
1384 5144 1493 5205 est,
1528 5140 1678 5211 quod
1733 5140 2063 5197 molitiones

407 5256 610 5295 eorum
649 5237 947 5293 orationes
993 5237 1327 5288 memorata:
1358 5228 1603 5299 virginis
1650 5227 2061 5299 impedissent.

409 5329 542 5385 Mox
586 5329 787 5397 itaque
831 5323 1189 5395 quibusdam
1237 5321 1307 5374 de
1353 5319 1478 5373 suis
1525 5318 1595 5372 ad
1646 5317 1837 5372 vicum
1875 5320 2061 5389 ipsius

409 5416 633 5484 missis,
668 5413 970 5487 postulant
1001 5427 1227 5483 pacem,
1264 5411 1377 5464 ista
1411 5407 1760 5463 mandantes
1788 5424 1799 5461 :
1832 5407 2062 5466 Gratias

407 5513 520 5562 Deo
553 5505 724 5578 agile,
763 5503 862 5575 qui
914 5518 1014 5557 vos
1064 5499 1432 5556 orationibus
1478 5497 1777 5552 Piamonis
1816 5498 2061 5571 virginis

402 5597 479 5653 ab
511 5594 737 5653 excidio
772 5598 973 5649 vestrae
1009 5587 1407 5665 possessionis
1440 5586 1668 5642 avertit.

2195 1845 2301 1898 scit
2332 1848 2387 1898 et
2418 1844 2528 1898 cibi
2563 1847 2758 1898 sumat
2786 1847 2842 1897 et
2874 1847 3128 1914 potus,et
3159 1844 3323 1912 juxta
3356 1840 3802 1896 manducantium

2195 1938 2250 1986 et
2266 1932 2586 1986 bibentium
2610 1931 2759 1986 vires
2780 1931 3021 2001 paribus
3040 1946 3271 2001 quoque
3291 1929 3562 2002 operibus
3579 1944 3670 1983 eos
3688 1929 3806 1981 sub-

2189 2019 2513 2091 jugahis,et
2545 2036 2727 2089 neque
2756 2036 3106 2091 quemquam
3134 2021 3431 2089 jejunare,
3459 2034 3639 2088 neque
3668 2032 3809 2071 man-

2196 2111 2410 2164 ducare
2428 2108 2764 2180 prohibebis
2783 2126 2795 2162 :
2814 2109 2895 2162 ita
2914 2114 3205 2175 tamen,ut
3226 2107 3560 2163 fortioribus
3578 2111 3627 2162 et
3648 2106 3812 2176 magis

2194 2198 2502 2253 edentibus
2523 2214 2641 2251 sem
2654 2214 2753 2267 per
2766 2197 3163 2268 opusgravius
3180 2197 3469 2268 injungas
3485 2216 3498 2265 ;
3516 2195 3719 2251 inﬁrmi
3734 2212 3815 2249 au-

2192 2294 2308 2343 tem
2326 2294 2520 2343 etvere
2536 2288 2805 2342 monachi
2827 2288 2898 2341 ad
2918 2288 3169 2358 operand
3182 2305 3277 2342 um
3300 2288 3409 2343 levi
3422 2305 3489 2342 us
3504 2290 3813 2358 urgeantur.

2192 2379 2458 2434 Diversas
2474 2383 2668 2432 autem
2684 2377 2835 2432 intra
2852 2378 3068 2432 atrium
3090 2378 3303 2432 domus
3320 2377 3560 2432 cellulas
3584 2375 3815 2440 facies,et

2191 2474 2391 2525 ternos
2413 2484 2510 2537 per
2527 2467 2794 2537 singulas
2816 2483 3051 2521 manere
3074 2466 3397 2538 praecipies.
3424 2466 3488 2521 1n
3512 2481 3624 2519 uno
3644 2469 3813 2517 tamen

2190 2556 2314 2613 loco
2346 2558 2514 2611 cibus
2541 2556 2804 2611 omnium
2831 2556 2949 2609 fiat.
2978 2559 3261 2610 Somnum
3294 2572 3434 2610 vero
3466 2554 3693 2625 capiant
3720 2568 3816 2605 non

2188 2649 2463 2718 iacentes,
2484 2646 2580 2701 sed
2613 2661 2791 2715 super
2823 2638 3140 2699 instructas
3164 2649 3219 2699 et
3249 2643 3563 2715 paululum
3596 2642 3815 2697 reclines

2188 2736 2517 2801 cathedras,
2540 2735 2826 2788 etvelatas
2851 2733 3041 2803 palliis
3066 2733 3188 2787 suis
3219 2733 3503 2787 sedentes
3522 2730 3819 2802 quiescant.

2188 2824 2439 2879 Utantur
2457 2828 2647 2877 autem
2672 2821 2940 2876 noctibus
2958 2820 3129 2875 lineis
3148 2821 3419 2875 vestibus
3438 2821 3606 2892 (quas
3638 2818 3818 2873 levito-

2189 2931 2294 2969 nas
2324 2912 2552 2981 vocant)
2576 2909 3069 2981 cincti,etsinguli
3100 2910 3325 2980 quique
3358 2926 3564 2964 eorum
3597 2906 3824 2980 pellibus

2186 3003 2443 3074 caprinis
2477 3002 2619 3055 bene
2653 3001 2932 3055 confectis
2976 3004 3273 3069 tegantur.
3321 2999 3480 3061 Quas
3513 2997 3707 3070 pelles,
3738 3010 3825 3048 nec

2103 3105 2147 3172 ρ
2190 3096 2331 3147 tunc
2352 3107 2583 3163 quoque
2615 3108 2749 3145 cum
2782 3090 3075 3145 voluerint
3105 3089 3302 3144 cibum
3341 3105 3551 3160 capere
3581 3087 3826 3143 velsom-

2189 3199 2348 3238 num.
2388 3182 2704 3252 deponant.
2740 3180 2982 3244 Quando
3031 3183 3225 3233 autem
3261 3180 3335 3233 ad
3373 3177 3827 3234 communionem

2177 3272 2419 3326 Sabbati
2440 3269 2524 3326 vel
2548 3270 2830 3325 Dominici
2852 3270 2963 3324 diei
2981 3269 3425 3340 ingrediuntur,
3443 3266 3829 3339 unusquisque

2179 3378 2353 3416 suum
2384 3360 2681 3429 cingulum
2716 3360 2919 3426 solvat,
2954 3358 3283 3430 pellcmque
3317 3360 3604 3430 deponat,
3624 3363 3679 3413 et
3708 3371 3823 3409 cum

2178 3450 2405 3505 cucullo
2419 3454 2644 3505 tantum
2659 3448 3318 3519 ingrediatur.CucuIlos
3335 3466 3408 3507 au
3421 3456 3537 3505 tem
3554 3448 3705 3521 ipsos
3717 3447 3827 3501 sine

2178 3540 2311 3595 villo
2333 3540 2603 3611 parvulos
2624 3538 2841 3605 ﬁeri,ut
2859 3538 3181 3593 infantibus
3200 3539 3537 3607 ordinavit;
3556 3539 3612 3592 in
3629 3537 3826 3607 quibus

2178 3638 2229 3685 el
2262 3630 2523 3698 quaedam
2559 3629 2728 3699 signa
2760 3630 2829 3683 de
2859 3646 3120 3699 purpura
3142 3630 3510 3685 fecitintexi.
3542 3628 3725 3682 Jussit
3749 3624 3818 3676 vi-

2177 3719 2318 3791 ginti
2336 3725 2587 3791 quatuor
2604 3736 2733 3774 esse
2748 3720 2984 3774 ordines
3002 3720 3271 3788 fratrum,
3293 3718 3823 3791 juxtavigintiqua-

2178 3815 2313 3864 tuor
2345 3824 2651 3863 numerum
2682 3807 3046 3875 litterarum;
3077 3813 3133 3863 et
3165 3810 3496 3876 unicuique
3528 3806 3711 3863 ordini
3740 3820 3827 3857 su»

2179 3897 2481 3970 perposuit
2509 3897 2759 3952 litteram
2788 3900 3046 3951 Graecam
3075 3897 3146 3951 ab
3176 3896 3464 3968 Alpha,et
3494 3893 3828 3966 Beta,Gam-

2182 4006 2296 4053 ma,
2332 3988 2515 4056 Delta,
2549 3993 2604 4042 et
2636 3988 2864 4042 caeteris
2896 4003 3087 4058 usque
3117 3991 3361 4059 Omega.

2254 4083 2397 4132 Dum
2433 4077 2609 4148 igitur
2656 4077 3044 4147 interrogaret
3088 4082 3335 4133 sanctus
3379 4076 3756 4141 Pachomius,
3785 4076 3833 4127 et

2179 4171 2239 4224 in
2276 4175 2434 4224 tanta
2468 4168 2848 4222 multitudine
2893 4166 3265 4237 singulorum
3300 4169 3643 4240 requireret
3670 4165 3831 4219 vitam

2179 4262 2407 4317 dicebat
2440 4260 2695 4314 secundo
2728 4258 2808 4313 illi
2855 4258 2955 4326 qui
3002 4262 3126 4314 erat
3170 4258 3228 4312 in
3276 4275 3390 4315 suo
3424 4260 3637 4314 ordine
3667 4255 3832 4328 prior,

2181 4350 2680 4421 quemadmodum
2717 4365 2777 4403 se
2823 4348 2999 4403 habet
3029 4347 3242 4420 Alpba,
3284 4348 3375 4403 vel
3409 4349 3712 4420 quomodo
3742 4345 3835 4399 ha-

2180 4442 2275 4495 bet
2326 4439 2501 4494 Beta?
2548 4443 2613 4493 Et
2659 4440 2907 4493 iterum:
2954 4438 3153 4493 Saluta
3212 4438 3400 4494 Zetha
3464 4438 3549 4494 vel
3617 4436 3833 4507 Lapda:

2180 4544 2666 4599 unumquemque
2698 4532 2887 4582 autem
2924 4544 2991 4581 ex
3024 4526 3257 4598 proprio
3291 4528 3472 4599 signo
3507 4533 3568 4583 et
3601 4526 3837 4582 vocabu-

2178 4617 2232 4672 lo
2278 4616 2482 4671 litterae
2530 4616 2886 4687 requirebat.
2945 4618 3012 4671 Et
3070 4615 3551 4687 simplicioribus
3614 4614 3837 4687 quidem

2178 4706 2569 4779 perfectisque
2604 4706 2929 4774 monachis,
2974 4705 3168 4777 inquit
3214 4706 3495 4778 angelus,
3531 4707 3665 4762 lotae
3697 4704 3844 4759 litte-

2179 4813 2252 4850 ree
2286 4813 2521 4861 nomen,
2570 4796 2909 4850 durioribus
2952 4801 3146 4849 autem
3195 4812 3261 4850 ac
3292 4795 3750 4851 difficilioribus
3780 4789 3840 4844 Xi

2175 4885 2380 4940 littera:
2430 4901 2641 4940 nomen
2688 4884 2980 4955 impones.
3029 4885 3229 4955 Itaque
3280 4884 3619 4957 unicuique
3665 4879 3845 4939 ordini

2176 4973 2322 5030 tales
2352 4973 2771 5028 vocabulorum
2824 4972 3130 5042 imprimes
3178 4977 3367 5039 notas,
3419 4979 3489 5028 ut
3524 4989 3723 5028 mores
3755 4980 3847 5040 per

2175 5082 2272 5119 eas
2304 5064 2713 5133 significentur
2744 5062 3098 5117 animorum.
3144 5062 3259 5117 Soli
3304 5066 3516 5118 tamen
3555 5059 3848 5135 spiritales

2175 5158 2458 5209 noverant
2499 5153 2628 5217 viri,
2675 5150 2909 5223 qualem
2960 5151 3268 5223 supposita
3315 5150 3630 5209 elementa
3673 5152 3843 5205 vitam

2178 5242 2269 5297 sui
2302 5240 2524 5295 ordinis
2556 5241 2818 5294 indicare
2849 5240 3175 5294 videantur.

2242 5330 2539 5399 Scriptum
2562 5332 2754 5381 autem
2777 5327 2883 5381 hoc
2911 5328 2966 5381 in
2990 5328 3209 5382 tabulis
3230 5328 3373 5399 ipsis
3395 5333 3572 5384 erat:
3598 5329 3660 5385 Si
3698 5326 3849 5398 quis,

2175 5417 2466 5487 inquit,de
2480 5415 2591 5470 alio
2610 5416 2963 5469 monasterio
2981 5415 3854 5486 peregrinusadvenerit,aliam

2172 5504 2435 5577 regulam
2470 5520 2743 5575 sequens,
2778 5520 2882 5558 nec
2911 5505 3226 5560 manducet
3253 5521 3387 5560 cum
3424 5506 3556 5563 illis
3580 5508 3718 5573 iste,
3754 5520 3855 5560 nec

2174 5600 2357 5669 potet,
2390 5611 2578 5669 neque
2620 5595 2677 5651 in
2730 5595 3096 5651 mansionem
3146 5612 3347 5651 eorum
3393 5595 3857 5663 introducatur,
