  <div class='ocr_page' id='page_1' title='image "/cluster/home/n/w/nwhite01/storage/ocr_20150623/74/hvd.32044054758792/154.png"; bbox 0 0 4002 6166; ppageno 0'>
   <div class='ocr_carea' id='block_1_1' title="bbox 212 325 299 384">
    <p class='ocr_par' dir='ltr' id='par_1_1' title="bbox 212 325 299 384">
     <span class='ocr_line' id='line_1_1' title="bbox 212 325 299 384; baseline 0 0"><span class='ocrx_word' id='word_1_1' title='bbox 212 325 299 384; x_wconf 82' lang='lat'>297</span> 
     </span>
    </p>
   </div>
   <div class='ocr_carea' id='block_1_2' title="bbox 1422 321 2325 382">
    <p class='ocr_par' dir='ltr' id='par_1_2' title="bbox 1422 321 2325 382">
     <span class='ocr_line' id='line_1_2' title="bbox 1422 321 2325 382; baseline 0.006 -8"><span class='ocrx_word' id='word_1_2' title='bbox 1422 321 1862 376; x_wconf 79' lang='lat' dir='ltr'>HERACLIDIS</span> <span class='ocrx_word' id='word_1_3' title='bbox 1900 323 2325 382; x_wconf 79' lang='lat' dir='ltr'>PARADISUS.</span> 
     </span>
    </p>
   </div>
   <div class='ocr_carea' id='block_1_3' title="bbox 3473 327 3581 383">
    <p class='ocr_par' dir='ltr' id='par_1_3' title="bbox 3473 327 3581 383">
     <span class='ocr_line' id='line_1_3' title="bbox 3473 327 3581 383; baseline -0.009 0"><span class='ocrx_word' id='word_1_4' title='bbox 3473 327 3581 383; x_wconf 88' lang='lat'><strong>298</strong></span> 
     </span>
    </p>
   </div>
   <div class='ocr_carea' id='block_1_4' title="bbox 208 443 3577 525">
    <p class='ocr_par' dir='ltr' id='par_1_4' title="bbox 208 443 3577 525">
     <span class='ocr_line' id='line_1_4' title="bbox 208 443 3577 525; baseline 0.001 -17"><span class='ocrx_word' id='word_1_5' title='bbox 208 452 302 509; x_wconf 86' lang='lat' dir='ltr'>nisi</span> <span class='ocrx_word' id='word_1_6' title='bbox 331 450 463 505; x_wconf 90' lang='lat' dir='ltr'>forte</span> <span class='ocrx_word' id='word_1_7' title='bbox 490 446 544 500; x_wconf 91' lang='lat' dir='ltr'>in</span> <span class='ocrx_word' id='word_1_8' title='bbox 578 444 784 499; x_wconf 81' lang='lat' dir='ltr'>itinere</span> <span class='ocrx_word' id='word_1_9' title='bbox 810 444 1030 500; x_wconf 83' lang='lat' dir='ltr'>eisdem</span> <span class='ocrx_word' id='word_1_10' title='bbox 1085 443 1258 499; x_wconf 87' lang='lat' dir='ltr'>fuerit</span> <span class='ocrx_word' id='word_1_11' title='bbox 1307 444 1642 516; x_wconf 78' lang='lat' dir='ltr'>adjunctus.</span> <span class='ocrx_word' id='word_1_12' title='bbox 1676 447 1820 512; x_wconf 86' lang='lat' dir='ltr'>Qui-</span> <span class='ocrx_word' id='word_1_13' title='bbox 1850 450 1901 515; x_wconf 80' lang='grc' dir='ltr'>Α</span> <span class='ocrx_word' id='word_1_14' title='bbox 1936 450 2374 525; x_wconf 65' lang='lat' dir='ltr'>praebentes,[et</span> <span class='ocrx_word' id='word_1_15' title='bbox 2397 454 2496 525; x_wconf 85' lang='lat' dir='ltr'>qui</span> <span class='ocrx_word' id='word_1_16' title='bbox 2520 468 2656 508; x_wconf 88' lang='lat' dir='ltr'>sues</span> <span class='ocrx_word' id='word_1_17' title='bbox 2679 452 2855 507; x_wconf 87' lang='lat' dir='ltr'>etiam</span> <span class='ocrx_word' id='word_1_18' title='bbox 2888 454 3222 525; x_wconf 88' lang='lat' dir='ltr'>pascebant.</span> <span class='ocrx_word' id='word_1_19' title='bbox 3248 456 3410 520; x_wconf 84' lang='lat' dir='ltr'>Quod</span> <span class='ocrx_word' id='word_1_20' title='bbox 3443 472 3577 512; x_wconf 90' lang='lat' dir='ltr'>cum</span> 
     </span>
    </p>
   </div>
   <div class='ocr_carea' id='block_1_5' title="bbox 208 533 1823 611">
    <p class='ocr_par' dir='ltr' id='par_1_5' title="bbox 208 533 1823 611">
     <span class='ocr_line' id='line_1_5' title="bbox 208 533 1823 611; baseline -0.005 -13"><span class='ocrx_word' id='word_1_21' title='bbox 208 555 408 611; x_wconf 84' lang='lat' dir='ltr'>cunque</span> <span class='ocrx_word' id='word_1_22' title='bbox 434 538 559 591; x_wconf 88' lang='lat' dir='ltr'>vero</span> <span class='ocrx_word' id='word_1_23' title='bbox 591 535 809 589; x_wconf 89' lang='lat' dir='ltr'>idcirco</span> <span class='ocrx_word' id='word_1_24' title='bbox 832 534 902 589; x_wconf 88' lang='lat' dir='ltr'>ad</span> <span class='ocrx_word' id='word_1_25' title='bbox 939 550 1037 589; x_wconf 92' lang='lat' dir='ltr'>eos</span> <span class='ocrx_word' id='word_1_26' title='bbox 1059 534 1231 589; x_wconf 85' lang='lat' dir='ltr'>fuerit</span> <span class='ocrx_word' id='word_1_27' title='bbox 1252 533 1581 605; x_wconf 89' lang='lat' dir='ltr'>ingressus,</span> <span class='ocrx_word' id='word_1_28' title='bbox 1607 538 1670 590; x_wconf 90' lang='lat' dir='ltr'>ut</span> <span class='ocrx_word' id='word_1_29' title='bbox 1691 552 1823 591; x_wconf 92' lang='lat' dir='ltr'>cum</span> 
     </span>
    </p>
   </div>
   <div class='ocr_carea' id='block_1_6' title="bbox 208 622 1824 704">
    <p class='ocr_par' dir='ltr' id='par_1_6' title="bbox 208 622 1824 704">
     <span class='ocr_line' id='line_1_6' title="bbox 208 622 1824 704; baseline -0.002 -19"><span class='ocrx_word' id='word_1_30' title='bbox 208 632 328 704; x_wconf 82' lang='lat' dir='ltr'>ipsis</span> <span class='ocrx_word' id='word_1_31' title='bbox 354 629 701 699; x_wconf 79' lang='lat' dir='ltr'>permaneat,</span> <span class='ocrx_word' id='word_1_32' title='bbox 729 640 843 679; x_wconf 90' lang='lat' dir='ltr'>non</span> <span class='ocrx_word' id='word_1_33' title='bbox 870 622 1037 677; x_wconf 90' lang='lat' dir='ltr'>illum</span> <span class='ocrx_word' id='word_1_34' title='bbox 1066 623 1177 678; x_wconf 87' lang='lat' dir='ltr'>nisi</span> <span class='ocrx_word' id='word_1_35' title='bbox 1198 623 1436 679; x_wconf 83' lang='lat' dir='ltr'>triennii</span> <span class='ocrx_word' id='word_1_36' title='bbox 1457 628 1693 696; x_wconf 83' lang='lat' dir='ltr'>tempus</span> <span class='ocrx_word' id='word_1_37' title='bbox 1722 626 1824 680; x_wconf 87' lang='lat' dir='ltr'>im-</span> 
     </span>
    </p>
   </div>
   <div class='ocr_carea' id='block_1_7' title="bbox 214 713 1821 795">
    <p class='ocr_par' dir='ltr' id='par_1_7' title="bbox 214 713 1821 795">
     <span class='ocr_line' id='line_1_7' title="bbox 214 713 1821 795; baseline -0.002 -20"><span class='ocrx_word' id='word_1_38' title='bbox 214 718 440 795; x_wconf 78' lang='lat' dir='ltr'>pleverit,</span> <span class='ocrx_word' id='word_1_39' title='bbox 465 717 520 770; x_wconf 88' lang='lat' dir='ltr'>in</span> <span class='ocrx_word' id='word_1_40' title='bbox 552 715 679 769; x_wconf 90' lang='lat' dir='ltr'>loca</span> <span class='ocrx_word' id='word_1_41' title='bbox 706 713 1048 768; x_wconf 79' lang='lat' dir='ltr'>monasterii</span> <span class='ocrx_word' id='word_1_42' title='bbox 1082 714 1395 769; x_wconf 80' lang='lat' dir='ltr'>secretiora</span> <span class='ocrx_word' id='word_1_43' title='bbox 1426 714 1690 785; x_wconf 86' lang='lat' dir='ltr'>recipies.</span> <span class='ocrx_word' id='word_1_44' title='bbox 1713 717 1821 770; x_wconf 91' lang='lat' dir='ltr'>Sed</span> 
     </span>
    </p>
   </div>
   <div class='ocr_carea' id='block_1_8' title="bbox 203 802 1825 879">
    <p class='ocr_par' dir='ltr' id='par_1_8' title="bbox 203 802 1825 879">
     <span class='ocr_line' id='line_1_8' title="bbox 203 802 1825 879; baseline -0.002 -16"><span class='ocrx_word' id='word_1_45' title='bbox 203 827 311 866; x_wconf 88' lang='lat' dir='ltr'>cum</span> <span class='ocrx_word' id='word_1_46' title='bbox 343 806 495 879; x_wconf 89' lang='lat' dir='ltr'>prius</span> <span class='ocrx_word' id='word_1_47' title='bbox 519 802 938 876; x_wconf 89' lang='lat' dir='ltr'>pertriennium</span> <span class='ocrx_word' id='word_1_48' title='bbox 959 806 1147 857; x_wconf 91' lang='lat' dir='ltr'>totum</span> <span class='ocrx_word' id='word_1_49' title='bbox 1174 803 1524 858; x_wconf 89' lang='lat' dir='ltr'>laboriosius</span> <span class='ocrx_word' id='word_1_50' title='bbox 1548 820 1697 875; x_wconf 93' lang='lat' dir='ltr'>opus</span> <span class='ocrx_word' id='word_1_51' title='bbox 1720 806 1825 860; x_wconf 90' lang='lat' dir='ltr'>du-</span> 
     </span>
    </p>
   </div>
   <div class='ocr_carea' id='block_1_9' title="bbox 204 893 1822 969">
    <p class='ocr_par' dir='ltr' id='par_1_9' title="bbox 204 893 1822 969">
     <span class='ocr_line' id='line_1_9' title="bbox 204 893 1822 969; baseline -0.002 -15"><span class='ocrx_word' id='word_1_52' title='bbox 204 902 411 969; x_wconf 87' lang='lat' dir='ltr'>riusque</span> <span class='ocrx_word' id='word_1_53' title='bbox 442 895 765 967; x_wconf 78' lang='lat' dir='ltr'>perfecerit,</span> <span class='ocrx_word' id='word_1_54' title='bbox 798 898 937 948; x_wconf 90' lang='lat' dir='ltr'>tunc</span> <span class='ocrx_word' id='word_1_55' title='bbox 971 898 1267 965; x_wconf 89' lang='lat' dir='ltr'>receptum</span> <span class='ocrx_word' id='word_1_56' title='bbox 1305 893 1659 951; x_wconf 84' lang='lat' dir='ltr'>intrinsecus</span> <span class='ocrx_word' id='word_1_57' title='bbox 1690 912 1822 951; x_wconf 90' lang='lat' dir='ltr'>eum</span> 
     </span>
    </p>
   </div>
   <div class='ocr_carea' id='block_1_10' title="bbox 196 985 803 1061">
    <p class='ocr_par' dir='ltr' id='par_1_10' title="bbox 196 985 803 1061">
     <span class='ocr_line' id='line_1_10' title="bbox 196 985 803 1061; baseline -0.012 -17"><span class='ocrx_word' id='word_1_58' title='bbox 196 993 298 1061; x_wconf 89' lang='lat' dir='ltr'>jam</span> <span class='ocrx_word' id='word_1_59' title='bbox 326 1003 445 1043; x_wconf 87' lang='lat' dir='ltr'>esse</span> <span class='ocrx_word' id='word_1_60' title='bbox 479 985 803 1057; x_wconf 86' lang='lat' dir='ltr'>permittes.</span> 
     </span>
    </p>
   </div>
   <div class='ocr_carea' id='block_1_11' title="bbox 260 1072 1821 1145">
    <p class='ocr_par' dir='ltr' id='par_1_11' title="bbox 260 1072 1821 1145">
     <span class='ocr_line' id='line_1_11' title="bbox 260 1072 1821 1145; baseline -0.002 -13"><span class='ocrx_word' id='word_1_61' title='bbox 260 1078 486 1132; x_wconf 82' lang='lat' dir='ltr'>Edentcs</span> <span class='ocrx_word' id='word_1_62' title='bbox 512 1072 761 1129; x_wconf 87' lang='lat' dir='ltr'>cucullis</span> <span class='ocrx_word' id='word_1_63' title='bbox 784 1072 977 1145; x_wconf 82' lang='lat' dir='ltr'>capita</span> <span class='ocrx_word' id='word_1_64' title='bbox 999 1088 1106 1127; x_wconf 88' lang='lat' dir='ltr'>sua</span> <span class='ocrx_word' id='word_1_65' title='bbox 1130 1072 1339 1139; x_wconf 89' lang='lat' dir='ltr'>velent,</span> <span class='ocrx_word' id='word_1_66' title='bbox 1367 1089 1438 1127; x_wconf 90' lang='lat' dir='ltr'>ne</span> <span class='ocrx_word' id='word_1_67' title='bbox 1466 1073 1612 1129; x_wconf 85' lang='lat' dir='ltr'>alter</span> <span class='ocrx_word' id='word_1_68' title='bbox 1661 1092 1821 1130; x_wconf 86' lang='lat' dir='ltr'>man-</span> 
     </span>
    </p>
   </div>
   <div class='ocr_carea' id='block_1_12' title="bbox 201 1161 1823 1234">
    <p class='ocr_par' dir='ltr' id='par_1_12' title="bbox 201 1161 1823 1234">
     <span class='ocr_line' id='line_1_12' title="bbox 201 1161 1823 1234; baseline -0.003 -11"><span class='ocrx_word' id='word_1_69' title='bbox 201 1170 481 1223; x_wconf 89' lang='lat' dir='ltr'>ducantem</span> <span class='ocrx_word' id='word_1_70' title='bbox 516 1163 763 1217; x_wconf 88' lang='lat' dir='ltr'>alterum</span> <span class='ocrx_word' id='word_1_71' title='bbox 798 1162 1034 1217; x_wconf 80' lang='lat' dir='ltr'>fratrem</span> <span class='ocrx_word' id='word_1_72' title='bbox 1071 1161 1337 1234; x_wconf 87' lang='lat' dir='ltr'>aspiciat.</span> <span class='ocrx_word' id='word_1_73' title='bbox 1370 1163 1483 1216; x_wconf 87' lang='lat' dir='ltr'>Nec</span> <span class='ocrx_word' id='word_1_74' title='bbox 1514 1163 1669 1234; x_wconf 90' lang='lat' dir='ltr'>loqui</span> <span class='ocrx_word' id='word_1_75' title='bbox 1707 1164 1823 1219; x_wconf 82' lang='lat' dir='ltr'>cui-</span> 
     </span>
    </p>
   </div>
   <div class='ocr_carea' id='block_1_13' title="bbox 199 1252 1816 1328">
    <p class='ocr_par' dir='ltr' id='par_1_13' title="bbox 199 1252 1816 1328">
     <span class='ocr_line' id='line_1_13' title="bbox 199 1252 1816 1328; baseline -0.002 -18"><span class='ocrx_word' id='word_1_76' title='bbox 199 1272 344 1328; x_wconf 84' lang='lat' dir='ltr'>quam</span> <span class='ocrx_word' id='word_1_77' title='bbox 364 1255 500 1309; x_wconf 91' lang='lat' dir='ltr'>dum</span> <span class='ocrx_word' id='word_1_78' title='bbox 521 1252 845 1318; x_wconf 88' lang='lat' dir='ltr'>editliceat,</span> <span class='ocrx_word' id='word_1_79' title='bbox 862 1269 967 1307; x_wconf 90' lang='lat' dir='ltr'>nec</span> <span class='ocrx_word' id='word_1_80' title='bbox 990 1252 1251 1322; x_wconf 86' lang='lat' dir='ltr'>aspicere</span> <span class='ocrx_word' id='word_1_81' title='bbox 1272 1252 1343 1307; x_wconf 90' lang='lat' dir='ltr'>ad</span> <span class='ocrx_word' id='word_1_82' title='bbox 1370 1252 1547 1308; x_wconf 88' lang='lat' dir='ltr'>ullam</span> <span class='ocrx_word' id='word_1_83' title='bbox 1575 1253 1816 1308; x_wconf 88' lang='lat' dir='ltr'>alteram</span> 
     </span>
    </p>
   </div>
   <div class='ocr_carea' id='block_1_14' title="bbox 198 1341 1814 1419">
    <p class='ocr_par' dir='ltr' id='par_1_14' title="bbox 198 1341 1814 1419">
     <span class='ocr_line' id='line_1_14' title="bbox 198 1341 1814 1419; baseline -0.002 -19"><span class='ocrx_word' id='word_1_84' title='bbox 198 1350 414 1419; x_wconf 87' lang='lat' dir='ltr'>partem,</span> <span class='ocrx_word' id='word_1_85' title='bbox 437 1342 543 1398; x_wconf 85' lang='lat' dir='ltr'>nisi</span> <span class='ocrx_word' id='word_1_86' title='bbox 578 1342 648 1398; x_wconf 90' lang='lat' dir='ltr'>ad</span> <span class='ocrx_word' id='word_1_87' title='bbox 682 1341 876 1397; x_wconf 88' lang='lat' dir='ltr'>solum</span> <span class='ocrx_word' id='word_1_88' title='bbox 907 1342 1190 1408; x_wconf 89' lang='lat' dir='ltr'>catinum,</span> <span class='ocrx_word' id='word_1_89' title='bbox 1216 1352 1269 1398; x_wconf 89' lang='lat' dir='ltr'>et</span> <span class='ocrx_word' id='word_1_90' title='bbox 1291 1343 1360 1396; x_wconf 88' lang='lat' dir='ltr'>ad</span> <span class='ocrx_word' id='word_1_91' title='bbox 1386 1341 1572 1397; x_wconf 89' lang='lat' dir='ltr'>solam</span> <span class='ocrx_word' id='word_1_92' title='bbox 1602 1342 1691 1397; x_wconf 92' lang='lat' dir='ltr'>cui</span> <span class='ocrx_word' id='word_1_93' title='bbox 1721 1360 1814 1397; x_wconf 91' lang='lat' dir='ltr'>su-</span> 
     </span>
    </p>
   </div>
   <div class='ocr_carea' id='block_1_15' title="bbox 195 1432 1817 1507">
    <p class='ocr_par' dir='ltr' id='par_1_15' title="bbox 195 1432 1817 1507">
     <span class='ocr_line' id='line_1_15' title="bbox 195 1432 1817 1507; baseline -0.001 -18"><span class='ocrx_word' id='word_1_94' title='bbox 195 1434 502 1507; x_wconf 87' lang='lat' dir='ltr'>perponitur</span> <span class='ocrx_word' id='word_1_95' title='bbox 535 1447 824 1487; x_wconf 87' lang='lat' dir='ltr'>mensam.</span> <span class='ocrx_word' id='word_1_96' title='bbox 851 1432 968 1486; x_wconf 87' lang='lat' dir='ltr'>Hoc</span> <span class='ocrx_word' id='word_1_97' title='bbox 1000 1432 1176 1487; x_wconf 90' lang='lat' dir='ltr'>etiam</span> <span class='ocrx_word' id='word_1_98' title='bbox 1208 1432 1500 1488; x_wconf 84' lang='lat' dir='ltr'>ordinavit</span> <span class='ocrx_word' id='word_1_99' title='bbox 1530 1437 1586 1487; x_wconf 91' lang='lat' dir='ltr'>et</span> <span class='ocrx_word' id='word_1_100' title='bbox 1608 1432 1817 1503; x_wconf 89' lang='lat' dir='ltr'>jussit,</span> 
     </span>
    </p>
   </div>
   <div class='ocr_carea' id='block_1_16' title="bbox 196 1519 1817 1591">
    <p class='ocr_par' dir='ltr' id='par_1_16' title="bbox 196 1519 1817 1591">
     <span class='ocr_line' id='line_1_16' title="bbox 196 1519 1817 1591; baseline -0.002 -12"><span class='ocrx_word' id='word_1_101' title='bbox 196 1531 244 1579; x_wconf 89' lang='lat' dir='ltr'>ut</span> <span class='ocrx_word' id='word_1_102' title='bbox 265 1522 544 1579; x_wconf 83' lang='lat' dir='ltr'>orationes</span> <span class='ocrx_word' id='word_1_103' title='bbox 579 1519 890 1576; x_wconf 88' lang='lat' dir='ltr'>duodecim</span> <span class='ocrx_word' id='word_1_104' title='bbox 926 1537 1171 1576; x_wconf 90' lang='lat' dir='ltr'>numero</span> <span class='ocrx_word' id='word_1_105' title='bbox 1204 1538 1305 1591; x_wconf 89' lang='lat' dir='ltr'>per</span> <span class='ocrx_word' id='word_1_106' title='bbox 1335 1526 1522 1577; x_wconf 89' lang='lat' dir='ltr'>totum</span> <span class='ocrx_word' id='word_1_107' title='bbox 1555 1521 1708 1577; x_wconf 90' lang='lat' dir='ltr'>diem</span> <span class='ocrx_word' id='word_1_108' title='bbox 1736 1522 1817 1576; x_wconf 85' lang='lat' dir='ltr'>fa-</span> 
     </span>
    </p>
   </div>
   <div class='ocr_carea' id='block_1_17' title="bbox 196 1610 1818 1681">
    <p class='ocr_par' dir='ltr' id='par_1_17' title="bbox 196 1610 1818 1681">
     <span class='ocr_line' id='line_1_17' title="bbox 196 1610 1818 1681; baseline -0.001 -13"><span class='ocrx_word' id='word_1_109' title='bbox 196 1618 380 1681; x_wconf 88' lang='lat' dir='ltr'>cerent,</span> <span class='ocrx_word' id='word_1_110' title='bbox 411 1617 465 1667; x_wconf 91' lang='lat' dir='ltr'>et</span> <span class='ocrx_word' id='word_1_111' title='bbox 518 1628 727 1666; x_wconf 90' lang='lat' dir='ltr'>rursus</span> <span class='ocrx_word' id='word_1_112' title='bbox 786 1611 1094 1667; x_wconf 89' lang='lat' dir='ltr'>duodecim</span> <span class='ocrx_word' id='word_1_113' title='bbox 1155 1610 1319 1677; x_wconf 85' lang='lat' dir='ltr'>alias,</span> <span class='ocrx_word' id='word_1_114' title='bbox 1356 1612 1588 1681; x_wconf 90' lang='lat' dir='ltr'>quando</span> <span class='ocrx_word' id='word_1_115' title='bbox 1621 1612 1689 1666; x_wconf 90' lang='lat' dir='ltr'>ad</span> <span class='ocrx_word' id='word_1_116' title='bbox 1724 1628 1818 1666; x_wconf 85' lang='lat' dir='ltr'>ve-</span> 
     </span>
    </p>
   </div>
   <div class='ocr_carea' id='block_1_18' title="bbox 192 1701 1819 1773">
    <p class='ocr_par' dir='ltr' id='par_1_18' title="bbox 192 1701 1819 1773">
     <span class='ocr_line' id='line_1_18' title="bbox 192 1701 1819 1773; baseline -0.001 -15"><span class='ocrx_word' id='word_1_117' title='bbox 192 1704 483 1773; x_wconf 86' lang='lat' dir='ltr'>spertinum</span> <span class='ocrx_word' id='word_1_118' title='bbox 512 1701 712 1756; x_wconf 90' lang='lat' dir='ltr'>lumen</span> <span class='ocrx_word' id='word_1_119' title='bbox 737 1701 1034 1756; x_wconf 88' lang='lat' dir='ltr'>venirent:</span> <span class='ocrx_word' id='word_1_120' title='bbox 1063 1702 1118 1754; x_wconf 94' lang='lat' dir='ltr'>in</span> <span class='ocrx_word' id='word_1_121' title='bbox 1150 1701 1454 1757; x_wconf 85' lang='lat' dir='ltr'>nocturnis</span> <span class='ocrx_word' id='word_1_122' title='bbox 1483 1718 1716 1773; x_wconf 90' lang='lat' dir='ltr'>quoque</span> <span class='ocrx_word' id='word_1_123' title='bbox 1738 1702 1819 1756; x_wconf 92' lang='lat' dir='ltr'>vi-</span> 
     </span>
    </p>
   </div>
   <div class='ocr_carea' id='block_1_19' title="bbox 192 1790 1893 1886">
    <p class='ocr_par' dir='ltr' id='par_1_19' title="bbox 192 1790 1893 1886">
     <span class='ocr_line' id='line_1_19' title="bbox 192 1790 1893 1886; baseline -0.001 -40"><span class='ocrx_word' id='word_1_124' title='bbox 192 1793 323 1865; x_wconf 86' lang='lat' dir='ltr'>giliis</span> <span class='ocrx_word' id='word_1_125' title='bbox 345 1792 592 1847; x_wconf 86' lang='lat' dir='ltr'>totidem</span> <span class='ocrx_word' id='word_1_126' title='bbox 625 1807 825 1863; x_wconf 88' lang='lat' dir='ltr'>preces</span> <span class='ocrx_word' id='word_1_127' title='bbox 858 1790 1257 1857; x_wconf 77' lang='lat' dir='ltr'>eﬁ‘underent;</span> <span class='ocrx_word' id='word_1_128' title='bbox 1284 1795 1400 1845; x_wconf 91' lang='lat' dir='ltr'>tres</span> <span class='ocrx_word' id='word_1_129' title='bbox 1432 1797 1629 1845; x_wconf 89' lang='lat' dir='ltr'>autem</span> <span class='ocrx_word' id='word_1_130' title='bbox 1661 1790 1815 1846; x_wconf 90' lang='lat' dir='ltr'>solas</span> <span class='ocrx_word' id='word_1_131' title='bbox 1848 1823 1893 1886; x_wconf 81' lang='grc' dir='ltr'><strong>Β</strong></span> 
     </span>
    </p>
   </div>
   <div class='ocr_carea' id='block_1_20' title="bbox 192 1880 1813 1942">
    <p class='ocr_par' dir='ltr' id='par_1_20' title="bbox 192 1880 1813 1942">
     <span class='ocr_line' id='line_1_20' title="bbox 192 1880 1813 1942; baseline -0.002 -5"><span class='ocrx_word' id='word_1_132' title='bbox 192 1883 250 1937; x_wconf 90' lang='lat' dir='ltr'>ad</span> <span class='ocrx_word' id='word_1_133' title='bbox 280 1882 466 1936; x_wconf 90' lang='lat' dir='ltr'>horam</span> <span class='ocrx_word' id='word_1_134' title='bbox 510 1897 726 1935; x_wconf 88' lang='lat' dir='ltr'>nonam</span> <span class='ocrx_word' id='word_1_135' title='bbox 760 1880 895 1935; x_wconf 89' lang='lat' dir='ltr'>diei.</span> <span class='ocrx_word' id='word_1_136' title='bbox 931 1880 1172 1942; x_wconf 89' lang='lat' dir='ltr'>Quando</span> <span class='ocrx_word' id='word_1_137' title='bbox 1203 1896 1336 1935; x_wconf 91' lang='lat' dir='ltr'>vero</span> <span class='ocrx_word' id='word_1_138' title='bbox 1368 1882 1636 1936; x_wconf 86' lang='lat' dir='ltr'>universa</span> <span class='ocrx_word' id='word_1_139' title='bbox 1660 1881 1813 1934; x_wconf 89' lang='lat' dir='ltr'>mul-</span> 
     </span>
    </p>
   </div>
   <div class='ocr_carea' id='block_1_21' title="bbox 193 1970 1817 2042">
    <p class='ocr_par' dir='ltr' id='par_1_21' title="bbox 193 1970 1817 2042">
     <span class='ocr_line' id='line_1_21' title="bbox 193 1970 1817 2042; baseline -0.001 -16"><span class='ocrx_word' id='word_1_140' title='bbox 193 1972 349 2026; x_wconf 81' lang='lat' dir='ltr'>titudo</span> <span class='ocrx_word' id='word_1_141' title='bbox 386 1970 773 2027; x_wconf 78' lang='lat' dir='ltr'>conveniebat</span> <span class='ocrx_word' id='word_1_142' title='bbox 831 1970 900 2025; x_wconf 86' lang='lat' dir='ltr'>ad</span> <span class='ocrx_word' id='word_1_143' title='bbox 954 1972 1460 2037; x_wconf 90' lang='lat' dir='ltr'>manducandum,</span> <span class='ocrx_word' id='word_1_144' title='bbox 1495 1971 1817 2042; x_wconf 90' lang='lat' dir='ltr'>unicuique</span> 
     </span>
    </p>
   </div>
   <div class='ocr_carea' id='block_1_22' title="bbox 192 2060 1813 2133">
    <p class='ocr_par' dir='ltr' id='par_1_22' title="bbox 192 2060 1813 2133">
     <span class='ocr_line' id='line_1_22' title="bbox 192 2060 1813 2133; baseline -0.001 -17"><span class='ocrx_word' id='word_1_145' title='bbox 192 2062 351 2116; x_wconf 86' lang='lat' dir='ltr'>ordini</span> <span class='ocrx_word' id='word_1_146' title='bbox 407 2063 463 2116; x_wconf 92' lang='lat' dir='ltr'>in</span> <span class='ocrx_word' id='word_1_147' title='bbox 532 2060 787 2133; x_wconf 84' lang='lat' dir='ltr'>singulis</span> <span class='ocrx_word' id='word_1_148' title='bbox 842 2061 1209 2115; x_wconf 84' lang='lat' dir='ltr'>orationibus</span> <span class='ocrx_word' id='word_1_149' title='bbox 1262 2060 1470 2116; x_wconf 82' lang='lat' dir='ltr'>statuit</span> <span class='ocrx_word' id='word_1_150' title='bbox 1519 2061 1813 2133; x_wconf 85' lang='lat' dir='ltr'>psalmum</span> 
     </span>
    </p>
   </div>
   <div class='ocr_carea' id='block_1_23' title="bbox 190 2153 490 2223">
    <p class='ocr_par' dir='ltr' id='par_1_23' title="bbox 190 2153 490 2223">
     <span class='ocr_line' id='line_1_23' title="bbox 190 2153 490 2223; baseline 0 -17"><span class='ocrx_word' id='word_1_151' title='bbox 190 2153 490 2223; x_wconf 71' lang='lat' dir='ltr'>praecinere.</span> 
     </span>
    </p>
   </div>
   <div class='ocr_carea' id='block_1_24' title="bbox 244 2238 1816 2309">
    <p class='ocr_par' dir='ltr' id='par_1_24' title="bbox 244 2238 1816 2309">
     <span class='ocr_line' id='line_1_24' title="bbox 244 2238 1816 2309; baseline -0.001 -14"><span class='ocrx_word' id='word_1_152' title='bbox 244 2243 389 2296; x_wconf 90' lang='lat' dir='ltr'>Tunc</span> <span class='ocrx_word' id='word_1_153' title='bbox 405 2244 660 2295; x_wconf 84' lang='lat' dir='ltr'>sanctus</span> <span class='ocrx_word' id='word_1_154' title='bbox 676 2238 1027 2294; x_wconf 88' lang='lat' dir='ltr'>Pacbomius</span> <span class='ocrx_word' id='word_1_155' title='bbox 1043 2238 1211 2309; x_wconf 89' lang='lat' dir='ltr'>quasi</span> <span class='ocrx_word' id='word_1_156' title='bbox 1228 2239 1627 2295; x_wconf 86' lang='lat' dir='ltr'>contradicere</span> <span class='ocrx_word' id='word_1_157' title='bbox 1644 2256 1816 2305; x_wconf 70' lang='lat' dir='ltr'>ange-</span> 
     </span>
    </p>
   </div>
   <div class='ocr_carea' id='block_1_25' title="bbox 187 2327 1817 2396">
    <p class='ocr_par' dir='ltr' id='par_1_25' title="bbox 187 2327 1817 2396">
     <span class='ocr_line' id='line_1_25' title="bbox 187 2327 1817 2396; baseline -0.001 -13"><span class='ocrx_word' id='word_1_158' title='bbox 187 2334 229 2385; x_wconf 88' lang='lat' dir='ltr'>lo</span> <span class='ocrx_word' id='word_1_159' title='bbox 246 2329 568 2396; x_wconf 89' lang='lat' dir='ltr'>voluit,hoc</span> <span class='ocrx_word' id='word_1_160' title='bbox 593 2329 825 2383; x_wconf 87' lang='lat' dir='ltr'>dicens:</span> <span class='ocrx_word' id='word_1_161' title='bbox 848 2332 1048 2383; x_wconf 64' lang='lat' dir='ltr'>Paucas</span> <span class='ocrx_word' id='word_1_162' title='bbox 1074 2332 1212 2382; x_wconf 90' lang='lat' dir='ltr'>sunt</span> <span class='ocrx_word' id='word_1_163' title='bbox 1233 2327 1357 2382; x_wconf 70' lang='lat' dir='ltr'>ista:</span> <span class='ocrx_word' id='word_1_164' title='bbox 1382 2327 1817 2383; x_wconf 89' lang='lat' dir='ltr'>orationes.Cui</span> 
     </span>
    </p>
   </div>
   <div class='ocr_carea' id='block_1_26' title="bbox 186 2417 1816 2491">
    <p class='ocr_par' dir='ltr' id='par_1_26' title="bbox 186 2417 1816 2491">
     <span class='ocr_line' id='line_1_26' title="bbox 186 2417 1816 2491; baseline -0.001 -19"><span class='ocrx_word' id='word_1_165' title='bbox 186 2419 460 2491; x_wconf 85' lang='lat' dir='ltr'>respondit</span> <span class='ocrx_word' id='word_1_166' title='bbox 492 2419 609 2473; x_wconf 82' lang='lat' dir='ltr'>hoc</span> <span class='ocrx_word' id='word_1_167' title='bbox 642 2417 885 2490; x_wconf 86' lang='lat' dir='ltr'>angelus</span> <span class='ocrx_word' id='word_1_168' title='bbox 912 2435 923 2472; x_wconf 90' lang='lat'><strong>:</strong></span> <span class='ocrx_word' id='word_1_169' title='bbox 960 2422 1072 2472; x_wconf 88' lang='lat' dir='ltr'>Has</span> <span class='ocrx_word' id='word_1_170' title='bbox 1107 2417 1399 2472; x_wconf 88' lang='lat' dir='ltr'>orationes</span> <span class='ocrx_word' id='word_1_171' title='bbox 1446 2418 1569 2473; x_wconf 82' lang='lat' dir='ltr'>fieri</span> <span class='ocrx_word' id='word_1_172' title='bbox 1600 2418 1816 2471; x_wconf 89' lang='lat' dir='ltr'>idcirco</span> 
     </span>
    </p>
   </div>
   <div class='ocr_carea' id='block_1_27' title="bbox 185 2506 1817 2581">
    <p class='ocr_par' dir='ltr' id='par_1_27' title="bbox 185 2506 1817 2581">
     <span class='ocr_line' id='line_1_27' title="bbox 185 2506 1817 2581; baseline -0.002 -18"><span class='ocrx_word' id='word_1_173' title='bbox 185 2509 425 2581; x_wconf 60' lang='lat' dir='ltr'>praecepi,</span> <span class='ocrx_word' id='word_1_174' title='bbox 464 2513 536 2563; x_wconf 88' lang='lat' dir='ltr'>ut</span> <span class='ocrx_word' id='word_1_175' title='bbox 566 2513 623 2563; x_wconf 90' lang='lat' dir='ltr'>et</span> <span class='ocrx_word' id='word_1_176' title='bbox 646 2508 903 2562; x_wconf 89' lang='lat' dir='ltr'>minores</span> <span class='ocrx_word' id='word_1_177' title='bbox 935 2507 1059 2562; x_wconf 89' lang='lat' dir='ltr'>sine</span> <span class='ocrx_word' id='word_1_178' title='bbox 1088 2507 1285 2578; x_wconf 89' lang='lat' dir='ltr'>aliqua</span> <span class='ocrx_word' id='word_1_179' title='bbox 1306 2506 1548 2577; x_wconf 87' lang='lat' dir='ltr'>implere</span> <span class='ocrx_word' id='word_1_180' title='bbox 1571 2507 1817 2561; x_wconf 87' lang='lat' dir='ltr'>tristitia</span> 
     </span>
    </p>
   </div>
   <div class='ocr_carea' id='block_1_28' title="bbox 188 2595 1816 2670">
    <p class='ocr_par' dir='ltr' id='par_1_28' title="bbox 188 2595 1816 2670">
     <span class='ocr_line' id='line_1_28' title="bbox 188 2595 1816 2670; baseline -0.001 -19"><span class='ocrx_word' id='word_1_181' title='bbox 188 2599 495 2670; x_wconf 86' lang='lat' dir='ltr'>impositam</span> <span class='ocrx_word' id='word_1_182' title='bbox 541 2597 651 2651; x_wconf 87' lang='lat' dir='ltr'>sibi</span> <span class='ocrx_word' id='word_1_183' title='bbox 683 2596 910 2651; x_wconf 87' lang='lat' dir='ltr'>vivendi</span> <span class='ocrx_word' id='word_1_184' title='bbox 942 2596 1205 2667; x_wconf 87' lang='lat' dir='ltr'>regulam</span> <span class='ocrx_word' id='word_1_185' title='bbox 1268 2595 1511 2667; x_wconf 88' lang='lat' dir='ltr'>possint.</span> <span class='ocrx_word' id='word_1_186' title='bbox 1547 2595 1652 2660; x_wconf 90' lang='lat' dir='ltr'>Qui</span> <span class='ocrx_word' id='word_1_187' title='bbox 1681 2612 1816 2650; x_wconf 90' lang='lat' dir='ltr'>vero</span> 
     </span>
    </p>
   </div>
   <div class='ocr_carea' id='block_1_29' title="bbox 186 2684 1813 2755">
    <p class='ocr_par' dir='ltr' id='par_1_29' title="bbox 186 2684 1813 2755">
     <span class='ocr_line' id='line_1_29' title="bbox 186 2684 1813 2755; baseline -0.001 -15"><span class='ocrx_word' id='word_1_188' title='bbox 186 2687 529 2742; x_wconf 83' lang='lat' dir='ltr'>firmioribus</span> <span class='ocrx_word' id='word_1_189' title='bbox 553 2684 1271 2755; x_wconf 87' lang='lat' dir='ltr'>consummatioribusque</span> <span class='ocrx_word' id='word_1_190' title='bbox 1294 2685 1569 2739; x_wconf 87' lang='lat' dir='ltr'>sensibus</span> <span class='ocrx_word' id='word_1_191' title='bbox 1589 2685 1813 2752; x_wconf 89' lang='lat' dir='ltr'>vivunt,</span> 
     </span>
    </p>
   </div>
   <div class='ocr_carea' id='block_1_30' title="bbox 188 2773 1815 2845">
    <p class='ocr_par' dir='ltr' id='par_1_30' title="bbox 188 2773 1815 2845">
     <span class='ocr_line' id='line_1_30' title="bbox 188 2773 1815 2845; baseline -0.001 -16"><span class='ocrx_word' id='word_1_192' title='bbox 188 2793 283 2831; x_wconf 90' lang='lat' dir='ltr'>non</span> <span class='ocrx_word' id='word_1_193' title='bbox 312 2782 397 2831; x_wconf 90' lang='lat' dir='ltr'>est</span> <span class='ocrx_word' id='word_1_194' title='bbox 426 2776 559 2831; x_wconf 88' lang='lat' dir='ltr'>illis</span> <span class='ocrx_word' id='word_1_195' title='bbox 593 2791 830 2830; x_wconf 88' lang='lat' dir='ltr'>necesse</span> <span class='ocrx_word' id='word_1_196' title='bbox 882 2774 1072 2829; x_wconf 90' lang='lat' dir='ltr'>aliena</span> <span class='ocrx_word' id='word_1_197' title='bbox 1126 2773 1248 2845; x_wconf 83' lang='lat' dir='ltr'>lege</span> <span class='ocrx_word' id='word_1_198' title='bbox 1307 2774 1667 2845; x_wconf 85' lang='lat' dir='ltr'>constringi;</span> <span class='ocrx_word' id='word_1_199' title='bbox 1703 2775 1815 2845; x_wconf 86' lang='lat' dir='ltr'>ipsi</span> 
     </span>
    </p>
   </div>
   <div class='ocr_carea' id='block_1_31' title="bbox 184 2863 1814 2936">
    <p class='ocr_par' dir='ltr' id='par_1_31' title="bbox 184 2863 1814 2936">
     <span class='ocr_line' id='line_1_31' title="bbox 184 2863 1814 2936; baseline -0.001 -17"><span class='ocrx_word' id='word_1_200' title='bbox 184 2867 316 2921; x_wconf 84' lang='lat' dir='ltr'>enim</span> <span class='ocrx_word' id='word_1_201' title='bbox 350 2865 711 2936; x_wconf 87' lang='lat' dir='ltr'>semetipsos</span> <span class='ocrx_word' id='word_1_202' title='bbox 740 2865 895 2918; x_wconf 92' lang='lat' dir='ltr'>intra</span> <span class='ocrx_word' id='word_1_203' title='bbox 924 2863 1100 2918; x_wconf 89' lang='lat' dir='ltr'>cellas</span> <span class='ocrx_word' id='word_1_204' title='bbox 1135 2864 1588 2934; x_wconf 90' lang='lat' dir='ltr'>universamque</span> <span class='ocrx_word' id='word_1_205' title='bbox 1636 2866 1814 2918; x_wconf 90' lang='lat' dir='ltr'>vitam</span> 
     </span>
    </p>
   </div>
   <div class='ocr_carea' id='block_1_32' title="bbox 182 2952 1811 3024">
    <p class='ocr_par' dir='ltr' id='par_1_32' title="bbox 182 2952 1811 3024">
     <span class='ocr_line' id='line_1_32' title="bbox 182 2952 1811 3024; baseline 0 -17"><span class='ocrx_word' id='word_1_206' title='bbox 182 2954 365 3010; x_wconf 86' lang='lat' dir='ltr'>visioni</span> <span class='ocrx_word' id='word_1_207' title='bbox 399 2960 454 3009; x_wconf 89' lang='lat' dir='ltr'>et</span> <span class='ocrx_word' id='word_1_208' title='bbox 486 2956 682 3009; x_wconf 87' lang='lat' dir='ltr'>cultui</span> <span class='ocrx_word' id='word_1_209' title='bbox 712 2953 810 3007; x_wconf 91' lang='lat' dir='ltr'>Dei</span> <span class='ocrx_word' id='word_1_210' title='bbox 872 2956 1104 3024; x_wconf 87' lang='lat' dir='ltr'>penitus</span> <span class='ocrx_word' id='word_1_211' title='bbox 1162 2953 1466 3007; x_wconf 89' lang='lat' dir='ltr'>dederunt.</span> <span class='ocrx_word' id='word_1_212' title='bbox 1502 2952 1601 3008; x_wconf 85' lang='lat' dir='ltr'>His</span> <span class='ocrx_word' id='word_1_213' title='bbox 1656 2969 1811 3024; x_wconf 85' lang='lat' dir='ltr'>ergo,</span> 
     </span>
    </p>
   </div>
   <div class='ocr_carea' id='block_1_33' title="bbox 182 3042 1813 3115">
    <p class='ocr_par' dir='ltr' id='par_1_33' title="bbox 182 3042 1813 3115">
     <span class='ocr_line' id='line_1_33' title="bbox 182 3042 1813 3115; baseline -0.002 -16"><span class='ocrx_word' id='word_1_214' title='bbox 182 3043 369 3115; x_wconf 87' lang='lat' dir='ltr'>inquit,</span> <span class='ocrx_word' id='word_1_215' title='bbox 403 3044 525 3100; x_wconf 83' lang='lat' dir='ltr'>ista</span> <span class='ocrx_word' id='word_1_216' title='bbox 560 3042 829 3115; x_wconf 72' lang='lat' dir='ltr'>praecepi,</span> <span class='ocrx_word' id='word_1_217' title='bbox 865 3042 964 3113; x_wconf 90' lang='lat' dir='ltr'>qui</span> <span class='ocrx_word' id='word_1_218' title='bbox 998 3058 1102 3097; x_wconf 92' lang='lat' dir='ltr'>nec</span> <span class='ocrx_word' id='word_1_219' title='bbox 1150 3042 1409 3097; x_wconf 91' lang='lat' dir='ltr'>invenire</span> <span class='ocrx_word' id='word_1_220' title='bbox 1451 3048 1697 3113; x_wconf 83' lang='lat' dir='ltr'>possunt</span> <span class='ocrx_word' id='word_1_221' title='bbox 1726 3042 1813 3097; x_wconf 85' lang='lat' dir='ltr'>vel</span> 
     </span>
    </p>
   </div>
   <div class='ocr_carea' id='block_1_34' title="bbox 181 3131 1810 3206">
    <p class='ocr_par' dir='ltr' id='par_1_34' title="bbox 181 3131 1810 3206">
     <span class='ocr_line' id='line_1_34' title="bbox 181 3131 1810 3206; baseline -0.001 -20"><span class='ocrx_word' id='word_1_222' title='bbox 181 3134 398 3204; x_wconf 86' lang='lat' dir='ltr'>implere</span> <span class='ocrx_word' id='word_1_223' title='bbox 434 3150 572 3206; x_wconf 71' lang='lat' dir='ltr'>quas</span> <span class='ocrx_word' id='word_1_224' title='bbox 605 3134 853 3205; x_wconf 89' lang='lat' dir='ltr'>prosint,</span> <span class='ocrx_word' id='word_1_225' title='bbox 887 3136 952 3185; x_wconf 90' lang='lat' dir='ltr'>ut</span> <span class='ocrx_word' id='word_1_226' title='bbox 1008 3148 1139 3185; x_wconf 90' lang='lat' dir='ltr'>cum</span> <span class='ocrx_word' id='word_1_227' title='bbox 1176 3131 1369 3185; x_wconf 89' lang='lat' dir='ltr'>servili</span> <span class='ocrx_word' id='word_1_228' title='bbox 1429 3132 1682 3203; x_wconf 91' lang='lat' dir='ltr'>quadam</span> <span class='ocrx_word' id='word_1_229' title='bbox 1712 3148 1810 3186; x_wconf 90' lang='lat' dir='ltr'>ne-</span> 
     </span>
    </p>
   </div>
   <div class='ocr_carea' id='block_1_35' title="bbox 180 3190 1885 3291">
    <p class='ocr_par' dir='ltr' id='par_1_35' title="bbox 180 3190 1885 3291">
     <span class='ocr_line' id='line_1_35' title="bbox 180 3190 1885 3291; baseline 0.001 -18"><span class='ocrx_word' id='word_1_230' title='bbox 180 3222 424 3277; x_wconf 85' lang='lat' dir='ltr'>cessitate</span> <span class='ocrx_word' id='word_1_231' title='bbox 454 3219 778 3291; x_wconf 88' lang='lat' dir='ltr'>compulsi,</span> <span class='ocrx_word' id='word_1_232' title='bbox 814 3220 1176 3274; x_wconf 82' lang='lat' dir='ltr'>ostenderint</span> <span class='ocrx_word' id='word_1_233' title='bbox 1214 3219 1455 3289; x_wconf 80' lang='lat' dir='ltr'>dignam</span> <span class='ocrx_word' id='word_1_234' title='bbox 1514 3220 1572 3274; x_wconf 91' lang='lat' dir='ltr'>in</span> <span class='ocrx_word' id='word_1_235' title='bbox 1606 3237 1667 3275; x_wconf 87' lang='lat' dir='ltr'>se</span> <span class='ocrx_word' id='word_1_236' title='bbox 1700 3222 1810 3275; x_wconf 90' lang='lat' dir='ltr'>sub</span> <span class='ocrx_word' id='word_1_237' title='bbox 1843 3190 1885 3257; x_wconf 65' lang='grc' dir='ltr'>Ο</span> 
     </span>
    </p>
   </div>
   <div class='ocr_carea' id='block_1_36' title="bbox 176 3308 1809 3383">
    <p class='ocr_par' dir='ltr' id='par_1_36' title="bbox 176 3308 1809 3383">
     <span class='ocr_line' id='line_1_36' title="bbox 176 3308 1809 3383; baseline 0 -19"><span class='ocrx_word' id='word_1_238' title='bbox 176 3312 443 3383; x_wconf 88' lang='lat' dir='ltr'>proposito</span> <span class='ocrx_word' id='word_1_239' title='bbox 476 3308 886 3382; x_wconf 90' lang='lat' dir='ltr'>disciplinam,</span> <span class='ocrx_word' id='word_1_240' title='bbox 922 3315 1061 3363; x_wconf 92' lang='lat' dir='ltr'>tunc</span> <span class='ocrx_word' id='word_1_241' title='bbox 1106 3310 1343 3363; x_wconf 91' lang='lat' dir='ltr'>demum</span> <span class='ocrx_word' id='word_1_242' title='bbox 1404 3310 1474 3363; x_wconf 91' lang='lat' dir='ltr'>ad</span> <span class='ocrx_word' id='word_1_243' title='bbox 1534 3310 1809 3364; x_wconf 81' lang='lat' dir='ltr'>ﬁduciam</span> 
     </span>
    </p>
   </div>
   <div class='ocr_carea' id='block_1_37' title="bbox 179 3397 1814 3469">
    <p class='ocr_par' dir='ltr' id='par_1_37' title="bbox 179 3397 1814 3469">
     <span class='ocr_line' id='line_1_37' title="bbox 179 3397 1814 3469; baseline 0.001 -18"><span class='ocrx_word' id='word_1_244' title='bbox 179 3398 380 3454; x_wconf 82' lang='lat' dir='ltr'>valeant</span> <span class='ocrx_word' id='word_1_245' title='bbox 410 3399 632 3454; x_wconf 73' lang='lat' dir='ltr'>divinae.</span> <span class='ocrx_word' id='word_1_246' title='bbox 665 3398 883 3453; x_wconf 75' lang='lat' dir='ltr'>notitiae</span> <span class='ocrx_word' id='word_1_247' title='bbox 916 3399 1237 3468; x_wconf 89' lang='lat' dir='ltr'>pervenire.</span> <span class='ocrx_word' id='word_1_248' title='bbox 1263 3397 1363 3453; x_wconf 88' lang='lat' dir='ltr'>His</span> <span class='ocrx_word' id='word_1_249' title='bbox 1388 3398 1589 3469; x_wconf 88' lang='lat' dir='ltr'>itaque</span> <span class='ocrx_word' id='word_1_250' title='bbox 1620 3399 1814 3469; x_wconf 88' lang='lat' dir='ltr'>dispo-</span> 
     </span>
    </p>
   </div>
   <div class='ocr_carea' id='block_1_38' title="bbox 179 3486 1813 3562">
    <p class='ocr_par' dir='ltr' id='par_1_38' title="bbox 179 3486 1813 3562">
     <span class='ocr_line' id='line_1_38' title="bbox 179 3486 1813 3562; baseline 0.001 -22"><span class='ocrx_word' id='word_1_251' title='bbox 179 3488 302 3549; x_wconf 84' lang='lat' dir='ltr'>sitis,</span> <span class='ocrx_word' id='word_1_252' title='bbox 329 3490 704 3562; x_wconf 87' lang='lat' dir='ltr'>impletoque</span> <span class='ocrx_word' id='word_1_253' title='bbox 762 3486 1111 3555; x_wconf 90' lang='lat' dir='ltr'>ministerio,</span> <span class='ocrx_word' id='word_1_254' title='bbox 1147 3486 1390 3559; x_wconf 86' lang='lat' dir='ltr'>angelus</span> <span class='ocrx_word' id='word_1_255' title='bbox 1448 3488 1723 3543; x_wconf 88' lang='lat' dir='ltr'>discessit</span> <span class='ocrx_word' id='word_1_256' title='bbox 1780 3504 1813 3542; x_wconf 90' lang='lat' dir='ltr'>a</span> 
     </span>
    </p>
   </div>
   <div class='ocr_carea' id='block_1_39' title="bbox 181 3578 700 3634">
    <p class='ocr_par' dir='ltr' id='par_1_39' title="bbox 181 3578 700 3634">
     <span class='ocr_line' id='line_1_39' title="bbox 181 3578 700 3634; baseline -0.002 -4"><span class='ocrx_word' id='word_1_257' title='bbox 181 3582 323 3632; x_wconf 87' lang='lat' dir='ltr'>santo</span> <span class='ocrx_word' id='word_1_258' title='bbox 352 3578 700 3634; x_wconf 82' lang='lat' dir='ltr'>Pacbomio.</span> 
     </span>
    </p>
   </div>
   <div class='ocr_carea' id='block_1_40' title="bbox 241 3666 1813 3739">
    <p class='ocr_par' dir='ltr' id='par_1_40' title="bbox 241 3666 1813 3739">
     <span class='ocr_line' id='line_1_40' title="bbox 241 3666 1813 3739; baseline 0 -17"><span class='ocrx_word' id='word_1_259' title='bbox 241 3668 487 3723; x_wconf 84' lang='lat' dir='ltr'>Plurima</span> <span class='ocrx_word' id='word_1_260' title='bbox 526 3668 709 3739; x_wconf 88' lang='lat' dir='ltr'>igitur</span> <span class='ocrx_word' id='word_1_261' title='bbox 740 3671 881 3722; x_wconf 91' lang='lat' dir='ltr'>sunt</span> <span class='ocrx_word' id='word_1_262' title='bbox 913 3666 1267 3722; x_wconf 89' lang='lat' dir='ltr'>monasteria</span> <span class='ocrx_word' id='word_1_263' title='bbox 1295 3667 1351 3721; x_wconf 92' lang='lat' dir='ltr'>in</span> <span class='ocrx_word' id='word_1_264' title='bbox 1385 3667 1600 3738; x_wconf 88' lang='lat' dir='ltr'>quibus</span> <span class='ocrx_word' id='word_1_265' title='bbox 1627 3684 1813 3739; x_wconf 92' lang='lat' dir='ltr'>usque</span> 
     </span>
    </p>
   </div>
   <div class='ocr_carea' id='block_1_41' title="bbox 184 3756 1815 3828">
    <p class='ocr_par' dir='ltr' id='par_1_41' title="bbox 184 3756 1815 3828">
     <span class='ocr_line' id='line_1_41' title="bbox 184 3756 1815 3828; baseline 0.002 -19"><span class='ocrx_word' id='word_1_266' title='bbox 184 3758 240 3809; x_wconf 87' lang='lat' dir='ltr'>ad</span> <span class='ocrx_word' id='word_1_267' title='bbox 268 3764 482 3828; x_wconf 89' lang='lat' dir='ltr'>septem</span> <span class='ocrx_word' id='word_1_268' title='bbox 513 3756 685 3811; x_wconf 86' lang='lat' dir='ltr'>milia</span> <span class='ocrx_word' id='word_1_269' title='bbox 707 3760 847 3811; x_wconf 87' lang='lat' dir='ltr'>sunt</span> <span class='ocrx_word' id='word_1_270' title='bbox 870 3757 1152 3822; x_wconf 90' lang='lat' dir='ltr'>virorum,</span> <span class='ocrx_word' id='word_1_271' title='bbox 1180 3774 1304 3827; x_wconf 77' lang='lat' dir='ltr'>quas</span> <span class='ocrx_word' id='word_1_272' title='bbox 1330 3757 1668 3827; x_wconf 90' lang='lat' dir='ltr'>hujusmodi</span> <span class='ocrx_word' id='word_1_273' title='bbox 1693 3760 1815 3813; x_wconf 89' lang='lat' dir='ltr'>ins-</span> 
     </span>
    </p>
   </div>
   <div class='ocr_carea' id='block_1_42' title="bbox 181 3845 1817 3918">
    <p class='ocr_par' dir='ltr' id='par_1_42' title="bbox 181 3845 1817 3918">
     <span class='ocr_line' id='line_1_42' title="bbox 181 3845 1817 3918; baseline 0.001 -19"><span class='ocrx_word' id='word_1_274' title='bbox 181 3845 333 3901; x_wconf 74' lang='lat' dir='ltr'>tituta</span> <span class='ocrx_word' id='word_1_275' title='bbox 361 3845 719 3902; x_wconf 90' lang='lat' dir='ltr'>custodiunt</span> <span class='ocrx_word' id='word_1_276' title='bbox 748 3846 858 3900; x_wconf 88' lang='lat' dir='ltr'>Sed</span> <span class='ocrx_word' id='word_1_277' title='bbox 893 3846 1211 3900; x_wconf 79' lang='lat' dir='ltr'>maximum</span> <span class='ocrx_word' id='word_1_278' title='bbox 1244 3846 1299 3901; x_wconf 84' lang='lat' dir='ltr'>id</span> <span class='ocrx_word' id='word_1_279' title='bbox 1333 3846 1581 3902; x_wconf 88' lang='lat' dir='ltr'>habetur</span> <span class='ocrx_word' id='word_1_280' title='bbox 1611 3854 1667 3902; x_wconf 90' lang='lat' dir='ltr'>et</span> <span class='ocrx_word' id='word_1_281' title='bbox 1697 3848 1817 3918; x_wconf 87' lang='lat' dir='ltr'>pri-</span> 
     </span>
    </p>
   </div>
   <div class='ocr_carea' id='block_1_43' title="bbox 184 3935 1816 4008">
    <p class='ocr_par' dir='ltr' id='par_1_43' title="bbox 184 3935 1816 4008">
     <span class='ocr_line' id='line_1_43' title="bbox 184 3935 1816 4008; baseline 0.001 -20"><span class='ocrx_word' id='word_1_282' title='bbox 184 3951 347 3999; x_wconf 85' lang='lat' dir='ltr'>mum,</span> <span class='ocrx_word' id='word_1_283' title='bbox 380 3938 442 3991; x_wconf 87' lang='lat' dir='ltr'>in</span> <span class='ocrx_word' id='word_1_284' title='bbox 478 3953 603 4008; x_wconf 88' lang='lat' dir='ltr'>quo</span> <span class='ocrx_word' id='word_1_285' title='bbox 641 3935 989 3991; x_wconf 87' lang='lat' dir='ltr'>Pachomius</span> <span class='ocrx_word' id='word_1_286' title='bbox 1020 3935 1146 4006; x_wconf 90' lang='lat' dir='ltr'>ipse</span> <span class='ocrx_word' id='word_1_287' title='bbox 1180 3936 1447 4007; x_wconf 87' lang='lat' dir='ltr'>degebat.</span> <span class='ocrx_word' id='word_1_288' title='bbox 1482 3953 1550 3991; x_wconf 84' lang='lat' dir='ltr'>ex</span> <span class='ocrx_word' id='word_1_289' title='bbox 1583 3954 1698 4008; x_wconf 92' lang='lat' dir='ltr'>quo</span> <span class='ocrx_word' id='word_1_290' title='bbox 1729 3937 1816 3991; x_wconf 91' lang='lat' dir='ltr'>vi-</span> 
     </span>
    </p>
   </div>
   <div class='ocr_carea' id='block_1_44' title="bbox 181 4023 1817 4096">
    <p class='ocr_par' dir='ltr' id='par_1_44' title="bbox 181 4023 1817 4096">
     <span class='ocr_line' id='line_1_44' title="bbox 181 4023 1817 4096; baseline 0.002 -19"><span class='ocrx_word' id='word_1_291' title='bbox 181 4023 370 4081; x_wconf 89' lang='lat' dir='ltr'>dentur</span> <span class='ocrx_word' id='word_1_292' title='bbox 401 4032 460 4081; x_wconf 90' lang='lat' dir='ltr'>et</span> <span class='ocrx_word' id='word_1_293' title='bbox 494 4030 711 4080; x_wconf 64' lang='lat' dir='ltr'>caetera</span> <span class='ocrx_word' id='word_1_294' title='bbox 760 4025 1119 4080; x_wconf 88' lang='lat' dir='ltr'>monasteria</span> <span class='ocrx_word' id='word_1_295' title='bbox 1177 4026 1553 4096; x_wconf 90' lang='lat' dir='ltr'>processisse,</span> <span class='ocrx_word' id='word_1_296' title='bbox 1587 4043 1713 4096; x_wconf 74' lang='lat' dir='ltr'>quae</span> <span class='ocrx_word' id='word_1_297' title='bbox 1746 4027 1817 4081; x_wconf 91' lang='lat' dir='ltr'>ad</span> 
     </span>
    </p>
   </div>
   <div class='ocr_carea' id='block_1_45' title="bbox 182 4113 1697 4187">
    <p class='ocr_par' dir='ltr' id='par_1_45' title="bbox 182 4113 1697 4187">
     <span class='ocr_line' id='line_1_45' title="bbox 182 4113 1697 4187; baseline 0.001 -20"><span class='ocrx_word' id='word_1_298' title='bbox 182 4114 316 4170; x_wconf 81' lang='lat' dir='ltr'>mille</span> <span class='ocrx_word' id='word_1_299' title='bbox 346 4113 824 4187; x_wconf 82' lang='lat' dir='ltr'>quadringentos</span> <span class='ocrx_word' id='word_1_300' title='bbox 858 4114 1065 4169; x_wconf 76' lang='lat' dir='ltr'>fratres</span> <span class='ocrx_word' id='word_1_301' title='bbox 1103 4114 1319 4169; x_wconf 88' lang='lat' dir='ltr'>habere</span> <span class='ocrx_word' id='word_1_302' title='bbox 1351 4120 1697 4170; x_wconf 91' lang='lat' dir='ltr'>noscuntur.</span> 
     </span>
    </p>
   </div>
   <div class='ocr_carea' id='block_1_46' title="bbox 239 4203 1823 4277">
    <p class='ocr_par' dir='ltr' id='par_1_46' title="bbox 239 4203 1823 4277">
     <span class='ocr_line' id='line_1_46' title="bbox 239 4203 1823 4277; baseline -0.001 -19"><span class='ocrx_word' id='word_1_303' title='bbox 239 4203 555 4277; x_wconf 89' lang='lat' dir='ltr'>Interquos</span> <span class='ocrx_word' id='word_1_304' title='bbox 575 4204 750 4259; x_wconf 90' lang='lat' dir='ltr'>etiam</span> <span class='ocrx_word' id='word_1_305' title='bbox 771 4208 861 4258; x_wconf 90' lang='lat' dir='ltr'>est</span> <span class='ocrx_word' id='word_1_306' title='bbox 884 4205 1121 4274; x_wconf 88' lang='lat' dir='ltr'>quidam</span> <span class='ocrx_word' id='word_1_307' title='bbox 1145 4203 1401 4259; x_wconf 86' lang='lat' dir='ltr'>famulus</span> <span class='ocrx_word' id='word_1_308' title='bbox 1424 4204 1545 4269; x_wconf 90' lang='lat' dir='ltr'>Dei,</span> <span class='ocrx_word' id='word_1_309' title='bbox 1565 4205 1823 4276; x_wconf 81' lang='lat' dir='ltr'>Aphtho-</span> 
     </span>
    </p>
   </div>
   <div class='ocr_carea' id='block_1_47' title="bbox 182 4292 1823 4362">
    <p class='ocr_par' dir='ltr' id='par_1_47' title="bbox 182 4292 1823 4362">
     <span class='ocr_line' id='line_1_47' title="bbox 182 4292 1823 4362; baseline 0.002 -17"><span class='ocrx_word' id='word_1_310' title='bbox 182 4293 580 4359; x_wconf 86' lang='lat' dir='ltr'>niusnomine,</span> <span class='ocrx_word' id='word_1_311' title='bbox 600 4293 919 4348; x_wconf 86' lang='lat' dir='ltr'>admodum</span> <span class='ocrx_word' id='word_1_312' title='bbox 948 4292 1093 4347; x_wconf 90' lang='lat' dir='ltr'>mihi</span> <span class='ocrx_word' id='word_1_313' title='bbox 1117 4293 1508 4348; x_wconf 90' lang='lat' dir='ltr'>amicitiarum</span> <span class='ocrx_word' id='word_1_314' title='bbox 1531 4295 1664 4362; x_wconf 87' lang='lat' dir='ltr'>jure</span> <span class='ocrx_word' id='word_1_315' title='bbox 1687 4311 1823 4349; x_wconf 85' lang='lat' dir='ltr'>con-</span> 
     </span>
    </p>
   </div>
   <div class='ocr_carea' id='block_1_48' title="bbox 176 4381 1821 4454">
    <p class='ocr_par' dir='ltr' id='par_1_48' title="bbox 176 4381 1821 4454">
     <span class='ocr_line' id='line_1_48' title="bbox 176 4381 1821 4454; baseline 0.003 -20"><span class='ocrx_word' id='word_1_316' title='bbox 176 4381 422 4449; x_wconf 88' lang='lat' dir='ltr'>junctus,</span> <span class='ocrx_word' id='word_1_317' title='bbox 440 4381 549 4454; x_wconf 89' lang='lat' dir='ltr'>qui</span> <span class='ocrx_word' id='word_1_318' title='bbox 569 4381 1086 4437; x_wconf 89' lang='lat' dir='ltr'>secunduminillo</span> <span class='ocrx_word' id='word_1_319' title='bbox 1112 4382 1464 4437; x_wconf 90' lang='lat' dir='ltr'>monasterio</span> <span class='ocrx_word' id='word_1_320' title='bbox 1497 4384 1718 4439; x_wconf 90' lang='lat' dir='ltr'>obtinet</span> <span class='ocrx_word' id='word_1_321' title='bbox 1739 4384 1821 4439; x_wconf 88' lang='lat' dir='ltr'>lo-</span> 
     </span>
    </p>
   </div>
   <div class='ocr_carea' id='block_1_49' title="bbox 184 4470 1828 4544">
    <p class='ocr_par' dir='ltr' id='par_1_49' title="bbox 184 4470 1828 4544">
     <span class='ocr_line' id='line_1_49' title="bbox 184 4470 1828 4544; baseline 0.003 -22"><span class='ocrx_word' id='word_1_322' title='bbox 184 4486 297 4525; x_wconf 90' lang='lat' dir='ltr'>cum</span> <span class='ocrx_word' id='word_1_323' title='bbox 317 4470 864 4542; x_wconf 82' lang='lat' dir='ltr'>(Pallad.,cap.39.)</span> <span class='ocrx_word' id='word_1_324' title='bbox 884 4474 1066 4537; x_wconf 88' lang='lat' dir='ltr'>Quem</span> <span class='ocrx_word' id='word_1_325' title='bbox 1094 4472 1294 4526; x_wconf 86' lang='lat' dir='ltr'>devita</span> <span class='ocrx_word' id='word_1_326' title='bbox 1321 4472 1577 4544; x_wconf 89' lang='lat' dir='ltr'>ipsiuset</span> <span class='ocrx_word' id='word_1_327' title='bbox 1601 4489 1828 4528; x_wconf 81' lang='lat' dir='ltr'>conver-</span> 
     </span>
    </p>
   </div>
   <div class='ocr_carea' id='block_1_50' title="bbox 1933 541 3581 616">
    <p class='ocr_par' dir='ltr' id='par_1_50' title="bbox 1933 541 3581 616">
     <span class='ocr_line' id='line_1_50' title="bbox 1933 541 3581 616; baseline 0.004 -23"><span class='ocrx_word' id='word_1_328' title='bbox 1933 555 2039 610; x_wconf 90' lang='lat' dir='ltr'>ego</span> <span class='ocrx_word' id='word_1_329' title='bbox 2064 542 2614 612; x_wconf 80' lang='lat' dir='ltr'>reprehendendum</span> <span class='ocrx_word' id='word_1_330' title='bbox 2640 548 2927 614; x_wconf 71' lang='lat' dir='ltr'>putarem,</span> <span class='ocrx_word' id='word_1_331' title='bbox 2948 541 3056 599; x_wconf 92' lang='lat' dir='ltr'>hoc</span> <span class='ocrx_word' id='word_1_332' title='bbox 3079 545 3581 616; x_wconf 86' lang='lat' dir='ltr'>quoqueextradi-</span> 
     </span>
    </p>
   </div>
   <div class='ocr_carea' id='block_1_51' title="bbox 1932 629 3578 705">
    <p class='ocr_par' dir='ltr' id='par_1_51' title="bbox 1932 629 3578 705">
     <span class='ocr_line' id='line_1_51' title="bbox 1932 629 3578 705; baseline 0.005 -22"><span class='ocrx_word' id='word_1_333' title='bbox 1932 629 2089 684; x_wconf 87' lang='lat' dir='ltr'>tione</span> <span class='ocrx_word' id='word_1_334' title='bbox 2117 631 2401 701; x_wconf 87' lang='lat' dir='ltr'>majorum</span> <span class='ocrx_word' id='word_1_335' title='bbox 2438 649 2500 687; x_wconf 91' lang='lat' dir='ltr'>se</span> <span class='ocrx_word' id='word_1_336' title='bbox 2530 632 2862 704; x_wconf 90' lang='lat' dir='ltr'>suscepisse</span> <span class='ocrx_word' id='word_1_337' title='bbox 2885 632 3175 702; x_wconf 88' lang='lat' dir='ltr'>dicebant,</span> <span class='ocrx_word' id='word_1_338' title='bbox 3200 634 3341 705; x_wconf 89' lang='lat' dir='ltr'>quia</span> <span class='ocrx_word' id='word_1_339' title='bbox 3361 635 3578 691; x_wconf 89' lang='lat' dir='ltr'>idcirco</span> 
     </span>
    </p>
   </div>
   <div class='ocr_carea' id='block_1_52' title="bbox 1931 717 3572 793">
    <p class='ocr_par' dir='ltr' id='par_1_52' title="bbox 1931 717 3572 793">
     <span class='ocr_line' id='line_1_52' title="bbox 1931 717 3572 793; baseline 0.007 -23"><span class='ocrx_word' id='word_1_340' title='bbox 1931 717 1987 771; x_wconf 92' lang='lat' dir='ltr'>in</span> <span class='ocrx_word' id='word_1_341' title='bbox 2011 722 2379 776; x_wconf 88' lang='lat' dir='ltr'>monasteriis</span> <span class='ocrx_word' id='word_1_342' title='bbox 2402 739 2530 778; x_wconf 88' lang='lat' dir='ltr'>esse</span> <span class='ocrx_word' id='word_1_343' title='bbox 2554 726 2844 793; x_wconf 87' lang='lat' dir='ltr'>oporteret</span> <span class='ocrx_word' id='word_1_344' title='bbox 2861 739 3096 789; x_wconf 89' lang='lat' dir='ltr'>sues,ne</span> <span class='ocrx_word' id='word_1_345' title='bbox 3111 727 3167 778; x_wconf 93' lang='lat' dir='ltr'>et</span> <span class='ocrx_word' id='word_1_346' title='bbox 3189 723 3572 781; x_wconf 82' lang='lat' dir='ltr'>cribratarum</span> 
     </span>
    </p>
   </div>
   <div class='ocr_carea' id='block_1_53' title="bbox 1932 811 3575 884">
    <p class='ocr_par' dir='ltr' id='par_1_53' title="bbox 1932 811 3575 884">
     <span class='ocr_line' id='line_1_53' title="bbox 1932 811 3575 884; baseline 0.005 -22"><span class='ocrx_word' id='word_1_347' title='bbox 1932 816 2299 866; x_wconf 83' lang='lat' dir='ltr'>excrementa</span> <span class='ocrx_word' id='word_1_348' title='bbox 2328 811 2563 883; x_wconf 89' lang='lat' dir='ltr'>frugum</span> <span class='ocrx_word' id='word_1_349' title='bbox 2598 812 2873 883; x_wconf 90' lang='lat' dir='ltr'>perirent,</span> <span class='ocrx_word' id='word_1_350' title='bbox 2908 816 2965 867; x_wconf 90' lang='lat' dir='ltr'>et</span> <span class='ocrx_word' id='word_1_351' title='bbox 3016 816 3396 884; x_wconf 88' lang='lat' dir='ltr'>purgatorum</span> <span class='ocrx_word' id='word_1_352' title='bbox 3438 814 3575 871; x_wconf 89' lang='lat' dir='ltr'>folia</span> 
     </span>
    </p>
   </div>
   <div class='ocr_carea' id='block_1_54' title="bbox 1930 898 3573 974">
    <p class='ocr_par' dir='ltr' id='par_1_54' title="bbox 1930 898 3573 974">
     <span class='ocr_line' id='line_1_54' title="bbox 1930 898 3573 974; baseline 0.004 -22"><span class='ocrx_word' id='word_1_353' title='bbox 1930 898 2150 954; x_wconf 90' lang='lat' dir='ltr'>olerum</span> <span class='ocrx_word' id='word_1_354' title='bbox 2176 907 2233 955; x_wconf 90' lang='lat' dir='ltr'>et</span> <span class='ocrx_word' id='word_1_355' title='bbox 2252 906 2456 957; x_wconf 67' lang='lat' dir='ltr'>caetera</span> <span class='ocrx_word' id='word_1_356' title='bbox 2478 919 2601 973; x_wconf 69' lang='lat' dir='ltr'>quae</span> <span class='ocrx_word' id='word_1_357' title='bbox 2617 903 2899 957; x_wconf 89' lang='lat' dir='ltr'>damnum</span> <span class='ocrx_word' id='word_1_358' title='bbox 2923 902 2994 973; x_wconf 90' lang='lat' dir='ltr'>(si</span> <span class='ocrx_word' id='word_1_359' title='bbox 3018 903 3458 974; x_wconf 89' lang='lat' dir='ltr'>projicerentur)</span> <span class='ocrx_word' id='word_1_360' title='bbox 3481 904 3573 959; x_wconf 85' lang='lat' dir='ltr'>in-</span> 
     </span>
    </p>
   </div>
   <div class='ocr_carea' id='block_1_55' title="bbox 1932 987 3575 1062">
    <p class='ocr_par' dir='ltr' id='par_1_55' title="bbox 1932 987 3575 1062">
     <span class='ocr_line' id='line_1_55' title="bbox 1932 987 3575 1062; baseline 0.004 -21"><span class='ocrx_word' id='word_1_361' title='bbox 1932 987 2169 1044; x_wconf 87' lang='lat' dir='ltr'>ferrent.</span> <span class='ocrx_word' id='word_1_362' title='bbox 2188 990 2380 1045; x_wconf 89' lang='lat' dir='ltr'>Occidi</span> <span class='ocrx_word' id='word_1_363' title='bbox 2411 993 2593 1062; x_wconf 86' lang='lat' dir='ltr'>igitur</span> <span class='ocrx_word' id='word_1_364' title='bbox 2614 1008 2750 1047; x_wconf 91' lang='lat' dir='ltr'>sues</span> <span class='ocrx_word' id='word_1_365' title='bbox 2782 991 3265 1061; x_wconf 88' lang='lat' dir='ltr'>ipsosjubebant,</span> <span class='ocrx_word' id='word_1_366' title='bbox 3288 996 3347 1047; x_wconf 88' lang='lat' dir='ltr'>et</span> <span class='ocrx_word' id='word_1_367' title='bbox 3371 1008 3575 1049; x_wconf 87' lang='lat' dir='ltr'>carnes</span> 
     </span>
    </p>
   </div>
   <div class='ocr_carea' id='block_1_56' title="bbox 1931 1080 3575 1153">
    <p class='ocr_par' dir='ltr' id='par_1_56' title="bbox 1931 1080 3575 1153">
     <span class='ocr_line' id='line_1_56' title="bbox 1931 1080 3575 1153; baseline 0.005 -24"><span class='ocrx_word' id='word_1_368' title='bbox 1931 1080 2167 1149; x_wconf 88' lang='lat' dir='ltr'>quidem</span> <span class='ocrx_word' id='word_1_369' title='bbox 2201 1081 2360 1152; x_wconf 87' lang='lat' dir='ltr'>ipsas</span> <span class='ocrx_word' id='word_1_370' title='bbox 2388 1081 2719 1136; x_wconf 88' lang='lat' dir='ltr'>ementibus</span> <span class='ocrx_word' id='word_1_371' title='bbox 2750 1081 2942 1149; x_wconf 91' lang='lat' dir='ltr'>vendi,</span> <span class='ocrx_word' id='word_1_372' title='bbox 2975 1080 3229 1153; x_wconf 88' lang='lat' dir='ltr'>ungulas</span> <span class='ocrx_word' id='word_1_373' title='bbox 3278 1086 3477 1137; x_wconf 88' lang='lat' dir='ltr'>tamen</span> <span class='ocrx_word' id='word_1_374' title='bbox 3507 1099 3575 1137; x_wconf 90' lang='lat' dir='ltr'>ac</span> 
     </span>
    </p>
   </div>
   <div class='ocr_carea' id='block_1_57' title="bbox 1930 1168 3575 1242">
    <p class='ocr_par' dir='ltr' id='par_1_57' title="bbox 1930 1168 3575 1242">
     <span class='ocr_line' id='line_1_57' title="bbox 1930 1168 3575 1242; baseline 0.002 -21"><span class='ocrx_word' id='word_1_375' title='bbox 1930 1168 2209 1223; x_wconf 90' lang='lat' dir='ltr'>minimas</span> <span class='ocrx_word' id='word_1_376' title='bbox 2243 1175 2435 1241; x_wconf 88' lang='lat' dir='ltr'>partes</span> <span class='ocrx_word' id='word_1_377' title='bbox 2466 1186 2691 1240; x_wconf 81' lang='lat' dir='ltr'>eorum,</span> <span class='ocrx_word' id='word_1_378' title='bbox 2714 1169 2772 1224; x_wconf 92' lang='lat' dir='ltr'>in</span> <span class='ocrx_word' id='word_1_379' title='bbox 2796 1187 3080 1239; x_wconf 69' lang='lat' dir='ltr'>aegrorum</span> <span class='ocrx_word' id='word_1_380' title='bbox 3106 1186 3171 1225; x_wconf 93' lang='lat' dir='ltr'>ac</span> <span class='ocrx_word' id='word_1_381' title='bbox 3191 1186 3399 1225; x_wconf 89' lang='lat' dir='ltr'>senum</span> <span class='ocrx_word' id='word_1_382' title='bbox 3431 1188 3575 1242; x_wconf 87' lang='lat' dir='ltr'>epu-</span> 
     </span>
    </p>
   </div>
   <div class='ocr_carea' id='block_1_58' title="bbox 1926 1255 3577 1330">
    <p class='ocr_par' dir='ltr' id='par_1_58' title="bbox 1926 1255 3577 1330">
     <span class='ocr_line' id='line_1_58' title="bbox 1926 1255 3577 1330; baseline 0.003 -21"><span class='ocrx_word' id='word_1_383' title='bbox 1926 1255 2015 1310; x_wconf 88' lang='lat' dir='ltr'>las</span> <span class='ocrx_word' id='word_1_384' title='bbox 2040 1257 2426 1330; x_wconf 57' lang='lat' dir='ltr'>deputariJeo</span> <span class='ocrx_word' id='word_1_385' title='bbox 2461 1259 2613 1329; x_wconf 92' lang='lat' dir='ltr'>quod</span> <span class='ocrx_word' id='word_1_386' title='bbox 2647 1258 2703 1313; x_wconf 91' lang='lat' dir='ltr'>in</span> <span class='ocrx_word' id='word_1_387' title='bbox 2739 1258 2975 1329; x_wconf 87' lang='lat' dir='ltr'>regione</span> <span class='ocrx_word' id='word_1_388' title='bbox 3026 1257 3127 1312; x_wconf 92' lang='lat' dir='ltr'>illa</span> <span class='ocrx_word' id='word_1_389' title='bbox 3176 1258 3416 1330; x_wconf 89' lang='lat' dir='ltr'>grandis</span> <span class='ocrx_word' id='word_1_390' title='bbox 3447 1275 3577 1314; x_wconf 86' lang='lat' dir='ltr'>esse</span> 
     </span>
    </p>
   </div>
   <div class='ocr_carea' id='block_1_59' title="bbox 1928 1344 3572 1419">
    <p class='ocr_par' dir='ltr' id='par_1_59' title="bbox 1928 1344 3572 1419">
     <span class='ocr_line' id='line_1_59' title="bbox 1928 1344 3572 1419; baseline 0.002 -20"><span class='ocrx_word' id='word_1_391' title='bbox 1928 1344 2126 1416; x_wconf 89' lang='lat' dir='ltr'>inopia</span> <span class='ocrx_word' id='word_1_392' title='bbox 2158 1363 2351 1401; x_wconf 87' lang='lat' dir='ltr'>rerum</span> <span class='ocrx_word' id='word_1_393' title='bbox 2393 1360 2444 1402; x_wconf 80' lang='lat' dir='ltr'>et</span> <span class='ocrx_word' id='word_1_394' title='bbox 2508 1348 2833 1419; x_wconf 87' lang='lat' dir='ltr'>frequentia</span> <span class='ocrx_word' id='word_1_395' title='bbox 2892 1347 3200 1402; x_wconf 88' lang='lat' dir='ltr'>hominum</span> <span class='ocrx_word' id='word_1_396' title='bbox 3256 1346 3572 1403; x_wconf 89' lang='lat' dir='ltr'>videretur.</span> 
     </span>
    </p>
   </div>
   <div class='ocr_carea' id='block_1_60' title="bbox 1926 1434 3464 1505">
    <p class='ocr_par' dir='ltr' id='par_1_60' title="bbox 1926 1434 3464 1505">
     <span class='ocr_line' id='line_1_60' title="bbox 1926 1434 3464 1505; baseline 0.002 -18"><span class='ocrx_word' id='word_1_397' title='bbox 1926 1434 2259 1502; x_wconf 85' lang='lat' dir='ltr'>Blemmyos</span> <span class='ocrx_word' id='word_1_398' title='bbox 2292 1440 2488 1490; x_wconf 90' lang='lat' dir='ltr'>autem</span> <span class='ocrx_word' id='word_1_399' title='bbox 2521 1435 2741 1491; x_wconf 89' lang='lat' dir='ltr'>vicinos</span> <span class='ocrx_word' id='word_1_400' title='bbox 2774 1435 2896 1491; x_wconf 91' lang='lat' dir='ltr'>suis</span> <span class='ocrx_word' id='word_1_401' title='bbox 2928 1435 3148 1490; x_wconf 83' lang='lat' dir='ltr'>ﬁnibus</span> <span class='ocrx_word' id='word_1_402' title='bbox 3178 1435 3464 1505; x_wconf 65' lang='lat' dir='ltr'>habent.]‘</span> 
     </span>
    </p>
   </div>
   <div class='ocr_carea' id='block_1_61' title="bbox 1997 1523 3574 1596">
    <p class='ocr_par' dir='ltr' id='par_1_61' title="bbox 1997 1523 3574 1596">
     <span class='ocr_line' id='line_1_61' title="bbox 1997 1523 3574 1596; baseline 0.001 -19"><span class='ocrx_word' id='word_1_403' title='bbox 1997 1523 2375 1580; x_wconf 83' lang='lat' dir='ltr'>Antelucanis</span> <span class='ocrx_word' id='word_1_404' title='bbox 2394 1525 2571 1592; x_wconf 74' lang='lat' dir='ltr'>igitur</span> <span class='ocrx_word' id='word_1_405' title='bbox 2588 1525 2751 1579; x_wconf 90' lang='lat' dir='ltr'>horis</span> <span class='ocrx_word' id='word_1_406' title='bbox 2772 1524 3213 1596; x_wconf 81' lang='lat' dir='ltr'>surgentes,qui</span> <span class='ocrx_word' id='word_1_407' title='bbox 3231 1525 3574 1595; x_wconf 88' lang='lat' dir='ltr'>perdierum</span> 
     </span>
    </p>
   </div>
   <div class='ocr_carea' id='block_1_62' title="bbox 1924 1613 3577 1684">
    <p class='ocr_par' dir='ltr' id='par_1_62' title="bbox 1924 1613 3577 1684">
     <span class='ocr_line' id='line_1_62' title="bbox 1924 1613 3577 1684; baseline 0.001 -18"><span class='ocrx_word' id='word_1_408' title='bbox 1924 1616 2079 1667; x_wconf 89' lang='lat' dir='ltr'>vices</span> <span class='ocrx_word' id='word_1_409' title='bbox 2109 1613 2352 1683; x_wconf 89' lang='lat' dir='ltr'>reliquis</span> <span class='ocrx_word' id='word_1_410' title='bbox 2382 1614 2736 1679; x_wconf 87' lang='lat' dir='ltr'>serviebant,</span> <span class='ocrx_word' id='word_1_411' title='bbox 2769 1614 2867 1668; x_wconf 90' lang='lat' dir='ltr'>alii</span> <span class='ocrx_word' id='word_1_412' title='bbox 2901 1614 3227 1684; x_wconf 88' lang='lat' dir='ltr'>coquebant</span> <span class='ocrx_word' id='word_1_413' title='bbox 3261 1614 3443 1681; x_wconf 89' lang='lat' dir='ltr'>cibos,</span> <span class='ocrx_word' id='word_1_414' title='bbox 3479 1614 3577 1668; x_wconf 88' lang='lat' dir='ltr'>alii</span> 
     </span>
    </p>
   </div>
   <div class='ocr_carea' id='block_1_63' title="bbox 1926 1702 3573 1772">
    <p class='ocr_par' dir='ltr' id='par_1_63' title="bbox 1926 1702 3573 1772">
     <span class='ocr_line' id='line_1_63' title="bbox 1926 1702 3573 1772; baseline 0.002 -17"><span class='ocrx_word' id='word_1_415' title='bbox 1926 1718 2162 1757; x_wconf 89' lang='lat' dir='ltr'>mensas</span> <span class='ocrx_word' id='word_1_416' title='bbox 2197 1703 2499 1772; x_wconf 88' lang='lat' dir='ltr'>parabant.</span> <span class='ocrx_word' id='word_1_417' title='bbox 2535 1704 2689 1766; x_wconf 91' lang='lat' dir='ltr'>Quas</span> <span class='ocrx_word' id='word_1_418' title='bbox 2721 1703 2874 1757; x_wconf 90' lang='lat' dir='ltr'>circa</span> <span class='ocrx_word' id='word_1_419' title='bbox 2930 1703 3163 1758; x_wconf 89' lang='lat' dir='ltr'>tertiam</span> <span class='ocrx_word' id='word_1_420' title='bbox 3219 1703 3336 1757; x_wconf 90' lang='lat' dir='ltr'>diei</span> <span class='ocrx_word' id='word_1_421' title='bbox 3367 1702 3573 1759; x_wconf 90' lang='lat' dir='ltr'>horam</span> 
     </span>
    </p>
   </div>
   <div class='ocr_carea' id='block_1_64' title="bbox 1927 1790 3572 1863">
    <p class='ocr_par' dir='ltr' id='par_1_64' title="bbox 1927 1790 3572 1863">
     <span class='ocr_line' id='line_1_64' title="bbox 1927 1790 3572 1863; baseline 0.001 -18"><span class='ocrx_word' id='word_1_422' title='bbox 1927 1806 2139 1860; x_wconf 83' lang='lat' dir='ltr'>ponere</span> <span class='ocrx_word' id='word_1_423' title='bbox 2169 1790 2348 1860; x_wconf 88' lang='lat' dir='ltr'>soliti,</span> <span class='ocrx_word' id='word_1_424' title='bbox 2376 1792 2628 1861; x_wconf 85' lang='lat' dir='ltr'>perfecto</span> <span class='ocrx_word' id='word_1_425' title='bbox 2662 1791 2817 1846; x_wconf 92' lang='lat' dir='ltr'>omni</span> <span class='ocrx_word' id='word_1_426' title='bbox 2851 1807 3023 1861; x_wconf 88' lang='lat' dir='ltr'>opere</span> <span class='ocrx_word' id='word_1_427' title='bbox 3054 1808 3160 1846; x_wconf 89' lang='lat' dir='ltr'>suo</span> <span class='ocrx_word' id='word_1_428' title='bbox 3212 1808 3572 1863; x_wconf 81' lang='lat' dir='ltr'>superpone-</span> 
     </span>
    </p>
   </div>
   <div class='ocr_carea' id='block_1_65' title="bbox 1925 1879 3572 1951">
    <p class='ocr_par' dir='ltr' id='par_1_65' title="bbox 1925 1879 3572 1951">
     <span class='ocr_line' id='line_1_65' title="bbox 1925 1879 3572 1951; baseline 0.001 -17"><span class='ocrx_word' id='word_1_429' title='bbox 1925 1880 2068 1934; x_wconf 90' lang='lat' dir='ltr'>bant</span> <span class='ocrx_word' id='word_1_430' title='bbox 2097 1880 2315 1934; x_wconf 87' lang='lat' dir='ltr'>eisdem</span> <span class='ocrx_word' id='word_1_431' title='bbox 2352 1897 2551 1951; x_wconf 89' lang='lat' dir='ltr'>panes,</span> <span class='ocrx_word' id='word_1_432' title='bbox 2577 1886 2634 1935; x_wconf 92' lang='lat' dir='ltr'>et</span> <span class='ocrx_word' id='word_1_433' title='bbox 2666 1879 2941 1935; x_wconf 88' lang='lat' dir='ltr'>herbulas</span> <span class='ocrx_word' id='word_1_434' title='bbox 2974 1881 3259 1950; x_wconf 87' lang='lat' dir='ltr'>quasdam</span> <span class='ocrx_word' id='word_1_435' title='bbox 3284 1896 3390 1936; x_wconf 85' lang='lat' dir='ltr'>suo</span> <span class='ocrx_word' id='word_1_436' title='bbox 3412 1897 3572 1936; x_wconf 90' lang='lat' dir='ltr'>more</span> 
     </span>
    </p>
   </div>
   <div class='ocr_carea' id='block_1_66' title="bbox 1925 1968 3571 2040">
    <p class='ocr_par' dir='ltr' id='par_1_66' title="bbox 1925 1968 3571 2040">
     <span class='ocr_line' id='line_1_66' title="bbox 1925 1968 3571 2040; baseline 0.002 -18"><span class='ocrx_word' id='word_1_437' title='bbox 1925 1969 2214 2036; x_wconf 92' lang='lat' dir='ltr'>conditas,</span> <span class='ocrx_word' id='word_1_438' title='bbox 2248 1986 2396 2039; x_wconf 90' lang='lat' dir='ltr'>quas</span> <span class='ocrx_word' id='word_1_439' title='bbox 2456 1969 2733 2039; x_wconf 88' lang='lat' dir='ltr'>lapsanas</span> <span class='ocrx_word' id='word_1_440' title='bbox 2776 1970 2883 2040; x_wconf 84' lang='grc'>(21)</span> <span class='ocrx_word' id='word_1_441' title='bbox 2923 1973 3151 2024; x_wconf 87' lang='lat' dir='ltr'>vocant.</span> <span class='ocrx_word' id='word_1_442' title='bbox 3185 1968 3381 2026; x_wconf 88' lang='lat' dir='ltr'>Olivas</span> <span class='ocrx_word' id='word_1_443' title='bbox 3414 1970 3571 2025; x_wconf 73' lang='lat'><strong>964</strong></span> 
     </span>
    </p>
   </div>
   <div class='ocr_carea' id='block_1_67' title="bbox 1924 2059 3569 2131">
    <p class='ocr_par' dir='ltr' id='par_1_67' title="bbox 1924 2059 3569 2131">
     <span class='ocr_line' id='line_1_67' title="bbox 1924 2059 3569 2131; baseline 0.001 -18"><span class='ocrx_word' id='word_1_444' title='bbox 1924 2075 2179 2130; x_wconf 90' lang='lat' dir='ltr'>quoque,</span> <span class='ocrx_word' id='word_1_445' title='bbox 2194 2065 2251 2114; x_wconf 92' lang='lat' dir='ltr'>et</span> <span class='ocrx_word' id='word_1_446' title='bbox 2269 2075 2504 2115; x_wconf 90' lang='lat' dir='ltr'>caseum</span> <span class='ocrx_word' id='word_1_447' title='bbox 2529 2064 2736 2131; x_wconf 64' lang='lat' dir='ltr'>praeter</span> <span class='ocrx_word' id='word_1_448' title='bbox 2754 2075 2981 2127; x_wconf 91' lang='lat' dir='ltr'>carnes,</span> <span class='ocrx_word' id='word_1_449' title='bbox 3007 2059 3372 2114; x_wconf 88' lang='lat' dir='ltr'>communita</span> <span class='ocrx_word' id='word_1_450' title='bbox 3393 2060 3569 2116; x_wconf 89' lang='lat' dir='ltr'>etiam</span> 
     </span>
    </p>
   </div>
   <div class='ocr_carea' id='block_1_68' title="bbox 1924 2147 3571 2220">
    <p class='ocr_par' dir='ltr' id='par_1_68' title="bbox 1924 2147 3571 2220">
     <span class='ocr_line' id='line_1_68' title="bbox 1924 2147 3571 2220; baseline 0.001 -16"><span class='ocrx_word' id='word_1_451' title='bbox 1924 2149 2134 2204; x_wconf 88' lang='lat' dir='ltr'>diversi</span> <span class='ocrx_word' id='word_1_452' title='bbox 2161 2148 2389 2220; x_wconf 89' lang='lat' dir='ltr'>generis</span> <span class='ocrx_word' id='word_1_453' title='bbox 2411 2149 2586 2203; x_wconf 89' lang='lat' dir='ltr'>olera.</span> <span class='ocrx_word' id='word_1_454' title='bbox 2610 2148 2837 2213; x_wconf 90' lang='lat' dir='ltr'>Quibus</span> <span class='ocrx_word' id='word_1_455' title='bbox 2864 2147 2923 2203; x_wconf 91' lang='lat' dir='ltr'>in</span> <span class='ocrx_word' id='word_1_456' title='bbox 2957 2148 3114 2203; x_wconf 83' lang='lat' dir='ltr'>hunc</span> <span class='ocrx_word' id='word_1_457' title='bbox 3137 2149 3424 2204; x_wconf 86' lang='lat' dir='ltr'>ordinatis</span> <span class='ocrx_word' id='word_1_458' title='bbox 3450 2166 3571 2205; x_wconf 87' lang='lat' dir='ltr'>mo-</span> 
     </span>
    </p>
   </div>
   <div class='ocr_carea' id='block_1_69' title="bbox 1923 2237 3575 2308">
    <p class='ocr_par' dir='ltr' id='par_1_69' title="bbox 1923 2237 3575 2308">
     <span class='ocr_line' id='line_1_69' title="bbox 1923 2237 3575 2308; baseline 0.001 -16"><span class='ocrx_word' id='word_1_459' title='bbox 1923 2237 2204 2307; x_wconf 89' lang='lat' dir='ltr'>dum,alii</span> <span class='ocrx_word' id='word_1_460' title='bbox 2237 2242 2396 2293; x_wconf 80' lang='lat' dir='ltr'>sexta</span> <span class='ocrx_word' id='word_1_461' title='bbox 2440 2237 2553 2292; x_wconf 90' lang='lat' dir='ltr'>diei</span> <span class='ocrx_word' id='word_1_462' title='bbox 2612 2237 2752 2291; x_wconf 89' lang='lat' dir='ltr'>hora</span> <span class='ocrx_word' id='word_1_463' title='bbox 2810 2237 3223 2308; x_wconf 83' lang='lat' dir='ltr'>ingredientes,</span> <span class='ocrx_word' id='word_1_464' title='bbox 3262 2239 3575 2294; x_wconf 88' lang='lat' dir='ltr'>sumebant</span> 
     </span>
    </p>
   </div>
   <div class='ocr_carea' id='block_1_70' title="bbox 1923 2325 3573 2397">
    <p class='ocr_par' dir='ltr' id='par_1_70' title="bbox 1923 2325 3573 2397">
     <span class='ocr_line' id='line_1_70' title="bbox 1923 2325 3573 2397; baseline 0.001 -16"><span class='ocrx_word' id='word_1_465' title='bbox 1923 2329 2140 2394; x_wconf 91' lang='lat' dir='ltr'>cibum,</span> <span class='ocrx_word' id='word_1_466' title='bbox 2177 2326 2273 2382; x_wconf 89' lang='lat' dir='ltr'>alii</span> <span class='ocrx_word' id='word_1_467' title='bbox 2305 2328 2574 2397; x_wconf 82' lang='lat' dir='ltr'>septima,</span> <span class='ocrx_word' id='word_1_468' title='bbox 2609 2325 2706 2381; x_wconf 90' lang='lat' dir='ltr'>alii</span> <span class='ocrx_word' id='word_1_469' title='bbox 2734 2331 2955 2395; x_wconf 88' lang='lat' dir='ltr'>octava,</span> <span class='ocrx_word' id='word_1_470' title='bbox 2991 2326 3090 2381; x_wconf 88' lang='lat' dir='ltr'>alii</span> <span class='ocrx_word' id='word_1_471' title='bbox 3140 2343 3313 2393; x_wconf 89' lang='lat' dir='ltr'>nona,</span> <span class='ocrx_word' id='word_1_472' title='bbox 3346 2327 3443 2383; x_wconf 84' lang='lat' dir='ltr'>alii</span> <span class='ocrx_word' id='word_1_473' title='bbox 3475 2329 3573 2383; x_wconf 89' lang='lat' dir='ltr'>de-</span> 
     </span>
    </p>
   </div>
   <div class='ocr_carea' id='block_1_71' title="bbox 1923 2415 3576 2488">
    <p class='ocr_par' dir='ltr' id='par_1_71' title="bbox 1923 2415 3576 2488">
     <span class='ocr_line' id='line_1_71' title="bbox 1923 2415 3576 2488; baseline 0.001 -17"><span class='ocrx_word' id='word_1_474' title='bbox 1923 2418 2093 2483; x_wconf 91' lang='lat' dir='ltr'>cima,</span> <span class='ocrx_word' id='word_1_475' title='bbox 2130 2416 2225 2471; x_wconf 90' lang='lat' dir='ltr'>alii</span> <span class='ocrx_word' id='word_1_476' title='bbox 2255 2416 2585 2483; x_wconf 90' lang='lat' dir='ltr'>undecima,</span> <span class='ocrx_word' id='word_1_477' title='bbox 2614 2415 2709 2471; x_wconf 87' lang='lat' dir='ltr'>alii</span> <span class='ocrx_word' id='word_1_478' title='bbox 2742 2416 3173 2488; x_wconf 83' lang='lat' dir='ltr'>profundajam</span> <span class='ocrx_word' id='word_1_479' title='bbox 3221 2420 3388 2471; x_wconf 90' lang='lat' dir='ltr'>nocte</span> <span class='ocrx_word' id='word_1_480' title='bbox 3416 2416 3576 2473; x_wconf 89' lang='lat' dir='ltr'>vesci</span> 
     </span>
    </p>
   </div>
   <div class='ocr_carea' id='block_1_72' title="bbox 1922 2504 3573 2577">
    <p class='ocr_par' dir='ltr' id='par_1_72' title="bbox 1922 2504 3573 2577">
     <span class='ocr_line' id='line_1_72' title="bbox 1922 2504 3573 2577; baseline 0.002 -17"><span class='ocrx_word' id='word_1_481' title='bbox 1922 2510 2377 2573; x_wconf 88' lang='lat' dir='ltr'>consueverant;</span> <span class='ocrx_word' id='word_1_482' title='bbox 2408 2505 2647 2576; x_wconf 86' lang='lat' dir='ltr'>quidam</span> <span class='ocrx_word' id='word_1_483' title='bbox 2708 2510 2903 2560; x_wconf 89' lang='lat' dir='ltr'>autem</span> <span class='ocrx_word' id='word_1_484' title='bbox 2946 2510 3080 2577; x_wconf 87' lang='lat' dir='ltr'>post</span> <span class='ocrx_word' id='word_1_485' title='bbox 3118 2504 3363 2560; x_wconf 89' lang='lat' dir='ltr'>biduum</span> <span class='ocrx_word' id='word_1_486' title='bbox 3396 2507 3573 2563; x_wconf 88' lang='lat' dir='ltr'>etiam</span> 
     </span>
    </p>
   </div>
   <div class='ocr_carea' id='block_1_73' title="bbox 1923 2593 3575 2666">
    <p class='ocr_par' dir='ltr' id='par_1_73' title="bbox 1923 2593 3575 2666">
     <span class='ocr_line' id='line_1_73' title="bbox 1923 2593 3575 2666; baseline 0.001 -17"><span class='ocrx_word' id='word_1_487' title='bbox 1923 2595 2231 2664; x_wconf 88' lang='lat' dir='ltr'>capiebant</span> <span class='ocrx_word' id='word_1_488' title='bbox 2261 2595 2476 2649; x_wconf 91' lang='lat' dir='ltr'>cibum.</span> <span class='ocrx_word' id='word_1_489' title='bbox 2511 2599 2589 2649; x_wconf 80' lang='lat' dir='ltr'>Ex</span> <span class='ocrx_word' id='word_1_490' title='bbox 2621 2595 2855 2666; x_wconf 89' lang='lat' dir='ltr'>propria</span> <span class='ocrx_word' id='word_1_491' title='bbox 2885 2599 3081 2649; x_wconf 88' lang='lat' dir='ltr'>tamen</span> <span class='ocrx_word' id='word_1_492' title='bbox 3125 2593 3316 2650; x_wconf 87' lang='lat' dir='ltr'>littera</span> <span class='ocrx_word' id='word_1_493' title='bbox 3350 2600 3575 2666; x_wconf 86' lang='lat' dir='ltr'>poterat</span> 
     </span>
    </p>
   </div>
   <div class='ocr_carea' id='block_1_74' title="bbox 1922 2683 3570 2756">
    <p class='ocr_par' dir='ltr' id='par_1_74' title="bbox 1922 2683 3570 2756">
     <span class='ocr_line' id='line_1_74' title="bbox 1922 2683 3570 2756; baseline 0.002 -19"><span class='ocrx_word' id='word_1_494' title='bbox 1922 2683 2067 2738; x_wconf 89' lang='lat' dir='ltr'>hora</span> <span class='ocrx_word' id='word_1_495' title='bbox 2099 2683 2561 2754; x_wconf 88' lang='lat' dir='ltr'>uniuscujusque</span> <span class='ocrx_word' id='word_1_496' title='bbox 2588 2684 2883 2755; x_wconf 89' lang='lat' dir='ltr'>cognosci.</span> <span class='ocrx_word' id='word_1_497' title='bbox 2915 2683 3198 2738; x_wconf 79' lang='lat' dir='ltr'>Similiter</span> <span class='ocrx_word' id='word_1_498' title='bbox 3226 2684 3398 2739; x_wconf 90' lang='lat' dir='ltr'>etiam</span> <span class='ocrx_word' id='word_1_499' title='bbox 3422 2684 3570 2756; x_wconf 88' lang='lat' dir='ltr'>ipsis</span> 
     </span>
    </p>
   </div>
   <div class='ocr_carea' id='block_1_75' title="bbox 1921 2772 3571 2845">
    <p class='ocr_par' dir='ltr' id='par_1_75' title="bbox 1921 2772 3571 2845">
     <span class='ocr_line' id='line_1_75' title="bbox 1921 2772 3571 2845; baseline 0.002 -18"><span class='ocrx_word' id='word_1_500' title='bbox 1921 2778 2090 2827; x_wconf 91' lang='lat' dir='ltr'>erant</span> <span class='ocrx_word' id='word_1_501' title='bbox 2119 2778 2176 2828; x_wconf 91' lang='lat' dir='ltr'>et</span> <span class='ocrx_word' id='word_1_502' title='bbox 2205 2790 2379 2844; x_wconf 91' lang='lat' dir='ltr'>opera</span> <span class='ocrx_word' id='word_1_503' title='bbox 2409 2772 2598 2828; x_wconf 91' lang='lat' dir='ltr'>divisa</span> <span class='ocrx_word' id='word_1_504' title='bbox 2625 2789 2642 2840; x_wconf 86' lang='lat'><strong>;</strong></span> <span class='ocrx_word' id='word_1_505' title='bbox 2675 2773 2770 2827; x_wconf 91' lang='lat' dir='ltr'>alii</span> <span class='ocrx_word' id='word_1_506' title='bbox 2804 2773 2957 2827; x_wconf 91' lang='lat' dir='ltr'>enim</span> <span class='ocrx_word' id='word_1_507' title='bbox 2982 2772 3354 2845; x_wconf 60' lang='lat' dir='ltr'>agricultura;</span> <span class='ocrx_word' id='word_1_508' title='bbox 3383 2772 3571 2830; x_wconf 87' lang='lat' dir='ltr'>inser-</span> 
     </span>
    </p>
   </div>
   <div class='ocr_carea' id='block_1_76' title="bbox 1920 2861 3570 2931">
    <p class='ocr_par' dir='ltr' id='par_1_76' title="bbox 1920 2861 3570 2931">
     <span class='ocr_line' id='line_1_76' title="bbox 1920 2861 3570 2931; baseline 0.001 -14"><span class='ocrx_word' id='word_1_509' title='bbox 1920 2861 2173 2931; x_wconf 89' lang='lat' dir='ltr'>viebant,</span> <span class='ocrx_word' id='word_1_510' title='bbox 2208 2864 2359 2917; x_wconf 87' lang='lat' dir='ltr'>alter</span> <span class='ocrx_word' id='word_1_511' title='bbox 2386 2862 2620 2917; x_wconf 87' lang='lat' dir='ltr'>hortum</span> <span class='ocrx_word' id='word_1_512' title='bbox 2656 2863 2899 2927; x_wconf 88' lang='lat' dir='ltr'>colebat,</span> <span class='ocrx_word' id='word_1_513' title='bbox 2934 2861 3030 2916; x_wconf 90' lang='lat' dir='ltr'>ille</span> <span class='ocrx_word' id='word_1_514' title='bbox 3061 2862 3306 2917; x_wconf 75' lang='lat' dir='ltr'>ofﬁcinae</span> <span class='ocrx_word' id='word_1_515' title='bbox 3340 2862 3570 2918; x_wconf 67' lang='lat' dir='ltr'>fabricas</span> 
     </span>
    </p>
   </div>
   <div class='ocr_carea' id='block_1_77' title="bbox 1920 2951 3567 3022">
    <p class='ocr_par' dir='ltr' id='par_1_77' title="bbox 1920 2951 3567 3022">
     <span class='ocr_line' id='line_1_77' title="bbox 1920 2951 3567 3022; baseline 0.002 -17"><span class='ocrx_word' id='word_1_516' title='bbox 1920 2952 2227 3019; x_wconf 89' lang='lat' dir='ltr'>vacabant,</span> <span class='ocrx_word' id='word_1_517' title='bbox 2262 2952 2359 3007; x_wconf 91' lang='lat' dir='ltr'>ille</span> <span class='ocrx_word' id='word_1_518' title='bbox 2392 2953 2652 3022; x_wconf 89' lang='lat' dir='ltr'>pistoris,</span> <span class='ocrx_word' id='word_1_519' title='bbox 2689 2952 2832 3007; x_wconf 90' lang='lat' dir='ltr'>alter</span> <span class='ocrx_word' id='word_1_520' title='bbox 2853 2952 3230 3022; x_wconf 87' lang='lat' dir='ltr'>carpentarii,</span> <span class='ocrx_word' id='word_1_521' title='bbox 3258 2951 3404 3007; x_wconf 86' lang='lat' dir='ltr'>alter</span> <span class='ocrx_word' id='word_1_522' title='bbox 3432 2970 3567 3009; x_wconf 86' lang='lat' dir='ltr'>vero</span> 
     </span>
    </p>
   </div>
   <div class='ocr_carea' id='block_1_78' title="bbox 1921 3040 3565 3112">
    <p class='ocr_par' dir='ltr' id='par_1_78' title="bbox 1921 3040 3565 3112">
     <span class='ocr_line' id='line_1_78' title="bbox 1921 3040 3565 3112; baseline 0.002 -17"><span class='ocrx_word' id='word_1_523' title='bbox 1921 3040 2162 3096; x_wconf 87' lang='lat' dir='ltr'>fullonis</span> <span class='ocrx_word' id='word_1_524' title='bbox 2184 3047 2305 3097; x_wconf 91' lang='lat' dir='ltr'>arte</span> <span class='ocrx_word' id='word_1_525' title='bbox 2341 3042 2618 3109; x_wconf 80' lang='lat' dir='ltr'>clarabat,</span> <span class='ocrx_word' id='word_1_526' title='bbox 2644 3041 2791 3097; x_wconf 88' lang='lat' dir='ltr'>alter</span> <span class='ocrx_word' id='word_1_527' title='bbox 2819 3041 3082 3112; x_wconf 91' lang='lat' dir='ltr'>pellium,</span> <span class='ocrx_word' id='word_1_528' title='bbox 3102 3040 3248 3097; x_wconf 89' lang='lat' dir='ltr'>alter</span> <span class='ocrx_word' id='word_1_529' title='bbox 3276 3042 3565 3099; x_wconf 90' lang='lat' dir='ltr'>coriorum</span> 
     </span>
    </p>
   </div>
   <div class='ocr_carea' id='block_1_79' title="bbox 1924 3130 3567 3196">
    <p class='ocr_par' dir='ltr' id='par_1_79' title="bbox 1924 3130 3567 3196">
     <span class='ocr_line' id='line_1_79' title="bbox 1924 3130 3567 3196; baseline 0 -11"><span class='ocrx_word' id='word_1_530' title='bbox 1924 3131 2284 3185; x_wconf 85' lang='lat' dir='ltr'>confectione</span> <span class='ocrx_word' id='word_1_531' title='bbox 2342 3132 2616 3196; x_wconf 88' lang='lat' dir='ltr'>sudabat,</span> <span class='ocrx_word' id='word_1_532' title='bbox 2646 3130 2798 3187; x_wconf 89' lang='lat' dir='ltr'>alius</span> <span class='ocrx_word' id='word_1_533' title='bbox 2843 3131 3122 3185; x_wconf 87' lang='lat' dir='ltr'>Codicum</span> <span class='ocrx_word' id='word_1_534' title='bbox 3176 3130 3424 3186; x_wconf 89' lang='lat' dir='ltr'>lectione</span> <span class='ocrx_word' id='word_1_535' title='bbox 3478 3134 3567 3187; x_wconf 84' lang='lat' dir='ltr'>vel</span> 
     </span>
    </p>
   </div>
   <div class='ocr_carea' id='block_1_80' title="bbox 1926 3220 3570 3292">
    <p class='ocr_par' dir='ltr' id='par_1_80' title="bbox 1926 3220 3570 3292">
     <span class='ocr_line' id='line_1_80' title="bbox 1926 3220 3570 3292; baseline 0 -15"><span class='ocrx_word' id='word_1_536' title='bbox 1926 3220 2350 3292; x_wconf 87' lang='lat' dir='ltr'>conscriptione</span> <span class='ocrx_word' id='word_1_537' title='bbox 2409 3221 2721 3292; x_wconf 86' lang='lat' dir='ltr'>gaudebat,</span> <span class='ocrx_word' id='word_1_538' title='bbox 2755 3220 2902 3276; x_wconf 89' lang='lat' dir='ltr'>alter</span> <span class='ocrx_word' id='word_1_539' title='bbox 2958 3220 3269 3291; x_wconf 82' lang='lat' dir='ltr'>sportellas</span> <span class='ocrx_word' id='word_1_540' title='bbox 3317 3222 3570 3292; x_wconf 85' lang='lat' dir='ltr'>grandes</span> 
     </span>
    </p>
   </div>
   <div class='ocr_carea' id='block_1_81' title="bbox 1919 3308 3565 3376">
    <p class='ocr_par' dir='ltr' id='par_1_81' title="bbox 1919 3308 3565 3376">
     <span class='ocr_line' id='line_1_81' title="bbox 1919 3308 3565 3376; baseline 0.001 -12"><span class='ocrx_word' id='word_1_541' title='bbox 1919 3311 2176 3365; x_wconf 80' lang='lat' dir='ltr'>intexere</span> <span class='ocrx_word' id='word_1_542' title='bbox 2208 3308 2421 3364; x_wconf 90' lang='lat' dir='ltr'>solitus</span> <span class='ocrx_word' id='word_1_543' title='bbox 2453 3313 2599 3373; x_wconf 90' lang='lat' dir='ltr'>erat,</span> <span class='ocrx_word' id='word_1_544' title='bbox 2632 3310 2779 3364; x_wconf 90' lang='lat' dir='ltr'>alter</span> <span class='ocrx_word' id='word_1_545' title='bbox 2808 3309 3067 3363; x_wconf 91' lang='lat' dir='ltr'>minores</span> <span class='ocrx_word' id='word_1_546' title='bbox 3093 3328 3106 3376; x_wconf 88' lang='lat'><strong>;</strong></span> <span class='ocrx_word' id='word_1_547' title='bbox 3134 3325 3337 3364; x_wconf 88' lang='lat' dir='ltr'>omnes</span> <span class='ocrx_word' id='word_1_548' title='bbox 3367 3313 3565 3365; x_wconf 91' lang='lat' dir='ltr'>tamen</span> 
     </span>
    </p>
   </div>
   <div class='ocr_carea' id='block_1_82' title="bbox 1920 3396 3372 3469">
    <p class='ocr_par' dir='ltr' id='par_1_82' title="bbox 1920 3396 3372 3469">
     <span class='ocr_line' id='line_1_82' title="bbox 1920 3396 3372 3469; baseline -0.002 -15"><span class='ocrx_word' id='word_1_549' title='bbox 1920 3398 2097 3454; x_wconf 90' lang='lat' dir='ltr'>simul</span> <span class='ocrx_word' id='word_1_550' title='bbox 2131 3398 2466 3453; x_wconf 88' lang='lat' dir='ltr'>memoriter</span> <span class='ocrx_word' id='word_1_551' title='bbox 2496 3397 2831 3469; x_wconf 88' lang='lat' dir='ltr'>spirituales</span> <span class='ocrx_word' id='word_1_552' title='bbox 2860 3396 3042 3453; x_wconf 89' lang='lat' dir='ltr'>libros</span> <span class='ocrx_word' id='word_1_553' title='bbox 3073 3398 3372 3452; x_wconf 90' lang='lat' dir='ltr'>tenebant.</span> 
     </span>
    </p>
   </div>
   <div class='ocr_carea' id='block_1_83' title="bbox 2542 3504 2931 3561">
    <p class='ocr_par' dir='ltr' id='par_1_83' title="bbox 2542 3504 2931 3561">
     <span class='ocr_line' id='line_1_83' title="bbox 2542 3504 2931 3561; baseline 0 -2"><span class='ocrx_word' id='word_1_554' title='bbox 2542 3504 2774 3561; x_wconf 74' lang='lat' dir='ltr'><strong>CAPUT</strong></span> <span class='ocrx_word' id='word_1_555' title='bbox 2804 3506 2931 3560; x_wconf 84' lang='lat' dir='ltr'>XX.</span> 
     </span>
    </p>
   </div>
   <div class='ocr_carea' id='block_1_84' title="bbox 1926 3593 3565 3665">
    <p class='ocr_par' dir='ltr' id='par_1_84' title="bbox 1926 3593 3565 3665">
     <span class='ocr_line' id='line_1_84' title="bbox 1926 3593 3565 3665; baseline 0 -15"><span class='ocrx_word' id='word_1_556' title='bbox 1926 3594 2049 3651; x_wconf 75' lang='lat' dir='ltr'>Vila</span> <span class='ocrx_word' id='word_1_557' title='bbox 2102 3593 2663 3649; x_wconf 76' lang='lat' dir='ltr'>Tabennensiolarum</span> <span class='ocrx_word' id='word_1_558' title='bbox 2720 3593 3081 3665; x_wconf 79' lang='lat' dir='ltr'>feminarum,</span> <span class='ocrx_word' id='word_1_559' title='bbox 3113 3599 3166 3649; x_wconf 80' lang='lat' dir='ltr'>et</span> <span class='ocrx_word' id='word_1_560' title='bbox 3228 3593 3470 3665; x_wconf 79' lang='lat' dir='ltr'>Virgine,</span> <span class='ocrx_word' id='word_1_561' title='bbox 3502 3594 3565 3650; x_wconf 76' lang='lat' dir='ltr'>de</span> 
     </span>
    </p>
   </div>
   <div class='ocr_carea' id='block_1_85' title="bbox 2134 3666 3349 3737">
    <p class='ocr_par' dir='ltr' id='par_1_85' title="bbox 2134 3666 3349 3737">
     <span class='ocr_line' id='line_1_85' title="bbox 2134 3666 3349 3737; baseline 0 -17"><span class='ocrx_word' id='word_1_562' title='bbox 2134 3684 2239 3737; x_wconf 84' lang='lat' dir='ltr'>qua</span> <span class='ocrx_word' id='word_1_563' title='bbox 2270 3666 2479 3721; x_wconf 77' lang='lat' dir='ltr'>dictum</span> <span class='ocrx_word' id='word_1_564' title='bbox 2509 3670 2693 3736; x_wconf 82' lang='lat' dir='ltr'>fuerat</span> <span class='ocrx_word' id='word_1_565' title='bbox 2720 3668 2923 3736; x_wconf 74' lang='lat' dir='ltr'>falsum</span> <span class='ocrx_word' id='word_1_566' title='bbox 2954 3666 3349 3723; x_wconf 76' lang='lat' dir='ltr'>testi-monium.</span> 
     </span>
    </p>
   </div>
   <div class='ocr_carea' id='block_1_86' title="bbox 1992 3756 3569 3828">
    <p class='ocr_par' dir='ltr' id='par_1_86' title="bbox 1992 3756 3569 3828">
     <span class='ocr_line' id='line_1_86' title="bbox 1992 3756 3569 3828; baseline 0.001 -18"><span class='ocrx_word' id='word_1_567' title='bbox 1992 3756 2297 3811; x_wconf 86' lang='lat' dir='ltr'>Estautem</span> <span class='ocrx_word' id='word_1_568' title='bbox 2315 3757 2466 3827; x_wconf 90' lang='lat' dir='ltr'>apud</span> <span class='ocrx_word' id='word_1_569' title='bbox 2485 3756 2987 3811; x_wconf 87' lang='lat' dir='ltr'>istosfeminarum</span> <span class='ocrx_word' id='word_1_570' title='bbox 3005 3756 3569 3828; x_wconf 86' lang='lat' dir='ltr'>quadringentarum</span> 
     </span>
    </p>
   </div>
   <div class='ocr_carea' id='block_1_87' title="bbox 1923 3845 3574 3915">
    <p class='ocr_par' dir='ltr' id='par_1_87' title="bbox 1923 3845 3574 3915">
     <span class='ocr_line' id='line_1_87' title="bbox 1923 3845 3574 3915; baseline -0.001 -14"><span class='ocrx_word' id='word_1_571' title='bbox 1923 3862 2168 3901; x_wconf 89' lang='lat' dir='ltr'>numero</span> <span class='ocrx_word' id='word_1_572' title='bbox 2183 3845 2627 3911; x_wconf 87' lang='lat' dir='ltr'>monasterium,</span> <span class='ocrx_word' id='word_1_573' title='bbox 2646 3846 2853 3901; x_wconf 90' lang='lat' dir='ltr'>iisdem</span> <span class='ocrx_word' id='word_1_574' title='bbox 2872 3846 3161 3912; x_wconf 89' lang='lat' dir='ltr'>moribus,</span> <span class='ocrx_word' id='word_1_575' title='bbox 3181 3850 3353 3915; x_wconf 86' lang='lat' dir='ltr'>atque</span> <span class='ocrx_word' id='word_1_576' title='bbox 3370 3846 3574 3901; x_wconf 90' lang='lat' dir='ltr'>eadem</span> 
     </span>
    </p>
   </div>
   <div class='ocr_carea' id='block_1_88' title="bbox 1925 3934 3573 4005">
    <p class='ocr_par' dir='ltr' id='par_1_88' title="bbox 1925 3934 3573 4005">
     <span class='ocr_line' id='line_1_88' title="bbox 1925 3934 3573 4005; baseline -0.001 -15"><span class='ocrx_word' id='word_1_577' title='bbox 1925 3935 2294 3990; x_wconf 89' lang='lat' dir='ltr'>ordinatione</span> <span class='ocrx_word' id='word_1_578' title='bbox 2332 3935 2678 4001; x_wconf 90' lang='lat' dir='ltr'>viventium,</span> <span class='ocrx_word' id='word_1_579' title='bbox 2703 3939 2939 4005; x_wconf 85' lang='lat' dir='ltr'>excepto</span> <span class='ocrx_word' id='word_1_580' title='bbox 2971 3934 3297 3989; x_wconf 88' lang='lat' dir='ltr'>velamento</span> <span class='ocrx_word' id='word_1_581' title='bbox 3333 3934 3573 4005; x_wconf 88' lang='lat' dir='ltr'>pellium</span> 
     </span>
    </p>
   </div>
   <div class='ocr_carea' id='block_1_89' title="bbox 1926 4022 3578 4094">
    <p class='ocr_par' dir='ltr' id='par_1_89' title="bbox 1926 4022 3578 4094">
     <span class='ocr_line' id='line_1_89' title="bbox 1926 4022 3578 4094; baseline -0.001 -15"><span class='ocrx_word' id='word_1_582' title='bbox 1926 4023 2049 4079; x_wconf 91' lang='lat' dir='ltr'>solo</span> <span class='ocrx_word' id='word_1_583' title='bbox 2080 4023 2354 4092; x_wconf 85' lang='lat' dir='ltr'>(Pallad.,</span> <span class='ocrx_word' id='word_1_584' title='bbox 2401 4040 2517 4094; x_wconf 86' lang='lat' dir='ltr'>cap.</span> <span class='ocrx_word' id='word_1_585' title='bbox 2574 4025 2652 4094; x_wconf 85' lang='lat'>3),</span> <span class='ocrx_word' id='word_1_586' title='bbox 2684 4024 2754 4078; x_wconf 91' lang='lat' dir='ltr'>Et</span> <span class='ocrx_word' id='word_1_587' title='bbox 2787 4022 3065 4078; x_wconf 89' lang='lat' dir='ltr'>mulieres</span> <span class='ocrx_word' id='word_1_588' title='bbox 3126 4024 3361 4094; x_wconf 90' lang='lat' dir='ltr'>quidem</span> <span class='ocrx_word' id='word_1_589' title='bbox 3417 4031 3578 4078; x_wconf 88' lang='lat' dir='ltr'>trans</span> 
     </span>
    </p>
   </div>
   <div class='ocr_carea' id='block_1_90' title="bbox 1925 4111 3576 4179">
    <p class='ocr_par' dir='ltr' id='par_1_90' title="bbox 1925 4111 3576 4179">
     <span class='ocr_line' id='line_1_90' title="bbox 1925 4111 3576 4179; baseline -0.001 -12"><span class='ocrx_word' id='word_1_590' title='bbox 1925 4113 2167 4168; x_wconf 89' lang='lat' dir='ltr'>ﬂuvium</span> <span class='ocrx_word' id='word_1_591' title='bbox 2203 4113 2497 4179; x_wconf 87' lang='lat' dir='ltr'>habitant,</span> <span class='ocrx_word' id='word_1_592' title='bbox 2532 4114 2685 4167; x_wconf 84' lang='lat' dir='ltr'>infra</span> <span class='ocrx_word' id='word_1_593' title='bbox 2718 4112 2959 4167; x_wconf 84' lang='lat' dir='ltr'>fluvium</span> <span class='ocrx_word' id='word_1_594' title='bbox 2996 4116 3190 4167; x_wconf 83' lang='lat' dir='ltr'>autem</span> <span class='ocrx_word' id='word_1_595' title='bbox 3224 4111 3353 4166; x_wconf 90' lang='lat' dir='ltr'>viri.</span> <span class='ocrx_word' id='word_1_596' title='bbox 3396 4113 3576 4167; x_wconf 87' lang='lat' dir='ltr'>Cum-</span> 
     </span>
    </p>
   </div>
   <div class='ocr_carea' id='block_1_91' title="bbox 1927 4201 3581 4273">
    <p class='ocr_par' dir='ltr' id='par_1_91' title="bbox 1927 4201 3581 4273">
     <span class='ocr_line' id='line_1_91' title="bbox 1927 4201 3581 4273; baseline -0.001 -17"><span class='ocrx_word' id='word_1_597' title='bbox 1927 4219 2040 4273; x_wconf 92' lang='lat' dir='ltr'>que</span> <span class='ocrx_word' id='word_1_598' title='bbox 2071 4204 2351 4258; x_wconf 85' lang='lat' dir='ltr'>defuncta</span> <span class='ocrx_word' id='word_1_599' title='bbox 2374 4219 2492 4256; x_wconf 89' lang='lat' dir='ltr'>una</span> <span class='ocrx_word' id='word_1_600' title='bbox 2524 4203 2817 4272; x_wconf 86' lang='lat' dir='ltr'>virginum</span> <span class='ocrx_word' id='word_1_601' title='bbox 2855 4202 3048 4270; x_wconf 80' lang='lat' dir='ltr'>fuerit,</span> <span class='ocrx_word' id='word_1_602' title='bbox 3078 4201 3349 4256; x_wconf 84' lang='lat' dir='ltr'>vestitam</span> <span class='ocrx_word' id='word_1_603' title='bbox 3375 4205 3581 4256; x_wconf 87' lang='lat' dir='ltr'>eamut</span> 
     </span>
    </p>
   </div>
   <div class='ocr_carea' id='block_1_92' title="bbox 1928 4289 3581 4361">
    <p class='ocr_par' dir='ltr' id='par_1_92' title="bbox 1928 4289 3581 4361">
     <span class='ocr_line' id='line_1_92' title="bbox 1928 4289 3581 4361; baseline -0.002 -15"><span class='ocrx_word' id='word_1_604' title='bbox 1928 4292 2146 4347; x_wconf 86' lang='lat' dir='ltr'>assolet</span> <span class='ocrx_word' id='word_1_605' title='bbox 2171 4293 2445 4347; x_wconf 88' lang='lat' dir='ltr'>deferunt</span> <span class='ocrx_word' id='word_1_606' title='bbox 2474 4291 2622 4358; x_wconf 63' lang='lat' dir='ltr'>aliis,</span> <span class='ocrx_word' id='word_1_607' title='bbox 2657 4296 2715 4346; x_wconf 91' lang='lat' dir='ltr'>et</span> <span class='ocrx_word' id='word_1_608' title='bbox 2747 4308 2926 4361; x_wconf 91' lang='lat' dir='ltr'>supra</span> <span class='ocrx_word' id='word_1_609' title='bbox 2959 4290 3144 4360; x_wconf 89' lang='lat' dir='ltr'>ripam</span> <span class='ocrx_word' id='word_1_610' title='bbox 3170 4289 3328 4343; x_wconf 86' lang='lat' dir='ltr'>ﬂuvii</span> <span class='ocrx_word' id='word_1_611' title='bbox 3354 4294 3581 4361; x_wconf 89' lang='lat' dir='ltr'>ponunt</span> 
     </span>
    </p>
   </div>
   <div class='ocr_carea' id='block_1_93' title="bbox 1929 4378 3579 4451">
    <p class='ocr_par' dir='ltr' id='par_1_93' title="bbox 1929 4378 3579 4451">
     <span class='ocr_line' id='line_1_93' title="bbox 1929 4378 3579 4451; baseline -0.003 -14"><span class='ocrx_word' id='word_1_612' title='bbox 1929 4398 2178 4437; x_wconf 88' lang='lat' dir='ltr'>sorores.</span> <span class='ocrx_word' id='word_1_613' title='bbox 2214 4382 2398 4444; x_wconf 86' lang='lat' dir='ltr'>Quam</span> <span class='ocrx_word' id='word_1_614' title='bbox 2433 4382 2569 4436; x_wconf 90' lang='lat' dir='ltr'>inde</span> <span class='ocrx_word' id='word_1_615' title='bbox 2602 4398 2734 4435; x_wconf 90' lang='lat' dir='ltr'>cum</span> <span class='ocrx_word' id='word_1_616' title='bbox 2767 4380 3026 4434; x_wconf 90' lang='lat' dir='ltr'>olearum</span> <span class='ocrx_word' id='word_1_617' title='bbox 3060 4378 3418 4435; x_wconf 90' lang='lat' dir='ltr'>ramusculis</span> <span class='ocrx_word' id='word_1_618' title='bbox 3455 4378 3579 4451; x_wconf 82' lang='lat' dir='ltr'>pal-</span> 
     </span>
    </p>
   </div>
   <div class='ocr_carea' id='block_1_94' title="bbox 1930 4468 3583 4543">
    <p class='ocr_par' dir='ltr' id='par_1_94' title="bbox 1930 4468 3583 4543">
     <span class='ocr_line' id='line_1_94' title="bbox 1930 4468 3583 4543; baseline -0.002 -17"><span class='ocrx_word' id='word_1_619' title='bbox 1930 4471 2335 4543; x_wconf 84' lang='lat' dir='ltr'>musculisque</span> <span class='ocrx_word' id='word_1_620' title='bbox 2367 4470 2633 4527; x_wconf 89' lang='lat' dir='ltr'>navicula</span> <span class='ocrx_word' id='word_1_621' title='bbox 2663 4471 3110 4525; x_wconf 87' lang='lat' dir='ltr'>transfretantes</span> <span class='ocrx_word' id='word_1_622' title='bbox 3160 4469 3289 4539; x_wconf 91' lang='lat' dir='ltr'>viri,</span> <span class='ocrx_word' id='word_1_623' title='bbox 3344 4473 3400 4523; x_wconf 90' lang='lat' dir='ltr'>et</span> <span class='ocrx_word' id='word_1_624' title='bbox 3428 4468 3583 4540; x_wconf 88' lang='lat' dir='ltr'>psal-</span> 
     </span>
    </p>
   </div>
   <div class='ocr_carea' id='block_1_95' title="bbox 185 4559 3584 4632">
    <p class='ocr_par' dir='ltr' id='par_1_95' title="bbox 185 4559 3584 4632">
     <span class='ocr_line' id='line_1_95' title="bbox 185 4559 3584 4632; baseline 0 -21"><span class='ocrx_word' id='word_1_625' title='bbox 185 4560 1833 4632; x_wconf 68' lang='lat' dir='ltr'>sationesecuri,Alexandriamsmpetransmittunt,util-</span> <span class='ocrx_word' id='word_1_626' title='bbox 1863 4562 1906 4626; x_wconf 91' lang='lat' dir='ltr'><strong>D</strong></span> <span class='ocrx_word' id='word_1_627' title='bbox 1941 4578 2066 4616; x_wconf 91' lang='lat' dir='ltr'>mos</span> <span class='ocrx_word' id='word_1_628' title='bbox 2099 4567 2396 4628; x_wconf 89' lang='lat' dir='ltr'>canentes,</span> <span class='ocrx_word' id='word_1_629' title='bbox 2432 4562 2499 4615; x_wconf 84' lang='lat' dir='ltr'>ad</span> <span class='ocrx_word' id='word_1_630' title='bbox 2536 4577 2675 4616; x_wconf 90' lang='lat' dir='ltr'>suas</span> <span class='ocrx_word' id='word_1_631' title='bbox 2727 4560 3096 4615; x_wconf 84' lang='lat' dir='ltr'>transferunt</span> <span class='ocrx_word' id='word_1_632' title='bbox 3144 4563 3361 4630; x_wconf 89' lang='lat' dir='ltr'>partes,</span> <span class='ocrx_word' id='word_1_633' title='bbox 3415 4562 3472 4613; x_wconf 93' lang='lat' dir='ltr'>et</span> <span class='ocrx_word' id='word_1_634' title='bbox 3524 4559 3584 4611; x_wconf 92' lang='lat' dir='ltr'>in</span> 
     </span>
    </p>
   </div>
   <div class='ocr_carea' id='block_1_96' title="bbox 183 4646 1832 4720">
    <p class='ocr_par' dir='ltr' id='par_1_96' title="bbox 183 4646 1832 4720">
     <span class='ocr_line' id='line_1_96' title="bbox 183 4646 1832 4720; baseline 0.004 -21"><span class='ocrx_word' id='word_1_635' title='bbox 183 4646 318 4703; x_wconf 87' lang='lat' dir='ltr'>licea</span> <span class='ocrx_word' id='word_1_636' title='bbox 342 4651 592 4720; x_wconf 88' lang='lat' dir='ltr'>quidem</span> <span class='ocrx_word' id='word_1_637' title='bbox 618 4650 818 4719; x_wconf 71' lang='lat' dir='ltr'>quaein</span> <span class='ocrx_word' id='word_1_638' title='bbox 850 4650 1204 4704; x_wconf 85' lang='lat' dir='ltr'>monasterio</span> <span class='ocrx_word' id='word_1_639' title='bbox 1230 4650 1490 4717; x_wconf 86' lang='lat' dir='ltr'>fecerint,</span> <span class='ocrx_word' id='word_1_640' title='bbox 1511 4655 1832 4718; x_wconf 87' lang='lat' dir='ltr'>vendat;ea</span> 
     </span>
    </p>
   </div>
   <div class='ocr_carea' id='block_1_97' title="bbox 186 4738 1827 4810">
    <p class='ocr_par' dir='ltr' id='par_1_97' title="bbox 186 4738 1827 4810">
     <span class='ocr_line' id='line_1_97' title="bbox 186 4738 1827 4810; baseline 0.004 -22"><span class='ocrx_word' id='word_1_641' title='bbox 186 4747 360 4792; x_wconf 84' lang='lat' dir='ltr'>autem</span> <span class='ocrx_word' id='word_1_642' title='bbox 383 4756 525 4810; x_wconf 76' lang='lat' dir='ltr'>quas</span> <span class='ocrx_word' id='word_1_643' title='bbox 559 4738 670 4792; x_wconf 88' lang='lat' dir='ltr'>scit</span> <span class='ocrx_word' id='word_1_644' title='bbox 693 4740 1044 4804; x_wconf 87' lang='lat' dir='ltr'>necessaria,</span> <span class='ocrx_word' id='word_1_645' title='bbox 1064 4744 1219 4793; x_wconf 90' lang='lat' dir='ltr'>emat</span> <span class='ocrx_word' id='word_1_646' title='bbox 1244 4756 1476 4810; x_wconf 88' lang='lat' dir='ltr'>semper</span> <span class='ocrx_word' id='word_1_647' title='bbox 1500 4756 1565 4794; x_wconf 91' lang='lat' dir='ltr'>ac</span> <span class='ocrx_word' id='word_1_648' title='bbox 1598 4742 1827 4795; x_wconf 88' lang='lat' dir='ltr'>referat.</span> 
     </span>
    </p>
   </div>
   <div class='ocr_carea' id='block_1_98' title="bbox 183 4826 1830 4884">
    <p class='ocr_par' dir='ltr' id='par_1_98' title="bbox 183 4826 1830 4884">
     <span class='ocr_line' id='line_1_98' title="bbox 183 4826 1830 4884; baseline 0.004 -7"><span class='ocrx_word' id='word_1_649' title='bbox 183 4829 314 4881; x_wconf 84' lang='lat' dir='ltr'>Sunt</span> <span class='ocrx_word' id='word_1_650' title='bbox 328 4832 387 4883; x_wconf 89' lang='lat' dir='ltr'>et</span> <span class='ocrx_word' id='word_1_651' title='bbox 408 4828 531 4883; x_wconf 88' lang='lat' dir='ltr'>alia</span> <span class='ocrx_word' id='word_1_652' title='bbox 551 4826 909 4883; x_wconf 88' lang='lat' dir='ltr'>monasteria</span> <span class='ocrx_word' id='word_1_653' title='bbox 926 4828 1284 4882; x_wconf 87' lang='lat' dir='ltr'>ducentenos</span> <span class='ocrx_word' id='word_1_654' title='bbox 1305 4830 1510 4883; x_wconf 85' lang='lat' dir='ltr'>fratres</span> <span class='ocrx_word' id='word_1_655' title='bbox 1527 4836 1581 4883; x_wconf 92' lang='lat' dir='ltr'>et</span> <span class='ocrx_word' id='word_1_656' title='bbox 1603 4834 1830 4884; x_wconf 90' lang='lat' dir='ltr'>trecen-</span> 
     </span>
    </p>
   </div>
   <div class='ocr_carea' id='block_1_99' title="bbox 186 4917 1829 4986">
    <p class='ocr_par' dir='ltr' id='par_1_99' title="bbox 186 4917 1829 4986">
     <span class='ocr_line' id='line_1_99' title="bbox 186 4917 1829 4986; baseline 0.004 -19"><span class='ocrx_word' id='word_1_657' title='bbox 186 4919 337 4971; x_wconf 86' lang='lat' dir='ltr'>tenos</span> <span class='ocrx_word' id='word_1_658' title='bbox 369 4917 679 4980; x_wconf 88' lang='lat' dir='ltr'>habentia,</span> <span class='ocrx_word' id='word_1_659' title='bbox 715 4917 770 4969; x_wconf 93' lang='lat' dir='ltr'>in</span> <span class='ocrx_word' id='word_1_660' title='bbox 807 4933 873 4970; x_wconf 84' lang='lat' dir='ltr'>ea</span> <span class='ocrx_word' id='word_1_661' title='bbox 904 4932 1079 4986; x_wconf 89' lang='lat' dir='ltr'>quam</span> <span class='ocrx_word' id='word_1_662' title='bbox 1114 4921 1302 4972; x_wconf 90' lang='lat' dir='ltr'>Panos</span> <span class='ocrx_word' id='word_1_663' title='bbox 1335 4917 1569 4972; x_wconf 91' lang='lat' dir='ltr'>civitate</span> <span class='ocrx_word' id='word_1_664' title='bbox 1596 4925 1829 4974; x_wconf 91' lang='lat' dir='ltr'>vocant:</span> 
     </span>
    </p>
   </div>
   <div class='ocr_carea' id='block_1_100' title="bbox 187 4996 1834 5077">
    <p class='ocr_par' dir='ltr' id='par_1_100' title="bbox 187 4996 1834 5077">
     <span class='ocr_line' id='line_1_100' title="bbox 187 4996 1834 5077; baseline 0.003 -19"><span class='ocrx_word' id='word_1_665' title='bbox 187 4996 351 5075; x_wconf 71' lang='lat' dir='ltr'>quam</span> <span class='ocrx_word' id='word_1_666' title='bbox 382 5022 497 5077; x_wconf 88' lang='lat' dir='ltr'>ego</span> <span class='ocrx_word' id='word_1_667' title='bbox 532 5005 959 5076; x_wconf 87' lang='lat' dir='ltr'>quadragintos</span> <span class='ocrx_word' id='word_1_668' title='bbox 989 5005 1301 5061; x_wconf 90' lang='lat' dir='ltr'>habentem</span> <span class='ocrx_word' id='word_1_669' title='bbox 1334 5005 1487 5060; x_wconf 89' lang='lat' dir='ltr'>viros</span> <span class='ocrx_word' id='word_1_670' title='bbox 1532 5007 1834 5077; x_wconf 90' lang='lat' dir='ltr'>ingressus</span> 
     </span>
    </p>
   </div>
   <div class='ocr_carea' id='block_1_101' title="bbox 187 5092 1833 5167">
    <p class='ocr_par' dir='ltr' id='par_1_101' title="bbox 187 5092 1833 5167">
     <span class='ocr_line' id='line_1_101' title="bbox 187 5092 1833 5167; baseline 0.005 -24"><span class='ocrx_word' id='word_1_671' title='bbox 187 5092 393 5149; x_wconf 85' lang='lat' dir='ltr'>inveni.</span> <span class='ocrx_word' id='word_1_672' title='bbox 428 5097 595 5149; x_wconf 89' lang='lat' dir='ltr'>Inter</span> <span class='ocrx_word' id='word_1_673' title='bbox 626 5110 776 5164; x_wconf 90' lang='lat' dir='ltr'>quos</span> <span class='ocrx_word' id='word_1_674' title='bbox 808 5094 1197 5149; x_wconf 88' lang='lat' dir='ltr'>sarcinatores</span> <span class='ocrx_word' id='word_1_675' title='bbox 1257 5094 1594 5165; x_wconf 90' lang='lat' dir='ltr'>quindecim</span> <span class='ocrx_word' id='word_1_676' title='bbox 1624 5098 1833 5167; x_wconf 89' lang='lat' dir='ltr'>reperi,</span> 
     </span>
    </p>
   </div>
   <div class='ocr_carea' id='block_1_102' title="bbox 189 5180 1839 5256">
    <p class='ocr_par' dir='ltr' id='par_1_102' title="bbox 189 5180 1839 5256">
     <span class='ocr_line' id='line_1_102' title="bbox 189 5180 1839 5256; baseline 0.004 -21"><span class='ocrx_word' id='word_1_677' title='bbox 189 5180 371 5239; x_wconf 84' lang='lat' dir='ltr'>fabros</span> <span class='ocrx_word' id='word_1_678' title='bbox 393 5184 678 5239; x_wconf 87' lang='lat' dir='ltr'>ferrarios</span> <span class='ocrx_word' id='word_1_679' title='bbox 701 5184 1342 5256; x_wconf 89' lang='lat' dir='ltr'>septem,carpentarios</span> <span class='ocrx_word' id='word_1_680' title='bbox 1362 5189 1631 5255; x_wconf 85' lang='lat' dir='ltr'>quatuor,</span> <span class='ocrx_word' id='word_1_681' title='bbox 1650 5202 1839 5241; x_wconf 84' lang='lat' dir='ltr'>came-</span> 
     </span>
    </p>
   </div>
   <div class='ocr_carea' id='block_1_103' title="bbox 190 5268 1840 5346">
    <p class='ocr_par' dir='ltr' id='par_1_103' title="bbox 190 5268 1840 5346">
     <span class='ocr_line' id='line_1_103' title="bbox 190 5268 1840 5346; baseline 0.005 -24"><span class='ocrx_word' id='word_1_682' title='bbox 190 5268 353 5327; x_wconf 86' lang='lat' dir='ltr'>larios</span> <span class='ocrx_word' id='word_1_683' title='bbox 380 5274 724 5340; x_wconf 88' lang='lat' dir='ltr'>duodecim,</span> <span class='ocrx_word' id='word_1_684' title='bbox 752 5272 1003 5327; x_wconf 83' lang='lat' dir='ltr'>fullones</span> <span class='ocrx_word' id='word_1_685' title='bbox 1017 5273 1356 5344; x_wconf 89' lang='lat' dir='ltr'>quindecim</span> <span class='ocrx_word' id='word_1_686' title='bbox 1375 5276 1840 5346; x_wconf 83' lang='lat' dir='ltr'>numero,singu-</span> 
     </span>
    </p>
   </div>
   <div class='ocr_carea' id='block_1_104' title="bbox 189 5356 1844 5436">
    <p class='ocr_par' dir='ltr' id='par_1_104' title="bbox 189 5356 1844 5436">
     <span class='ocr_line' id='line_1_104' title="bbox 189 5356 1844 5436; baseline 0.004 -23"><span class='ocrx_word' id='word_1_687' title='bbox 189 5356 268 5415; x_wconf 89' lang='lat' dir='ltr'>los</span> <span class='ocrx_word' id='word_1_688' title='bbox 294 5361 350 5416; x_wconf 89' lang='lat' dir='ltr'>in</span> <span class='ocrx_word' id='word_1_689' title='bbox 388 5370 521 5417; x_wconf 90' lang='lat' dir='ltr'>arte</span> <span class='ocrx_word' id='word_1_690' title='bbox 549 5363 787 5434; x_wconf 83' lang='lat' dir='ltr'>propria</span> <span class='ocrx_word' id='word_1_691' title='bbox 812 5361 1166 5417; x_wconf 87' lang='lat' dir='ltr'>laborantes.</span> <span class='ocrx_word' id='word_1_692' title='bbox 1200 5363 1267 5417; x_wconf 88' lang='lat' dir='ltr'>Et</span> <span class='ocrx_word' id='word_1_693' title='bbox 1298 5379 1366 5417; x_wconf 86' lang='lat' dir='ltr'>ex</span> <span class='ocrx_word' id='word_1_694' title='bbox 1396 5363 1466 5417; x_wconf 88' lang='lat' dir='ltr'>iis</span> <span class='ocrx_word' id='word_1_695' title='bbox 1498 5380 1624 5434; x_wconf 69' lang='lat' dir='ltr'>qua:</span> <span class='ocrx_word' id='word_1_696' title='bbox 1657 5367 1844 5436; x_wconf 85' lang='lat' dir='ltr'>quoti-</span> 
     </span>
    </p>
   </div>
   <div class='ocr_carea' id='block_1_105' title="bbox 189 5449 1843 5523">
    <p class='ocr_par' dir='ltr' id='par_1_105' title="bbox 189 5449 1843 5523">
     <span class='ocr_line' id='line_1_105' title="bbox 189 5449 1843 5523; baseline 0.005 -22"><span class='ocrx_word' id='word_1_697' title='bbox 189 5449 355 5506; x_wconf 83' lang='lat' dir='ltr'>diano</span> <span class='ocrx_word' id='word_1_698' title='bbox 388 5451 577 5505; x_wconf 89' lang='lat' dir='ltr'>victui</span> <span class='ocrx_word' id='word_1_699' title='bbox 608 5468 919 5522; x_wconf 89' lang='lat' dir='ltr'>superesse</span> <span class='ocrx_word' id='word_1_700' title='bbox 952 5456 1238 5523; x_wconf 90' lang='lat' dir='ltr'>poterant,</span> <span class='ocrx_word' id='word_1_701' title='bbox 1265 5454 1440 5507; x_wconf 90' lang='lat' dir='ltr'>etiam</span> <span class='ocrx_word' id='word_1_702' title='bbox 1468 5456 1843 5510; x_wconf 90' lang='lat' dir='ltr'>monasteriis</span> 
     </span>
    </p>
   </div>
   <div class='ocr_carea' id='block_1_106' title="bbox 189 5535 1845 5616">
    <p class='ocr_par' dir='ltr' id='par_1_106' title="bbox 189 5535 1845 5616">
     <span class='ocr_line' id='line_1_106' title="bbox 189 5535 1845 5616; baseline 0.005 -25"><span class='ocrx_word' id='word_1_703' title='bbox 189 5535 939 5611; x_wconf 77' lang='lat' dir='ltr'>feminarumzcarceribusq</span> <span class='ocrx_word' id='word_1_704' title='bbox 952 5557 1022 5596; x_wconf 90' lang='lat' dir='ltr'>ue</span> <span class='ocrx_word' id='word_1_705' title='bbox 1033 5541 1245 5597; x_wconf 86' lang='lat' dir='ltr'>vicinis</span> <span class='ocrx_word' id='word_1_706' title='bbox 1261 5542 1845 5616; x_wconf 81' lang='lat' dir='ltr'>necessariaquaeque</span> 
     </span>
    </p>
   </div>
   <div class='ocr_carea' id='block_1_107' title="bbox 1943 4647 3587 4723">
    <p class='ocr_par' dir='ltr' id='par_1_107' title="bbox 1943 4647 3587 4723">
     <span class='ocr_line' id='line_1_107' title="bbox 1943 4647 3587 4723; baseline -0.002 -18"><span class='ocrx_word' id='word_1_707' title='bbox 1943 4652 2174 4723; x_wconf 88' lang='lat' dir='ltr'>proprio</span> <span class='ocrx_word' id='word_1_708' title='bbox 2211 4668 2344 4705; x_wconf 89' lang='lat' dir='ltr'>cum</span> <span class='ocrx_word' id='word_1_709' title='bbox 2379 4651 2617 4721; x_wconf 89' lang='lat' dir='ltr'>reliquis</span> <span class='ocrx_word' id='word_1_710' title='bbox 2649 4652 2928 4722; x_wconf 90' lang='lat' dir='ltr'>deputato</span> <span class='ocrx_word' id='word_1_711' title='bbox 2986 4650 3251 4705; x_wconf 88' lang='lat' dir='ltr'>condunt</span> <span class='ocrx_word' id='word_1_712' title='bbox 3295 4647 3587 4720; x_wconf 90' lang='lat' dir='ltr'>sepulcro.</span> 
     </span>
    </p>
   </div>
   <div class='ocr_carea' id='block_1_108' title="bbox 1942 4741 3593 4813">
    <p class='ocr_par' dir='ltr' id='par_1_108' title="bbox 1942 4741 3593 4813">
     <span class='ocr_line' id='line_1_108' title="bbox 1942 4741 3593 4813; baseline -0.002 -16"><span class='ocrx_word' id='word_1_713' title='bbox 1942 4741 2149 4797; x_wconf 86' lang='lat' dir='ltr'>Nullus</span> <span class='ocrx_word' id='word_1_714' title='bbox 2179 4746 2398 4810; x_wconf 90' lang='lat' dir='ltr'>tamen,</span> <span class='ocrx_word' id='word_1_715' title='bbox 2422 4748 2656 4813; x_wconf 81' lang='lat' dir='ltr'>excepto</span> <span class='ocrx_word' id='word_1_716' title='bbox 2685 4742 3021 4813; x_wconf 78' lang='lat' dir='ltr'>presbytero</span> <span class='ocrx_word' id='word_1_717' title='bbox 3046 4758 3111 4795; x_wconf 92' lang='lat' dir='ltr'>ac</span> <span class='ocrx_word' id='word_1_718' title='bbox 3134 4741 3400 4805; x_wconf 89' lang='lat' dir='ltr'>diacono,</span> <span class='ocrx_word' id='word_1_719' title='bbox 3425 4743 3593 4794; x_wconf 84' lang='lat' dir='ltr'>tran-</span> 
     </span>
    </p>
   </div>
   <div class='ocr_carea' id='block_1_109' title="bbox 1939 4828 3584 4901">
    <p class='ocr_par' dir='ltr' id='par_1_109' title="bbox 1939 4828 3584 4901">
     <span class='ocr_line' id='line_1_109' title="bbox 1939 4828 3584 4901; baseline -0.002 -15"><span class='ocrx_word' id='word_1_720' title='bbox 1939 4832 2017 4887; x_wconf 87' lang='lat' dir='ltr'>sit</span> <span class='ocrx_word' id='word_1_721' title='bbox 2046 4833 2117 4886; x_wconf 87' lang='lat' dir='ltr'>ad</span> <span class='ocrx_word' id='word_1_722' title='bbox 2152 4832 2569 4886; x_wconf 89' lang='lat' dir='ltr'>monasterium</span> <span class='ocrx_word' id='word_1_723' title='bbox 2601 4833 2989 4899; x_wconf 83' lang='lat' dir='ltr'>feminarum;</span> <span class='ocrx_word' id='word_1_724' title='bbox 3025 4834 3083 4886; x_wconf 92' lang='lat' dir='ltr'>et</span> <span class='ocrx_word' id='word_1_725' title='bbox 3113 4830 3222 4885; x_wconf 91' lang='lat' dir='ltr'>hoc</span> <span class='ocrx_word' id='word_1_726' title='bbox 3263 4845 3367 4901; x_wconf 85' lang='lat' dir='ltr'>per</span> <span class='ocrx_word' id='word_1_727' title='bbox 3389 4828 3584 4884; x_wconf 85' lang='lat' dir='ltr'>Domi-</span> 
     </span>
    </p>
   </div>
   <div class='ocr_carea' id='block_1_110' title="bbox 1944 4920 2610 4976">
    <p class='ocr_par' dir='ltr' id='par_1_110' title="bbox 1944 4920 2610 4976">
     <span class='ocr_line' id='line_1_110' title="bbox 1944 4920 2610 4976; baseline 0 0"><span class='ocrx_word' id='word_1_728' title='bbox 1944 4920 2140 4976; x_wconf 91' lang='lat' dir='ltr'>nicum</span> <span class='ocrx_word' id='word_1_729' title='bbox 2176 4921 2328 4975; x_wconf 91' lang='lat' dir='ltr'>diem</span> <span class='ocrx_word' id='word_1_730' title='bbox 2358 4926 2610 4976; x_wconf 87' lang='lat' dir='ltr'>tantum.</span> 
     </span>
    </p>
   </div>
   <div class='ocr_carea' id='block_1_111' title="bbox 2015 5008 3596 5084">
    <p class='ocr_par' dir='ltr' id='par_1_111' title="bbox 2015 5008 3596 5084">
     <span class='ocr_line' id='line_1_111' title="bbox 2015 5008 3596 5084; baseline -0.003 -16"><span class='ocrx_word' id='word_1_731' title='bbox 2015 5013 2077 5068; x_wconf 90' lang='lat' dir='ltr'>In</span> <span class='ocrx_word' id='word_1_732' title='bbox 2096 5012 2348 5084; x_wconf 91' lang='lat' dir='ltr'>hocipso</span> <span class='ocrx_word' id='word_1_733' title='bbox 2370 5012 2685 5068; x_wconf 89' lang='lat' dir='ltr'>mulierum</span> <span class='ocrx_word' id='word_1_734' title='bbox 2710 5011 3171 5079; x_wconf 89' lang='lat' dir='ltr'>habitaculo,res</span> <span class='ocrx_word' id='word_1_735' title='bbox 3191 5010 3406 5066; x_wconf 91' lang='lat' dir='ltr'>accidit</span> <span class='ocrx_word' id='word_1_736' title='bbox 3437 5008 3596 5064; x_wconf 90' lang='lat' dir='ltr'>talis.</span> 
     </span>
    </p>
   </div>
   <div class='ocr_carea' id='block_1_112' title="bbox 1948 5100 3602 5171">
    <p class='ocr_par' dir='ltr' id='par_1_112' title="bbox 1948 5100 3602 5171">
     <span class='ocr_line' id='line_1_112' title="bbox 1948 5100 3602 5171; baseline -0.002 -15"><span class='ocrx_word' id='word_1_737' title='bbox 1948 5102 2195 5165; x_wconf 88' lang='lat' dir='ltr'>Quidam</span> <span class='ocrx_word' id='word_1_738' title='bbox 2230 5101 2560 5156; x_wconf 87' lang='lat' dir='ltr'>sarcinator</span> <span class='ocrx_word' id='word_1_739' title='bbox 2584 5100 2842 5156; x_wconf 79' lang='lat' dir='ltr'>vestium</span> <span class='ocrx_word' id='word_1_740' title='bbox 2864 5100 3165 5156; x_wconf 68' lang='lat' dir='ltr'>szecularis</span> <span class='ocrx_word' id='word_1_741' title='bbox 3187 5104 3602 5171; x_wconf 86' lang='lat' dir='ltr'>transgressus</span> 
     </span>
    </p>
   </div>
   <div class='ocr_carea' id='block_1_113' title="bbox 1948 5189 3605 5262">
    <p class='ocr_par' dir='ltr' id='par_1_113' title="bbox 1948 5189 3605 5262">
     <span class='ocr_line' id='line_1_113' title="bbox 1948 5189 3605 5262; baseline -0.001 -17"><span class='ocrx_word' id='word_1_742' title='bbox 1948 5191 2369 5262; x_wconf 88' lang='lat' dir='ltr'>ﬂuvium,opus</span> <span class='ocrx_word' id='word_1_743' title='bbox 2385 5192 2455 5246; x_wconf 90' lang='lat' dir='ltr'>ab</span> <span class='ocrx_word' id='word_1_744' title='bbox 2472 5191 2621 5262; x_wconf 90' lang='lat' dir='ltr'>ipsis</span> <span class='ocrx_word' id='word_1_745' title='bbox 2638 5190 2870 5261; x_wconf 91' lang='lat' dir='ltr'>aliquod</span> <span class='ocrx_word' id='word_1_746' title='bbox 2889 5189 3395 5261; x_wconf 89' lang='lat' dir='ltr'>perignorantiam</span> <span class='ocrx_word' id='word_1_747' title='bbox 3412 5195 3605 5260; x_wconf 90' lang='lat' dir='ltr'>postu-</span> 
     </span>
    </p>
   </div>
   <div class='ocr_carea' id='block_1_114' title="bbox 1952 5272 3600 5351">
    <p class='ocr_par' dir='ltr' id='par_1_114' title="bbox 1952 5272 3600 5351">
     <span class='ocr_line' id='line_1_114' title="bbox 1952 5272 3600 5351; baseline -0.001 -18"><span class='ocrx_word' id='word_1_748' title='bbox 1952 5279 2394 5349; x_wconf 83' lang='lat' dir='ltr'>labat(Pallad.,</span> <span class='ocrx_word' id='word_1_749' title='bbox 2428 5296 2551 5351; x_wconf 84' lang='lat' dir='ltr'>cap.</span> <span class='ocrx_word' id='word_1_750' title='bbox 2579 5281 2690 5349; x_wconf 77' lang='grc'>40).</span> <span class='ocrx_word' id='word_1_751' title='bbox 2713 5280 2978 5351; x_wconf 86' lang='lat' dir='ltr'>Cumque</span> <span class='ocrx_word' id='word_1_752' title='bbox 3010 5280 3214 5335; x_wconf 87' lang='lat' dir='ltr'>unade</span> <span class='ocrx_word' id='word_1_753' title='bbox 3251 5272 3600 5349; x_wconf 76' lang='lat' dir='ltr'>feminisqu</span> 
     </span>
    </p>
   </div>
   <div class='ocr_carea' id='block_1_115' title="bbox 1952 5369 3604 5441">
    <p class='ocr_par' dir='ltr' id='par_1_115' title="bbox 1952 5369 3604 5441">
     <span class='ocr_line' id='line_1_115' title="bbox 1952 5369 3604 5441; baseline -0.004 -15"><span class='ocrx_word' id='word_1_754' title='bbox 1952 5369 2114 5426; x_wconf 91' lang='lat' dir='ltr'>venis</span> <span class='ocrx_word' id='word_1_755' title='bbox 2130 5372 2513 5441; x_wconf 88' lang='lat' dir='ltr'>processisset</span> <span class='ocrx_word' id='word_1_756' title='bbox 2542 5375 2687 5440; x_wconf 86' lang='lat' dir='ltr'>(tute</span> <span class='ocrx_word' id='word_1_757' title='bbox 2708 5370 2865 5424; x_wconf 91' lang='lat' dir='ltr'>enim</span> <span class='ocrx_word' id='word_1_758' title='bbox 2899 5370 3210 5424; x_wconf 90' lang='lat' dir='ltr'>videbatur</span> <span class='ocrx_word' id='word_1_759' title='bbox 3239 5370 3349 5425; x_wconf 92' lang='lat' dir='ltr'>hoc</span> <span class='ocrx_word' id='word_1_760' title='bbox 3396 5369 3604 5432; x_wconf 84' lang='lat' dir='ltr'>facere,</span> 
     </span>
    </p>
   </div>
   <div class='ocr_carea' id='block_1_116' title="bbox 1955 5455 3604 5532">
    <p class='ocr_par' dir='ltr' id='par_1_116' title="bbox 1955 5455 3604 5532">
     <span class='ocr_line' id='line_1_116' title="bbox 1955 5455 3604 5532; baseline -0.004 -19"><span class='ocrx_word' id='word_1_761' title='bbox 1955 5462 2189 5531; x_wconf 90' lang='lat' dir='ltr'>propter</span> <span class='ocrx_word' id='word_1_762' title='bbox 2209 5460 2561 5516; x_wconf 89' lang='lat' dir='ltr'>solitudines</span> <span class='ocrx_word' id='word_1_763' title='bbox 2580 5460 2772 5532; x_wconf 90' lang='lat' dir='ltr'>ipsius</span> <span class='ocrx_word' id='word_1_764' title='bbox 2788 5476 2851 5514; x_wconf 91' lang='lat' dir='ltr'>ac</span> <span class='ocrx_word' id='word_1_765' title='bbox 2876 5459 3105 5515; x_wconf 89' lang='lat' dir='ltr'>deserta</span> <span class='ocrx_word' id='word_1_766' title='bbox 3124 5455 3604 5531; x_wconf 88' lang='lat' dir='ltr'>regionis)subito</span> 
     </span>
    </p>
   </div>
   <div class='ocr_carea' id='block_1_117' title="bbox 1956 5546 3608 5622">
    <p class='ocr_par' dir='ltr' id='par_1_117' title="bbox 1956 5546 3608 5622">
     <span class='ocr_line' id='line_1_117' title="bbox 1956 5546 3608 5622; baseline -0.004 -19"><span class='ocrx_word' id='word_1_767' title='bbox 1956 5563 2088 5603; x_wconf 91' lang='lat' dir='ltr'>eum</span> <span class='ocrx_word' id='word_1_768' title='bbox 2115 5565 2225 5603; x_wconf 90' lang='lat' dir='ltr'>non</span> <span class='ocrx_word' id='word_1_769' title='bbox 2260 5554 2469 5620; x_wconf 91' lang='lat' dir='ltr'>sponte</span> <span class='ocrx_word' id='word_1_770' title='bbox 2498 5549 2822 5622; x_wconf 86' lang='lat' dir='ltr'>conspexit,</span> <span class='ocrx_word' id='word_1_771' title='bbox 2854 5546 3608 5619; x_wconf 87' lang='lat' dir='ltr'>deditqueillitalerespon-</span> 
     </span>
    </p>
   </div>
   <div class='ocr_carea' id='block_1_118' title="bbox 256 5662 2423 5731">
    <p class='ocr_par' dir='ltr' id='par_1_118' title="bbox 256 5662 2423 5731">
     <span class='ocr_line' id='line_1_118' title="bbox 256 5662 2423 5731; baseline 0.006 -12"><span class='ocrx_word' id='word_1_772' title='bbox 256 5665 275 5701; x_wconf 76' lang='grc' dir='ltr'><strong><em>ι</em></strong></span> <span class='ocrx_word' id='word_1_773' title='bbox 309 5662 565 5721; x_wconf 89' lang='lat' dir='ltr'>Uncinis</span> <span class='ocrx_word' id='word_1_774' title='bbox 595 5663 826 5721; x_wconf 88' lang='lat' dir='ltr'>inclusa</span> <span class='ocrx_word' id='word_1_775' title='bbox 852 5665 1068 5721; x_wconf 90' lang='lat' dir='ltr'>desunt</span> <span class='ocrx_word' id='word_1_776' title='bbox 1098 5665 1359 5722; x_wconf 89' lang='lat' dir='ltr'>Palladio</span> <span class='ocrx_word' id='word_1_777' title='bbox 1390 5666 1619 5724; x_wconf 88' lang='lat' dir='ltr'>Herveti</span> <span class='ocrx_word' id='word_1_778' title='bbox 1654 5669 1878 5727; x_wconf 88' lang='lat' dir='ltr'>Latino.</span> <span class='ocrx_word' id='word_1_779' title='bbox 1913 5673 2080 5730; x_wconf 89' lang='lat' dir='ltr'>Sunt.</span> <span class='ocrx_word' id='word_1_780' title='bbox 2114 5672 2173 5729; x_wconf 89' lang='lat' dir='ltr'>in</span> <span class='ocrx_word' id='word_1_781' title='bbox 2206 5674 2423 5731; x_wconf 60' lang='lat' dir='ltr'>Greece.</span> 
     </span>
    </p>
   </div>
   <div class='ocr_carea' id='block_1_119' title="bbox 526 5782 1110 5848">
    <p class='ocr_par' dir='ltr' id='par_1_119' title="bbox 526 5782 1110 5848">
     <span class='ocr_line' id='line_1_119' title="bbox 526 5782 1110 5848; baseline 0.01 -8"><span class='ocrx_word' id='word_1_782' title='bbox 526 5782 790 5845; x_wconf 76' lang='lat' dir='ltr'>PATROL.</span> <span class='ocrx_word' id='word_1_783' title='bbox 836 5782 1110 5848; x_wconf 82' lang='lat' dir='ltr'>LXXIV.</span> 
     </span>
    </p>
   </div>
   <div class='ocr_carea' id='block_1_120' title="bbox 3210 5789 3287 5847">
    <p class='ocr_par' dir='ltr' id='par_1_120' title="bbox 3210 5789 3287 5847">
     <span class='ocr_line' id='line_1_120' title="bbox 3210 5789 3287 5847; baseline 0 0"><span class='ocrx_word' id='word_1_784' title='bbox 3210 5789 3287 5847; x_wconf 81' lang='grc'>10</span> 
     </span>
    </p>
   </div>
  </div>
