4002 6166
259 309 361 365 305

1514 304 1952 361 HBRACLIDIS
1988 306 2416 365 PARADISUS.

3555 310 3662 366 306

260 433 355 507 qui
389 448 518 488 eam
547 450 579 487 a
610 431 875 487 daemone
906 429 1176 487 liberavit
1229 429 1468 486 visitata
1508 432 1619 495 est,
1668 443 1804 484 mox
1846 430 1904 483 et
1930 427 1981 493 Α
2017 429 2308 486 adductus
2338 430 2695 503 animarum,
2718 448 2865 504 quas
2890 447 3104 506 magno
3126 449 3321 490 errore
3342 432 3662 505 implicitas

258 522 493 597 peperit,
521 526 577 577 et
609 520 769 593 loqui
804 521 1147 592 promeruit.

328 613 515 683 Hujus
561 611 672 667 viri
716 610 890 666 etiam
933 609 1486 681 praenuntiationem
1522 609 1721 680 (quam
1773 624 1909 679 pro-

259 702 511 775 phetiam
544 706 755 755 vocant
783 700 1103 773 aliquando
1150 700 1391 771 cognovi
1437 700 1627 765 (Pall.,
1678 716 1723 754 c.
1780 699 1904 768 8'2);

258 800 458 864 postea
490 796 551 846 et
597 791 896 845 Simonem
950 789 1358 844 admirabilem
1389 790 1583 843 virum
1614 803 1782 859 quem
1816 787 1905 841 in-

255 882 427 937 terim
464 898 572 952 ego
606 885 841 935 notasse
875 898 940 935 ac
974 896 1145 935 nosse
1170 895 1260 933 me
1295 878 1555 934 memini.

321 972 426 1026 Hic
444 970 590 1025 mihi
605 970 981 1025 beatissimus
998 973 1172 1039 atque
1186 966 1729 1023 abstinentissimus
1762 970 1905 1021 Pos-

257 1061 524 1116 sidonius
548 1060 724 1114 etiam
757 1059 871 1114 ista
893 1060 1199 1126 referebat,
1226 1058 1378 1128 quod
1402 1056 1906 1128 aquadragesimo

256 1150 355 1205 sevi
384 1150 478 1205 sui
512 1166 869 1215 anno,usum
897 1148 1064 1219 panis
1090 1147 1146 1201 in
1169 1147 1320 1201 victu
1341 1146 1575 1217 proprio
1591 1162 1704 1199 non
1724 1144 1905 1198 habe-

259 1245 566 1311 ret,n’eque
581 1239 851 1310 usquead
870 1238 1128 1292 medium
1145 1238 1175 1291 d
1190 1237 1257 1291 iei
1276 1236 1530 1308 spatium
1545 1234 1905 1289 iracundiam

254 1330 543 1384 adversus
565 1326 1080 1383 ullumtenuisset.
1106 1330 1237 1380 Haec
1254 1330 1393 1380 sunt
1418 1323 1698 1379 miracula
1732 1328 1907 1393 atque

255 1419 425 1490 signa
451 1417 758 1472 fortissimi
777 1417 1067 1471 inChristo
1081 1414 1412 1471 Possidonii
1432 1414 1908 1485 quaadivinagra-

256 1509 328 1562 tia
353 1512 660 1579 operatus,
680 1505 735 1560 in
754 1505 846 1560 his
867 1505 1046 1559 vitam
1067 1505 1348 1559 famatam
1369 1503 1534 1559 finire
1558 1502 1902 1575 promeruit.

844 1611 1072 1666 CAPUT
1103 1610 1303 1665 XXIV.

258 1704 391 1761 Vita
436 1700 761 1773 Serapionis
818 1701 1093 1773 monachi,
1157 1701 1471 1755 Cleomenis
1523 1708 1573 1754 et
1622 1698 1906 1769 cujusdam

998 1789 1223 1827 trames.

998 1790 1052 1827 υ·
1090 1789 1223 1827 zms.

322 1863 499 1918 Alius
525 1863 767 1934 quidam
812 1778 1090 1934 Serapim:
1117 1860 1354 1917 nomine
1380 1860 1489 1914 fuit
1511 1860 1703 1931 (Pall.,
1723 1875 1766 1913 c.
1792 1858 1904 1929 83).

256 1952 351 2020 qui
380 1949 667 2006 Sidonius
692 1966 1039 2021 cognomen,
1074 1954 1394 2021 acceperat,
1439 1947 1577 2018 quia
1600 1946 1761 2001 nulla
1791 1945 1908 2001 alia

253 2045 411 2095 veste
431 2040 545 2095 nisi
569 2038 692 2094 sola
714 2039 957 2095 sindone
981 2038 1463 2101 utebatur.Quem
1480 2036 1622 2091 nihil
1641 2051 1901 2106 unquam

254 2128 542 2185 habuisse
571 2128 653 2184 vel
686 2128 1015 2201 possedisse
1061 2128 1205 2183 satis
1228 2132 1431 2182 notum
1465 2126 1739 2181 omnibus
1772 2124 1901 2193 fuit,

246 2223 491 2289 propter
511 2220 667 2289 quod
699 2224 757 2273 et
777 2218 1109 2289 apathes,id
1134 2222 1222 2273 est
1248 2214 1902 2288 impassibilis,vocaba-

241 2312 353 2371 tur,
377 2308 527 2379 quia
547 2306 781 2362 nullum
797 2307 1133 2379 patiebatur
1163 2306 1518 2361 desiderium
1534 2304 1896 2375 possidendi.

241 2396 659 2452 Peritissimus
682 2402 879 2451 autem
906 2402 1032 2451 erat
1055 2396 1300 2451 scientia
1327 2395 1679 2461 litterarum,
1704 2394 1895 2463 Scrip-

156 2538 163 2542 .
237 2490 527 2557 turasque
555 2502 762 2541 omnes
795 2486 1078 2540 tenaciter
1100 2485 1343 2540 memori
1361 2490 1563 2555 terque
1584 2481 1894 2539 recolebat.

244 2576 345 2640 Qui
372 2593 447 2630 ex
470 2575 659 2629 nimia
684 2574 1039 2630 abstinentia
1062 2575 1324 2629 omnium
1353 2590 1573 2640 rerum,
1597 2577 1653 2628 et
1676 2589 1746 2626 ex
1767 2572 1896 2642 jugi

238 2665 577 2720 divinorum
606 2663 986 2720 meditatione
1008 2662 1543 2719 librorumcellulas
1565 2662 1743 2717 unius
1765 2661 1893 2732 qui-

230 2758 320 2808 ete
376 2771 502 2808 non
556 2758 787 2825 poterat
815 2770 944 2808 esse
985 2758 1322 2818 contentus,
1365 2753 1463 2807 sed
1499 2769 1601 2824 per
1631 2752 1894 2808 diversas

232 2858 401 2898 mens
427 2858 666 2911 semper
688 2843 872 2913 ipsius
896 2842 1258 2897 trahebatur.
1302 2846 1443 2896 Toto
1468 2840 1647 2912 igitur
1686 2838 1893 2894 mundi

231 2932 341 2988 fine
393 2932 777 2999 discurrens,
802 2932 869 2986 ad
896 2930 1030 2985 talis
1058 2930 1255 3002 gloria:
1296 2930 1567 2985 virtutem
1602 2929 1890 2993 ascendit,

231 3021 422 3092 Hujus
452 3023 613 3076 enim
646 3021 883 3076 habitus
916 3021 997 3091 (id
1032 3025 1120 3076 est
1154 3020 1529 3090 voluntatis‘)
1562 3035 1729 3074 mens
1760 3020 1889 3088 ejus

228 3117 388 3177 erat;
426 3111 587 3165 unde
619 3114 678 3165 et
701 3109 1065 3165 voluntatem
1094 3108 1583 3179 affectionumque
1615 3107 1886 3163 differen-

224 3200 359 3269 tias,
398 3217 521 3255 non
556 3200 1025 3254 substantiarum
1058 3215 1358 3254 vocamus.

294 3290 417 3345 Hoc
454 3293 654 3344 autem
687 3289 757 3343 de
788 3305 853 3343 eo
887 3292 1083 3359 patres
1115 3288 1299 3343 sancti
1325 3287 1644 3358 aliquando
1676 3286 1885 3341 refere—

225 3378 387 3442 bant,
428 3379 587 3449 quod
617 3395 718 3449 per
745 3377 1098 3432 monachum
1125 3377 1381 3447 aliquem
1406 3376 1775 3431 conlusorem
1791 3392 1885 3429 su-

223 3468 477 3539 um(23),
508 3468 569 3521 in
592 3467 808 3537 oppido
835 3466 1092 3537 quodam
1122 3466 1327 3536 viginti
1353 3464 1675 3520 solidorum
1701 3464 1881 3535 pretio

223 3556 479 3627 paganis
506 3556 910 3627 semetipsum
931 3555 1269 3610 distraxerit
1300 3554 1531 3620 mimis;
1553 3558 1609 3609 et
1630 3569 1778 3624 quos
1802 3552 1879 3607 si-

224 3652 431 3714 gnatos
451 3662 558 3716 pro
581 3662 644 3700 se
670 3649 976 3716 acceperat
1008 3643 1247 3711 solidos,
1272 3645 1426 3715 apud
1454 3643 1662 3714 seipse
1688 3659 1880 3697 serva-

223 3740 385 3793 verit.
412 3737 651 3793 Tandiu
676 3752 835 3807 ergo,
862 3752 996 3790 cum
1024 3735 1317 3806 praedictis
1337 3734 1437 3806 qui
1460 3750 1593 3789 eum
1618 3736 1881 3788 emerant

223 3827 515 3894 mimis,in
548 3825 650 3881 tali
676 3826 950 3881 servitute
975 3824 1319 3896 permansit,
1355 3824 1618 3895 quandiu
1643 3828 1699 3879 et
1722 3821 1879 3877 Chri-

220 3917 451 3972 stianos
472 3933 573 3971 eos
597 3917 895 3983 faceret,et
917 3931 949 3969 a
974 3914 1127 3969 ludis
1151 3912 1539 3969 theatralibus
1556 3916 1875 3984 separaret.

218 4005 389 4060 Nullo
422 4010 622 4060 autem
656 4003 769 4059 alio
802 4003 873 4058 ad
903 4002 1119 4057 victum
1152 4019 1351 4066 suum,
1374 4007 1611 4073 excepto
1641 4017 1787 4073 pane
1820 4004 1877 4055 et

219 4111 393 4165 aqua,
416 4096 504 4148 uti
529 4093 775 4158 solebat,
801 4108 990 4163 neque
1013 4108 1273 4163 unquam
1289 4091 1615 4159 Scripturas
1643 4094 1875 4144 sanctas

215 4182 405 4256 legere
435 4183 726 4237 cessabat.
750 4185 975 4236 Interea
1006 4180 1160 4249 longi
1187 4181 1471 4251 temporis
1498 4180 1682 4251 spatio
1718 4178 1877 4249 prior

216 4273 410 4327 mimae
449 4272 701 4326 maritus
725 4270 919 4326 animo
960 4269 1306 4325 stimulante
1347 4272 1736 4339 compunctus
1767 4275 1873 4337 est,

214 4366 349 4416 tunc
373 4366 437 4417 et
464 4362 595 4431 ipsa
626 4361 754 4430 ejus
779 4360 1056 4429 conjunx,
1083 4359 1153 4413 ad
1180 4362 1537 4429 postremum
1568 4358 1744 4412 etiam
1778 4358 1877 4413 do-

215 4468 345 4507 mus
381 4456 530 4505 tota.
555 4450 872 4505 Dicebatur
893 4452 1109 4515 autem,
1144 4448 1295 4518 quod
1317 4452 1633 4517 antequam
1658 4446 1873 4517 aliquis

2016 518 2308 590 videbam,
2334 537 2469 577 cum
2493 538 2682 579 essem
2729 521 2880 579 liber
2921 523 3266 591 monachus,
3309 539 3377 580 ex
3416 524 3660 596 Egypto

2017 625 2204 680 genus
2235 612 2475 678 ducens,
2538 616 2848 685 propterea
2880 612 3170 683 meipsum
3204 614 3452 669 vendere
3478 614 3660 683 volui,

2018 704 2197 755 utvos
2230 700 2395 756 liberi
2435 719 2467 757 a
2494 704 2726 773 magnis
2749 703 3003 774 peccatis
3040 718 3169 757 esse
3190 703 3459 774 possetis.
3514 704 3662 769 Quia

2016 788 2197 859 igitur
2270 791 2339 844 ad
2392 791 2625 861 plenum
2686 809 2787 863 per
2840 791 3236 847 humilitatem
3305 808 3497 847 meam
3553 792 3662 848 hoc

2018 878 2151 933 fecit
2182 879 2358 945 Deus,
2392 882 2616 951 gaudeo
2645 900 2657 948 ;
2708 881 2925 936 idcirco
2963 898 3207 936 aureum
3241 883 3391 951 quod
3435 896 3537 953 pro
3569 898 3661 937 me

2018 968 2285 1037 dedistis,
2309 970 2575 1041 accipite,
2600 976 2665 1025 ut
2685 970 2830 1027 alios
2854 988 3085 1043 quoque
3108 971 3325 1041 quibus
3350 971 3664 1026 subvenire

2018 1056 2261 1127 possim,
2287 1058 2593 1130 reperiam.
2621 1060 2727 1124 Qui
2760 1076 2894 1115 cum
2926 1059 3094 1115 illum
3122 1060 3459 1131 frequenter
3488 1063 3662 1131 atque

2017 1146 2308 1201 instanter
2338 1154 2630 1220 rogarent,
2664 1166 2797 1205 vera
2826 1149 3148 1205 assertione
3179 1149 3462 1216 dicentes,
3507 1149 3661 1220 quod

2015 1241 2294 1309 tanquam
2320 1256 2562 1294 suarum
2587 1240 2891 1295 dominum
2921 1240 3275 1305 animarum,
3308 1244 3534 1311 patrem
3559 1238 3663 1295 ha-

2019 1326 2255 1381 biturun
2279 1333 2474 1384 essent
2504 1330 2713 1394 eum,si
2736 1346 2853 1385 una
2875 1346 3006 1385 cum
3035 1329 3180 1401 ipsis
3204 1344 3440 1384 manere
3460 1328 3663 1401 digna-

2018 1421 2176 1471 retur
2198 1434 2264 1472 ac
2286 1417 2494 1486 vivere,
2524 1434 2712 1488 neque
2734 1423 2929 1474 tamen
2966 1417 3082 1473 ullo
3111 1419 3284 1474 modo
3312 1417 3663 1487 persuadere

2017 1505 2124 1560 hoc
2146 1505 2195 1559 ei
2221 1511 2480 1576 possent,
2507 1513 2643 1562 tunc
2666 1508 2871 1563 dicunt
2889 1508 2958 1563 ad
2982 1524 3115 1562 eum
3145 1507 3357 1564 :Dabis
3378 1524 3516 1579 ergo
3539 1507 3664 1579 ipse

2017 1610 2227 1648 aurum
2274 1595 2417 1649 illud
2470 1596 2849 1667 pauperibus,
2896 1598 3048 1667 quod
3082 1613 3189 1652 nos
3217 1595 3399 1652 veluti
3458 1595 3665 1651 arrhas

2017 1684 2305 1752 quaedam
2332 1701 2434 1754 pro
2458 1689 2661 1740 nostra
2688 1685 2877 1741 salute
2898 1687 3131 1742 dedisse
3157 1685 3564 1757 cognovimus.
3596 1683 3666 1738 Et

2017 1772 2099 1826 ait
2118 1772 2234 1827 illis
2270 1790 2281 1828 :
2309 1774 2447 1829 Date
2470 1774 2576 1829 hoc
2599 1791 2724 1841 vos,
2750 1776 2889 1846 quia
2920 1781 3181 1830 vestrum
3205 1779 3333 1842 est;
3367 1790 3473 1845 ego
3506 1772 3661 1828 enim

2021 1860 2244 1916 alienas
2267 1862 2543 1931 pecunias
2567 1880 2683 1918 non
2703 1864 2857 1919 dono
2884 1865 3265 1935 pauperibus.
3296 1864 3508 1918 Dicunt
3526 1877 3663 1933 ergo

2016 1949 2066 2004 ei
2104 1965 2115 2004 :
2150 1949 2365 2005 Sallem
2395 1950 2503 2006 hoc
2553 1955 2610 2007 te
2650 1957 3005 2024 magnbpere
3040 1953 3445 2024 deprecamur,
3478 1955 3538 2005 ut
3570 1949 3660 2005 vel

2015 2043 2148 2108 post
2178 2040 2315 2093 anni
2348 2040 2632 2096 circulum
2667 2058 2773 2097 nos
2806 2042 3070 2113 requiras
3100 2041 3367 2097 Athenis.

2085 2127 2187 2182 Hic
2210 2128 2407 2200 itaque
2430 2130 2843 2186 sanctissimus
2870 2130 3126 2186 famulus
3145 2130 3361 2185 Christi
3386 2130 3659 2200 frequen-

2014 2222 2104 2271 ter
2134 2218 2561 2288 peregrinando
2590 2220 2661 2274 ad
2688 2220 2987 2275 Helladam
3007 2219 3290 2291 pervenit,
3333 2235 3398 2274 ac
3440 2234 3539 2290 per
3562 2216 3662 2272 tri-

2012 2307 2194 2360 duum
2231 2312 2497 2363 moratus
2528 2308 2795 2373 Athenis,
2830 2326 2863 2364 a
2891 2307 3051 2363 nullo
3085 2324 3296 2379 panem
3326 2324 3442 2378 quo
3466 2322 3659 2362 vesce-

2010 2401 2174 2449 retur
2202 2396 2445 2467 accepit.
2479 2396 2625 2451 Nam
2673 2413 2861 2468 neque
2894 2397 3201 2469 pecuniam
3234 2395 3503 2462 habebat,
3546 2411 3661 2450 non

2009 2483 2245 2555 pellem,
2291 2501 2405 2540 non
2457 2501 2657 2555 peram
2703 2502 2816 2541 non
2872 2487 3197 2558 quidquam
3250 2484 3410 2540 aliud
3457 2499 3660 2539 secum

2007 2578 2215 2643 praeter
2246 2574 2577 2640 sindonem,
2604 2592 2719 2646 qua
2747 2575 2938 2631 fuerat
2959 2575 3226 2642 amictus,
3252 2575 3491 2631 ferebat.
3515 2577 3657 2628 Cum

1996 2662 2123 2731 jam
2144 2677 2281 2733 ergo
2299 2664 2568 2733 usquead
2594 2668 2865 2735 quartam
2890 2664 3041 2719 diem
3061 2663 3205 2719 nihil
3227 2664 3458 2734 penitus
3481 2663 3656 2718 eden-

2005 2753 2077 2806 do
2102 2752 2615 2812 venisset.esurire
2637 2754 3010 2809 vehementer
3032 2754 3563 2826 cmpit.Nihilenim
3588 2768 3654 2810 eo

1994 2841 2220 2911 jejunio
2245 2844 2412 2913 pejus
2435 2843 2611 2913 quod,
2636 2848 3015 2914 extorquetur
3040 2845 3243 2911 invito,
3268 2862 3334 2900 ex
3365 2845 3536 2916 cujus
3557 2859 3657 2899 ne-

2000 2932 2274 2986 cessitate
2300 2932 2559 3003 procedit
2599 2949 2749 3003 sape
2795 2933 3059 3004 perﬁdia.
3101 2934 3271 2990 Stetit
3300 2951 3438 3007 ergo
3470 2951 3649 3005 supra

2000 3021 2316 3091 quer’ndam
2365 3020 2705 3077 colliculum
2738 3022 3016 3088 civitatis,
3045 3022 3145 3078 ubi
3178 3024 3458 3095 primates
3490 3025 3650 3095 ejus-

2001 3111 2128 3164 dem
2154 3109 2353 3181 oppidi
2385 3110 2699 3165 concilium
2729 3111 2945 3166 habere
2975 3118 3418 3180 consueverant,
3444 3116 3500 3167 et
3531 3112 3649 3169 illic

2001 3214 2213 3253 manus
2245 3197 2423 3253 etiam
2457 3216 2595 3254 suas
2647 3200 3027 3271 percutiendo
3078 3200 3371 3255 clamabat
3418 3200 3532 3254 vim
3585 3217 3648 3255 se

1996 3287 2313 3342 maximam
2347 3288 2490 3358 pati,
2518 3288 2609 3343 his
2661 3287 3038 3342 sermonibus
3061 3288 3263 3343 dicens
3293 3287 3642 3343 :Athenien-

1994 3393 2088 3432 ses
2119 3376 2595 3441 viri,succurrite.
2628 3376 3054 3433 Concurrentes
3093 3381 3289 3432 autem
3328 3392 3534 3433 omnes
3566 3377 3647 3432 si-

1994 3464 2118 3519 mul
2151 3482 2531 3536 quoscunque
2555 3466 3170 3538 palliis,quoscunque
3201 3466 3500 3522 cernimus
3524 3466 3643 3521 hir-

1994 3557 2073 3612 ris
2123 3574 2253 3613 esse
2302 3557 2562 3623 vestitos,
2614 3558 2978 3630 interrogant
3025 3574 3159 3614 eum
3205 3558 3345 3630 quid
3379 3558 3640 3627 haberet,

1992 3647 2146 3702 unde
2168 3646 2443 3712 venisset,
2475 3646 2562 3702 vel
2585 3647 2725 3719 quid
2752 3646 3050 3702 diceretse
3073 3646 3214 3718 pati.
3240 3646 3403 3702 Tunc
3426 3645 3525 3702 ille
3551 3662 3641 3702 re-

1991 3736 2265 3805 spondit:
2291 3736 2374 3790 Ab
2397 3735 2799 3807 [Egyptiorum
2831 3735 3069 3807 quidem
3092 3751 3303 3808 genere
3324 3736 3636 3805 descendo,

1990 3825 2433 3880 conversatione
2474 3824 2819 3880 monachus.
2844 3826 2924 3879 Ex
2954 3842 3069 3896 quo
3103 3830 3301 3882 tamen
3350 3826 3421 3882 de
3447 3825 3637 3897 patria

1990 3931 2117 3969 mea
2148 3931 2273 3985 qua:
2305 3918 2429 3969 erat
2461 3915 2605 3969 mihi
2638 3931 2793 3974 vera.
2828 3915 3095 3978 discessi,
3120 3915 3178 3969 in
3203 3916 3382 3971 trium
3408 3916 3632 3971 tenera-

1988 4007 2181 4059 torum
2208 4003 2689 4059 manusincurri:
2724 4020 2792 4059 ex
2813 4004 3030 4075 quibus
3053 4005 3201 4060 duos
3222 4005 3463 4076 quiden,
3496 4021 3637 4075 quo-

1989 4109 2219 4163 cunque
2242 4094 2415 4148 modo
2439 4093 2699 4149 debitum
2716 4092 3138 4166 solvens,potui
3162 4093 3454 4149 declinare
3472 4097 3529 4148 et
3552 4094 3636 4148 sic

1987 4198 2054 4236 ea
2075 4199 2201 4252 quae
2226 4184 2296 4237 ab
2323 4182 2468 4253 ipsis
2510 4182 2942 4252 objiciebantur
2976 4183 3257 4253 effugere;
3296 4182 3499 4237 tertius
3531 4198 3637 4237 au-

1986 4275 2103 4325 tem
2138 4271 2328 4325 adhuc
2354 4271 2450 4325 ille
2474 4287 2566 4326 me
2589 4270 2818 4338 retinet,
2844 4288 2946 4326 nec
2980 4271 3162 4326 habeo
3193 4271 3347 4326 unde
3371 4276 3427 4325 et
3458 4269 3634 4327 satis-

1986 4359 2176 4415 facere
2217 4360 2459 4431 possim.
2498 4364 2767 4431 Cumque
2794 4358 2880 4413 illi
2905 4358 3269 4431 requirerent
3306 4359 3530 4432 abipso
3554 4360 3637 4414 fe-

1988 4453 2286 4503 neratores
2311 4448 2527 4520 quibus
2546 4464 2606 4503 se
2629 4448 2953 4503 debitorem
2982 4464 3111 4503 esse
3131 4448 3403 4517 disceret,
3425 4448 3633 4504 scisci-

215 4543 337 4610 ejus
360 4544 753 4611 cognosceret
782 4538 985 4603 vitam,
1010 4538 1189 4609 pedes
1210 4552 1438 4606 quoque
1463 4536 1864 4607 ipsislavaret,
1900 4526 1946 4591 D
1978 4537 2256 4592 tabantur
2295 4538 2366 4592 ab
2396 4554 2461 4592 eo
2502 4537 2602 4608 qui
2630 4536 2710 4591 illi
2736 4541 2960 4606 essent,
2982 4536 3072 4591 vel
3093 4537 3193 4592 ubi
3221 4537 3520 4609 degerent,
3542 4536 3631 4593 vel

215 4637 279 4685 ut
298 4628 567 4686 dominis
594 4646 607 4682 :
637 4632 839 4699 postea
868 4643 999 4682 vero
1041 4642 1217 4698 quam
1239 4625 1546 4697 spirituale
1568 4625 1866 4681 lavacrum

218 4728 468 4794 uterque
506 4718 791 4790 suscepit,
815 4723 1061 4788 uterque
1084 4734 1116 4772 a
1141 4716 1405 4772 theatrali
1437 4721 1569 4772 actu
1606 4717 1867 4786 recessit,

216 4812 609 4881 conversique
630 4813 770 4865 sunt
792 4808 862 4863 ad
889 4812 1113 4862 castam
1146 4806 1366 4877 pariter
1384 4823 1446 4860 ac
1470 4805 1623 4875 piam
1665 4806 1868 4861 vitam.

214 4899 608 4957 Vehementer
628 4902 827 4954 autem
870 4900 1259 4951 memoratum
1286 4911 1350 4950 ac
1384 4894 1636 4950 dulciter
1665 4894 1869 4967 dilige-

214 4989 353 5046 bant
379 4992 601 5059 virum,
634 4990 743 5045 hoc
782 4988 1045 5043 dicentes
1077 4986 1126 5042 ei
1164 5002 1177 5040 :
1210 4986 1373 5051 Veni,
1414 4986 1612 5052 frater,
1638 4987 1764 5055 jam
1815 4990 1871 5040 te

213 5077 486 5134 libertate
529 5080 841 5146 donamus,
874 5092 939 5130 eo
972 5074 1128 5145 quod
1160 5074 1285 5144 ipse
1314 5090 1420 5128 nos
1453 5073 1613 5143 prior
1643 5075 1714 5128 de
1747 5078 1868 5127 tur-

216 5167 269 5237 pi
304 5168 546 5224 servitio
582 5164 864 5222 liberasti.
892 5165 980 5219 Ad
1018 5180 1163 5235 quos
1193 5179 1444 5234 magnus
1465 5161 1561 5217 ille
1587 5162 1868 5234 Serapion

213 5257 519 5328 respondit
552 5275 564 5313 :
598 5256 764 5312 Nunc
794 5254 962 5310 vobis
1011 5270 1116 5324 ego
1148 5253 1273 5323 jam
1335 5252 1702 5308 necessarius
1753 5269 1868 5307 non

211 5361 367 5415 sum,
402 5363 551 5417 opus
584 5346 643 5400 in
675 5344 838 5400 vobis
870 5358 1046 5399 suum
1092 5340 1245 5397 Deus
1296 5358 1399 5414 per
1450 5359 1541 5397 me
1586 5340 1867 5413 implevit,

209 5439 265 5488 et
298 5435 615 5507 utriusque
641 5438 902 5490 vestrum
934 5432 1133 5486 anima
1171 5432 1400 5487 salvata
1445 5439 1553 5486 est.
1590 5430 1753 5486 Unde
1776 5447 1869 5486 se-

215 5527 441 5579 cretum
473 5541 669 5581 meum
690 5523 857 5579 vobis
888 5526 1063 5592 atque
1084 5519 1194 5575 hoc
1225 5521 1377 5593 quod
1409 5520 1692 5577 hactenus
1714 5519 1873 5576 cela-

210 5626 417 5667 veram
447 5613 660 5684 pando.
693 5612 831 5685 Ego,
866 5609 1081 5681 inquit,
1115 5608 1493 5666 miseratione
1539 5614 1870 5667 vestrarum

286 5712 303 5749 ³
340 5712 465 5770 Hoc
493 5713 656 5772 deest
675 5713 736 5770 in
765 5712 873 5770 Ms.
906 5713 1110 5770 Moret.

1983 4626 2116 4698 quis
2136 4626 2233 4681 ille
2261 4626 2359 4699 qui
2393 4626 2443 4681 ei
2468 4625 2750 4682 molestus
2774 4629 2967 4694 esset;
3002 4642 3176 4698 quem
3200 4626 3251 4683 si
3275 4627 3632 4697 ostenderet,

1980 4716 2288 4786 adjuturos
2336 4716 2475 4770 sein
2500 4714 2776 4772 omnibus
2809 4731 2942 4771 eum
2977 4714 3348 4787 pollicentur.
3375 4713 3630 4771 Tuncil-

1982 4804 2072 4860 1e:
2109 4808 2146 4859 A
2180 4804 2488 4877 principio,
2512 4804 3065 4877 inquit,juventutis
3089 4804 3317 4871 mese,hi
3342 4809 3461 4860 tres
3483 4803 3629 4859 mihi

1981 4911 2215 4966 semper
2238 4893 2465 4949 molesti
2493 4894 2749 4963 fuerunt,
2773 4893 3067 4963 cupiditas
3093 4892 3376 4965 pecuniae,
3399 4892 3631 4949 deside-

1982 4985 2136 5040 rium
2185 4982 2574 5056 voluptatum,
2598 4989 2655 5040 et
2692 4984 2983 5040 voracitas
3022 4983 3281 5039 ventris:
3307 5001 3376 5040 ex
3414 4983 3633 5055 quibus

1984 5074 2156 5128 rebus
2181 5074 2352 5140 duas,
2375 5072 2485 5128 hoc
2506 5076 2593 5128 est
2616 5071 2874 5144 pecuniae
2899 5089 2964 5128 ac
2984 5072 3353 5145 voluptatum
3402 5073 3635 5144 cupidi-

1984 5167 2161 5217 tatem
2191 5161 2588 5233 evasissejam
2611 5161 2833 5229 videor,
2851 5178 3039 5233 neque
3064 5161 3204 5217 mihi
3231 5162 3477 5218 ulterius
3499 5166 3641 5218 sunt

1984 5251 2239 5307 molesta:
2266 5269 2279 5318 ;
2305 5252 2535 5307 tertiam
2563 5268 2697 5307 vero
2722 5255 2925 5325 (quam
2953 5251 3069 5306 dixi
3094 5251 3495 5325 voracitatem)
3522 5251 3638 5308 fer-

1985 5357 2045 5395 re
2078 5357 2190 5395 non
2225 5357 2487 5411 possum.
2521 5340 2665 5396 Nam
2701 5358 2835 5396 cum
2888 5346 3100 5413 quarto
3146 5340 3238 5395 die
3278 5341 3404 5411 jam
3438 5357 3507 5396 ex
3534 5357 3635 5395 ne-

1982 5428 2555 5499 cessitatejejunem,
2580 5434 2749 5502 urget
2774 5446 2868 5485 me
2902 5429 3003 5484 illa
3034 5429 3190 5485 sicut
3218 5428 3631 5485 severissimus

1984 5519 2290 5582 fenerator,
2315 5518 2554 5591 exigens
2582 5519 2849 5574 debitum
2882 5518 3125 5575 solitum
3157 5534 3389 5589 semper
3418 5532 3484 5573 ao
3514 5515 3629 5569 ﬂa-

1983 5606 2197 5678 gitans,
2229 5612 2287 5663 et
2318 5606 2432 5664 nisi
2483 5607 2811 5679 reddidero,
2862 5611 3113 5665 mortem
3158 5604 3434 5662 minatur.
3467 5603 3627 5659 Tunc
