4002 6166
378 274 490 327 307

1534 265 1893 320 APPENDIX
1935 264 2031 316 AD
2070 260 2287 314 VITAS
2323 256 2623 311 PATRUM

3649 245 3738 299 308

391 395 631 468 quidam
673 392 1158 466 philosOphorum
1209 394 1483 461 putantes
1531 404 1663 443 eum
1712 384 2036 455 composita
2065 385 2118 449 Α
2148 380 2319 445 simo,
2354 375 2771 445 miraculisque
2794 373 3136 445 lamigerato
3158 370 3341 424 factus
3361 372 3741 432 estnotus,cu-

389 485 661 555 quaedam
694 487 749 538 et
778 483 914 537 ﬁcta
944 496 1204 548 narrare,
1250 496 1429 535 unum
1489 478 1740 533 solidum
1791 476 2043 530 offerunt

386 575 437 630 ei
471 591 582 645 quo
615 573 712 628 ille
763 576 1021 643 sumpto,
1055 580 1108 626 et
1139 572 1369 625 cuidam
1395 569 1493 639 qui
1524 585 1703 639 panes
1733 565 2039 633 vendebat,

389 664 549 732 dato,
582 678 817 733 unoque
841 665 1070 715 tantum
1106 660 1176 714 ab
1210 676 1276 714 eo
1309 675 1457 730 pane
1487 662 1782 726 suscepto,
1815 671 1946 709 mox
1969 654 2039 707 ab

385 753 588 809 eadem
616 753 911 822 profectus
943 755 1032 804 est
1062 750 1315 813 civitate,
1343 764 1530 817 neque
1552 752 1743 800 tamen
1777 759 2037 814 unquam

386 845 589 913 postea
620 841 690 895 ad
729 842 918 910 ipsam
957 854 1222 893 reversus
1253 842 1358 891 est.
1393 836 1635 906 Cognito
1667 833 1819 887 968
1846 837 2037 886 autem

386 947 453 985 eo
486 928 821 1000 philosophi
864 927 970 992 illi,
1020 926 1300 996 omnique
1333 926 1409 979 rei
1442 924 1683 979 veritate
1715 924 2037 994 perspecta,

386 1034 665 1088 magnum
701 1016 896 1072 nescio
931 1032 1106 1086 quem
1157 1015 1347 1068 virum
1380 1029 1504 1067 csse
1554 1013 1858 1065 ﬁrmantes
1909 1009 2036 1063 red-

386 1107 507 1162 dito
554 1106 730 1161 unius
782 1105 968 1177 pretio
1004 1104 1196 1175 panis,
1233 1103 1490 1159 solidum
1527 1102 1598 1155 ab
1627 1117 1692 1155 eo
1725 1115 1897 1171 quem
1944 1097 2038 1151 ille

388 1201 750 1267 susceperat,
785 1198 1151 1265 receperunt.

468 1312 609 1367 Cum
636 1325 773 1381 ergo
794 1307 1051 1364 venisset
1074 1306 1455 1362 beatissimus
1480 1305 1575 1359 ille
1603 1305 1756 1360 circa
1780 1303 2040 1358 Lacedae—

389 1400 581 1455 monis
602 1399 749 1465 loca,
767 1414 951 1452 unum
979 1396 1101 1450 illic
1125 1397 1195 1451 de
1219 1394 1511 1468 prioribus
1536 1393 2037 1457 civitatis,bonum

388 1489 446 1543 in
481 1488 705 1544 caeteris
729 1488 903 1543 rebus
932 1487 1142 1552 virum,
1191 1500 1512 1556 omnesque
1555 1484 1624 1538 de
1647 1484 1818 1537 domo
1852 1480 2040 1552 ipsius

392 1577 742 1632 Manichaaos
767 1592 897 1632 esse
925 1574 1214 1646 cognovit.
1243 1578 1300 1629 In
1328 1573 1436 1628 hac
1460 1590 1664 1627 rursus
1688 1572 1857 1626 domo
1877 1570 2041 1639 juxta

391 1665 724 1737 exemplum
752 1665 1023 1735 superius
1043 1663 1307 1717 vendidit
1329 1680 1390 1717 se
1412 1668 1469 1716 et
1499 1661 1654 1715 intra
1676 1661 1822 1715 duos
1856 1675 2041 1713 annos

392 1760 513 1811 tam
549 1755 738 1824 ipsum
775 1754 987 1807 domus
1038 1753 1344 1807 dominum
1381 1751 1451 1805 ab
1484 1748 1824 1805 exsecrabili
1858 1752 2034 1813 secta,
2068 1755 2115 1820 B

393 1859 569 1915 quam
593 1843 901 1913 conjugem
926 1842 1367 1912 ejustotamque
1392 1839 1669 1893 familiam
1688 1838 2035 1899 abstractos,

391 1932 657 1988 Ecclesiae
690 1932 948 1986 tradidit.
983 1930 1163 1993 Quem
1197 1929 1279 1984 illi
1305 1931 1427 2000 jam
1480 1944 1593 1983 non
1646 1926 1812 1997 quasi
1847 1928 2039 1979 famu-

391 2020 512 2076 lum
546 2019 893 2091 diligebant,
927 2021 1022 2074 sed
1054 2018 1224 2091 quasi
1257 2020 1493 2072 fratrem
1529 2017 1906 2071 attendebant
1938 2030 2036 2084 po-

390 2111 511 2166 tius
543 2115 645 2165 aut
674 2114 923 2181 patrem,
959 2125 1159 2163 verum
1194 2108 1607 2163 benedicentes
1641 2110 1841 2159 Deum.

466 2233 922 2305 Postpaululum
942 2237 1200 2303 tempus,
1218 2249 1349 2287 cum
1374 2231 1445 2286 ab
1465 2231 1547 2285 eis
1565 2226 2040 2286 discessissethic

395 2322 723 2394 spiritualis
739 2323 980 2377 adamas
1002 2321 1439 2392 Serapion,cum
1468 2318 1673 2373 multis
1696 2317 1827 2371 aliis
1842 2320 1897 2369 et
1916 2314 2041 2385 ipse

394 2411 703 2482 ingressus
729 2410 1295 2473 estnavem,reddito
1322 2408 1502 2480 pretio
1529 2408 1692 2479 prius
1714 2405 1866 2476 quod
1888 2420 2045 2458 acce-

398 2504 564 2572 perat
584 2517 617 2555 a
637 2498 916 2566 dominis,
941 2499 1106 2569 quasi
1134 2498 1377 2552 Romam
1411 2496 1812 2567 navigaturus.
1844 2493 2043 2548 Nautzn

396 2606 529 2645 vero
580 2588 950 2660 suspicantes
994 2588 1149 2657 quod
1188 2594 1465 2658 sumptus
1509 2585 1766 2652 haberet,
1790 2589 1844 2638 et
1890 2583 2044 2653 quod

397 2679 682 2751 quasdam
701 2693 902 2732 secum
929 2677 1052 2731 auri
1081 2677 1304 2747 species
1328 2675 1643 2738 attulisset,
1663 2675 2051 2743 susceperunt

397 2765 707 2835 eum,nihi1
731 2767 802 2821 ab
826 2782 892 2820 eo
913 2765 1147 2837 penitus
1173 2765 1671 2836 requirentes,nec
1686 2762 2050 2832 ambigentes

399 2857 553 2927 quod
572 2873 723 2910 unus
737 2855 946 2926 aliquis
960 2871 1025 2909 ex
1046 2855 1189 2926 ipsis
1206 2854 1571 2922 rescjusdem
1606 2867 1838 2923 quoque
1859 2855 1923 2903 ut
1940 2866 2049 2903 caa-

398 2954 683 3009 terorum,
702 2944 761 2998 in
786 2950 949 3015 parte
968 2945 1130 2999 navis
1146 2944 1729 2999 constituisset.Dum
1758 2939 2052 3011 igiturna-

401 3033 881 3104 vigarent,etjam
899 3034 1105 3088 abesse
1125 3032 1465 3104 quingentis
1483 3032 1553 3087 ab
1576 3028 1919 3086 Alexandria
1934 3033 2051 3082 sta-

2141 471 2244 541 jus
2276 468 2526 523 lectulus
2563 468 2693 536 post
2720 463 2909 535 ipsius
2942 476 3187 516 mortem
3209 458 3425 514 solebat
3444 474 3625 511 curare
3646 458 3742 511 lan-

2150 563 2415 629 guentes.
2447 556 2586 610 Viso
2614 555 2722 607 hoc
2743 553 2923 623 igitur
2968 551 3039 605 ab
3062 550 3285 614 eodem,
3319 552 3374 601 et
3395 546 3745 601 adiﬁcatuset

2149 649 2353 702 doetus
2375 651 2464 700 est
2487 645 2554 698 ad
2584 644 2926 715 perfectum.
2961 640 3057 695 Ille
3079 640 3232 694 enim
3277 637 3362 690 vir
3390 635 3633 689 eruditus
3668 645 3745 690 at-

2152 753 2263 808 que
2296 738 2624 790 instructus
2659 731 2905 786 scientia
2928 734 2985 784 et
3010 728 3177 782 bonis
3203 726 3454 781 moribus
3478 728 3608 778 erat.

2220 828 2265 879 A
2291 841 2405 895 quo
2428 825 2574 878 forte
2615 839 2747 876 cum
2791 821 3079 890 quaereret
3118 817 3251 888 quis
3288 814 3428 868 alter
3466 811 3749 867 monachus

2149 913 2531 985 velfquaznam
2556 911 2718 981 virgo
2742 910 2943 963 devota
2967 908 3024 961 in
3050 906 3193 960 urbe
3235 905 3545 958 memorata
3572 902 3751 970 degere

2149 1003 2443 1057 diceretur
2466 999 2729 1071 (Pallad.,
2754 998 2998 1067 04119.85),
3021 993 3286 1064 cognovit
3310 1007 3434 1046 esse
3455 989 3569 1043 illic
3600 988 3750 1058 virgi-

2150 1109 2281 1147 nem
2304 1092 2616 1161 quamdam
2639 1105 2768 1159 quzn
2788 1104 2847 1142 se
2866 1088 2936 1141 ab
2960 1084 3236 1140 omnibus
3257 1084 3517 1152 separata
3536 1076 3751 1132 clausis.

2149 1188 2239 1236 set
2279 1181 2431 1234 intra
2475 1178 2744 1233 cellulam
2769 1192 2933 1231 suam
2964 1180 3139 1244 atque
3160 1170 3279 1225 illic
3311 1169 3624 1239 quiescens,
3646 1164 3753 1219 nul-

2148 1270 2269 1326 lum
2307 1268 2611 1324 hominum
2647 1282 2900 1336 unquam
2935 1258 3431 1323 videret.Quaerrit
3451 1254 3756 1323 moxipsius

2149 1361 2389 1414 domum
2421 1375 2433 1411 :
2460 1374 2635 1429 quam
2661 1371 2795 1410 cum
2817 1353 3157 1416 invenisset,
3182 1348 3400 1405 accedit
3421 1347 3487 1401 ad
3528 1343 3754 1400 vetulam

2149 1450 2488 1520 quamdam,
2542 1464 2668 1518 quae
2699 1446 2758 1500 in
2791 1444 3122 1499 ministerio
3171 1443 3500 1495 memoratae
3545 1433 3756 1505 virginis

2150 1544 2292 1607 erat,
2330 1540 2436 1594 hoc
2477 1538 2525 1591 ei
2561 1535 3001 1602 dicenszVade,
3052 1537 3109 1586 et
3158 1528 3366 1585 nuntia
3395 1523 3759 1599 virgini,quia

2152 1628 2482 1683 necessario
2514 1643 2641 1681 eam
2671 1625 2866 1680 videre
2897 1622 3185 1677 desidero.
3221 1618 3324 1674 Illa
3369 1632 3498 1672 vero
3536 1610 3759 1669 reddidit

2150 1733 2497 1788 responsum
2515 1717 2709 1770 dicens
2732 1713 2884 1785 quod
2904 1729 2969 1767 ex
2986 1709 3387 1775 multi,sannis
3408 1704 3678 1761 neminem
3694 1700 3759 1754 vi-

2146 1808 2354 1862 disset.
2377 1806 2527 1861 Dicit
2548 1807 2597 1860 ei
2626 1805 2844 1869 :Vade,
2884 1800 3088 1855 nuntia
3111 1799 3184 1865 ei;
3232 1799 3380 1853 Deus
3409 1794 3555 1849 enim
3597 1808 3678 1846 me
3697 1790 3757 1846 ad

2148 1894 2504 1966 colloquium
2533 1892 2720 1965 ipsius
2746 1892 2921 1946 misil.
2950 1890 3053 1943 Illa
3075 1904 3205 1942 vero
3230 1903 3301 1940 ne
3324 1885 3407 1940 sic
3429 1882 3651 1955 quidem
3673 1896 3754 1933 vo-

2147 1984 2258 2039 luit
2283 1983 2721 2039 nuntiare.Cum
2749 1977 3076 2049 ilaqueillic
3099 1978 3249 2031 duos
3280 1974 3366 2028 vel
3390 1979 3506 2027 tres
3534 1970 3647 2024 dies
3671 1968 3756 2022 ob-

2151 2077 2525 2136 servasset,et
2546 2076 2668 2125 tum
2696 2071 2931 2125 demum
2960 2067 3031 2123 ab
3053 2084 3120 2123 ea
3143 2068 3451 2135 susceptus
3475 2056 3760 2121 fuisset,ait

2151 2163 2336 2219 eidem
2359 2161 2535 2224 :Quid
2561 2160 2653 2214 hic
2683 2160 2854 2213 sedes
2876 2158 2903 2212 ?
2944 2156 3049 2212 Illa
3089 2154 3425 2226 respondit:
3450 2151 3568 2205 Non
3590 2147 3760 2212 sedeo,

2152 2252 2251 2307 sed
2279 2248 2536 2304 ambulo.
2561 2248 2709 2304 Dicit
2734 2248 2833 2303 ille
2859 2264 2871 2301 :
2896 2247 3017 2310 Quo
3033 2241 3336 2299 ambulas?
3360 2240 3479 2306 Illa,
3504 2239 3570 2293 ad
3594 2233 3761 2291 Domi-

2154 2336 2546 2409 num,inquit.
2582 2335 3023 2401 AitillezVivis,
3049 2351 3121 2388 an
3148 2336 3380 2387 mortua
3397 2326 3495 2384 es?
3545 2325 3641 2379 llla
3660 2339 3763 2378 res-

2158 2428 2361 2499 pondit
2383 2444 2395 2481 :
2415 2427 2595 2481 Credo
2620 2426 2677 2480 in
2702 2426 2817 2481 Deo
2842 2441 2992 2489 meo,
3018 2439 3146 2478 esse
3171 2438 3265 2477 me
3293 2423 3577 2474 mortuam
3608 2428 3764 2468 saecu-

2155 2518 2250 2584 lo;
2286 2533 2421 2571 nam
2455 2532 2626 2571 carne
2657 2514 2759 2585 qui
2808 2514 3029 2577 vivunt,
3080 2512 3149 2566 ad
3202 2508 3508 2565 Dominum
3540 2505 3615 2559 ire
3668 2516 3765 2556 non

2157 2606 2532 2680 possunt.Ait
2557 2604 2649 2659 ille
2675 2622 2687 2659 :
2710 2604 2766 2657 Si
2789 2602 2969 2674 igitur
2995 2602 3100 2656 hoc
3122 2600 3321 2671 ipsum
3346 2594 3676 2669 persuadere
3696 2588 3769 2680 vis

2162 2678 2329 2764 mihi,
2356 2696 2441 2749 fac
2463 2695 2591 2766 ipsa
2613 2693 2766 2761 quod
2792 2692 2959 2746 facio.
2979 2690 3086 2745 Illa
3107 2687 3412 2761 respondit
3433 2701 3447 2742 :
3471 2684 3525 2741 Si
3546 2678 3769 2753 possibi-

2162 2786 2240 2840 lia
2262 2789 2491 2839 tantum
2511 2780 3188 2854 jusseris,faciam.'l‘unc
3212 2778 3309 2832 ille
3330 2774 3645 2847 respondit:
3663 2771 3769 2825 Pos-

2163 2874 2357 2930 sibilia
2373 2879 2583 2929 cuncta
2596 2876 2735 2928 sunt
2752 2869 2972 2926 homini
2999 2870 3130 2924 huic
3148 2867 3363 2923 saeculo
3382 2869 3620 2930 mortuo,
3650 2875 3773 2931 pre-

2163 2970 2251 3019 ter
2273 2962 2456 3018 solam
2486 2962 2867 3032 impietatem.
2894 2958 3110 3013 Deinde
3138 2959 3217 3011 ait
3250 2974 3263 3012 :
3290 2955 3569 3027 Egredere
3589 2956 3641 3006 et
3662 2963 3772 3021 pro-

2165 3054 2397 3108 cede.Et
2418 3052 2518 3107 illa
2540 3051 2875 3121 respondit:
2902 3048 3302 3120 Vigessimum
3323 3050 3380 3101 et
3405 3043 3661 3115 quintum
3682 3054 3768 3091 an-

402 3122 514 3177 diis
546 3122 903 3213 viderentur’
931 3129 1233 3213 φρθτυίῖι
1263 3138 1466 3177 omnes
1500 3120 1599 3191 (λαὶ
1634 3136 1767 3175 cum
1801 3118 1927 3213 iptio
1960 3116 2045 3169 in'
2079 3124 2123 3186 (ἶ
2170 3160 2308 3198 num
2345 3158 2474 3213 ago,
2501 3158 2569 3196 ex
2609 3116 2724 3211 q-uo
2752 3116 3055 3211 nunquam
3105 3153 3173 3191 ex
3204 3135 3317 3191 hoc
3345 3133 3469 3189 loco
3499 3129 3772 3201 egredior:

400 3212 590 3283 gressi
625 3211 879 3276 fuerant,
907 3210 1063 3265 circa
1093 3211 1233 3266 solis
1262 3228 1534 3266 occasum
1568 3224 1799 3264 sumere
1832 3207 2055 3271 cibum,

400 3301 555 3372 quod
576 3305 631 3356 et
655 3300 1101 3371 nautaaipsijam
1128 3301 1401 3356 fecerant.
1424 3302 1686 3370 Cumque
1713 3314 1844 3352 eum
1869 3295 2056 3366 primo

399 3390 494 3445 die
519 3406 631 3445 non
658 3389 925 3443 viderent
948 3390 1242 3455 edentem,
1270 3405 1510 3443 causam
1546 3404 1673 3442 esse
1697 3386 1969 3457 aliquam,
1989 3383 2058 3437 de

401 3478 792 3549 navigationis
820 3477 1082 3532 molestia
1100 3477 1495 3533 crediderunt.
1520 3480 1585 3531 At
1603 3492 1736 3531 cum
1764 3491 1867 3529 nec
1888 3473 2058 3549 tertio

400 3544 634 3637 quoque
658 3582 762 3619 nec
787 3570 993 3635 quarto
1019 3568 1088 3620 de
1112 3567 1311 3620 cibum
1337 3563 1920 3637 caperet,'cpulantes
1945 3544 2058 3632 ipsi

397 3658 523 3724 jam
548 3654 755 3725 quinto
778 3654 870 3709 die
895 3654 950 3707 in
976 3672 1212 3709 summa
1254 3654 1423 3709 illum
1448 3654 1638 3726 quiete
1679 3652 2057 3724 perseveran-

406 3748 523 3797 tem
550 3743 633 3797 sic
656 3742 1219 3812 alloquuntur:Cur,
1250 3743 1758 3815 inquiunt,homo,
1783 3741 1874 3796 hic
1898 3739 2058 3795 solus

408 3831 537 3902 ipse
561 3847 675 3885 non
702 3831 990 3886 comedis?
1021 3832 1343 3903 respondit,
1377 3851 1490 3888 non
1515 3832 1725 3886 habere
1753 3848 1812 3885 se
1833 3830 2052 3884 dicens.

405 3923 528 3984 Quo
553 3918 752 3974 audito
777 3918 1035 3974 vicissim
1064 3937 1126 3975 se
1152 3925 1340 3976 nautae
1366 3921 1727 3992 interrogare
1748 3922 2049 3990 coeperunt

406 4009 682 4080 quisnam
706 4026 799 4065 res
821 4010 949 4080 ejus
978 4026 1042 4065 ac
1066 4015 1341 4082 sumptus
1364 4009 1720 4082 suscepisset
1744 4009 1800 4062 in
1828 4007 1975 4062 navi.
1993 4006 2063 4060 Et

410 4115 545 4153 cum
571 4098 715 4153 nulli
739 4100 811 4154 ab
835 4116 900 4155 eo
925 4100 1126 4155 datum
1155 4100 1378 4172 aliquid
1403 4098 2061 4172 reperissent,objurga-

405 4188 551 4243 bant
574 4205 733 4256 cum,
778 4189 893 4244 ista
940 4190 1205 4245 dicentes
1230 4208 1241 4245 :
1265 4190 1769 4254 Quemadmodum
1794 4184 2055 4241 ascendi-

407 4278 487 4334 sti
517 4278 645 4334 sine
694 4280 1032 4352 sumptibus
1059 4281 1296 4335 navium
1320 4281 1347 4335 ?
1377 4282 1530 4335 unde
1572 4278 1867 4335 mercedes
1889 4276 2063 4329 datu-

409 4386 511 4424 rus
543 4386 604 4424 es
638 4370 845 4425 nobis?
871 4371 1029 4426 unde
1064 4371 1188 4443 ipse
1208 4372 1477 4428 victurus
1521 4390 1580 4427 es
1603 4373 1629 4426 ‘?
1669 4371 1765 4424 Ait
1796 4369 1891 4424 ille
1912 4367 2062 4422 viro-

412 4474 543 4512 rum
579 4459 1090 4528 patientissimus:
1117 4463 1198 4515 Ad
1230 4479 1320 4517 me
1352 4462 1497 4516 nihil
1530 4461 1808 4532 pertinet;
1834 4457 2062 4513 educite

411 4560 502 4599 me
526 4552 699 4616 atque
723 4548 991 4618 projicite
1016 4550 1085 4604 ad
1111 4549 1276 4605 illum
1292 4550 1391 4605 ubi
1413 4567 1501 4605 me
1518 4550 1826 4605 invenistis
1843 4548 2056 4601 locum.

409 4636 611 4688 Nautes
634 4633 1010 4706 indignantes
1062 4638 1334 4693 dicebant
1361 4658 1372 4695 :
1399 4640 1441 4695 Ο
1487 4637 1603 4694 iral
1651 4638 1825 4693 etiam
1850 4637 1896 4691 si
1925 4652 2061 4690 cen-

411 4728 537 4776 tum
574 4722 791 4779 solidos
838 4725 1029 4793 dares,
1074 4744 1374 4799 nunquam
1417 4728 1523 4783 hoc
1566 4728 1815 4782 libenter
1860 4727 2071 4780 faccre'

416 4828 571 4877 mus,
604 4827 732 4867 cum
769 4813 846 4867 sit
878 4814 1069 4885 navigi
1100 4821 1258 4870 tanta
1284 4817 1673 4888 prosperitas;
1713 4820 2069 4887 quapropter

414 4898 780 4969 propositum
807 4907 1007 4972 emptae
1030 4904 1422 4975 navigationis
1462 4905 1799 4976 implemus.
1844 4904 1927 4958 lta
1957 4902 2065 4975 igi-

414 4993 514 5042 tur
544 4988 763 5043 mansit
793 4988 851 5043 in
901 4992 1029 5045 navi
1081 5010 1343 5057 securus,
1390 5000 1452 5049 ut
1483 4994 1533 5049 ei
1580 5009 1766 5066 usque
1822 4992 2066 5047 Romam

416 5082 609 5133 nautae
634 5094 839 5134 omnes
874 5080 1157 5136 alimenta
1190 5083 1535 5153 praeberent.

487 5193 595 5249 Ubi
614 5210 750 5267 ergo
768 5195 961 5267 attigit
982 5198 1227 5254 Romam
1248 5200 1467 5257 athleta
1486 5200 1695 5257 Christi
1713 5201 2072 5257 fortissimus

419 5283 822 5355 (Pallad.,cap.
841 5287 952 5357 84).
982 5288 1154 5361 coepit
1176 5290 1470 5360 requirere
1491 5292 2071 5361 curiosiusquisnam

416 5371 537 5427 illic
561 5388 813 5443 magnus
849 5391 978 5430 esse
1030 5376 1243 5447 aliquis
1276 5379 1602 5436 monachus
1640 5380 1955 5444 diceretur,
1980 5370 2068 5432 vel

417 5478 544 5534 quae
595 5462 758 5533 virgo
812 5462 913 5519 Dei
957 5466 1373 5535 praedicaretur
1397 5487 1430 5524 a
1460 5470 1709 5524 cunctis.
1743 5472 1885 5522 Cum
1919 5468 2071 5521 inte-

418 5567 516 5607 rea
540 5549 854 5607 Domnioni
877 5553 1119 5610 cuidam
1139 5555 1464 5614 fortissimo
1488 5563 1664 5629 atque
1688 5556 2072 5613 abstinentis—

478 5655 498 5692 ι
530 5651 865 5713 Mirandum
892 5655 1021 5730 hoc,
1057 5675 1176 5717 non
1206 5657 1585 5718 imitandum.

2169 3248 2345 3304 quam
2365 3232 2435 3285 ob
2465 3246 2699 3285 causam
2726 3244 2860 3299 ergo
2882 3228 2972 3282 vis
2997 3226 3168 3281 hodie
3194 3224 3531 3295 procedam?
3548 3218 3635 3275 Ait
3653 3214 3738 3271 ille
3765 3230 3775 3267 :

2168 3323 2511 3391 Vab,uonne
2534 3324 2595 3375 tu
2624 3316 2823 3374 dixisti
2848 3316 3002 3388 quod
3025 3313 3238 3370 saeculo
3265 3316 3497 3369 mortua
3517 3308 3629 3365 sis?
3648 3304 3781 3361 unde

2171 3413 2553 3469 manifestum
2578 3413 2667 3465 est
2692 3407 2847 3480 quod
2879 3410 2936 3461 et
2967 3403 3246 3460 smculum
3281 3403 3409 3458 tibi.
3442 3398 3595 3467 Quod
3626 3395 3671 3451 si
3696 3409 3783 3448 ve-

2171 3520 2300 3559 rum
2333 3507 2443 3569 est,
2475 3506 2565 3556 est
2596 3506 2861 3554 mortuus
2889 3495 3035 3551 nihil
3067 3496 3284 3561 sentit;
3318 3509 3500 3549 unum
3541 3505 3663 3559 ergo
3689 3489 3780 3549 est,

2168 3594 2289 3650 sive
2319 3609 2433 3647 non
2468 3589 2769 3661 procedas,
2800 3586 2919 3642 sive
2951 3585 3271 3657 procedas;
3324 3598 3461 3655 ergo
3500 3576 3779 3653 progrede-

2170 3699 2251 3739 re.
2287 3682 2417 3737 Haac
2446 3680 2693 3735 audiens
2722 3677 2904 3748 virgo,
2935 3673 3241 3747 processit.

2242 3776 2564 3841 Postquam
2614 3773 2803 3823 autem
2827 3764 3113 3837 processit
3143 3780 3172 3818 e
3204 3762 3417 3819 cellula
3464 3776 3586 3827 sua,
3631 3764 3679 3812 et
3720 3752 3780 3808 ad

2171 3861 2489 3933 quamdam
2524 3856 2827 3913 basilicam
2854 3856 3031 3920 venit,
3061 3853 3381 3909 rursusille
3406 3847 3784 3907 sanctissimus

2171 3951 2289 4006 illic
2310 3951 2381 4005 ad
2404 3966 2532 4004 eam
2554 3947 2813 4019 loquitur
2836 3962 2848 4001 :
2876 3944 2933 3999 Si
2965 3960 3102 4015 ergo
3127 3942 3211 3998 vis
3232 3942 3482 3998 suadere
3523 3936 3656 3994 mihi
3677 3948 3780 3989 cer-

2168 4040 2420 4104 tissime,
2446 4038 2601 4108 quod
2626 4040 2859 4091 mortua
2895 4034 2999 4099 sis,
3026 4033 3269 4101 necjam
3295 4048 3431 4087 cum
3471 4025 3785 4085 hominibus

2172 4131 2409 4201 placens
2432 4127 2707 4192 vivas,l'ac
2734 4130 2791 4179 et
2812 4124 2942 4195 ipsa
2965 4122 3119 4194 quod
3148 4122 3315 4188 facio,
3345 4126 3399 4177 et
3425 4135 3553 4175 vere
3582 4123 3633 4172 te
3658 4126 3784 4168 mor-

2171 4223 2333 4273 tuam
2361 4215 2572 4271 sarculo
2597 4213 2739 4269 scio.
2791 4214 2859 4267 Et
2909 4210 3284 4283 virgonuid
3338 4210 3422 4266 vis
3466 4204 3703 4279 amplius
3724 4201 3789 4255 fa-

2174 4307 2323 4362 ciam
2344 4306 2372 4360 ?
2402 4309 2554 4359 Exue
2587 4309 2665 4369 te,
2698 4302 2909 4372 inquit,
2942 4301 3200 4356 vestibus
3234 4299 3374 4368 tuis,
3407 4304 3464 4354 et
3493 4310 3685 4353 omnes
3711 4304 3787 4344 res

2177 4395 2393 4467 quibus
2426 4393 2629 4459 uteris,
2664 4392 2745 4447 ita
2772 4395 2839 4445 ut
2878 4406 3005 4463 ego,
3058 4406 3238 4459 super
3288 4389 3590 4444 humerum
3646 4391 3789 4437 tuum

2095 4498 2139 4562 ι)
2176 4500 2344 4555 pone,
2379 4487 2435 4537 et
2466 4482 2550 4537 sic
2581 4480 2764 4536 transi
2816 4496 2919 4551 per
2968 4477 3219 4533 mediam
3271 4478 3586 4544 civitatem,
3618 4476 3670 4528 et
3710 4483 3791 4523 eo-

2174 4575 2303 4628 dem
2339 4588 2499 4627 more
2531 4587 2624 4625 me
2654 4570 2881 4625 nudum
2914 4584 3019 4623 nec
3064 4566 3264 4639 aliqua
3309 4562 3653 4623 verecundia
3677 4572 3793 4629 per-

2183 4662 2481 4717 turbatum
2516 4675 2754 4728 sequere
2786 4658 3251 4730 precedentem'.
3290 4656 3376 4711 Ad
3412 4655 3514 4710 hoc
3553 4650 3646 4705 illa
3691 4661 3792 4701 res-

2182 4751 2388 4823 pondit
2418 4767 2430 4804 :
2463 4750 2570 4803 Sed
2608 4748 2926 4803 multorum
2952 4746 3204 4812 animas,
3227 4762 3357 4817 quae
3382 4760 3475 4799 me
3496 4747 3609 4797 tam
3630 4735 3795 4793 defor-

2181 4841 2355 4894 miter
2411 4836 2712 4893 ambulare
2765 4835 3035 4905 viderint,
3104 4834 3273 4902 laede,
3323 4838 3381 4890 et
3412 4836 3513 4888 aut
3550 4831 3791 4884 insanam

2179 4929 2372 4984 cuncti
2407 4943 2535 4983 esse
2564 4926 2825 4992 credent,
2849 4929 2949 4979 aut
2971 4925 3287 4979 daemonem
3327 4924 3447 4995 pati
3483 4920 3686 4976 dicent.
3715 4909 3796 4966 Ait

2182 5018 2314 5074 ille:
2344 5019 2413 5072 Et
2435 5016 2576 5088 quid
2610 5015 2719 5071 hoc
2745 5015 2814 5070 ad
2845 5018 2921 5082 te,
2956 5013 3005 5068 si
3038 5016 3138 5068 aut
3161 5012 3517 5068 dznmoniosa
3542 5002 3793 5065 credaris,

2182 5113 2283 5161 aut
2314 5103 2812 5161 vocerisinsana?
2842 5102 2928 5156 Tu
2981 5102 3137 5156 enim
3188 5102 3343 5174 apud
3379 5100 3506 5155 illos
3549 5095 3644 5168 qui
3690 5093 3794 5147 haec

2181 5198 2600 5269 loquuntur,ut
2629 5195 2778 5251 dicis
2811 5198 3045 5250 mortua
3077 5210 3158 5249 es.
3188 5195 3413 5249 Mortuo
3439 5195 3628 5248 autem
3660 5199 3794 5241 nun-

2182 5306 2361 5360 quam
2393 5304 2547 5343 curaa
2578 5292 2667 5342 est
2699 5286 2889 5357 siquis
2921 5287 2973 5342 ei
3021 5286 3108 5341 vel
3143 5285 3476 5352 detraxerit,
3510 5280 3594 5337 vel
3623 5276 3795 5333 irrise-

2182 5379 2285 5445 rit;
2315 5377 2461 5431 nihil
2505 5377 2661 5431 enim
2690 5377 2900 5432 horum
2934 5381 3124 5449 potest
3158 5377 3376 5431 sentire
3406 5375 3567 5429 Tunc
3597 5367 3729 5425 dixit
3753 5361 3797 5419 ei

2182 5468 2343 5537 virgo
2376 5482 2389 5522 :
2428 5466 2682 5522 Obsecro
2717 5470 2770 5522 te
2802 5466 3089 5538 quidquid
3123 5465 3280 5521 aliud
3323 5464 3410 5519 vis
3441 5464 3498 5517 in
3531 5476 3655 5516 meo
3681 5469 3797 5527 pro-

2184 5556 2395 5629 posito,
2431 5556 2595 5626 jube,
2631 5560 2689 5612 et
2731 5555 2960 5613 faciam.
3004 5557 3083 5612 Ad
3116 5556 3263 5612 hanc
3293 5552 3449 5610 enim
3478 5564 3658 5622 usque
3683 5544 3799 5601 vita!
