3986 6168
259 353 366 408 313

1526 355 1967 410 HBRACLIDIS
2006 356 2434 412 PARADISUS.
3576 351 3682 407 314

256 476 531 548 ingressa
562 482 652 533 est
700 479 771 534 ad
806 478 1212 535 habitaculum
1249 495 1416 535 suum
1447 496 1460 534 :
1495 479 1592 536 ille
1621 495 1759 535 vero
1796 496 1927 534 ora-
1954 477 2007 544 A
2038 481 2201 536 tudo.
2250 482 2494 553 Semper
2544 482 2723 555 igitur
2752 482 2930 537 vitam
2963 482 3222 553 quietam
3252 496 3431 553 agens
3456 519 3471 545 ,
3503 482 3681 551 atque

253 568 413 622 tione.
445 568 503 622 in
530 567 741 623 limine
767 568 983 624 domus
1009 569 1180 637 facta,
1207 570 1278 624 ad
1303 569 1695 626 solitudinum
1724 586 1919 625 secre-

260 662 316 710 ta
352 658 661 713 remeavit.

326 752 449 801 Hoc
476 754 673 803 autem
702 748 893 819 ipsius
916 748 1269 805 miraculum
1304 751 1504 816 fertur,
1533 751 1681 821 quod
1704 766 1839 804 cum
1860 749 1915 803 in

254 852 321 889 eo
358 838 458 891 ubi
494 838 745 907 degebat
779 837 905 893 loco
928 839 1163 894 fecisset
1194 840 1305 895 sibi
1332 846 1597 910 puteum,
1628 844 1683 894 et
1706 856 1916 909 aquam

249 925 372 979 illic
404 927 843 981 amarissimam
891 929 1229 999 reperisset,
1264 929 1481 983 ibidem
1527 946 1709 997 usque
1743 930 1812 982 ad
1850 928 1918 981 Ii-

250 1032 387 1069 nezn
425 1014 709 1071 ultimum
746 1018 917 1084 vixit,
952 1022 1263 1073 contentus
1295 1017 1541 1072 inventae
1573 1018 1917 1072 amaritudi-

244 1107 427 1162 nibus
465 1123 658 1177 aquze,
696 1112 758 1161 ut
793 1108 1134 1178 patientiam
1156 1109 1387 1163 cunctis
1413 1110 1659 1179 propriae
1682 1108 1918 1162 virtutis

239 1196 616 1253 ostenderet.
653 1196 817 1251 Multi
842 1202 1040 1252 tamen
1067 1202 1265 1268 postea
1291 1198 1581 1263 monachi,
1610 1197 1917 1266 postillius

240 1290 501 1339 mortem
552 1286 765 1358 degere
796 1286 851 1340 in
888 1285 1033 1341 cella
1078 1287 1265 1357 ipsius
1299 1287 1578 1358 pertinaci
1621 1286 1917 1341 voluntate

238 1375 583 1446 cupientes,
630 1391 700 1430 ne
736 1392 853 1431 uno
888 1377 1125 1447 quidem
1169 1394 1321 1432 anno
1355 1376 1472 1431 illic
1514 1376 1783 1431 habitare
1814 1393 1917 1445 po-

238 1469 516 1519 tuerunt.
561 1466 751 1520 Habet
780 1465 935 1520 enim
970 1466 1096 1537 ipse
1128 1467 1289 1521 locus
1330 1470 1386 1521 et
1416 1467 1688 1521 timorem
1734 1466 1913 1521 maxi-

242 1568 411 1607 mum
448 1569 709 1625 semper,
743 1559 800 1610 et
831 1554 1110 1610 solatium
1145 1554 1400 1610 nullum.

834 1644 1069 1700 CAPUT
1120 1644 1342 1700 XXVII.

784 1734 918 1789 Vita
948 1735 1145 1805 Moysz's
1175 1735 1388 1805 Libyci.

316 1822 555 1894 Moyses
587 1823 837 1892 quidam
875 1825 946 1879 de
979 1825 1159 1897 Libya
1181 1825 1470 1880 oriundus
1494 1824 1730 1895 fuit,vir
1755 1841 1908 1878 man-
1943 1847 1990 1911 Β

236 1912 594 1967 suetudinis
647 1930 899 1969 summa:
942 1917 1000 1968 et
1041 1913 1377 1970 dilectionis
1433 1915 1759 1980 immensae,
1808 1913 1907 1984 qui

233 2001 467 2056 caelesti
524 2004 716 2073 gratia
766 2019 952 2076 egros
1005 2020 1209 2059 curare
1258 2004 1582 2075 promeruit
1629 2004 1909 2075 (Pallad.,

241 2107 373 2161 cup.
407 2092 527 2163 88).

316 2181 425 2235 His
449 2181 655 2237 retulit
687 2182 857 2253 mihi,
891 2185 1044 2255 quod
1069 2200 1200 2240 cum
1237 2183 1670 2254 adhucjuvenis
1702 2182 1761 2237 in
1788 2200 1911 2239 mo-

233 2270 512 2326 nasterio
546 2288 652 2326 suo
686 2276 863 2339 esset,
897 2290 961 2328 ac
992 2278 1233 2345 puteum
1266 2273 1533 2328 maximae
1567 2272 1911 2343 capacitatis

231 2360 554 2427 effoderet,
581 2361 783 2433 viginti
806 2362 865 2416 in
899 2362 1083 2418 latum
1119 2363 1432 2418 habentem
1468 2363 1662 2432 pedes,
1695 2366 1751 2417 et
1782 2378 1911 2417 cen-

232 2454 379 2503 tum
414 2450 476 2504 in
504 2451 885 2522 profundum,
918 2452 1055 2507 etin
1089 2456 1248 2507 tanto
1272 2452 1459 2523 spatio
1484 2451 1709 2506 nullum
1744 2468 1908 2522 aquas

230 2540 490 2609 signum
522 2540 760 2605 videret,
795 2541 1115 2613 praesertim
1150 2558 1283 2597 cum
1318 2541 1497 2596 etiam
1530 2540 1680 2595 infra
1712 2540 1907 2611 ipsum

230 2628 417 2684 nulla
450 2629 690 2696 indicia,
721 2630 775 2684 in
803 2632 1019 2702 quibus
1049 2648 1177 2687 esse
1200 2631 1422 2702 aliquid
1455 2631 1908 2701 humorisputa-

229 2718 449 2783 batur,
488 2724 853 2789 apparerent,
887 2721 1026 2774 dum
1060 2724 1294 2775 centum
1331 2736 1476 2792 pene
1508 2718 1650 2773 alios
1682 2718 1910 2773 etfodis-

232 2811 385 2863 sent
419 2808 620 2879 pedes,
653 2824 718 2863 ac
751 2825 856 2864 nec
884 2814 1025 2864 tunc
1049 2810 1286 2881 quidem
1315 2810 1622 2864 humorem
1649 2808 1904 2878 aliquem

232 2895 295 2949 in
310 2894 521 2950 venire
535 2896 867 2967 potuissent
886 2918 899 2965 ;
924 2898 1145 2961 tristes,
1168 2897 1376 2967 inquit,
1403 2899 1471 2952 ad
1484 2898 1614 2952 mod
1629 2914 1722 2951 um
1748 2898 1903 2965 facti,

222 3002 258 3039 a
294 2989 432 3038 tam
461 2983 656 3039 inutili
675 2986 1265 3058 operecogitabamus
1290 2987 1622 3043 abscedere.
1649 2988 1790 3042 Ecce
1809 3004 1905 3041 au-

225 3079 368 3128 tem
404 3074 603 3129 subito
628 3079 868 3131 sanctus
894 3075 1025 3131 Pior
1055 3077 1125 3131 de
1149 3075 1375 3131 ultimis
1398 3076 1782 3131 solitudinum
1816 3076 1903 3130 lo-

225 3164 323 3218 cis
364 3162 426 3217 in
466 3162 717 3218 maxime
751 3165 955 3220 ardore
986 3170 1182 3233 zestus,
1216 3165 1359 3221 hora
1390 3171 1552 3221 sexta
1569 3166 1681 3220 diei
1705 3166 1905 3220 admo-
1938 3168 1980 3234 ί]

229 3254 394 3306 dum
432 3266 505 3306 ex
536 3252 680 3324 pelle
709 3252 934 3310 velatus
967 3256 1156 3310 astitit
1187 3255 1379 3321 nobis,
1412 3260 1468 3310 et
1493 3254 1580 3309 his
1613 3259 1907 3326 postremo

226 3342 495 3398 locutus
522 3347 609 3397 est
640 3344 869 3399 verbis:
988 3346 991 3349 ’

318 3432 482 3497 Quid
514 3431 782 3488 homines
831 3450 1016 3505 parvze
1050 3434 1207 3499 ﬁdei,
1244 3434 1681 3504 angustiamini,
1716 3438 1771 3489 et
1801 3434 1905 3489 de-

236 3536 499 3593 sperare
546 3520 869 3577 voluistis?
906 3524 990 3578 Ab
1023 3523 1308 3579 hesternae
1356 3523 1512 3579 enim
1554 3523 1665 3579 diei
1716 3524 1904 3596 spatio

237 3626 449 3681 usque
486 3626 638 3665 nunc
664 3610 904 3665 tristitia
934 3612 1348 3668 absorbemini.
1378 3612 1745 3668 Descendens
1768 3629 1903 3685 ergo

236 3701 299 3753 in
335 3699 721 3769 profundum,
747 3716 848 3772 per
870 3715 967 3755 eas
988 3717 1130 3771 quas
1156 3700 1240 3755 illi
1269 3701 1527 3756 fecerant
1546 3701 1755 3769 scalas,
1782 3719 1904 3757 ora-

234 3790 408 3843 tione
426 3787 549 3843 illic
572 3803 703 3843 cum
718 3788 995 3845 omnibus
1013 3791 1277 3859 facta,ter
1302 3792 1447 3845 ferro
1464 3794 1613 3861 quod
1643 3792 1700 3845 in
1726 3808 1900 3847 manu

234 3882 510 3950 ceperat,
545 3877 737 3933 solum
772 3880 931 3950 putei
982 3880 1293 3951 percussit,
1328 3880 1436 3935 hoc
1469 3881 1707 3935 dicens:
1746 3882 1901 3939 Deus

231 3983 557 4021 sacrorum
608 3966 1097 4037 patriarcharum,
1144 3974 1217 4037 te,
1252 3970 1467 4040 inquit,
1499 3987 1807 4041 precamur
1836 3989 1900 4027 ac

229 4056 529 4128 petimus,
565 4071 637 4110 ne
660 4056 787 4111 sine
819 4073 998 4112 causa
1026 4057 1279 4129 impensi
1314 4059 1433 4113 sint
1466 4060 1611 4114 tanti
1650 4061 1898 4115 fratrum

226 4146 497 4213 labores,
530 4145 629 4199 sed
668 4157 875 4215 praesta
908 4146 1051 4218 ipsis
1085 4164 1258 4202 usum
1293 4149 1421 4217 ejus
1448 4166 1625 4219 quam
1669 4150 1897 4205 deside-

227 4240 373 4289 rant
404 4251 594 4305 aquas.
632 4233 923 4291 Continuo
956 4235 1303 4292 ebullicntes
1335 4238 1405 4292 de
1435 4238 1757 4294 visceribus
1789 4238 1897 4295 soli

224 4324 446 4379 latices
524 4321 909 4395 perfuderunt
960 4330 1287 4395 precantes.
1356 4331 1626 4398 Cumque
1688 4346 1896 4385 rursus

226 4413 673 4484 orasset,ccepit
694 4413 765 4467 ad
799 4414 1035 4486 propria
1065 4414 1210 4469 velle
1237 4432 1512 4483 remeare,
1541 4417 1795 4489 quicum
1822 4420 1893 4473 ad

2032 585 2236 625 omnes
2290 571 2387 641 qui
2423 572 2492 625 ad
2542 571 2859 627 videndum
2895 571 3164 625 eumdem
3195 568 3526 633 veniebant,
3579 583 3682 639 per

2031 675 2216 713 annos
2252 658 2537 729 plurimos
2562 662 2798 725 docens,
2831 661 2900 714 ad
2927 664 3289 731 postremum
3313 659 3383 712 de
3401 656 3545 713 cella
3572 673 3679 713 sua

2028 746 2165 801 talis
2198 749 2274 801 rei
2310 749 2655 804 necessitate
2684 750 2986 821 processit.

2099 836 2243 891 Cum
2279 838 2461 893 fames
2485 840 2804 893 admodum
2829 839 3021 910 gravis
3052 836 3108 891 in
3136 836 3417 891 Edissena
3442 834 3673 889 civitate

2030 928 2255 980 saviret
2290 971 2303 992 ,
2340 927 2650 983 miseratus
2696 928 2791 983 ille
2850 931 3188 997 pereuntem
3232 924 3673 979 multitudinem

2029 1015 2332 1083 rusticam,
2368 1018 2613 1071 accessit
2638 1017 2707 1070 ad
2731 1016 2961 1083 divites,
2988 1016 3094 1070 hoc
3112 1016 3200 1068 eis
3222 1012 3461 1067 dicens:
3488 1014 3673 1077 Quare

2029 1104 2189 1158 nulla
2211 1122 2331 1171 vos,
2365 1105 2578 1176 inquit,
2614 1107 2885 1161 humanae
2918 1109 3137 1159 natura)
3170 1103 3255 1158 sic
3299 1107 3432 1158 ante
3472 1102 3673 1157 oculos

2028 1198 2256 1249 vestros
2287 1195 2612 1250 deficientis
2655 1194 3055 1250 misericordia
3090 1199 3301 1263 movet,
3336 1192 3436 1247 sed
3472 1196 3675 1263 putre-

2029 1284 2176 1337 facta
2197 1284 2550 1339 intrinsecus
2575 1285 2643 1339 ad
2671 1283 3216 1339 condemnationem
3243 1286 3676 1337 vestrarumser

2028 1373 2171 1428 vatis
2195 1375 2461 1429 animaru
2477 1392 2527 1429 m
2544 1374 2570 1428 ?
2589 1376 2751 1429 Tunc
2768 1374 2851 1428 illi
2878 1392 2889 1428 :
2908 1374 3031 1428 Non
3048 1373 3355 1439 habemus,
3373 1370 3670 1440 inquiunt,

2026 1464 2241 1534 quibus
2275 1465 2581 1535 pecuniam
2614 1464 2923 1535 egentibus
2947 1462 3319 1518 dividendam
3345 1462 3414 1516 ad
3444 1477 3674 1531 compa-

2024 1553 2309 1608 rationem
2342 1555 2607 1609 ciborum
2639 1556 2873 1609 credere
2904 1553 3243 1608 debeamus.
3277 1551 3492 1605 Omnes
3514 1548 3669 1603 enim

2023 1644 2303 1711 negotiari
2342 1661 2443 1714 pro
2476 1646 2599 1699 suis
2623 1644 2946 1699 commodis
2969 1643 3190 1698 volunt.
3224 1642 3420 1696 Atille
3440 1640 3553 1695 ista
3583 1640 3671 1694 di-

2023 1734 2289 1788 centibus
2316 1751 2327 1787 :
2356 1733 2537 1803 Talis,
2572 1734 2785 1805 inquit,
2818 1733 2981 1787 vobis
3014 1732 3254 1787 videor?
3278 1730 3543 1784 Habebat
3573 1745 3674 1783 au-

2023 1828 2135 1877 tem
2174 1840 2447 1893 magnam
2497 1824 2649 1893 apud
2686 1823 2952 1877 homines
2982 1823 3107 1892 ipse
3158 1821 3246 1875 vir
3279 1822 3514 1875 famam.
3563 1817 3669 1881 Qui

2024 1918 2165 1967 tunc
2193 1914 2241 1967 ei
2275 1930 2388 1967 non
2416 1912 2561 1968 falsa
2583 1913 2863 1977 dicentes,
2888 1911 3001 1966 ista
3024 1910 3415 1982 respondent:
3443 1907 3672 1962 Scimus

2022 2007 2098 2071 te,
2134 2002 2432 2072 inquiunt,
2479 2001 2777 2057 hominem
2826 2002 2921 2055 Dei
2955 2016 3103 2055 esse.
3135 2002 3207 2053 At
3254 1998 3390 2053 ille:
3444 1995 3671 2051 Credite

2022 2103 2161 2159 ergo
2207 2088 2350 2143 mihi
2386 2088 2665 2159 pecunias
2710 2096 2968 2155 vestras;
3019 2088 3195 2142 etiam
3229 2101 3386 2141 nunc
3436 2087 3671 2155 propter

2021 2193 2124 2232 vos
2166 2194 2271 2249 ego
2331 2178 2536 2233 ordino
2570 2195 2661 2233 me
2700 2178 2918 2249 ipsum,
2962 2181 3347 2247 suscepturus
3395 2172 3665 2228 ministe-

2022 2267 2173 2322 rium
2210 2268 2645 2338 peregrinorum
2678 2274 2854 2339 atque
2884 2267 3257 2322 miserorum.

2090 2360 2339 2429 Accepta
2361 2353 3327 2430 igiturpecuniainterclusitcertis
3345 2352 3665 2425 parietibus

2021 2448 2280 2519 porticus
2308 2448 2585 2516 civitatis,
2617 2452 2673 2502 et
2704 2450 2995 2502 trecentos
3027 2445 3085 2499 in
3117 2444 3264 2516 ipsis
3288 2442 3533 2498 lectulos
3566 2458 3667 2514 po-

2019 2538 2157 2604 suit,
2177 2538 2235 2591 in
2260 2538 2473 2607 quibus
2499 2539 2646 2593 fame
2670 2540 2979 2608 pereuntes
3003 2534 3325 2603 reficiebat;
3351 2531 3666 2587 morientes

2020 2627 2257 2698 quidem
2310 2627 2620 2697 sepeliens,
2654 2643 2753 2682 eos
2802 2630 3000 2680 autem
3034 2624 3251 2695 quibus
3301 2622 3488 2677 adhuc
3531 2638 3665 2693 spes

2020 2718 2217 2789 aliqua
2248 2716 2373 2772 vitae
2401 2722 2545 2779 erat,
2578 2717 2636 2771 in
2668 2716 2815 2786 ipsis
2845 2732 3048 2770 eorum
3084 2714 3384 2769 laboribus
3414 2727 3664 2767 curans:

2019 2809 2407 2878 omnibusque
2442 2806 2825 2877 pereuntibus
2866 2807 3018 2860 fame
3051 2804 3148 2875 qui
3188 2802 3328 2857 illuc
3362 2803 3667 2857 undecun-

2017 2915 2128 2971 que
2161 2898 2585 2961 confluxerant,
2617 2895 3021 2965 quotidianum
3056 2892 3451 2947 ministerium
3484 2906 3660 2945 suum

2016 2990 2085 3043 ad
2123 2987 2516 3043 necessariam
2549 2984 3001 3042 sollicitudinem
3029 2983 3389 3055 praabens,ex
3419 2980 3492 3036 iis
3532 2997 3659 3052 quas:

2015 3079 2084 3133 ad
2118 3093 2249 3133 eum
2287 3078 2504 3147 singuli
2536 3076 2752 3147 quique
2784 3074 2993 3129 divites
3032 3072 3388 3127 deferebant.

2093 3167 2338 3239 lmpleto
2370 3171 2563 3221 autem
2600 3168 2918 3219 memorato
2949 3179 3122 3229 anno,
3148 3164 3460 3232 postquam
3485 3158 3662 3228 copim

2024 3257 2259 3327 frugum
2292 3256 2542 3325 grandes
2565 3255 2816 3317 fuerunt,
2841 3250 3091 3323 singulis
3116 3249 3452 3321 quibusque
3469 3248 3537 3301 ad
3563 3247 3665 3300 do-

2024 3344 2245 3400 micilia
2268 3344 2497 3416 propria
2519 3342 2822 3414 regressis,
2840 3357 2971 3395 cum
2993 3338 3209 3411 quibus
3232 3337 3316 3393 vel
3340 3336 3495 3392 circa
3516 3351 3664 3406 quos

2024 3436 2236 3489 faceret
2266 3450 2380 3489 non
2412 3433 2672 3496 haberet,
2703 3430 3005 3487 confestim
3039 3428 3109 3484 ad
3155 3443 3323 3483 suam
3359 3425 3667 3480 revertitur

2021 3523 2317 3593 cellulam,
2348 3524 2407 3577 in
2441 3540 2557 3595 qua
2586 3522 2730 3577 obiit
2762 3524 2893 3593 post
2922 3519 3178 3590 spatium
3212 3515 3433 3571 mensis
3464 3513 3663 3571 unius.

2019 3614 2367 3686 Hujusmodi
2393 3617 2587 3668 autem
2620 3610 2983 3666 occasionem
3009 3608 3162 3663 circa
3180 3606 3355 3661 finem
3384 3603 3565 3669 illius,
3590 3603 3659 3657 ad

2018 3704 2349 3776 exemplum
2364 3702 2662 3774 Stephani,
2679 3700 3075 3772 pietasdivina
3094 3696 3457 3769 praestiterat.
3478 3692 3661 3749 Multa

2015 3810 2149 3848 vero
2181 3792 2437 3863 reliquit,
2472 3809 2599 3863 quae
2624 3791 2749 3861 ipse
2771 3788 3141 3859 conscripsit,
3167 3804 3233 3842 ex
3254 3786 3466 3856 quibus
3489 3785 3662 3856 plura

2016 3900 2227 3953 magna
2260 3882 2432 3937 laude
2464 3882 2854 3936 celebrantur.

2086 3972 2494 4029 Necessarium
2528 3976 2719 4026 autem
2754 3967 2919 4023 valde
2950 3972 3007 4023 et
3036 3966 3145 4021 hoc
3178 3970 3337 4037 puto,
3372 3968 3435 4018 ut
3459 3962 3660 4017 mulie-

2012 4063 2175 4116 ribus
2198 4061 2612 4133 quoque,sicut
2630 4059 2850 4131 prazfati
2876 4054 3311 4119 sumus,virilcs
3337 4068 3529 4107 mores
3552 4051 3656 4105 ha-

2010 4151 2285 4207 bentibus
2317 4155 2494 4222 atque
2526 4149 2823 4213 honestos,
2859 4147 2927 4200 ad
2974 4144 3314 4199 memoriam
3345 4140 3658 4210 sempiter-

2008 4257 2144 4295 nam
2168 4238 2344 4295 libelli
2364 4238 2544 4294 nostri
2563 4236 2834 4309 paginam
2856 4234 3242 4305 praebeamus,
3264 4230 3477 4301 quibus
3501 4228 3654 4282 Deus

2008 4335 2204 4385 noster
2234 4346 2348 4384 non
2386 4327 2662 4382 inferiora
2694 4342 2834 4379 sexu
2875 4322 3022 4377 virili
3056 4321 3374 4376 certamina
3414 4316 3655 4372 donavit

2006 4424 2060 4473 et
2091 4418 2349 4489 praemia,
2383 4421 2447 4471 ut
2479 4418 2739 4471 demeret
2788 4412 2918 4468 aliis
2951 4409 3384 4482 negligentibus
3416 4422 3646 4462 omnem

224 4504 596 4559 sumendum
629 4502 829 4557 cibum
863 4503 935 4557 ab
967 4502 1085 4559 illis
1116 4504 1488 4573 retineretur,
1522 4506 1631 4562 hoc
1661 4507 1778 4563 illis
1809 4508 1891 4563 lo-
1922 4542 1969 4606 Β
2003 4506 2393 4564 excusationis
2416 4506 2803 4562 occasionem.
2838 4505 2971 4567 Quae
2995 4501 3133 4572 quia
3162 4516 3335 4555 sexus
3359 4496 3653 4553 inferioris

310 4597 321 4606 .
514 4596 524 4606 .
602 4595 642 4606 κ
762 4596 771 4606 .
1009 4593 1192 4606 η.--
1410 4596 1420 4605 .
1560 4596 1592 4606 ..
1708 4598 1717 4606 .
2042 4599 2091 4606 .-
2184 4602 2191 4606 .
2793 4592 2830 4606 ..
2964 4596 2973 4606 .
3066 4592 3080 4606 .
3326 4587 3642 4606 _.,,,,__-

222 4597 409 4647 cutus
444 4596 567 4646 est:
602 4595 848 4663 Propter
870 4593 1025 4663 quod
1050 4594 1195 4648 971
1226 4611 1381 4662 sum,
1407 4596 1618 4666 inquit,
1642 4598 1886 4667 missus,

222 4681 337 4736 hoc
368 4680 595 4736 factum
630 4687 760 4739 est:
796 4698 934 4737 nam
968 4686 1031 4737 ut
1054 4686 1249 4739 cibum
1282 4701 1573 4757 caperem,
1598 4703 1770 4743 nemo
1798 4704 1887 4743 me

224 4772 416 4827 misit.

800 4841 1036 4898 CAPUT
1069 4843 1328 4899 XXVIII.

563 4913 683 4969 Vita
722 4914 979 4985 Ephrem
1020 4916 1245 4971 diaconi
1287 4916 1563 4972 Edissem'.

300 5008 375 5059 De
408 5003 681 5076 Ephrem
731 5003 974 5059 diacono
1006 5005 1299 5061 Edissenaa
1351 5006 1608 5063 ecclesiae
1634 5007 1879 5077 (Pallad.

212 5110 344 5161 cup.
382 5092 734 5161 IOI),multa
764 5098 820 5147 te
846 5093 1081 5149 audisse
1106 5112 1220 5150 non
1245 5094 1701 5167 dubito,dignus
1724 5097 1878 5153 enim

214 5182 455 5254 fuitqui
481 5187 636 5237 esset
659 5182 716 5237 in
744 5198 843 5237 ore
865 5188 1225 5239 sanctorum.
1244 5184 1497 5249 Quicum
1528 5185 1607 5239 ita
1630 5190 1876 5257 utopor-

212 5273 401 5335 tebat,
428 5272 541 5327 iter
571 5271 671 5326 vite
690 5270 1019 5342 spiritualis
1052 5272 1374 5345 implesset,
1400 5291 1586 5345 neque
1613 5292 1873 5348 unquam

208 5381 245 5417 ι
284 5368 443 5417 recto
460 5363 696 5417 tramite
715 5362 1251 5430 deviasset,meruit
1266 5382 1365 5435 per
1386 5366 1629 5434 gratiam
1646 5367 1746 5421 Dei
1772 5384 1872 5422 na-

206 5451 504 5506 turalium
529 5451 745 5507 habere
762 5450 1032 5507 notitiam
1059 5469 1292 5509 rerum:
1328 5456 1417 5509 cui
1442 5456 1771 5512 benedictio
1788 5458 1871 5511 di-

204 5541 358 5595 vina
377 5541 687 5609 successit,
709 5546 884 5613 atque
901 5540 1001 5597 illa
1018 5558 1144 5614 qua:
1167 5542 1376 5600 exinde
1404 5546 1666 5602 nascitur
1686 5547 1868 5603 beati-

2002 4599 2293 4666 videntur,
2332 4613 2445 4651 non
2481 4612 2651 4669 posse
2683 4610 2743 4650 se
2776 4592 2981 4647 dicunt
3014 4592 3083 4647 ad
3117 4587 3649 4646 commendandam

1999 4686 2233 4743 virtutis
2266 4685 2512 4758 gloriam
2546 4682 2846 4758 pervenire
2880 4685 2919 4735 ¹.

2588 4818 2813 4874 CAPUT
2855 4815 3055 4873 XXIX.

1996 4915 2071 4968 De
2100 4912 2295 4977 Paula,
2322 4908 2631 4973 Eustochio,
2666 4907 2909 4967 Veneria.
2934 4905 3229 4972 Theodora,
3258 4904 3402 4959 Usia.
3428 4900 3639 4977 Adolia,

2071 4975 2437 5053 Bassianilla,
2474 4981 2727 5046 Photina,
2796 4977 3131 5046 Sabiniana,
3163 4977 3366 5044 Asella,
3402 4975 3565 5029 Arita

2062 5102 2276 5157 Multas
2304 5100 2483 5172 igitur
2514 5098 2762 5153 feminas
2791 5096 2935 5166 vidi,
2969 5095 3376 5167 plurimasque
3406 5096 3527 5147 tam
3557 5091 3643 5146 vi-

1989 5194 2137 5247 duas
2160 5207 2338 5261 quam
2363 5188 2618 5260 virgines
2637 5188 2789 5253 novi,
2816 5186 2968 5241 inter
2990 5201 3135 5255 quas
3162 5182 3402 5237 Paulam
3425 5180 3637 5235 Roma-

1988 5298 2122 5335 nam
2159 5278 2423 5351 (Pallad.,
2447 5295 2492 5332 c.
2514 5276 2670 5347 {125),
2692 5280 2933 5331 matrem
2954 5272 3176 5329 Toxotii
3204 5272 3334 5339 (28),
3361 5270 3635 5325 feminam

1984 5372 2052 5425 ad
2087 5387 2273 5441 genus
2297 5370 2423 5423 vita:
2449 5368 2604 5439 quod
2638 5372 2725 5422 est
2746 5365 3069 5421 secundum
3098 5360 3634 5433 spiritum,dexter-

1982 5461 2131 5516 rimo
2165 5458 2435 5532 ingenio:
2472 5457 2587 5528 (cui
2620 5456 2882 5528 quidem,
2916 5453 3233 5525 quominus
3263 5449 3314 5505 ei
3346 5465 3410 5505 se
3440 5448 3626 5511 daret,

1976 5548 2397 5622 Impedimento
2431 5547 2539 5602 fuit
2563 5546 2955 5617 Hieronymus
2984 5541 3225 5613 quidam
3248 5552 3458 5611 genere
3490 5532 3625 5622 Dal-

298 5631 317 5711 _’
356 5629 714 5711 Dippmanps
753 5631 854 5711 hic
886 5630 1269 5711 interserebat
1309 5633 1750 5693 Testamentum
1784 5638 1971 5695 sancti
2023 5621 2311 5711 Ephraam,
2347 5635 2497 5709 quod
2533 5653 2637 5693 nec
2680 5634 2736 5691 in
2780 5631 3080 5689 Heraclide
3123 5643 3228 5685 nec
3258 5626 3318 5682 in
3362 5621 3618 5681 Palladio

199 5708 349 5759 est:
386 5702 567 5759 habes
597 5702 654 5758 id
684 5703 837 5760 inter
864 5718 1043 5775 opera
1069 5703 1357 5777 Ephrem.
