3986 6168
392 329 499 385 315

1537 325 1913 382 APPENDIX
1949 326 2048 379 AD
2086 326 2301 380 VITAS
2336 328 2657 381 PATRUM.
3646 329 3732 385 316

398 455 575 518 mata,
626 450 724 521 qui
759 449 1063 504 mulierem
1098 449 1320 520 optima
1365 448 1559 504 indole
1590 449 1657 504 ad
1690 464 1877 519 genus
1920 447 2044 501 vitae
2076 462 2129 530 Α
2230 448 2423 503 Alium
2456 464 2689 520 quoque
2718 446 2832 501 vidi
2868 446 3021 517 apud
3056 444 3481 517 Jerosolymam,
3515 448 3745 507 Adolium

390 541 880 613 perfectum,cum
906 538 966 592 in
999 555 1063 593 eo
1088 537 1326 601 multos,
1348 555 1416 592 ne
1436 538 1627 593 dicam
1660 553 1885 603 omnes,
1912 535 2047 591 lon-

399 629 647 699 gissimo
680 634 811 699 post
842 644 903 681 se
926 627 1229 681 intervallo
1252 628 1547 681 videretur
1571 643 1741 699 posse
1764 626 2051 696 relinque-

396 734 476 788 re,
494 718 618 789 ipse
640 718 855 771 invidia
875 721 1068 771 motus
1094 716 1164 769 ad
1182 733 1356 771 suum
1375 716 1666 787 peculiare
1683 714 1911 769 vivendi
1932 714 2049 768 ins-

398 810 645 863 titutum
673 810 1012 879 pertraxit‘.
1045 808 1181 877 Ejus
1206 807 1324 861 tilia
1346 804 2053 861 nomineEustocbiumin

403 898 697 952 Bethleem
732 898 910 951 vitam
928 897 1118 951 adhuc
1150 895 1551 952 monachalem
1578 900 1806 950 exercet
1830 893 2057 965 (Pallad

399 1003 519 1056 cap.
540 988 683 1057 126),
701 1002 876 1056 quam
896 986 1131 1057 quidem
1146 1002 1248 1055 ego
1268 1001 1571 1057 nunquam
1596 984 1883 1039 allocutus
1899 999 2054 1047 sum;

402 1080 679 1129 caeterum
715 1075 899 1128 fertur
949 1073 1168 1144 insigni
1217 1090 1346 1128 esse
1393 1072 1726 1145 pudicitita,
1775 1077 1831 1127 et
1863 1087 2059 1143 regere

400 1164 741 1219 societatem
772 1163 1067 1233 virginum
1110 1161 1562 1234 quinquaginta.

472 1252 612 1307 Novi
646 1252 819 1306 etiam
853 1250 1163 1305 Veneriam
1218 1252 1454 1306 nomine
1504 1252 1823 1322 quamdam
1882 1250 2055 1317 (PaL,

400 1360 449 1399 c.
487 1343 632 1413 127),
663 1342 894 1396 comitis
929 1340 1209 1395 Vallacini
1246 1340 1534 1405 relictam,
1567 1357 1694 1411 quae
1734 1339 1930 1393 divisit
1957 1340 2055 1392 be-

402 1450 474 1487 ne
512 1438 686 1502 atque
717 1430 996 1501 dispersit
1028 1446 1178 1483 onus
1210 1429 1437 1498 cameli,
1472 1446 1652 1500 seque
1690 1427 2052 1492 vulneribus,

399 1538 526 1592 quas
559 1520 751 1574 solent
781 1519 903 1573 fieri
936 1534 1005 1572 ex
1038 1518 1222 1572 nimio
1254 1535 1429 1589 opum
1465 1519 1741 1589 pondere,
1766 1516 2053 1571 liberavit.

470 1611 825 1665 Theodoram
881 1624 1115 1680 quoque
1165 1609 1387 1663 tribuni
1443 1607 1695 1677 alicujus
1746 1608 2055 1677 conjugem

403 1700 696 1773 quondam
732 1697 885 1769 (Pal.
934 1716 980 1754 c.
1018 1699 1163 1767 128),
1200 1700 1341 1753 adeo
1376 1697 1519 1751 nihil
1553 1699 1621 1751 de
1655 1697 1908 1768 propriis
1945 1694 2055 1750 sibi

404 1790 575 1844 bonis
608 1788 913 1858 reliquisse
927 1788 1192 1859 cognovi,
1217 1791 1280 1841 ut
1301 1792 1436 1841 ante
1460 1790 1705 1840 mortem
1733 1802 1899 1840 suam
1923 1783 2062 1838 alio-

2162 538 2422 604 nomine,
2468 538 2777 591 ducentem
2811 552 2877 589 ex
2925 535 3101 590 Tarso
3154 534 3363 606 oppido
3402 551 3568 607 genus
3606 540 3749 610 (PaL,

2161 644 2207 682 c.
2245 628 2388 689 104),
2414 627 2511 697 qui
2548 643 2678 680 cum
2700 625 2961 681 venisset
2994 624 3154 692 illuc,
3184 641 3214 677 a
3247 623 3401 679 nullo
3436 642 3565 696 pene
3601 627 3749 682 detri-

2162 721 2280 771 tam
2310 716 2612 787 ingressus
2637 721 2725 770 est
2751 714 2899 769 viam
2933 732 2947 780 ;
2977 715 3195 785 quique
3228 730 3337 768 non
3366 714 3472 769 tale
3488 718 3639 785 quale
3663 734 3753 773 nos

2165 805 2427 877 plurimi,
2460 806 2613 860 972
2637 806 2745 859 iter
2769 804 2979 865 tenuit,
3002 804 3101 858 sed
3137 818 3349 857 novum
3374 802 3477 857 sibi
3498 805 3750 873 quoddam

2165 903 2219 949 et
2251 894 2405 949 ultra
2424 894 2690 950 homines
2720 894 3084 966 propositum
3106 891 3551 947 conversationis
3571 892 3759 948 invenit

2162 983 2221 1037 in
2238 988 2559 1053 tantum,ut
2581 985 2873 1039 daemones
2891 999 3122 1054 quoque
3139 981 3631 1037 contremiscerent
3652 999 3762 1037 aus-

2165 1072 2455 1128 teritatem
2492 1072 2639 1144 eius,
2675 1090 2739 1128 ac
2787 1074 3054 1144 fugerent
3085 1072 3157 1126 ab
3194 1070 3411 1141 ingenti
3457 1074 3574 1140 ejus
3604 1072 3756 1125 absti-

2166 1162 2380 1229 nentia,
2434 1163 2991 1233 continuationeque
3044 1177 3385 1232 magnarum
3429 1158 3761 1230 vigiliarum;

2168 1257 2230 1305 ut
2263 1268 2440 1323 prope
2489 1252 2543 1306 id
2580 1252 2731 1322 quod
2776 1251 2982 1307 dicunt
3011 1250 3382 1321 phantasma,
3415 1248 3516 1303 hoc
3545 1253 3624 1302 est
3666 1264 3761 1303 non

2167 1358 2258 1395 res
2290 1358 2440 1409 vera,
2477 1342 2576 1397 sed
2611 1344 2803 1413 imago
2830 1356 2956 1396 esse
2984 1339 3179 1410 aliqua
3210 1342 3525 1411 putaretur.

2240 1437 2348 1486 Per
2392 1430 2906 1503 Quadragesimam
2942 1429 3179 1500 quidem
3223 1427 3416 1498 quinto
3446 1442 3653 1496 quoque
3688 1426 3765 1480 die

2167 1522 2413 1588 edebat;
2450 1520 2672 1591 reliquo
2726 1537 2857 1574 vero
2890 1519 3026 1573 anni
3080 1523 3358 1588 tempore,
3392 1520 3520 1587 post
3555 1513 3768 1568 biduum

2168 1627 2399 1682 semper
2420 1610 2612 1663 cibum
2636 1625 2841 1680 capere
2868 1610 3269 1663 consueverat.
3306 1605 3420 1659 Hoc
3441 1608 3621 1659 autem
3644 1604 3692 1657 in
3715 1618 3767 1657 eo

2169 1716 2468 1770 magnum,
2487 1699 2639 1769 quod
2666 1716 2696 1752 a
2718 1696 3066 1769 vespertinis
3090 1695 3251 1749 horis
3276 1709 3458 1765 usque
3481 1693 3547 1747 ad
3572 1697 3771 1761 tempus

2169 1788 2619 1854 matutinorum,
2661 1804 2775 1858 quo
2809 1802 3015 1841 rursus
3047 1784 3237 1839 caeteri
3272 1785 3476 1838 fratres
3506 1781 3567 1835 ad
3609 1783 3771 1833 orato-

405 1894 536 1933 rum
569 1877 619 1931 ei
654 1875 1061 1931 misericordia
1092 1876 1305 1948 stipem
1338 1876 1407 1929 ad
1445 1874 1726 1930 alimenta
1757 1874 2057 1944 praeberet.
2087 1845 2135 1909 Β
2168 1878 2320 1931 rium
2355 1876 2733 1947 colliguntur.
2765 1874 2863 1928 ille
2890 1874 2955 1928 in
2991 1876 3187 1928 monte
3213 1870 3417 1927 Oliveti
3445 1874 3597 1924 stans
3624 1867 3675 1921 in
3714 1882 3768 1920 eo

478 1968 775 2023 Defecerat
796 1970 989 2020 autem
1016 1966 1073 2019 in
1102 1966 1456 2020 monasterio
1479 1965 1630 2035 quod
1657 1964 1871 2034 Escyca
1894 1978 2053 2016 voca-

401 2056 543 2111 bulo
566 2056 907 2111 nominatur
935 2056 1084 2123 (Pal.
1125 2054 1435 2124 Hesycha),
1470 2055 1733 2125 proximo
1767 2051 1937 2117 mari,
1972 2052 2053 2105 fe—

404 2144 748 2215 minajustaz
774 2142 953 2213 (Usia,
980 2145 1131 2211 Pal.)
1156 2160 1387 2213 semper
1416 2143 1525 2212 (29)
1545 2158 1610 2196 ac
1629 2158 1727 2211 per
1747 2139 1907 2195 omni
1931 2154 2058 2209 pro-

402 2234 616 2289 babilis
646 2234 777 2287 vitae
799 2233 966 2295 (PaL,
988 2249 1034 2286 ο.
1063 2233 1207 2301 129),
1229 2233 1400 2301 cujus
1422 2247 1679 2286 sororem
1704 2230 1879 2285 etiam
1905 2229 2053 2283 Ado-

401 2321 539 2377 liam
557 2336 830 2375 noveram
854 2320 1024 2390 (PaL,
1047 2336 1093 2374 c.
1120 2321 1265 2387 130).
1292 2320 1425 2382 Quae
1449 2318 1556 2373 etsi
1577 2335 1689 2373 non
1716 2318 1904 2388 potuit
1925 2332 2056 2387 ger-

404 2425 591 2465 manas
625 2408 847 2463 meritis
880 2407 1227 2479 comparari,
1253 2409 1489 2478 dignam
1522 2412 1719 2461 tamen
1753 2423 1855 2476 pro
1886 2405 2057 2461 modo

404 2498 643 2554 virtutis
668 2496 915 2567 propriae
949 2498 1163 2551 famam
1188 2496 1470 2551 habuisse
1494 2497 1675 2550 fertur
1697 2500 1753 2549 et
1774 2496 1975 2549 vitam.

478 2584 886 2641 Bassianillam
914 2601 1146 2656 quoque
1170 2585 1406 2639 nomine
1435 2584 1709 2639 feminam
1741 2583 1857 2637 vidi
1884 2583 2056 2653 (PaL,

408 2691 455 2730 c.
492 2676 636 2745 131),
673 2674 940 2746 magistri
972 2676 1271 2745 quondam
1308 2673 1562 2728 militum
1589 2672 1937 2729 Candidiani
1971 2686 2058 2726 re-

412 2764 636 2829 lictam,
667 2772 935 2834 prompta
959 2769 1223 2819 menteet
1246 2763 1508 2818 moribus
1531 2764 1753 2817 sanctis
1776 2778 1963 2831 usque
1987 2760 2059 2814 ad

411 2869 669 2925 praesens
716 2868 945 2923 quoque
974 2857 1233 2923 tempus,
1281 2852 1653 2907 vehementer
1690 2850 2062 2907 institutione

416 2941 775 2997 monachicae
808 2942 929 2996 vitm
964 2957 1029 2996 ac
1059 2940 1257 2996 labore
1288 2942 1623 2995 sudantem.

483 3032 586 3086 Est
611 3036 667 3086 et
697 3030 812 3085 alia
864 3030 1109 3086 Photina
1143 3030 1377 3085 nomine
1427 3029 1601 3099 (PaL,
1634 3046 1681 3084 c.
1714 3029 1858 3097 132),
1902 3044 2062 3099 pres-

410 3120 597 3190 byteri
630 3120 946 3176 Theoctisti
980 3118 1095 3175 ﬁlia
1125 3118 1307 3191 virgo,
1341 3134 1471 3189 quae
1502 3117 1668 3173 valde
1690 3118 1936 3173 honesta
1959 3117 2066 3173 ba-

411 3210 585 3264 betur
614 3216 666 3264 et
700 3212 923 3263 sancta.

474 3298 815 3369 (Antiochiae
844 3314 1077 3368 quoque
1099 3296 1475 3352 Sabinianam
1506 3295 2065 3362 nomine,diaconis-

410 3404 535 3444 sam
568 3386 1051 3442 honestissimam
1102 3386 1257 3441 vidi:
1294 3403 1421 3456 quae
1456 3401 1591 3439 cum
1628 3386 1756 3456 ipso
1805 3382 2067 3454 colloqui

409 3476 730 3550 putabatur
760 3475 899 3544 Deo,
932 3490 1179 3547 quaeque
1211 3475 1393 3530 amita
1425 3472 1575 3529 beati
1624 3473 1866 3528 Joannis
1908 3473 2066 3544 epis-

414 3564 543 3636 copi
572 3565 683 3618 t'uit
714 3564 779 3632 ².)

488 3654 762 3707 Romanis
777 3651 950 3706 etiam
968 3651 1224 3707 Asellam
1242 3652 1478 3707 nomine
1494 3652 1707 3706 bonam
1726 3650 1890 3705 valde
1904 3650 2070 3705 Chris

412 3742 453 3797 ti
498 3740 784 3811 virginem
838 3739 967 3794 novi
1002 3739 1061 3794 in
1094 3740 1449 3795 manasterio
1482 3739 1751 3795 senuisse
1781 3740 1978 3810 ((Pal.,
2021 3756 2068 3793 c.

418 3829 566 3900 133),
589 3829 857 3883 feminam
882 3829 1079 3884 mitem
1107 3835 1282 3900 atque
1307 3833 1701 3895 mansuetam,
1730 3826 2074 3882 multorum-

420 3933 533 3988 que
557 3932 759 3972 curam
784 3916 903 3971 illic
934 3923 1250 3988 gerentem.
1277 3917 1385 3972 Ubi
1410 3916 1562 3971 viros
1585 3917 1759 3971 etiam
1785 3933 1916 3971 cum
1942 3932 2075 3971 con-

414 4007 662 4079 jugibus
693 4006 819 4061 suis
848 4006 987 4077 vidi,
1020 4006 1442 4063 monachorum
1474 4023 1540 4062 eo
1574 4011 1831 4077 tempore
1852 4006 2002 4061 vitas
2019 4010 2075 4061 et

423 4095 696 4151 instituta
727 4095 1000 4150 dicentes.

487 4186 716 4240 Avitam
740 4184 998 4256 aliquam
1018 4186 1131 4242 Deo
1154 4185 1392 4258 dignam
1421 4202 1556 4241 cum
1584 4184 1907 4256 Aproniano
1928 4200 2071 4254 quo-

419 4277 556 4331 dam
586 4275 775 4347 ipsius
793 4275 934 4340 viro,
957 4278 1011 4329 et
1038 4274 1216 4329 filiam
1239 4290 1439 4330 eorum
1462 4273 1746 4328 Eunomia
1764 4273 1878 4327 vidi
1927 4272 2071 4342 (Pal.

422 4382 470 4419 c.
508 4365 650 4433 134),
682 4364 826 4419 adeo
861 4364 1159 4435 placentes
1189 4369 1325 4430 Deo,
1353 4368 1417 4418 ut
1439 4362 1744 4417 transferri
1776 4363 1843 4416 ad
1879 4361 2076 4417 cccles-

422 4458 545 4507 tem
578 4453 757 4507 vitam
793 4458 928 4509 ante
962 4457 1341 4524 conspectum
1374 4452 1562 4523 ipsius
1595 4455 1978 4506 mererentur.
2009 4450 2078 4504 Et

426 4540 543 4610 ipsi
577 4539 734 4594 enim
760 4541 885 4609 jam
921 4542 1127 4597 ultimo
1162 4544 1276 4597 fine
1307 4546 1528 4596 naturae
1567 4558 1723 4594 nunc
1756 4542 1811 4594 in
1848 4540 2075 4594 Christo

427 4628 760 4699 quiescunt,
795 4632 895 4700 qui
929 4636 1299 4701 peccatorum
1343 4630 1581 4701 quidem
1614 4630 1880 4684 omnium
1913 4628 2075 4684 nexi-

426 4717 537 4771 bus
552 4716 803 4772 absoluti
829 4726 987 4775 sunt.
1013 4720 1351 4773 Divinarum
1376 4723 1571 4773 autem
1596 4735 1786 4774 rerum
1809 4716 2076 4789 peritiam

422 4810 606 4878 atque
640 4806 906 4862 notitiam
940 4824 1174 4878 semper
1203 4808 1557 4862 habuerunt.

1034 4898 1262 4953 CAPUT
1310 4895 1469 4951 XXX.

539 4986 660 5040 Vita
689 4985 979 5040 beatorum
1007 4986 1222 5041 Iuliani
1250 4994 1303 5040 et
1342 4984 1523 5039 Adolii
1550 4986 1965 5041 monachorum.

500 5080 581 5129 De
608 5072 846 5129 Juliano
878 5076 1131 5145 quodam
1166 5076 1224 5129 in
1244 5074 1535 5129 Edissena:
1561 5075 1869 5145 provinciis
1897 5074 2077 5146 parti-

426 5163 541 5217 bus
574 5164 687 5218 sito
713 5164 838 5218 viro
881 5163 1000 5234 (qui
1034 5180 1165 5219 vere
1200 5162 1520 5218 monachus
1552 5163 1854 5218 dicebatur
1882 5162 2075 5218 audivi

427 5252 599 5321 (PaL,
634 5268 681 5307 c.
710 5253 855 5323 102),
894 5254 1047 5324 quod
1073 5268 1259 5324 usque
1300 5253 1443 5307 adeo
1469 5268 1673 5307 omnes
1695 5251 1954 5324 corporis
1984 5250 2076 5307 sui

430 5357 635 5396 carnes
656 5342 725 5395 ad
744 5341 995 5397 nihilum
1012 5342 1354 5414 redegisset,
1375 5344 1439 5394 ut
1452 5340 1659 5411 pellem
1674 5340 1731 5394 in
1748 5357 1808 5395 se
1824 5339 2007 5395 solam
2023 5343 2078 5396 et

431 5447 565 5487 ossa
588 5433 1041 5499 monstraret,ob
1060 5432 1213 5505 quod
1231 5430 1358 5503 ipse
1380 5429 1702 5485 mercedem
1716 5445 1751 5485 a
1766 5434 2075 5495 Deo,cura-

425 5520 658 5577 tionum
691 5521 945 5591 gratiam
978 5522 1036 5577 in
1070 5519 1277 5577 ultimo
1298 5519 1425 5575 vita)
1448 5534 1568 5574 suis
1592 5518 1707 5574 fine
1730 5517 2073 5590 promeruit.

502 5664 521 5699 ¹
562 5660 801 5721 Uncinis
832 5664 1062 5722 inclusa
1091 5663 1304 5720 desunt
1327 5659 1615 5718 Heraclidi
1644 5659 1835 5719 Fabri.

2164 1966 2290 2021 loco
2337 1967 2491 2020 unde
2544 1965 2809 2020 Salvator
2858 1967 3201 2033 assumptus
3255 1966 3364 2027 est,
3413 1957 3695 2030 psallendo
3728 1959 3775 2009 et

2167 2057 2385 2109 orando
2421 2059 2760 2124 pernoctare
2785 2056 3191 2117 consueverat,
3211 2056 3270 2105 et
3292 2049 3411 2105 sive
3434 2048 3539 2102 sub
3562 2043 3772 2110 nimbis,

2168 2144 2288 2199 sive
2319 2144 2430 2198 sub
2471 2143 2684 2215 pluviis
2710 2159 2811 2198 seu
2845 2142 3111 2213 pruinis;
3144 2138 3465 2195 immobilis
3504 2150 3777 2208 permane-

2168 2234 2285 2287 bat.
2320 2233 2423 2295 Qui
2450 2238 2828 2303 posteaquam
2863 2232 2967 2286 boc
2988 2231 3157 2285 modo
3182 2228 3418 2283 solitum
3444 2232 3662 2296 tempus
3682 2224 3777 2277 im-

2170 2320 2409 2393 plesset,
2435 2323 2601 2391 signo
2627 2321 2847 2389 mallei,
2873 2337 2987 2391 quo
3011 2320 3220 2374 fratres
3240 2322 3477 2373 caeteros
3507 2314 3783 2370 excitabat»

2170 2412 2498 2483 percutiens
2518 2414 2666 2466 fores
2681 2410 2943 2465 omnium
2962 2409 3332 2475 cellularum,
3359 2406 3427 2461 ad
3446 2403 3667 2477 propria
3681 2416 3785 2455 ora-

2170 2502 2321 2555 toria
2350 2499 2694 2554 deducebat.
2729 2499 2792 2553 In
2816 2499 3032 2569 quibus
3064 2514 3199 2552 cum
3228 2510 3584 2566 unoquoque
3613 2503 3787 2546 eorum

2172 2606 2357 2645 unum
2388 2587 2477 2644 vel
2508 2588 2753 2643 alterum
2784 2588 2843 2642 in
2876 2586 3229 2657 antiphonas
3256 2584 3552 2656 psalmum
3583 2593 3787 2641 canens,

2172 2680 2534 2748 totidemque
2565 2695 2698 2733 cum
2733 2677 2985 2749 singulis
3031 2692 3229 2747 preces
3264 2674 3538 2739 fundens,
3570 2670 3647 2725 sic
3676 2671 3788 2721 ante

2171 2771 2361 2825 lucem
2386 2769 2577 2824 adhuc
2601 2768 2995 2822 revertebatur
3022 2765 3091 2818 ad
3125 2763 3401 2818 cellulam
3426 2776 3610 2817 suam.
3632 2759 3787 2821 Quem

2173 2862 2384 2915 fratres
2414 2860 2567 2929 (vere
2599 2857 2754 2912 enim
2787 2856 2897 2909 sub
2933 2856 3042 2908 Deo
3069 2852 3299 2923 loquar)
3337 2849 3644 2923 spoliatum
3674 2860 3788 2898 ves-

2174 2949 2333 3004 tibus
2346 2947 2469 3002 suis
2485 2962 2696 3017 aquam
2712 2944 2847 3015 saepi
2860 2960 2927 2997 us
2942 2939 3467 3005 stillantibus,aliis
3482 2935 3792 2998 induebant,

2174 3037 2357 3092 donec
2387 3035 2500 3089 illas
2534 3034 2913 3089 siccarentur.
2946 3030 3039 3085 Sic
3080 3046 3217 3101 ergo
3262 3028 3560 3101 paulisper
3598 3036 3779 3080 somno

2175 3126 2426 3180 refectus
2459 3140 2643 3193 usque
2673 3123 2742 3177 ad
2777 3121 2983 3176 horam
3022 3120 3280 3188 tertiam,
3318 3120 3532 3173 iterum
3566 3112 3795 3187 psalmos

2097 3218 2139 3284 C
2178 3230 2416 3281 canens,
2440 3212 2637 3267 venire
2665 3211 2733 3265 ad
2761 3208 3002 3265 alterius
3027 3209 3139 3263 diei
3170 3224 3481 3279 vesperam
3506 3204 3795 3260 nitebatur.

2252 3302 2379 3357 Haec
2400 3300 2589 3355 Adolii
2616 3299 2928 3354 Tarsensis
2949 3297 3135 3351 virtus
3152 3296 3280 3363 fuit,
3306 3297 3414 3367 qui
3435 3290 3798 3361 Jerosolyme,

2180 3389 2605 3446 consummatis
2630 3387 2923 3459 patientiae
2949 3385 3473 3456 moribus,vixit,et
3500 3380 3689 3437 ultimo
3709 3375 3800 3430 ibi-

2180 3482 2311 3536 dem
2342 3481 2455 3536 ﬁne
2485 3478 2714 3535 defecit.

2772 3569 2997 3625 CAPUT
3021 3566 3226 3622 XXXI.

2579 3660 2704 3713 Vita
2753 3658 3067 3713 Innocentii
3100 3652 3440 3727 presbyteri.

2252 3748 2328 3802 De
2361 3747 2697 3803 beatissimo
2730 3746 3064 3801 Innocentio
3096 3742 3369 3815 (Pallad.,
3403 3758 3524 3811 cap.
3560 3737 3694 3807 103),
3718 3728 3803 3803 qui

2182 3838 2242 3892 in
2274 3854 2341 3891 ea
2372 3854 2499 3907 quae
2531 3841 2621 3893 est
2652 3837 2722 3892 ad
2763 3836 2985 3891 Olivam
3017 3832 3259 3890 ecclesia
3292 3831 3603 3901 presbyter
3632 3824 3748 3890 fuit,
3776 3836 3803 3872 ἃ

2182 3926 2373 3982 multis
2404 3926 2639 3997 quidem
2675 3931 2730 3980 et
2762 3924 2991 3996 magnis
3014 3923 3154 3977 viris
3182 3920 3428 3987 audisti,
3449 3915 3805 3973 nihilominus

2185 4021 2381 4079 tamen
2409 4016 2583 4070 etiam
2620 4032 2654 4069 a
2684 4014 2873 4080 nobis,
2895 4012 2995 4083 qui
3026 4027 3156 4065 cum
3181 4026 3247 4064 eo
3271 4010 3449 4063 annis
3480 4006 3665 4060 tribus
3686 3999 3807 4055 vixi-

2184 4122 2337 4172 mus,
2364 4121 2550 4175 pauca
2572 4118 2906 4175 cognosces.
2942 4101 3087 4157 Nam
3114 4097 3403 4169 quidquid
3430 4094 3674 4151 aliorum
3693 4104 3810 4145 ocu-

2183 4193 2272 4249 los
2304 4192 2498 4260 latuit,
2533 4194 2702 4247 nobis
2734 4208 2847 4246 non
2876 4189 3065 4259 potuit
3095 4186 3404 4241 occultari.

2257 4282 2358 4336 Hic
2388 4298 2523 4352 ergo
2555 4279 3036 4352 simplicissimus
3084 4275 3350 4330 omnium
3384 4273 3541 4341 fuit;
3576 4270 3809 4352 quicum

2186 4371 2661 4442 subimperatore
2681 4366 3037 4432 Constantio,
3052 4365 3108 4419 in
3126 4363 3436 4436 principiis
3452 4362 3502 4433 ej
3516 4378 3583 4416 us
3607 4350 3812 4427 imperii

2185 4461 2242 4515 in
2262 4477 2602 4531 magnorum
2618 4459 2875 4514 virorum
2889 4457 3093 4512 ordine
3111 4453 3454 4522 militasset,
3473 4450 3687 4523 quique
3700 4460 3816 4501 cum

2188 4565 2373 4620 usque
2404 4551 2474 4604 ad
2506 4548 2651 4603 illud
2684 4553 2919 4618 tempus
2951 4562 3083 4600 cum
3120 4542 3314 4613 proria
3346 4557 3533 4597 uxore
3566 4538 3813 4597 vixisset,

2188 4639 2609 4709 habuissetque
2652 4636 2840 4692 filium
2881 4634 3120 4690 nomine
3160 4632 3412 4686 Paulum
3445 4626 3816 4685 domesticum

2188 4729 2537 4783 militantem
2564 4746 2579 4795 ;
2596 4727 2663 4781 ad
2682 4731 3041 4798 postremum
3076 4720 3439 4777 renuntiavit
3454 4715 3815 4774 saecularibus

2186 4816 2693 4874 rebus.Maledixit
2720 4819 2917 4870 autem
2951 4810 3177 4883 proprio
3206 4809 3325 4864 tilio
3357 4813 3556 4875 Pater,
3590 4822 3655 4862 eo
3672 4798 3808 4875 quod

2187 4908 2509 4979 presbyteri
2527 4906 2779 4975 alicujus
2794 4903 2973 4958 filiam
2988 4898 3349 4968 corrupisset
3375 4900 3822 4969 deprecatusque

2188 5004 2278 5053 est
2301 4998 2638 5064 Dominum,
2664 4995 2863 5049 dicens
2890 5008 2902 5046 :
2928 4991 3010 5046 Da
3033 4988 3139 5059 illi,
3162 4988 3428 5055 Domine,
3453 4986 3721 5057 spiritum
3749 4986 3821 5033 ta-

2185 5088 2324 5157 lem,
2361 5091 2423 5141 ut
2452 5084 2679 5140 nullum
2698 5080 3045 5154 unquamad
3082 5076 3523 5150 peccandumin
3541 5088 3710 5130 carne
3732 5083 3826 5125 sua

2188 5181 2424 5247 tempus
2451 5174 2727 5229 inveniat.
2755 5170 2994 5226 Rectius
3021 5170 3140 5224 fore
3165 5166 3433 5233 credens,
3452 5165 3503 5220 si
3528 5179 3663 5219 cum
3684 5164 3821 5215 atro-

2188 5268 2362 5323 citate
2384 5265 2690 5329 daamonis,
2715 5278 2888 5332 quam
2913 5276 3047 5316 cum
3076 5273 3361 5325 corporeae
3385 5253 3710 5326 voluptatis
3730 5250 3827 5303 im-

2188 5356 2442 5427 puritate
2491 5355 2758 5410 certaret.
2792 5350 2955 5414 Quod
3007 5346 3242 5418 quidem
3277 5344 3356 5398 ita
3388 5348 3457 5397 ut
3506 5342 3676 5407 dixit,
3723 5339 3826 5427 fac-

2185 5424 2312 5500 tum
2344 5449 2471 5511 est;
2504 5459 2640 5499 nam
2672 5445 2729 5497 et
2755 5454 2943 5511 usque
2972 5437 3033 5492 in
3058 5438 3397 5508 presentem
3434 5431 3598 5488 diem
3633 5424 3829 5485 Paulus

2184 5533 2311 5606 ipse
2368 5510 2570 5588 ferreis
2602 5529 2826 5588 catenis
2850 5510 3134 5596 ivinctus,
3164 5523 3224 5578 in
3253 5538 3318 5579 eo
3347 5521 3454 5592 qui
3504 5524 3597 5577 est
3636 5510 3825 5574 Oliveti

2256 5656 2277 5690 9
2312 5653 2550 5710 Uncinis
2578 5652 2811 5709 inclusa
2839 5652 3055 5709 desunt
3082 5643 3359 5704 Palladio.
