  <div class='ocr_page' id='page_1' title='image "/cluster/home/n/w/nwhite01/storage/ocr_20150623/74/hvd.32044054758792/164.png"; bbox 0 0 4002 6166; ppageno 0'>
   <div class='ocr_carea' id='block_1_1' title="bbox 251 317 345 373">
    <p class='ocr_par' dir='ltr' id='par_1_1' title="bbox 251 317 345 373">
     <span class='ocr_line' id='line_1_1' title="bbox 251 317 345 373; baseline -0.021 0"><span class='ocrx_word' id='word_1_1' title='bbox 251 317 345 373; x_wconf 85' lang='grc'>317</span> 
     </span>
    </p>
   </div>
   <div class='ocr_carea' id='block_1_2' title="bbox 1527 319 2426 374">
    <p class='ocr_par' dir='ltr' id='par_1_2' title="bbox 1527 319 2426 374">
     <span class='ocr_line' id='line_1_2' title="bbox 1527 319 2426 374; baseline -0.002 0"><span class='ocrx_word' id='word_1_2' title='bbox 1527 319 1964 374; x_wconf 77' lang='lat' dir='ltr'>HERACLIDIS</span> <span class='ocrx_word' id='word_1_3' title='bbox 1998 319 2426 373; x_wconf 70' lang='lat' dir='ltr'>PARADISUS.</span> 
     </span>
    </p>
   </div>
   <div class='ocr_carea' id='block_1_3' title="bbox 3539 317 3647 373">
    <p class='ocr_par' dir='ltr' id='par_1_3' title="bbox 3539 317 3647 373">
     <span class='ocr_line' id='line_1_3' title="bbox 3539 317 3647 373; baseline -0.009 0"><span class='ocrx_word' id='word_1_4' title='bbox 3539 317 3647 373; x_wconf 88' lang='grc'>318</span> 
     </span>
    </p>
   </div>
   <div class='ocr_carea' id='block_1_4' title="bbox 252 441 3650 518">
    <p class='ocr_par' dir='ltr' id='par_1_4' title="bbox 252 441 3650 518">
     <span class='ocr_line' id='line_1_4' title="bbox 252 441 3650 518; baseline 0 -20"><span class='ocrx_word' id='word_1_5' title='bbox 252 447 433 498; x_wconf 90' lang='lat' dir='ltr'>monte</span> <span class='ocrx_word' id='word_1_6' title='bbox 461 441 747 512; x_wconf 82' lang='lat' dir='ltr'>consistit,</span> <span class='ocrx_word' id='word_1_7' title='bbox 773 446 827 497; x_wconf 89' lang='lat' dir='ltr'>et</span> <span class='ocrx_word' id='word_1_8' title='bbox 858 444 929 498; x_wconf 89' lang='lat' dir='ltr'>ab</span> <span class='ocrx_word' id='word_1_9' title='bbox 964 443 1271 499; x_wconf 91' lang='lat' dir='ltr'>immundo</span> <span class='ocrx_word' id='word_1_10' title='bbox 1300 444 1511 515; x_wconf 79' lang='lat' dir='ltr'>spiritu</span> <span class='ocrx_word' id='word_1_11' title='bbox 1544 461 1646 516; x_wconf 93' lang='lat' dir='ltr'>pro</span> <span class='ocrx_word' id='word_1_12' title='bbox 1679 442 1873 499; x_wconf 89' lang='lat' dir='ltr'>crimi-</span> <span class='ocrx_word' id='word_1_13' title='bbox 1906 452 1961 518; x_wconf 70' lang='grc' dir='ltr'><strong>Α</strong></span> <span class='ocrx_word' id='word_1_14' title='bbox 2062 443 2165 498; x_wconf 89' lang='lat' dir='ltr'>Hic</span> <span class='ocrx_word' id='word_1_15' title='bbox 2184 460 2249 499; x_wconf 88' lang='lat' dir='ltr'>eo</span> <span class='ocrx_word' id='word_1_16' title='bbox 2276 449 2554 513; x_wconf 80' lang='lat' dir='ltr'>tempore,</span> <span class='ocrx_word' id='word_1_17' title='bbox 2577 459 2691 513; x_wconf 90' lang='lat' dir='ltr'>quo</span> <span class='ocrx_word' id='word_1_18' title='bbox 2718 441 3650 516; x_wconf 84' lang='lat' dir='ltr'>Julianusinfelixtenebatimpe-</span> 
     </span>
    </p>
   </div>
   <div class='ocr_carea' id='block_1_5' title="bbox 249 532 1186 602">
    <p class='ocr_par' dir='ltr' id='par_1_5' title="bbox 249 532 1186 602">
     <span class='ocr_line' id='line_1_5' title="bbox 249 532 1186 602; baseline 0.001 -16"><span class='ocrx_word' id='word_1_19' title='bbox 249 532 332 587; x_wconf 89' lang='lat' dir='ltr'>nis</span> <span class='ocrx_word' id='word_1_20' title='bbox 362 532 448 586; x_wconf 89' lang='lat' dir='ltr'>sui</span> <span class='ocrx_word' id='word_1_21' title='bbox 478 532 840 602; x_wconf 81' lang='lat' dir='ltr'>correptione</span> <span class='ocrx_word' id='word_1_22' title='bbox 868 532 1186 587; x_wconf 77' lang='lat' dir='ltr'>cruciatur.</span> 
     </span>
    </p>
   </div>
   <div class='ocr_carea' id='block_1_6' title="bbox 310 621 1886 692">
    <p class='ocr_par' dir='ltr' id='par_1_6' title="bbox 310 621 1886 692">
     <span class='ocr_line' id='line_1_6' title="bbox 310 621 1886 692; baseline 0 -17"><span class='ocrx_word' id='word_1_23' title='bbox 310 621 407 676; x_wconf 87' lang='lat' dir='ltr'>Hic</span> <span class='ocrx_word' id='word_1_24' title='bbox 438 622 561 691; x_wconf 87' lang='lat' dir='ltr'>ipse</span> <span class='ocrx_word' id='word_1_25' title='bbox 590 621 965 677; x_wconf 80' lang='lat' dir='ltr'>Innocentius</span> <span class='ocrx_word' id='word_1_26' title='bbox 1001 639 1180 692; x_wconf 83' lang='lat' dir='ltr'>qnam</span> <span class='ocrx_word' id='word_1_27' title='bbox 1216 622 1553 679; x_wconf 80' lang='lat' dir='ltr'>misericors</span> <span class='ocrx_word' id='word_1_28' title='bbox 1607 622 1800 687; x_wconf 87' lang='lat' dir='ltr'>fuerit,</span> <span class='ocrx_word' id='word_1_29' title='bbox 1837 621 1886 677; x_wconf 91' lang='lat' dir='ltr'>si</span> 
     </span>
    </p>
   </div>
   <div class='ocr_carea' id='block_1_7' title="bbox 248 710 1885 782">
    <p class='ocr_par' dir='ltr' id='par_1_7' title="bbox 248 710 1885 782">
     <span class='ocr_line' id='line_1_7' title="bbox 248 710 1885 782; baseline -0.001 -16"><span class='ocrx_word' id='word_1_30' title='bbox 248 711 475 766; x_wconf 84' lang='lat' dir='ltr'>veracile</span> <span class='ocrx_word' id='word_1_31' title='bbox 496 712 741 765; x_wconf 85' lang='lat' dir='ltr'>rreferre</span> <span class='ocrx_word' id='word_1_32' title='bbox 761 710 999 766; x_wconf 77' lang='lat' dir='ltr'>voluero</span> <span class='ocrx_word' id='word_1_33' title='bbox 1025 710 1312 767; x_wconf 80' lang='lat' dir='ltr'>delirasse</span> <span class='ocrx_word' id='word_1_34' title='bbox 1337 730 1426 767; x_wconf 88' lang='lat' dir='ltr'>me</span> <span class='ocrx_word' id='word_1_35' title='bbox 1449 714 1505 766; x_wconf 93' lang='lat' dir='ltr'>in</span> <span class='ocrx_word' id='word_1_36' title='bbox 1532 712 1885 782; x_wconf 82' lang='lat' dir='ltr'>quibusdam</span> 
     </span>
    </p>
   </div>
   <div class='ocr_carea' id='block_1_8' title="bbox 248 800 1887 872">
    <p class='ocr_par' dir='ltr' id='par_1_8' title="bbox 248 800 1887 872">
     <span class='ocr_line' id='line_1_8' title="bbox 248 800 1887 872; baseline -0.001 -18"><span class='ocrx_word' id='word_1_37' title='bbox 248 800 607 871; x_wconf 86' lang='lat' dir='ltr'>forsitan,pro</span> <span class='ocrx_word' id='word_1_38' title='bbox 622 800 749 869; x_wconf 83' lang='lat' dir='ltr'>ejus</span> <span class='ocrx_word' id='word_1_39' title='bbox 768 800 1144 871; x_wconf 77' lang='lat' dir='ltr'>simplicitate</span> <span class='ocrx_word' id='word_1_40' title='bbox 1161 801 1763 872; x_wconf 84' lang='lat' dir='ltr'>quisjudicabit.Nam</span> <span class='ocrx_word' id='word_1_41' title='bbox 1784 800 1887 854; x_wconf 82' lang='lat' dir='ltr'>fre-</span> 
     </span>
    </p>
   </div>
   <div class='ocr_carea' id='block_1_9' title="bbox 248 888 1886 961">
    <p class='ocr_par' dir='ltr' id='par_1_9' title="bbox 248 888 1886 961">
     <span class='ocr_line' id='line_1_9' title="bbox 248 888 1886 961; baseline 0 -18"><span class='ocrx_word' id='word_1_42' title='bbox 248 895 479 959; x_wconf 88' lang='lat' dir='ltr'>quenter</span> <span class='ocrx_word' id='word_1_43' title='bbox 494 906 628 943; x_wconf 90' lang='lat' dir='ltr'>eum</span> <span class='ocrx_word' id='word_1_44' title='bbox 646 888 1007 959; x_wconf 83' lang='lat' dir='ltr'>surripuisse</span> <span class='ocrx_word' id='word_1_45' title='bbox 1024 890 1149 945; x_wconf 89' lang='lat' dir='ltr'>suis</span> <span class='ocrx_word' id='word_1_46' title='bbox 1165 890 1445 945; x_wconf 82' lang='lat' dir='ltr'>fratribus</span> <span class='ocrx_word' id='word_1_47' title='bbox 1461 890 1886 961; x_wconf 82' lang='lat' dir='ltr'>cibos,etegen-</span> 
     </span>
    </p>
   </div>
   <div class='ocr_carea' id='block_1_10' title="bbox 244 978 1887 1049">
    <p class='ocr_par' dir='ltr' id='par_1_10' title="bbox 244 978 1887 1049">
     <span class='ocr_line' id='line_1_10' title="bbox 244 978 1887 1049; baseline 0 -17"><span class='ocrx_word' id='word_1_48' title='bbox 244 980 388 1033; x_wconf 89' lang='lat' dir='ltr'>tibus</span> <span class='ocrx_word' id='word_1_49' title='bbox 419 978 657 1033; x_wconf 85' lang='lat' dir='ltr'>dedisse</span> <span class='ocrx_word' id='word_1_50' title='bbox 684 980 947 1049; x_wconf 84' lang='lat' dir='ltr'>cognovi.</span> <span class='ocrx_word' id='word_1_51' title='bbox 970 978 1031 1033; x_wconf 91' lang='lat' dir='ltr'>In</span> <span class='ocrx_word' id='word_1_52' title='bbox 1068 979 1424 1034; x_wconf 90' lang='lat' dir='ltr'>immensum</span> <span class='ocrx_word' id='word_1_53' title='bbox 1459 980 1615 1034; x_wconf 87' lang='lat' dir='ltr'>enim</span> <span class='ocrx_word' id='word_1_54' title='bbox 1650 980 1887 1033; x_wconf 88' lang='lat' dir='ltr'>modum</span> 
     </span>
    </p>
   </div>
   <div class='ocr_carea' id='block_1_11' title="bbox 244 1066 1885 1139">
    <p class='ocr_par' dir='ltr' id='par_1_11' title="bbox 244 1066 1885 1139">
     <span class='ocr_line' id='line_1_11' title="bbox 244 1066 1885 1139; baseline -0.001 -18"><span class='ocrx_word' id='word_1_55' title='bbox 244 1066 477 1138; x_wconf 84' lang='lat' dir='ltr'>simplex</span> <span class='ocrx_word' id='word_1_56' title='bbox 503 1072 646 1133; x_wconf 90' lang='lat' dir='ltr'>erat,</span> <span class='ocrx_word' id='word_1_57' title='bbox 665 1084 851 1138; x_wconf 89' lang='lat' dir='ltr'>neque</span> <span class='ocrx_word' id='word_1_58' title='bbox 876 1068 1194 1139; x_wconf 84' lang='lat' dir='ltr'>quidquam</span> <span class='ocrx_word' id='word_1_59' title='bbox 1226 1068 1674 1139; x_wconf 89' lang='lat' dir='ltr'>malicoripsius</span> <span class='ocrx_word' id='word_1_60' title='bbox 1697 1074 1885 1122; x_wconf 84' lang='lat' dir='ltr'>norat.</span> 
     </span>
    </p>
   </div>
   <div class='ocr_carea' id='block_1_12' title="bbox 242 1156 1888 1229">
    <p class='ocr_par' dir='ltr' id='par_1_12' title="bbox 242 1156 1888 1229">
     <span class='ocr_line' id='line_1_12' title="bbox 242 1156 1888 1229; baseline 0.001 -18"><span class='ocrx_word' id='word_1_61' title='bbox 242 1156 389 1211; x_wconf 80' lang='lat' dir='ltr'>Unde</span> <span class='ocrx_word' id='word_1_62' title='bbox 420 1156 682 1211; x_wconf 85' lang='lat' dir='ltr'>divinam</span> <span class='ocrx_word' id='word_1_63' title='bbox 718 1174 951 1229; x_wconf 85' lang='lat' dir='ltr'>quoque</span> <span class='ocrx_word' id='word_1_64' title='bbox 982 1157 1077 1213; x_wconf 91' lang='lat' dir='ltr'>hic</span> <span class='ocrx_word' id='word_1_65' title='bbox 1108 1159 1353 1229; x_wconf 88' lang='lat' dir='ltr'>gratiam</span> <span class='ocrx_word' id='word_1_66' title='bbox 1375 1164 1577 1214; x_wconf 89' lang='lat' dir='ltr'>contra</span> <span class='ocrx_word' id='word_1_67' title='bbox 1596 1158 1888 1213; x_wconf 73' lang='lat' dir='ltr'>daemones</span> 
     </span>
    </p>
   </div>
   <div class='ocr_carea' id='block_1_13' title="bbox 244 1244 461 1299">
    <p class='ocr_par' dir='ltr' id='par_1_13' title="bbox 244 1244 461 1299">
     <span class='ocr_line' id='line_1_13' title="bbox 244 1244 461 1299; baseline -0.014 0"><span class='ocrx_word' id='word_1_68' title='bbox 244 1244 461 1299; x_wconf 86' lang='lat' dir='ltr'>meruit.</span> 
     </span>
    </p>
   </div>
   <div class='ocr_carea' id='block_1_14' title="bbox 297 1335 1888 1407">
    <p class='ocr_par' dir='ltr' id='par_1_14' title="bbox 297 1335 1888 1407">
     <span class='ocr_line' id='line_1_14' title="bbox 297 1335 1888 1407; baseline 0 -18"><span class='ocrx_word' id='word_1_69' title='bbox 297 1335 373 1389; x_wconf 87' lang='lat' dir='ltr'>Ad</span> <span class='ocrx_word' id='word_1_70' title='bbox 397 1350 575 1404; x_wconf 90' lang='lat' dir='ltr'>quem</span> <span class='ocrx_word' id='word_1_71' title='bbox 602 1351 735 1389; x_wconf 89' lang='lat' dir='ltr'>cum</span> <span class='ocrx_word' id='word_1_72' title='bbox 752 1335 1071 1407; x_wconf 86' lang='lat' dir='ltr'>aliquando</span> <span class='ocrx_word' id='word_1_73' title='bbox 1086 1336 1422 1391; x_wconf 91' lang='lat' dir='ltr'>videntibus</span> <span class='ocrx_word' id='word_1_74' title='bbox 1450 1336 1888 1406; x_wconf 85' lang='lat' dir='ltr'>nobis,juvenis</span> 
     </span>
    </p>
   </div>
   <div class='ocr_carea' id='block_1_15' title="bbox 241 1424 1888 1497">
    <p class='ocr_par' dir='ltr' id='par_1_15' title="bbox 241 1424 1888 1497">
     <span class='ocr_line' id='line_1_15' title="bbox 241 1424 1888 1497; baseline 0 -20"><span class='ocrx_word' id='word_1_75' title='bbox 241 1425 469 1495; x_wconf 88' lang='lat' dir='ltr'>quidam</span> <span class='ocrx_word' id='word_1_76' title='bbox 510 1424 720 1479; x_wconf 80' lang='lat' dir='ltr'>fuisset</span> <span class='ocrx_word' id='word_1_77' title='bbox 748 1425 1251 1497; x_wconf 88' lang='lat' dir='ltr'>exhibitus,quem</span> <span class='ocrx_word' id='word_1_78' title='bbox 1274 1426 1517 1497; x_wconf 89' lang='lat' dir='ltr'>spiritus</span> <span class='ocrx_word' id='word_1_79' title='bbox 1541 1426 1888 1480; x_wconf 86' lang='lat' dir='ltr'>immundus</span> 
     </span>
    </p>
   </div>
   <div class='ocr_carea' id='block_1_16' title="bbox 238 1514 1887 1583">
    <p class='ocr_par' dir='ltr' id='par_1_16' title="bbox 238 1514 1887 1583">
     <span class='ocr_line' id='line_1_16' title="bbox 238 1514 1887 1583; baseline 0.001 -17"><span class='ocrx_word' id='word_1_80' title='bbox 238 1514 593 1583; x_wconf 77' lang='lat' dir='ltr'>impleverat,</span> <span class='ocrx_word' id='word_1_81' title='bbox 618 1518 673 1569; x_wconf 89' lang='lat' dir='ltr'>et</span> <span class='ocrx_word' id='word_1_82' title='bbox 694 1514 970 1569; x_wconf 89' lang='lat' dir='ltr'>omnibus</span> <span class='ocrx_word' id='word_1_83' title='bbox 991 1520 1181 1569; x_wconf 90' lang='lat' dir='ltr'>totum</span> <span class='ocrx_word' id='word_1_84' title='bbox 1216 1516 1469 1570; x_wconf 88' lang='lat' dir='ltr'>solverat</span> <span class='ocrx_word' id='word_1_85' title='bbox 1502 1516 1803 1581; x_wconf 86' lang='lat' dir='ltr'>membris;</span> <span class='ocrx_word' id='word_1_86' title='bbox 1828 1514 1887 1567; x_wconf 94' lang='lat' dir='ltr'>in</span> 
     </span>
    </p>
   </div>
   <div class='ocr_carea' id='block_1_17' title="bbox 236 1604 1887 1675">
    <p class='ocr_par' dir='ltr' id='par_1_17' title="bbox 236 1604 1887 1675">
     <span class='ocr_line' id='line_1_17' title="bbox 236 1604 1887 1675; baseline 0 -18"><span class='ocrx_word' id='word_1_87' title='bbox 236 1607 477 1671; x_wconf 88' lang='lat' dir='ltr'>tantum,</span> <span class='ocrx_word' id='word_1_88' title='bbox 503 1609 569 1657; x_wconf 90' lang='lat' dir='ltr'>ut</span> <span class='ocrx_word' id='word_1_89' title='bbox 586 1619 691 1675; x_wconf 85' lang='lat' dir='ltr'>ego</span> <span class='ocrx_word' id='word_1_90' title='bbox 715 1604 920 1659; x_wconf 89' lang='lat' dir='ltr'>videns</span> <span class='ocrx_word' id='word_1_91' title='bbox 943 1621 1078 1659; x_wconf 89' lang='lat' dir='ltr'>eum</span> <span class='ocrx_word' id='word_1_92' title='bbox 1103 1604 1335 1660; x_wconf 90' lang='lat' dir='ltr'>eminus</span> <span class='ocrx_word' id='word_1_93' title='bbox 1355 1604 1887 1675; x_wconf 88' lang='lat' dir='ltr'>talem,nequeam-</span> 
     </span>
    </p>
   </div>
   <div class='ocr_carea' id='block_1_18' title="bbox 238 1692 1891 1765">
    <p class='ocr_par' dir='ltr' id='par_1_18' title="bbox 238 1692 1891 1765">
     <span class='ocr_line' id='line_1_18' title="bbox 238 1692 1891 1765; baseline 0 -19"><span class='ocrx_word' id='word_1_94' title='bbox 238 1692 428 1763; x_wconf 90' lang='lat' dir='ltr'>bigens</span> <span class='ocrx_word' id='word_1_95' title='bbox 455 1708 575 1747; x_wconf 87' lang='lat' dir='ltr'>non</span> <span class='ocrx_word' id='word_1_96' title='bbox 602 1709 774 1763; x_wconf 89' lang='lat' dir='ltr'>posse</span> <span class='ocrx_word' id='word_1_97' title='bbox 796 1694 1013 1759; x_wconf 90' lang='lat' dir='ltr'>curari,</span> <span class='ocrx_word' id='word_1_98' title='bbox 1038 1698 1281 1749; x_wconf 83' lang='lat' dir='ltr'>matrem</span> <span class='ocrx_word' id='word_1_99' title='bbox 1306 1695 1435 1765; x_wconf 85' lang='lat' dir='ltr'>ejus</span> <span class='ocrx_word' id='word_1_100' title='bbox 1462 1698 1560 1765; x_wconf 87' lang='lat' dir='ltr'>qui</span> <span class='ocrx_word' id='word_1_101' title='bbox 1582 1694 1891 1747; x_wconf 83' lang='lat' dir='ltr'>videbatur</span> 
     </span>
    </p>
   </div>
   <div class='ocr_carea' id='block_1_19' title="bbox 236 1778 1890 1851">
    <p class='ocr_par' dir='ltr' id='par_1_19' title="bbox 236 1778 1890 1851">
     <span class='ocr_line' id='line_1_19' title="bbox 236 1778 1890 1851; baseline 0 -18"><span class='ocrx_word' id='word_1_102' title='bbox 236 1778 815 1850; x_wconf 82' lang='lat' dir='ltr'>exhibitus,aliosque</span> <span class='ocrx_word' id='word_1_103' title='bbox 829 1781 927 1851; x_wconf 89' lang='lat' dir='ltr'>qui</span> <span class='ocrx_word' id='word_1_104' title='bbox 944 1797 1077 1835; x_wconf 91' lang='lat' dir='ltr'>eum</span> <span class='ocrx_word' id='word_1_105' title='bbox 1095 1782 1454 1835; x_wconf 84' lang='lat' dir='ltr'>deduxerant</span> <span class='ocrx_word' id='word_1_106' title='bbox 1471 1779 1890 1851; x_wconf 73' lang='lat' dir='ltr'>propellijube‘</span> 
     </span>
    </p>
   </div>
   <div class='ocr_carea' id='block_1_20' title="bbox 233 1866 1878 1940">
    <p class='ocr_par' dir='ltr' id='par_1_20' title="bbox 233 1866 1878 1940">
     <span class='ocr_line' id='line_1_20' title="bbox 233 1866 1878 1940; baseline 0 -20"><span class='ocrx_word' id='word_1_107' title='bbox 233 1882 362 1921; x_wconf 86' lang='lat' dir='ltr'>rem.</span> <span class='ocrx_word' id='word_1_108' title='bbox 387 1866 600 1921; x_wconf 86' lang='lat' dir='ltr'>Evenit</span> <span class='ocrx_word' id='word_1_109' title='bbox 622 1871 817 1921; x_wconf 88' lang='lat' dir='ltr'>autem</span> <span class='ocrx_word' id='word_1_110' title='bbox 841 1867 993 1922; x_wconf 89' lang='lat' dir='ltr'>inter</span> <span class='ocrx_word' id='word_1_111' title='bbox 1014 1868 1135 1923; x_wconf 59' lang='lat' dir='ltr'>hac</span> <span class='ocrx_word' id='word_1_112' title='bbox 1162 1875 1225 1922; x_wconf 92' lang='lat' dir='ltr'>ut</span> <span class='ocrx_word' id='word_1_113' title='bbox 1250 1868 1653 1940; x_wconf 87' lang='lat' dir='ltr'>superveniret</span> <span class='ocrx_word' id='word_1_114' title='bbox 1686 1884 1878 1932; x_wconf 87' lang='lat' dir='ltr'>senex,</span> 
     </span>
    </p>
   </div>
   <div class='ocr_carea' id='block_1_21' title="bbox 233 1954 1885 2026">
    <p class='ocr_par' dir='ltr' id='par_1_21' title="bbox 233 1954 1885 2026">
     <span class='ocr_line' id='line_1_21' title="bbox 233 1954 1885 2026; baseline -0.001 -17"><span class='ocrx_word' id='word_1_115' title='bbox 233 1972 289 2009; x_wconf 87' lang='lat' dir='ltr'>ac</span> <span class='ocrx_word' id='word_1_116' title='bbox 310 1960 568 2009; x_wconf 81' lang='lat' dir='ltr'>stantem</span> <span class='ocrx_word' id='word_1_117' title='bbox 602 1960 658 2010; x_wconf 89' lang='lat' dir='ltr'>et</span> <span class='ocrx_word' id='word_1_118' title='bbox 692 1972 825 2010; x_wconf 93' lang='lat' dir='ltr'>cum</span> <span class='ocrx_word' id='word_1_119' title='bbox 850 1954 1271 2012; x_wconf 82' lang='lat' dir='ltr'>lamentatione</span> <span class='ocrx_word' id='word_1_120' title='bbox 1302 1958 1615 2012; x_wconf 84' lang='lat' dir='ltr'>deflentem</span> <span class='ocrx_word' id='word_1_121' title='bbox 1650 1960 1885 2026; x_wconf 82' lang='lat' dir='ltr'>propter</span> 
     </span>
    </p>
   </div>
   <div class='ocr_carea' id='block_1_22' title="bbox 232 2043 1882 2100">
    <p class='ocr_par' dir='ltr' id='par_1_22' title="bbox 232 2043 1882 2100">
     <span class='ocr_line' id='line_1_22' title="bbox 232 2043 1882 2100; baseline 0.001 -3"><span class='ocrx_word' id='word_1_122' title='bbox 232 2046 336 2097; x_wconf 89' lang='lat' dir='ltr'>tam</span> <span class='ocrx_word' id='word_1_123' title='bbox 380 2043 847 2098; x_wconf 88' lang='lat' dir='ltr'>inenarrabilem</span> <span class='ocrx_word' id='word_1_124' title='bbox 898 2044 1003 2098; x_wconf 80' lang='lat' dir='ltr'>filii</span> <span class='ocrx_word' id='word_1_125' title='bbox 1056 2046 1327 2100; x_wconf 88' lang='lat' dir='ltr'>morbum</span> <span class='ocrx_word' id='word_1_126' title='bbox 1366 2050 1608 2100; x_wconf 88' lang='lat' dir='ltr'>matrem</span> <span class='ocrx_word' id='word_1_127' title='bbox 1643 2045 1882 2099; x_wconf 87' lang='lat' dir='ltr'>videret.</span> 
     </span>
    </p>
   </div>
   <div class='ocr_carea' id='block_1_23' title="bbox 230 2131 1884 2205">
    <p class='ocr_par' dir='ltr' id='par_1_23' title="bbox 230 2131 1884 2205">
     <span class='ocr_line' id='line_1_23' title="bbox 230 2131 1884 2205; baseline 0.001 -21"><span class='ocrx_word' id='word_1_128' title='bbox 230 2131 414 2187; x_wconf 83' lang='lat' dir='ltr'>Victus</span> <span class='ocrx_word' id='word_1_129' title='bbox 457 2147 607 2203; x_wconf 87' lang='lat' dir='ltr'>ergo</span> <span class='ocrx_word' id='word_1_130' title='bbox 658 2131 934 2188; x_wconf 90' lang='lat' dir='ltr'>continuo</span> <span class='ocrx_word' id='word_1_131' title='bbox 967 2132 1052 2187; x_wconf 91' lang='lat' dir='ltr'>vir</span> <span class='ocrx_word' id='word_1_132' title='bbox 1086 2133 1180 2188; x_wconf 91' lang='lat' dir='ltr'>ille</span> <span class='ocrx_word' id='word_1_133' title='bbox 1215 2133 1565 2188; x_wconf 87' lang='lat' dir='ltr'>venerabilis</span> <span class='ocrx_word' id='word_1_134' title='bbox 1612 2132 1884 2205; x_wconf 77' lang='lat' dir='ltr'>lacrymis</span> 
     </span>
    </p>
   </div>
   <div class='ocr_carea' id='block_1_24' title="bbox 231 2222 1886 2294">
    <p class='ocr_par' dir='ltr' id='par_1_24' title="bbox 231 2222 1886 2294">
     <span class='ocr_line' id='line_1_24' title="bbox 231 2222 1886 2294; baseline -0.001 -17"><span class='ocrx_word' id='word_1_135' title='bbox 231 2223 445 2291; x_wconf 75' lang='lat' dir='ltr'>ejus,ex</span> <span class='ocrx_word' id='word_1_136' title='bbox 474 2222 698 2277; x_wconf 75' lang='lat' dir='ltr'>affectu</span> <span class='ocrx_word' id='word_1_137' title='bbox 725 2223 909 2278; x_wconf 88' lang='lat' dir='ltr'>sancti</span> <span class='ocrx_word' id='word_1_138' title='bbox 942 2224 1136 2279; x_wconf 83' lang='lat' dir='ltr'>cordis</span> <span class='ocrx_word' id='word_1_139' title='bbox 1170 2223 1886 2294; x_wconf 87' lang='lat' dir='ltr'>ingemuit,juvenemque</span> 
     </span>
    </p>
   </div>
   <div class='ocr_carea' id='block_1_25' title="bbox 231 2311 1881 2384">
    <p class='ocr_par' dir='ltr' id='par_1_25' title="bbox 231 2311 1881 2384">
     <span class='ocr_line' id='line_1_25' title="bbox 231 2311 1881 2384; baseline 0.001 -19"><span class='ocrx_word' id='word_1_140' title='bbox 231 2311 617 2384; x_wconf 84' lang='lat' dir='ltr'>apprehendit</span> <span class='ocrx_word' id='word_1_141' title='bbox 647 2328 848 2380; x_wconf 91' lang='lat' dir='ltr'>manu,</span> <span class='ocrx_word' id='word_1_142' title='bbox 881 2318 937 2368; x_wconf 88' lang='lat' dir='ltr'>et</span> <span class='ocrx_word' id='word_1_143' title='bbox 968 2313 1121 2367; x_wconf 90' lang='lat' dir='ltr'>intra</span> <span class='ocrx_word' id='word_1_144' title='bbox 1153 2312 1474 2367; x_wconf 87' lang='lat' dir='ltr'>oratorium</span> <span class='ocrx_word' id='word_1_145' title='bbox 1509 2328 1702 2379; x_wconf 87' lang='lat' dir='ltr'>suum,</span> <span class='ocrx_word' id='word_1_146' title='bbox 1728 2312 1881 2383; x_wconf 89' lang='lat' dir='ltr'>quod</span> 
     </span>
    </p>
   </div>
   <div class='ocr_carea' id='block_1_26' title="bbox 236 2402 1883 2475">
    <p class='ocr_par' dir='ltr' id='par_1_26' title="bbox 236 2402 1883 2475">
     <span class='ocr_line' id='line_1_26' title="bbox 236 2402 1883 2475; baseline 0.001 -20"><span class='ocrx_word' id='word_1_147' title='bbox 236 2402 347 2473; x_wconf 83' lang='lat' dir='ltr'>ipse</span> <span class='ocrx_word' id='word_1_148' title='bbox 378 2407 818 2471; x_wconf 83' lang='lat' dir='ltr'>construxerat,</span> <span class='ocrx_word' id='word_1_149' title='bbox 852 2412 905 2457; x_wconf 89' lang='lat' dir='ltr'>et</span> <span class='ocrx_word' id='word_1_150' title='bbox 935 2403 995 2458; x_wconf 90' lang='lat' dir='ltr'>in</span> <span class='ocrx_word' id='word_1_151' title='bbox 1030 2420 1145 2475; x_wconf 90' lang='lat' dir='ltr'>quo</span> <span class='ocrx_word' id='word_1_152' title='bbox 1180 2403 1455 2475; x_wconf 86' lang='lat' dir='ltr'>reliquias</span> <span class='ocrx_word' id='word_1_153' title='bbox 1487 2404 1673 2458; x_wconf 84' lang='lat' dir='ltr'>sancti</span> <span class='ocrx_word' id='word_1_154' title='bbox 1708 2404 1883 2459; x_wconf 84' lang='lat' dir='ltr'>Joan-</span> 
     </span>
    </p>
   </div>
   <div class='ocr_carea' id='block_1_27' title="bbox 230 2490 1883 2564">
    <p class='ocr_par' dir='ltr' id='par_1_27' title="bbox 230 2490 1883 2564">
     <span class='ocr_line' id='line_1_27' title="bbox 230 2490 1883 2564; baseline 0 -19"><span class='ocrx_word' id='word_1_155' title='bbox 230 2490 314 2547; x_wconf 86' lang='lat' dir='ltr'>nis</span> <span class='ocrx_word' id='word_1_156' title='bbox 343 2492 630 2564; x_wconf 69' lang='lat' dir='ltr'>Baptistae</span> <span class='ocrx_word' id='word_1_157' title='bbox 663 2491 1066 2559; x_wconf 85' lang='lat' dir='ltr'>collocaverat,</span> <span class='ocrx_word' id='word_1_158' title='bbox 1101 2492 1285 2557; x_wconf 79' lang='lat' dir='ltr'>duxit,</span> <span class='ocrx_word' id='word_1_159' title='bbox 1320 2496 1495 2563; x_wconf 89' lang='lat' dir='ltr'>atque</span> <span class='ocrx_word' id='word_1_160' title='bbox 1521 2491 1641 2546; x_wconf 90' lang='lat' dir='ltr'>illic</span> <span class='ocrx_word' id='word_1_161' title='bbox 1672 2492 1883 2546; x_wconf 88' lang='lat' dir='ltr'>oratio-</span> 
     </span>
    </p>
   </div>
   <div class='ocr_carea' id='block_1_28' title="bbox 230 2579 1882 2651">
    <p class='ocr_par' dir='ltr' id='par_1_28' title="bbox 230 2579 1882 2651">
     <span class='ocr_line' id='line_1_28' title="bbox 230 2579 1882 2651; baseline -0.001 -18"><span class='ocrx_word' id='word_1_162' title='bbox 230 2594 349 2633; x_wconf 88' lang='lat' dir='ltr'>nem</span> <span class='ocrx_word' id='word_1_163' title='bbox 391 2597 499 2651; x_wconf 89' lang='lat' dir='ltr'>pro</span> <span class='ocrx_word' id='word_1_164' title='bbox 539 2595 605 2633; x_wconf 91' lang='lat' dir='ltr'>eo</span> <span class='ocrx_word' id='word_1_165' title='bbox 639 2579 859 2634; x_wconf 81' lang='lat' dir='ltr'>faciens</span> <span class='ocrx_word' id='word_1_166' title='bbox 892 2597 923 2635; x_wconf 91' lang='lat' dir='ltr'>a</span> <span class='ocrx_word' id='word_1_167' title='bbox 954 2580 1128 2634; x_wconf 89' lang='lat' dir='ltr'>tertia</span> <span class='ocrx_word' id='word_1_168' title='bbox 1176 2597 1387 2635; x_wconf 87' lang='lat' dir='ltr'>nonam</span> <span class='ocrx_word' id='word_1_169' title='bbox 1444 2596 1630 2650; x_wconf 90' lang='lat' dir='ltr'>usque</span> <span class='ocrx_word' id='word_1_170' title='bbox 1679 2581 1882 2635; x_wconf 91' lang='lat' dir='ltr'>horam</span> 
     </span>
    </p>
   </div>
   <div class='ocr_carea' id='block_1_29' title="bbox 230 2667 1882 2740">
    <p class='ocr_par' dir='ltr' id='par_1_29' title="bbox 230 2667 1882 2740">
     <span class='ocr_line' id='line_1_29' title="bbox 230 2667 1882 2740; baseline 0 -18"><span class='ocrx_word' id='word_1_171' title='bbox 230 2668 353 2733; x_wconf 87' lang='lat' dir='ltr'>diei,</span> <span class='ocrx_word' id='word_1_172' title='bbox 382 2667 751 2724; x_wconf 89' lang='lat' dir='ltr'>incolumem</span> <span class='ocrx_word' id='word_1_173' title='bbox 800 2684 934 2723; x_wconf 90' lang='lat' dir='ltr'>eum</span> <span class='ocrx_word' id='word_1_174' title='bbox 970 2668 1096 2739; x_wconf 87' lang='lat' dir='ltr'>ipso</span> <span class='ocrx_word' id='word_1_175' title='bbox 1128 2668 1220 2722; x_wconf 90' lang='lat' dir='ltr'>die</span> <span class='ocrx_word' id='word_1_176' title='bbox 1255 2668 1530 2733; x_wconf 88' lang='lat' dir='ltr'>reddidit,</span> <span class='ocrx_word' id='word_1_177' title='bbox 1567 2674 1882 2740; x_wconf 89' lang='lat' dir='ltr'>purgatum</span> 
     </span>
    </p>
   </div>
   <div class='ocr_carea' id='block_1_30' title="bbox 227 2756 1881 2827">
    <p class='ocr_par' dir='ltr' id='par_1_30' title="bbox 227 2756 1881 2827">
     <span class='ocr_line' id='line_1_30' title="bbox 227 2756 1881 2827; baseline 0 -18"><span class='ocrx_word' id='word_1_178' title='bbox 227 2756 501 2825; x_wconf 73' lang='lat' dir='ltr'>daemone,</span> <span class='ocrx_word' id='word_1_179' title='bbox 564 2761 741 2827; x_wconf 89' lang='lat' dir='ltr'>atque</span> <span class='ocrx_word' id='word_1_180' title='bbox 785 2756 1169 2812; x_wconf 77' lang='lat' dir='ltr'>constrictum</span> <span class='ocrx_word' id='word_1_181' title='bbox 1230 2758 1507 2811; x_wconf 89' lang='lat' dir='ltr'>omnibus</span> <span class='ocrx_word' id='word_1_182' title='bbox 1560 2757 1881 2823; x_wconf 82' lang='lat' dir='ltr'>membris;</span> 
     </span>
    </p>
   </div>
   <div class='ocr_carea' id='block_1_31' title="bbox 224 2845 1883 2917">
    <p class='ocr_par' dir='ltr' id='par_1_31' title="bbox 224 2845 1883 2917">
     <span class='ocr_line' id='line_1_31' title="bbox 224 2845 1883 2917; baseline -0.001 -17"><span class='ocrx_word' id='word_1_183' title='bbox 224 2862 337 2916; x_wconf 59' lang='lat' dir='ltr'>quae</span> <span class='ocrx_word' id='word_1_184' title='bbox 369 2863 571 2915; x_wconf 82' lang='lat' dir='ltr'>usque</span> <span class='ocrx_word' id='word_1_185' title='bbox 602 2847 745 2901; x_wconf 87' lang='lat' dir='ltr'>adeo</span> <span class='ocrx_word' id='word_1_186' title='bbox 778 2847 1010 2901; x_wconf 82' lang='lat' dir='ltr'>fuerant</span> <span class='ocrx_word' id='word_1_187' title='bbox 1039 2847 1346 2913; x_wconf 89' lang='lat' dir='ltr'>dissoluta,</span> <span class='ocrx_word' id='word_1_188' title='bbox 1383 2851 1447 2901; x_wconf 91' lang='lat' dir='ltr'>ut</span> <span class='ocrx_word' id='word_1_189' title='bbox 1477 2845 1708 2917; x_wconf 85' lang='lat' dir='ltr'>quoties</span> <span class='ocrx_word' id='word_1_190' title='bbox 1739 2846 1883 2900; x_wconf 89' lang='lat' dir='ltr'>infe-</span> 
     </span>
    </p>
   </div>
   <div class='ocr_carea' id='block_1_32' title="bbox 227 2934 1885 3009">
    <p class='ocr_par' dir='ltr' id='par_1_32' title="bbox 227 2934 1885 3009">
     <span class='ocr_line' id='line_1_32' title="bbox 227 2934 1885 3009; baseline 0.002 -21"><span class='ocrx_word' id='word_1_191' title='bbox 227 2934 298 2990; x_wconf 83' lang='lat' dir='ltr'>lix</span> <span class='ocrx_word' id='word_1_192' title='bbox 346 2953 493 3009; x_wconf 89' lang='lat' dir='ltr'>puer</span> <span class='ocrx_word' id='word_1_193' title='bbox 550 2936 835 2992; x_wconf 86' lang='lat' dir='ltr'>voluisset</span> <span class='ocrx_word' id='word_1_194' title='bbox 864 2953 1171 3008; x_wconf 84' lang='lat' dir='ltr'>exspuere,</span> <span class='ocrx_word' id='word_1_195' title='bbox 1206 2938 1262 2991; x_wconf 92' lang='lat' dir='ltr'>in</span> <span class='ocrx_word' id='word_1_196' title='bbox 1298 2941 1527 3008; x_wconf 86' lang='lat' dir='ltr'>tergum</span> <span class='ocrx_word' id='word_1_197' title='bbox 1560 2941 1734 3008; x_wconf 91' lang='lat' dir='ltr'>sputa</span> <span class='ocrx_word' id='word_1_198' title='bbox 1755 2937 1885 3007; x_wconf 90' lang='lat' dir='ltr'>jac-</span> 
     </span>
    </p>
   </div>
   <div class='ocr_carea' id='block_1_33' title="bbox 225 3026 1343 3081">
    <p class='ocr_par' dir='ltr' id='par_1_33' title="bbox 225 3026 1343 3081">
     <span class='ocr_line' id='line_1_33' title="bbox 225 3026 1343 3081; baseline -0.001 -2"><span class='ocrx_word' id='word_1_199' title='bbox 225 3027 382 3081; x_wconf 86' lang='lat' dir='ltr'>taret.</span> <span class='ocrx_word' id='word_1_200' title='bbox 418 3027 514 3081; x_wconf 82' lang='lat' dir='ltr'>Ita</span> <span class='ocrx_word' id='word_1_201' title='bbox 548 3042 679 3081; x_wconf 91' lang='lat' dir='ltr'>eum</span> <span class='ocrx_word' id='word_1_202' title='bbox 717 3026 1064 3081; x_wconf 88' lang='lat' dir='ltr'>distorserat</span> <span class='ocrx_word' id='word_1_203' title='bbox 1094 3027 1343 3081; x_wconf 64' lang='lat' dir='ltr'>daemon.</span> 
     </span>
    </p>
   </div>
   <div class='ocr_carea' id='block_1_34' title="bbox 283 3114 1883 3186">
    <p class='ocr_par' dir='ltr' id='par_1_34' title="bbox 283 3114 1883 3186">
     <span class='ocr_line' id='line_1_34' title="bbox 283 3114 1883 3186; baseline 0.001 -18"><span class='ocrx_word' id='word_1_204' title='bbox 283 3114 819 3185; x_wconf 71' lang='lat' dir='ltr'>Aniculaqusedam</span> <span class='ocrx_word' id='word_1_205' title='bbox 836 3114 983 3168; x_wconf 87' lang='lat' dir='ltr'>adiit</span> <span class='ocrx_word' id='word_1_206' title='bbox 999 3119 1387 3169; x_wconf 89' lang='lat' dir='ltr'>memoratum</span> <span class='ocrx_word' id='word_1_207' title='bbox 1403 3115 1883 3186; x_wconf 84' lang='lat' dir='ltr'>virum,quaerens</span> 
     </span>
    </p>
   </div>
   <div class='ocr_carea' id='block_1_35' title="bbox 1998 531 3648 605">
    <p class='ocr_par' dir='ltr' id='par_1_35' title="bbox 1998 531 3648 605">
     <span class='ocr_line' id='line_1_35' title="bbox 1998 531 3648 605; baseline 0.001 -20"><span class='ocrx_word' id='word_1_208' title='bbox 1998 532 2171 597; x_wconf 90' lang='lat' dir='ltr'>rium,</span> <span class='ocrx_word' id='word_1_209' title='bbox 2196 532 2573 586; x_wconf 69' lang='lat' dir='ltr'>saecularibus</span> <span class='ocrx_word' id='word_1_210' title='bbox 2606 531 2958 586; x_wconf 88' lang='lat' dir='ltr'>renuntiavit</span> <span class='ocrx_word' id='word_1_211' title='bbox 2988 533 3183 597; x_wconf 87' lang='lat' dir='ltr'>rebus,</span> <span class='ocrx_word' id='word_1_212' title='bbox 3217 550 3546 605; x_wconf 86' lang='lat' dir='ltr'>magnaque</span> <span class='ocrx_word' id='word_1_213' title='bbox 3567 535 3648 588; x_wconf 91' lang='lat' dir='ltr'>ei-</span> 
     </span>
    </p>
   </div>
   <div class='ocr_carea' id='block_1_36' title="bbox 1999 622 3649 694">
    <p class='ocr_par' dir='ltr' id='par_1_36' title="bbox 1999 622 3649 694">
     <span class='ocr_line' id='line_1_36' title="bbox 1999 622 3649 694; baseline 0.002 -19"><span class='ocrx_word' id='word_1_214' title='bbox 1999 622 2153 685; x_wconf 79' lang='lat' dir='ltr'>dem,</span> <span class='ocrx_word' id='word_1_215' title='bbox 2171 622 2565 691; x_wconf 78' lang='lat' dir='ltr'>interrogatus</span> <span class='ocrx_word' id='word_1_216' title='bbox 2590 623 2662 676; x_wconf 88' lang='lat' dir='ltr'>ab</span> <span class='ocrx_word' id='word_1_217' title='bbox 2687 639 2774 689; x_wconf 89' lang='lat' dir='ltr'>eo,</span> <span class='ocrx_word' id='word_1_218' title='bbox 2796 639 2930 676; x_wconf 89' lang='lat' dir='ltr'>cum</span> <span class='ocrx_word' id='word_1_219' title='bbox 2957 623 3303 677; x_wconf 84' lang='lat' dir='ltr'>auctoritate</span> <span class='ocrx_word' id='word_1_220' title='bbox 3328 625 3649 694; x_wconf 89' lang='lat' dir='ltr'>respondit.</span> 
     </span>
    </p>
   </div>
   <div class='ocr_carea' id='block_1_37' title="bbox 2000 710 3653 783">
    <p class='ocr_par' dir='ltr' id='par_1_37' title="bbox 2000 710 3653 783">
     <span class='ocr_line' id='line_1_37' title="bbox 2000 710 3653 783; baseline 0.001 -20"><span class='ocrx_word' id='word_1_221' title='bbox 2000 712 2179 774; x_wconf 88' lang='lat' dir='ltr'>Quem</span> <span class='ocrx_word' id='word_1_222' title='bbox 2214 716 2351 766; x_wconf 87' lang='lat' dir='ltr'>tunc</span> <span class='ocrx_word' id='word_1_223' title='bbox 2384 711 2479 765; x_wconf 91' lang='lat' dir='ltr'>ille</span> <span class='ocrx_word' id='word_1_224' title='bbox 2509 710 2762 778; x_wconf 85' lang='lat' dir='ltr'>(calvitie</span> <span class='ocrx_word' id='word_1_225' title='bbox 2792 711 2983 765; x_wconf 84' lang='lat' dir='ltr'>eidem</span> <span class='ocrx_word' id='word_1_226' title='bbox 3039 711 3203 781; x_wconf 90' lang='lat' dir='ltr'>prius</span> <span class='ocrx_word' id='word_1_227' title='bbox 3255 713 3424 783; x_wconf 88' lang='lat' dir='ltr'>facta)</span> <span class='ocrx_word' id='word_1_228' title='bbox 3469 713 3653 781; x_wconf 86' lang='lat' dir='ltr'>jussit</span> 
     </span>
    </p>
   </div>
   <div class='ocr_carea' id='block_1_38' title="bbox 2000 799 3650 871">
    <p class='ocr_par' dir='ltr' id='par_1_38' title="bbox 2000 799 3650 871">
     <span class='ocr_line' id='line_1_38' title="bbox 2000 799 3650 871; baseline 0.002 -19"><span class='ocrx_word' id='word_1_229' title='bbox 2000 800 2195 870; x_wconf 85' lang='lat' dir='ltr'>pueris</span> <span class='ocrx_word' id='word_1_230' title='bbox 2212 800 2637 865; x_wconf 84' lang='lat' dir='ltr'>verberari.Qui</span> <span class='ocrx_word' id='word_1_231' title='bbox 2654 799 3009 871; x_wconf 87' lang='lat' dir='ltr'>supplicium</span> <span class='ocrx_word' id='word_1_232' title='bbox 3032 800 3336 870; x_wconf 86' lang='lat' dir='ltr'>plagarum</span> <span class='ocrx_word' id='word_1_233' title='bbox 3355 801 3650 870; x_wconf 88' lang='lat' dir='ltr'>patientis-</span> 
     </span>
    </p>
   </div>
   <div class='ocr_carea' id='block_1_39' title="bbox 2001 889 3653 960">
    <p class='ocr_par' dir='ltr' id='par_1_39' title="bbox 2001 889 3653 960">
     <span class='ocr_line' id='line_1_39' title="bbox 2001 889 3653 960; baseline 0.001 -17"><span class='ocrx_word' id='word_1_234' title='bbox 2001 889 2147 943; x_wconf 83' lang='lat' dir='ltr'>sime</span> <span class='ocrx_word' id='word_1_235' title='bbox 2178 890 2390 955; x_wconf 90' lang='lat' dir='ltr'>ferens,</span> <span class='ocrx_word' id='word_1_236' title='bbox 2426 891 2712 944; x_wconf 84' lang='lat' dir='ltr'>maximas</span> <span class='ocrx_word' id='word_1_237' title='bbox 2744 890 2791 944; x_wconf 91' lang='lat' dir='ltr'>ei</span> <span class='ocrx_word' id='word_1_238' title='bbox 2823 889 3044 959; x_wconf 85' lang='lat' dir='ltr'>gratias</span> <span class='ocrx_word' id='word_1_239' title='bbox 3074 889 3212 960; x_wconf 86' lang='lat' dir='ltr'>egit,</span> <span class='ocrx_word' id='word_1_240' title='bbox 3245 889 3399 944; x_wconf 88' lang='lat' dir='ltr'>sicut</span> <span class='ocrx_word' id='word_1_241' title='bbox 3452 895 3653 959; x_wconf 89' lang='lat' dir='ltr'>postea</span> 
     </span>
    </p>
   </div>
   <div class='ocr_carea' id='block_1_40' title="bbox 2000 978 3652 1050">
    <p class='ocr_par' dir='ltr' id='par_1_40' title="bbox 2000 978 3652 1050">
     <span class='ocr_line' id='line_1_40' title="bbox 2000 978 3652 1050; baseline 0.002 -19"><span class='ocrx_word' id='word_1_242' title='bbox 2000 978 2169 1032; x_wconf 89' lang='lat' dir='ltr'>nobis</span> <span class='ocrx_word' id='word_1_243' title='bbox 2200 984 2257 1032; x_wconf 91' lang='lat' dir='ltr'>et</span> <span class='ocrx_word' id='word_1_244' title='bbox 2288 978 2409 1047; x_wconf 91' lang='lat' dir='ltr'>ipse</span> <span class='ocrx_word' id='word_1_245' title='bbox 2439 980 2740 1034; x_wconf 78' lang='lat' dir='ltr'>referebat.</span> <span class='ocrx_word' id='word_1_246' title='bbox 2775 978 2919 1032; x_wconf 88' lang='lat' dir='ltr'>lluio</span> <span class='ocrx_word' id='word_1_247' title='bbox 2951 982 3146 1033; x_wconf 88' lang='lat' dir='ltr'>tamen</span> <span class='ocrx_word' id='word_1_248' title='bbox 3182 978 3332 1032; x_wconf 88' lang='lat' dir='ltr'>inter</span> <span class='ocrx_word' id='word_1_249' title='bbox 3364 979 3652 1050; x_wconf 86' lang='lat' dir='ltr'>principia</span> 
     </span>
    </p>
   </div>
   <div class='ocr_carea' id='block_1_41' title="bbox 1999 1067 3655 1137">
    <p class='ocr_par' dir='ltr' id='par_1_41' title="bbox 1999 1067 3655 1137">
     <span class='ocr_line' id='line_1_41' title="bbox 1999 1067 3655 1137; baseline 0.001 -16"><span class='ocrx_word' id='word_1_250' title='bbox 1999 1084 2133 1121; x_wconf 88' lang='lat' dir='ltr'>cum</span> <span class='ocrx_word' id='word_1_251' title='bbox 2160 1067 2542 1123; x_wconf 83' lang='lat' dir='ltr'>fornicatione</span> <span class='ocrx_word' id='word_1_252' title='bbox 2557 1084 2620 1123; x_wconf 90' lang='lat' dir='ltr'>ac</span> <span class='ocrx_word' id='word_1_253' title='bbox 2635 1068 2855 1121; x_wconf 90' lang='lat' dir='ltr'>ventris</span> <span class='ocrx_word' id='word_1_254' title='bbox 2872 1083 3040 1121; x_wconf 89' lang='lat' dir='ltr'>vorac</span> <span class='ocrx_word' id='word_1_255' title='bbox 3057 1072 3171 1121; x_wconf 90' lang='lat' dir='ltr'>tate</span> <span class='ocrx_word' id='word_1_256' title='bbox 3184 1067 3527 1137; x_wconf 76' lang='lat' dir='ltr'>gravissima</span> <span class='ocrx_word' id='word_1_257' title='bbox 3546 1070 3655 1122; x_wconf 89' lang='lat' dir='ltr'>fuit</span> 
     </span>
    </p>
   </div>
   <div class='ocr_carea' id='block_1_42' title="bbox 2000 1154 3650 1227">
    <p class='ocr_par' dir='ltr' id='par_1_42' title="bbox 2000 1154 3650 1227">
     <span class='ocr_line' id='line_1_42' title="bbox 2000 1154 3650 1227; baseline 0.001 -18"><span class='ocrx_word' id='word_1_258' title='bbox 2000 1172 2233 1225; x_wconf 85' lang='lat' dir='ltr'>pugna;</span> <span class='ocrx_word' id='word_1_259' title='bbox 2262 1173 2409 1227; x_wconf 87' lang='lat' dir='ltr'>quos</span> <span class='ocrx_word' id='word_1_260' title='bbox 2435 1156 2529 1211; x_wconf 91' lang='lat' dir='ltr'>ille</span> <span class='ocrx_word' id='word_1_261' title='bbox 2551 1156 2732 1210; x_wconf 88' lang='lat' dir='ltr'>animi</span> <span class='ocrx_word' id='word_1_262' title='bbox 2755 1161 2810 1210; x_wconf 91' lang='lat' dir='ltr'>et</span> <span class='ocrx_word' id='word_1_263' title='bbox 2833 1154 3093 1226; x_wconf 90' lang='lat' dir='ltr'>corporis</span> <span class='ocrx_word' id='word_1_264' title='bbox 3119 1157 3353 1210; x_wconf 89' lang='lat' dir='ltr'>morbos</span> <span class='ocrx_word' id='word_1_265' title='bbox 3377 1157 3456 1210; x_wconf 88' lang='lat' dir='ltr'>ita</span> <span class='ocrx_word' id='word_1_266' title='bbox 3478 1172 3650 1226; x_wconf 86' lang='lat' dir='ltr'>supe-</span> 
     </span>
    </p>
   </div>
   <div class='ocr_carea' id='block_1_43' title="bbox 2000 1244 3652 1315">
    <p class='ocr_par' dir='ltr' id='par_1_43' title="bbox 2000 1244 3652 1315">
     <span class='ocr_line' id='line_1_43' title="bbox 2000 1244 3652 1315; baseline 0.001 -17"><span class='ocrx_word' id='word_1_267' title='bbox 2000 1245 2164 1310; x_wconf 79' lang='lat' dir='ltr'>ravit,</span> <span class='ocrx_word' id='word_1_268' title='bbox 2182 1244 2337 1299; x_wconf 91' lang='lat' dir='ltr'>velut</span> <span class='ocrx_word' id='word_1_269' title='bbox 2368 1246 2413 1299; x_wconf 89' lang='lat' dir='ltr'>si</span> <span class='ocrx_word' id='word_1_270' title='bbox 2450 1247 2580 1315; x_wconf 81' lang='lat' dir='ltr'>quis</span> <span class='ocrx_word' id='word_1_271' title='bbox 2604 1245 2961 1301; x_wconf 88' lang='lat' dir='ltr'>immensum</span> <span class='ocrx_word' id='word_1_272' title='bbox 2996 1245 3331 1300; x_wconf 89' lang='lat' dir='ltr'>incendium</span> <span class='ocrx_word' id='word_1_273' title='bbox 3360 1245 3652 1299; x_wconf 91' lang='lat' dir='ltr'>validissi-</span> 
     </span>
    </p>
   </div>
   <div class='ocr_carea' id='block_1_44' title="bbox 2001 1333 3652 1406">
    <p class='ocr_par' dir='ltr' id='par_1_44' title="bbox 2001 1333 3652 1406">
     <span class='ocr_line' id='line_1_44' title="bbox 2001 1333 3652 1406; baseline 0.001 -19"><span class='ocrx_word' id='word_1_274' title='bbox 2001 1333 2112 1387; x_wconf 81' lang='lat' dir='ltr'>mis</span> <span class='ocrx_word' id='word_1_275' title='bbox 2128 1334 2297 1404; x_wconf 90' lang='lat' dir='ltr'>aquis</span> <span class='ocrx_word' id='word_1_276' title='bbox 2312 1335 2737 1406; x_wconf 88' lang='lat' dir='ltr'>exstinguat.ln</span> <span class='ocrx_word' id='word_1_277' title='bbox 2755 1335 3006 1405; x_wconf 88' lang='lat' dir='ltr'>quadam</span> <span class='ocrx_word' id='word_1_278' title='bbox 3025 1335 3179 1389; x_wconf 90' lang='lat' dir='ltr'>enim</span> <span class='ocrx_word' id='word_1_279' title='bbox 3196 1333 3652 1391; x_wconf 82' lang='lat' dir='ltr'>secellulaclau-</span> 
     </span>
    </p>
   </div>
   <div class='ocr_carea' id='block_1_45' title="bbox 2001 1425 3652 1496">
    <p class='ocr_par' dir='ltr' id='par_1_45' title="bbox 2001 1425 3652 1496">
     <span class='ocr_line' id='line_1_45' title="bbox 2001 1425 3652 1496; baseline 0.001 -20"><span class='ocrx_word' id='word_1_280' title='bbox 2001 1440 2157 1492; x_wconf 88' lang='lat' dir='ltr'>sum,</span> <span class='ocrx_word' id='word_1_281' title='bbox 2183 1425 2334 1479; x_wconf 86' lang='lat' dir='ltr'>ferro</span> <span class='ocrx_word' id='word_1_282' title='bbox 2368 1442 2603 1496; x_wconf 87' lang='lat' dir='ltr'>semper</span> <span class='ocrx_word' id='word_1_283' title='bbox 2634 1425 2916 1489; x_wconf 86' lang='lat' dir='ltr'>oneravit,</span> <span class='ocrx_word' id='word_1_284' title='bbox 2952 1442 3065 1479; x_wconf 92' lang='lat' dir='ltr'>non</span> <span class='ocrx_word' id='word_1_285' title='bbox 3100 1441 3310 1495; x_wconf 87' lang='lat' dir='ltr'>panem</span> <span class='ocrx_word' id='word_1_286' title='bbox 3346 1426 3560 1478; x_wconf 88' lang='lat' dir='ltr'>factum</span> <span class='ocrx_word' id='word_1_287' title='bbox 3584 1442 3652 1479; x_wconf 90' lang='lat' dir='ltr'>ex</span> 
     </span>
    </p>
   </div>
   <div class='ocr_carea' id='block_1_46' title="bbox 2000 1513 3647 1584">
    <p class='ocr_par' dir='ltr' id='par_1_46' title="bbox 2000 1513 3647 1584">
     <span class='ocr_line' id='line_1_46' title="bbox 2000 1513 3647 1584; baseline 0.001 -18"><span class='ocrx_word' id='word_1_288' title='bbox 2000 1514 2193 1567; x_wconf 88' lang='lat' dir='ltr'>tritico</span> <span class='ocrx_word' id='word_1_289' title='bbox 2221 1515 2391 1568; x_wconf 91' lang='lat' dir='ltr'>edere</span> <span class='ocrx_word' id='word_1_290' title='bbox 2422 1513 2624 1575; x_wconf 87' lang='lat' dir='ltr'>voluit,</span> <span class='ocrx_word' id='word_1_291' title='bbox 2660 1514 2885 1568; x_wconf 92' lang='lat' dir='ltr'>nullum</span> <span class='ocrx_word' id='word_1_292' title='bbox 2923 1518 3152 1568; x_wconf 90' lang='lat' dir='ltr'>coctum</span> <span class='ocrx_word' id='word_1_293' title='bbox 3186 1513 3422 1584; x_wconf 80' lang='lat' dir='ltr'>ignibus</span> <span class='ocrx_word' id='word_1_294' title='bbox 3453 1514 3647 1568; x_wconf 87' lang='lat' dir='ltr'>cibum</span> 
     </span>
    </p>
   </div>
   <div class='ocr_carea' id='block_1_47' title="bbox 2000 1602 3652 1672">
    <p class='ocr_par' dir='ltr' id='par_1_47' title="bbox 2000 1602 3652 1672">
     <span class='ocr_line' id='line_1_47' title="bbox 2000 1602 3652 1672; baseline -0.001 -17"><span class='ocrx_word' id='word_1_295' title='bbox 2000 1604 2363 1672; x_wconf 87' lang='lat' dir='ltr'>sumpsit.Ac</span> <span class='ocrx_word' id='word_1_296' title='bbox 2386 1608 2511 1657; x_wconf 89' lang='lat' dir='ltr'>tum</span> <span class='ocrx_word' id='word_1_297' title='bbox 2537 1605 2771 1657; x_wconf 90' lang='lat' dir='ltr'>demum</span> <span class='ocrx_word' id='word_1_298' title='bbox 2800 1606 2856 1656; x_wconf 91' lang='lat' dir='ltr'>in</span> <span class='ocrx_word' id='word_1_299' title='bbox 2882 1604 3081 1657; x_wconf 88' lang='lat' dir='ltr'>decem</span> <span class='ocrx_word' id='word_1_300' title='bbox 3104 1607 3159 1657; x_wconf 91' lang='lat' dir='ltr'>et</span> <span class='ocrx_word' id='word_1_301' title='bbox 3183 1608 3311 1657; x_wconf 88' lang='lat' dir='ltr'>octo</span> <span class='ocrx_word' id='word_1_302' title='bbox 3336 1602 3652 1669; x_wconf 90' lang='lat' dir='ltr'>annis,me-</span> 
     </span>
    </p>
   </div>
   <div class='ocr_carea' id='block_1_48' title="bbox 2001 1690 3653 1763">
    <p class='ocr_par' dir='ltr' id='par_1_48' title="bbox 2001 1690 3653 1763">
     <span class='ocr_line' id='line_1_48' title="bbox 2001 1690 3653 1763; baseline 0 -19"><span class='ocrx_word' id='word_1_303' title='bbox 2001 1693 2246 1745; x_wconf 89' lang='lat' dir='ltr'>moratis</span> <span class='ocrx_word' id='word_1_304' title='bbox 2282 1693 2655 1762; x_wconf 86' lang='lat' dir='ltr'>passionibus</span> <span class='ocrx_word' id='word_1_305' title='bbox 2703 1692 2967 1756; x_wconf 88' lang='lat' dir='ltr'>domitis,</span> <span class='ocrx_word' id='word_1_306' title='bbox 3001 1692 3245 1763; x_wconf 89' lang='lat' dir='ltr'>dignum</span> <span class='ocrx_word' id='word_1_307' title='bbox 3280 1691 3378 1745; x_wconf 87' lang='lat' dir='ltr'>tali</span> <span class='ocrx_word' id='word_1_308' title='bbox 3418 1690 3653 1746; x_wconf 85' lang='lat' dir='ltr'>victoria</span> 
     </span>
    </p>
   </div>
   <div class='ocr_carea' id='block_1_49' title="bbox 2000 1779 3652 1851">
    <p class='ocr_par' dir='ltr' id='par_1_49' title="bbox 2000 1779 3652 1851">
     <span class='ocr_line' id='line_1_49' title="bbox 2000 1779 3652 1851; baseline 0.001 -19"><span class='ocrx_word' id='word_1_309' title='bbox 2000 1779 2285 1851; x_wconf 75' lang='lat' dir='ltr'>hymnum</span> <span class='ocrx_word' id='word_1_310' title='bbox 2320 1781 2433 1836; x_wconf 89' lang='lat' dir='ltr'>Deo</span> <span class='ocrx_word' id='word_1_311' title='bbox 2456 1782 2689 1846; x_wconf 78' lang='lat' dir='ltr'>cecinit,</span> <span class='ocrx_word' id='word_1_312' title='bbox 2717 1782 2915 1835; x_wconf 87' lang='lat' dir='ltr'>dicens</span> <span class='ocrx_word' id='word_1_313' title='bbox 2942 1796 2954 1834; x_wconf 87' lang='lat'><strong>:</strong></span> <span class='ocrx_word' id='word_1_314' title='bbox 2981 1781 3258 1835; x_wconf 87' lang='lat' dir='ltr'>Exaltabo</span> <span class='ocrx_word' id='word_1_315' title='bbox 3284 1786 3358 1847; x_wconf 88' lang='lat' dir='ltr'>te,</span> <span class='ocrx_word' id='word_1_316' title='bbox 3386 1780 3652 1847; x_wconf 88' lang='lat' dir='ltr'>Domine,</span> 
     </span>
    </p>
   </div>
   <div class='ocr_carea' id='block_1_50' title="bbox 1994 1869 3655 1941">
    <p class='ocr_par' dir='ltr' id='par_1_50' title="bbox 1994 1869 3655 1941">
     <span class='ocr_line' id='line_1_50' title="bbox 1994 1869 3655 1941; baseline -0.001 -19"><span class='ocrx_word' id='word_1_317' title='bbox 1994 1870 2271 1939; x_wconf 90' lang='lat' dir='ltr'>quoniam</span> <span class='ocrx_word' id='word_1_318' title='bbox 2294 1871 2605 1941; x_wconf 81' lang='lat' dir='ltr'>suscepisti</span> <span class='ocrx_word' id='word_1_319' title='bbox 2630 1886 2856 1935; x_wconf 89' lang='lat' dir='ltr'>me,nec</span> <span class='ocrx_word' id='word_1_320' title='bbox 2875 1869 3176 1923; x_wconf 88' lang='lat' dir='ltr'>delectasti</span> <span class='ocrx_word' id='word_1_321' title='bbox 3202 1869 3474 1923; x_wconf 90' lang='lat' dir='ltr'>inimicos</span> <span class='ocrx_word' id='word_1_322' title='bbox 3493 1884 3655 1922; x_wconf 90' lang='lat' dir='ltr'>meos</span> 
     </span>
    </p>
   </div>
   <div class='ocr_carea' id='block_1_51' title="bbox 1994 1957 3654 2029">
    <p class='ocr_par' dir='ltr' id='par_1_51' title="bbox 1994 1957 3654 2029">
     <span class='ocr_line' id='line_1_51' title="bbox 1994 1957 3654 2029; baseline -0.001 -18"><span class='ocrx_word' id='word_1_323' title='bbox 1994 1974 2168 2029; x_wconf 86' lang='lat' dir='ltr'>super</span> <span class='ocrx_word' id='word_1_324' title='bbox 2194 1975 2283 2012; x_wconf 91' lang='lat' dir='ltr'>me</span> <span class='ocrx_word' id='word_1_325' title='bbox 2306 1960 2475 2027; x_wconf 73' lang='lat' dir='ltr'>(Psal.</span> <span class='ocrx_word' id='word_1_326' title='bbox 2500 1960 2673 2029; x_wconf 81' lang='lat' dir='ltr'>xxix).</span> <span class='ocrx_word' id='word_1_327' title='bbox 2692 1959 2795 2012; x_wconf 89' lang='lat' dir='ltr'>Cui</span> <span class='ocrx_word' id='word_1_328' title='bbox 2824 1960 3095 2028; x_wconf 79' lang='lat' dir='ltr'>frequens</span> <span class='ocrx_word' id='word_1_329' title='bbox 3120 1974 3355 2027; x_wconf 88' lang='lat' dir='ltr'>semper</span> <span class='ocrx_word' id='word_1_330' title='bbox 3376 1963 3433 2011; x_wconf 92' lang='lat' dir='ltr'>et</span> <span class='ocrx_word' id='word_1_331' title='bbox 3454 1957 3654 2011; x_wconf 90' lang='lat' dir='ltr'>varius</span> 
     </span>
    </p>
   </div>
   <div class='ocr_carea' id='block_1_52' title="bbox 1996 2048 3647 2119">
    <p class='ocr_par' dir='ltr' id='par_1_52' title="bbox 1996 2048 3647 2119">
     <span class='ocr_line' id='line_1_52' title="bbox 1996 2048 3647 2119; baseline 0 -18"><span class='ocrx_word' id='word_1_332' title='bbox 1996 2064 2126 2101; x_wconf 90' lang='lat' dir='ltr'>cum</span> <span class='ocrx_word' id='word_1_333' title='bbox 2154 2048 2464 2118; x_wconf 87' lang='lat' dir='ltr'>spiritibus</span> <span class='ocrx_word' id='word_1_334' title='bbox 2498 2048 2746 2119; x_wconf 88' lang='lat' dir='ltr'>impuris</span> <span class='ocrx_word' id='word_1_335' title='bbox 2772 2048 3279 2119; x_wconf 84' lang='lat' dir='ltr'>perquadraginta</span> <span class='ocrx_word' id='word_1_336' title='bbox 3310 2063 3518 2111; x_wconf 85' lang='lat' dir='ltr'>annos,</span> <span class='ocrx_word' id='word_1_337' title='bbox 3544 2062 3647 2115; x_wconf 90' lang='lat' dir='ltr'>pa-</span> 
     </span>
    </p>
   </div>
   <div class='ocr_carea' id='block_1_53' title="bbox 1994 2135 3643 2206">
    <p class='ocr_par' dir='ltr' id='par_1_53' title="bbox 1994 2135 3643 2206">
     <span class='ocr_line' id='line_1_53' title="bbox 1994 2135 3643 2206; baseline 0 -17"><span class='ocrx_word' id='word_1_338' title='bbox 1994 2136 2345 2191; x_wconf 89' lang='lat' dir='ltr'>tientissime</span> <span class='ocrx_word' id='word_1_339' title='bbox 2373 2138 2525 2192; x_wconf 91' lang='lat' dir='ltr'>intra</span> <span class='ocrx_word' id='word_1_340' title='bbox 2556 2140 2731 2193; x_wconf 90' lang='lat' dir='ltr'>unius</span> <span class='ocrx_word' id='word_1_341' title='bbox 2753 2136 3092 2192; x_wconf 87' lang='lat' dir='ltr'>monasterii</span> <span class='ocrx_word' id='word_1_342' title='bbox 3114 2135 3368 2190; x_wconf 88' lang='lat' dir='ltr'>claustra</span> <span class='ocrx_word' id='word_1_343' title='bbox 3390 2135 3643 2206; x_wconf 83' lang='lat' dir='ltr'>degenti,</span> 
     </span>
    </p>
   </div>
   <div class='ocr_carea' id='block_1_54' title="bbox 1995 2226 2468 2282">
    <p class='ocr_par' dir='ltr' id='par_1_54' title="bbox 1995 2226 2468 2282">
     <span class='ocr_line' id='line_1_54' title="bbox 1995 2226 2468 2282; baseline 0.004 -2"><span class='ocrx_word' id='word_1_344' title='bbox 1995 2227 2301 2281; x_wconf 87' lang='lat' dir='ltr'>conflictus</span> <span class='ocrx_word' id='word_1_345' title='bbox 2340 2226 2468 2282; x_wconf 88' lang='lat' dir='ltr'>fuit.</span> 
     </span>
    </p>
   </div>
   <div class='ocr_carea' id='block_1_55' title="bbox 2065 2313 3644 2387">
    <p class='ocr_par' dir='ltr' id='par_1_55' title="bbox 2065 2313 3644 2387">
     <span class='ocr_line' id='line_1_55' title="bbox 2065 2313 3644 2387; baseline -0.001 -19"><span class='ocrx_word' id='word_1_346' title='bbox 2065 2316 2219 2369; x_wconf 77' lang='lat'>973</span> <span class='ocrx_word' id='word_1_347' title='bbox 2253 2315 2367 2371; x_wconf 84' lang='lat' dir='ltr'>Hoc</span> <span class='ocrx_word' id='word_1_348' title='bbox 2395 2332 2627 2387; x_wconf 84' lang='lat' dir='ltr'>quoque</span> <span class='ocrx_word' id='word_1_349' title='bbox 2686 2315 2854 2370; x_wconf 92' lang='lat' dir='ltr'>nobis</span> <span class='ocrx_word' id='word_1_350' title='bbox 2914 2313 3137 2369; x_wconf 88' lang='lat' dir='ltr'>solebat</span> <span class='ocrx_word' id='word_1_351' title='bbox 3189 2313 3344 2369; x_wconf 91' lang='lat' dir='ltr'>idem</span> <span class='ocrx_word' id='word_1_352' title='bbox 3409 2314 3644 2381; x_wconf 85' lang='lat' dir='ltr'>referre,</span> 
     </span>
    </p>
   </div>
   <div class='ocr_carea' id='block_1_56' title="bbox 1995 2402 3648 2475">
    <p class='ocr_par' dir='ltr' id='par_1_56' title="bbox 1995 2402 3648 2475">
     <span class='ocr_line' id='line_1_56' title="bbox 1995 2402 3648 2475; baseline 0 -19"><span class='ocrx_word' id='word_1_353' title='bbox 1995 2413 2148 2475; x_wconf 83' lang='lat' dir='ltr'>quod</span> <span class='ocrx_word' id='word_1_354' title='bbox 2186 2422 2286 2475; x_wconf 87' lang='lat' dir='ltr'>per</span> <span class='ocrx_word' id='word_1_355' title='bbox 2304 2405 2695 2475; x_wconf 74' lang='lat' dir='ltr'>quadraginta</span> <span class='ocrx_word' id='word_1_356' title='bbox 2717 2421 2780 2458; x_wconf 84' lang='lat' dir='ltr'>ac</span> <span class='ocrx_word' id='word_1_357' title='bbox 2804 2405 2950 2458; x_wconf 89' lang='lat' dir='ltr'>duos</span> <span class='ocrx_word' id='word_1_358' title='bbox 2975 2421 3159 2458; x_wconf 84' lang='lat' dir='ltr'>annos</span> <span class='ocrx_word' id='word_1_359' title='bbox 3183 2420 3249 2457; x_wconf 87' lang='lat' dir='ltr'>ex</span> <span class='ocrx_word' id='word_1_360' title='bbox 3274 2402 3435 2457; x_wconf 92' lang='lat' dir='ltr'>nullo</span> <span class='ocrx_word' id='word_1_361' title='bbox 3450 2419 3648 2473; x_wconf 88' lang='lat' dir='ltr'>pomo-</span> 
     </span>
    </p>
   </div>
   <div class='ocr_carea' id='block_1_57' title="bbox 1996 2491 3646 2565">
    <p class='ocr_par' dir='ltr' id='par_1_57' title="bbox 1996 2491 3646 2565">
     <span class='ocr_line' id='line_1_57' title="bbox 1996 2491 3646 2565; baseline -0.001 -19"><span class='ocrx_word' id='word_1_362' title='bbox 1996 2510 2123 2546; x_wconf 88' lang='lat' dir='ltr'>rum</span> <span class='ocrx_word' id='word_1_363' title='bbox 2146 2510 2354 2563; x_wconf 84' lang='lat' dir='ltr'>genere</span> <span class='ocrx_word' id='word_1_364' title='bbox 2376 2493 2845 2565; x_wconf 88' lang='lat' dir='ltr'>gustasset.Cum</span> <span class='ocrx_word' id='word_1_365' title='bbox 2872 2497 3066 2547; x_wconf 88' lang='lat' dir='ltr'>autem</span> <span class='ocrx_word' id='word_1_366' title='bbox 3089 2498 3280 2547; x_wconf 91' lang='lat' dir='ltr'>metus</span> <span class='ocrx_word' id='word_1_367' title='bbox 3300 2491 3466 2546; x_wconf 92' lang='lat' dir='ltr'>illum</span> <span class='ocrx_word' id='word_1_368' title='bbox 3489 2508 3646 2545; x_wconf 90' lang='lat' dir='ltr'>mor-</span> 
     </span>
    </p>
   </div>
   <div class='ocr_carea' id='block_1_58' title="bbox 1993 2578 3648 2651">
    <p class='ocr_par' dir='ltr' id='par_1_58' title="bbox 1993 2578 3648 2651">
     <span class='ocr_line' id='line_1_58' title="bbox 1993 2578 3648 2651; baseline -0.001 -17"><span class='ocrx_word' id='word_1_369' title='bbox 1993 2580 2070 2634; x_wconf 87' lang='lat' dir='ltr'>tis</span> <span class='ocrx_word' id='word_1_370' title='bbox 2102 2579 2418 2651; x_wconf 87' lang='lat' dir='ltr'>aliquando</span> <span class='ocrx_word' id='word_1_371' title='bbox 2451 2586 2700 2639; x_wconf 83' lang='lat' dir='ltr'>vexaret.</span> <span class='ocrx_word' id='word_1_372' title='bbox 2734 2596 2835 2651; x_wconf 88' lang='lat' dir='ltr'>per</span> <span class='ocrx_word' id='word_1_373' title='bbox 2874 2597 2973 2634; x_wconf 89' lang='lat' dir='ltr'>sex</span> <span class='ocrx_word' id='word_1_374' title='bbox 3016 2596 3202 2634; x_wconf 88' lang='lat' dir='ltr'>annos</span> <span class='ocrx_word' id='word_1_375' title='bbox 3252 2578 3537 2634; x_wconf 88' lang='lat' dir='ltr'>clausisse</span> <span class='ocrx_word' id='word_1_376' title='bbox 3586 2594 3648 2632; x_wconf 88' lang='lat' dir='ltr'>se</span> 
     </span>
    </p>
   </div>
   <div class='ocr_carea' id='block_1_59' title="bbox 1994 2656 3645 2739">
    <p class='ocr_par' dir='ltr' id='par_1_59' title="bbox 1994 2656 3645 2739">
     <span class='ocr_line' id='line_1_59' title="bbox 1994 2656 3645 2739; baseline -0.002 -15"><span class='ocrx_word' id='word_1_377' title='bbox 1994 2656 2147 2724; x_wconf 86' lang='lat' dir='ltr'>intra</span> <span class='ocrx_word' id='word_1_378' title='bbox 2162 2670 2503 2725; x_wconf 87' lang='lat' dir='ltr'>memoriam</span> <span class='ocrx_word' id='word_1_379' title='bbox 2532 2674 2920 2735; x_wconf 89' lang='lat' dir='ltr'>mortuorum,</span> <span class='ocrx_word' id='word_1_380' title='bbox 2946 2673 3008 2722; x_wconf 90' lang='lat' dir='ltr'>ut</span> <span class='ocrx_word' id='word_1_381' title='bbox 3031 2669 3560 2739; x_wconf 65' lang='lat' dir='ltr'>daimonem,quem</span> <span class='ocrx_word' id='word_1_382' title='bbox 3578 2684 3645 2722; x_wconf 92' lang='lat' dir='ltr'>ex</span> 
     </span>
    </p>
   </div>
   <div class='ocr_carea' id='block_1_60' title="bbox 1994 2756 3648 2832">
    <p class='ocr_par' dir='ltr' id='par_1_60' title="bbox 1994 2756 3648 2832">
     <span class='ocr_line' id='line_1_60' title="bbox 1994 2756 3648 2832; baseline -0.002 -19"><span class='ocrx_word' id='word_1_383' title='bbox 1994 2760 2307 2813; x_wconf 90' lang='lat' dir='ltr'>formidine</span> <span class='ocrx_word' id='word_1_384' title='bbox 2341 2759 2653 2832; x_wconf 67' lang='lat' dir='ltr'>sepulturae</span> <span class='ocrx_word' id='word_1_385' title='bbox 2690 2758 3007 2813; x_wconf 83' lang='lat' dir='ltr'>terribilem</span> <span class='ocrx_word' id='word_1_386' title='bbox 3040 2757 3427 2823; x_wconf 87' lang='lat' dir='ltr'>sentiebat,in</span> <span class='ocrx_word' id='word_1_387' title='bbox 3453 2756 3648 2827; x_wconf 90' lang='lat' dir='ltr'>sepul-</span> 
     </span>
    </p>
   </div>
   <div class='ocr_carea' id='block_1_61' title="bbox 1995 2846 3641 2919">
    <p class='ocr_par' dir='ltr' id='par_1_61' title="bbox 1995 2846 3641 2919">
     <span class='ocr_line' id='line_1_61' title="bbox 1995 2846 3641 2919; baseline -0.002 -17"><span class='ocrx_word' id='word_1_388' title='bbox 1995 2848 2109 2903; x_wconf 90' lang='lat' dir='ltr'>cris</span> <span class='ocrx_word' id='word_1_389' title='bbox 2133 2848 2450 2903; x_wconf 88' lang='lat' dir='ltr'>habitando</span> <span class='ocrx_word' id='word_1_390' title='bbox 2474 2866 2537 2903; x_wconf 89' lang='lat' dir='ltr'>su</span> <span class='ocrx_word' id='word_1_391' title='bbox 2551 2848 3080 2919; x_wconf 89' lang='lat' dir='ltr'>peraret.Libenter</span> <span class='ocrx_word' id='word_1_392' title='bbox 3099 2847 3256 2901; x_wconf 90' lang='lat' dir='ltr'>hunc</span> <span class='ocrx_word' id='word_1_393' title='bbox 3277 2851 3519 2901; x_wconf 86' lang='lat' dir='ltr'>sanctus</span> <span class='ocrx_word' id='word_1_394' title='bbox 3542 2846 3641 2900; x_wconf 87' lang='lat' dir='ltr'>Ba-</span> 
     </span>
    </p>
   </div>
   <div class='ocr_carea' id='block_1_62' title="bbox 1993 2934 3647 3009">
    <p class='ocr_par' dir='ltr' id='par_1_62' title="bbox 1993 2934 3647 3009">
     <span class='ocr_line' id='line_1_62' title="bbox 1993 2934 3647 3009; baseline -0.002 -17"><span class='ocrx_word' id='word_1_395' title='bbox 1993 2937 2164 2993; x_wconf 86' lang='lat' dir='ltr'>silius</span> <span class='ocrx_word' id='word_1_396' title='bbox 2183 2938 2495 3009; x_wconf 55' lang='lat' dir='ltr'>Episcopus</span> <span class='ocrx_word' id='word_1_397' title='bbox 2528 2938 2732 2992; x_wconf 87' lang='lat' dir='ltr'>habuit</span> <span class='ocrx_word' id='word_1_398' title='bbox 2762 2938 2819 2990; x_wconf 93' lang='lat' dir='ltr'>in</span> <span class='ocrx_word' id='word_1_399' title='bbox 2856 2937 3474 3003; x_wconf 85' lang='lat' dir='ltr'>memoria,districtos</span> <span class='ocrx_word' id='word_1_400' title='bbox 3497 2934 3555 2989; x_wconf 93' lang='lat' dir='ltr'>in</span> <span class='ocrx_word' id='word_1_401' title='bbox 3583 2952 3647 2989; x_wconf 90' lang='lat' dir='ltr'>eo</span> 
     </span>
    </p>
   </div>
   <div class='ocr_carea' id='block_1_63' title="bbox 1994 3024 3646 3097">
    <p class='ocr_par' dir='ltr' id='par_1_63' title="bbox 1994 3024 3646 3097">
     <span class='ocr_line' id='line_1_63' title="bbox 1994 3024 3646 3097; baseline -0.002 -17"><span class='ocrx_word' id='word_1_402' title='bbox 1994 3043 2187 3081; x_wconf 90' lang='lat' dir='ltr'>mores</span> <span class='ocrx_word' id='word_1_403' title='bbox 2246 3044 2479 3097; x_wconf 89' lang='lat' dir='ltr'>semper</span> <span class='ocrx_word' id='word_1_404' title='bbox 2525 3042 2592 3081; x_wconf 89' lang='lat' dir='ltr'>ac</span> <span class='ocrx_word' id='word_1_405' title='bbox 2640 3024 2961 3097; x_wconf 89' lang='lat' dir='ltr'>simplices,</span> <span class='ocrx_word' id='word_1_406' title='bbox 3023 3024 3531 3094; x_wconf 89' lang='lat' dir='ltr'>intentionemque</span> <span class='ocrx_word' id='word_1_407' title='bbox 3577 3025 3646 3078; x_wconf 89' lang='lat' dir='ltr'>ad</span> 
     </span>
    </p>
   </div>
   <div class='ocr_carea' id='block_1_64' title="bbox 1997 3112 3645 3186">
    <p class='ocr_par' dir='ltr' id='par_1_64' title="bbox 1997 3112 3645 3186">
     <span class='ocr_line' id='line_1_64' title="bbox 1997 3112 3645 3186; baseline -0.002 -15"><span class='ocrx_word' id='word_1_408' title='bbox 1997 3116 2179 3171; x_wconf 89' lang='lat' dir='ltr'>Deum</span> <span class='ocrx_word' id='word_1_409' title='bbox 2214 3115 2475 3186; x_wconf 91' lang='lat' dir='ltr'>dirigens</span> <span class='ocrx_word' id='word_1_410' title='bbox 2512 3132 2524 3168; x_wconf 88' lang='lat'><em>:</em></span> <span class='ocrx_word' id='word_1_411' title='bbox 2568 3115 2668 3185; x_wconf 91' lang='lat' dir='ltr'>qui</span> <span class='ocrx_word' id='word_1_412' title='bbox 2704 3132 2889 3185; x_wconf 91' lang='lat' dir='ltr'>usque</span> <span class='ocrx_word' id='word_1_413' title='bbox 2920 3115 2990 3169; x_wconf 88' lang='lat' dir='ltr'>ad</span> <span class='ocrx_word' id='word_1_414' title='bbox 3027 3118 3340 3184; x_wconf 64' lang='lat' dir='ltr'>praesentes</span> <span class='ocrx_word' id='word_1_415' title='bbox 3374 3112 3499 3167; x_wconf 92' lang='lat' dir='ltr'>dies</span> <span class='ocrx_word' id='word_1_416' title='bbox 3533 3130 3645 3167; x_wconf 91' lang='lat' dir='ltr'>non</span> 
     </span>
    </p>
   </div>
   <div class='ocr_carea' id='block_1_65' title="bbox 222 3191 3649 3276">
    <p class='ocr_par' dir='ltr' id='par_1_65' title="bbox 222 3191 3649 3276">
     <span class='ocr_line' id='line_1_65' title="bbox 222 3191 3649 3276; baseline -0.001 -17"><span class='ocrx_word' id='word_1_417' title='bbox 222 3219 369 3259; x_wconf 86' lang='lat' dir='ltr'>ovem</span> <span class='ocrx_word' id='word_1_418' title='bbox 400 3220 591 3276; x_wconf 84' lang='lat' dir='ltr'>quam</span> <span class='ocrx_word' id='word_1_419' title='bbox 622 3219 683 3257; x_wconf 91' lang='lat' dir='ltr'>se</span> <span class='ocrx_word' id='word_1_420' title='bbox 708 3202 1035 3274; x_wconf 89' lang='lat' dir='ltr'>perdidisse</span> <span class='ocrx_word' id='word_1_421' title='bbox 1069 3204 1116 3255; x_wconf 63' lang='lat' dir='ltr'>du</span> <span class='ocrx_word' id='word_1_422' title='bbox 1144 3204 1595 3259; x_wconf 81' lang='lat' dir='ltr'>flcbat.Dicebat</span> <span class='ocrx_word' id='word_1_423' title='bbox 1626 3220 1763 3274; x_wconf 90' lang='lat' dir='ltr'>ergo</span> <span class='ocrx_word' id='word_1_424' title='bbox 1800 3203 1881 3259; x_wconf 90' lang='lat' dir='ltr'>ei:</span> <span class='ocrx_word' id='word_1_425' title='bbox 1916 3191 1958 3256; x_wconf 87' lang='lat' dir='ltr'>C</span> <span class='ocrx_word' id='word_1_426' title='bbox 1998 3204 2407 3260; x_wconf 90' lang='lat' dir='ltr'>desinitlibros</span> <span class='ocrx_word' id='word_1_427' title='bbox 2423 3201 3649 3276; x_wconf 87' lang='lat' dir='ltr'>propriamanuscribere,etiamcumocto-</span> 
     </span>
    </p>
   </div>
   <div class='ocr_carea' id='block_1_66' title="bbox 226 3291 1880 3363">
    <p class='ocr_par' dir='ltr' id='par_1_66' title="bbox 226 3291 1880 3363">
     <span class='ocr_line' id='line_1_66' title="bbox 226 3291 1880 3363; baseline 0.001 -18"><span class='ocrx_word' id='word_1_428' title='bbox 226 3291 465 3348; x_wconf 80' lang='lat' dir='ltr'>Ostende</span> <span class='ocrx_word' id='word_1_429' title='bbox 491 3292 644 3347; x_wconf 90' lang='lat' dir='ltr'>mihi</span> <span class='ocrx_word' id='word_1_430' title='bbox 673 3292 889 3362; x_wconf 90' lang='lat' dir='ltr'>ipsum,</span> <span class='ocrx_word' id='word_1_431' title='bbox 915 3291 973 3345; x_wconf 92' lang='lat' dir='ltr'>in</span> <span class='ocrx_word' id='word_1_432' title='bbox 998 3308 1113 3363; x_wconf 92' lang='lat' dir='ltr'>quo</span> <span class='ocrx_word' id='word_1_433' title='bbox 1138 3292 1880 3363; x_wconf 88' lang='lat' dir='ltr'>perdidisti,locum.Quem</span> 
     </span>
    </p>
   </div>
   <div class='ocr_carea' id='block_1_67' title="bbox 220 3379 1886 3451">
    <p class='ocr_par' dir='ltr' id='par_1_67' title="bbox 220 3379 1886 3451">
     <span class='ocr_line' id='line_1_67' title="bbox 220 3379 1886 3451; baseline 0.001 -16"><span class='ocrx_word' id='word_1_434' title='bbox 220 3379 419 3436; x_wconf 88' lang='lat' dir='ltr'>mulier</span> <span class='ocrx_word' id='word_1_435' title='bbox 470 3397 617 3436; x_wconf 82' lang='lat' dir='ltr'>cum</span> <span class='ocrx_word' id='word_1_436' title='bbox 670 3381 742 3434; x_wconf 90' lang='lat' dir='ltr'>ad</span> <span class='ocrx_word' id='word_1_437' title='bbox 794 3380 895 3435; x_wconf 91' lang='lat' dir='ltr'>illa</span> <span class='ocrx_word' id='word_1_438' title='bbox 925 3380 1144 3451; x_wconf 90' lang='lat' dir='ltr'>quibus</span> <span class='ocrx_word' id='word_1_439' title='bbox 1197 3381 1471 3435; x_wconf 88' lang='lat' dir='ltr'>Lazarion</span> <span class='ocrx_word' id='word_1_440' title='bbox 1528 3398 1741 3437; x_wconf 90' lang='lat' dir='ltr'>nomen</span> <span class='ocrx_word' id='word_1_441' title='bbox 1798 3386 1886 3436; x_wconf 90' lang='lat' dir='ltr'>est</span> 
     </span>
    </p>
   </div>
   <div class='ocr_carea' id='block_1_68' title="bbox 222 3468 1885 3538">
    <p class='ocr_par' dir='ltr' id='par_1_68' title="bbox 222 3468 1885 3538">
     <span class='ocr_line' id='line_1_68' title="bbox 222 3468 1885 3538; baseline 0.001 -15"><span class='ocrx_word' id='word_1_442' title='bbox 222 3470 564 3526; x_wconf 84' lang='lat' dir='ltr'>deduxisset</span> <span class='ocrx_word' id='word_1_443' title='bbox 600 3468 749 3538; x_wconf 88' lang='lat' dir='ltr'>loca,</span> <span class='ocrx_word' id='word_1_444' title='bbox 776 3471 939 3525; x_wconf 90' lang='lat' dir='ltr'>stetit</span> <span class='ocrx_word' id='word_1_445' title='bbox 968 3469 1111 3538; x_wconf 91' lang='lat' dir='ltr'>illic,</span> <span class='ocrx_word' id='word_1_446' title='bbox 1135 3474 1190 3524; x_wconf 90' lang='lat' dir='ltr'>et</span> <span class='ocrx_word' id='word_1_447' title='bbox 1222 3470 1512 3525; x_wconf 88' lang='lat' dir='ltr'>instanter</span> <span class='ocrx_word' id='word_1_448' title='bbox 1542 3471 1743 3525; x_wconf 90' lang='lat' dir='ltr'>oravit.</span> <span class='ocrx_word' id='word_1_449' title='bbox 1779 3470 1885 3525; x_wconf 87' lang='lat' dir='ltr'>Ju-</span> 
     </span>
    </p>
   </div>
   <div class='ocr_carea' id='block_1_69' title="bbox 220 3558 1883 3630">
    <p class='ocr_par' dir='ltr' id='par_1_69' title="bbox 220 3558 1883 3630">
     <span class='ocr_line' id='line_1_69' title="bbox 220 3558 1883 3630; baseline 0.002 -19"><span class='ocrx_word' id='word_1_450' title='bbox 220 3574 379 3615; x_wconf 85' lang='lat' dir='ltr'>venes</span> <span class='ocrx_word' id='word_1_451' title='bbox 426 3565 637 3614; x_wconf 84' lang='lat' dir='ltr'>autem</span> <span class='ocrx_word' id='word_1_452' title='bbox 692 3558 790 3630; x_wconf 89' lang='lat' dir='ltr'>qui</span> <span class='ocrx_word' id='word_1_453' title='bbox 847 3558 1025 3614; x_wconf 89' lang='lat' dir='ltr'>furati</span> <span class='ocrx_word' id='word_1_454' title='bbox 1075 3575 1242 3615; x_wconf 90' lang='lat' dir='ltr'>ovem</span> <span class='ocrx_word' id='word_1_455' title='bbox 1278 3560 1527 3627; x_wconf 88' lang='lat' dir='ltr'>fuerant,</span> <span class='ocrx_word' id='word_1_456' title='bbox 1551 3560 1676 3629; x_wconf 89' lang='lat' dir='ltr'>jam</span> <span class='ocrx_word' id='word_1_457' title='bbox 1708 3560 1883 3614; x_wconf 88' lang='lat' dir='ltr'>etiam</span> 
     </span>
    </p>
   </div>
   <div class='ocr_carea' id='block_1_70' title="bbox 231 3648 1883 3720">
    <p class='ocr_par' dir='ltr' id='par_1_70' title="bbox 231 3648 1883 3720">
     <span class='ocr_line' id='line_1_70' title="bbox 231 3648 1883 3720; baseline 0.001 -18"><span class='ocrx_word' id='word_1_458' title='bbox 231 3648 569 3704; x_wconf 84' lang='lat' dir='ltr'>occiderant</span> <span class='ocrx_word' id='word_1_459' title='bbox 611 3664 762 3703; x_wconf 87' lang='lat' dir='ltr'>eam.</span> <span class='ocrx_word' id='word_1_460' title='bbox 794 3653 941 3703; x_wconf 91' lang='lat' dir='ltr'>Dum</span> <span class='ocrx_word' id='word_1_461' title='bbox 994 3648 1177 3719; x_wconf 85' lang='lat' dir='ltr'>igitur</span> <span class='ocrx_word' id='word_1_462' title='bbox 1208 3664 1437 3720; x_wconf 88' lang='lat' dir='ltr'>precem</span> <span class='ocrx_word' id='word_1_463' title='bbox 1472 3649 1685 3717; x_wconf 89' lang='lat' dir='ltr'>fundit,</span> <span class='ocrx_word' id='word_1_464' title='bbox 1720 3648 1883 3703; x_wconf 92' lang='lat' dir='ltr'>nullo</span> 
     </span>
    </p>
   </div>
   <div class='ocr_carea' id='block_1_71' title="bbox 226 3738 1883 3810">
    <p class='ocr_par' dir='ltr' id='par_1_71' title="bbox 226 3738 1883 3810">
     <span class='ocr_line' id='line_1_71' title="bbox 226 3738 1883 3810; baseline 0 -18"><span class='ocrx_word' id='word_1_465' title='bbox 226 3738 448 3806; x_wconf 86' lang='lat' dir='ltr'>penitus</span> <span class='ocrx_word' id='word_1_466' title='bbox 480 3738 826 3804; x_wconf 80' lang='lat' dir='ltr'>confitente,</span> <span class='ocrx_word' id='word_1_467' title='bbox 869 3738 1147 3793; x_wconf 90' lang='lat' dir='ltr'>carnibus</span> <span class='ocrx_word' id='word_1_468' title='bbox 1194 3743 1389 3793; x_wconf 89' lang='lat' dir='ltr'>autem</span> <span class='ocrx_word' id='word_1_469' title='bbox 1424 3738 1610 3809; x_wconf 89' lang='lat' dir='ltr'>ipsius</span> <span class='ocrx_word' id='word_1_470' title='bbox 1659 3739 1883 3810; x_wconf 90' lang='lat' dir='ltr'>pecoris</span> 
     </span>
    </p>
   </div>
   <div class='ocr_carea' id='block_1_72' title="bbox 222 3824 1886 3897">
    <p class='ocr_par' dir='ltr' id='par_1_72' title="bbox 222 3824 1886 3897">
     <span class='ocr_line' id='line_1_72' title="bbox 222 3824 1886 3897; baseline -0.001 -17"><span class='ocrx_word' id='word_1_471' title='bbox 222 3824 365 3881; x_wconf 88' lang='lat' dir='ltr'>intra</span> <span class='ocrx_word' id='word_1_472' title='bbox 381 3827 627 3882; x_wconf 86' lang='lat' dir='ltr'>vineam</span> <span class='ocrx_word' id='word_1_473' title='bbox 659 3842 787 3897; x_wconf 77' lang='lat' dir='ltr'>quae</span> <span class='ocrx_word' id='word_1_474' title='bbox 821 3826 1125 3896; x_wconf 86' lang='lat' dir='ltr'>adjacebat</span> <span class='ocrx_word' id='word_1_475' title='bbox 1157 3826 1471 3891; x_wconf 90' lang='lat' dir='ltr'>abstrusis,</span> <span class='ocrx_word' id='word_1_476' title='bbox 1498 3826 1692 3880; x_wconf 90' lang='lat' dir='ltr'>subito</span> <span class='ocrx_word' id='word_1_477' title='bbox 1709 3842 1886 3897; x_wconf 89' lang='lat' dir='ltr'>supra</span> 
     </span>
    </p>
   </div>
   <div class='ocr_carea' id='block_1_73' title="bbox 223 3914 1887 3987">
    <p class='ocr_par' dir='ltr' id='par_1_73' title="bbox 223 3914 1887 3987">
     <span class='ocr_line' id='line_1_73' title="bbox 223 3914 1887 3987; baseline 0.002 -20"><span class='ocrx_word' id='word_1_478' title='bbox 223 3914 367 3987; x_wconf 88' lang='lat' dir='ltr'>ipsas</span> <span class='ocrx_word' id='word_1_479' title='bbox 398 3917 668 3971; x_wconf 88' lang='lat' dir='ltr'>volitans</span> <span class='ocrx_word' id='word_1_480' title='bbox 712 3932 922 3970; x_wconf 89' lang='lat' dir='ltr'>corvus</span> <span class='ocrx_word' id='word_1_481' title='bbox 956 3915 1139 3980; x_wconf 90' lang='lat' dir='ltr'>stetit,</span> <span class='ocrx_word' id='word_1_482' title='bbox 1176 3922 1519 3987; x_wconf 88' lang='lat' dir='ltr'>partemque</span> <span class='ocrx_word' id='word_1_483' title='bbox 1554 3916 1691 3970; x_wconf 90' lang='lat' dir='ltr'>inde</span> <span class='ocrx_word' id='word_1_484' title='bbox 1726 3916 1887 3970; x_wconf 89' lang='lat' dir='ltr'>aufe-</span> 
     </span>
    </p>
   </div>
   <div class='ocr_carea' id='block_1_74' title="bbox 220 4004 1886 4071">
    <p class='ocr_par' dir='ltr' id='par_1_74' title="bbox 220 4004 1886 4071">
     <span class='ocr_line' id='line_1_74' title="bbox 220 4004 1886 4071; baseline 0 -12"><span class='ocrx_word' id='word_1_485' title='bbox 220 4022 342 4061; x_wconf 86' lang='lat' dir='ltr'>rens</span> <span class='ocrx_word' id='word_1_486' title='bbox 372 4005 604 4069; x_wconf 86' lang='lat' dir='ltr'>carnis,</span> <span class='ocrx_word' id='word_1_487' title='bbox 643 4021 852 4060; x_wconf 90' lang='lat' dir='ltr'>rursus</span> <span class='ocrx_word' id='word_1_488' title='bbox 900 4005 1210 4060; x_wconf 86' lang='lat' dir='ltr'>abscessit.</span> <span class='ocrx_word' id='word_1_489' title='bbox 1252 4007 1376 4070; x_wconf 89' lang='lat' dir='ltr'>Quo</span> <span class='ocrx_word' id='word_1_490' title='bbox 1403 4006 1549 4071; x_wconf 91' lang='lat' dir='ltr'>viso,</span> <span class='ocrx_word' id='word_1_491' title='bbox 1587 4004 1684 4059; x_wconf 93' lang='lat' dir='ltr'>ille</span> <span class='ocrx_word' id='word_1_492' title='bbox 1715 4021 1886 4060; x_wconf 87' lang='lat' dir='ltr'>vene-</span> 
     </span>
    </p>
   </div>
   <div class='ocr_carea' id='block_1_75' title="bbox 222 4093 1889 4163">
    <p class='ocr_par' dir='ltr' id='par_1_75' title="bbox 222 4093 1889 4163">
     <span class='ocr_line' id='line_1_75' title="bbox 222 4093 1889 4163; baseline 0 -16"><span class='ocrx_word' id='word_1_493' title='bbox 222 4095 415 4150; x_wconf 83' lang='lat' dir='ltr'>rabilis</span> <span class='ocrx_word' id='word_1_494' title='bbox 449 4110 639 4150; x_wconf 84' lang='lat' dir='ltr'>senex</span> <span class='ocrx_word' id='word_1_495' title='bbox 674 4094 893 4148; x_wconf 87' lang='lat' dir='ltr'>furtum</span> <span class='ocrx_word' id='word_1_496' title='bbox 929 4094 1084 4163; x_wconf 90' lang='lat' dir='ltr'>quod</span> <span class='ocrx_word' id='word_1_497' title='bbox 1120 4093 1419 4148; x_wconf 87' lang='lat' dir='ltr'>celabatur</span> <span class='ocrx_word' id='word_1_498' title='bbox 1480 4094 1722 4147; x_wconf 88' lang='lat' dir='ltr'>invenit.</span> <span class='ocrx_word' id='word_1_499' title='bbox 1759 4094 1889 4147; x_wconf 88' lang='lat' dir='ltr'>Mox</span> 
     </span>
    </p>
   </div>
   <div class='ocr_carea' id='block_1_76' title="bbox 225 4184 1885 4256">
    <p class='ocr_par' dir='ltr' id='par_1_76' title="bbox 225 4184 1885 4256">
     <span class='ocr_line' id='line_1_76' title="bbox 225 4184 1885 4256; baseline 0 -18"><span class='ocrx_word' id='word_1_500' title='bbox 225 4190 411 4241; x_wconf 86' lang='lat' dir='ltr'>autem</span> <span class='ocrx_word' id='word_1_501' title='bbox 451 4186 637 4255; x_wconf 90' lang='lat' dir='ltr'>juves</span> <span class='ocrx_word' id='word_1_502' title='bbox 672 4184 787 4255; x_wconf 91' lang='lat' dir='ltr'>ipsi</span> <span class='ocrx_word' id='word_1_503' title='bbox 820 4184 1163 4239; x_wconf 68' lang='lat' dir='ltr'>confitentes</span> <span class='ocrx_word' id='word_1_504' title='bbox 1198 4184 1498 4256; x_wconf 87' lang='lat' dir='ltr'>preprium</span> <span class='ocrx_word' id='word_1_505' title='bbox 1533 4188 1780 4252; x_wconf 88' lang='lat' dir='ltr'>reatum,</span> <span class='ocrx_word' id='word_1_506' title='bbox 1815 4185 1885 4239; x_wconf 89' lang='lat' dir='ltr'>ad</span> 
     </span>
    </p>
   </div>
   <div class='ocr_carea' id='block_1_77' title="bbox 227 4272 1885 4344">
    <p class='ocr_par' dir='ltr' id='par_1_77' title="bbox 227 4272 1885 4344">
     <span class='ocr_line' id='line_1_77' title="bbox 227 4272 1885 4344; baseline 0 -17"><span class='ocrx_word' id='word_1_507' title='bbox 227 4274 393 4342; x_wconf 86' lang='lat' dir='ltr'>pedes</span> <span class='ocrx_word' id='word_1_508' title='bbox 421 4275 563 4344; x_wconf 87' lang='lat' dir='ltr'>ejus</span> <span class='ocrx_word' id='word_1_509' title='bbox 595 4273 997 4344; x_wconf 89' lang='lat' dir='ltr'>prociderunt.</span> <span class='ocrx_word' id='word_1_510' title='bbox 1031 4274 1075 4327; x_wconf 90' lang='lat' dir='ltr'><strong>A</strong></span> <span class='ocrx_word' id='word_1_511' title='bbox 1106 4274 1323 4343; x_wconf 91' lang='lat' dir='ltr'>quibus</span> <span class='ocrx_word' id='word_1_512' title='bbox 1382 4278 1585 4344; x_wconf 87' lang='lat' dir='ltr'>postea</span> <span class='ocrx_word' id='word_1_513' title='bbox 1634 4272 1885 4343; x_wconf 89' lang='lat' dir='ltr'>pretium</span> 
     </span>
    </p>
   </div>
   <div class='ocr_carea' id='block_1_78' title="bbox 226 4362 1888 4434">
    <p class='ocr_par' dir='ltr' id='par_1_78' title="bbox 226 4362 1888 4434">
     <span class='ocr_line' id='line_1_78' title="bbox 226 4362 1888 4434; baseline 0 -18"><span class='ocrx_word' id='word_1_514' title='bbox 226 4363 370 4432; x_wconf 87' lang='lat' dir='ltr'>quod</span> <span class='ocrx_word' id='word_1_515' title='bbox 396 4365 643 4434; x_wconf 88' lang='lat' dir='ltr'>justum</span> <span class='ocrx_word' id='word_1_516' title='bbox 665 4362 976 4417; x_wconf 88' lang='lat' dir='ltr'>videbatur</span> <span class='ocrx_word' id='word_1_517' title='bbox 1008 4366 1272 4417; x_wconf 88' lang='lat' dir='ltr'>exactum</span> <span class='ocrx_word' id='word_1_518' title='bbox 1300 4366 1407 4432; x_wconf 88' lang='lat' dir='ltr'>est,</span> <span class='ocrx_word' id='word_1_519' title='bbox 1433 4367 1490 4418; x_wconf 90' lang='lat' dir='ltr'>et</span> <span class='ocrx_word' id='word_1_520' title='bbox 1512 4362 1740 4418; x_wconf 91' lang='lat' dir='ltr'>mulieri</span> <span class='ocrx_word' id='word_1_521' title='bbox 1764 4363 1888 4418; x_wconf 88' lang='lat' dir='ltr'>red-</span> 
     </span>
    </p>
   </div>
   <div class='ocr_carea' id='block_1_79' title="bbox 227 4450 430 4509">
    <p class='ocr_par' dir='ltr' id='par_1_79' title="bbox 227 4450 430 4509">
     <span class='ocr_line' id='line_1_79' title="bbox 227 4450 430 4509; baseline 0.015 -5"><span class='ocrx_word' id='word_1_522' title='bbox 227 4450 430 4509; x_wconf 88' lang='lat' dir='ltr'>ditum.</span> 
     </span>
    </p>
   </div>
   <div class='ocr_carea' id='block_1_80' title="bbox 801 4583 1312 4640">
    <p class='ocr_par' dir='ltr' id='par_1_80' title="bbox 801 4583 1312 4640">
     <span class='ocr_line' id='line_1_80' title="bbox 801 4583 1312 4640; baseline 0.004 -3"><span class='ocrx_word' id='word_1_523' title='bbox 801 4583 1025 4640; x_wconf 85' lang='lat' dir='ltr'>CAPUT</span> <span class='ocrx_word' id='word_1_524' title='bbox 1064 4584 1312 4640; x_wconf 67' lang='lat' dir='ltr'>XXXII.</span> 
     </span>
    </p>
   </div>
   <div class='ocr_carea' id='block_1_81' title="bbox 664 4700 1478 4774">
    <p class='ocr_par' dir='ltr' id='par_1_81' title="bbox 664 4700 1478 4774">
     <span class='ocr_line' id='line_1_81' title="bbox 664 4700 1478 4774; baseline -0.004 -17"><span class='ocrx_word' id='word_1_525' title='bbox 664 4702 783 4757; x_wconf 71' lang='lat' dir='ltr'>Vita</span> <span class='ocrx_word' id='word_1_526' title='bbox 813 4700 1125 4758; x_wconf 79' lang='lat' dir='ltr'>Philoromz&#39;</span> <span class='ocrx_word' id='word_1_527' title='bbox 1152 4702 1478 4774; x_wconf 79' lang='lat' dir='ltr'>presbyteri.</span> 
     </span>
    </p>
   </div>
   <div class='ocr_carea' id='block_1_82' title="bbox 296 4836 1893 4918">
    <p class='ocr_par' dir='ltr' id='par_1_82' title="bbox 296 4836 1893 4918">
     <span class='ocr_line' id='line_1_82' title="bbox 296 4836 1893 4918; baseline -0.002 -17"><span class='ocrx_word' id='word_1_528' title='bbox 296 4847 712 4903; x_wconf 85' lang='lat' dir='ltr'>Philoromum</span> <span class='ocrx_word' id='word_1_529' title='bbox 745 4846 984 4901; x_wconf 89' lang='lat' dir='ltr'>nomine</span> <span class='ocrx_word' id='word_1_530' title='bbox 1017 4846 1423 4918; x_wconf 66' lang='lat' dir='ltr'>presbyterum</span> <span class='ocrx_word' id='word_1_531' title='bbox 1484 4845 1801 4915; x_wconf 89' lang='lat' dir='ltr'>quemdam</span> <span class='ocrx_word' id='word_1_532' title='bbox 1834 4836 1893 4898; x_wconf 84' lang='lat' dir='ltr'>in</span> 
     </span>
    </p>
   </div>
   <div class='ocr_carea' id='block_1_83' title="bbox 232 4935 1895 5008">
    <p class='ocr_par' dir='ltr' id='par_1_83' title="bbox 232 4935 1895 5008">
     <span class='ocr_line' id='line_1_83' title="bbox 232 4935 1895 5008; baseline -0.002 -16"><span class='ocrx_word' id='word_1_533' title='bbox 232 4937 463 4994; x_wconf 71' lang='lat' dir='ltr'>Galatiae</span> <span class='ocrx_word' id='word_1_534' title='bbox 531 4936 768 5008; x_wconf 87' lang='lat' dir='ltr'>regione</span> <span class='ocrx_word' id='word_1_535' title='bbox 826 4936 1068 5003; x_wconf 71' lang='lat' dir='ltr'>cognovi</span> <span class='ocrx_word' id='word_1_536' title='bbox 1130 4935 1395 5006; x_wconf 60' lang='lat' dir='ltr'>(Pallad,</span> <span class='ocrx_word' id='word_1_537' title='bbox 1458 4952 1502 4990; x_wconf 89' lang='lat' dir='ltr'>c.</span> <span class='ocrx_word' id='word_1_538' title='bbox 1554 4936 1702 5003; x_wconf 87' lang='grc'>113),</span> <span class='ocrx_word' id='word_1_539' title='bbox 1762 4950 1895 4989; x_wconf 89' lang='lat' dir='ltr'>eum</span> 
     </span>
    </p>
   </div>
   <div class='ocr_carea' id='block_1_84' title="bbox 232 5024 1895 5097">
    <p class='ocr_par' dir='ltr' id='par_1_84' title="bbox 232 5024 1895 5097">
     <span class='ocr_line' id='line_1_84' title="bbox 232 5024 1895 5097; baseline -0.002 -16"><span class='ocrx_word' id='word_1_540' title='bbox 232 5042 340 5097; x_wconf 89' lang='lat' dir='ltr'>quo</span> <span class='ocrx_word' id='word_1_541' title='bbox 373 5026 569 5083; x_wconf 90' lang='lat' dir='ltr'>multo</span> <span class='ocrx_word' id='word_1_542' title='bbox 601 5026 775 5080; x_wconf 86' lang='lat' dir='ltr'>etiam</span> <span class='ocrx_word' id='word_1_543' title='bbox 808 5028 1069 5095; x_wconf 89' lang='lat' dir='ltr'>tempore</span> <span class='ocrx_word' id='word_1_544' title='bbox 1098 5025 1201 5079; x_wconf 86' lang='lat' dir='ltr'>fui.</span> <span class='ocrx_word' id='word_1_545' title='bbox 1233 5027 1415 5090; x_wconf 88' lang='lat' dir='ltr'>Quem</span> <span class='ocrx_word' id='word_1_546' title='bbox 1443 5024 1633 5079; x_wconf 90' lang='lat' dir='ltr'>virum</span> <span class='ocrx_word' id='word_1_547' title='bbox 1670 5024 1895 5095; x_wconf 90' lang='lat' dir='ltr'>patien-</span> 
     </span>
    </p>
   </div>
   <div class='ocr_carea' id='block_1_85' title="bbox 230 5113 1900 5185">
    <p class='ocr_par' dir='ltr' id='par_1_85' title="bbox 230 5113 1900 5185">
     <span class='ocr_line' id='line_1_85' title="bbox 230 5113 1900 5185; baseline 0 -17"><span class='ocrx_word' id='word_1_548' title='bbox 230 5114 471 5171; x_wconf 62' lang='lat' dir='ltr'>tissima;</span> <span class='ocrx_word' id='word_1_549' title='bbox 531 5115 715 5170; x_wconf 91' lang='lat' dir='ltr'>fuisse</span> <span class='ocrx_word' id='word_1_550' title='bbox 757 5113 1008 5179; x_wconf 88' lang='lat' dir='ltr'>virtutis,</span> <span class='ocrx_word' id='word_1_551' title='bbox 1062 5130 1128 5168; x_wconf 90' lang='lat' dir='ltr'>ac</span> <span class='ocrx_word' id='word_1_552' title='bbox 1176 5115 1499 5185; x_wconf 91' lang='lat' dir='ltr'>perfectum</span> <span class='ocrx_word' id='word_1_553' title='bbox 1552 5130 1652 5184; x_wconf 92' lang='lat' dir='ltr'>per</span> <span class='ocrx_word' id='word_1_554' title='bbox 1701 5114 1900 5168; x_wconf 89' lang='lat' dir='ltr'>omnia</span> 
     </span>
    </p>
   </div>
   <div class='ocr_carea' id='block_1_86' title="bbox 234 5202 1895 5274">
    <p class='ocr_par' dir='ltr' id='par_1_86' title="bbox 234 5202 1895 5274">
     <span class='ocr_line' id='line_1_86' title="bbox 234 5202 1895 5274; baseline 0.001 -17"><span class='ocrx_word' id='word_1_555' title='bbox 234 5204 595 5259; x_wconf 86' lang='lat' dir='ltr'>monachum</span> <span class='ocrx_word' id='word_1_556' title='bbox 630 5202 1137 5274; x_wconf 74' lang='lat' dir='ltr'>comprobavi,qui</span> <span class='ocrx_word' id='word_1_557' title='bbox 1175 5218 1243 5257; x_wconf 87' lang='lat' dir='ltr'>ex</span> <span class='ocrx_word' id='word_1_558' title='bbox 1274 5202 1485 5258; x_wconf 88' lang='lat' dir='ltr'>ancilla</span> <span class='ocrx_word' id='word_1_559' title='bbox 1515 5203 1751 5273; x_wconf 89' lang='lat' dir='ltr'>quidem</span> <span class='ocrx_word' id='word_1_560' title='bbox 1780 5219 1895 5258; x_wconf 88' lang='lat' dir='ltr'>ma-</span> 
     </span>
    </p>
   </div>
   <div class='ocr_carea' id='block_1_87' title="bbox 232 5293 1898 5365">
    <p class='ocr_par' dir='ltr' id='par_1_87' title="bbox 232 5293 1898 5365">
     <span class='ocr_line' id='line_1_87' title="bbox 232 5293 1898 5365; baseline 0 -19"><span class='ocrx_word' id='word_1_561' title='bbox 232 5294 688 5363; x_wconf 87' lang='lat' dir='ltr'>tre,abingenuo</span> <span class='ocrx_word' id='word_1_562' title='bbox 711 5296 905 5347; x_wconf 87' lang='lat' dir='ltr'>tamen</span> <span class='ocrx_word' id='word_1_563' title='bbox 930 5297 1094 5362; x_wconf 90' lang='lat' dir='ltr'>patre</span> <span class='ocrx_word' id='word_1_564' title='bbox 1124 5293 1308 5347; x_wconf 88' lang='lat' dir='ltr'>fuerat</span> <span class='ocrx_word' id='word_1_565' title='bbox 1334 5294 1898 5365; x_wconf 69' lang='lat' dir='ltr'>procreatusTantaa</span> 
     </span>
    </p>
   </div>
   <div class='ocr_carea' id='block_1_88' title="bbox 231 5379 1898 5453">
    <p class='ocr_par' dir='ltr' id='par_1_88' title="bbox 231 5379 1898 5453">
     <span class='ocr_line' id='line_1_88' title="bbox 231 5379 1898 5453; baseline 0 -17"><span class='ocrx_word' id='word_1_566' title='bbox 231 5388 425 5438; x_wconf 86' lang='lat' dir='ltr'>autem</span> <span class='ocrx_word' id='word_1_567' title='bbox 457 5379 925 5437; x_wconf 91' lang='lat' dir='ltr'>conversationis</span> <span class='ocrx_word' id='word_1_568' title='bbox 942 5380 1307 5438; x_wconf 90' lang='lat' dir='ltr'>etlibertatis</span> <span class='ocrx_word' id='word_1_569' title='bbox 1335 5400 1463 5453; x_wconf 79' lang='lat' dir='ltr'>quae</span> <span class='ocrx_word' id='word_1_570' title='bbox 1492 5383 1563 5437; x_wconf 75' lang='lat' dir='ltr'>ad</span> <span class='ocrx_word' id='word_1_571' title='bbox 1598 5381 1898 5437; x_wconf 90' lang='lat' dir='ltr'>Christum</span> 
     </span>
    </p>
   </div>
   <div class='ocr_carea' id='block_1_89' title="bbox 229 5470 1901 5545">
    <p class='ocr_par' dir='ltr' id='par_1_89' title="bbox 229 5470 1901 5545">
     <span class='ocr_line' id='line_1_89' title="bbox 229 5470 1901 5545; baseline 0 -19"><span class='ocrx_word' id='word_1_572' title='bbox 229 5473 491 5542; x_wconf 87' lang='lat' dir='ltr'>pertinet</span> <span class='ocrx_word' id='word_1_573' title='bbox 518 5471 647 5537; x_wconf 86' lang='lat' dir='ltr'>fuit,</span> <span class='ocrx_word' id='word_1_574' title='bbox 668 5475 734 5526; x_wconf 90' lang='lat' dir='ltr'>ut</span> <span class='ocrx_word' id='word_1_575' title='bbox 762 5470 939 5526; x_wconf 89' lang='lat' dir='ltr'>etiam</span> <span class='ocrx_word' id='word_1_576' title='bbox 974 5471 1059 5526; x_wconf 89' lang='lat' dir='ltr'>illi</span> <span class='ocrx_word' id='word_1_577' title='bbox 1093 5473 1193 5544; x_wconf 89' lang='lat' dir='ltr'>qui</span> <span class='ocrx_word' id='word_1_578' title='bbox 1224 5472 1530 5528; x_wconf 86' lang='lat' dir='ltr'>nobilitate</span> <span class='ocrx_word' id='word_1_579' title='bbox 1562 5472 1792 5545; x_wconf 90' lang='lat' dir='ltr'>generis</span> <span class='ocrx_word' id='word_1_580' title='bbox 1815 5472 1901 5526; x_wconf 84' lang='lat' dir='ltr'>in-</span> 
     </span>
    </p>
   </div>
   <div class='ocr_carea' id='block_1_90' title="bbox 234 5558 1903 5633">
    <p class='ocr_par' dir='ltr' id='par_1_90' title="bbox 234 5558 1903 5633">
     <span class='ocr_line' id='line_1_90' title="bbox 234 5558 1903 5633; baseline -0.001 -16"><span class='ocrx_word' id='word_1_581' title='bbox 234 5558 613 5631; x_wconf 86' lang='lat' dir='ltr'>superabiles</span> <span class='ocrx_word' id='word_1_582' title='bbox 657 5559 1031 5631; x_wconf 88' lang='lat' dir='ltr'>videbantur,</span> <span class='ocrx_word' id='word_1_583' title='bbox 1065 5560 1477 5618; x_wconf 89' lang='lat' dir='ltr'>erubescerent</span> <span class='ocrx_word' id='word_1_584' title='bbox 1504 5577 1571 5617; x_wconf 89' lang='lat' dir='ltr'>ac</span> <span class='ocrx_word' id='word_1_585' title='bbox 1598 5564 1903 5633; x_wconf 86' lang='lat' dir='ltr'>stuperent</span> 
     </span>
    </p>
   </div>
   <div class='ocr_carea' id='block_1_91' title="bbox 233 5650 1087 5723">
    <p class='ocr_par' dir='ltr' id='par_1_91' title="bbox 233 5650 1087 5723">
     <span class='ocr_line' id='line_1_91' title="bbox 233 5650 1087 5723; baseline -0.007 -11"><span class='ocrx_word' id='word_1_586' title='bbox 233 5665 430 5713; x_wconf 82' lang='lat' dir='ltr'>mores</span> <span class='ocrx_word' id='word_1_587' title='bbox 455 5650 593 5722; x_wconf 83' lang='lat' dir='ltr'>ejus</span> <span class='ocrx_word' id='word_1_588' title='bbox 617 5654 792 5723; x_wconf 87' lang='lat' dir='ltr'>atque</span> <span class='ocrx_word' id='word_1_589' title='bbox 822 5650 1087 5708; x_wconf 86' lang='lat' dir='ltr'>virtutes.</span> 
     </span>
    </p>
   </div>
   <div class='ocr_carea' id='block_1_92' title="bbox 1997 3295 2564 3366">
    <p class='ocr_par' dir='ltr' id='par_1_92' title="bbox 1997 3295 2564 3366">
     <span class='ocr_line' id='line_1_92' title="bbox 1997 3295 2564 3366; baseline 0.002 -20"><span class='ocrx_word' id='word_1_590' title='bbox 1997 3295 2161 3366; x_wconf 87' lang='lat' dir='ltr'>ginta</span> <span class='ocrx_word' id='word_1_591' title='bbox 2191 3310 2377 3349; x_wconf 91' lang='lat' dir='ltr'>annos</span> <span class='ocrx_word' id='word_1_592' title='bbox 2410 3298 2564 3365; x_wconf 90' lang='lat' dir='ltr'>agat.</span> 
     </span>
    </p>
   </div>
   <div class='ocr_carea' id='block_1_93' title="bbox 2070 3379 3647 3453">
    <p class='ocr_par' dir='ltr' id='par_1_93' title="bbox 2070 3379 3647 3453">
     <span class='ocr_line' id='line_1_93' title="bbox 2070 3379 3647 3453; baseline -0.003 -16"><span class='ocrx_word' id='word_1_593' title='bbox 2070 3384 2307 3437; x_wconf 85' lang='lat' dir='ltr'>Dicebat</span> <span class='ocrx_word' id='word_1_594' title='bbox 2338 3383 2447 3437; x_wconf 89' lang='lat' dir='ltr'>hoc</span> <span class='ocrx_word' id='word_1_595' title='bbox 2478 3382 2656 3437; x_wconf 90' lang='lat' dir='ltr'>etiam</span> <span class='ocrx_word' id='word_1_596' title='bbox 2685 3382 2809 3453; x_wconf 90' lang='lat' dir='ltr'>ipse</span> <span class='ocrx_word' id='word_1_597' title='bbox 2842 3380 3242 3446; x_wconf 88' lang='lat' dir='ltr'>beatissimus,</span> <span class='ocrx_word' id='word_1_598' title='bbox 3267 3379 3420 3450; x_wconf 90' lang='lat' dir='ltr'>quod</span> <span class='ocrx_word' id='word_1_599' title='bbox 3446 3396 3513 3433; x_wconf 85' lang='lat' dir='ltr'>ex</span> <span class='ocrx_word' id='word_1_600' title='bbox 3534 3395 3647 3448; x_wconf 89' lang='lat' dir='ltr'>quo</span> 
     </span>
    </p>
   </div>
   <div class='ocr_carea' id='block_1_94' title="bbox 1998 3466 3650 3543">
    <p class='ocr_par' dir='ltr' id='par_1_94' title="bbox 1998 3466 3650 3543">
     <span class='ocr_line' id='line_1_94' title="bbox 1998 3466 3650 3543; baseline -0.004 -16"><span class='ocrx_word' id='word_1_601' title='bbox 1998 3473 2317 3543; x_wconf 85' lang='lat' dir='ltr'>accepisset</span> <span class='ocrx_word' id='word_1_602' title='bbox 2348 3472 2645 3527; x_wconf 87' lang='lat' dir='ltr'>lavacrum</span> <span class='ocrx_word' id='word_1_603' title='bbox 2678 3470 3160 3543; x_wconf 90' lang='lat' dir='ltr'>regenerationis,</span> <span class='ocrx_word' id='word_1_604' title='bbox 3186 3474 3360 3542; x_wconf 90' lang='lat' dir='ltr'>atque</span> <span class='ocrx_word' id='word_1_605' title='bbox 3388 3466 3650 3540; x_wconf 82' lang='lat' dir='ltr'>mysterii</span> 
     </span>
    </p>
   </div>
   <div class='ocr_carea' id='block_1_95' title="bbox 1996 3557 3650 3635">
    <p class='ocr_par' dir='ltr' id='par_1_95' title="bbox 1996 3557 3650 3635">
     <span class='ocr_line' id='line_1_95' title="bbox 1996 3557 3650 3635; baseline -0.003 -19"><span class='ocrx_word' id='word_1_606' title='bbox 1996 3563 2245 3635; x_wconf 89' lang='lat' dir='ltr'>gratiam</span> <span class='ocrx_word' id='word_1_607' title='bbox 2278 3561 2629 3633; x_wconf 89' lang='lat' dir='ltr'>spiritualis,</span> <span class='ocrx_word' id='word_1_608' title='bbox 2657 3578 2842 3633; x_wconf 89' lang='lat' dir='ltr'>usque</span> <span class='ocrx_word' id='word_1_609' title='bbox 2865 3560 2923 3615; x_wconf 92' lang='lat' dir='ltr'>in</span> <span class='ocrx_word' id='word_1_610' title='bbox 2949 3563 3296 3631; x_wconf 68' lang='lat' dir='ltr'>praesentem</span> <span class='ocrx_word' id='word_1_611' title='bbox 3329 3557 3650 3627; x_wconf 85' lang='lat' dir='ltr'>diem,sine</span> 
     </span>
    </p>
   </div>
   <div class='ocr_carea' id='block_1_96' title="bbox 2000 3647 3650 3722">
    <p class='ocr_par' dir='ltr' id='par_1_96' title="bbox 2000 3647 3650 3722">
     <span class='ocr_line' id='line_1_96' title="bbox 2000 3647 3650 3722; baseline -0.003 -16"><span class='ocrx_word' id='word_1_612' title='bbox 2000 3669 2178 3707; x_wconf 90' lang='lat' dir='ltr'>causa</span> <span class='ocrx_word' id='word_1_613' title='bbox 2200 3668 2260 3706; x_wconf 88' lang='lat' dir='ltr'>se</span> <span class='ocrx_word' id='word_1_614' title='bbox 2284 3650 2525 3706; x_wconf 88' lang='lat' dir='ltr'>alterius</span> <span class='ocrx_word' id='word_1_615' title='bbox 2540 3669 2687 3722; x_wconf 89' lang='lat' dir='ltr'>pane</span> <span class='ocrx_word' id='word_1_616' title='bbox 2703 3667 2874 3706; x_wconf 89' lang='lat' dir='ltr'>usum</span> <span class='ocrx_word' id='word_1_617' title='bbox 2893 3651 3073 3705; x_wconf 90' lang='lat' dir='ltr'>fuisse</span> <span class='ocrx_word' id='word_1_618' title='bbox 3088 3647 3359 3715; x_wconf 88' lang='lat' dir='ltr'>nesciret;</span> <span class='ocrx_word' id='word_1_619' title='bbox 3380 3647 3478 3703; x_wconf 91' lang='lat' dir='ltr'>sed</span> <span class='ocrx_word' id='word_1_620' title='bbox 3496 3648 3650 3717; x_wconf 90' lang='lat' dir='ltr'>quod</span> 
     </span>
    </p>
   </div>
   <div class='ocr_carea' id='block_1_97' title="bbox 2002 3740 3652 3813">
    <p class='ocr_par' dir='ltr' id='par_1_97' title="bbox 2002 3740 3652 3813">
     <span class='ocr_line' id='line_1_97' title="bbox 2002 3740 3652 3813; baseline -0.004 -16"><span class='ocrx_word' id='word_1_621' title='bbox 2002 3759 2069 3797; x_wconf 88' lang='lat' dir='ltr'>ex</span> <span class='ocrx_word' id='word_1_622' title='bbox 2091 3742 2391 3797; x_wconf 89' lang='lat' dir='ltr'>laboribus</span> <span class='ocrx_word' id='word_1_623' title='bbox 2421 3742 2696 3813; x_wconf 88' lang='lat' dir='ltr'>propriis,</span> <span class='ocrx_word' id='word_1_624' title='bbox 2722 3740 2892 3797; x_wconf 91' lang='lat' dir='ltr'>sicuti</span> <span class='ocrx_word' id='word_1_625' title='bbox 2924 3741 3273 3813; x_wconf 88' lang='lat' dir='ltr'>persuadere</span> <span class='ocrx_word' id='word_1_626' title='bbox 3308 3743 3443 3793; x_wconf 83' lang='lat' dir='ltr'>ante</span> <span class='ocrx_word' id='word_1_627' title='bbox 3475 3742 3652 3792; x_wconf 87' lang='lat' dir='ltr'>Deum</span> 
     </span>
    </p>
   </div>
   <div class='ocr_carea' id='block_1_98' title="bbox 2002 3826 3650 3902">
    <p class='ocr_par' dir='ltr' id='par_1_98' title="bbox 2002 3826 3650 3902">
     <span class='ocr_line' id='line_1_98' title="bbox 2002 3826 3650 3902; baseline -0.002 -17"><span class='ocrx_word' id='word_1_628' title='bbox 2002 3831 2172 3886; x_wconf 86' lang='lat' dir='ltr'>nobis</span> <span class='ocrx_word' id='word_1_629' title='bbox 2213 3830 2454 3895; x_wconf 84' lang='lat' dir='ltr'>solebat,</span> <span class='ocrx_word' id='word_1_630' title='bbox 2491 3832 2774 3885; x_wconf 79' lang='lat' dir='ltr'>ducentos</span> <span class='ocrx_word' id='word_1_631' title='bbox 2817 3830 3246 3902; x_wconf 87' lang='lat' dir='ltr'>quinquaginta</span> <span class='ocrx_word' id='word_1_632' title='bbox 3286 3827 3506 3883; x_wconf 91' lang='lat' dir='ltr'>solidos</span> <span class='ocrx_word' id='word_1_633' title='bbox 3536 3826 3650 3881; x_wconf 92' lang='lat' dir='ltr'>ele-</span> 
     </span>
    </p>
   </div>
   <div class='ocr_carea' id='block_1_99' title="bbox 2001 3918 3650 3991">
    <p class='ocr_par' dir='ltr' id='par_1_99' title="bbox 2001 3918 3650 3991">
     <span class='ocr_line' id='line_1_99' title="bbox 2001 3918 3650 3991; baseline -0.002 -17"><span class='ocrx_word' id='word_1_634' title='bbox 2001 3919 2307 3991; x_wconf 84' lang='lat' dir='ltr'>phantioso</span> <span class='ocrx_word' id='word_1_635' title='bbox 2344 3920 2742 3975; x_wconf 83' lang='lat' dir='ltr'>laborantibus</span> <span class='ocrx_word' id='word_1_636' title='bbox 2793 3921 2996 3974; x_wconf 93' lang='lat' dir='ltr'>morbo</span> <span class='ocrx_word' id='word_1_637' title='bbox 3046 3918 3325 3984; x_wconf 90' lang='lat' dir='ltr'>dedisset,</span> <span class='ocrx_word' id='word_1_638' title='bbox 3358 3934 3650 3971; x_wconf 52' lang='lat' dir='ltr'>memora.</span> 
     </span>
    </p>
   </div>
   <div class='ocr_carea' id='block_1_100' title="bbox 2002 4003 3650 4079">
    <p class='ocr_par' dir='ltr' id='par_1_100' title="bbox 2002 4003 3650 4079">
     <span class='ocr_line' id='line_1_100' title="bbox 2002 4003 3650 4079; baseline -0.004 -16"><span class='ocrx_word' id='word_1_639' title='bbox 2002 4014 2240 4078; x_wconf 86' lang='lat' dir='ltr'>tamque</span> <span class='ocrx_word' id='word_1_640' title='bbox 2256 4008 2563 4079; x_wconf 90' lang='lat' dir='ltr'>pecuniam</span> <span class='ocrx_word' id='word_1_641' title='bbox 2582 4025 2692 4062; x_wconf 94' lang='lat' dir='ltr'>non</span> <span class='ocrx_word' id='word_1_642' title='bbox 2708 4024 2775 4061; x_wconf 88' lang='lat' dir='ltr'>ex</span> <span class='ocrx_word' id='word_1_643' title='bbox 2789 4008 3134 4077; x_wconf 86' lang='lat' dir='ltr'>cujusquam</span> <span class='ocrx_word' id='word_1_644' title='bbox 3165 4005 3405 4059; x_wconf 85' lang='lat' dir='ltr'>alterius</span> <span class='ocrx_word' id='word_1_645' title='bbox 3428 4005 3514 4059; x_wconf 89' lang='lat' dir='ltr'>vel</span> <span class='ocrx_word' id='word_1_646' title='bbox 3541 4003 3650 4057; x_wconf 90' lang='lat' dir='ltr'>levi</span> 
     </span>
    </p>
   </div>
   <div class='ocr_carea' id='block_1_101' title="bbox 2001 4092 3647 4165">
    <p class='ocr_par' dir='ltr' id='par_1_101' title="bbox 2001 4092 3647 4165">
     <span class='ocr_line' id='line_1_101' title="bbox 2001 4092 3647 4165; baseline -0.004 -14"><span class='ocrx_word' id='word_1_647' title='bbox 2001 4097 2342 4165; x_wconf 87' lang='lat' dir='ltr'>damno,sed</span> <span class='ocrx_word' id='word_1_648' title='bbox 2359 4111 2426 4150; x_wconf 85' lang='lat' dir='ltr'>ex</span> <span class='ocrx_word' id='word_1_649' title='bbox 2441 4112 2976 4151; x_wconf 88' lang='lat' dir='ltr'>manuumsuarum</span> <span class='ocrx_word' id='word_1_650' title='bbox 2998 4094 3268 4163; x_wconf 85' lang='lat' dir='ltr'>operibus</span> <span class='ocrx_word' id='word_1_651' title='bbox 3284 4092 3647 4164; x_wconf 72' lang='lat' dir='ltr'>praestitisse.</span> 
     </span>
    </p>
   </div>
   <div class='ocr_carea' id='block_1_102' title="bbox 2073 4182 3649 4257">
    <p class='ocr_par' dir='ltr' id='par_1_102' title="bbox 2073 4182 3649 4257">
     <span class='ocr_line' id='line_1_102' title="bbox 2073 4182 3649 4257; baseline -0.005 -17"><span class='ocrx_word' id='word_1_652' title='bbox 2073 4186 2178 4251; x_wconf 88' lang='lat' dir='ltr'>Qui</span> <span class='ocrx_word' id='word_1_653' title='bbox 2205 4186 2474 4257; x_wconf 86' lang='lat' dir='ltr'>pedester</span> <span class='ocrx_word' id='word_1_654' title='bbox 2505 4186 2614 4240; x_wconf 88' lang='lat' dir='ltr'>iter</span> <span class='ocrx_word' id='word_1_655' title='bbox 2644 4201 2815 4239; x_wconf 90' lang='lat' dir='ltr'>omne</span> <span class='ocrx_word' id='word_1_656' title='bbox 2838 4184 3174 4251; x_wconf 84' lang='lat' dir='ltr'>conﬁciens,</span> <span class='ocrx_word' id='word_1_657' title='bbox 3194 4182 3436 4236; x_wconf 84' lang='lat' dir='ltr'>Romam</span> <span class='ocrx_word' id='word_1_658' title='bbox 3464 4194 3649 4250; x_wconf 90' lang='lat' dir='ltr'>usque</span> 
     </span>
    </p>
   </div>
   <div class='ocr_carea' id='block_1_103' title="bbox 2004 4270 3650 4345">
    <p class='ocr_par' dir='ltr' id='par_1_103' title="bbox 2004 4270 3650 4345">
     <span class='ocr_line' id='line_1_103' title="bbox 2004 4270 3650 4345; baseline -0.005 -16"><span class='ocrx_word' id='word_1_659' title='bbox 2004 4274 2464 4345; x_wconf 84' lang='lat' dir='ltr'>pervenit,atque</span> <span class='ocrx_word' id='word_1_660' title='bbox 2485 4274 2541 4327; x_wconf 92' lang='lat' dir='ltr'>in</span> <span class='ocrx_word' id='word_1_661' title='bbox 2567 4272 2815 4328; x_wconf 86' lang='lat' dir='ltr'>ecclesia</span> <span class='ocrx_word' id='word_1_662' title='bbox 2836 4272 3025 4327; x_wconf 88' lang='lat' dir='ltr'>sancti</span> <span class='ocrx_word' id='word_1_663' title='bbox 3050 4272 3198 4327; x_wconf 89' lang='lat' dir='ltr'>Petri</span> <span class='ocrx_word' id='word_1_664' title='bbox 3225 4270 3499 4340; x_wconf 88' lang='lat' dir='ltr'>Paulique</span> <span class='ocrx_word' id='word_1_665' title='bbox 3521 4284 3650 4322; x_wconf 85' lang='lat' dir='ltr'>ora-</span> 
     </span>
    </p>
   </div>
   <div class='ocr_carea' id='block_1_104' title="bbox 2000 4359 3653 4430">
    <p class='ocr_par' dir='ltr' id='par_1_104' title="bbox 2000 4359 3653 4430">
     <span class='ocr_line' id='line_1_104' title="bbox 2000 4359 3653 4430; baseline -0.005 -12"><span class='ocrx_word' id='word_1_666' title='bbox 2000 4364 2261 4418; x_wconf 90' lang='lat' dir='ltr'>tionibus</span> <span class='ocrx_word' id='word_1_667' title='bbox 2288 4363 2474 4429; x_wconf 86' lang='lat' dir='ltr'>factis,</span> <span class='ocrx_word' id='word_1_668' title='bbox 2503 4379 2709 4417; x_wconf 90' lang='lat' dir='ltr'>rursus</span> <span class='ocrx_word' id='word_1_669' title='bbox 2740 4363 2812 4417; x_wconf 87' lang='lat' dir='ltr'>ad</span> <span class='ocrx_word' id='word_1_670' title='bbox 2850 4360 3252 4416; x_wconf 83' lang='lat' dir='ltr'>Alexandriam</span> <span class='ocrx_word' id='word_1_671' title='bbox 3288 4359 3553 4430; x_wconf 88' lang='lat' dir='ltr'>pedester</span> <span class='ocrx_word' id='word_1_672' title='bbox 3571 4372 3653 4410; x_wconf 92' lang='lat' dir='ltr'>re—</span> 
     </span>
    </p>
   </div>
   <div class='ocr_carea' id='block_1_105' title="bbox 2002 4446 3652 4521">
    <p class='ocr_par' dir='ltr' id='par_1_105' title="bbox 2002 4446 3652 4521">
     <span class='ocr_line' id='line_1_105' title="bbox 2002 4446 3652 4521; baseline -0.002 -16"><span class='ocrx_word' id='word_1_673' title='bbox 2002 4450 2235 4518; x_wconf 90' lang='lat' dir='ltr'>meavit;</span> <span class='ocrx_word' id='word_1_674' title='bbox 2264 4451 2361 4505; x_wconf 92' lang='lat' dir='ltr'>ubi</span> <span class='ocrx_word' id='word_1_675' title='bbox 2385 4451 2595 4505; x_wconf 89' lang='lat' dir='ltr'>iterum</span> <span class='ocrx_word' id='word_1_676' title='bbox 2623 4467 2850 4521; x_wconf 91' lang='lat' dir='ltr'>precem</span> <span class='ocrx_word' id='word_1_677' title='bbox 2877 4449 3027 4504; x_wconf 84' lang='lat' dir='ltr'>fudit</span> <span class='ocrx_word' id='word_1_678' title='bbox 3047 4447 3105 4503; x_wconf 91' lang='lat' dir='ltr'>in</span> <span class='ocrx_word' id='word_1_679' title='bbox 3122 4447 3364 4503; x_wconf 90' lang='lat' dir='ltr'>basilica</span> <span class='ocrx_word' id='word_1_680' title='bbox 3378 4446 3652 4518; x_wconf 70' lang='lat' dir='ltr'>martyris</span> 
     </span>
    </p>
   </div>
   <div class='ocr_carea' id='block_1_106' title="bbox 2002 4534 3651 4611">
    <p class='ocr_par' dir='ltr' id='par_1_106' title="bbox 2002 4534 3651 4611">
     <span class='ocr_line' id='line_1_106' title="bbox 2002 4534 3651 4611; baseline -0.003 -19"><span class='ocrx_word' id='word_1_681' title='bbox 2002 4539 2381 4611; x_wconf 77' lang='lat' dir='ltr'>Evangelistae</span> <span class='ocrx_word' id='word_1_682' title='bbox 2408 4538 3002 4610; x_wconf 74' lang='lat' dir='ltr'>Marci.Jerosolymaa</span> <span class='ocrx_word' id='word_1_683' title='bbox 3035 4538 3208 4593; x_wconf 88' lang='lat' dir='ltr'>etiam</span> <span class='ocrx_word' id='word_1_684' title='bbox 3242 4534 3497 4591; x_wconf 89' lang='lat' dir='ltr'>secundo</span> <span class='ocrx_word' id='word_1_685' title='bbox 3523 4534 3651 4603; x_wconf 87' lang='lat' dir='ltr'>fuit,</span> 
     </span>
    </p>
   </div>
   <div class='ocr_carea' id='block_1_107' title="bbox 2003 4626 3657 4701">
    <p class='ocr_par' dir='ltr' id='par_1_107' title="bbox 2003 4626 3657 4701">
     <span class='ocr_line' id='line_1_107' title="bbox 2003 4626 3657 4701; baseline -0.004 -18"><span class='ocrx_word' id='word_1_686' title='bbox 2003 4647 2107 4701; x_wconf 92' lang='lat' dir='ltr'>pro</span> <span class='ocrx_word' id='word_1_687' title='bbox 2131 4629 2352 4685; x_wconf 91' lang='lat' dir='ltr'>honore</span> <span class='ocrx_word' id='word_1_688' title='bbox 2375 4634 2713 4685; x_wconf 87' lang='lat' dir='ltr'>sanctorum</span> <span class='ocrx_word' id='word_1_689' title='bbox 2736 4628 3021 4695; x_wconf 89' lang='lat' dir='ltr'>locorum,</span> <span class='ocrx_word' id='word_1_690' title='bbox 3038 4626 3407 4700; x_wconf 88' lang='lat' dir='ltr'>propriisque</span> <span class='ocrx_word' id='word_1_691' title='bbox 3424 4640 3657 4695; x_wconf 89' lang='lat' dir='ltr'>semper</span> 
     </span>
    </p>
   </div>
   <div class='ocr_carea' id='block_1_108' title="bbox 2004 4712 3654 4791">
    <p class='ocr_par' dir='ltr' id='par_1_108' title="bbox 2004 4712 3654 4791">
     <span class='ocr_line' id='line_1_108' title="bbox 2004 4712 3654 4791; baseline -0.005 -16"><span class='ocrx_word' id='word_1_692' title='bbox 2004 4719 2344 4791; x_wconf 89' lang='lat' dir='ltr'>sumptibus</span> <span class='ocrx_word' id='word_1_693' title='bbox 2365 4735 2431 4774; x_wconf 89' lang='lat' dir='ltr'>ac</span> <span class='ocrx_word' id='word_1_694' title='bbox 2455 4719 2700 4790; x_wconf 92' lang='lat' dir='ltr'>pedibus</span> <span class='ocrx_word' id='word_1_695' title='bbox 2732 4726 3016 4790; x_wconf 81' lang='lat' dir='ltr'>martyres</span> <span class='ocrx_word' id='word_1_696' title='bbox 3050 4721 3281 4773; x_wconf 89' lang='lat' dir='ltr'>sanctos</span> <span class='ocrx_word' id='word_1_697' title='bbox 3298 4715 3355 4768; x_wconf 92' lang='lat' dir='ltr'>in</span> <span class='ocrx_word' id='word_1_698' title='bbox 3377 4712 3654 4769; x_wconf 88' lang='lat' dir='ltr'>omnibus</span> 
     </span>
    </p>
   </div>
   <div class='ocr_carea' id='block_1_109' title="bbox 2005 4803 3655 4874">
    <p class='ocr_par' dir='ltr' id='par_1_109' title="bbox 2005 4803 3655 4874">
     <span class='ocr_line' id='line_1_109' title="bbox 2005 4803 3655 4874; baseline -0.005 -8"><span class='ocrx_word' id='word_1_699' title='bbox 2005 4810 2363 4866; x_wconf 79' lang='lat' dir='ltr'>sufficienter</span> <span class='ocrx_word' id='word_1_700' title='bbox 2392 4808 2717 4864; x_wconf 88' lang='lat' dir='ltr'>honoravit.</span> <span class='ocrx_word' id='word_1_701' title='bbox 2743 4809 2848 4874; x_wconf 87' lang='lat' dir='ltr'>Qui</span> <span class='ocrx_word' id='word_1_702' title='bbox 2870 4814 2927 4863; x_wconf 90' lang='lat' dir='ltr'>et</span> <span class='ocrx_word' id='word_1_703' title='bbox 2947 4809 3055 4862; x_wconf 90' lang='lat' dir='ltr'>hoc</span> <span class='ocrx_word' id='word_1_704' title='bbox 3078 4808 3147 4862; x_wconf 89' lang='lat' dir='ltr'>ad</span> <span class='ocrx_word' id='word_1_705' title='bbox 3183 4809 3443 4861; x_wconf 89' lang='lat' dir='ltr'>nostram</span> <span class='ocrx_word' id='word_1_706' title='bbox 3474 4803 3655 4859; x_wconf 61' lang='lat' dir='ltr'>aedili-</span> 
     </span>
    </p>
   </div>
   <div class='ocr_carea' id='block_1_110' title="bbox 2007 4894 3658 4970">
    <p class='ocr_par' dir='ltr' id='par_1_110' title="bbox 2007 4894 3658 4970">
     <span class='ocr_line' id='line_1_110' title="bbox 2007 4894 3658 4970; baseline -0.004 -16"><span class='ocrx_word' id='word_1_707' title='bbox 2007 4900 2295 4955; x_wconf 91' lang='lat' dir='ltr'>cationem</span> <span class='ocrx_word' id='word_1_708' title='bbox 2330 4916 2482 4970; x_wconf 71' lang='lat' dir='ltr'>saepe</span> <span class='ocrx_word' id='word_1_709' title='bbox 2512 4900 2759 4963; x_wconf 87' lang='lat' dir='ltr'>dicebat,</span> <span class='ocrx_word' id='word_1_710' title='bbox 2784 4916 2896 4953; x_wconf 90' lang='lat' dir='ltr'>non</span> <span class='ocrx_word' id='word_1_711' title='bbox 2923 4915 2982 4953; x_wconf 90' lang='lat' dir='ltr'>se</span> <span class='ocrx_word' id='word_1_712' title='bbox 3009 4896 3349 4953; x_wconf 89' lang='lat' dir='ltr'>meminisse</span> <span class='ocrx_word' id='word_1_713' title='bbox 3372 4894 3525 4966; x_wconf 90' lang='lat' dir='ltr'>quod</span> <span class='ocrx_word' id='word_1_714' title='bbox 3554 4910 3658 4947; x_wconf 87' lang='lat' dir='ltr'>un-</span> 
     </span>
    </p>
   </div>
   <div class='ocr_carea' id='block_1_111' title="bbox 2008 4987 3416 5061">
    <p class='ocr_par' dir='ltr' id='par_1_111' title="bbox 2008 4987 3416 5061">
     <span class='ocr_line' id='line_1_111' title="bbox 2008 4987 3416 5061; baseline -0.004 -17"><span class='ocrx_word' id='word_1_715' title='bbox 2008 5006 2186 5061; x_wconf 89' lang='lat' dir='ltr'>quam</span> <span class='ocrx_word' id='word_1_716' title='bbox 2217 4989 2491 5043; x_wconf 90' lang='lat' dir='ltr'>sensibus</span> <span class='ocrx_word' id='word_1_717' title='bbox 2522 4988 2647 5043; x_wconf 90' lang='lat' dir='ltr'>suis</span> <span class='ocrx_word' id='word_1_718' title='bbox 2679 5005 2712 5042; x_wconf 92' lang='lat' dir='ltr'>a</span> <span class='ocrx_word' id='word_1_719' title='bbox 2741 4988 2855 5043; x_wconf 92' lang='lat' dir='ltr'>Deo</span> <span class='ocrx_word' id='word_1_720' title='bbox 2884 4987 3057 5042; x_wconf 89' lang='lat' dir='ltr'>fuerit</span> <span class='ocrx_word' id='word_1_721' title='bbox 3087 4990 3416 5058; x_wconf 85' lang='lat' dir='ltr'>separatus.</span> 
     </span>
    </p>
   </div>
   <div class='ocr_carea' id='block_1_112' title="bbox 2080 5075 3660 5145">
    <p class='ocr_par' dir='ltr' id='par_1_112' title="bbox 2080 5075 3660 5145">
     <span class='ocr_line' id='line_1_112' title="bbox 2080 5075 3660 5145; baseline -0.003 -12"><span class='ocrx_word' id='word_1_722' title='bbox 2080 5079 2208 5133; x_wconf 70' lang='lat' dir='ltr'>Haac</span> <span class='ocrx_word' id='word_1_723' title='bbox 2232 5084 2367 5133; x_wconf 89' lang='lat' dir='ltr'>sunt</span> <span class='ocrx_word' id='word_1_724' title='bbox 2390 5079 2714 5133; x_wconf 89' lang='lat' dir='ltr'>beatissimi</span> <span class='ocrx_word' id='word_1_725' title='bbox 2740 5078 3055 5133; x_wconf 88' lang='lat' dir='ltr'>Philoromi</span> <span class='ocrx_word' id='word_1_726' title='bbox 3088 5075 3660 5145; x_wconf 87' lang='lat' dir='ltr'>certamina,quibus</span> 
     </span>
    </p>
   </div>
   <div class='ocr_carea' id='block_1_113' title="bbox 2009 5164 3661 5239">
    <p class='ocr_par' dir='ltr' id='par_1_113' title="bbox 2009 5164 3661 5239">
     <span class='ocr_line' id='line_1_113' title="bbox 2009 5164 3661 5239; baseline -0.004 -16"><span class='ocrx_word' id='word_1_727' title='bbox 2009 5170 2260 5223; x_wconf 91' lang='lat' dir='ltr'>invictus</span> <span class='ocrx_word' id='word_1_728' title='bbox 2282 5168 2638 5239; x_wconf 87' lang='lat' dir='ltr'>apparuit,et</span> <span class='ocrx_word' id='word_1_729' title='bbox 2659 5167 2778 5222; x_wconf 61' lang='lat' dir='ltr'>haec</span> <span class='ocrx_word' id='word_1_730' title='bbox 2802 5173 3143 5223; x_wconf 89' lang='lat' dir='ltr'>sanctorum</span> <span class='ocrx_word' id='word_1_731' title='bbox 3167 5166 3405 5221; x_wconf 90' lang='lat' dir='ltr'>Patrum</span> <span class='ocrx_word' id='word_1_732' title='bbox 3424 5164 3661 5219; x_wconf 87' lang='lat' dir='ltr'>immar-</span> 
     </span>
    </p>
   </div>
   <div class='ocr_carea' id='block_1_114' title="bbox 2010 5255 3112 5327">
    <p class='ocr_par' dir='ltr' id='par_1_114' title="bbox 2010 5255 3112 5327">
     <span class='ocr_line' id='line_1_114' title="bbox 2010 5255 3112 5327; baseline -0.002 -15"><span class='ocrx_word' id='word_1_733' title='bbox 2010 5256 2299 5313; x_wconf 89' lang='lat' dir='ltr'>cesoibilis</span> <span class='ocrx_word' id='word_1_734' title='bbox 2330 5257 2381 5311; x_wconf 92' lang='lat' dir='ltr'>ei</span> <span class='ocrx_word' id='word_1_735' title='bbox 2414 5255 2605 5327; x_wconf 62' lang='lat' dir='ltr'>gloria:</span> <span class='ocrx_word' id='word_1_736' title='bbox 2636 5273 2849 5312; x_wconf 90' lang='lat' dir='ltr'>corona</span> <span class='ocrx_word' id='word_1_737' title='bbox 2878 5257 3112 5312; x_wconf 89' lang='lat' dir='ltr'>donata.</span> 
     </span>
    </p>
   </div>
   <div class='ocr_carea' id='block_1_115' title="bbox 2620 5373 3146 5429">
    <p class='ocr_par' dir='ltr' id='par_1_115' title="bbox 2620 5373 3146 5429">
     <span class='ocr_line' id='line_1_115' title="bbox 2620 5373 3146 5429; baseline -0.002 0"><span class='ocrx_word' id='word_1_738' title='bbox 2620 5373 2851 5429; x_wconf 86' lang='lat' dir='ltr'>CAPUT</span> <span class='ocrx_word' id='word_1_739' title='bbox 2891 5373 3146 5429; x_wconf 86' lang='lat' dir='ltr'>XXXIII.</span> 
     </span>
    </p>
   </div>
   <div class='ocr_carea' id='block_1_116' title="bbox 2488 5463 3180 5519">
    <p class='ocr_par' dir='ltr' id='par_1_116' title="bbox 2488 5463 3180 5519">
     <span class='ocr_line' id='line_1_116' title="bbox 2488 5463 3180 5519; baseline -0.001 -2"><span class='ocrx_word' id='word_1_740' title='bbox 2488 5463 2604 5519; x_wconf 78' lang='lat' dir='ltr'>Vita</span> <span class='ocrx_word' id='word_1_741' title='bbox 2637 5463 2888 5518; x_wconf 56' lang='lat' dir='ltr'>Melania</span> <span class='ocrx_word' id='word_1_742' title='bbox 2919 5466 3180 5518; x_wconf 72' lang='lat' dir='ltr'>senioris.</span> 
     </span>
    </p>
   </div>
   <div class='ocr_carea' id='block_1_117' title="bbox 2083 5555 3650 5628">
    <p class='ocr_par' dir='ltr' id='par_1_117' title="bbox 2083 5555 3650 5628">
     <span class='ocr_line' id='line_1_117' title="bbox 2083 5555 3650 5628; baseline -0.008 -11"><span class='ocrx_word' id='word_1_743' title='bbox 2083 5566 2294 5619; x_wconf 83' lang='lat' dir='ltr'>Sancta</span> <span class='ocrx_word' id='word_1_744' title='bbox 2316 5560 2411 5617; x_wconf 87' lang='lat' dir='ltr'>illa</span> <span class='ocrx_word' id='word_1_745' title='bbox 2442 5564 2501 5616; x_wconf 91' lang='lat' dir='ltr'>et</span> <span class='ocrx_word' id='word_1_746' title='bbox 2522 5558 2777 5615; x_wconf 87' lang='lat' dir='ltr'>multum</span> <span class='ocrx_word' id='word_1_747' title='bbox 2799 5560 2970 5615; x_wconf 86' lang='lat' dir='ltr'>beata</span> <span class='ocrx_word' id='word_1_748' title='bbox 2991 5559 3239 5617; x_wconf 83' lang='lat' dir='ltr'>Melania</span> <span class='ocrx_word' id='word_1_749' title='bbox 3262 5555 3650 5628; x_wconf 78' lang='lat' dir='ltr'>(Pallad.,cap.</span> 
     </span>
    </p>
   </div>
   <div class='ocr_carea' id='block_1_118' title="bbox 2021 5640 3659 5725">
    <p class='ocr_par' dir='ltr' id='par_1_118' title="bbox 2021 5640 3659 5725">
     <span class='ocr_line' id='line_1_118' title="bbox 2021 5640 3659 5725; baseline -0.005 -19"><span class='ocrx_word' id='word_1_750' title='bbox 2021 5652 2165 5725; x_wconf 84' lang='grc'>117),</span> <span class='ocrx_word' id='word_1_751' title='bbox 2189 5651 2260 5708; x_wconf 89' lang='lat' dir='ltr'>de</span> <span class='ocrx_word' id='word_1_752' title='bbox 2280 5652 2543 5723; x_wconf 84' lang='lat' dir='ltr'>Hispano</span> <span class='ocrx_word' id='word_1_753' title='bbox 2571 5648 2659 5705; x_wconf 90' lang='lat' dir='ltr'>vel</span> <span class='ocrx_word' id='word_1_754' title='bbox 2682 5647 2883 5705; x_wconf 90' lang='lat' dir='ltr'>urbico</span> <span class='ocrx_word' id='word_1_755' title='bbox 2912 5663 3123 5720; x_wconf 82' lang='lat' dir='ltr'>genere</span> <span class='ocrx_word' id='word_1_756' title='bbox 3152 5640 3659 5712; x_wconf 84' lang='lat' dir='ltr'>desoendens,ﬂlia</span> 
     </span>
    </p>
   </div>
  </div>
