4002 6166
222 290 314 347 329

1436 280 1874 336 HERACLIDIS
1909 278 2337 336 PARADISUB.

3493 282 3601 340 330

222 433 322 474 non
348 414 401 470 in
430 412 568 468 lecto
595 408 808 482 quievi,
841 424 956 464 non
990 407 1049 463 in
1075 405 1283 462 lectica
1331 406 1678 462 recumbens
1728 404 1838 460 iter
1864 404 1919 473 Î‘
1948 407 2079 458 Haec
2108 402 2237 475 ipsa
2268 404 2339 458 ab
2371 403 2531 459 omni
2561 403 2905 462 animalium
2939 424 3111 463 carne
3141 424 3380 481 semper
3411 410 3600 467 absti-

223 506 335 561 feci.

278 594 393 649 Haec
406 592 526 664 ipsa
542 587 1021 659 eloquentissime
1038 586 1839 657 fuit,magnumqueamorem

218 683 402 741 habuit
423 680 768 744 litterarum,
796 680 859 731 ut
878 678 959 731 ita
982 675 1227 749 legendo
1251 679 1447 730 noctes
1468 674 1526 729 in
1567 675 1690 729 dies
1712 691 1837 729 ver-

219 778 562 839 teret,omnes
585 768 963 838 antiquorum
989 765 1375 837 interpretum
1401 764 1581 819 libros
1609 763 1840 819 notissi-

218 877 327 916 mos
355 858 589 913 habens.
622 859 777 909 Inter
806 870 955 925 quos
986 853 1181 908 tricies
1213 858 1457 908 centena
1500 852 1683 907 millia
1711 868 1836 906 ver-

216 966 367 1007 suum
390 946 631 1019 legendo
654 944 969 999 transierat
994 960 1004 997 :
1029 942 1837 1014 Gregorii,Pieriiquoque,:et

214 1038 487 1111 Stephani,
520 1034 840 1107 Basiliique
872 1042 924 1089 et
956 1033 1204 1089 aliorum
1259 1032 1831 1087 studiosissimorum

216 1130 445 1183 virorum
465 1125 642 1180 vicies
664 1129 908 1179 centena
932 1122 1135 1178 millia.
1161 1124 1299 1186 Quae
1320 1128 1511 1176 tamen
1531 1138 1644 1175 non
1662 1121 1832 1192 quasi

213 1215 580 1290 perfunctorie
606 1213 1175 1280 transcurrebat,sed
1202 1227 1684 1282 unumquemque
1707 1227 1831 1283 sep-

212 1308 303 1362 ties
330 1310 621 1361 auctorem
653 1302 977 1357 revolvens.
1044 1302 1203 1357 Unde
1249 1300 1538 1355 mendacii
1584 1300 1830 1356 scientia

212 1395 482 1451 nominum
517 1398 696 1463 atque
726 1395 1019 1447 sectarum
1055 1391 1288 1462 penitus
1315 1389 1579 1455 liberata,
1623 1389 1823 1444 coeles-

208 1486 342 1540 tibus
372 1482 581 1555 pennis
614 1498 715 1553 per
744 1480 995 1552 gratiam
1056 1480 1385 1535 litterarum
1432 1480 1502 1534 ad
1547 1483 1825 1535 aeternam

207 1590 346 1645 spem
379 1572 721 1641 Salvatoris,
752 1569 971 1642 gallina
1001 1568 1328 1641 spiritualis
1369 1568 1592 1637 effecta,
1643 1569 1827 1640 potuit

206 1658 806 1732 evolare,immortales
841 1660 913 1714 ab
934 1675 1001 1714 eo
1030 1657 1475 1713 vicissitudines
1500 1662 1822 1729 receptura.

758 1766 987 1822 CAPUT
1043 1766 1240 1821 XLIII.

625 1857 748 1913 Vita
777 1855 1136 1927 Olympiadis
1169 1854 1371 1911 viduae.

261 1949 433 2020 Hujus
446 1946 700 2019 vestigia
713 1947 1027 2001 subsecuta
1041 1943 1339 2015 Olympias
1360 1943 1825 2011 nomine,castis-

200 2036 343 2092 simis
371 2036 644 2092 moribus
676 2035 891 2090 femina
918 2050 983 2087 ac
1036 2033 1130 2087 Dei
1186 2049 1383 2087 amore
1433 2032 1821 2103 flagrantibus

197 2126 433 2196 (Pallas/1.,
465 2142 595 2196 cap.
634 2125 778 2195 144),
814 2121 1114 2195 proposito
1147 2122 1275 2191 ejus
1307 2121 1572 2177 exhibuit
1622 2140 1816 2193 parem

196 2216 365 2282 vitam,
384 2216 438 2270 in
463 2214 749 2270 omnibus
768 2213 1099 2267 divinarum
1117 2212 1814 2283 sequensScripturarum

197 2304 509 2359 consilium.
545 2309 680 2367 Quae
714 2301 961 2358 Seleucii
994 2301 1228 2371 quidem
1260 2317 1327 2355 ex
1349 2302 1581 2356 comitis
1613 2319 1817 2357 secun-

197 2394 313 2448 dum
344 2410 582 2449 carnem
616 2392 737 2447 filia
768 2392 914 2457 fuit;
940 2390 1513 2462 neptisveroAblavii
1540 2393 1811 2462 praefecti,

192 2497 350 2537 nurus
380 2487 584 2537 autem
620 2480 825 2552 paucis
856 2485 1086 2534 tantum
1138 2480 1345 2535 diebus
1384 2479 1663 2545 Nebridii,
1716 2480 1813 2551 qui

193 2571 479 2639 praefectus
504 2566 1156 2639 Constantinopolitanae
1190 2568 1354 2622 urbis
1387 2569 1513 2634 fuit,
1547 2570 1643 2623 sed
1670 2587 1815 2624 uxor

191 2660 397 2717 omnino
421 2660 691 2728 nullius;
720 2659 922 2713 dicunt
942 2658 1098 2711 enim
1124 2674 1191 2712 ea
1215 2656 1497 2729 virginem
1536 2674 1663 2713 esse
1711 2660 1808 2714 de-

184 2748 435 2817 functam,
463 2749 646 2804 Verbi
681 2748 836 2803 978
862 2746 1122 2802 veritatis
1153 2746 1341 2817 magis
1372 2748 1645 2819 conjugio
1674 2748 1807 2819 glo-

187 2836 429 2895 riantem.
468 2840 610 2903 Quae
642 2853 849 2894 omnes
880 2834 1186 2891 facultates
1237 2852 1377 2891 suas
1435 2835 1491 2889 in
1526 2853 1809 2908 pauperes

1853 1765 1900 1829 B

1954 493 2103 561 nuit,
2126 492 2343 564 piscem
2370 497 2563 548 autem
2585 497 2639 549 et
2661 494 2819 549 olera
2840 511 2972 550 cum
2997 496 3124 552 oleo
3148 496 3313 554 festis
3353 515 3419 554 ac
3456 516 3595 555 san-

1950 582 2061 637 ctis
2082 582 2287 637 diebus
2312 599 2545 637 sumere
2572 584 2766 639 solens
2799 599 2811 650 ;
2856 601 2957 656 per
2996 585 3285 657 reliquum
3337 588 3441 644 aevi
3500 590 3594 645 sui

1946 674 2182 743 tempus
2214 689 2390 743 posca
2419 677 2475 727 et
2506 673 2658 727 sicco
2691 690 2839 744 pane
2861 680 3138 729 contenta
3165 676 3412 732 vivebat.

2017 762 2196 831 Cujus
2216 764 2491 833 deinceps
2514 762 2679 818 imita
2702 768 2792 818 est
2813 764 3060 835 vestigia
3084 764 3313 821 Gelasia
3352 769 3591 825 nomine

1944 850 2279 906 castissima
2311 851 2678 924 mulier,qua3
2708 853 2981 909 sensibus
3013 854 3126 924 piis
3156 856 3228 909 ad
3254 855 3591 926 jugumvir-

1942 940 2206 1010 ginitatis
2231 942 2476 996 accessit
2498 942 2771 1012 (Pallad,
2794 959 2916 1015 cap.
2953 944 3097 1013 146).
3123 944 3365 999 Tribuni
3392 952 3588 1003 autem

1941 1030 2399 1099 cujusdamg'filia
2423 1030 2549 1085 fuit.
2577 1032 2760 1101 Hujus
2790 1031 3087 1103 etoptimae
3116 1033 3341 1087 femina;
3366 1050 3587 1091 memo-

1941 1118 2141 1173 rabilis
2172 1120 2356 1174 viitus
2388 1121 2654 1190 refertur,
2689 1122 2846 1192 quod
2880 1138 3184 1193 nunquam
3217 1122 3587 1182 iracundiam

1937 1207 2124 1278 ipsius
2153 1208 2363 1264 viderit
2415 1209 2557 1265 solis
2612 1227 2876 1278 occasus,
2924 1210 3043 1267 sive
3088 1218 3292 1267 contra
3330 1230 3589 1283 servum,

1936 1299 2056 1353 sive
2088 1303 2290 1353 contra
2319 1299 2617 1366 ancillam,
2654 1301 2772 1356 sive
2800 1305 3003 1355 contra
3049 1318 3343 1373 quemque
3401 1302 3586 1359 alium

1936 1389 2145 1443 fuisset
2177 1390 2342 1445 irata.
2369 1390 2651 1462 Fugiebat
2672 1391 2829 1446 enim
2859 1391 2978 1446 haec
3007 1392 3350 1448 beatissima
3371 1409 3588 1451 memo-

1934 1478 2080 1533 riam
2116 1478 2374 1548 malitiae,
2408 1480 2599 1535 sciens
2648 1481 2798 1551 quod
2850 1481 2962 1536 iter
3009 1482 3138 1553 ejus
3182 1483 3254 1538 ad
3308 1486 3585 1541 aeternam

1934 1571 2182 1622 mortem
2215 1568 2577 1638 perduceret.

2524 1676 2760 1732 CAPUT
2818 1677 2985 1733 XLV.

2326 1765 2443 1820 Vita
2471 1764 2781 1820 Salomonis
2813 1767 3182 1825 anachoreta.

2004 1856 2067 1908 In
2100 1853 2345 1909 Antinoo
2377 1854 2693 1908 Thebaidis
2727 1855 3039 1926 provinciae
3070 1856 3302 1913 civitate
3324 1864 3578 1929 quatuor

1931 1943 2099 1997 annis
2118 1943 2336 2015 jugiter
2360 1944 2573 2015 fui,per
2595 1944 2750 2015 quod
2775 1961 2947 1999 omne
2971 1951 3204 2017 tempus
3219 1950 3575 2006 monasteria

1930 2031 2047 2086 illic
2081 2031 2350 2087 universa
2380 2033 2621 2103 cognovi
2654 2033 2920 2101 (Pallad.,
2968 2050 3089 2106 cap.
3135 2036 3249 2107 96).
3294 2038 3575 2095 Habitant

1928 2126 2124 2175 autem
2160 2120 2318 2175 mille
2350 2127 2405 2175 et
2435 2121 2670 2176 ducenti
2702 2122 2805 2176 viri
2841 2123 3236 2192 probatissimi
3261 2125 3321 2180 in
3344 2142 3569 2184 memo-

1926 2215 2060 2264 rata:
2092 2211 2383 2265 territorio
2415 2210 2689 2276 civitatis,
2724 2228 2968 2266 suarum
3019 2229 3080 2267 se
3132 2230 3413 2270 manuum
3471 2234 3570 2272 su-

1926 2299 2061 2355 dore
2094 2305 2416 2371 pascentes.
2448 2300 2527 2353 Ex
2561 2300 2777 2371 quibus
2805 2300 2972 2355 multi
2998 2304 3168 2373 (quos
3190 2304 3569 2363 anachoretas

1922 2391 2154 2459 vocant)
2192 2391 2263 2443 ad
2314 2389 2548 2461 rupium
2597 2393 2655 2444 et
2702 2389 3094 2446 solitudinum
3144 2409 3207 2447 se
3259 2394 3573 2466 speluncas

1921 2477 2312 2533 contulerunt.

1992 2568 2149 2622 Inter
2180 2584 2327 2638 quos
2360 2566 2635 2623 Salomon
2667 2568 2923 2633 nomine,
2958 2570 3284 2626 monachus
3302 2572 3565 2629 castissi-

1919 2674 2052 2712 mus
2084 2661 2259 2727 atque
2291 2656 2642 2711 mitissimus
2674 2657 2804 2725 fuit,
2856 2659 2953 2729 qui
3003 2660 3191 2731 gratia
3239 2661 3564 2719 divinitatis

1917 2750 2219 2816 acceperat
2250 2746 2588 2817 patientiam
2621 2746 3018 2818 singularem;
3052 2750 3272 2822 quique
3305 2768 3364 2807 se
3395 2752 3562 2823 quin-

1917 2836 2329 2907 quagesimum
2356 2834 2416 2888 in
2448 2836 2730 2906 spelunca
2760 2854 2869 2891 sua
2898 2854 3118 2893 annum
3160 2839 3374 2896 habere
3401 2841 3562 2896 dice-

184 2928 363 2984 fratres
394 2928 685 2999 dispersit
712 2933 884 2997 atque
913 2925 1133 2982 divisit.
1166 2925 1266 2979 Cui
1292 2941 1407 2979 non
1433 2942 1673 2997 parvum
1701 2928 1811 2982 fuit
1914 2925 2035 2990 bat,
2068 2925 2344 2979 manibus
2377 2941 2608 2995 semper
2639 2926 2761 2980 suis
2794 2927 2972 2981 victui
2997 2944 3103 2983 suo
3126 2929 3563 2986 sufficientissi-

185 3034 388 3088 semper
418 3033 531 3089 pro
561 3015 822 3071 veritatis
853 3013 1174 3070 assertione
1221 3017 1533 3069 certamen.
1594 3014 1807 3071 Multas
1914 3032 2007 3069 me
2039 3014 2522 3069 subministrans.
2559 3016 2893 3087 Scripturas
2927 3022 3122 3074 autem
3164 3025 3398 3077 sanctas
3429 3038 3562 3077 om-

183 3106 333 3161 etiam
372 3104 527 3161 alias
568 3103 817 3159 feminas
855 3102 1076 3169 docuit,
1120 3102 1338 3157 multos
1389 3106 1453 3157 ut
1503 3106 1807 3175 oportebat
1838 3135 1881 3202 Î±
1920 3121 2024 3160 nes
2057 3104 2332 3158 didicisse
2364 3105 2690 3161 videbatur.

182 3196 533 3266 presbyteros
565 3199 739 3264 atque
771 3192 1075 3263 episcopos
1107 3191 1428 3247 honoravit.
1463 3194 1547 3247 Ad
1581 3194 1807 3250 confes-

182 3301 355 3342 sorum
384 3300 628 3357 quoque
655 3282 936 3354 palmam,
971 3298 1075 3353 pro
1104 3282 1343 3337 veritate
1376 3299 1552 3353 quam
1604 3285 1807 3353 coluit,

181 3377 374 3431 meruit
405 3374 733 3448 pervenire.
767 3373 948 3441 Cujus
982 3388 1193 3427 nomen
1226 3389 1292 3427 ac
1322 3372 1499 3428 vitam
1529 3375 1587 3429 in
1626 3376 1810 3433 Consâ€”

182 3465 657 3537 tantinOpolitana
688 3463 831 3517 urbe
863 3462 1161 3532 degentes,
1197 3462 1362 3534 ipsis,
1397 3468 1460 3517 ut
1489 3464 1627 3532 dixi,
1680 3471 1809 3521 stu-

180 3554 299 3608 dent
325 3552 769 3609 confessoribus
800 3566 1156 3621 comparare.
1210 3551 1356 3607 Nam
1407 3552 1541 3607 talis
1591 3554 1647 3608 in
1701 3554 1810 3610 hoc

181 3644 374 3698 mundo
415 3642 564 3698 ï¬nis
594 3656 829 3712 quoque
862 3639 1049 3710 ipsius
1083 3639 1213 3695 fuit.
1247 3640 1534 3697 Omnibus
1574 3644 1644 3696 ad
1678 3661 1810 3713 pos-

182 3739 405 3787 tremum
439 3729 727 3804 periculis
758 3745 821 3784 se
853 3734 1088 3801 propter
1122 3745 1330 3784 nomen
1374 3732 1468 3785 Dei
1514 3736 1809 3803 opposuit.

743 3835 982 3891 CAPUT
1040 3836 1240 3891 XLIV.

475 3926 596 3981 Vita
627 3924 904 3981 Candida.v
934 3925 1141 3989 viduae,
1172 3931 1221 3979 et
1254 3923 1506 3981 Salaciae.

241 4018 414 4081 Quam
440 4031 657 4071 rursus
671 4013 1201 4069 secutaestsimilis
1216 4012 1476 4068 moribus
1497 4015 1623 4071 vitae
1648 4018 1818 4074 beata

184 4104 393 4174 mulier,
428 4104 675 4160 nomine
705 4102 967 4158 Candida
996 4101 1263 4171 (Pallad.,
1314 4119 1433 4173 cap.
1490 4105 1630 4173 145),
1682 4109 1817 4164 Tm.

179 4192 287 4263 jani
319 4192 589 4265 magistri
624 4192 878 4247 militum
904 4190 1268 4263 ï¬lia,magna
1289 4191 1602 4249 Christiani
1628 4199 1819 4253 nomi-

188 4282 269 4337 nis
296 4288 351 4339 et
381 4283 603 4338 cultrix
631 4281 863 4353 egregia
894 4280 1203 4350 castitatis,
1232 4283 1671 4339 conversatione
1692 4286 1819 4341 lau-

186 4370 400 4441 debilis,
434 4371 720 4428 ecclesias
753 4374 985 4425 sanctas
1017 4374 1192 4441 atque
1240 4372 1546 4445 episcopos
1600 4377 1817 4434 colens.

183 4458 302 4521 Quae
334 4461 518 4515 filiam
553 4460 789 4531 quidem
816 4459 1423 4530 propriam,doctrinre
1443 4480 1559 4519 sum
1587 4467 1824 4539 virgini.

188 4548 312 4602 tatis
342 4550 549 4605 ordine
580 4548 909 4619 copulatam
945 4548 1227 4619 praemisit
1258 4551 1328 4605 ad
1380 4551 1702 4623 Christum,
1760 4563 1824 4613 ut

192 4638 503 4693 maximum
535 4640 756 4693 donum
783 4636 1032 4692 laterum
1052 4654 1291 4693 suorum
1318 4644 1494 4711 atque
1517 4643 1823 4707 virtutum.

194 4726 565 4783 Postmodum
597 4742 732 4781 vero
764 4730 1172 4781 consummato
1206 4729 1490 4785 castitatis
1524 4748 1588 4785 ac
1613 4739 1831 4791 sancti-

193 4814 319 4871 tatis
348 4816 565 4881 officio,
602 4815 770 4871 bonis
797 4816 1075 4870 omnibus
1109 4817 1400 4889 rebusque
1433 4821 1556 4875 suis
1598 4840 1832 4898 compe-

194 4904 324 4957 tenti
356 4906 777 4961 distributione
810 4904 1113 4976 dispersis,
1150 4909 1205 4960 et
1252 4906 1381 4977 ipsa
1429 4925 1596 4965 suam
1651 4914 1829 4971 ï¬liam

192 4994 501 5052 subsecuta
531 5001 643 5052 est.

253 5088 410 5141 Hanc
426 5102 532 5159 ego
550 5086 912 5141 laborantem
928 5087 1199 5141 noctibus
1213 5103 1277 5141 ac
1293 5089 1545 5159 propriis
1560 5095 1832 5153 manibus

193 5173 496 5231 molentem
531 5192 652 5231 sem
666 5192 767 5247 per
782 5175 849 5229 ad
868 5175 1273 5243 infringendas
1292 5178 1442 5232 vires
1467 5184 1727 5252 corporis
1743 5188 1834 5242 sui

193 5274 496 5331 noveram;
531 5269 707 5335 atque
740 5263 848 5318 hoc
880 5264 1226 5319 referentem
1260 5267 1475 5337 saepius
1499 5272 1833 5343 audiebam,

195 5352 323 5420 qnia
354 5370 490 5408 cum
515 5354 812 5425 jejunium
850 5354 899 5408 ei
934 5353 1119 5408 solum
1155 5355 1426 5412 sufficere
1458 5376 1571 5414 non
1618 5369 1835 5433 posset,

194 5440 354 5496 etiam
383 5443 709 5498 laboriosas
741 5442 851 5497 sibi
876 5443 1106 5515 vigilias
1133 5445 1613 5521 addidisset,qua3
1637 5454 1836 5508 adver-

194 5545 317 5584 sum
344 5532 720 5605 incorporeas
743 5536 1063 5604 potestates
1080 5550 1196 5589 una
1212 5538 1581 5607 cumjejunio
1596 5542 1837 5597 dimica-

191 5626 463 5692 rent,quo
485 5640 549 5679 su
560 5638 622 5694 pe
636 5621 819 5675 rbiam
848 5623 1064 5679 mentis
1079 5627 1490 5699 tumoremque
1506 5629 1835 5701 deponeret.

516 5744 751 5800 PATBOL
814 5740 1065 5801 LXXIV.

2499 3210 2736 3266 CAPUT
2792 3212 2976 3268 XLVI.

2232 3300 2364 3354 Vita
2394 3299 2607 3355 abbatis
2635 3301 2895 3355 Dorothei
2924 3310 2975 3358 et
3022 3304 3247 3359 Dioclis.

1985 3389 2313 3444 Dorotheus
2343 3389 2582 3460 quidam
2635 3391 2937 3461 presbyter
2997 3392 3054 3446 in
3116 3394 3399 3463 spelunca
3445 3396 3562 3453 alia

1914 3480 2131 3550 degens
2163 3479 2467 3533 immensas
2499 3479 2778 3534 bonitatis
2813 3480 2922 3535 fuit
2951 3480 3214 3551 (Pallad,
3263 3501 3382 3556 cap.
3442 3486 3557 3558 97),

1915 3576 1972 3625 et
2004 3569 2573 3640 irreprehensibilem
2626 3569 2752 3640 ipse
2800 3570 2979 3625 vitam
3040 3573 3281 3643 peregit.
3340 3575 3446 3639 Qui
3492 3593 3559 3633 eo

1917 3659 2064 3729 quod
2099 3663 2385 3712 meruerat
2416 3658 2736 3713 sacerdotis
2768 3660 3049 3729 officium,
3101 3662 3377 3719 omnibus
3435 3663 3557 3721 illic

1916 3752 2115 3803 Sancta
2146 3746 2419 3818 mysteria
2453 3747 2730 3801 fratribus
2763 3748 3163 3804 ministrabat.

1986 3837 2135 3891 Huic
2163 3837 2455 3907 quondam
2479 3836 2687 3907 junior
2716 3836 2814 3892 illa
2845 3837 3097 3895 Melania
3126 3841 3565 3912 majorisMela-

1920 3927 2027 3981 nia:
2056 3927 2268 3997 neptis,
2302 3926 2371 3981 de
2412 3943 2527 3997 qua
2580 3926 2637 3980 in
2689 3927 3072 3996 sequentibus
3122 3930 3314 3985 dicam
3362 3934 3567 4005 (Infra,

1918 4033 1965 4071 c.
2002 4016 2112 4087 49),
2148 4016 2505 4086 quingentos
2558 4033 2802 4072 numero
2859 4018 3271 4074 transmiserat
3327 4022 3568 4091 solidos,

1921 4122 2134 4175 rogans
2169 4110 2232 4158 ut
2261 4105 2538 4159 fratribus
2590 4106 2707 4159 illic
2737 4107 3085 4178 degentibus
3133 4125 3199 4164 eo
3247 4110 3373 4181 ipse
3420 4111 3573 4167 divi-

1924 4196 2104 4250 deret.
2138 4196 2218 4248 Ex
2248 4194 2464 4264 quibus
2500 4195 2622 4265 ipse
2648 4199 2764 4249 tres
2813 4199 3227 4253 tantummodo
3274 4198 3434 4265 tulit,
3483 4215 3574 4254 re-

1925 4284 2116 4355 liquos
2148 4284 2327 4339 Diocli
2362 4284 2591 4338 cuidam
2626 4284 2888 4341 solitario
2922 4286 3396 4356 monachojussit
3426 4290 3576 4354 dari,

1925 4374 2047 4427 viro
2080 4376 2343 4427 omnium
2381 4390 2574 4427 rerum
2612 4374 2857 4429 scientia
2890 4376 3152 4447 praedito,
3186 4393 3359 4447 quem
3402 4378 3577 4449 longe

1930 4462 2028 4517 ille
2059 4462 2467 4532 sapientiorem
2506 4480 2568 4516 se
2590 4479 2717 4517 esse
2748 4464 2999 4531 dicebat,
3047 4465 3149 4535 qui
3199 4471 3397 4538 posset
3452 4467 3581 4522 sine

1931 4554 2126 4622 aliqua
2160 4550 2392 4605 laesione
2426 4551 2633 4605 animae
2665 4557 2874 4606 cuncta
2904 4553 3183 4624 dividere,
3216 4573 3351 4611 cum
3404 4556 3583 4611 sciret

1940 4640 2194 4712 amplius
2228 4658 2292 4695 ac
2338 4640 2741 4697 rationabilius
2786 4647 3075 4713 quantum
3117 4645 3327 4717 cuique
3378 4646 3583 4701 distri-

1940 4732 2117 4786 buere
2148 4730 2469 4797 debuisset,
2506 4730 2703 4786 dicens
2736 4732 2848 4787 sibi
2882 4731 3012 4788 illos
3039 4737 3156 4790 tres
3175 4734 3394 4792 solidos
3414 4752 3586 4809 posse

1942 4824 2229 4879 sufficere.

2013 4922 2117 4975 Hic
2142 4923 2263 4993 ipse
2280 4921 2501 4976 Diocles
2516 4923 2933 4991 grammaticus
2951 4924 3188 4996 quidem
3206 4927 3462 4997 primum
3479 4926 3591 4982 fuit

1942 5009 2210 5079 (Pallad.,
2235 5025 2353 5079 cap.
2374 5009 2485 5075 98),
2520 5008 2907 5081 philosophiae
2945 5017 3143 5067 autem
3166 5030 3227 5068 se
3259 5018 3457 5085 postea
3489 5015 3588 5070 de-

1945 5098 2136 5163 derat;
2154 5097 2252 5150 sed
2270 5101 2527 5168 tempore
2544 5100 3052 5171 procedente,cum
3072 5102 3417 5174 vigesimum
3435 5108 3589 5158 octa-

1944 5204 2078 5241 vum
2107 5202 2327 5240 annum
2357 5192 2553 5257 ageret
2575 5188 2783 5255 aetatis,
2816 5192 3004 5261 gratia
3028 5193 3215 5247 eidem
3240 5191 3437 5247 divina
3462 5210 3592 5263 per-

1948 5276 2154 5341 suasit,
2186 5281 2249 5329 ut
2283 5275 2665 5332 saecularibus
2696 5279 2981 5335 doctrinis
3015 5282 3591 5348 renuntiaret,adin-

1947 5364 2309 5420 stitutionem
2344 5382 2475 5419 vero
2500 5366 2714 5421 Christi
2738 5369 3165 5442 scientiamque
3192 5371 3444 5427 cmlestis
3466 5370 3592 5444 phi-

1946 5454 2224 5525 losophiae
2259 5472 2318 5508 se
2352 5458 2659 5518 conferret.
2696 5462 2752 5510 et
2783 5458 2906 5528 ipse
2937 5476 3000 5512 co
3056 5466 3314 5529 tempore
3372 5459 3595 5531 trigesi-

1952 5560 2110 5598 mum
2130 5548 2184 5598 et
2210 5544 2479 5613 quintum
2503 5562 2721 5599 annum
2746 5547 2802 5600 in
2829 5547 3124 5617 speluncis
3156 5547 3401 5611 habens,
3425 5547 3591 5601 nobis

1950 5633 2568 5689 istadiccbat:Sensus
2584 5635 2880 5691 humanus
2897 5653 3029 5691 cum
3056 5655 3089 5690 a
3121 5636 3474 5705 cogitatione
3506 5649 3592 5687 re-

3202 5755 3265 5806 11
