3986 6168
435 317 541 372 331
1591 303 1960 359 APPENDIX
1995 302 2096 359 an
2131 302 2350 358 VITAB
2384 305 2706 365 parum.
3688 308 3780 365 332

440 438 684 497 cesserit
710 436 837 505 Dei,
873 438 974 491 aut
1003 430 1257 488 damoni
1289 430 1543 487 efficitur
1573 427 1809 497 similis,
1835 432 1937 484 aut
1957 443 2087 482 mu-
2116 425 2171 493 Α
2203 443 2381 499 supra
2412 426 2689 486 humeros
2740 444 2901 486 meos
2952 432 3213 501 poneret,
3263 431 3638 503 stupendaque
3687 432 3785 490 illic

442 530 518 584 tis
546 525 906 583 animalibus
933 524 1325 593 comparatur.
2201 526 2324 572 erat
2354 519 2411 573 in
2442 518 2677 575 Christo
2708 520 3009 575 immensa:
3044 518 3260 573 ﬁducia
3289 520 3576 575 castitatis.

516 618 696 689 Cujus
731 613 870 669 dicti
902 611 1189 667 rationem
1222 625 1354 663 eum
1390 608 1461 663 ab
1493 624 1558 663 eo
1576 622 1922 677 cuperemus
1946 603 2097 659 acci-
2274 606 2337 660 In
2367 606 2475 661 hoc
2507 606 2633 678 ipso
2666 607 2827 679 virgo
2858 608 3126 678 quaedam
3149 610 3296 662 Taor
3321 607 3790 680 nomine(Palla/l.,

448 724 604 780 pere,
634 706 745 761 ista
773 700 1043 757 dicebat:
1078 699 1224 763 Quia
1247 698 1295 754 si
1347 699 1479 770 quis
1529 715 1558 752 a
1603 698 1718 752 Deo
1768 694 2096 762 recesserit,
2200 711 2319 766 cap.
2359 696 2502 766 138),
2535 696 2827 768 discipula
2858 696 3042 766 illius,
3078 697 3320 769 triginta
3367 713 3538 752 annos
3585 699 3637 753 in
3688 718 3791 755 mo-

449 810 686 853 necesse
707 796 796 849 est
822 796 883 845 ut
902 788 1076 845 autin
1104 787 1464 843 desiderium
1488 786 1856 857 aliquod,aut
1877 785 1934 838 in
1986 782 2095 838 ali-
2202 786 2459 839 nasterio
2488 786 2735 852 habens,
2773 803 2884 841 ncn
2918 785 3139 848 tunica,
3174 803 3287 840 non
3308 791 3549 842 mavorte
3571 789 3791 855 (33),non

449 902 621 957 quam
646 880 1011 938 iracundiam
1038 876 1563 933 ruat.Desiderium
1581 876 1820 947 quidem
1843 872 2098 928 illudin-
2201 876 2612 931 calceamentis
2644 894 2907 949 unquam
2941 878 3102 931 novis
3137 877 3221 931 uti
3252 876 3449 942 voluit,
3472 877 3571 933 hoc
3588 879 3791 935 dicens:

450 979 820 1031 sensatorum
845 965 1586 1031 animaliumdracundiam
1605 981 1739 1019 vero
1763 965 2095 1018 daemonum
2200 964 2357 1020 Nihil
2383 964 2498 1020 tale
2522 967 2811 1033 desidero,
2835 984 2906 1021 ne
2930 970 3168 1038 propter
3188 966 3293 1021 hoc
3314 970 3369 1020 et
3390 966 3535 1021 foras
3564 969 3795 1039 progredi

451 1080 581 1120 esse
611 1061 858 1117 dicebat.
891 1059 978 1113 Me
1010 1061 1204 1113 autem
1238 1054 2097 1125 contradicente,quemadmo-
2202 1070 2398 1125 cogar.
2434 1053 2569 1109 Aliae
2601 1054 2843 1126 quidem
2876 1072 3079 1111 omnes
3106 1053 3407 1110 Dominico
3436 1058 3648 1111 tantum
3704 1058 3797 1121 die,

452 1157 593 1208 dum
626 1155 823 1222 posset
856 1148 1001 1214 fieri,
1038 1152 1101 1202 ut
1130 1162 1263 1202 cum
1296 1146 1411 1200 Deo
1435 1144 1657 1215 jugiter
1689 1146 1925 1198 maneat
1962 1157 2097 1196 sen-
2204 1158 2383 1199 causa
2412 1143 2619 1199 divinae
2652 1144 3090 1200 communionis
3114 1144 3420 1216 procedere
3443 1144 3508 1198 ad
3534 1145 3798 1201 ecclesiam

452 1261 557 1299 sus
592 1244 886 1297 humanus
918 1258 931 1306 ;
967 1238 1078 1292 hoc
1100 1243 1240 1290 tunc
1272 1234 1367 1289 ille
1418 1234 1685 1289 dicebat:
1728 1232 1791 1286 In
1834 1247 2099 1302 quacun-
2207 1232 2502 1301 solebant;
2528 1237 2731 1288 sancta
2753 1249 2887 1288 vero
2913 1232 3013 1287 illa
3034 1232 3803 1305 extremisindutapannis,in

451 1349 567 1403 que
600 1328 968 1400 cogitatione,
999 1324 1089 1381 vel
1121 1326 1179 1379 in
1214 1322 1481 1396 quolibet
1512 1326 1643 1377 actu
1678 1320 1878 1376 anima
1910 1319 2097 1375 homi-
2210 1322 2566 1377 monasterio
2598 1322 2724 1378 sola
2754 1323 3069 1388 residebat,
3101 1322 3487 1395 opusjugiter
3532 1340 3690 1379 suum
3738 1324 3807 1379 fa.

453 1422 546 1477 Dis
578 1420 738 1475 illius
765 1417 941 1473 fuerit
962 1415 1063 1487 qui
1095 1414 1424 1469 secundum
1459 1410 1642 1466 Deum
1693 1409 1855 1475 νίνίι,
1906 1409 1955 1463 8i
2006 1408 2103 1479 pia
2208 1410 2394 1468 ciens.
2421 1416 2559 1467 Tam
2590 1411 2876 1484 elegantis
2911 1418 3107 1469 autem
3141 1413 3339 1469 formai
3366 1417 3509 1479 erat,
3534 1417 3595 1468 ut
3631 1414 3807 1469 castis-

455 1516 565 1580 δεῖ,
595 1509 906 1579 eidemque
936 1505 1165 1578 placere
1198 1502 1457 1569 festinat,
1483 1516 1617 1556 cum
1651 1500 1766 1555 D80
1790 1514 1921 1553 eum
1974 1512 2101 1553 esse
2209 1500 2426 1557 simum
2453 1516 2746 1573 quemque
2778 1506 2835 1557 et
2867 1502 3417 1558 constantissimum
3441 1501 3620 1558 virum
3641 1504 3810 1559 vultus

459 1598 838 1656 manifestum
871 1599 980 1651 est.
2209 1588 2399 1661 ipsius
2429 1605 2494 1644 ac
2527 1589 2902 1660 pulchritudo
2936 1595 3135 1662 posset
3164 1590 3405 1661 illicere,
3456 1589 3562 1646 nisi
3610 1589 3682 1646 ita
3708 1607 3811 1646 mo-

1028 1699 1260 1755 CAPUT
1326 1697 1535 1754 XLVII.
2212 1682 2379 1737 ribus
2409 1686 2569 1738 esset
2599 1688 2828 1745 ornata,
2853 1686 2917 1737 ut
2947 1682 3004 1736 in
3035 1681 3357 1754 semetipsa
3400 1680 3629 1736 haberet
3674 1681 3811 1737 ines-

922 1800 1041 1855 Vita
1072 1797 1291 1853 abbatis
1332 1795 1636 1865 Capitonis.

2226 1770 2539 1826 :imabilem
2568 1773 2887 1842 quemdam
2935 1772 3238 1827 custodem
3287 1770 3584 1827 castitatis.
3630 1772 3725 1836 Qui
3767 1775 3814 1826 et

2216 1859 2417 1916 oculos
2449 1862 2799 1931 cujusquam
2858 1860 3108 1933 turpiter
3131 1860 3444 1932 cupientis,
3495 1860 3561 1914 ad
3603 1860 3813 1915 immen-

2218 1968 2349 2006 sum
2383 1953 2667 2023 pudorem
2700 1952 3075 2023 compelleret
3105 1967 3171 2005 ac
3203 1952 3496 2007 timorem.

2288 2039 2416 2095 Alia
2447 2056 2681 2112 quoque
2712 2041 2769 2094 in
2802 2040 2996 2095 vicino
3027 2040 3441 2095 commanebat
3470 2040 3817 2111 (Pallad.,cap,

2220 2131 2367 2201 139),
2397 2132 2568 2202 cujus
2600 2147 2706 2202 ego
2737 2131 2945 2185 faciem
2984 2129 3222 2201 quidem
3256 2130 3451 2185 videre
3480 2146 3589 2186 non
3637 2129 3775 2202 potui
3808 2154 3819 2194 ;

2218 2235 2481 2289 unquam
2516 2219 2674 2273 enim
2706 2234 2775 2273 ex
2804 2235 2917 2289 quo
2950 2218 3088 2273 huic
3122 2218 3347 2273 mundo
3379 2216 3740 2281 renuntiavit,
3764 2217 3821 2270 de

2218 2306 2573 2360 monasterio
2607 2306 2791 2360 fertur
2820 2321 3077 2376 egressa,
3114 2308 3171 2360 in
3206 2322 3326 2377 quo
3356 2305 3649 2377 sexaginta
3668 2319 3823 2359 annos

2218 2412 2337 2449 una
2358 2410 2493 2449 cum
2523 2398 2707 2450 matre
2729 2411 2837 2450 sua
2858 2394 3136 2450 habitans
3162 2395 3443 2466 implesse
3485 2399 3822 2449 memoratur.

2218 2483 2323 2541 Cui
2356 2484 2426 2539 ad
2460 2488 2824 2555 postremum
2852 2500 2987 2540 cum
3019 2500 3330 2540 recessura
3359 2487 3511 2540 esset
3554 2498 3583 2537 e
3627 2481 3826 2545 seculo,

2219 2573 2279 2627 in
2314 2572 2537 2627 visione
2568 2572 2797 2627 adstitit
2826 2570 3105 2627 Colothus
3136 2572 3420 2628 vocabulo
3470 2575 3694 2641 martyr,
3745 2570 3826 2641 qui

2220 2663 2278 2716 in
2311 2661 2533 2715 eisdem
2566 2660 2867 2717 colebatur
2897 2660 3042 2717 locis
3070 2660 3329 2733 (34),boe
3347 2661 3397 2717 ei
3421 2660 3615 2715 dicens
3640 2657 3826 2714 :Hodie

2221 2752 2292 2807 ad
2326 2750 2642 2806 Dominum
2679 2756 2849 2805 tuum
2884 2766 3113 2823 perges,
3144 2750 3243 2805 ubi
3280 2756 3341 2806 et
3370 2754 3600 2806 sanctos
3636 2748 3827 2803 videbis

2221 2857 2461 2908 omnes;
2499 2840 2628 2896 veni
2657 2840 2836 2911 igitur
2870 2840 2929 2894 in
2958 2839 3265 2895 basilicam
3301 2838 3587 2911 martyrii,
3633 2842 3692 2892 ut
3732 2836 3829 2892 illic

2221 2930 2511 3002 praudeas
2544 2945 2799 2984 mecum.
2832 2928 2955 2992 Quo
2989 2928 3210 2997 audito,
3263 2930 3459 3000 prima
3510 2927 3693 2984 statim
3727 2926 3833 2981 luce

2222 3018 2495 3085 surrexit,
2530 3035 2594 3073 ac
2624 3018 2794 3075 solito
2844 3035 3005 3074 more
3050 3018 3285 3087 vestita,
3342 3019 3402 3074 in
3442 3016 3704 3090 sportella
3747 3032 3833 3070 sua

2225 3124 2459 3181 panem,
2495 3113 2551 3162 et
2580 3107 2786 3173 olivas,
2818 3113 2877 3163 et
2906 3108 3064 3163 olera
3095 3107 3467 3163 comminuta
3509 3105 3737 3163 sustulit
3762 3122 3833 3159 se-

2233 3215 2389 3253 cum.
2422 3202 2489 3253 Et
2521 3203 2659 3253 tunc
2692 3199 2951 3269 primum
2987 3202 3118 3269 post
3147 3202 3228 3253 tot
3258 3214 3549 3255 annorum
3585 3194 3837 3251 curricula

526 1912 630 1969 Hic
652 1907 888 1981 juvenis
918 1908 1043 1962 erat
1070 1902 1274 1975 Capito
1310 1900 1553 1974 quidam
1578 1897 1811 1954 nomine
1832 1898 2105 1967 (Pallad.,

457 2021 583 2075 cap.
616 2002 695 2070 9),
728 1997 826 2069 qui
853 1995 1043 2069 priore
1074 1992 1202 2047 vitae
1235 2008 1357 2047 suae
1388 1994 1649 2061 tempore
1690 1987 1838 2041 latro
1889 1987 2106 2055 fuerat;

458 2092 678 2165 quique
695 2104 830 2144 cum
852 2086 910 2140 in
928 2082 1208 2156 spelunca
1224 2077 1776 2151 suaquinquaginta
1796 2076 2109 2147 implesset

460 2197 666 2240 annos.
696 2194 799 2232 nec
826 2190 1015 2245 usque
1045 2172 1115 2227 ad
1148 2175 1421 2242 quartum
1447 2167 1700 2238 lapidem
1728 2165 2109 2221 Antinoensis

462 2269 661 2343 oppidi
696 2280 957 2336 unquam
990 2260 1175 2316 voluit
1205 2258 1501 2325 accedere,
1537 2272 1641 2310 nec
1674 2270 1863 2325 usque
1893 2255 1963 2307 ad
1997 2255 2112 2309 ﬂu-

461 2360 623 2414 vium
655 2353 851 2411 Nilum
885 2349 987 2423 qui
1018 2352 1142 2403 erat
1172 2346 1473 2419 proximus
1500 2362 1513 2411 ;
1557 2343 1907 2413 dicebatque
1955 2344 2110 2413 quod

463 2447 713 2504 necdum
745 2459 808 2498 se
834 2435 1262 2497 conversationi
1294 2438 1467 2505 atque
1499 2431 1755 2488 sermoni
1798 2431 2109 2487 hominum

465 2534 853 2609 plurimorum
884 2531 1083 2600 posset
1113 2525 1469 2595 ingerere,eo
1501 2520 1655 2593 quod
1676 2519 1867 2574 adhuc
1888 2519 2113 2575 fortiter

466 2623 818 2697 repugnaret
846 2614 1180 2673 communis
1211 2612 1511 2668 inimicus.

538 2696 679 2769 Cum
709 2710 823 2765 isto
854 2706 1110 2762 vidimus
1140 2701 1390 2758 etalium
1411 2699 1727 2771 quemdam
1752 2713 1822 2753 ex
1840 2696 1959 2753 illis
1980 2697 2113 2753 soli-

468 2803 634 2861 tariis
659 2799 799 2855 viris
821 2794 1093 2870 (Pallad.,
1117 2808 1241 2864 cap.
1276 2791 1417 2861 100),
1442 2805 1603 2861 teque
1625 2792 1682 2843 et
1719 2788 1915 2859 ipsum
1959 2787 2113 2842 intra

466 2892 757 2967 spelunca:
784 2904 902 2943 suae
936 2888 1160 2940 secreta
1192 2881 1507 2949 viventem,
1554 2876 1655 2949 qui
1703 2893 1868 2931 vanae
1914 2874 2111 2948 glorise

464 2966 727 3042 stimulis
740 2977 850 3035 sub
869 2972 1125 3046 imagine
1148 2970 1447 3026 somnioru
1460 2984 1513 3022 m
1530 2966 1746 3021 illusus
1762 2970 1934 3037 atque
1948 2966 2112 3022 dece-

465 3079 625 3147 ptus,
660 3066 840 3126 simili
874 3070 929 3121 et
962 3066 1086 3136 ipse
1120 3060 1293 3116 modo
1329 3056 1553 3115 solebat
1584 3056 2115 3147 eosiquosinduce-

465 3144 567 3220 bat
599 3159 865 3226 illudere,
897 3158 954 3209 et
985 3155 1187 3224 pastor
1217 3147 1657 3221 quodammodo
1687 3144 1976 3216 insipiens
2029 3145 2110 3198 vi-

468 3253 715 3307 debatur
739 3261 868 3303 esse
897 3247 1226 3307 ventorum,
1260 3243 1433 3307 atque
1483 3240 1821 3309 persecutor
1870 3234 2113 3289 umbra-

471 3357 599 3397 rum
631 3336 829 3410 (Eccli.
861 3348 1056 3398 xxxrv,
1082 3331 1160 3401 2),
1193 3329 1593 3399 incorruptam
1622 3325 1855 3395 quidem
1890 3323 2114 3378 habens

472 3441 811 3501 corpoream
866 3421 1197 3479 castitatem
1246 3434 1258 3472 :
1321 3416 1449 3471 sine
1500 3415 1680 3469 dubio
1738 3419 1795 3468 et
1866 3417 2117 3501 prapter

475 3500 663 3593 ipsam
679 3514 1062 3575 senectam,et
1083 3511 1318 3579 propter
1336 3504 1657 3576 plurimum
1685 3502 1840 3593 quod
1863 3500 2115 3593 habebat

475 3589 537 3664 in
583 3602 828 3662 desertis
863 3600 1006 3655 locis
1037 3604 1295 3666 tempus,
1319 3599 1376 3648 et
1415 3596 1653 3663 propter
1701 3590 1890 3661 ipsam
1946 3589 2113 3643 forsi-

469 3704 568 3751 tan
619 3690 811 3748 inanis
843 3687 1042 3761 gloriae
1068 3683 1414 3747 vanitatem,
1460 3697 1583 3750 quae
1615 3696 1715 3733 cor
1736 3678 1862 3747 ejus
1894 3693 1959 3731 ac
1991 3693 2117 3731 sen-

465 3802 569 3842 sus
614 3793 1017 3854 perversarum
1070 3778 1161 3843 (ut
1186 3772 1356 3841 solet)
1390 3786 1584 3825 rerum
1620 3766 1972 3838 cogitatione
1995 3766 2118 3820 viti-

463 3877 679 3943 averet,
713 3868 1042 3938 divinaeque
1087 3858 1548 3918 conversationis
1581 3858 1801 3913 fecerat
1831 3854 2111 3910 alienum.

2233 3288 2576 3360 procedens,
2612 3288 2681 3342 ad
2718 3289 3067 3359 martyrium
3100 3286 3286 3341 sancti
3319 3288 3501 3342 venit.
3543 3284 3643 3341 Ubi
3664 3284 3836 3339 oratio-

2232 3377 2405 3431 nibus
2458 3376 2566 3431 rite
2611 3377 2903 3448 perfectis,
2954 3376 3209 3449 opperiri
3253 3377 3432 3450 caspit
3485 3377 3597 3431 tale
3644 3383 3835 3445 tempus

2231 3470 2369 3538 diei,
2403 3485 2519 3540 quo
2550 3485 2754 3524 omnes
2788 3469 3023 3541 penitus
3076 3486 3109 3522 a
3160 3472 3485 3523 memorato
3544 3466 3835 3523 recederent

2230 3558 2375 3615 loco.
2405 3559 2567 3623 Quod
2601 3574 2730 3614 cum
2764 3558 2844 3613 ita
2874 3560 3091 3613 factum
3124 3558 3372 3626 videret,
3402 3559 3571 3630 coepit
3599 3556 3777 3613 sedere
3791 3556 3833 3607 et

2228 3648 2496 3703 invocare
2527 3654 2795 3703 sanctum
2828 3653 3167 3718 martyrem,
3221 3646 3468 3701 dicens:
3512 3647 3706 3702 Sancte
3746 3642 3831 3697 Co-

2227 3736 2406 3799 lotbe,
2439 3736 2683 3791 benedic
2715 3751 2908 3791 escam
2966 3752 3179 3800 meam,
3228 3740 3409 3805 atque
3455 3732 3831 3790 interventibus

2227 3825 2345 3879 tuis
2380 3840 2607 3879 mecum
2642 3825 2932 3896 proficisci
2962 3825 3488 3896 dignare.Sumpto
3521 3824 3689 3895 igitur
3706 3820 3830 3881 cibo,

2227 3920 2282 3970 et
2314 3916 2462 3970 facta
2493 3932 2702 3971 rursus
2746 3916 3030 3984 oratione,
3080 3915 3234 3971 circa
3274 3916 3423 3973 solis
3466 3930 3723 3972 occasum
3774 3910 3832 3964 ad

1016 3978 1242 4075 (ξΑΡυΤ
1318 3974 1558 4075 ΧῙΑΫῙῙῘς
1626 4064 1634 4075 ⁸
1788 4062 1800 4075 _
1881 4059 1892 4071 ,
1946 4061 1957 4072 ,
2228 4006 2648 4061 monasterium
2702 4022 2876 4061 suum
2927 3974 3141 4061 rediit:
3193 4005 3286 4060 ubi
3331 4007 3507 4062 matri
3553 4022 3685 4061 sua.
3735 3999 3832 4056 Cleo

571 4078 689 4134 Vita
721 4076 935 4132 Amata:
964 4073 1056 4144 (32
1085 4081 1137 4127 et
1170 4075 1337 4136 Taor,
1386 4070 1438 4122 el
1468 4066 1701 4120 alterius
1744 4066 2003 4130 virginis.

2227 4094 2456 4161 mentis,
2490 4095 2586 4165 qui
2614 4095 2975 4150 Stromateus
3004 4096 3329 4163 dicebatur,
3382 4095 3639 4152 libellum
3682 4090 3833 4154 dedit,

528 4182 910 4241 Suntveroin
936 4179 1139 4236 eadem
1166 4172 1609 4232 Antinoensium
1637 4168 1868 4224 civitate
1891 4166 2114 4222 duode-
2226 4185 2283 4239 in
2315 4190 2495 4240 Amos
2527 4184 2819 4256 prophetae
2850 4184 3006 4239 dicta
3049 4185 3478 4256 conscriptum,
3528 4186 3634 4241 hoc
3678 4182 3721 4237 ei
3764 4178 3833 4233 ὥ-

459 4280 572 4336 cim
597 4271 957 4332 monasteria
978 4268 1282 4354 virginum
1304 4259 1840 4354 feminarum}???
1859 4257 2114 4354 perfecta
2225 4291 2399 4330 cens:
2438 4276 2618 4329 Istum
2653 4274 2927 4346 episcopo
2962 4274 3059 4345 qui
3092 4273 3225 4329 exul
3256 4278 3403 4342 stat,
3449 4274 3634 4344 dabis,
3676 4272 3835 4327 dices.

458 4362 900 4422 conversatione
920 4356 1239 4411 viventium
1269 4349 1537 4423 (Pallad.,
1560 4347 1779 4418 c.137);
1815 4346 1872 4399 in
1893 4344 2113 4415 quibus
2141 4408 2146 4414 _
2224 4380 2336 4434 que
2366 4364 2416 4417 ei
2448 4367 2513 4417 ut
2544 4380 2645 4434 pro
2679 4344 2772 4418 {ne
2802 4344 3293 4435 ogare'dignetur’
3327 4364 3661 4436 proﬁciscor
3702 4358 3833 4415 enim

456 4458 725 4512 Amatam
758 4449 1078 4522 quamdam
1111 4440 1655 4507 nomine,ancillam
1674 4435 1888 4491 Christi
1912 4450 2109 4489 senem
2224 4452 2292 4506 ad
2330 4452 2642 4506 Dominum
2676 4469 2892 4508 meum.
2928 4456 2995 4506 Et
3044 4452 3102 4506 in
3146 4453 3277 4524 ipsa
3321 4435 3494 4510 nocte
3540 4449 3751 4516 defecit,
3788 4448 3835 4499 et

453 4545 568 4603 Vidi
600 4539 1044 4614 οοίοὲίηίθιὶλῐη
1076 4537 1133 4590 in
1163 4531 1515 4591 monasterio
1537 4546 1644 4585 δυο
1671 4543 1857 4581 annos
1881 4526 2101 4580 hal'en'
2133 4528 2179 4593 D
2212 4555 2401 4609 neque
2433 4544 2531 4593 aut
2569 4538 2822 4595 dolorem
2858 4538 3041 4594 ullum
3074 4540 3304 4611 capitis,
3341 4546 3445 4596 aut
3473 4540 3708 4596 calorem
3737 4550 3837 4589 cor-

452 4642 594 4705 tem,
627 4630 801 4688 Sicmi
833 4628 1033 4684 νίοίηδθ
1066 4624 1254 4697 ipsum
1287 4627 1342 4677 εἰ
1371 4621 1499 4692 ipsa
1551 4617 1901 4673 referebam-
1956 4618 2103 4712 εαξη
2216 4629 2374 4700 poris
2408 4629 2614 4695 sensit,
2648 4630 2747 4684 sed
2783 4630 2911 4702 ipsa
2942 4647 3003 4685 se
3035 4634 3097 4685 ut
3127 4636 3249 4685 erat
3270 4631 3607 4703 sepelienda
3631 4640 3835 4696 compo-

452 4743 566 4798 qua
587 4721 889 4793 sexaginta
912 4730 1154 4771 numero
1181 4711 1458 4767 mulieres
1484 4708 1841 4772 habitantes,
1859 4708 2103 4773 atquein

2226 4719 2354 4788 suit,
2389 4720 2660 4791 spiritum
2698 4738 2873 4776 suum
2904 4721 3180 4776 manibus
3209 4721 3309 4776 Dei
3344 4720 3772 4778 commendans.

453 4792 821 4872 abstinentia
848 4805 1097 4877 puritate
1121 4818 1222 4873 per
1236 4802 1366 4871 ejus
1384 4797 1711 4853 doctrinam
1732 4792 2105 4855 viventes,in-
2800 4810 3034 4867 CAPUT
3096 4810 3279 4866 XLIX.

452 4908 683 4960 tantum
716 4897 918 4952 eadem
954 4908 1159 4948 omnes
1187 4889 1605 4959 diligebant,“
1636 4901 1705 4939 ne
1738 4882 1958 4937 Clavem
1977 4880 2103 4951 qni‘
2222 4899 2337 4953 Vita
2368 4898 2635 4954 Melaniae
2664 4898 2905 4968 iunioris
2936 4899 3172 4971 Piniani
3202 4901 3324 4971 ejus
3347 4902 3563 4967 mariti,
3587 4894 3835 4954 “Albium

452 4994 586 5046 dem
618 4983 905 5043 vestibulo
931 4979 1267 5037 monasterii
1295 4979 1365 5032 ad
1391 4974 1839 5031 similitudinem
1865 4975 2103 5025 cmtera-
2933 4970 3152 5026 mam-8.

454 5094 585 5135 rum
613 5088 849 5131 necesse
876 5075 1031 5126 esset
1063 5068 1249 5140 infigi.
1279 5065 1415 5121 Sola
1446 5065 1600 5120 enim
1630 5062 1748 5118 illic
1781 5076 1986 5116 omnes
2006 5075 2103 5114 eas
2287 5065 2347 5114 Et
2376 5059 2652 5131 quoniam
2689 5060 2745 5113 in
2780 5059 3526 5131 superioribusrelaturum
3545 5056 3835 5129 dejuniore

450 5170 742 5223 immensa
772 5160 1007 5217 dilectio
1042 5175 1190 5213 anus
1222 5155 1409 5228 ipsius
1443 5154 1829 5221 doctrinaque
1880 5147 2101 5203 retine-
2214 5146 2463 5201 Melania
2495 5163 2587 5201 me
2610 5148 2919 5217 spopondi,
2955 5148 3355 5203 necessarium
3388 5165 3548 5203 nunc
3596 5144 3832 5201 debitum

450 5260 569 5322 bat,
629 5254 701 5308 ad
750 5248 1212 5320 incorruptionis
1283 5242 1530 5316 gloriam
1592 5256 1841 5311 corpora
1898 5253 2102 5292 earum
2214 5238 2452 5292 reddam
2484 5236 2748 5307 (Pallad.,
2782 5253 2827 5291 ο.
2862 5237 3001 5305 419;
3034 5255 3223 5310 supra,
3273 5256 3319 5294 c.
3367 5240 3481 5307 46).
3542 5238 3654 5293 Nec
3700 5230 3835 5322 enim

452 5321 797 5414 mentesque
830 5354 1203 5395 conservans.
2206 5328 2437 5398 justum
2470 5329 2560 5379 est
2591 5324 2766 5379 veluti
2797 5329 3222 5397 praetereundo,
3256 5328 3514 5384 transire
3560 5332 3679 5381 tam
3725 5321 3835 5375 lau-

523 5420 1675 5504 Haecipsaquamdixisenexusqueadeo
1698 5434 1853 5490 pura:
1892 5415 2104 5471 mentis
2214 5414 2467 5471 debilem
2501 5416 2689 5486 ipsius
2723 5416 2779 5470 in
2814 5434 3054 5490 corpore
3078 5420 3473 5489 juventutem,
3516 5420 3835 5482 tantamque

456 5530 512 5584 et
533 5500 792 5591 corporis
808 5500 931 5574 erat
954 5536 985 5571 a
1007 5514 1356 5587 cogitatione
1372 5510 1719 5582 etpassione
1772 5504 2017 5578 peccati,
2039 5509 2104 5558 ut
2214 5506 2340 5577 ejus
2374 5504 2499 5559 sine
2532 5504 2731 5575 aliqua
2764 5508 3042 5564 memoria
3072 5508 3399 5563 litterarum
3424 5504 3715 5578 praeterire
3734 5500 3834 5554 vir-

459 5630 595 5673 eum
626 5612 697 5667 ad
728 5611 919 5683 ipsam
950 5605 1255 5678 ingressus
1290 5602 1555 5664 fuissem,
1585 5602 1762 5670 atque
1793 5594 2101 5665 sedissem,
2213 5600 2422 5665 tutem,
2452 5611 2579 5666 quae
2612 5596 2855 5654 senibus
2886 5614 2951 5654 ac
2982 5596 3438 5654 studiosissimis
3468 5597 3627 5652 circa
3668 5592 3834 5649 Deum

455 5706 627 5777 juxta
654 5682 1172 5757 melindiil'ereuter
1198 5692 1446 5763 sederet,
1481 5704 1694 5746 manus
1738 5685 1912 5742 etiam
1964 5700 2103 5740 suas
2214 5682 2449 5741 feminis
2476 5684 2681 5740 merito
2713 5701 2869 5741 nunc
2897 5686 3220 5757 praefertur.
