4002 6166
155 361 250 419 333

1400 362 1832 419 HERACLIDIS
1868 364 2297 421 PARADIBUS.

3446 365 3550 421 334

217 488 371 542 Hane
400 485 574 557 igitur
615 489 888 558 parentes
919 485 1155 558 quidem
1188 484 1378 556 ipsius
1426 484 1480 539 vi
1530 484 1789 541 maxima
1816 492 1875 556 Α
1981 487 2269 559 Propositi
2303 490 2498 543 autem
2524 487 2711 559 ipsius
2739 488 2861 543 vita
2876 488 3220 560 hujusmodi
3242 494 3388 547 erat.
3414 495 3554 547 Post

154 579 356 634 nubere
372 581 705 649 coegerunt,
726 577 917 648 primo
932 576 1165 630 cuidam
1185 576 1431 631 Romani
1451 575 1796 630 nominisvi-

152 669 363 733 ro.Quae
379 671 569 721 tamen
592 682 821 737 semper
836 665 1208 736 cumjujibus
1224 665 1364 719 aviae
1379 682 1496 720 sua;
1512 664 1797 719 doctrinis

154 757 568 819 stimularetur,
602 772 667 810 eo
700 771 890 826 usque
920 754 1383 825 spiritualiterin
1407 754 1642 809 civitate
1663 771 1796 825 pro-

153 846 337 913 cessit,
371 850 434 900 ut
466 861 578 899 non
603 846 703 900 diu
738 845 797 899 in
818 844 1067 916 nuptiali
1093 844 1392 916 preposito
1409 848 1795 916 permaneret.

154 936 287 991 Nam
318 950 453 989 cum
486 934 848 1005 suscepisset
878 932 1797 1004 ﬁliosduos,etutriquedefuncti

156 1026 412 1090 inissent,
447 1024 605 1077 venit
638 1024 707 1078 ad
730 1027 961 1078 tantum
982 1040 1083 1095 pro
1102 1023 1315 1078 Christi
1336 1022 1571 1077 nomine
1597 1022 1796 1076 odium

155 1114 501 1185 nuptiarum,
526 1118 590 1167 ut
611 1113 717 1167 hoc
738 1114 983 1167 Piniano
1016 1113 1227 1167 marito
1247 1129 1352 1167 suo
1377 1112 1569 1167 Severi
1592 1128 1801 1182 expres-

153 1204 270 1257 fecti
302 1202 422 1256 tilio
454 1202 674 1256 diceret
701 1220 713 1257 :
736 1202 795 1256 Si
815 1202 1011 1272 diligis
1028 1203 1379 1267 castitatem,
1401 1205 1458 1256 et
1478 1201 1799 1257 monachus

150 1290 226 1345 vis
253 1307 376 1346 esse
408 1307 670 1360 mecum,
704 1298 760 1345 te
787 1291 919 1345 vitae
945 1308 1083 1345 meis
1103 1292 1411 1346 dominum
1435 1291 1795 1359 conﬁtebor;

154 1381 195 1437 si
230 1386 418 1436 autem
454 1381 562 1435 tibi
596 1396 770 1452 grave
814 1381 922 1435 hoc
968 1381 1201 1435 videtur
1234 1386 1294 1435 ut
1319 1380 1545 1451 juveni,
1600 1382 1800 1450 accipe

154 1487 518 1542 quascunque
533 1470 717 1525 habeo
742 1472 1067 1541 facultates,
1084 1476 1141 1526 et
1163 1471 1410 1525 liberum
1431 1469 1577 1524 mihi
1602 1486 1799 1524 meum

157 1577 349 1631 corpus
384 1560 678 1631 relinque,
714 1565 777 1615 ut
806 1563 875 1615 de
908 1566 1113 1616 caetero
1146 1561 1475 1615 secundum
1532 1558 1799 1613 volunta-

158 1654 257 1705 tem
296 1650 391 1705 Dei
421 1649 652 1720 vivens,
686 1651 907 1722 possim
942 1650 1184 1722 implere
1216 1651 1370 1722 quod
1398 1649 1592 1720 cupio.
1622 1648 1690 1702 Et
1718 1649 1800 1700 uti

158 1745 338 1794 secuta
367 1741 502 1810 ejus
534 1740 1001 1811 virtutem/gavisa
1022 1741 1312 1795 haeredem
1340 1756 1430 1793 me
1453 1754 1603 1803 esse,
1632 1738 1803 1806 cujus

159 1833 416 1883 etnomen
435 1829 647 1898 habeo,
669 1846 1103 1901 recognoscam.
1120 1828 1262 1883 Nam
1281 1828 1328 1883 si
1347 1826 1626 1882 voluisset
1646 1832 1802 1880 Deus

162 1924 215 1973 ut
243 1919 326 1972 hic
357 1918 579 1974 saeculo
612 1919 963 1980 frueremur,
990 1935 1291 1989 nunquam
1318 1917 1459 1971 mihi
1484 1922 1801 1986 utrumque

163 2024 313 2078 quem
346 2010 578 2081 peperi,
615 2010 933 2065 immatura
964 2016 1151 2065 morte
1184 2009 1500 2081 rapuisset.

220 2115 353 2171 Cum
400 2117 512 2171 diu
544 2116 745 2188 itaque
787 2118 1200 2172 altercantium
1250 2114 1543 2171 contentio
1584 2114 1802 2185 jugum

162 2208 397 2280 nuptiale
420 2214 715 2275 vexasset,
738 2211 806 2263 ad
830 2215 1191 2281 postremum
1210 2209 1362 2264 Deus
1387 2207 1697 2262 miseratus
1717 2209 1805 2259 est

155 2298 432 2367 juvenem,
471 2297 775 2370 inspirans
806 2300 982 2353 etiam
1015 2299 1203 2371 ipsius
1224 2299 1454 2365 animae,
1484 2294 1805 2350 utsaacula-

163 2388 303 2441 riaac
320 2394 557 2442 terrena
572 2388 863 2459 desideria
877 2394 1279 2443 contemneret
1302 2407 1316 2456 ;
1336 2392 1398 2441 ut
1421 2388 1477 2440 in
1496 2385 1640 2457 ipsis
1660 2401 1806 2456 quo-

164 2493 257 2548 que
270 2484 476 2533 sancta
490 2495 597 2533 vox
613 2484 809 2548 posset
828 2477 1551 2550 iu‘ipleriperApostolum,
1575 2476 1807 2529 dicens:

166 2565 305 2621 Unde
336 2568 485 2636 scis,
522 2566 758 2631 mulier,
790 2568 1135 2622 simaritum
1155 2566 1379 2621 salvum
1415 2564 1588 2619 facies
1619 2562 1811 2619 !Unde

166 2655 285 2723 scis,
301 2658 402 2724 vir,
418 2658 478 2711 si
499 2655 808 2712 mulierem
825 2657 1044 2712 salvam
1066 2656 1303 2728 facies(l
1318 2655 1442 2709 Cor.
1464 2654 1564 2725 v11)
1578 2653 1605 2707 ‘?
1622 2653 1662 2710 N
1675 2656 1813 2723 upta

168 2744 328 2815 igitur
354 2747 489 2802 viro
523 2751 616 2801 est
645 2764 782 2801 cum
815 2748 1094 2803 tredecim
1139 2753 1294 2803 esset
1326 2761 1639 2809 annorum,
1691 2759 1811 2813 sep-

168 2837 269 2887 tem
300 2851 428 2889 vero
466 2851 657 2889 annos
690 2851 822 2889 cum
857 2851 921 2889 eo
955 2834 1402 2907 vixit,vigesimo
1435 2830 1809 2887 renuntiavit.

231 2943 294 2997 Et
325 2943 595 3015 primum
624 2942 862 3014 quidem
898 2944 1184 3015 quidquid
1204 2944 1457 3000 vestium
1490 2940 1813 2996 sericarum

176 3031 226 3085 in
256 3032 625 3088 mavortibus
656 3032 885 3099 habuit,
906 3039 1130 3089 sanctis
1159 3032 1441 3087 altaribus
1459 3027 1815 3099 dedit,quod

170 3122 609 3177 etbenedictam
632 3122 1033 3195 Olympiadem
1063 3123 1267 3177 fecisse
1284 3119 1687 3193 cognovimus.
1706 3118 1815 3171 Re-

169 3209 339 3281 liquas
371 3227 516 3266 vero
550 3227 698 3282 quas
733 3212 986 3267 habebat
1019 3212 1236 3267 sericas
1278 3216 1490 3275 vestes,
1525 3225 1626 3279 per
1654 3206 1813 3260 varia

172 3300 543 3357 ecclesiarum
578 3302 1261 3357 distribuitornamenta.
1293 3305 1616 3370 Argentum
1636 3302 1813 3367 atque

174 3406 359 3445 aurum
392 3406 583 3446 suum
616 3407 717 3462 per
747 3390 992 3445 Paulum
1027 3392 1341 3462 quemdam
1368 3389 1697 3443 Dalmatam
1729 3385 1813 3440 ci-

175 3495 310 3544 vem,
340 3479 709 3535 monachum
741 3485 919 3551 atque
941 3483 1375 3552 presbyterum,
1394 3476 1623 3549 navigio
1639 3475 1820 3530 maris

182 3566 460 3625 Orientem
494 3585 686 3639 usque
712 3570 1059 3625 transmisit.
1097 3572 1161 3624 Et
1183 3570 1264 3624 ita
1295 3567 1734 3631 divisitcuncta,
1759 3568 1823 3619 ut

183 3662 401 3730 Egypto
462 3664 644 3729 atque
698 3659 984 3714 Thebaidi
1032 3659 1327 3731 delegaret
1358 3658 1561 3711 decem
1596 3653 1820 3720 millia;

186 3748 547 3804 Antiochense
578 3748 798 3803 civitati
830 3754 1008 3819 atque
1040 3748 1158 3803 illis
1190 3766 1319 3819 qua:
1352 3747 1506 3803 circa
1536 3746 1720 3817 ipsam
1744 3743 1823 3797 vi-

186 3837 529 3893 denturesse
542 3837 901 3910 regionibus,
918 3839 1116 3893 decem
1135 3837 1334 3904 millia;
1357 3836 1664 3909 provinciae
1679 3849 1793 3904 quo
1806 3861 1820 3874 -

186 3942 281 3995 que
311 3926 635 3982 Palaestinae
668 3926 1005 3997 quindecim
1036 3926 1220 3981 millia
1250 3925 1573 3980 solidorum
1600 3941 1614 3992 ;
1644 3922 1820 3976 eccle-

188 4016 274 4070 siis
303 4033 431 4088 quaa
466 4033 575 4089 per
605 4016 872 4089 singulas
894 4017 1123 4072 insulas
1145 4022 1307 4085 sunt,
1334 4032 1452 4069 una
1474 4030 1606 4067 cum
1629 4013 1700 4066 iis
1724 4011 1825 4081 qui

188 4110 334 4159 erant
376 4104 575 4161 exsilii
605 4106 867 4161 damnati
918 4105 1293 4178 relegatione,
1350 4105 1549 4159 decem
1602 4099 1823 4166 millia;

190 4190 289 4247 illis
318 4204 515 4250 autem
548 4194 837 4260 ecclesiis,
870 4198 1045 4265 atque
1078 4193 1472 4257 monasteriis,
1497 4189 1826 4245 etxenodo-

191 4280 318 4337 chiis
350 4300 483 4355 qua:
534 4288 677 4338 sunt
708 4284 819 4339 sub
850 4284 1202 4340 occidentali
1254 4282 1447 4355 plaga,
1480 4278 1825 4350 cunctisque

194 4373 487 4440 egentibus
514 4389 613 4445 per
634 4373 1015 4444 semetipsam
1041 4373 1240 4427 omnia
1255 4390 1380 4443 quae
1396 4371 1592 4435 sciret,
1618 4368 1827 4423 iisdem

196 4462 512 4517 necessaria
542 4461 927 4519 ministraret.

258 4554 379 4605 Haec
409 4556 612 4607 autem
647 4556 704 4606 et
734 4553 1007 4607 universa
1029 4556 1086 4607 et
1116 4551 1229 4607 alia
1250 4551 1421 4624 longe
1452 4550 1622 4622 plura
1652 4562 1827 4619 quam

1903 578 2152 633 alterum
2185 578 2341 632 diem
2385 594 2617 649 semper
2648 579 2843 634 cibum
2875 595 3084 651 capere
3113 586 3498 637 consueverat
3533 599 3547 649 ;

1902 684 2038 721 nam
2082 667 2235 723 inter
2266 667 2394 737 ipsa
2436 667 2725 739 principia
2758 668 2963 739 quinto
3006 686 3239 741 quoque
3274 671 3553 743 gustabat

1904 756 1997 810 die
2031 799 2042 822 ,
2078 754 2254 826 idque
2287 756 2606 811 observans
2644 756 2893 812 faciebat
2923 762 2979 811 et
3006 757 3249 813 diurnas
3280 775 3413 813 eum
3446 776 3551 813 an-

1904 844 2121 899 cillulis
2153 846 2279 901 suis
2304 845 2613 901 ministerii
2639 847 2730 901 sui
2786 846 2965 913 vices,
2998 863 3146 917 quas
3170 852 3455 919 tanquam
3488 848 3548 903 in

1905 934 2259 989 monasterio
2293 939 2356 989 ut
2387 951 2617 991 sorores
2649 936 2921 991 habebat.

1978 1024 2113 1077 Erat
2144 1028 2337 1078 autem
2370 1040 2504 1078 cum
2539 1024 2665 1095 ipsa
2698 1029 2754 1079 et
2786 1029 2971 1081 mater
2998 1027 3125 1096 ejus
3155 1024 3368 1081 Albina
3399 1024 3552 1097 (Pal-

1905 1112 2037 1180 lad.,
2071 1129 2113 1167 ε.
2144 1114 2288 1181 120),
2317 1130 2510 1183 parem
2530 1114 2707 1167 vitam
2731 1114 2976 1183 habens,
2998 1114 3388 1186 similiterque
3413 1132 3550 1186 pro-

1906 1202 2063 1274 prias
2094 1202 2416 1273 separatim
2458 1218 2597 1273 Opes
2629 1207 2685 1257 et
2714 1203 2840 1273 ipsa
2873 1204 3239 1275 dispergens.
3273 1204 3553 1259 Habitant

1904 1308 2037 1347 vero
2080 1291 2136 1345 in
2182 1291 2661 1362 possessionibus
2704 1292 2828 1347 suis
2865 1309 3117 1365 semper,
3159 1298 3216 1348 et
3253 1292 3552 1348 interdum

1904 1380 2060 1435 intra
2088 1380 2364 1448 Siciliam,
2400 1398 2826 1453 nonnunquam
2860 1383 3015 1436 intra
3045 1382 3425 1454 Campaniam
3460 1383 3556 1437 de-

1907 1474 2049 1539 gunt
2078 1486 2212 1525 eum
2236 1469 2522 1524 eunuchis
2545 1470 2899 1541 quindecim,
2925 1472 3296 1543 etsexaginta
3314 1469 3555 1544 virgini-

1907 1560 2041 1624 bus,
2070 1563 2124 1614 et
2156 1576 2287 1614 cum
2322 1558 2451 1615 aliis
2487 1559 2758 1631 ingenuis
2787 1561 2876 1615 vel
2912 1560 3161 1615 ancillis.

1978 1655 2181 1703 Parem
2209 1665 2441 1720 quoque
2460 1653 2517 1704 et
2544 1648 2828 1703 Pinianus
2852 1650 3065 1719 conjux
3083 1649 3272 1720 ipsius
3296 1665 3429 1705 cum
3453 1651 3557 1704 tri-

1908 1738 2070 1809 ginta
2094 1737 2394 1792 monachis
2417 1738 2537 1808 agit
2555 1738 2733 1793 vitam
2760 1738 3025 1807 (Pall(.d.,
3050 1756 3097 1792 c.
3128 1739 3249 1810 121)
3277 1757 3288 1794 :
3323 1738 3426 1809 qui
3449 1743 3551 1793 aut

1910 1826 2143 1882 lectioni
2176 1832 2515 1881 sanctarum
2547 1826 2987 1897 Scripturarum
3018 1835 3207 1894 vacat,
3230 1834 3331 1882 aut
3359 1828 3555 1882 horto-

1911 1933 2041 1972 rum
2075 1916 2515 1970 ammnitatibus
2548 1915 2887 1983 delectatur,
2914 1924 3010 1971 aut
3033 1917 3446 1989 conspectibus
3468 1921 3555 1972 at-

1912 2022 2027 2077 que
2057 2005 2426 2060 sermonibus
2460 2005 2677 2059 fruitur
2707 2004 3225 2060 honestisimorum
3259 2006 3510 2061 virorum
3539 2023 3552 2073 ;

1914 2111 2020 2150 nec
2043 2094 2211 2149 nobis
2238 2093 2474 2164 quidem
2501 2096 2576 2162 (et
2607 2098 2760 2149 certe
2783 2110 2914 2148 cum
2942 2093 3181 2165 plurimi
3200 2094 3379 2150 simul
3404 2110 3559 2150 esse-

1916 2202 2047 2239 mus
2081 2184 2181 2255 qui
2214 2184 2456 2238 Romam
2491 2187 2724 2254 propter
2746 2182 2982 2237 beatum
3010 2183 3353 2255 episcopum
3382 2185 3557 2239 Joan-

1917 2291 2049 2329 nem
2084 2272 2547 2345 perrexeramus)
2581 2272 2791 2343 exigua
2823 2272 3261 2344 praestiterunt;
3296 2273 3395 2328 sed
3421 2274 3561 2329 dum

1915 2369 1972 2419 et
2002 2364 2059 2417 in
2093 2363 2211 2417 illis
2246 2362 2513 2434 partibus
2549 2363 2917 2432 degeremus,
2974 2360 3413 2417 ofﬁciosissimo
3456 2378 3561 2417 nos

1918 2456 2302 2524 susceperunt
2351 2450 2599 2521 hospitio
2636 2493 2648 2517 ,
2700 2449 3169 2521 largissimisque
3221 2450 3563 2523 sumptibus

1919 2559 2049 2597 eum
2086 2542 2292 2596 exinde
2327 2540 2855 2611 proficisceremur,
2889 2539 3346 2597 honoraverunt.

2578 2656 2813 2711 CAPUT
2848 2657 2909 2710 L.

2142 2748 2255 2803 Vita
2292 2744 2669 2809 Pammachii,
2712 2745 2978 2815 Macarii,
3022 2745 3353 2801 Constantii.

1997 2840 2208 2892 [lorum
2242 2852 2452 2907 parens
2474 2834 2589 2906 (35)
2612 2835 3024 2891 Pammachius
3047 2835 3282 2891 nomine
3303 2835 3567 2907 (Pallad.,

1922 2944 2040 2997 cap.
2077 2927 2230 2995 122),
2264 2924 2351 2978 vir
2382 2923 2848 2996 proconsularis,
2884 2923 3158 2979 similiter
3188 2924 3568 2980 szecularibus

1925 3015 2156 3088 pompis
2189 3013 2568 3079 renuntiavit,
2606 3012 2979 3083 multumque
3009 3013 3408 3068 laudabilibus
3442 3030 3571 3068 mo-

1926 3105 2091 3159 ribus
2122 3104 2281 3157 vixit.
2317 3102 2423 3167 Qui
2451 3117 2654 3155 omnes
2688 3100 2953 3171 proprias
2989 3101 3321 3169 facultates,
3356 3101 3568 3171 partim

1926 3195 2063 3249 dum
2096 3194 2155 3247 in
2189 3190 2399 3247 saeculo
2432 3194 2587 3245 esset
2614 3188 2741 3260 ipse
2771 3189 3087 3259 dispersit,
3120 3190 3331 3259 partim
3368 3189 3566 3243 fratri-

1926 3286 2037 3339 bus
2070 3288 2242 3354 atque
2274 3279 2629 3353 pauperibus
2664 3277 2916 3333 moriens
2948 3278 3327 3349 migransque
3358 3279 3427 3333 ad
3462 3278 3566 3333 Do-

1927 3372 2150 3428 minum
2186 3367 2442 3439 reliquit.

1994 3466 2111 3515 Hoc
2145 3460 2299 3514 idem
2333 3462 2389 3511 et
2418 3456 2583 3511 alter.
2616 3454 2905 3510 Macarius
2938 3455 3196 3524 nomine,
3232 3470 3302 3510 ex
3332 3454 3569 3511 vicariis

1926 3552 2059 3605 fecit
2090 3547 2351 3621 (Pallad,
2385 3563 2431 3600 c.
2464 3547 2682 3616 cxxxu).

1996 3641 2063 3695 Et
2091 3638 2469 3694 Constantius
2496 3635 2758 3707 quidam,
2792 3634 2891 3701 qui
2941 3632 3314 3690 consiliarius
3344 3636 3575 3706 praefec-

1925 3738 2115 3785 torum
2169 3729 2226 3782 in
2262 3726 2440 3782 italia:
2484 3726 2594 3779 fuit
2627 3725 2969 3795 regionibus
3001 3724 3278 3795 (Pallad.,
3318 3741 3365 3780 c.
3402 3726 3528 3797 124)
3558 3743 3571 3793 ;

1928 3819 2153 3874 nobiles
2172 3816 2335 3871 valde
2356 3820 2411 3869 et
2433 3813 2765 3869 scholastici
2787 3813 2893 3868 viri
2918 3830 2983 3867 ac
3006 3812 3260 3884 plurimo
3287 3813 3386 3869 Dei
3410 3830 3571 3868 amo-

1928 3924 1989 3963 re
2020 3907 2339 3972 sublimes;
2374 3920 2522 3975 quos
2550 3902 2741 3957 adhuc
2777 3902 2948 3957 credo
2981 3918 3309 3973 superesse,
3343 3902 3574 3974 egregia

1930 3996 2352 4053 monachorum
2386 3994 2756 4049 institutione
2786 3992 3063 4047 viventes.

2570 4107 2802 4165 CAPUT
2845 4108 2933 4162 LI.

1939 4204 2059 4260 Vita
2106 4203 2341 4273 virginis
2388 4198 2806 4273 Alexandrinae,
2839 4212 2965 4267 qua:
2992 4212 3091 4273 per
3131 4212 3229 4273 sea:
3258 4211 3432 4250 annos
3460 4211 3581 4248 ma-

2288 4288 2458 4340 gnum
2500 4270 2866 4325 Athanasium
2907 4269 3223 4323 occultavit.

2005 4362 2305 4434 Virginem
2340 4360 2652 4431 quamdam
2686 4358 2743 4411 in
2774 4356 3126 4411 Alexandria
3158 4371 3430 4410 noveram
3453 4354 3585 4409 civi-

1936 4458 2073 4519 tate,
2108 4467 2282 4521 quam
2317 4464 2421 4520 ego
2455 4447 2827 4518 septuaginta
2857 4462 3043 4500 annos
3067 4448 3338 4515 agentem
3368 4444 3586 4499 vidisse

1941 4560 2033 4599 me
2078 4538 2317 4595 memini
2359 4537 2633 4609 (Pallad,
2677 4552 2797 4606 cap.
2847 4536 2987 4605 136).
3031 4534 3135 4589 Cui
3176 4533 3586 4589 testimonium

200 4638 459 4708 diximus,
491 4646 554 4695 ut
573 4641 730 4696 Deus
757 4643 936 4711 novit,
956 4658 1023 4697 ex
1048 4641 1323 4697 manibus
1341 4604 1553 4695 Zlarici
1581 4639 1831 4707 lidepro-
1866 4604 1909 4667 Β
1943 4631 2135 4689 clerici
2167 4629 2285 4683 illic
2318 4643 2521 4682 omnes
2553 4626 2837 4689 ferebant,
2869 4626 3025 4695 quod
3060 4628 3199 4679 tunc
3233 4640 3367 4679 cum
3399 4624 3597 4678 adhuc

202 4728 314 4797 pria
334 4735 620 4802 tanquam
642 4747 711 4784 ex
734 4746 831 4785 ore
865 4730 1048 4786 leonis
1071 4731 1286 4803 eripuit
1306 4732 1384 4801 (II
1414 4729 1549 4784 Tim.
1576 4745 1650 4795 1v,
1674 4729 1832 4793 xvu).

203 4820 387 4873 Servos
419 4836 556 4874 vero
588 4821 912 4891 promiscui
945 4838 1120 4875 sexus
1144 4821 1483 4891 quicunque
1506 4814 1837 4872 manumitti

204 4905 472 4975 volebant,
492 4924 682 4979 usque
698 4910 767 4963 ad
789 4916 919 4964 octo
952 4909 1140 4964 millia
1164 4910 1380 4964 liberos
1402 4908 1553 4963 fecit.
1574 4906 1841 4975 Namque

209 4994 451 5068 reliquos
466 4998 804 5068 quiservire
820 4999 984 5053 fratri
1010 4998 1194 5070 ipsius
1220 4998 1579 5060 maluerunt,
1604 5010 1843 5049 conces-

210 5082 278 5138 sit
304 5085 513 5151 eidem,
543 5086 728 5142 ternis
755 5104 855 5159 per
875 5087 1141 5158 singulos
1165 5087 1369 5142 solidis
1393 5085 1548 5140 980
1565 5083 1846 5137 distribu-

212 5172 297 5227 tis.
328 5175 706 5232 Possesiones
728 5192 933 5232 omnes
951 5192 1336 5249 quascunque
1360 5175 1566 5229 habuit
1596 5173 1656 5227 in
1678 5172 1849 5244 Aqui-

211 5265 376 5328 tania,
408 5265 619 5336 Gallia,
652 5266 997 5333 Tarracone,
1032 5266 1333 5337 Hispaniis
1365 5264 1688 5333 Galliisque
1720 5262 1846 5316 dis-

213 5354 508 5411 traxit.Eos
537 5371 675 5410 vero
708 5357 1117 5411 tantummodo
1150 5372 1321 5428 agros
1351 5371 1495 5425 quos
1526 5353 1681 5406 intra
1711 5352 1853 5406 Sici-

215 5438 364 5511 liam,
414 5445 795 5517 Campaniam
828 5450 883 5501 et
935 5446 1188 5499 Africam
1223 5445 1580 5516 possidebat,
1614 5441 1855 5496 sibimet

217 5535 555 5603 reservavit;
591 5551 659 5589 ex
683 5535 899 5605 quibus
930 5535 1287 5590 monasteria
1306 5532 1581 5603 deinceps
1600 5530 1856 5586 aleretac

217 5622 441 5678 foveret.
471 5624 601 5679 Haec
632 5623 812 5696 hujus
843 5624 1075 5680 feminae
1107 5624 1397 5697 sapientia
1418 5622 1477 5678 in
1496 5621 1856 5677 distribuen-

220 5710 285 5767 do
315 5728 490 5769 onere
517 5714 855 5771 divitiarum
881 5714 1009 5769 fuit.

1937 4721 2172 4795 juvenis
2202 4718 2516 4781 videretur,
2558 4714 2768 4786 viginti
2816 4714 3081 4770 fortassis
3113 4730 3426 4782 annorum,
3459 4713 3592 4784 pul-

1948 4809 2299 4868 chritudinis
2323 4822 2569 4878 magnae,
2592 4809 2947 4874 conspectus
2968 4803 3232 4860 omnium
3260 4803 3442 4859 vitare
3459 4818 3598 4858 con-

1951 4900 2257 4967 suevisset,
2291 4914 2359 4951 ne
2383 4913 2491 4967 qua
2516 4899 2751 4965 propter
2775 4893 3125 4949 miraculum
3154 4892 3354 4948 vultus
3376 4893 3506 4963 ejus
3529 4907 3600 4946 ex

1954 4990 2289 5061 suspicione
2321 4984 2713 5057 quorumdam
2754 4982 2986 5038 macula
3016 4987 3336 5039 notaretur.
3376 4984 3499 5048 Quo
3539 4981 3599 5035 in

1954 5086 2215 5148 tempore
2235 5074 2440 5129 accidit
2462 5078 2523 5127 ut
2547 5071 2746 5127 Ariani
2768 5072 2880 5127 sub
2896 5071 3234 5127 Constantio
3253 5071 3606 5143 imperatore

1960 5187 2060 5241 per
2102 5166 2484 5239 praepositum
2537 5162 2665 5231 ejus
2705 5163 3020 5217 Eusebium
3080 5162 3241 5216 beato
3291 5156 3607 5215 Athanasio

1961 5256 2347 5316 Alexandrino
2380 5252 2652 5323 episcopo
2686 5252 2943 5307 facerent
2984 5251 3316 5318 factionem,
3349 5253 3406 5305 et
3444 5262 3608 5304 exse-

1962 5348 2210 5404 crandas
2241 5343 2288 5399 ei
2324 5342 2639 5398 criminum
2672 5341 3000 5396 calumnias
3031 5340 3374 5395 excitarent.

2033 5439 2197 5492 Tunc
2218 5432 2395 5506 igitur
2441 5430 2538 5484 ille
2565 5429 2939 5496 venerabilis,
2967 5426 3616 5500 corruptumjudicium

1966 5530 2375 5604 pollutumque
2406 5519 2734 5583 declinans,
2766 5537 2881 5574 non
2914 5519 3101 5575 amico
3134 5535 3216 5586 se,
3244 5533 3359 5572 non
3382 5514 3615 5577 clerico,

1970 5636 2085 5675 non
2121 5611 2367 5689 parenti,
2403 5626 2518 5665 non
2552 5608 2823 5679 cuiquam
2852 5608 2949 5663 alii
2977 5607 3226 5663 credidit
3254 5610 3429 5677 atque
3460 5616 3621 5657 com-

1972 5706 2169 5774 misit;
2200 5702 2300 5759 sed
2333 5716 2468 5756 cum
2503 5698 2697 5754 subito
2730 5698 2973 5769 quidam
3006 5697 3365 5768 praefectura:
3388 5690 3627 5763 appari-
