4002 6166
406 324 515 380 335

1561 323 1792 379 ΔΡΡΕΝ
1805 317 1930 375 DIX
1966 320 2064 373 AD
2099 318 2315 375 VITAS
2349 322 2669 378 PATRUM.

3654 334 3739 391 836

406 453 558 505 tores
587 447 790 519 ipsum
823 444 1267 514 investigantes,
1299 445 1542 500 domum
1560 446 1689 515 ejus
1714 445 2055 510 intrassent,
2085 446 2141 512 Α
2172 446 2341 514 ptum
2375 460 2585 501 nomen
2609 443 2903 518 Hippolyti
2926 446 3055 517 ejus
3082 448 3277 519 (quem
3305 452 3527 523 apostoli
3550 460 3743 530 norant)

399 537 603 592 tunica
618 534 715 590 ille
728 540 953 588 tantum
972 549 1080 588 sua
1095 532 1369 604 birroque
1380 534 1649 605 vestitus,
1666 534 1855 588 medio
1871 531 2057 587 noctis

400 628 661 701 fugiens,
685 628 755 681 ad
786 625 941 679 hanc
964 624 1250 695 virginem
1280 625 1451 679 venit.
1469 626 1553 681 Ad
1579 639 1754 696 quam
1780 629 1898 679 tam
1925 623 2055 677 ino-

398 718 608 789 pinatae
632 716 713 769 rei
749 714 1004 768 novitate
1021 712 1415 783 perterritam,
1442 714 1535 770 his
1552 719 1794 769 sanctus
1826 713 2051 783 episco-

398 824 510 877 pus
536 805 766 860 locutus
797 807 886 857 est
919 802 1109 856 verbis
1150 819 1163 857 :
1202 803 1282 856 Ab
1324 804 1577 868 Arianis,
1614 802 1827 874 inquit,
1872 800 2052 872 pluri-

402 910 565 949 mum
598 907 847 963 quaror,
873 895 929 945 et
968 889 1353 947 calumniosis
1385 891 1738 946 criminibus
1778 891 2049 957 incusor;

403 1000 476 1039 ne
498 982 679 1053 igitur
699 984 755 1036 et
777 995 882 1051 ego
906 978 1294 1035 irrationabili
1318 985 1455 1035 nota
1477 981 1786 1045 deformer,
1808 984 1863 1034 et
1884 994 2053 1049 prop-

403 1078 493 1127 ter
524 1086 618 1125 me
647 1069 748 1141 qui
779 1069 851 1123 ad
880 1085 1069 1124 meam
1104 1086 1335 1140 poenam
1368 1069 1568 1140 inique
1599 1068 1788 1140 parati
1822 1073 1960 1122 sunt
1992 1067 2051 1120 in

404 1164 708 1231 peccatum
734 1161 928 1225 ruant,
953 1158 1191 1230 fugiend
1204 1175 1301 1213 um
1318 1159 1504 1229 magis
1519 1158 1761 1213 credidi.
1780 1164 1932 1212 Deus
1947 1173 2051 1211 au-

404 1257 521 1306 tem
558 1248 701 1303 mihi
735 1248 843 1303 hac
872 1253 1042 1303 nocte
1073 1246 1329 1303 revelare
1360 1248 1637 1320 dignatus
1668 1251 1775 1313 est,
1809 1247 2047 1301 dicens:

394 1341 563 1412 Apud
596 1336 825 1392 nullum
859 1336 941 1391 ita
973 1342 1035 1391 ut
1066 1338 1220 1408 apud
1253 1336 1414 1391 illam
1446 1338 1601 1393 scias
1630 1341 1689 1392 te
1721 1353 1891 1408 posse
1929 1336 2049 1391 sal-

392 1428 540 1484 vari.
571 1431 643 1480 At
675 1425 773 1480 illa
804 1442 938 1481 cum
979 1426 1193 1497 gaudio
1226 1425 1433 1481 laetitiae
1467 1424 1793 1497 spiritualis
1835 1429 2046 1495 erecta,

398 1517 797 1591 projectisque
838 1516 1296 1589 cogitationibus
1328 1518 1515 1588 vanis,
1551 1519 1724 1588 ccepit
1752 1518 1890 1572 totis
1921 1534 2047 1572 sen-

384 1609 552 1663 sibus
581 1623 711 1662 esse
743 1622 877 1661 cum
913 1606 1057 1675 Deo,
1094 1614 1484 1677 sanctumque
1514 1605 1684 1661 illum
1713 1606 1904 1661 virum
1944 1623 2048 1678 per

384 1713 483 1753 sex
532 1712 720 1751 annos
750 1695 908 1750 intra
941 1694 1100 1749 cellae
1156 1712 1277 1749 sua
1315 1701 1537 1751 secreta
1580 1695 1807 1765 celavit,
1855 1695 2044 1767 quoad

385 1791 750 1842 memoratus
780 1784 1165 1839 Constantius
1200 1784 1361 1839 vixit.
1396 1787 1527 1856 Ipsa
1560 1783 1643 1838 illi
1668 1783 1915 1839 abluens
1947 1799 2043 1854 pe-

385 1876 508 1941 des,
551 1874 676 1946 ipsa
720 1888 821 1945 per
862 1889 924 1927 se
972 1873 1171 1927 omnia
1210 1878 1266 1927 et
1306 1889 1672 1945 quascunque
1712 1872 2045 1928 necessaria

382 1967 550 2020 erant
573 1978 910 2035 praeparans
949 1978 1013 2016 ac
1040 1961 1407 2029 ministrans,
1438 1961 1617 2017 libros
1640 1978 1873 2033 quoque
1896 1978 2042 2033 quos

383 2053 481 2109 ille
500 2051 817 2123 quarebat,
848 2056 1054 2106 mutuo
1077 2067 1337 2120 sumens,
1364 2056 1539 2123 atque
1560 2051 1647 2106 illi
1673 2052 1938 2122 praebens
1961 2050 2040 2105 le-

383 2142 624 2214 gendos.
666 2139 876 2195 Nullus
919 2149 1112 2195 tamen
1146 2140 1453 2195 hominum
1488 2141 1544 2195 in
1576 2139 1922 2195 Alexandria
1954 2140 2031 2195 ci-

380 2232 580 2297 vitate,
607 2246 710 2302 per
736 2230 1080 2285 sexennium
1104 2230 1576 2297 totum,ubinam
1598 2233 1838 2284 sanctus
1863 2229 2039 2284 Atha-

378 2318 583 2375 nasius
623 2319 832 2390 degere
865 2317 1054 2389 potuit
1083 2317 1365 2373 invenire.

447 2408 553 2464 Ubi
594 2424 753 2462 mors
776 2411 974 2463 autem
1004 2406 1261 2480 primum
1282 2407 1607 2462 Constantii
1636 2407 1910 2461 nuntiata
1928 2410 2036 2471 est,

376 2502 433 2555 et
463 2498 573 2552 hoc
610 2497 680 2552 ad
717 2513 888 2552 aures
919 2496 1113 2567 ipsius
1142 2497 1320 2565 venit,
1343 2500 1511 2551 nocte
1535 2512 1765 2567 rursus,
1791 2500 1855 2550 ut
1887 2497 2035 2550 fece-

381 2591 471 2642 rat
500 2585 686 2658 prius,
718 2585 965 2640 indutus
998 2585 1145 2641 bene
1176 2584 1428 2657 pr0priis
1450 2585 1732 2654 vestibus,
1766 2585 1823 2639 in
1848 2583 2032 2640 eccle-

389 2675 477 2732 sia
507 2675 703 2731 subito
732 2673 1109 2746 stupentibus
1141 2674 1369 2729 cunctis
1401 2678 1459 2729 et
1487 2673 1921 2730 admirantibus
1943 2674 2036 2728 in-

381 2764 635 2819 venitur.
679 2765 862 2829 Quem
896 2781 1101 2819 omnes
1132 2768 1274 2819 tunc
1304 2762 1480 2818 veluti
1512 2779 1580 2817 ex
1610 2764 1857 2819 mortuis
1898 2781 2032 2819 sus-

385 2854 635 2909 citatum
668 2870 732 2909 se
760 2854 955 2909 videre
977 2853 1306 2908 credebant.
1344 2854 1561 2908 Amicis
1592 2858 1786 2909 autem
1807 2853 2032 2908 intimis

383 2943 509 2997 suis
541 2941 961 3012 satisfaciebat,
982 2943 1091 2998 hoc
1106 2942 1305 2997 dicens
1334 2959 1345 2997 :
1382 2943 1689 3014 PrOpterea
1704 2957 1792 2997 me
1824 2943 1891 2996 ad
1907 2959 2032 2997 ves-

378 3036 502 3086 tras
536 3048 650 3087 non
682 3030 904 3086 contuli
935 3030 1206 3102 latebras,
1242 3036 1304 3086 ut
1349 3035 1475 3086 tuto
1500 3032 1703 3102 jurare
1755 3032 2030 3102 possetis,

376 3120 621 3175 ubinam
656 3120 927 3191 degerem
961 3137 1063 3175 vos
1112 3120 1339 3175 nescire
1370 3120 1651 3176 dicentes.
1686 3120 1751 3174 Et
1792 3125 2027 3192 propte-

374 3226 471 3264 rea
504 3209 642 3281 quia
676 3225 913 3265 necesse
944 3214 1069 3264 erat
1093 3210 1314 3281 ubique
1339 3226 1431 3265 me
1454 3210 1655 3281 qumri,
1686 3212 1743 3264 in
1766 3209 1913 3265 cella
1934 3226 2023 3264 ve-

372 3316 435 3354 ro
467 3298 627 3353 illius
659 3298 907 3371 virginis
938 3298 1112 3369 latui,
1146 3300 1243 3353 ubi
1275 3316 1369 3354 me
1399 3299 1573 3354 celari
1606 3298 1767 3353 nulla
1800 3303 2026 3371 poterat

371 3404 496 3443 esse
518 3386 805 3459 suspicio.
842 3404 908 3443 eo
942 3389 1094 3458 quod
1131 3392 1189 3442 et
1210 3387 1454 3458 pulchra
1484 3387 1788 3458 etjuvenis
1809 3387 2027 3443 videre-

371 3480 487 3530 tur.
522 3476 847 3546 Dupliciter
880 3476 984 3531 boc
1028 3493 1155 3531 meo
1190 3476 1434 3531 consilio
1467 3477 1750 3547 gaudens,
1784 3478 1937 3545 quod
1970 3482 2026 3532 et

375 3579 469 3617 me
498 3562 931 3630 lucrifacerem,
959 3567 1013 3618 et
1040 3563 1289 3619 salutem
1323 3564 1512 3636 ipsius
1539 3582 1551 3633 ;
1578 3566 1765 3637 profui
1789 3566 1943 3621 enim
1968 3572 2025 3622 et

381 3650 518 3722 ipsi,
552 3654 610 3706 et
641 3651 807 3705 fama:
838 3650 923 3707 vel
955 3651 1153 3723 gloriae
1187 3669 1347 3709 meae.

1006 3769 1240 3825 CAPUT
1275 3771 1388 3825 LII.

854 3859 977 3915 Vitae
1005 3860 1251 3917 Iuliana:
1294 3860 1556 3932 virginis.

451 3954 727 4018 Quaedam
758 3954 970 4011 iterum
1001 3957 1188 4028 virgo,
1208 3958 1716 4031 nomineJuliana,
1747 3958 1809 4016 in
1839 3964 2020 4017 Cassa-

377 4045 555 4100 riensi
589 4044 966 4117 Cappadociae
998 4045 1231 4102 civitate
1261 4046 1785 4104 scholasticissima
1805 4066 1935 4106 esse
1957 4068 2019 4106 ac

375 4133 719 4189 fidelissima
749 4134 1052 4189 dicebatur
1080 4135 1352 4207 ("allad.,
1384 4154 1507 4207 cap.
1542 4138 1686 4209 147).
1721 4140 1855 4203 Quae
1888 4141 2015 4195 Ori-

369 4239 575 4291 genem
610 4223 773 4278 illum
800 4224 899 4296 qui
931 4223 1119 4279 multa
1141 4227 1510 4298 conscripsit,
1536 4244 1897 4299 paganorum
1918 4247 2015 4286 se-

367 4312 616 4369 ditiones
648 4314 962 4369 metuendo
998 4314 1336 4385 fugientem,
1374 4333 1476 4385 per
1506 4317 1786 4372 biennum
1824 4324 2009 4376 totum

367 4402 627 4472 suscepit
647 4407 822 4472 atque
840 4402 1070 4469 celavit,
1096 4405 1347 4475 propriis
1370 4406 1418 4459 ei
1445 4407 1782 4477 sumptibus
1806 4426 2009 4465 neces-

366 4489 521 4544 saria
550 4495 759 4544 cuncta
790 4492 1112 4560 sufficiens,
1147 4510 1211 4548 ac
1245 4493 1571 4548 ministerio
1602 4513 1708 4551 suo
1732 4500 2006 4554 eumdem
2040 4531 2086 4595 Β

365 4594 657 4633 recreans.
691 4581 828 4643 Quae
858 4596 963 4649 ego
999 4581 1055 4635 in
1088 4583 1490 4638 vetustissimo
1522 4586 1777 4654 quodam
1803 4588 2008 4642 Codice

364 4665 584 4736 scripta
612 4668 883 4723 versibus
914 4668 1047 4739 legi,
1072 4668 1130 4724 in
1166 4670 1270 4725 hoc
1295 4677 1554 4727 notatum
1598 4679 1721 4727 erat
1739 4674 2005 4747 Origenis

363 4754 552 4825 ipsius
584 4773 803 4824 manu;
841 4757 994 4812 hunc
1030 4800 1043 4826 ,
1076 4758 1290 4829 inquit,
1324 4760 1589 4816 libellum
1622 4762 1811 4818 inveni
1847 4766 2004 4836 apud

358 4843 643 4913 virginem
694 4845 1011 4915 quamdam
1046 4847 1285 4901 nomine
1321 4848 1614 4905 Julianam
1650 4851 1706 4905 in
1742 4852 2006 4911 Cmsarea

353 4932 605 5000 civitate,
640 4935 780 4989 dum
815 4936 968 5006 apud
1013 4937 1199 5007 ipsam
1252 4938 1516 5006 laterem,
1552 4957 1677 5012 qua?
1708 4942 1876 4997 illum
1930 4946 2001 5000 ab

2074 1827 2122 1892 B

2169 532 2418 587 habebat
2448 536 2507 588 in
2540 533 2730 599 titulo,
2767 534 3106 592 relationem
3140 536 3385 594 historiae
3407 541 3576 597 inveni
3596 543 3745 615 hujus

2166 621 2324 675 modi
2358 622 2627 689 (Pallad.,
2658 639 2704 677 c.
2742 623 2886 691 148).

2235 709 2609 765 Nobilissima
2624 712 2890 782 quaedam
2908 717 2964 767 et
2989 712 3395 783 pulcherrima,
3410 717 3601 788 inquit,
3617 722 3740 778 981

2163 797 2377 867 puella,
2412 799 2713 869 proposito
2745 799 3099 871 virginitatis
3131 819 3197 858 ac
3228 805 3359 872 vita,
3391 805 3445 860 in
3467 807 3747 865 Corinthio-

2164 902 2295 940 rum
2328 887 2557 942 civitate
2580 888 2850 959 degebat.
2876 891 3062 954 Quam
3094 907 3159 945 eo
3189 894 3459 964 tempore,
3483 910 3601 951 cum
3622 900 3751 969 apud

2153 977 2415 1046 judicem
2440 993 2733 1049 paganum
2758 980 3069 1048 quemdam
3094 984 3234 1037 tunc
3257 985 3561 1054 persecutio
3574 1003 3754 1044 vesana

2162 1064 2453 1137 ﬂagraret,
2487 1066 2663 1121 veluti
2697 1068 2822 1123 dies
2854 1068 3143 1139 ipsorum,
3177 1072 3578 1145 sacrilegisque
3602 1075 3755 1146 impe-

2162 1153 2459 1210 ratoribus
2477 1155 2925 1227 conviciantem,
2951 1158 3221 1213 nonnulli
3245 1161 3574 1219 criminibus
3598 1165 3754 1236 impe-

2161 1242 2381 1298 tebant.
2438 1244 2877 1300 Insidiabantur
2915 1252 3108 1303 autem
3158 1249 3565 1320 pulchritudini
3611 1254 3752 1323 ejus;

2157 1332 2546 1405 volebantque
2594 1351 2661 1389 ex
2691 1351 2759 1389 ea
2787 1334 3015 1390 lucrum
3049 1336 3087 1391 ii
3137 1338 3239 1408 qui
3269 1338 3593 1410 hujusmodi
3630 1359 3756 1399 mer-

2159 1420 2315 1476 cium
2348 1423 2737 1493 negotiatores
2769 1441 2896 1480 esse
2928 1432 3368 1484 consueverant.

2227 1510 2416 1566 Judex
2444 1529 2576 1568 vero
2600 1512 2845 1569 insanus
2870 1530 3068 1570 amore
3097 1517 3617 1586 femineo,votivam
3635 1537 3664 1576 a
3685 1537 3761 1575 ca-

2154 1598 2614 1658 lumniatoribus
2646 1604 3035 1672 occasionem,
3059 1605 3243 1661 veluti
3271 1608 3518 1678 quadam
3540 1608 3761 1681 alicujus

2155 1705 2295 1743 aure
2336 1691 2735 1762 quadrupedis
2771 1734 2784 1759 ,
2820 1709 2955 1747 mox
2986 1695 3226 1766 accepit.
3263 1697 3367 1752 Sed
3411 1701 3760 1769 posteaquam

2155 1777 2648 1835 machinamentis
2682 1783 2859 1852 atque
2891 1782 3116 1838 artibus
3147 1784 3324 1839 variis
3357 1802 3467 1841 non
3499 1787 3674 1858 potuit
3691 1788 3763 1842 ei-

2153 1867 2284 1921 dem
2310 1869 2662 1938 persuadere
2695 1872 2849 1941 quod
2868 1870 3071 1941 voluit,
3106 1890 3252 1928 novo
3270 1880 3469 1930 contra
3488 1892 3607 1931 eam
3624 1877 3763 1932 furo-

2151 1971 2211 2010 re
2244 1956 2586 2023 deszeviens,
2620 1974 2734 2013 non
2769 1964 2871 2014 aut
2903 1976 3083 2031 poenae
3114 1977 3244 2017 eam
3278 1963 3447 2019 alicui
3477 1965 3763 2020 destinavit

2148 2050 2250 2099 aut
2282 2045 2470 2112 morti,
2504 2047 2630 2112 sed,
2665 2048 2820 2118 quod
2852 2054 2975 2103 erat
3004 2050 3241 2121 gravius
3273 2057 3446 2124 atque
3473 2052 3762 2126 crudelius,

2148 2132 2206 2186 in
2241 2133 2509 2204 lupanari
2541 2136 2806 2190 eamdem
2842 2139 3114 2208 prostitui
3149 2142 3446 2213 praecepit,
3480 2141 3766 2215 lenonique

2146 2220 2409 2293 ipsarum
2442 2224 2903 2293 turpitudinum,
2938 2232 3001 2281 ut
3034 2231 3234 2283 ternos
3276 2231 3348 2285 ad
3381 2247 3512 2286 eum
3542 2248 3635 2303 per
3662 2233 3765 2287 sin-

2146 2312 2313 2382 gulos
2336 2311 2458 2367 dies
2479 2328 2545 2367 ex
2576 2314 2891 2369 concubitu
2922 2315 3112 2386 ipsius
3133 2318 3361 2375 solidos
3383 2320 3671 2376 exhiberet
3689 2321 3769 2375 in-

2137 2400 2356 2470 junxit.
2392 2402 2576 2468 Quam
2610 2404 2921 2474 pecuniam
2954 2422 3085 2461 cum
3115 2424 3147 2461 a
3179 2424 3244 2463 se
3277 2408 3409 2464 leno
3441 2409 3563 2465 sine
3608 2410 3769 2465 dubio

2144 2489 2496 2560 intelligeret
2529 2490 2929 2563 ﬂagitandum,
2948 2493 3003 2548 in
3021 2495 3289 2551 omnium
3310 2514 3437 2553 eam
3460 2498 3559 2570 qui
3580 2497 3773 2553 vellent

2144 2579 2303 2633 dedit
2336 2582 2701 2648 potestatem.

2214 2668 2374 2731 Quod
2409 2668 2507 2722 ubi
2541 2668 2745 2740 praedae
2789 2669 2921 2725 talis
2955 2672 3269 2744 accipitres
3310 2692 3511 2731 verum
3544 2692 3666 2732 esse
3694 2675 3771 2730 di-

2141 2756 2431 2825 dicerunt,
2464 2757 2629 2812 ibant
2659 2762 2833 2829 atque
2865 2761 3260 2819 observabant
3288 2765 3632 2836 perditionis
3657 2765 3771 2820 offi-

2140 2845 2628 2918 cinam.Datoque
2647 2847 3067 2904 infelicissima
3088 2852 3212 2923 spei
3245 2855 3453 2926 pretio,
3480 2854 3773 2926 loqueban-

2141 2940 2238 2989 tur
2269 2952 2403 2990 cum
2435 2952 2501 2989 ea
2539 2936 2883 3004 optabilium
2917 2939 3028 2993 sibi
3064 2941 3359 3014 principia
3396 2944 3770 3016 voluptatum.

2138 3021 2243 3076 Illa
2273 3040 2407 3077 vero
2440 3025 2711 3094 precibus
2741 3026 3053 3084 immensis
3086 3029 3361 3102 singulos
3394 3050 3628 3105 rogans,
3657 3031 3771 3087 vul-

2140 3128 2253 3165 nus
2272 3112 2566 3181 quoddam
2588 3113 2645 3167 in
2670 3113 3048 3171 interioribus
3074 3121 3343 3189 corporis
3372 3122 3465 3176 sui
3486 3138 3548 3177 se
3578 3122 3772 3176 habere

2138 3199 2402 3253 dicebat:
2437 3201 2610 3270 cujus
2643 3202 2692 3256 si
2722 3203 3021 3259 venientes
3052 3207 3122 3260 ad
3157 3223 3289 3263 eam
3329 3211 3570 3266 fetorem
3608 3210 3771 3266 senti-

2137 3294 2285 3357 rent,
2303 3291 2633 3346 necessario
2657 3309 2888 3363 semper
2903 3294 3254 3366 eﬂ‘ugerent,
3276 3299 3472 3372 ipsius
3496 3302 3775 3373 contagio-

2135 3377 2227 3433 nis
2263 3379 2606 3435 horrore.0b
2636 3383 2787 3451 quod
2821 3383 3122 3438 universos
3148 3386 3573 3444 miserabiliter
3601 3406 3778 3462 preca-

2133 3467 2309 3522 batur
2339 3472 2402 3522 ut
2441 3485 2658 3539 paucos
2688 3470 2873 3525 eidem
2926 3475 3321 3531 concederent
3351 3479 3500 3550 dies,
3534 3478 3775 3535 habituri

2133 3558 2509 3626 postmodum
2539 3558 2728 3629 ipsius
2754 3564 2929 3631 prout
2958 3568 3263 3634 cuperent,
3294 3570 3351 3621 et
3377 3566 3506 3622 sine
3529 3567 3775 3639 pecuniis

2131 3650 2504 3714 potestatem.

2204 3733 2433 3789 Interea
2463 3735 2603 3790 dum
2632 3740 2688 3791 et
2718 3736 2847 3792 istis
2872 3739 2955 3794 sic
2987 3739 3277 3812 loquitur,
3300 3748 3360 3799 et
3390 3746 3683 3801 orationes
3711 3745 3773 3800 ad

2128 3823 2441 3877 Dominum
2492 3831 2803 3896 perpetuas
2836 3843 2901 3882 ac
2932 3830 3222 3885 maximas
3266 3833 3411 3890 facit
3442 3836 3705 3904 (Pallad.,
3734 3852 3775 3890 ε.

2130 3911 2274 3983 149),
2309 3911 2425 3967 illis
2458 3912 2603 3984 ipsis
2626 3914 2836 3970 diebus
2854 3915 3056 3974 videns
3080 3920 3426 3979 castitatem
3453 3929 3666 3981 sancte
3680 3924 3780 3979 vir-

2124 3999 2274 4070 ginis
2311 4003 2478 4072 Deus,
2502 4006 2699 4058 custos
2721 4004 2931 4061 salutis
2957 4006 3548 4081 humanas,juvenem
3583 4031 3776 4087 quem-

2124 4087 2258 4142 dam
2293 4095 2560 4160 agentem
2592 4091 2650 4145 in
2683 4093 2859 4148 rebus
2889 4094 3001 4165 (36)
3032 4101 3150 4150 tam
3184 4100 3362 4155 vultu
3397 4120 3578 4175 quam
3614 4104 3777 4158 mori-

2121 4178 2233 4235 bus
2249 4181 2485 4249 bonum,
2506 4182 2584 4237 ita
2600 4188 3140 4255 mentecommovit,
3163 4194 3231 4245 ut
3253 4191 3357 4247 ille
3375 4194 3579 4252 divino
3594 4210 3779 4251 amore

2121 4287 2463 4341 succensus,
2488 4290 2589 4342 pro
2617 4289 2682 4327 ea
2706 4280 2944 4345 cuperet
2973 4276 3235 4334 interire.
3267 4282 3399 4338 Sub
3421 4283 3620 4357 specie
3649 4301 3776 4357 ergo

2117 4360 2500 4430 turpitudinis
2524 4364 2941 4432 perpetranda,
2972 4364 3115 4420 hora
3145 4371 3455 4438 profunda
3492 4374 3679 4430 noctis
3710 4373 3775 4428 ad

2115 4446 2382 4503 lenonem
2410 4448 2711 4520 lupanaris
2738 4451 2925 4519 ipsius
2949 4455 3125 4511 venit.
3152 4458 3432 4532 quinque
3458 4464 3679 4520 solidos
3699 4464 3776 4518 of-

2120 4537 2308 4591 ferens
2320 4537 2391 4603 ei,
2410 4544 2731 4610 petensque
2757 4547 2819 4594 ut
2838 4559 3071 4598 manere
3098 4545 3205 4616 ipsi
3223 4565 3297 4603 cu
3312 4568 3368 4605 m
3388 4554 3600 4608 eadem
3620 4559 3777 4609 nocte

2116 4623 2588 4683 illaconcederet.
2614 4631 2920 4700 Ingressus
2942 4631 3140 4704 itaque
3170 4637 3240 4690 ad
3272 4642 3667 4699 secretiorem
3685 4645 3779 4698 do-

2118 4729 2249 4767 mus
2272 4721 2509 4785 partem,
2529 4716 2613 4770 sic
2635 4718 2844 4773 affatus
2859 4723 2944 4773 est
2961 4722 3247 4791 virginem
3274 4742 3288 4781 :
3311 4728 3534 4803 Surge,
3549 4732 3705 4787 salva
3726 4733 3777 4783 te

2114 4818 2179 4856 ac
2200 4802 2404 4858 libera.
2430 4804 2827 4877 Spoliavitque
2846 4825 2905 4863 se
2921 4810 3181 4866 vestibus
3196 4816 3334 4873 suis
3358 4802 3500 4879 (hoc
3524 4819 3783 4878 estcarri-

2113 4892 2220 4961 sia,
2246 4892 2552 4966 chlamyde
2574 4899 2630 4949 et
2651 4895 2783 4951 aliis
2803 4897 3076 4954 virilibus
3099 4906 3361 4979 cunctis)
3387 4909 3777 4981 atqueinduit

2111 4980 2388 5052 puellam,
2421 4984 2620 5040 dicens
2654 4984 2703 5039 ei
2741 5002 2756 5040 '.
2787 4986 3034 5043 Summa
3065 4995 3226 5061 parte
3262 4980 3621 5071 chlamydis
3661 4998 3782 5055 vela

2108 5081 2284 5142 caput
2317 5077 2506 5139 tuum,
2536 5080 2594 5129 et
2613 5073 2802 5129 velata
2825 5080 3043 5133 recede.
3062 5079 3196 5143 Quae
3219 5098 3366 5139 cum
3396 5104 3463 5143 se
3488 5090 3782 5161 signasset

2107 5160 2165 5213 in
2199 5160 2434 5216 nomine
2469 5163 2719 5233 Domini,
2752 5164 2834 5218 ita
2866 5167 3133 5237 utjussit
3161 5186 3419 5241 egressa
3452 5182 3569 5234 est.
3604 5178 3781 5244 Quam

2106 5249 2190 5303 sic
2220 5249 2507 5305 Dominus
2540 5251 2818 5308 intactam
2852 5253 3392 5332 incorruptamque
3422 5269 3712 5323 servavit-

2174 5338 2409 5393 Postero
2442 5344 2636 5394 autem
2687 5341 2800 5411 die,
2835 5344 3065 5415 cognito
3098 5348 3393 5408 omnibus
3443 5355 3562 5412 hoc
3609 5357 3780 5426 facto,

2101 5442 2279 5496 agens
2312 5427 2369 5480 in
2404 5427 2579 5484 rebus
2602 5428 2898 5500 illejudici
2926 5435 3199 5504 traditus,
3223 5454 3297 5493 ac
3323 5441 3675 5502 bestiarum
3700 5448 3778 5501 fe-

2100 5516 2270 5569 ritate
2302 5515 2633 5587 discerptus
2664 5526 2770 5585 est,
2808 5527 2872 5575 ut
2902 5523 3077 5579 etiam
3113 5525 3170 5580 in
3206 5525 3322 5582 hac
3360 5539 3542 5603 parte
3573 5537 3783 5593 confu—

2098 5622 2198 5660 sus
2248 5609 2615 5664 erubesceret
2647 5610 2895 5682 dazmon,
2928 5612 3271 5688 videretque
3306 5636 3461 5678 eum
3496 5630 3627 5682 tam
3681 5644 3780 5699 pro

2096 5708 2203 5745 sua
2240 5691 2450 5760 salute,
2484 5710 2657 5764 quam
2691 5701 2927 5768 propter
2958 5698 3140 5755 beatae
3185 5700 3364 5762 illius
3401 5726 3637 5769 nomen
3670 5691 3779 5769 du-

2092 5777 2230 5850 plici
2261 5780 2541 5852 martyrio
2569 5785 2931 5839 coronatum.

350 5016 481 5091 ipso
510 5022 863 5093 Symmacho
894 5026 1211 5097 interprete
1240 5027 1579 5084 Judaeorum
1614 5048 1675 5086 se
1703 5034 2001 5105 accepisse

350 5109 657 5166 referebat.

418 5204 540 5254 Non
593 5201 721 5256 sine
751 5218 931 5259 causa
982 5207 1180 5260 autem
1213 5205 1463 5263 virtutes
1512 5226 1745 5281 quoque
1784 5213 1994 5272 harum

344 5289 510 5358 posui
547 5290 924 5359 feminarum,
961 5301 1021 5346 ut
1054 5294 1313 5351 sciamus
1338 5298 1493 5367 quod
1520 5298 1723 5355 multis
1747 5302 1992 5373 profice-

339 5392 400 5431 re
434 5379 623 5434 modis
660 5396 979 5452 possumus
1010 5382 1056 5437 si
1096 5383 1368 5439 velimus.

956 5500 1191 5556 CAPUT
1226 5503 1367 5559 LIII.

324 5585 400 5641 De
434 5588 642 5641 Iuven:
680 5590 776 5659 qui
826 5591 1026 5644 maluit
1058 5591 1200 5645 mori
1231 5610 1394 5662 quam
1445 5596 1654 5652 Christi
1706 5599 1983 5666 virginem

1013 5668 1281 5734 stuprari.

390 5755 452 5808 In
475 5754 587 5812 alio
619 5771 855 5831 quoque
875 5763 1103 5818 vetusto
1120 5763 1443 5821 admodum
1464 5765 1692 5839 Codice,
1712 5769 1811 5841 qui
1837 5772 1982 5827 scri-
