3986 6168
432 332 539 388 339

1581 329 1949 383 ΔΡΡΕΝΒΙΧ
1984 330 2083 382 AD
2120 329 2338 384 VITAS
2373 332 2692 385 PATRUM.

3682 338 3769 393 340

433 458 671 530 ginibus
702 451 2084 522 duabuscohabitans,abstinentiamquenovem
2113 451 2169 519 Α
2199 469 2321 521 sco,
2346 453 2491 522 jube
2523 453 2713 524 ipsam
2749 452 2892 507 mihi
2922 453 2978 508 in
3012 452 3440 509 matrimonium
3480 457 3621 524 dari;
3664 461 3776 531 quia

432 546 520 602 vel
536 548 734 602 decem
753 543 924 600 annis
949 540 1308 606 custodiens,
1333 558 1366 595 a
1388 541 1643 611 quodam
1668 546 1904 596 cantore
1924 540 2089 596 solli-

434 636 613 692 citata
628 641 801 704 atque
822 636 1097 703 corrupta
1111 631 1477 701 est(Pallad.,
1494 631 1707 697 0.140).
1736 634 1869 694 Quae
1889 630 2089 685 statim

435 725 967 796 concipiens,partu
984 719 1326 792 explicitoin
1352 725 1585 775 tantum
1611 720 2090 792 prorupitodium

438 810 823 883 corruptoris,
856 813 921 864 ut
972 808 1155 863 nimia
1188 807 1637 879 compunctionc
1669 807 1906 879 peccati,
1942 806 2095 861 ultra

439 915 778 957 mensuram
794 913 1028 968 quoque
1052 914 1358 953 resumens
1392 898 1745 969 paenitentiae
1787 897 2095 952 continen-

439 991 605 1059 tiam,
640 988 793 1043 fame
823 986 1199 1056 semetipsam
1231 985 1403 1041 vellet
1433 986 1717 1054 occidere,
1752 986 2099 1058 lacrymosis

439 1077 713 1151 precibus
738 1076 960 1148 jugiter
989 1075 1305 1131 Dominum
1338 1075 1746 1146 interpellans,
1771 1079 1827 1128 et
1857 1074 2057 1128 dicens
2083 1088 2096 1128 :

437 1168 521 1224 Tu
553 1166 709 1222 Deus
743 1181 973 1236 magne,
1010 1164 1113 1236 qui
1166 1171 1402 1235 peccata
1433 1163 1705 1220 omnium
1739 1168 2099 1231 nostrorum,

438 1259 736 1330 totiusque
768 1256 975 1311 mundi
1018 1256 1471 1312 immoderatam
1532 1254 1821 1310 malitiam
1873 1259 2105 1326 portare

442 1346 762 1417 consuesti,
804 1346 905 1418 qui
957 1363 1072 1400 non
1123 1345 1213 1400 vis
1264 1350 1511 1400 mortem
1572 1344 1968 1416 peccantium,
2001 1359 2107 1398 nec

437 1437 763 1510 perditione
790 1434 1261 1506 delinquentium
1294 1433 1606 1490 delectaris
1652 1433 2106 1502 (Ezechxxxm),

438 1528 540 1583 sed
580 1526 862 1581 universas
912 1529 1192 1579 creatura:
1225 1528 1335 1578 tuae
1371 1524 1649 1595 probaris
1697 1540 1825 1579 esse
1877 1522 2110 1578 miseri-

442 1614 751 1686 cors,quia
781 1619 878 1668 tua
910 1612 1182 1668 voluntas
1210 1618 1300 1667 est
1325 1619 1540 1668 cuncta
1576 1612 1825 1679 salvari;
1852 1628 1944 1666 me
1967 1613 2109 1684 quo"

443 1721 557 1778 que
581 1704 868 1776 perditam
900 1703 961 1757 in
991 1703 1100 1757 hoc
1128 1703 1392 1767 ostende,
1422 1704 1473 1757 si
1507 1702 1695 1758 saluti
1730 1701 2027 1770 restitues,
2049 1714 2114 1764 ut

2197 557 2385 612 neque
2420 540 2519 595 illa
2543 542 2667 612 jam
2699 542 2883 613 virgo,
2917 558 3107 612 neque
3135 558 3238 613 ego
3267 541 3499 598 clericus
3527 561 3639 600 esse
3666 565 3778 617 pos-

2199 646 2353 685 sum.
2388 630 2710 702 Episcopus
2745 647 2871 685 cam
2919 631 3078 686 dedit
3127 630 3391 703 potestati
3437 632 3572 702 ejus,
3602 642 3781 705 putans

2199 719 2351 788 quod
2409 719 2570 773 illam
2627 719 2865 789 juvenis
2920 720 3047 791 ipse
3106 720 3662 792 diligeret,'quodque
3688 742 3783 780 non

2200 814 2398 879 posset
2428 808 2547 863 ullo
2581 809 2754 864 modo
2790 812 2861 865 ab
2895 811 3094 864 eadem
3129 811 3401 881 separari.

2269 908 2582 979 Acceptam
2608 907 2787 979 igitur
2803 910 3123 978 juvenis,et
3144 914 3259 963 tam
3283 908 3352 963 ab
3373 908 3623 981 episcopo
3643 927 3788 981 quam

2202 1014 2233 1049 a
2250 1000 2411 1067 patre
2434 997 2709 1052 traditam
2737 998 2845 1053 sibi
2871 998 3301 1053 commendavit
3322 998 3649 1054 monasterio
3664 1000 3793 1054 femi-

2206 1102 2414 1139 narum
2441 1102 2452 1139 :
2472 1104 2722 1158 quarum
2747 1088 3108 1143 abbatissam
3135 1089 3469 1159 deprecatus
3482 1088 3792 1144 estuthabe-

2207 1174 2423 1230 retillic
2436 1192 2563 1230 eam
2576 1177 2779 1243 ,donec
2794 1181 3043 1248 pareret,
3061 1176 3797 1248 sustendandam.lpsevero,

2207 1278 2275 1317 ea
2297 1262 2640 1319 derelictain
2659 1266 3013 1321 monasterio
3036 1266 3439 1333 memorato,in
3462 1266 3796 1336 angustacel-

2208 1350 2330 1406 lula
2346 1369 2407 1407 se
2420 1353 3214 1427 concludens,arripiensque
3236 1355 3632 1410 abstinentiam
3654 1354 3800 1408 nimis

2211 1440 2534 1507 difﬁcilem,
2556 1443 2697 1498 adiit
2721 1444 3019 1499 Christum
3043 1446 3215 1499 corde
3237 1443 3628 1511 contrito,cum
3646 1441 3802 1511 lacry-

2214 1530 2325 1585 mis
2359 1536 2534 1602 atque
2563 1533 2881 1603 gemitibus
2908 1534 3108 1588 dicens
3145 1549 3158 1588 :
3188 1534 3274 1588 Tu
3306 1533 3560 1599 Domine,
3583 1531 3665 1586 cui
3692 1538 3805 1585 nota

2214 1623 2354 1673 sunt
2384 1619 2601 1686 omnia,
2635 1626 2798 1676 actus
2831 1638 3062 1694 quoque
3095 1638 3256 1677 meos
3287 1620 3587 1694 agnoscis;
3617 1636 3708 1674 nec
3733 1624 3805 1673 est

2216 1708 2530 1779 quisquam
2555 1708 2738 1778 locus,
2769 1712 2867 1782 qui
2887 1711 3319 1783 omnipotentis:
3340 1716 3448 1765 tuas
3470 1709 3806 1765 oculissitoc-

441 1795 597 1866 quod
631 1810 699 1848 ex
731 1792 844 1847 mei
877 1790 1097 1864 peccati
1131 1792 1473 1863 perditione
1506 1796 1764 1847 creatum
1785 1795 1873 1846 est
1899 1789 2111 1861 (solitis
2139 1813 2187 1879 B
2217 1796 2434 1867 cultus,
2460 1799 2559 1868 qui
2588 1800 2860 1855 universa
2884 1801 3036 1855 nosti
3061 1806 3376 1871 antequam
3408 1799 3657 1854 ﬂant.Tu
3674 1797 3807 1851 solus

438 1882 558 1939 tuis
589 1880 889 1938 miraculis
923 1897 1103 1952 super
1128 1897 1221 1936 me
1257 1881 1537 1936 miseram
1572 1880 2015 1947 demonstratis)
2036 1896 2105 1934 ex

436 1971 547 2028 hac
576 1971 826 2028 celerius
860 1970 990 2026 luce
1011 1969 1277 2037 tollatur,
1322 1987 1394 2025 ne
1441 1970 1587 2025 forte
1637 1969 1835 2025 minus
1882 1968 2100 2037 audita,

438 2066 540 2118 aut
588 2061 802 2133 laqueo
833 2069 931 2116 aut
964 2059 1286 2131 praecipitio
1330 2059 1527 2131 perire
1556 2058 1893 2130 compellar.
1922 2059 2101 2129 Cujus

437 2166 640 2224 preces
671 2150 982 2206 exauditas
1014 2153 1260 2205 eventus
1295 2149 1589 2217 ostendit;
1625 2148 1821 2204 statim
1849 2162 2103 2219 namque

440 2241 596 2313 quod
634 2241 858 2313 peperit
889 2243 1074 2294 morte
1108 2239 1477 2294 subtractum
1511 2243 1619 2293 est.

512 2330 590 2385 Ex
614 2328 715 2383 illo
740 2327 923 2400 igitur
953 2327 1045 2382 die
1073 2326 1415 2399 captivatori
1449 2327 1688 2399 quidem
1723 2344 1829 2382 suo
1863 2345 1976 2382 non
2012 2330 2102 2382 est

440 2418 568 2474 visa
593 2416 864 2487 ulterius,
889 2420 1147 2471 attamen
1171 2416 1423 2471 summis
1438 2416 2101 2487 poenitentiascontinen-

446 2508 663 2579 tiaeque
694 2523 756 2561 se
785 2505 1030 2561 tradidit
1052 2504 1363 2577 angustiis.
1390 2507 1475 2560 Ita
1498 2510 1563 2559 ut
1585 2505 1952 2561 divinitatem
1986 2504 2101 2560 sibi

445 2594 762 2670 propitiam
777 2594 1021 2667 cupiens
1037 2593 1727 2665 reddere,elephantiosis
1753 2594 2101 2650 mulieribus

446 2703 550 2759 per
587 2702 773 2741 annos
810 2684 1055 2756 triginta
1095 2685 1355 2739 serviret.
1382 2684 1561 2754 Cujus
1602 2699 1803 2755 preces
1844 2683 2101 2739 humiles

446 2776 783 2831 misericors
806 2774 1094 2829 Dominus
1128 2790 1241 2828 non
1275 2772 1480 2828 fefellit
1507 2798 1520 2839 ;
1552 2772 1826 2828 revelavit
1846 2790 2101 2844 namque

447 2865 682 2921 cuidam
731 2869 933 2919 sancto
967 2863 1328 2934 presbytero,
1359 2862 1560 2917 dicens
1599 2879 1611 2916 :
1646 2861 1749 2918 Illa
1778 2863 1936 2932 virgo
1969 2862 2101 2933 plus

447 2952 593 3009 mihi
616 2952 673 3007 in
701 2950 1042 3025 poenitentia
1072 2968 1250 3023 quam
1286 2952 1343 3006 in
1374 2950 1712 3023 virginitate
1734 2968 1842 3007 sua
1862 2951 2099 3023 placuit.

445 3041 576 3098 Haec
607 3046 802 3097 autem
838 3058 994 3096 nunc
1025 3057 1130 3112 ego
1164 3040 1317 3108 dico,
1350 3048 1411 3095 ut
1442 3056 1611 3096 nemo
1643 3040 2103 3097 contemnendos

443 3147 544 3188 eos
574 3131 792 3203 credat,
821 3130 922 3202 qui
950 3146 1082 3186 vere
1114 3130 1521 3201 paenitentiam
1554 3130 1798 3203 egerint.

1060 3247 1295 3303 CAPUT
1342 3247 1503 3304 LVII.

940 3340 1056 3395 Vita
1084 3336 1367 3393 Eustathii
1397 3336 1638 3392 lectoris.

532 3439 861 3509 Presbyteri
884 3438 1196 3509 cujusdam
1219 3438 1339 3492 ﬁlia
1360 3442 1486 3492 erat
1508 3436 1661 3509 apud
1685 3439 2002 3491 Caesaream
2020 3440 2121 3490 Pa-

464 3528 709 3585 laestina:
741 3524 1048 3596 qrovinciae
1065 3524 1356 3578 civitatem
1382 3539 1509 3593 quae
1532 3539 1668 3577 cum
1692 3521 1749 3575 in
1773 3521 2122 3590 virginitatis

471 3634 604 3673 esse
618 3613 915 3686 proposito
927 3612 1511 3682 videretur,pra=.ceps
1524 3610 1963 3681 ruit(Pallad.,c.
1977 3611 2120 3682 141).

469 3705 575 3763 Cui
607 3703 729 3771 ille,
757 3719 792 3757 a
818 3718 932 3773 quo
967 3700 1207 3756 inducta
1236 3705 1410 3771 atque
1441 3703 1714 3769 corrupta
1737 3699 1943 3769 fuerat,
1994 3716 2122 3771 per-

470 3792 662 3850 suasit
710 3798 770 3846 ut
823 3791 1041 3845 factum
1098 3788 1399 3860 proprium
1445 3788 1504 3843 in
1553 3787 1733 3843 alium
1791 3789 2123 3845 mentiendo

467 3879 837 3944 transferret,
861 3882 917 3933 et
940 3882 1004 3932 ut
1023 3876 1222 3932 lectori
1254 3876 1487 3932 cuidam
1521 3876 1773 3933 civitatis
1805 3877 2127 3933 calumnio-

472 3985 609 4028 sum
640 3967 861 4024 crimen
894 3966 1240 4038 imponeret.
1266 3966 1529 4037 Cumque
1554 3967 1681 4034 jam
1712 3967 1954 4037 gravida
1975 3968 2126 4023 vide-

471 4062 656 4127 retur,
684 4062 849 4129 patre
882 4061 947 4111 ut
978 4057 1249 4127 proderet
1278 4056 1422 4110 tanti
1458 4044 1695 4112 sceleris
1712 4062 2011 4115 auctorem
2039 4075 2128 4114 co-

468 4152 666 4221 gente,
697 4163 732 4201 a
764 4149 1085 4201 memorato
1119 4144 1334 4200 lectore
1362 4144 1624 4201 vitiatam
1674 4161 1804 4201 esse
1853 4161 1915 4201 se
1963 4145 2125 4201 dixit.

414 4252 427 4263 '
468 4237 800 4306 Presbyter,
824 4237 889 4290 ut
920 4234 1185 4305 putabat,
1219 4233 1459 4290 veritate
1491 4238 1811 4306 comperta,
1836 4234 2129 4307 suggessit

466 4328 784 4399 episcopo;
839 4326 1150 4398 episCOpus
1182 4325 1241 4380 in
1273 4329 1625 4382 conventum
1657 4327 1925 4382 omnium
1960 4326 2129 4383 cleri-

466 4432 667 4473 corum
698 4414 976 4471 lectorem
1007 4414 1144 4471 fecit
1169 4414 1462 4471 accersiri.

538 4505 878 4595 Agitabatur
909 4504 1188 4595 quaestio:
1215 4504 1614 4595 interrogante
1635 4506 2127 4595 episcopo,lector
2154 4530 2202 4595 Β

465 4591 614 4648 nihil
634 4607 697 4647 se
721 4591 927 4647 fecisse
952 4591 1067 4647 tale
1089 4596 1318 4663 poterat
1338 4593 1623 4648 confiteri.
1650 4594 1794 4649 Nam
1827 4596 2120 4666 quomodo

467 4679 758 4737 confessio
789 4683 1135 4750 sequeretur
1168 4680 1265 4734 ubi
1297 4697 1413 4735 non
1445 4688 1824 4752 praecesserat
1854 4682 2117 4739 crimen?

466 4770 793 4842 Episcopus
816 4767 1015 4823 lectori
1038 4785 1146 4824 suo
1164 4769 1543 4825 vehementer
1578 4771 1785 4838 iratus,
1815 4772 1985 4843 quasi
2018 4772 2120 4844 qui

465 4858 839 4929 impudenter
856 4862 1114 4928 negaret,
1139 4857 1187 4912 ei
1213 4858 1322 4914 ista
1345 4859 1574 4914 dicebat
1598 4877 1611 4914 :
1640 4860 1847 4915 lnlelix
1865 4865 1922 4916 et
1942 4862 2121 4919 miser

464 4952 641 5017 atque
667 4946 1010 5018 impuritate
1029 4946 1292 5001 sordium
1316 4946 1506 5018 plene,
1528 4965 1641 5004 non
1665 4950 1964 5006 confiteris
1980 4953 2002 5004 Ρ
2019 4950 2122 5007 Re-

464 5037 703 5109 spondit
734 5037 845 5091 hoc
870 5034 1052 5090 lector
1084 5052 1097 5090 :
1132 5036 1249 5107 Ego
1271 5036 1505 5109 quidem
1539 5040 1691 5109 quod
1727 5044 1851 5096 erat
1886 5040 1944 5096 in
1977 5058 2120 5097 con-

464 5126 712 5183 scientia
723 5142 852 5181 mea
865 5123 1161 5193 dixi,nihil
1178 5142 1270 5180 me
1283 5142 1415 5181 cum
1432 5126 1537 5182 hac
1554 5127 1769 5185 habere
1783 5145 2117 5200 commune,

462 5230 654 5287 neque
670 5220 968 5287 peccatum
986 5231 1078 5270 me
1096 5213 1330 5285 aliquod
1347 5224 1629 5285 quantum
1647 5219 1718 5273 ad
1736 5224 2117 5275 memoratam

459 5304 747 5377 virginem
782 5308 1028 5375 spectat,
1052 5319 1368 5374 agnoscere
1392 5324 1405 5372 ;
1443 5306 1539 5361 sed
1558 5306 1603 5359 si
1626 5307 1711 5361 vis
1735 5307 1937 5362 audire
1959 5310 2114 5378 quod

460 5411 575 5450 non
595 5399 705 5463 est,
721 5410 826 5465 ego
849 5393 957 5448 hoc
976 5392 1197 5448 crimen
1222 5393 1457 5449 admisi.
1484 5395 1667 5460 Quem
1690 5395 1803 5450 ista
1826 5395 2116 5453 dicentem

459 5485 643 5557 gradu
677 5481 911 5539 lectoris
945 5482 1217 5552 deposuit
1248 5483 1560 5554 episcopus
1592 5483 1816 5539 statim.

533 5571 717 5628 Atille
740 5576 876 5627 tunc
912 5574 1298 5626 memoratum
1331 5571 1476 5626 adiit
1502 5573 2115 5641 sacerdotem,etcum

455 5666 692 5735 rogaret
706 5661 816 5718 hoc
831 5661 1034 5717 dicens
1052 5676 1065 5717 :
1082 5661 1369 5726 Quoniam
1390 5659 1490 5731 qui
1506 5676 1599 5718 me
1622 5678 1896 5734 peccasse
1909 5678 2116 5735 cogno-

2218 1904 2315 1956 pro
2326 1887 2379 1940 fu
2392 1888 2510 1941 nda
2524 1889 2809 1959 prospicis
2823 1890 3133 1960 cogitation
3146 1906 3514 1960 um,quarum
3532 1884 3811 1943 sincerissi-

2212 1992 2346 2030 mus
2378 1981 2552 2047 atque
2584 1978 2965 2034 acutissimus
2989 1979 3173 2050 judex
3204 1996 3330 2035 esse
3359 1975 3709 2034 consuevisti.
3736 1974 3802 2029 Tu

2212 2065 2747 2136 auxiliatorinjusta
2766 2068 3204 2139 patientium,tu
3222 2067 3569 2124 calumniam
3594 2066 3808 2122 subeun-

2210 2155 2358 2208 tium
2375 2156 2723 2225 consolator;
2746 2157 2837 2211 cui
2854 2158 2997 2211 nihil
3014 2156 3649 2230 placetiniquu'n,apud
3663 2168 3809 2225 quem

2212 2246 2738 2315 mensurajustitiaa
2755 2246 3146 2303 inaccessibili
3164 2246 3532 2319 semperluce
3546 2243 3812 2316 perspicua

2212 2338 2320 2402 est,
2349 2339 2405 2388 et
2426 2350 2600 2390 omne
2631 2353 2778 2407 opus
2829 2336 3135 2392 hominum
3184 2354 3381 2393 coram
3408 2342 3460 2392 te
3482 2340 3584 2391 est.
3609 2333 3728 2389 Tua:
3747 2334 3818 2385 est

2212 2422 2392 2494 igitur
2407 2424 2702 2495 aequitatis
2723 2426 2912 2481 incom
2925 2427 3343 2499 mutabilisque
3362 2424 3589 2497 judicii,
3615 2436 3816 2479 causam

2212 2528 2447 2583 quoque
2478 2530 2664 2569 meam
2696 2514 2891 2571 divina
2922 2516 3301 2572 manifestare
3332 2512 3631 2571 sententia.

2283 2615 2406 2683 Itaq
2417 2630 2485 2668 ue
2498 2615 2876 2685 cumjuvenis
2890 2615 3338 2687 infatigabiliter
3349 2614 3647 2671 Dominum
3659 2625 3821 2683 preca-

2212 2700 3819 2777 retur,jejuniisquevigilanteracdiligenterincumberet

2212 2790 2370 2845 intra
2393 2792 2562 2846 breve
2595 2797 2851 2863 tempus,
2877 2792 3072 2864 puella
3102 2810 3234 2848 cum
3277 2792 3538 2864 proprios
3566 2789 3701 2845 983
3728 2787 3817 2840 im-

2213 2879 2433 2949 plesset
2466 2881 2613 2950 dies,
2647 2882 2962 2936 advenerat
2994 2881 3045 2936 ei
3077 2882 3220 2937 hora
3252 2881 3538 2955 pariendi,
3568 2876 3820 2945 simulque

2212 2969 2706 3039 instabatjustum
2725 2970 3287 3040 Deijudicium;nam
3305 2988 3435 3027 cum
3450 2987 3571 3026 eam
3588 2966 3824 3039 urgerent

2211 3056 2589 3113 vehementer
2619 3059 2874 3129 gemitus
2894 3077 2960 3115 ac
2983 3060 3236 3127 dolores,
3260 3067 3438 3133 atque
3463 3061 3581 3131 jam
3610 3056 3727 3128 ipsa
3751 3052 3823 3106 in-

2138 3172 2180 3238 C
2219 3146 2382 3200 ferna
2411 3146 2822 3203 calumniatrix
2870 3150 3204 3205 miseranda
3252 3151 3630 3220 conspiceret,
3673 3157 3825 3212 neque

2228 3233 2497 3306 expedire
2510 3252 2570 3291 se
2585 3241 2787 3309 partus
2803 3238 2991 3310 ipsius
3006 3244 3203 3309 posset
3218 3239 3509 3313 angustiis
3522 3240 3828 3302 tantumque

2231 3323 2804 3397 cruciatumaprimo
2831 3329 3100 3398 usquead
3119 3329 3441 3401 septimum
3474 3328 3623 3382 diem
3656 3319 3831 3378 mulier

2230 3413 2569 3479 sustineret,
2602 3414 2953 3470 intolerabili
2986 3416 3182 3471 dolore
3213 3416 3544 3490 compulsa,
3575 3429 3694 3470 cum
3730 3410 3833 3480 jam

2232 3502 2359 3557 sine
2380 3502 2558 3558 dubio
2582 3520 2643 3559 se
2660 3504 3018 3561 videretesse
3033 3505 3407 3575 morituram,
3433 3497 3836 3577 nequeulterius

2232 3596 2333 3645 aut
2356 3593 2732 3658 manducare,
2761 3599 2861 3649 aut
2883 3593 3097 3663 bibere,
3124 3599 3223 3651 aut
3255 3611 3536 3652 somnum
3568 3589 3707 3649 oculi
3733 3587 3835 3656 ejus

2233 3681 2925 3752 capere.potuissent,hoc
2941 3684 3193 3739 maxima
3209 3683 3624 3757 proclamando
3637 3673 3836 3735 vocedi-

2234 3768 2435 3825 cebat:
2468 3769 2561 3824 Vae
2595 3770 2820 3826 miseras
2853 3771 3020 3839 mihi,
3047 3789 3173 3845 quae
3192 3776 3258 3829 ad
3284 3774 3398 3830 hoc
3422 3770 3727 3846 periculum
3748 3767 3834 3820 du-

2235 3857 2463 3929 pliciter
2477 3861 2734 3931 perveni;
2754 3863 3008 3932 primum
3036 3864 3187 3933 quod
3212 3864 3611 3936 virginitatem
3626 3851 3835 3931 perdidi,

2235 3948 2443 4003 deinde
2466 3951 2618 4020 quod
2643 3950 2855 4006 falsum
2873 3952 3073 4007 lectori
3092 3952 3174 4006 illi
3191 3941 3835 4024 crimenimposui.0uod

2235 4039 2433 4092 statim
2450 4039 2706 4094 defertur
2718 4041 2786 4095 ad
2806 4045 3029 4112 patrem
3049 4041 3063 4094 i
3071 4041 3442 4113 psius.Pater
3454 4048 3646 4097 autem
3657 4035 3839 4092 veritus

2236 4142 2308 4182 ne
2340 4128 2507 4199 quasi
2553 4128 3035 4186 calumniatorem
3067 4148 3201 4186 eum
3234 4130 3719 4203 reprehenderent
3743 4119 3841 4183 alii,

2234 4216 2393 4271 velut
2425 4218 2764 4274 incredulus
2798 4220 3018 4290 quievit
3048 4224 3105 4275 et
3136 4222 3343 4275 tacuit.
3381 4226 3484 4276 Per
3514 4217 3664 4273 aliud
3695 4211 3842 4285 igitur

2236 4305 2479 4362 biduum
2493 4307 2860 4373 ,imminente
2874 4309 3590 4382 eidivinojudicio,neque
3604 4301 3842 4362 morieba-

2236 4400 2334 4450 tur
2365 4413 2550 4468 neqne
2584 4397 2848 4468 pariebat
2880 4397 3092 4469 puella.

2309 4496 2375 4548 Et
2400 4495 2676 4565 quoniam
2702 4494 3187 4567 clamoresipsius
3202 4502 3380 4569 atque
3393 4497 3646 4569 gemitus
3658 4486 3845 4547 diutius

2233 4583 2683 4640 circumstantes
2698 4586 3087 4642 sororesterre
3113 4604 3227 4641 non
3255 4580 3843 4658 potuerunt,episCOP°

2230 4673 2384 4743 quod
2399 4674 2707 4729 audierant
2722 4673 2989 4729 celeriter
3000 4675 3685 4747 retulerunt,confessam
3702 4670 3750 4722 in
3764 4666 3846 4719 do-

2229 4759 2349 4816 lore
2362 4760 2471 4817 hoc
2488 4762 2662 4818 etiam
2679 4763 2835 4817 dudu
2848 4780 2900 4817 m
2918 4781 3047 4820 esse
3064 4764 3510 4838 dicentes,quod
3526 4756 3846 4819 calumniam

2231 4855 2552 4907 memorato
2585 4852 2781 4908 lectori
2814 4852 3043 4924 fuisset,
3075 4859 3132 4910 et
3162 4854 3383 4911 idcirco
3413 4870 3613 4927 parere
3646 4865 3747 4905 non
3768 4860 3845 4897 va-

2229 4939 2392 4996 leret.
2426 4942 2587 4996 Tunc
2604 4942 2674 4996 ad
2700 4958 2830 4997 eum
2854 4942 3131 4998 diaconos
3153 4943 3471 5016 episc0pus
3493 4940 3688 5006 mittit,
3711 4948 3849 4991 man-

2229 5030 2444 5102 datque
2468 5030 2519 5085 ei
2545 5048 2558 5086 :
2584 5031 2715 5097 Ora,
2744 5030 2949 5102 inquit,
2976 5035 3040 5087 ut
3088 5032 3508 5089 calumniatrix
3539 5036 3638 5087 tua
3672 5022 3848 5099 pariat-

2230 5119 2457 5182 Quibus
2489 5119 2720 5174 nullum
2755 5120 2913 5173 dedit
2936 5136 3283 5190 responsum
3312 5119 3632 5190 ille.neque
3654 5106 3851 5186 aperuit

2229 5210 2447 5263 ostium
2482 5209 2726 5280 proprie
2760 5208 3106 5275 mansionis,
3141 5209 3197 5264 in
3231 5227 3347 5281 qua
3388 5210 3631 5282 jugiter,
3664 5220 3727 5259 ex
3754 5211 3849 5271 quo

2229 5298 2419 5352 fuerat
2434 5298 2988 5368 ingressusjejuniis
3002 5298 3335 5371 vigiliisque
3350 5299 3663 5355 Dominum
3684 5303 3854 5365 preca-

2224 5387 2418 5441 batur.
2443 5387 2638 5457 Pergit
2658 5385 2839 5457 igitur
2862 5392 3025 5457 pater
3049 5387 3240 5458 ipsius
3265 5389 3334 5443 ad
3361 5388 3728 5458 episcopum;
3751 5391 3853 5434 rur-

2227 5492 2329 5531 sus
2371 5475 2663 5529 orationes
2700 5475 2755 5528 in
2780 5475 3025 5532 ecclesia
3059 5476 3326 5531 maximae
3358 5477 3543 5542 fiunt;
3578 5480 3631 5530 et
3660 5486 3756 5527 nec
3782 5464 3850 5521 sic

2228 5565 2463 5637 quidem
2500 5565 2600 5620 illa
2629 5564 2863 5636 aliquod
2896 5567 3220 5622 remedium
3254 5568 3568 5623 sentiebat.

2295 5664 2457 5721 Tunc
2488 5663 2670 5736 igitur
2697 5663 3008 5737 episcopus
3050 5664 3177 5738 ipse
3224 5666 3297 5724 ad
3338 5662 3618 5723 lectorem
3666 5657 3847 5719 venit:
