4002 6166
286 301 389 355 341

1553 312 1988 367 HERACLIDIS
2026 316 2446 370 PARADISUS.

3605 323 3712 375 342

290 427 487 520 pulsat
517 429 760 520 ostium,
794 439 847 486 et
877 432 1202 503 ingressus,
1239 433 1346 489 hoc
1379 433 1557 489 dicit:
1591 440 1792 507 Surge,
1831 437 1950 492 fra—
1979 439 2035 504 Α
2064 443 2238 512 vade,
2273 441 2488 513 inquit,
2524 448 2576 498 ct
2618 444 2686 498 ab
2727 444 2826 499 illo
2874 445 3233 500 frumentum
3296 451 3474 520 atque
3514 447 3708 504 oleum

290 523 382 571 ter
410 518 700 587 Eustathi,
721 525 779 575 et
799 521 956 576 solve
988 523 1140 593 quod
1164 523 1380 594 ligasti.
1424 526 1672 595 Ipsoque
1695 542 1952 581 momen-

291 611 375 673 to,
409 623 538 662 cum
574 607 758 664 lector
780 627 897 665 una
927 627 1060 665 cum
1096 612 1368 682 episcopo
1400 628 1589 683 genua
1619 631 1727 669 sua
1759 616 1950 670 flexis-

292 701 404 761 set,
440 698 658 752 mulier
689 700 854 754 enixa
889 705 997 754 est.
1022 704 1565 774 Tantumquejugis
1604 704 1948 760 innocentia

291 787 478 840 oratio
509 787 713 854 valuit,
750 795 814 843 ut
846 793 901 844 et
934 789 1228 844 calumnia
1263 792 1498 862 periret,
1532 795 1587 847 et
1623 792 1948 849 calumnia—

288 874 406 929 trix
436 877 854 932 emendaretur
883 878 941 932 in
978 879 1188 949 pmnis,
1217 885 1272 934 et
1306 885 1368 934 ut
1402 897 1711 952 possemus
1738 899 1948 953 agnos-

287 981 420 1019 cere
451 967 954 1035 quemadmodum
999 969 1272 1024 insistere
1306 969 1672 1026 orationibus
1705 972 1947 1027 debere-

283 1070 439 1121 mus,
475 1071 728 1126 quarum
759 1060 980 1112 tantam
1015 1057 1238 1114 scimus
1271 1074 1398 1114 esse
1421 1057 1716 1114 virtutem.

877 1237 1108 1292 CAPUT
1150 1237 1348 1295 LVIII.

678 1364 802 1417 Vita
831 1364 1026 1432 fratris
1055 1364 1192 1419 socii
1223 1365 1553 1420 Heraclidis.

357 1510 548 1559 Pauca
582 1522 736 1560 nunc
759 1507 828 1561 de
855 1507 1031 1562 fratre
1056 1508 1261 1578 loquar
1283 1510 1562 1581 quodam,
1588 1509 1685 1580 qui
1713 1526 1938 1564 mecum

282 1611 316 1648 a
341 1594 631 1665 principio
660 1597 989 1664 juventutis
1016 1615 1200 1669 usque
1225 1599 1278 1652 in
1306 1598 1648 1654 hodiernum
1676 1599 1830 1653 diem
1854 1599 1938 1652 vi-

281 1683 390 1748 xit,
428 1689 605 1755 atque
637 1684 718 1740 ita
750 1703 906 1741 nunc
939 1703 1150 1758 ponam
1185 1689 1359 1743 ﬁnem
1397 1704 1523 1743 meo
1557 1687 1752 1743 libello
1785 1689 1935 1759 (Pal-

279 1774 418 1838 lad.,
451 1791 573 1844 cap.
605 1775 752 1846 151).

355 1866 520 1922 Hunc
553 1885 660 1939 ego
675 1868 995 1938 plurimum
1029 1873 1308 1942 temporis
1329 1872 1645 1926 admodum
1663 1888 1931 1926 noveram

278 1954 442 2010 nullo
476 1957 769 2012 desiderio
801 1958 1016 2014 mentis
1051 1965 1152 2014 aut
1183 1960 1444 2031 corporis
1469 1959 1710 2028 victum,
1744 1960 1829 2014 vel
1862 1961 1933 2015 ad

266 2045 668 2114 jejunandum
687 2046 945 2103 noluisse
961 2047 1184 2118 placere
1198 2049 1661 2116 hominibus,ve1
1676 2051 1745 2104 ad
1766 2051 1934 2105 eden-

280 2134 426 2188 dum
447 2134 640 2189 carnis
659 2135 934 2192 illecebra
953 2143 1317 2207 superatum.
1333 2139 1557 2194 Vicisse
1581 2143 1773 2194 autem
1799 2156 1931 2194 eum

278 2225 554 2280 existimo
581 2229 698 2280 tam
730 2226 1068 2282 divitiarum
1093 2244 1264 2298 quam
1287 2245 1445 2283 vanae
1468 2228 1660 2298 gloriae
1678 2246 1744 2284 ex
1776 2234 1933 2299 parte

283 2313 502 2382 majore
537 2315 944 2386 cupiditatem,
981 2321 1155 2387 atque
1188 2317 1243 2371 id
1280 2318 1391 2372 sibi
1425 2318 1614 2373 solum
1667 2319 1934 2373 sufficere

279 2403 645 2472 credentem,
673 2405 826 2474 quod
853 2404 1092 2461 haberet
1125 2407 1182 2460 in
1207 2407 1497 2462 munibus.
1523 2407 1693 2462 Nullo
1724 2411 1930 2462 ornatu

277 2492 531 2547 vestium
585 2492 1004 2549 delectabatur.
1070 2497 1173 2551 Pro
1223 2501 1561 2568 contemptu
1595 2497 1766 2552 etiam
1803 2513 1932 2563 suo,

276 2597 514 2651 semper
542 2582 763 2653 gratias
793 2599 963 2654 agere
993 2589 1458 2653 consueverat,et
1487 2603 1589 2656 pro
1619 2585 1769 2641 veris
1793 2585 1935 2640 ami—

280 2670 368 2725 cis
399 2670 576 2725 etiam
615 2672 941 2741 periculum
979 2674 1176 2729 subire
1209 2675 1502 2746 cupiebat.
1535 2677 1818 2746 Expertus
1844 2679 1933 2730 est

273 2759 456 2814 etiam
483 2759 692 2815 millies
713 2765 769 2816 et
793 2763 936 2817 forte
959 2763 1213 2834 amplius
1239 2765 1568 2819 dmmonum
1594 2769 1929 2835 potestates,

275 2866 472 2919 usque
508 2851 653 2905 adeo
679 2855 742 2904 ut
770 2852 1019 2920 quadam
1041 2851 1134 2906 die
1168 2853 1376 2921 pacisci
1411 2871 1543 2908 cum
1576 2870 1641 2908 eo
1665 2853 1932 2908 diabolus

273 2938 470 3003 vellet,
505 2939 614 2994 hoc
649 2940 845 2994 dicens
873 2957 883 2994 :
920 2941 1198 2996 Promitte
1222 2942 1364 2997 mihi
1397 2942 1482 2996 vel
1506 2941 1686 2997 semel
1722 2946 1776 2997 te
1802 2960 1931 3013 pec-

273 3032 645 3094 caturum,et
673 3029 949 3084 feminam
975 3030 1081 3085 tibi
1105 3048 1468 3103 quaecunque
1486 3033 1554 3086 de
1578 3032 1685 3088 hoc
1711 3033 1931 3087 mundo

273 3117 728 3182 desideraveris,
761 3118 1066 3174 exhibebo.

345 3198 476 3254 Alio
509 3201 766 3270 quodam
809 3205 1069 3271 tempore
1102 3219 1205 3273 per
1243 3202 1689 3273 quatuordecim
1734 3212 1931 3257 noctes

270 3289 749 3360 conﬂigenscum
767 3305 831 3344 eo
847 3290 1070 3344 daemon
1090 3291 1423 3362 (sicutiipse
1440 3291 1584 3345 mihi
1603 3291 1930 3360 referebat],

273 3396 411 3433 cum
448 3378 701 3450 pedibus
732 3395 865 3433 eum
901 3383 1068 3434 nocte
1100 3381 1172 3434 de
1205 3379 1352 3435 cella
1385 3398 1492 3435 sua
1519 3381 1795 3449 traheret,
1829 3381 1934 3435 bu-

277 3485 457 3522 mana
491 3468 540 3522 ei
574 3484 712 3522 voce
743 3468 1012 3522 dicebat:
1064 3469 1192 3523 Noli
1234 3471 1475 3525 adorare
1522 3470 1844 3535 Christum,
1878 3475 1934 3524 et

283 3574 593 3628 nunquam
643 3558 714 3611 ad
749 3562 803 3611 te
838 3557 1081 3612 ulterius
1133 3560 1425 3614 accedam.
1459 3559 1560 3613 Cui
1603 3559 1712 3614 hoc
1758 3561 1934 3613 dabat

278 3647 381 3702 ille
405 3663 754 3718 responsum
777 3663 788 3700 :
812 3647 1142 3718 Propterea,
1160 3648 1451 3718 inquiens,
1475 3648 1662 3718 magis
1683 3652 1738 3703 et
1756 3648 1931 3704 adoro

277 3754 440 3802 eum,
467 3742 525 3791 et
547 3737 771 3808 jugiter
800 3737 1077 3804 adorabo,
1113 3743 1169 3792 et
1199 3739 1257 3792 in
1297 3738 1655 3793 immensum
1691 3739 1932 3793 modum

275 3826 620 3880 admirabor
641 3825 887 3898 gloriam
912 3826 1100 3897 ipsius
1134 3843 1198 3881 ac
1223 3829 1490 3897 stupebo,
1516 3829 1652 3899 quia
1677 3827 1783 3883 hoc
1805 3829 1933 3900 ipso

274 3917 434 3988 quod
473 3916 620 3971 facio
663 3915 897 3987 angeris
928 3917 1175 3971 multum
1211 3923 1385 3987 atque
1417 3918 1718 3973 cruciaris.

349 4006 598 4061 Centum
632 4011 689 4061 et
706 4022 803 4060 sex
830 4005 1234 4076 civitatesipse
1257 4007 1730 4079 cognovit,longo
1756 4008 1932 4061 etiam

272 4101 545 4167 tempore
576 4095 634 4149 in
663 4095 934 4166 plurimis
958 4101 1221 4151 moratus
1240 4101 1348 4153 est.
1384 4097 1597 4152 Favore
1620 4101 1675 4151 et
1709 4097 1934 4151 miseri-

275 4185 481 4240 cordia
503 4185 738 4240 Christi.
761 4186 1038 4240 feminam
1075 4191 1346 4257 expertus
1365 4190 1450 4240 est
1485 4185 1731 4251 nullam,
1755 4202 1937 4254 neque

274 4276 435 4329 inter
458 4274 830 4338 somnia,nisi
856 4275 910 4329 in
938 4275 1280 4330 certaminis
1297 4275 1515 4330 visione
1536 4281 1711 4346 atque
1737 4276 1937 4330 conﬂi-

271 4371 436 4421 ctus.
474 4365 605 4420 Scio
640 4370 696 4418 et
727 4381 859 4420 eum
895 4369 983 4419 ter
1013 4365 1311 4434 accepisse
1344 4367 1415 4419 ab
1449 4366 1670 4436 angelis
1702 4365 1934 4419 cibum:

271 4461 612 4511 unoautem
637 4454 727 4509 die
755 4454 810 4507 in
839 4453 1192 4509 vastissimis
1213 4453 1599 4509 solitudinum
1622 4454 1938 4522 locis,cum

2065 532 2169 586 tibi
2202 535 2678 604 datur.Cumque
2712 534 2781 588 ad
2808 550 2941 588 eum
2977 533 3070 589 ille
3100 535 3222 606 ipse
3255 537 3529 592 venisset.
3566 538 3616 592 is
3637 540 3706 593 ad

2058 640 2230 693 quem
2282 625 2470 678 fuerat
2513 623 2637 694 ipse
2687 624 3075 679 transmissus
3122 624 3203 679 ait
3234 626 3400 681 eiden
3432 643 3443 681 :
3479 628 3561 681 Tu
3608 627 3706 682 ille

2059 713 2254 766 nescio
2285 712 2464 783 quis?
2498 713 2562 766 Et
2593 712 2688 767 ille
2721 729 2782 768 se
2816 730 2943 769 esse
2967 714 3288 784 respondit.
3312 716 3392 769 Ad
3415 732 3582 784 quem
3609 718 3702 770 di-

2054 800 2136 855 xit
2168 802 2276 856 hoc
2309 801 2404 857 ille
2431 819 2442 856 :
2477 802 2666 857 Jussit
2695 803 2993 875 aliquisut
3023 802 3127 857 tibi
3152 803 3394 874 triginta
3422 804 3701 858 frumenti

2057 890 2303 954 modios,
2339 895 2395 944 et
2427 892 2622 945 decem
2657 890 2764 945 olei
2798 891 3082 945 sextarios
3114 892 3336 945 darem.
3373 891 3448 945 De
3468 891 3574 945 hoc
3606 908 3698 945 er-

2053 996 2123 1049 go
2159 979 2405 1033 maxime
2443 980 2736 1050 gloriabor
2768 981 2867 1051 qui
2901 980 3034 1034 talis
3060 980 3203 1046 fuit;
3237 997 3404 1049 quem
3429 980 3558 1034 novi
3583 981 3698 1034 fre-

2054 1073 2316 1138 quenter,
2355 1086 2483 1124 cum
2501 1069 2590 1122 vid
2603 1069 2962 1141 eretaliquos
2989 1069 3335 1125 necessitate
3349 1069 3700 1140 gravissima

2051 1175 2118 1212 ac
2151 1158 2396 1228 penuria
2446 1158 2731 1224 laborare,
2776 1159 3029 1214 multum
3067 1159 3315 1226 ﬂevisse,
3365 1163 3423 1214 et
3466 1159 3699 1214 dedisse

2050 1246 2259 1301 iisdem
2278 1253 2482 1318 praeter
2508 1265 2721 1318 corpus
2745 1265 2917 1303 suum
2944 1265 3308 1320 quaecunque
3330 1248 3545 1303 habere
3568 1265 3700 1319 pos-

2049 1341 2154 1390 set.
2190 1336 2328 1391 Novi
2361 1338 2538 1391 etiam
2571 1354 2673 1408 pro
2705 1337 2901 1408 aliquo
2925 1337 3233 1403 monacho,
3263 1338 3362 1409 qui
3392 1337 3449 1392 in
3473 1337 3696 1409 peccati

2048 1424 2301 1493 ruinam,
2337 1429 2566 1481 tantum
2599 1425 2659 1480 in
2694 1426 2966 1497 precibus
2998 1427 3120 1482 suis
3155 1426 3377 1482 fudisse
3413 1425 3696 1498 lacryma-

2046 1530 2200 1579 rum,
2238 1520 2300 1568 ut
2331 1531 2466 1569 eum
2500 1516 2570 1569 ad
2622 1515 3023 1586 paenitentiam
3059 1532 3331 1587 magnam
3375 1517 3593 1570 orando
3629 1532 3694 1570 ac

2047 1599 2236 1655 flendo
2289 1607 2604 1657 revocaret.
2667 1604 2768 1658 Hic
2798 1604 2952 1659 idem
2989 1604 3128 1659 mihi
3173 1603 3487 1674 aliquando
3522 1604 3688 1674 jura-

2042 1689 2144 1754 vit,
2190 1689 2298 1745 hoc
2349 1691 2586 1747 dicens:
2643 1694 2993 1764 Deprecatus
3043 1710 3174 1746 sum
3225 1693 3562 1759 Dominum,
3619 1708 3690 1746 ne

1965 1804 2010 1867 Β
2042 1794 2304 1847 unquam
2341 1779 2562 1850 aliquid
2593 1782 2845 1836 maxime
2869 1799 2900 1835 a
2931 1787 3233 1853 peccatore
3264 1781 3350 1836 vel
3383 1781 3581 1846 divite,
3622 1798 3690 1835 ex

2045 1867 2118 1920 iis
2151 1885 2275 1938 quae
2310 1869 2638 1924 necessaria
2677 1869 2855 1925 victui
2888 1870 2977 1925 vel
3023 1870 3155 1926 usui
3190 1887 3318 1926 meo
3351 1869 3690 1925 viderentur

2045 1957 2388 2027 acciperem.

2117 2046 2259 2100 Mihi
2308 2052 2499 2102 tamen
2537 2048 2639 2103 hoc
2691 2049 2912 2104 sufficit
2952 2051 3105 2120 quod
3155 2048 3341 2104 merui
3390 2052 3687 2104 tantorum

2047 2137 2391 2191 meminisse
2417 2142 2776 2205 sanctorum,
2811 2143 2867 2193 et
2899 2139 3051 2209 quod
3098 2139 3308 2193 tradidi
3346 2155 3443 2193 eos
3477 2154 3693 2194 memo-

2046 2225 2143 2280 ria}
2177 2225 2500 2280 litterarum
2532 2245 2544 2294 ;
2583 2244 2769 2297 neque
2803 2227 2953 2282 enim
2993 2226 3119 2281 sine
3163 2227 3448 2283 instinctu
3483 2227 3584 2282 Dei
3617 2229 3688 2282 ad

2044 2315 2152 2370 hoc
2195 2320 2332 2371 tuus
2365 2333 2576 2371 sensus
2624 2333 2906 2371 accensus
2953 2321 3062 2384 est,
3098 2321 3161 2370 ut
3193 2315 3365 2370 velles
3399 2333 3431 2370 a
3463 2333 3554 2370 me
3583 2316 3688 2370 tibi

2046 2405 2158 2459 ista
2190 2406 2481 2460 conscribi
2512 2412 2568 2461 et
2600 2411 2664 2460 ut
2697 2406 2945 2460 istorum
2971 2406 3236 2460 omnium
3261 2405 3410 2461 vitas
3429 2421 3692 2476 compre-

2044 2493 2218 2548 hendi
2249 2495 2587 2566 praeciperes
2618 2495 2725 2550 hoc
2758 2494 2974 2549 libello.

2114 2585 2196 2638 Tu
2231 2602 2381 2652 vero,
2419 2584 2754 2640 felicissime
2777 2584 2994 2640 Christi
3027 2584 3244 2640 famule
3268 2585 3475 2652 Lause,
3499 2585 3687 2640 liben-

2043 2678 2131 2728 ter
2162 2673 2283 2728 hzec
2318 2674 2522 2742 recole,
2558 2675 2875 2730 maximam
2911 2674 2967 2728 in
3003 2673 3094 2728 his
3129 2675 3447 2745 imaginem
3487 2693 3686 2730 resur—

2044 2763 2321 2818 rectionis
2345 2780 2690 2834 agnoscens.
2728 2765 2930 2818 Beatas
2961 2768 3298 2819 sanctorum
3333 2765 3481 2819 vitas
3529 2765 3684 2819 viro-

2045 2869 2200 2914 rum,
2236 2856 2291 2906 et
2324 2852 2723 2907 intolerandos
2766 2852 3017 2921 labores,
3051 2857 3106 2908 et
3145 2853 3550 2908 admirandam
3587 2871 3686 2925 pa-

2043 2941 2311 2995 tientiam
2360 2941 2503 3011 lege,
2546 2943 2948 3012 promotisque
2998 2942 3270 2998 sensibus
3321 2959 3585 3014 sequere,
3632 2946 3690 2997 et

2043 3047 2145 3100 spe
2200 3047 2394 3083 rerum
2443 3031 2729 3084 bonarum
2777 3030 3218 3101 coalestiumque
3264 3032 3445 3097 nutri,
3497 3032 3690 3086 sciens

2047 3135 2264 3189 paucos
2297 3118 2416 3173 lore
2435 3118 2534 3189 qui
2564 3124 2885 3189 sequentur
2904 3136 3000 3174 eos
3023 3120 3119 3190 qui
3140 3121 3245 3174 hos
3264 3137 3613 3190 praacesseru
3629 3126 3688 3174 nt

2047 3208 2192 3262 dies.
2232 3208 2338 3262 Pro
2372 3223 2464 3262 me
2486 3211 2677 3262 autem
2699 3224 2863 3263 orare
2885 3207 3148 3277 dignare,
3179 3207 3471 3278 talemque
3496 3214 3550 3262 te
3584 3210 3685 3262 mi-

2040 3295 2303 3367 hiatque
2326 3296 2601 3350 omnibus
2625 3295 2835 3365 przebe,
2863 3294 3094 3365 qualem
3116 3311 3243 3348 esse
3262 3299 3315 3348 te
3333 3294 3462 3349 novi
3491 3312 3523 3348 a
3546 3311 3685 3348 con-

2041 3385 2237 3439 sulatu
2272 3384 2484 3438 Titiani
2515 3401 2699 3455 usque
2722 3383 2778 3438 in
2807 3388 3149 3455 praesentem
3175 3383 3354 3450 diem,
3374 3388 3429 3437 et
3450 3383 3682 3453 qualem

2042 3479 2239 3545 postea
2274 3480 2327 3529 te
2351 3473 2658 3544 praesulem
2693 3473 2943 3527 cubiculi
2971 3472 3073 3542 pia:
3093 3472 3481 3526 sedisinveni.
3507 3472 3682 3526 Nam-

2043 3579 2154 3632 que
2188 3579 2347 3634 opes,
2382 3563 2660 3633 dignitas,
2694 3566 2750 3616 et
2778 3566 3072 3632 potestas,
3108 3561 3166 3616 in
3201 3560 3360 3616 nullo
3394 3563 3680 3616 minorem

2040 3656 2096 3705 te
2128 3668 2264 3722 erga
2298 3667 2556 3706 amorem
2592 3651 2693 3705 Dei
2744 3652 3134 3721 timoremque
3185 3650 3464 3705 fecerunt.
3500 3651 3683 3705 Totus

2041 3740 2138 3795 ille
2182 3741 2305 3809 jam
2340 3740 2554 3795 Christi
2605 3757 2705 3806 es;
2743 3739 2921 3809 illius,
2969 3740 3063 3794 cui
3095 3738 3409 3810 aliquando
3459 3740 3685 3794 daamon

2041 3828 2151 3884 hoc
2183 3829 2358 3883 dixit:
2395 3828 2604 3884 Omnia
2638 3829 2744 3883 tibi
2786 3828 2902 3882 ista
2933 3829 3101 3895 dabo,
3139 3828 3184 3883 si
3214 3844 3306 3883 me
3341 3844 3561 3899 pronus
3592 3845 3690 3880 vo-

2042 3917 2225 3973 lueris
2254 3919 2496 3973 adorare
2531 3918 2740 3988 (Matth.
2775 3917 2874 3987 ιν).
2910 3917 3044 3988 [Sed
3065 3915 3222 3970 hunc
3255 3916 3537 3971 Dominus
3558 3933 3696 3970 con-

2047 4008 2220 4078 fudit,
2256 4023 2382 4063 cum
2409 4007 2588 4061 dixit:
2620 4005 2779 4060 Vade
2813 4011 2987 4059 retro.
3018 4007 3199 4069 Quem
3226 4008 3288 4058 tu
3309 4021 3540 4075 quoque
3562 4003 3692 4057 imi-

2045 4102 2204 4163 tans,
2240 4096 2564 4168 repudiatis
2596 4095 2767 4149 ﬂuxis
2790 4094 3010 4147 divitiis
3033 4098 3088 4147 et
3115 4092 3414 4148 umbratili
3440 4094 3568 4147 vita
3589 4091 3696 4145 hu-

2044 4187 2147 4255 jus
2179 4185 2383 4256 gloria,
2430 4184 2725 4239 ccelestem
2759 4182 2920 4237 illam
2956 4182 3350 4236 immortalem
3384 4181 3562 4234 vitam
3593 4222 3605 4245 ,
3641 4185 3696 4234 et

2049 4280 2330 4329 aeternum
2366 4289 2632 4345 regnum,
2669 4277 2725 4327 et
2757 4276 3035 4343 perpetuo
3060 4276 3392 4324 manentem
3426 4268 3697 4338 gloriam,

2051 4367 2104 4418 et
2122 4364 2276 4417 bona
2309 4362 2405 4416 illa
2435 4361 2879 4430 adamasti,qu{e
2901 4374 3088 4428 neque
3112 4357 3318 4412 oculus
3340 4358 3487 4412 vidit
3511 4373 3700 4428 neque

2051 4451 2212 4506 auris
2246 4451 2487 4514 audivit,
2540 4465 2727 4519 neque
2761 4449 2817 4502 in
2861 4465 2958 4502 cor
2987 4446 3248 4502 hominis
3302 4447 3700 4501 ascenderunt

273 4560 354 4598 ne.
382 4543 594 4598 micam
614 4543 851 4614 quidem
879 4542 1045 4610 panis
1068 4542 1326 4609 haberet,
1350 4547 1467 4597 tres
1484 4543 1778 4597 calidosin
1797 4541 1944 4613 pelle
1975 4524 2021 4587 Β
2055 4543 2183 4610 (lsa.
2227 4556 2373 4606 LXIV,
2403 4543 2429 4594 1
2463 4541 2592 4594 Cor.
2628 4539 2726 4609 2);
2759 4553 3008 4608 quorum
3043 4536 3270 4590 utinam
3311 4536 3566 4590 haaredes
3601 4553 3706 4590 nos

275 4650 394 4688 sua
421 4632 634 4703 reperit
659 4633 984 4703 paximates
1009 4651 1022 4699 ;
1049 4631 1162 4686 alio
1192 4648 1423 4702 quoque
1446 4638 1708 4702 tempore
1740 4632 1941 4685 vinum

275 4738 347 4776 ac
369 4738 544 4790 panes
562 4721 782 4791 pariter
800 4720 1036 4774 invenit.
1056 4721 1314 4784 Quodam
1331 4720 1501 4774 dieeu
1516 4737 1563 4773 m
1583 4719 1754 4773 alicui
1772 4720 1946 4773 dixis-

275 4827 343 4865 se
381 4811 747 4875 reminiscor,
781 4809 934 4880 quod
966 4807 1170 4880 angelo
1205 4808 1478 4879 loquente
1511 4809 1632 4861 hac
1665 4807 1940 4874 audierit,

276 4897 470 4954 Didici
498 4904 552 4954 et
575 4899 730 4970 quod
756 4897 1036 4952 alimenta
1056 4896 1182 4950 vitae
1208 4896 1538 4952 necessaria
1563 4912 1678 4950 non
1699 4895 1944 4952 haberes

358 5054 375 5088 ¹
417 5052 650 5107 Inclusa
683 5052 895 5106 desunt
926 5049 1184 5105 Editioni
1217 5050 1408 5104 Fabri.

2059 4632 2230 4684 faciat
2264 4647 2379 4683 una
2410 4645 2542 4683 cum
2579 4629 2855 4682 omnibus
2884 4626 3102 4680 sanctis
3127 4625 3251 4680 suis
3280 4625 3631 4696 patriarcbis
3653 4629 3709 4679 et

2061 4718 2383 4791 prophetis,
2418 4717 2819 4788 apostolisque
2852 4732 2916 4769 ac
2948 4714 3326 4786 martyribus,
3355 4719 3410 4769 et
3453 4713 3524 4769 iis
3557 4731 3704 4785 quo-

2058 4824 2188 4863 rum
2223 4808 2279 4861 in
2314 4807 2422 4861 hoc
2467 4806 2617 4860 libro
2649 4804 2986 4860 memoriam
3031 4803 3482 4870 celebravimus,
3518 4802 3710 4875 gratia

2056 4896 2247 4968 ipsius
2279 4894 2598 4951 Salvatoris
2631 4893 2816 4949 nostri
2845 4893 2986 4948 Jesu
3019 4890 3258 4947 Christi.
3293 4892 3357 4961 ¹]²

356 5124 379 5158 ³
431 5125 498 5180 In
527 5125 678 5180 Edit.
712 5122 881 5179 Fabri
903 5123 1260 5194 sequebatur
1282 5121 1374 5177 hic
1395 5119 1707 5192 peroratio.
1747 5120 1843 5175 Est
1873 5121 2072 5177 eadem
2109 5136 2241 5176 cum
2272 5119 2554 5191 prooemio
2580 5137 2781 5192 supra.
