4002 6166
451 377 3779 401 W

1077 495 2072 649 PALLADII
2184 497 3235 652 LAUSIAGA

960 762 1546 876 INCERTO,
1625 766 1857 860 SED
1923 769 2412 864 VETERI
2478 765 3332 863 INTEBPRETE.

1922 1055 2407 1182 Prologus.

525 1344 869 1402 984Multa
882 1346 1120 1417 quidem
1135 1348 2001 1421 etvariadiversistemporibus
2019 1368 2051 1404 a
2073 1350 2319 1405 diversis
2349 1348 2680 1421 conscripta
2702 1347 2994 1403 habentur
3014 1347 3083 1402 de
3105 1346 3197 1403 his
3226 1346 3324 1418 qui
3348 1346 3632 1402 illecebras
3649 1340 3815 1401 seculi

452 1434 951 1506 derelinquentes,
974 1437 1043 1490 ad
1066 1436 1386 1507 Christum,
1413 1440 1596 1494 fecere
1617 1438 1981 1510 confugium,
2004 1456 2252 1510 quorum
2280 1440 2499 1494 bonum
2522 1437 2704 1493 animi
2726 1435 3084 1492 desiderium
3104 1441 3161 1491 et
3183 1435 3461 1507 religiosas
3483 1434 3680 1489 mentis
3698 1434 3813 1488 aﬂ’ec

452 1527 579 1578 tum
614 1541 874 1595 supernae
906 1526 1105 1596 gratiae
1140 1526 1469 1599 inspiratio,
1503 1529 1672 1599 quasi
1697 1514 1997 1599 adjectum.
2017 1529 2263 1584 ﬂammae
2287 1528 2478 1583 oleum
2506 1527 2823 1591 nutriebat,
2847 1525 2903 1580 in
2928 1526 3370 1581 aedificationem
3394 1540 3584 1580 eorum
3606 1522 3697 1594 qui
3720 1522 3813 1576 fide

450 1612 1007 1683 integravoluntarii
1036 1622 1375 1683 permanent
1398 1618 1454 1671 in
1480 1617 1746 1672 doctrina
1770 1617 2086 1673 Salvatoris
2106 1618 2286 1673 nostri
2314 1617 2545 1672 Christi.
2571 1614 2975 1671 Consideranti
2997 1620 3192 1670 autem
3214 1630 3385 1685 quam
3412 1617 3629 1685 gratum
3649 1610 3819 1666 sitDeo

453 1701 830 1769 sacrificium,
857 1701 1086 1757 lucrum
1118 1705 1472 1767 animarum,
1510 1706 1698 1761 visum
1723 1711 1813 1761 est
1834 1707 2051 1760 etmihi
2075 1706 2283 1761 humili
2322 1706 2643 1761 reverentia
2675 1722 2777 1776 pro
2802 1703 3189 1775 possibilitate
3230 1720 3359 1779 mea
3387 1703 3634 1757 fraternae
3662 1699 3814 1754 saluti

454 1789 780 1858 consulere,
816 1795 873 1846 et
904 1791 1224 1847 illustrium
1258 1811 1373 1849 non
1406 1795 1815 1849 tantummodo
1844 1795 2129 1862 virorum,
2166 1797 2263 1850 sed
2297 1796 2472 1850 etiam
2502 1795 2853 1849 feminarum
2889 1809 3082 1848 mores
3104 1797 3161 1847 et
3178 1793 3357 1848 vitam
3378 1790 3682 1855 ostendere,
3703 1803 3816 1859 pro-

458 1878 657 1950 palare
686 1880 952 1951 virtutes,
986 1886 1043 1936 et
1074 1882 1358 1937 miracula
1389 1882 1705 1953 declarare,
1731 1900 1932 1938 eorum
1967 1884 2194 1939 scilicet
2222 1901 2365 1954 quos
2390 1882 2529 1949 vidi,
2563 1889 2620 1938 et
2651 1884 2720 1937 de
2749 1883 2967 1953 quibus
2991 1881 3208 1952 audivi,
3243 1898 3374 1936 cum
3407 1880 3612 1952 quibus
3640 1882 3818 1933 etcon-

457 1972 726 2023 versatus
757 1986 890 2025 sum
930 1975 1047 2026 tam
1082 1971 1140 2026 in
1172 1972 1398 2044 ZEgypti
1427 1972 1767 2040 solitudine,
1796 1990 1972 2045 quam
2006 1975 2178 2030 etiam
2212 1973 2268 2027 in
2306 1973 2484 2044 Libya
2513 1978 2571 2028 et
2598 1972 2913 2027 Thebaida.
2951 1976 3007 2026 et
3036 1974 3183 2025 Sene
3215 1972 3398 2042 (Vetus
3428 1968 3597 2024 Editio
3626 1967 3819 2023 Sirene.

460 2056 545 2110 An
576 2058 857 2129 Cyrene?)
882 2060 1084 2125 simul,
1118 2066 1176 2116 et
1209 2062 1309 2133 qui
1345 2061 1623 2117 dicuntur
1653 2062 2165 2131 Tabenneosiotae;
2193 2063 2405 2118 deinde
2436 2062 2495 2115 in
2531 2061 2973 2133 Mesopolamia,
3007 2059 3334 2123 Palaestina,
3367 2064 3424 2114 et
3456 2057 3629 2127 Syria,
3656 2060 3706 2110 et
3746 2070 3825 2108 eo-

462 2159 595 2201 rum
620 2146 719 2217 qui
749 2147 804 2202 in
838 2149 1098 2205 occiduis
1124 2151 1415 2220 partibus,
1438 2155 1629 2205 Romae
1652 2157 1708 2205 et
1731 2152 2061 2223 Campaniae
2086 2156 2411 2207 morantur.
2437 2150 2735 2206 Desiderio
2759 2150 3053 2221 siquidem
3082 2148 3437 2203 humilitatis
3458 2150 3512 2202 et
3530 2143 3825 2203 obedientie

463 2235 698 2290 auditor
727 2236 969 2293 ell‘ectus
1012 2240 1349 2294 monasticae
1397 2239 1812 2309 institutionis,
1854 2240 2225 2311 trigesimum
2260 2245 2316 2295 et
2346 2241 2587 2295 tertium
2621 2256 2800 2311 agens
2832 2240 3020 2294 aetatis
3066 2255 3286 2293 annum
3340 2240 3396 2293 in
3430 2235 3826 2308 congregatione

459 2323 735 2393 fratrum,
770 2325 1156 2382 nihilominus
1181 2332 1236 2382 et
1256 2328 1314 2381 in
1341 2326 1603 2383 solitaria
1624 2330 1741 2385 vita
1777 2330 2104 2385 diversatus
2149 2346 2302 2397 sum,
2351 2329 2451 2384 ubi
2477 2330 2729 2400 plurima
2766 2329 2942 2384 didici
2971 2326 3277 2394 imitanda,
3306 2327 3512 2398 pariter
3534 2329 3587 2381 et
3603 2321 3825 2386 vitanda,

460 2425 589 2481 quae
620 2410 675 2465 in
710 2412 818 2468 hoc
850 2412 1021 2479 libro,
1056 2431 1169 2486 qua
1200 2420 1399 2486 potero
1433 2416 1735 2482 brevitate,
1781 2422 2113 2485 contexam;
2149 2425 2213 2473 ut
2245 2418 2302 2472 in
2333 2417 2676 2488 compendio
2710 2416 3010 2473 salutifera
3040 2415 3407 2483 commoniti,
3440 2411 3825 2468 indeﬁcientem

458 2498 671 2555 animm
702 2501 1005 2572 capiamus
1030 2504 1381 2559 medicinam
1408 2521 1421 2572 ;
1449 2521 1682 2561 omnem
1706 2505 1975 2562 videlicet
1998 2506 2418 2563 obliviscamur
2442 2507 2754 2574 desidiam,
2784 2507 3116 2577 mentisque
3142 2502 3533 2561 somnolentis
3562 2504 3614 2556 et
3634 2494 3826 2555 carnale

457 2586 848 2658 desiderium;
882 2608 1237 2664 omnemque
1271 2594 1701 2650 dissensionem
1726 2594 1930 2666 animi,
1957 2596 2405 2651 commotionem
2439 2596 2779 2665 iracundiae,
2803 2595 3107 2651 tristitiam
3131 2598 3189 2650 et
3211 2589 3660 2649 irrationabilem
3680 2586 3825 2641 timo-

461 2692 582 2732 rem
617 2694 717 2749 per
748 2686 870 2736 haec
900 2681 1253 2753 repellamus
1279 2701 1291 2751 ;
1317 2700 1524 2739 vanam
1544 2683 1791 2755 gloriam
1807 2690 1864 2739 et
1896 2685 2273 2741 ambitionem
2299 2684 2495 2740 saeculi
2519 2685 2939 2756 despiciamus,
2970 2689 3032 2739 ut
3054 2686 3111 2738 in
3140 2684 3253 2739 fide
3270 2681 3529 2738 veritatis
3551 2683 3604 2735 et
3625 2678 3677 2732 in
3695 2674 3828 2729 desi-

459 2764 621 2822 derio
643 2769 987 2825 aeternitatis
1020 2770 1415 2842 proﬁciamus.
1449 2772 1772 2828 Audientes
1802 2772 1980 2843 igitur
2012 2772 2180 2828 fortia
2212 2778 2543 2830 sanctorum
2577 2777 2761 2845 gesta,
2814 2774 3160 2844 acingamur
3189 2776 3246 2827 et
3279 2788 3387 2827 nos
3420 2790 3432 2839 ς
3486 2766 3739 2838 augescat
3780 2761 3827 2814 in

461 2854 633 2911 nobis
666 2856 830 2926 fides,
866 2874 969 2930 spe
999 2859 1264 2916 vincendi
1297 2861 1554 2917 charitas
1576 2861 1911 2935 incalescat,
1946 2869 2002 2919 et
2032 2863 2172 2919 certi
2205 2862 2393 2919 simus
2426 2864 2566 2935 quia
2591 2862 2854 2918 Christus
2884 2861 3195 2917 bellatores
3227 2877 3371 2917 suos
3400 2854 3701 2930 adjuvabit,
3728 2850 3832 2903 vio—

458 2944 613 3000 tores
644 2948 965 3003 coronabit.

459 3059 3827 3086 W4

3449 3073 3828 3097 ——____:_—-——

999 3194 1235 3251 CAPUT
1266 3196 1572 3252 PRIMUM.
2137 3162 2192 3226 Α
2224 3160 2548 3252 dicentem:
2574 3158 2732 3252 ‘Quia
2761 3158 3364 3252 erubescoaccipiens
3388 3149 3825 3252 corp-oralet‘nges:

1559 3237 1572 3251 ’
2224 3265 2354 3303 cam
2388 3249 2541 3304 sicut
2571 3246 2935 3303 irrationalia
2967 3245 3265 3311 animalia,
3304 3261 3435 3301 cum
3468 3242 3658 3312 utique
3684 3236 3831 3291 homo

456 3316 667 3375 Isidori
695 3321 749 3374 et
793 3318 1052 3376 Dorothei
1080 3319 1458 3403 conuersatio,
1512 3324 1564 3375 et
1595 3321 1783 3391 passio
1827 3321 2118 3393 cujusdam
2222 3337 2529 3392 rationalis
2561 3354 2594 3392 δ
2622 3336 2735 3393 Deo
2768 3340 2999 3392 creatus
3030 3334 3165 3407 sim,
3199 3340 3256 3390 et
3290 3333 3390 3407 qui
3413 3332 3667 3388 deberem
3692 3338 3831 3394 para.

1159 3408 1417 3462 υῑνθτηῖδο
2221 3426 2336 3481 disi
2369 3426 2598 3482 deliciis
2631 3426 2766 3481 frui.

525 3515 670 3570 Cum
687 3514 944 3585 primum
961 3516 1031 3569 ad
1058 3515 1471 3571 Alexandriam
1494 3517 1885 3588 perrexissem
1909 3518 2113 3573 civita-
2289 3516 2392 3572 Hic
2428 3520 2604 3572 notus
2636 3532 2769 3571 cum
2804 3518 2960 3571 esset
2992 3515 3255 3569 Romano
3291 3509 3547 3579 senatui,
3591 3502 3831 3563 omnibus

460 3606 617 3671 tem,
660 3602 845 3673 reperi
884 3604 1077 3658 virum
1128 3604 1490 3673 mirabilem,
1533 3605 1797 3677 undique
1837 3611 2110 3663 ornatum
2218 3605 2507 3661 matronis
2532 3604 2977 3677 magniﬁcorum
3005 3602 3406 3659 etillustrium
3433 3601 3827 3677 virorumﬂ‘»?m

463 3688 753 3757 moribus,
779 3692 1243 3760 conversatione,
1268 3698 1326 3748 et
1347 3692 1615 3763 scientia,
1636 3676 1927 3750 Isidorum
1949 3711 2109 3766 pres-
2213 3694 2536 3750 Athanasio
2554 3676 2829 3765 episcopo
2852 3709 3029 3748 causa
3052 3691 3188 3747 fidei
3210 3693 3321 3747 fuit
3345 3676 3821 3766 Romanae,deinde

461 3778 760 3851 byterum,
794 3783 852 3835 et
889 3782 1253 3838 xenodochio
1284 3784 1667 3839 constitutum
1707 3765 2107 3841 Alexandrinae
2212 3783 2381 3839 etiam
2414 3800 2546 3838 cum
2571 3782 2860 3838 Demetrio
2889 3781 3162 3854 episcopo
3183 3801 3198 3852 ς
3223 3785 3280 3836 et
3308 3778 3610 3837 abundans
3633 3765 3821 3827 divitiis

458 3867 716 3924 ecclesiae
736 3869 975 3942 (Heracl.
997 3888 1117 3942 cap.
1150 3872 1336 3943 t).Qui
1359 3873 1593 3943 quidem
1614 3873 1695 3944 pri
1710 3890 1812 3928 rnze
1829 3875 2106 3943 juventu-
2210 3872 2267 3927 in
2285 3873 2509 3928 ratione
2522 3871 2869 3927 xenodochii
2886 3869 3377 3927 etsufﬁcientiam
3394 3867 3612 3924 habens
3630 3856 3823 3916 nullum

452 3955 529 4012 tis
547 3955 851 4015 illecebras
872 3959 1178 4015 dicebatur
1200 3961 1260 4017 in
1289 3961 1605 4017 solitudine
1628 3979 1977 4034 macerasse,
2003 3981 2104 4019 cu-
2206 3964 2623 4017 testamentum
2640 3959 3274 4031 scripsitmoriens;sed
3293 3973 3474 4029 neque
3487 3967 3660 4011 unum
3676 3960 3821 4041 nun}-

441 4047 547 4118 jus
576 4047 753 4103 etiam
787 4065 894 4105 nos
926 4050 1134 4104 cellam
1158 4051 1419 4107 vidimus
1442 4052 1499 4106 in
1534 4057 1729 4106 monte
1760 4052 1976 4108 Nitriae.
2005 4057 2103 4109 In~
2208 4067 2370 4105 mum
2404 4049 2640 4121 reliquit
2670 4049 2727 4103 in
2748 4048 3019 4104 solatium
3043 4049 3350 4104 sororibus
3375 4042 3592 4109 suis,in
3612 4034 3823 4108 virgini-

446 4136 580 4191 veni
612 4142 807 4193 autem
840 4154 975 4194 eum
1009 4156 1301 4194 annorum
1337 4140 1712 4212 septuaginta
1743 4158 1964 4208 senem,
2000 4144 2102 4214 qui
2205 4139 2341 4195 talis
2376 4140 2671 4211 proposito
2718 4138 3099 4206 constitutis;
3134 4138 3233 4193 sed
3287 4128 3706 4193 commendavit
3741 4135 3823 4214 eas

448 4229 582 4296 post
612 4226 947 4298 quindecim
982 4227 1128 4284 alios
1161 4246 1348 4285 annos
1380 4211 1694 4286 defunctus
1726 4235 1815 4285 est
1847 4230 1899 4285 in
1936 4211 2096 4302 pace.
2203 4228 2431 4284 Christo
2464 4228 2733 4293 Domino,
2768 4227 3003 4282 dicens:
3032 4226 3139 4291 Qui
3174 4225 3394 4281 creavit
3420 4240 3542 4287 vos,
3574 4211 3821 4292 gubernet

444 4313 549 4371 Hic
582 4333 766 4388 usque
785 4317 855 4371 ad
875 4317 1095 4372 exitum
1128 4319 1265 4373 vitae
1299 4335 1417 4373 suae
1453 4335 1565 4374 non
1600 4319 1777 4374 linteo
1810 4336 1954 4375 usus
1985 4330 2093 4389 est,
2200 4319 2379 4373 vitam
2403 4322 2678 4384 vestram,
2705 4318 2860 4372 sicut
2886 4322 2941 4372 et
2963 4333 3173 4372 meam.
3199 4316 3339 4371 Erat
3362 4317 3552 4370 autem
3574 4322 3693 4363 cum
3715 4315 3819 4373 ger-

445 4420 560 4458 non
580 4404 998 4477 balneo.Cujus
1022 4422 1235 4477 corpus
1258 4408 1446 4478 gratia
1466 4408 2095 4481 Deiitarefertum[Al.,
2202 4406 2395 4461 manis
2426 4406 2557 4475 ejus
2584 4403 2957 4476 congregatio
2989 4402 3287 4474 virginum
3323 4395 3759 4486 septuaginta.”

446 4492 750 4564 refectum]
780 4500 924 4562 erat,
959 4499 1021 4549 ut
1054 4501 1328 4566 putarent
1362 4514 1566 4552 omnes
1598 4498 1933 4570 ignorantes
1962 4480 2094 4554 con?
2125 4528 2170 4593 B
2273 4494 2396 4548 Huc
2428 4491 2897 4564 venientijuveni
2923 4491 3066 4546 mihi
3099 4495 3155 4547 et
3178 4486 3518 4593 deprecanti
3540 4480 3820 4593 eumut“:

442 4581 830 4637 versationem
848 4584 997 4654 ejus,
1017 4584 1228 4655 quiain
1245 4569 1743 4658 deliciisdegeret.
1770 4588 1958 4657 Hujus
1976 4588 2090 4642 vir-
2125 4569 2170 4593 υ
2203 4584 2473 4638 stitueret
2504 4599 2615 4648 me,
2636 4582 3130 4653 conﬁrmaretque
3148 4581 3205 4635 in
3227 4576 3655 4634 monachorum
3670 4569 3818 4658 vitain

443 4672 602 4726 tutes
634 4670 817 4726 animi
851 4672 900 4727 si
934 4672 1171 4729 voluero
1188 4675 1845 4745 exponere,deﬁcietme
1865 4681 2097 4748 tempus
2208 4673 2523 4727 ferventem
2549 4670 2793 4741 juvenili
2826 4674 3015 4736 aetate,
3037 4670 3212 4725 verbo
3244 4667 3488 4738 quidem
3519 4677 3607 4718 me
3629 4673 3731 4714 non
3750 4652 3823 4705 est

446 4763 805 4816 narrantem.
831 4761 934 4816 Hic
954 4760 1107 4817 inter
1130 4768 1369 4820 caeteras
1390 4765 1636 4820 virtutes
1660 4764 1835 4819 nimis
1864 4766 2095 4820 miseri-
2206 4760 2563 4829 consolatus,
2590 4761 2690 4815 sed
2726 4759 2915 4831 magis
2939 4758 3196 4814 laborem
3218 4757 3371 4813 985
3406 4750 3631 4809 induxit
3655 4755 3822 4812 corpo-

442 4864 571 4904 cors
602 4866 669 4905 ac
712 4850 1005 4922 benignus
1034 4856 1252 4919 erat,ut
1284 4854 1458 4909 etiam
1487 4854 1710 4909 inimici
1743 4854 1869 4924 ejus
1896 4854 2094 4909 etinﬁ-
2205 4851 2407 4907 ralem.
2433 4849 2647 4905 Eduxit
2674 4848 2829 4904 enim
2863 4864 2956 4903 me
2990 4848 3143 4902 foras
3177 4848 3248 4902 de
3272 4845 3511 4902 civitate
3541 4840 3609 4895 ad
3631 4852 3692 4891 ea
3710 4844 3823 4924 qua

438 4937 856 5009 delesgentiles
872 4922 2093 4999 revererentureum.Tantamau'temscien-
2203 4941 2481 4995 dicuntur
2511 4939 2822 4993 secretiora
2852 4936 2999 5004 loca,
3037 4936 3317 4991 milliario
3345 4934 3573 5005 quinto,
3608 4922 3817 4981 tradens

436 5026 579 5082 tiam
596 5027 2000 5100 habuitScripturarumdivinaruminslructione
2020 5032 2092 5089 li-
2203 5047 2293 5086 me
2324 5029 2605 5085 Dorotheo
2639 5027 2872 5083 cuidam
2902 5025 3408 5081 abstinentissimo
3436 5021 3555 5077 viro
3577 5012 3815 5072 Thebeo.

435 5112 777 5184 brorum,ut
805 5116 958 5171 inter
979 5117 1108 5189 ipsa
1140 5119 1314 5173 etiam
1342 5122 1606 5176 convivia
1628 5122 1872 5176 fratrum
1896 5126 2089 5177 mente
2200 5119 2625 5191 sexagesimum
2640 5114 2831 5187 agenti
2852 5114 3147 5169 annumin
3168 5100 3724 5187 spelunca,etjussit
3743 5109 3818 5151 me

433 5204 737 5260 excederet
766 5205 1179 5278 spiritualibus
1210 5208 1560 5266 visionibus.
1592 5214 1855 5282 Cumque
1888 5212 2087 5283 depre-
2199 5208 2441 5282 implere
2474 5208 2625 5278 apud
2661 5204 2859 5276 ipsum
2903 5208 3020 5259 tres
3050 5221 3269 5272 annos,
3306 5202 3379 5258 ad
3412 5191 3814 5283 edomationefl

435 5296 670 5347 caretur
698 5294 907 5350 referte
933 5294 1067 5366 quis
1098 5301 1253 5352 esset
1277 5313 1549 5354 excessus
1583 5299 1795 5354 mentis
1819 5275 1981 5370 ejus;
2001 5300 2085 5355 di-
2196 5300 2454 5370 corporis
2480 5295 2822 5368 passionum
2850 5310 2863 5360 ;
2887 5292 3112 5348 sciebat
3132 5294 3285 5347 enim
3312 5304 3512 5347 senem
3537 5275 3819 5355 grandidi-

434 5380 603 5436 cebat
633 5399 768 5437 cum
792 5383 1067 5456 lacrymis
1101 5400 1113 5438 :
1161 5387 1302 5452 Quia
1329 5394 1524 5443 mente
1548 5393 1751 5460 raptus
1771 5389 1978 5443 sumin
2004 5389 2083 5443 vi-
2196 5388 2497 5442 strictione
2526 5386 2836 5440 viventem.
2871 5386 3085 5438 Iterum
3116 5383 3260 5438 mihi
3292 5376 3505 5436 reverti
3529 5374 3595 5430 ad
3620 5385 3677 5427 se
3694 5379 3792 5439 pm

434 5470 597 5526 sione
630 5473 883 5543 quadam
908 5473 1225 5544 spirituali.
1249 5479 1365 5547 Ego
1382 5494 1515 5533 vero
1537 5478 1949 5551 cognovihunc
1971 5478 2082 5533 fre-
2194 5478 2348 5548 cepit
2379 5473 2706 5547 spiritualis
2727 5473 3132 5528 instructionis
3157 5488 3356 5529 causa.
3380 5469 3507 5525 Non
3524 5463 3714 5519 valens
3731 5468 3821 5553 at?

435 5564 685 5631 quenter
712 5560 1132 5635 lacrymantem
1169 5544 1346 5636 super
1396 5544 1682 5636 mensam,
1716 5582 1848 5623 cum
1884 5566 2079 5623 cibum
2191 5544 2306 5621 tem
2330 5544 2447 5620 tres
2478 5578 2661 5618 annos
2696 5560 2961 5633 implere,
2996 5562 3339 5617 infirmitate
3390 5558 3661 5613 detentus
3687 5588 3702 5615 ,
3752 5544 3818 5597 ita

432 5655 704 5721 caperet;
736 5655 793 5708 et
822 5668 1064 5708 causam
1094 5651 1544 5727 interrogantes,
1578 5658 1915 5714 audivimus
1944 5672 2077 5713 eum
2190 5661 2329 5715 ante
2360 5652 2681 5712 triennium
2712 5667 2983 5709 reversus
3012 5668 3146 5710 sum
3177 5653 3251 5710 ab
3270 5666 3364 5707 eo.
