4002 6166
328 262 437 317 349
1665 260 2002 315 PALLADII
2038 262 2418 317 LAUSIACA.
3641 261 3748 316 350

326 387 677 443 festinantes
701 386 1081 457 perrexerunt
1101 398 1233 437 cum
1258 383 1550 453 adjutorio
1571 388 1639 441 ad
1660 386 1982 441 eum.Cum
2016 388 2070 453 Α
2102 386 2423 441 auriculam
2476 385 2722 450 abscidi,
2770 401 2906 440 nam
2956 386 3080 457 ipse
3128 385 3390 457 linguam
3438 386 3743 442 abscidisti

326 484 526 532 autem
554 475 799 530 vidisset
827 491 889 530 se
919 476 1301 544 praeventum,
1333 473 1762 544 deprecabatur
1787 492 1908 540 eos,
1942 479 1998 529 et
2101 492 2229 545 quae
2264 476 2481 531 multos
2517 476 2764 547 populos
2795 477 3001 529 docere
3026 474 3235 545 potuit.

325 583 457 622 cum
476 568 846 621 sacramento
863 562 1197 617 afﬁrmabat
1212 578 1323 616 non
1343 563 1641 635 suscipere
1654 582 1714 619 se
1729 565 1993 619 ordinem
2172 565 2411 619 Dicebat
2428 575 2663 619 sanctus
2689 565 2870 618 abbas
2892 564 3203 618 Dioscorus
3228 565 3652 635 prcsbyter,qui
3676 564 3735 619 in

326 656 926 727 episcopatus,neque
950 653 1021 705 de
1040 667 1233 705 eremo
1254 654 1779 721 egressurum.lllis
1796 660 1992 707 autem
2098 670 2292 708 eremo
2324 654 2568 725 Scythiae
2605 654 2941 707 habitabat:
2978 653 3123 715 Quia
3155 669 3267 705 non
3298 657 3525 722 oportet
3545 669 3745 707 mona-

329 761 443 799 non
478 742 964 805 concedentibus,
1000 741 1099 795 sed
1131 739 1415 795 violenter
1444 742 1830 808 instantibus,
1858 760 1993 812 prac-
2098 743 2271 797 chum
2297 744 2587 798 desideria
2611 743 2759 813 gulae
2784 742 3124 811 ventrisque
3146 742 3353 795 facere.
3378 741 3520 795 Nam
3546 742 3603 795 in
3628 759 3744 812 quo

325 834 601 889 sentibus
635 832 744 900 eis,
774 831 999 901 accepit
1030 830 1312 893 forficem,
1345 833 1401 883 et
1432 846 1633 885 aurem
1655 846 1821 885 suam
1846 830 1991 884 sini-
2097 832 2287 886 differt
2313 851 2344 886 a
2377 832 2833 893 szrcularibus,si
2860 830 3090 900 expleat
3122 829 3537 884 delectationes
3565 831 3746 884 suas?

326 928 511 978 stram
547 922 620 977 ab
652 921 770 976 imo
804 919 1079 983 abscidit,
1114 919 1316 973 dicens
1348 919 1468 973 eis:
1503 918 1607 973 Vel
1641 934 1794 974 nunc
1851 918 1991 973 certi
2097 919 2353 989 Denique
2379 923 2710 990 frequenter
2729 919 2999 973 videmus
3024 918 3287 972 homines
3306 918 3616 972 saeculares
3639 935 3741 988 pro

328 1016 519 1067 estote
552 1007 1078 1083 quiaimpossibile
1101 1012 1191 1062 est
1212 1023 1304 1063 me
1329 1008 1453 1061 ﬁeri
1479 1007 1993 1080 episcopum,quia
2093 1026 2271 1063 causa
2303 1010 2670 1081 aegritudinis
2702 1027 2734 1063 a
2767 1007 2994 1062 deliciis
3021 1013 3076 1062 et
3108 1006 3597 1062 delectationibus
3620 1008 3747 1061 abs-

326 1100 420 1157 lex
442 1101 715 1173 prohibet
737 1096 1277 1167 debileminaliquo
1297 1097 1563 1153 membro
1583 1098 1703 1151 ﬁeri
1728 1098 1990 1153 sacerdo-
2092 1099 2279 1153 tinere
2314 1104 2376 1152 ut
2405 1099 2715 1153 sanitatem
2751 1096 3014 1167 corporis
3046 1096 3492 1167 adipiscantur;
3527 1099 3746 1165 quanto

324 1196 465 1246 tem.
511 1190 676 1244 Tunc
726 1187 1122 1259 relinquentes
1171 1201 1328 1255 eum,
1390 1194 1778 1243 recesserunt.
1832 1186 1982 1242 987
2092 1190 2281 1259 magis
2314 1189 2630 1259 diligenter
2661 1190 2897 1243 studere
2924 1188 3091 1241 debet
3125 1186 3451 1241 monachus
3502 1202 3605 1256 pro
3648 1202 3746 1239 sa-

321 1280 623 1335 Abeuntes
649 1282 843 1333 autem
869 1276 1144 1331 dixerunt
1165 1276 1536 1347 episcope.Et
1558 1276 1638 1330 ait
1659 1275 1987 1347 eisepisco-
2089 1278 2211 1333 lute
2243 1284 2298 1333 et
2328 1278 2731 1333 incolumitate
2765 1278 2973 1332 animae
3007 1293 3149 1343 suae,
3185 1280 3247 1329 ut
3281 1274 3466 1346 possit
3506 1275 3575 1329 ad
3613 1273 3743 1328 illas

319 1386 430 1440 pus
459 1384 473 1424 :
504 1369 621 1423 ista
652 1367 741 1423 lex
775 1366 929 1438 apud
959 1364 1179 1420 Judeos
1212 1364 1673 1432 observabatur;
1710 1364 1847 1419 mihi
1883 1382 1985 1420 au-

314 1464 432 1513 tem
468 1456 649 1512 etiam
680 1471 814 1512 eum
846 1455 947 1526 qui
982 1469 1191 1508 nasum
1229 1453 1532 1508 abscisum
1568 1453 1743 1507 habet
1776 1452 1825 1507 si
1881 1454 1984 1507 ad-

318 1545 630 1614 duxeritis,
667 1546 748 1599 ita
779 1549 975 1599 tamen
1012 1547 1291 1597 ornatum
1324 1542 1590 1596 moribus
1641 1547 1706 1597 ut
1764 1543 1982 1613 dignus

322 1636 400 1692 sit
428 1635 779 1701 sacerdotio,
813 1632 1096 1689 ordinabo
1145 1648 1302 1687 eum.
1348 1631 1644 1686 Abeuntes
1692 1648 1827 1701 ergo
1876 1633 1981 1687 ite-

316 1741 450 1781 rum
483 1724 772 1797 rogabant
817 1738 973 1777 eum.
1032 1722 1163 1811 Ipse
1206 1724 1401 1811 autem
1454 1719 1692 1790 juravit,
1733 1720 1972 1776 dicens:
2006 1746 2052 1811 B

316 1814 464 1879 Quia
491 1814 541 1869 si
578 1830 670 1868 me
699 1811 1030 1883 coegeritis,
1058 1810 1232 1864 etiam
1279 1809 1540 1880 linguam
1595 1825 1784 1863 meam
1838 1810 1970 1865 abs-

317 1904 470 1959 cido.
504 1903 593 1958 Ita
623 1918 755 1970 ergo
788 1899 1185 1970 relinquentes
1217 1914 1350 1953 eum
1386 1903 1771 1953 recesserunt.

386 1993 578 2062 Hujus
610 1989 905 2045 Ammonii
941 1990 1125 2044 fertur
1152 1986 1500 2044 miraculum
1529 2005 1543 2055 ;
1569 1986 1701 2057 quia
1734 1990 1969 2058 quando

314 2080 674 2137 desiderium
707 2078 905 2134 carnis
938 2078 1237 2149 surgebat,
1267 2082 1324 2131 et
1354 2076 1639 2130 incitabat
1668 2077 1737 2130 ad
1773 2075 1970 2132 libidi-

310 2189 445 2227 nem
481 2171 751 2226 membra
780 2170 935 2240 ejus,
969 2184 1273 2239 nunquam
1308 2166 1566 2237 pepercit
1592 2167 1751 2220 carni
1807 2184 1964 2233 suae;

304 2262 403 2317 sed
437 2261 660 2316 ferrum
687 2260 943 2331 ignitum
992 2258 1324 2329 apponebat
1374 2256 1654 2311 membris
1706 2257 1852 2323 suis,
1904 2262 1969 2312 ut

300 2368 535 2423 semper
568 2349 914 2405 vulneratus
946 2354 1102 2404 esset
1130 2367 1144 2416 ;
1175 2352 1231 2403 et
1288 2347 1367 2401 ita
1416 2346 1773 2401 desiderium
1829 2364 1964 2417 pas-

300 2440 487 2496 sionis
519 2438 932 2510 compescebat
966 2435 1310 2509 magnitudo
1344 2436 1586 2490 doloris.
1611 2435 1701 2490 Sic
1725 2436 1965 2507 quidem

307 2528 672 2585 abstinentia
702 2528 831 2599 ejus
864 2526 973 2582 fuit
1026 2543 1060 2581 a
1096 2526 1409 2597 juventute
1462 2541 1647 2594 usque
1696 2526 1765 2578 ad
1820 2543 1967 2579 mor-

305 2623 450 2673 tem.
484 2616 641 2672 Nihil
671 2616 825 2687 quod
859 2631 961 2687 per
992 2615 1185 2686 ignem
1218 2614 1451 2683 transit,
1515 2614 1787 2683 comedit,
1840 2614 1969 2669 abs-

312 2724 429 2779 que
463 2722 615 2778 pane
641 2706 947 2761 duntaxat.

381 2796 647 2861 Quodam
678 2811 813 2849 vero
846 2799 1108 2865 tempore
1138 2792 1197 2846 in
1230 2808 1423 2847 eremo
1444 2791 1753 2846 aediﬁcanti
1776 2792 1824 2846 ei
1849 2792 1966 2847 cel-

307 2884 428 2940 lam
464 2883 803 2956 supervenit
835 2881 1073 2954 quidam
1108 2882 1310 2948 frater,
1343 2886 1399 2935 et
1430 2881 1576 2934 dixit
1617 2879 1706 2935 ei:
1761 2882 1874 2937 Cur
1908 2882 1963 2936 in

306 2974 415 3029 tali
449 2974 657 3029 ardore
688 2978 863 3029 azstus
895 2972 1108 3043 al‘fligis
1155 2970 1556 3042 temetipsum,
1591 2969 1788 3024 abba?
1834 2970 1969 3025 Res-

306 3063 700 3135 pondensque
731 3063 939 3117 beatus
974 3060 1343 3126 Ammonius,
1398 3058 1518 3114 ait:
1569 3058 1750 3114 Crede
1797 3059 1963 3128 mihi,

2090 1384 2254 1421 veras
2287 1372 2341 1421 et
2370 1372 2616 1421 aeternas
2651 1367 2910 1437 paradisi
2944 1364 3207 1433 delicias,
3260 1368 3315 1418 ct
3364 1364 3431 1419 ad
3487 1362 3743 1418 ccelestis

2088 1456 2251 1528 regni
2277 1456 2524 1527 gloriam
2556 1456 2874 1527 pervenire.

2742 1600 2975 1655 CAPUT
3015 1598 3081 1653 V.

2336 1701 2408 1755 De
2441 1705 2575 1766 Hor,
2610 1702 2813 1755 Pambo
2843 1708 2896 1753 et
2927 1698 3170 1753 Melania
3220 1698 3488 1751 Romana.

2156 1814 2216 1868 In
2252 1816 2360 1871 hoc
2392 1820 2589 1871 monte
2617 1816 2819 1870 Nitriae
2855 1815 2940 1868 vir
2973 1813 3523 1868 abstinentissimus
3573 1811 3688 1866 Hor
3718 1813 3741 1846 ⁸

2081 1903 2316 1958 nomine
2352 1905 2460 1959 fuit
2492 1905 2751 1975 (Ileracl.,
2779 1920 2899 1973 cap.
2933 1902 3011 1971 2).
3049 1901 3219 1970 cujus
3252 1899 3464 1954 multas
3496 1902 3737 1953 attesta-

2080 1994 2252 2047 batur
2284 1992 2528 2047 virtutes
2555 1993 2747 2046 omnis
2782 1991 3118 2045 fraternitas
3148 1988 3602 2053 monachorum;
3629 2003 3736 2057 ego

2076 2099 2208 2136 vero
2242 2099 2356 2136 non
2388 2082 2581 2136 inveni
2615 2098 2750 2135 eum
2784 2082 3093 2135 viventem.
3130 2078 3319 2132 Etiam
3351 2077 3546 2131 ethoc
3578 2075 3731 2130 dice-

2076 2170 2218 2225 bant
2248 2174 2553 2224 narrantes
2610 2170 2680 2223 de
2729 2176 2817 2235 eo,”
2866 2167 3005 2238 quia
3054 2183 3245 2237 neque
3295 2166 3579 2220 mentitus
3636 2167 3731 2218 est

2074 2258 2413 2329 aliquando,
2448 2275 2634 2327 neque
2660 2258 2898 2333 juravit,
2957 2272 3141 2327 neque
3176 2254 3493 2320 maledixit,
3538 2268 3726 2323 neque

2076 2350 2203 2404 8ine
2234 2348 2583 2403 necessitate
2612 2348 2844 2402 locutus
2867 2353 2973 2402 est.

2146 2442 2207 2493 In
2243 2443 2438 2491 monte
2470 2437 2577 2491 hoc
2610 2437 2721 2491 fuit
2753 2442 2808 2491 et
2855 2436 3060 2490 beatus
3113 2436 3352 2499 Pambo,
3403 2437 3723 2506 praeceptor

2075 2526 2331 2582 Dioscori
2357 2526 2456 2598 qui
2479 2532 2681 2598 postea
2700 2526 3016 2597 episcopus
3042 2526 3347 2580 ordinatus
3370 2529 3479 2590 est,
3504 2528 3560 2578 et
3590 2528 3727 2579 Am-

2074 2616 2393 2681 monius,et
2414 2616 2915 2679 Joannes,fratres
2937 2614 3256 2676 Dracontii,
3281 2614 3389 2668 viri
3412 2611 3721 2667 mirabilis.

2072 2705 2177 2759 IIic
2200 2709 2393 2759 autem
2417 2704 2633 2759 Palnbo
2661 2705 2911 2759 habebat
2934 2704 2993 2758 in
3014 2702 3327 2759 sanctitate
3342 2706 3399 2757 et
3412 2702 3727 2756 virtutibus

2074 2795 2290 2849 famam
2325 2809 2623 2863 magnam,
2658 2799 2713 2847 et
2740 2793 2817 2848 ita
2850 2800 2973 2848 erat
3005 2796 3375 2863 contemptor
3406 2790 3530 2845 auri
3553 2794 3721 2845 etar-

2075 2885 2253 2957 genti,
2289 2889 2353 2939 ut
2381 2900 2515 2938 vera
2541 2883 2809 2955 deposcit
2840 2884 3009 2937 ratio.
3053 2882 3316 2953 Denique
3349 2880 3543 2937 retulit
3575 2879 3723 2935 mihi

2071 2974 2244 3028 beata
2279 2972 2551 3040 Melania,
2587 2972 2724 3043 quia
2757 2973 2814 3027 in
2852 2972 3059 3043 primis
3091 2988 3226 3026 cum
3278 2971 3612 3026 advenisset
3652 2970 3722 3024 de

2081 3065 2261 3117 Roma
2284 3062 2341 3115 in
2370 3061 2869 3133 Alexandriam,et
2890 3063 3153 3117 audisset
3175 3063 3245 3116 de
3260 3062 3388 3131 ejus
3411 3060 3731 3115 virtutibus

309 3124 516 3218 frater,
550 3124 709 3222 quia,
742 3150 997 3206 donante
1026 3150 1126 3205 Dei
1161 3124 1373 3218 gratia,
1423 3148 1756 3217 Scripturas
1796 3124 1964 3203 sane;
1996 3124 2040 3191 (ἶ
2081 3151 2368 3207 Isidorum
2404 3124 2903 3219 referentemiqui
2931 3152 3105 3205 etiam
3141 3156 3196 3204 et
3230 3124 3495 3220 perduxit
3517 3165 3643 3203 eam
3671 3150 3729 3201 in

305 3247 405 3296 tas
437 3240 727 3295 memoriaa
763 3239 1187 3295 commendavi.
1225 3237 1371 3293 Nam
1424 3241 1481 3292 et
1526 3236 1708 3291 Vetus
1769 3242 1825 3292 et
1854 3238 1971 3293 N0-

302 3346 446 3384 vum
479 3330 925 3384 Testamentum
975 3328 1046 3382 ab
1098 3328 1333 3381 ineunte
1383 3330 1553 3381 (etate
1606 3327 1675 3380 ad
1730 3326 1971 3397 plenum

300 3418 507 3486 didici,
562 3434 789 3474 necnon
846 3417 1023 3472 etiam
1077 3420 1133 3471 et
1183 3419 1525 3471 sanctorum
1588 3414 1969 3485 antiquorum

300 3511 544 3562 Patrum
571 3507 1028 3563 orthodoxorum
1054 3505 1427 3560 sacerdotum
1463 3503 1697 3557 Domini
1730 3520 1969 3559 sexcen-

310 3602 405 3652 tas
439 3597 738 3669 myriadas
789 3594 1219 3666 expositionum
1273 3593 1331 3647 in
1384 3590 1509 3663 lege
1554 3591 1753 3647 divina
1801 3610 1969 3648 cons~

306 3686 530 3757 criptas
575 3684 794 3757 perlegi
827 3684 1002 3755 (sicut
1032 3685 1405 3739 testabantur
1431 3681 1479 3736 ei
1506 3681 1576 3735 de
1610 3680 1716 3736 hoc
1747 3688 1802 3736 et
1824 3700 1970 3753 pene

309 3791 516 3829 omnes
570 3775 627 3828 in
679 3790 873 3829 eremo
926 3772 1167 3843 Patres).
1222 3776 1279 3827 et
1322 3770 1370 3824 si
1423 3786 1537 3824 uno
1586 3770 1679 3825 die
1724 3772 1970 3827 satiatus

309 3864 470 3918 fuero
524 3878 696 3934 pane,
751 3866 806 3916 et
859 3860 1101 3915 minime
1151 3860 1209 3913 in
1262 3876 1437 3931 opere
1486 3875 1579 3912 me
1637 3875 1967 3926 exercuero,

307 3950 611 4006 extollitur
637 3966 844 4005 sensus
876 3946 1301 4019 meus,etvelut
1326 3946 1818 4003 ir'rationabilium
1844 3949 1965 4003 ani-

304 4039 552 4094 malium
590 4038 864 4095 efficitur.

381 4129 647 4192 Quodam
682 4133 942 4199 tempore
975 4126 1295 4182 adveniens
1326 4126 1534 4181 beatus
1568 4126 1849 4200 Evagrius
1896 4128 1966 4183 ad

306 4223 585 4272 sanctum
601 4217 985 4272 Ammonium
1005 4219 1018 4252 ί
1038 4216 1396 4272 visitationis
1418 4216 1744 4287 spiritualis
1758 4217 1965 4287 gratia,

305 4308 451 4361 dum
478 4308 667 4362 multa
693 4307 763 4361 de
781 4306 999 4362 sanctis
1024 4306 1342 4376 Scripturis
1368 4306 1515 4361 inter
1536 4323 1598 4361 se
1613 4307 1965 4376 conferrent,

307 4402 370 4451 et
399 4396 740 4452 laetarentur
770 4401 1018 4467 uterque
1051 4395 1439 4467 spiritualiter
1460 4396 1514 4449 in
1534 4396 1967 4465 Domino,post-

2078 3240 2455 3296 solitudinem
2482 3241 2553 3293 ad
2579 3240 2924 3295 visitantum
2946 3245 3181 3294 sanctos
3223 3242 3446 3293 Patres.
3488 3238 3731 3291 Dicebat

2078 3347 2213 3401 ergo
2237 3334 2441 3384 sancta
2460 3329 2737 3383 Melania:
2764 3329 2909 3394 Quia
2923 3328 3108 3383 obtuli
3132 3328 3181 3383 ei
3205 3328 3427 3398 argenti
3453 3326 3724 3380 aerarium

2077 3424 2469 3474 trecentarum
2508 3418 2812 3486 librarum,
2847 3420 3166 3489 deprecans
3188 3433 3347 3485 eum,
3373 3420 3437 3471 ut
3458 3416 3527 3469 de
3553 3414 3729 3468 rebus

2079 3506 2224 3561 meis
2250 3504 2536 3576 acciperet
2555 3505 2626 3559 ad
2652 3507 3011 3576 erogandum
3037 3503 3411 3575 pauperibus.
3440 3507 3568 3573 lpse
3595 3517 3726 3555 vero

2079 3597 2319 3651 sedebat
2365 3600 2423 3650 et
2472 3596 2707 3650 texebat
2737 3596 2807 3650 de
2840 3594 2997 3650 foliis
3028 3593 3360 3664 palmarum
3396 3590 3724 3664 sportellas.

2078 3685 2594 3741 Benedixitautem
2616 3685 2993 3750 me,dicens:
3038 3684 3322 3739 Dominus
3364 3683 3516 3737 Deus
3567 3680 3730 3735 retri-

2077 3775 2219 3829 buat
2236 3774 2342 3828 tibi
2368 3774 2801 3829 mercedem.Et
2826 3774 2973 3829 dixit
2994 3772 3388 3844 dispensatori
3415 3787 3520 3827 suo
3542 3771 3729 3825 Theo-

2077 3864 2216 3919 doro
2246 3879 2257 3918 :
2283 3863 2524 3933 Suscipe
2544 3867 2600 3917 et
2624 3864 2901 3935 dispensa
2923 3862 3045 3917 hac
3066 3862 3126 3916 in
3151 3862 3311 3916 omni
3348 3862 3549 3933 Libya,
3581 3864 3635 3913 et
3670 3859 3726 3913 in

2075 3952 2290 4008 insulis
2314 3953 2616 4019 fratribus,
2646 3952 2765 4007 hac
2788 3952 2943 4007 enim
2972 3953 3337 4006 monasteria
3361 3949 3551 4021 magis
3578 3949 3729 4002 indi-

2075 4046 2229 4112 gent.
2256 4042 2655 4113 Prazcepitque
2680 4042 2728 4097 ei
2758 4042 2905 4096 nulli
2926 4041 2983 4095 in
3008 4040 3252 4111 Egypto
3274 4039 3433 4105 dare,
3483 4054 3548 4092 eo
3571 4038 3727 4107 quod

2074 4131 2469 4186 abundantior
2494 4136 2647 4187 esset
2670 4130 2988 4202 provincia.
3012 4130 3131 4200 Ego
3155 4132 3351 4182 autem
3375 4127 3599 4181 stabam
3630 4140 3727 4179 ex-

2075 4225 2349 4291 spectans
2382 4221 2552 4291 quasi
2588 4218 2863 4275 honorari
2894 4224 2951 4273 et
2981 4217 3297 4289 gloriﬁcari
3346 4232 3522 4287 super
3572 4215 3727 4284 quod

2075 4308 2425 4363 obtuleram.
2452 4309 2520 4362 Et
2542 4308 2687 4362 nihil
2711 4308 2959 4362 audiens
2985 4308 3055 4361 ab
3100 4323 3187 4373 eo,
3233 4304 3350 4358 dixi
3383 4320 3395 4358 :
3450 4308 3519 4357 Ut
3551 4302 3728 4370 scias,

2079 4397 2630 4468 domine,quantum
2653 4396 3050 4467 est,quoniam
3079 4398 3337 4449 trecenta
3356 4395 3545 4463 pondo
3570 4396 3729 4445 sunt.

298 4486 545 4541 modum
572 4485 717 4539 dixit
740 4485 1027 4556 Evagrius
1054 4485 1122 4538 ad
1151 4484 1549 4550 Ammonium,
1578 4484 1745 4554 quasi
1766 4500 1968 4555 expro-
1996 4482 2043 4545 D
2080 4488 2205 4557 Ipse
2226 4503 2361 4541 vero
2387 4502 2489 4541 nec
2515 4486 2837 4557 respiciens
2866 4502 2979 4549 me,
3014 4483 3318 4555 respondit
3342 4482 3542 4537 dicens
3574 4499 3585 4536 :
3624 4480 3729 4535 Cui

296 4576 528 4631 brando
556 4574 607 4629 ei
641 4574 781 4645 quia
813 4590 1013 4629 aurem
1046 4573 1154 4627 sibi
1215 4572 1498 4628 inciderat
1526 4590 1537 4627 :
1587 4574 1713 4628 Non
1767 4574 1963 4640 times,

297 4664 518 4734 inquit,
552 4680 725 4731 grave
757 4666 1085 4735 peccatum,
1118 4661 1258 4733 quia
1291 4666 1354 4716 ut
1378 4678 1493 4716 non
1520 4662 1850 4733 susciperes
1874 4680 1966 4717 sa-

298 4753 627 4807 cerdotium
643 4768 863 4818 ,aurem
881 4751 988 4807 tibi
1006 4750 1310 4806 abscidisti
1326 4750 1353 4804 ?
1374 4751 1754 4821 Respondeas
1770 4756 1965 4806 autem

296 4844 676 4910 Ammonius,
723 4842 869 4898 dixit
906 4842 959 4896 ei
985 4858 999 4897 :
1024 4841 1310 4913 Deprecor
1334 4846 1408 4905 te,
1434 4847 1499 4895 ut
1519 4858 1720 4896 exores
1744 4858 1846 4911 pro
1873 4858 1967 4897 me

296 4933 372 4986 ad
395 4932 737 4999 Dominum,
762 4935 827 4986 ut
852 4932 922 4987 de
941 4930 1072 4987 aliis
1099 4929 1352 5002 peccatis
1373 4929 1513 4985 meis
1536 4929 1963 5001 indulgentiam

295 5020 561 5093 accipere
585 5036 987 5087 merear;nam
1010 5020 1081 5073 de
1104 5019 1212 5073 hoc
1236 5018 1497 5073 admisso
1522 5034 1637 5073 non
1656 5017 1820 5073 Valde
1844 5026 1963 5073 tur-

294 5109 474 5164 batur
499 5109 739 5165 animus
774 5125 960 5164 meus.
994 5108 1415 5164 Verumtamen
1442 5112 1497 5162 te
1523 5107 1714 5179 magis
1737 5111 1966 5178 oportet

296 5199 505 5254 timere
536 5204 594 5254 et
622 5198 1086 5254 sollicitudinem
1114 5214 1336 5269 gerere,
1365 5198 1461 5267 qui
1487 5198 1755 5253 eruditus
1788 5214 1849 5253 es
1870 5215 1961 5254 se-

296 5290 557 5343 cundum
575 5288 773 5343 saeculi
791 5288 1228 5359 sapientiam,et
1243 5292 1465 5342 tantam
1485 5286 1791 5342 scientiam
1810 5288 1959 5342 divi-

299 5394 508 5433 narum
534 5377 976 5449 Scripturarum
1006 5377 1208 5441 babes,
1241 5392 1415 5446 quam
1468 5376 1570 5431 Dei
1620 5376 1805 5447 gratia
1852 5377 1959 5431 tibi

300 5466 741 5532 contulit,unde
767 5482 971 5538 posses
996 5465 1211 5520 multos
1237 5465 1487 5537 populos
1510 5466 1827 5534 erudire,et
1842 5465 1957 5521 ele-

300 5554 439 5627 gisti
460 5552 720 5626 magisin
736 5554 915 5609 eremi
933 5552 1253 5609 solitudine
1266 5554 1489 5624 degere.
1515 5553 1583 5607 Et
1604 5568 1709 5625 ego
1723 5554 1955 5623 quidem

372 5679 392 5716 ι
424 5676 495 5735 Et
513 5676 795 5750 Evagrius
824 5683 884 5735 et
908 5674 1261 5735 Ammonius
1287 5674 1617 5751 Origenista
1649 5676 1785 5734 ﬂuit.

2080 4575 2379 4630 abstulisti
2414 4576 2553 4645 hmo,
2590 4574 2730 4644 ﬁlia,
2770 4590 3015 4643 pensare
3046 4590 3193 4644 opus
3226 4589 3339 4627 non
3373 4572 3567 4626 habet.
3620 4571 3728 4635 Qui

2081 4665 2234 4720 enim
2270 4670 2479 4736 pensat
2512 4669 2742 4720 montes
2770 4670 2827 4719 et
2851 4680 3084 4718 omnem
3118 4661 3328 4717 molem
3355 4666 3521 4715 terrae
3544 4661 3726 4731 (Isaia:

2075 4755 2189 4825 XL),
2226 4754 2411 4808 multo
2445 4754 2694 4824 amplius
2748 4756 2907 4808 novit
2956 4753 3343 4823 quantitatem
3400 4749 3580 4819 hujus
3630 4766 3725 4803 ar-

2075 4842 2256 4914 genti.
2288 4842 2346 4896 Si
2379 4842 2535 4897 enim
2569 4842 2712 4897 mihi
2745 4842 2853 4897 hoc
2885 4842 3172 4907 dedisses,
3202 4841 3346 4894 bene
3397 4838 3540 4893 mihi
3579 4838 3726 4893 dice-

2075 4948 2169 4986 res
2200 4936 2487 5002 quantum
2518 4937 2645 4999 est;
2679 4932 2726 4986 si
2760 4936 2954 4986 autem
2988 4930 3103 4985 Deo
3136 4928 3423 4993 obtulisti,
3472 4927 3569 4983 ille
3624 4926 3726 4999 qui

2074 5019 2262 5075 viduae
2296 5020 2527 5075 minuta
2558 5037 2671 5075 non
2704 5020 2971 5090 despexit
3019 5018 3295 5090 pauperis
3345 5016 3551 5086 (Marci
3597 5016 3720 5087 xu),

2076 5126 2177 5164 nec
2204 5114 2366 5164 tuam
2401 5108 2756 5164 oblationem
2792 5110 2986 5164 tradet
3015 5107 3315 5164 oblivioni.

2142 5202 2229 5254 Ita
2260 5214 2395 5267 ergo
2422 5198 2767 5267 gubernavit
2792 5216 2858 5253 ac
2889 5196 3254 5269 dispensavit
3298 5196 3602 5263 Dominus,
3659 5200 3723 5252 ut

2073 5288 2307 5359 quando
2343 5288 2610 5358 ingressa
2633 5288 2838 5341 sumin
2865 5292 3147 5351 montem,
3182 5291 3315 5357 post
3350 5302 3563 5356 paucos
3594 5284 3719 5339 dies

2070 5379 2385 5433 defunctus
2416 5383 2505 5432 est
2538 5376 2710 5431 homo
2736 5376 2859 5440 Dei,
2886 5391 2998 5429 non
3021 5375 3381 5438 infirmatus,
3417 5374 3516 5429 sed
3550 5389 3716 5443 spor-

2066 5467 2267 5523 tellam
2291 5468 2627 5523 consuendo
2651 5467 2962 5521 defunctus
2984 5470 3074 5521 est
3096 5466 3222 5520 sine
3242 5464 3713 5530 febribus,anno-

2066 5573 2198 5611 rum
2220 5556 2618 5629 septuaginta.
2645 5554 2880 5611 Vocavit
2903 5558 3099 5610 autem
3123 5570 3216 5609 me
3242 5550 3715 5617 novissime,cum

2137 5680 2160 5715 '
2186 5679 2290 5737 Hie
2318 5679 2439 5737 Hor
2465 5678 2577 5737 iuit
2607 5678 2954 5754 Origenista.
