3986 6168
335 208 495 305 ’351

1545 246 1913 300 APPENDIX
1951 248 2049 301 AD
2086 248 2306 303 VITAB
2344 249 2667 303 PATRUM.

3660 251 3751 307 ἔξω

395 377 856 446 transpungeret
885 371 1194 444 sportellas
1223 376 1281 427 et
1309 370 1651 443 compleret,
1678 376 1733 427 et
1754 371 1898 427 dixit
1926 371 2038 426 mi-
2068 373 2125 440 Α
2154 373 2446 429 suavitate
2472 372 2868 428 oleiconditos
2883 370 3067 435 cibos,
3096 372 3154 424 et
3166 383 3266 441 per
3286 370 3621 428 occasionem
3641 391 3753 432 sua-

397 464 459 518 hi
486 482 498 519 :
530 464 777 534 Suscipe
803 463 977 517 istam
1012 462 1355 533 sportellam
1388 463 1459 516 de
1487 461 1762 517 manibus
1795 461 1960 529 meis,
1985 464 2050 515 ut
2151 466 2239 519 vis
2254 464 2571 519 conditurae
2591 462 2910 534 compellar
2925 461 3276 516 descendere
3294 460 3363 515 ad
3378 460 3644 519 civitatem
3666 484 3751 522 seu

400 553 730 608 memorsis
758 552 907 618 mei;
955 551 1116 606 aliud
1170 552 1323 621 quod
1375 552 1479 606 tibi
1539 551 1871 623 relinquam
1929 567 2045 605 non

398 642 606 697 habeo.
639 642 820 705 Quem
854 641 982 712 ipsa
1014 640 1301 712 sepelivit,
1336 641 1582 695 sindone
1615 657 1826 710 corpus
1856 639 2041 695 invol-

393 746 541 786 vens
568 747 581 784 :
613 735 670 785 et
694 731 777 785 ita
808 729 939 801 ipsa
968 746 1207 801 egressa
1227 736 1316 785 est
1348 732 1417 785 de
1448 747 1662 786 eremo.
1697 728 2043 801 Sportellam

393 836 533 874 vero
571 835 759 889 usque
791 820 863 874 ad
898 824 1147 874 mortem
1184 836 1288 889 pro
1340 819 1747 874 benedictione
1789 818 1899 874 sibi
1954 834 2044 873 re-

394 909 667 964 servavit.

468 1003 581 1055 Iste
615 1000 821 1055 beatus
851 1001 1068 1056 Pambo
1100 1000 1161 1055 in
1196 1000 1326 1071 ipsa
1355 1000 1499 1055 hora
1530 1000 1623 1055 sui
1678 999 1890 1065 exitus,
1949 1015 2046 1054 as-

395 1091 660 1146 tantibus
692 1090 943 1145 Macario
975 1091 1313 1161 presbytero
1340 1095 1397 1145 et
1424 1089 1752 1155 Ammonio,
1778 1088 1917 1143 viris
1939 1104 2039 1143 no-

394 1179 889 1235 minatissimisin
922 1179 1363 1235 conversatione
1395 1178 1607 1244 sancti,
1657 1178 1833 1233 etiam
1894 1194 2043 1249 prs:-

390 1270 658 1324 sentibus
691 1273 748 1323 et
780 1268 913 1323 aliis
949 1268 1250 1338 fratribus,
1284 1268 1394 1323 hoc
1426 1268 1648 1323 dixisse
1670 1266 2040 1338 perhibetur:

387 1358 536 1421 Quia
566 1374 632 1411 ex
666 1374 732 1413 eo
764 1374 877 1428 quo
914 1357 1043 1412 veni
1076 1358 1136 1411 in
1169 1357 1324 1411 hunc
1374 1362 1628 1411 montem
1682 1354 2040 1424 solitudinis,

390 1453 447 1501 et
475 1446 756 1501 aediﬁcavi
792 1447 933 1501 mihi
968 1446 1195 1516 cellam,
1229 1453 1286 1501 et
1321 1447 1509 1501 mansi
1539 1446 1592 1499 in
1631 1462 1719 1511 ea,
1751 1444 2043 1500 delabore

393 1552 678 1589 manuum
712 1552 977 1589 mearum
1011 1535 1146 1603 vixi,
1180 1541 1237 1591 et
1266 1553 1382 1590 non
1416 1536 1687 1590 recordor
1726 1533 2042 1603 aliquando

393 1642 485 1679 me
515 1642 725 1696 panem
760 1625 939 1693 gratis
975 1626 1355 1679 manducasse
1386 1643 1399 1689 ;
1438 1640 1542 1679 nec
1573 1623 1814 1695 poenitet
1849 1639 1941 1676 me
1972 1624 2043 1677 de

2150 557 2221 609 ad
2238 556 2395 609 vicos
2411 571 2604 610 emere
2618 553 2833 621 oleum,
2853 558 2906 607 et
2930 552 3135 607 reverti
3165 551 3235 605 ad
3253 568 3525 619 eremum,
3547 554 3752 611 iterum-

2151 661 2259 715 que
2292 645 2645 700 descendere
2675 649 2733 699 et
2756 643 2959 699 reverti
2986 645 3056 698 ad
3083 640 3352 697 cellulam
3378 660 3576 710 meam,
3601 650 3651 700 et
3671 663 3753 717 per

2148 734 2300 789 hanc
2318 735 2686 790 occasionem
2702 734 2790 804 (ut
2806 733 2949 802 dixi)
2964 732 3349 788 descendendi
3368 734 3750 789 etascendendi

2147 824 2392 896 incipiat
2420 824 2619 897 vagari
2642 841 2853 880 sensus
2871 840 3040 879 meus
3058 827 3115 879 et
3136 839 3299 878 mens
3315 838 3460 888 mea,
3474 825 3749 895 etperdam

2148 914 2462 970 utilitatem
2497 913 2826 970 secretioris
2854 912 3297 968 vitaa.Diabolus
3319 912 3469 967 enim
3493 913 3749 968 multifor-

2148 1003 2262 1058 mis
2292 1009 2401 1074 est,
2433 1007 2491 1059 et
2515 1004 2743 1059 diversa
2772 1003 2917 1059 retia
2946 1002 3091 1057 texit
3121 1007 3185 1057 ut
3213 1002 3400 1073 capiat
3430 1005 3640 1057 mentes
3661 1001 3753 1057 hc-

2148 1094 2398 1149 minum.
2434 1094 2617 1165 Igitur
2648 1110 2755 1149 nos
2777 1093 2897 1148 haec
2928 1093 3256 1159 audientes,
3279 1092 3545 1147 admirati
3572 1108 3752 1148 sumus

2147 1185 2521 1256 prudentiam
2554 1189 2613 1240 et
2643 1185 3147 1239 conversationem
3183 1186 3371 1238 sancti
3400 1183 3656 1239 senioris.

2220 1276 2364 1331 Item
2398 1274 3062 1330 referebatnobisabbas
3078 1274 3231 1328 idem
3249 1273 3547 1343 Benjamin
3576 1274 3613 1339 ³,
3641 1272 3757 1344 quia

2147 1365 2541 1436 perrexissent
2578 1366 2653 1419 ad
2674 1366 2997 1436 quemdam
3032 1380 3255 1427 senem,
3276 1364 3576 1434 quitenuit
3592 1379 3680 1418 eos
3695 1364 3758 1417 ad

2147 1456 2517 1511 refectionem
2532 1496 2544 1518 ,
2560 1460 2616 1511 et
2630 1454 2991 1527 paravitillis
3005 1453 3300 1509 lenticulaz
3323 1453 3511 1508 cibum
3529 1459 3755 1507 coctum.

2146 1545 2304 1600 Misit
2334 1550 2528 1600 autem
2562 1544 2621 1598 in
2654 1545 3027 1599 condituram
3060 1543 3254 1600 oleum
3289 1543 3444 1614 quod
3474 1542 3541 1597 de
3559 1542 3758 1597 semine

2146 1634 2547 1705 raphanorum
2571 1634 2628 1687 in
2650 1633 2793 1688 locis
2816 1633 2932 1688 illis
2951 1633 3074 1689 ﬁeri
3104 1634 3271 1689 solet.
3295 1633 3411 1687 Nos
3432 1636 3617 1687 autem
3635 1630 3759 1685 dixi-

389 1715 563 1769 νθτδο
595 1716 750 1785 Ψ]οά
784 1714 1017 1769 locum“?
1050 1731 1183 1768 sum
1218 1730 1406 1784 usque
1436 1714 1495 1767 in
1530 1714 1681 1768 hanc
1721 1712 1951 1781 horam,
1982 1715 2039 1765 εἴ
2067 1730 2115 1795 Β
2146 1741 2277 1779 mus
2307 1724 2358 1779 ei
2386 1740 2398 1777 :
2432 1724 2621 1789 Pater,
2656 1723 2839 1793 magis
2873 1725 2943 1778 de
2976 1724 3125 1778 bono
3150 1722 3274 1778 oleo
3306 1722 3571 1790 mitte,ut
3598 1720 3759 1792 possi-

381 1802 465 1857 ita
495 1803 641 1857 vado
672 1804 840 1873 quasi
874 1819 1029 1857 nunc
1055 1803 1342 1873 incipiens
1373 1802 1558 1857 Deum
1590 1800 1800 1857 colore.

1019 1892 1256 1947 CAPUT
1303 1892 1397 1947 VI.

512 1984 585 2037 De
614 1984 798 2037 sancti
828 1982 1119 2052 Benjamin
1148 1981 1452 2052 hydropico
1479 1982 1899 2052 patientissimo.

460 2076 522 2125 In
555 2072 665 2126 hoc
698 2076 897 2127 monte
916 2070 1113 2125 Nitria
1136 2071 1439 2141 Benjamin
1466 2071 1707 2142 quidam
1732 2075 1821 2125 est
1840 2070 2032 2140 (Hera-

393 2162 546 2229 clid.,
580 2178 699 2232 cap.
737 2164 790 2229 2,
824 2165 1063 2215 sanctus
1093 2160 1202 2225 vir,
1237 2160 1335 2230 qui
1368 2160 1511 2214 vixit
1543 2176 1727 2229 usque
1760 2160 1831 2213 ad
1871 2163 2030 2213 octo-

385 2250 547 2319 ginta
578 2267 765 2305 annos
800 2249 1364 2316 abstinentissimus,
1401 2255 1457 2303 et
1498 2250 1761 2303 studium
1823 2263 2031 2319 gerens

385 2339 539 2393 circa
560 2338 810 2393 virtutes
833 2337 1037 2392 animi.
1062 2324 1426 2392 Consecutus
1450 2344 1538 2393 est
1559 2342 1755 2391 autem
1779 2353 1812 2391 a
1834 2335 2030 2390 Domi-

380 2442 455 2481 no
487 2427 735 2497 gratiam
769 2427 1113 2491 sanitatum;
1137 2431 1194 2481 et
1227 2426 1275 2479 si
1307 2427 1398 2480 cui
1433 2442 1646 2480 manus
1668 2425 2028 2496 imponebat,

380 2520 481 2571 aut
511 2514 704 2570 oleum
739 2516 1109 2571 benedictum
1139 2515 1335 2583 dabat,
1366 2516 1558 2570 omnis
1587 2516 1657 2569 ab
1689 2529 1755 2568 eo
1788 2512 2032 2567 infirmi-

379 2608 469 2659 tas
491 2603 902 2675 repellebatur.
934 2604 1088 2659 988
1123 2604 1225 2659 Hic
1252 2604 1451 2675 itaque
1482 2604 1579 2674 qui
1608 2607 1782 2657 tantae
1830 2602 2027 2673 gratiae

383 2693 597 2764 dignus
618 2693 861 2748 habitus
893 2701 999 2763 est,
1032 2698 1165 2748 ante
1192 2699 1319 2749 octo
1370 2710 1604 2748 menses
1654 2692 1859 2747 mortis
1908 2708 2027 2745 suae

389 2781 748 2852 hydropicus
780 2784 969 2837 factus
996 2787 1104 2847 est,
1138 2787 1195 2837 et
1244 2783 1301 2837 in
1350 2787 1579 2837 tantum
1632 2797 1843 2852 corpus
1900 2780 2028 2850 ejus

387 2871 629 2939 tumuit,
665 2876 729 2926 ut
761 2870 1009 2926 alterum
1040 2872 1149 2927 Job
1183 2877 1440 2941 putares.

460 2967 788 3015 Assumens
818 2977 952 3033 ergo
980 2978 1086 3016 nos
1116 2961 1327 3016 beatus
1376 2961 1686 3028 Macarius,
1739 2960 1839 3030 qui
1888 2963 2029 3013 tunc

386 3052 511 3102 erat
532 3047 913 3119 presbyterin
941 3053 1139 3104 monte
1176 3048 1397 3117 Nitriae,
1438 3065 1531 3103 me
1570 3054 1627 3104 et
1654 3048 2021 3103 Theodorum

386 3153 453 3192 ac
478 3136 1035 3203 Macariolum,dixit
1058 3138 1259 3193 nobis:
1284 3137 1507 3205 Venite,
1524 3142 1579 3193 et
1599 3136 1787 3192 videte
1808 3152 2023 3191 novum

381 3224 578 3293 Job,in
603 3230 767 3281 tanto
791 3230 1020 3281 tumore
1043 3227 1303 3297 corporis
1327 3232 1383 3281 et
1406 3223 2026 3297 passioneinsanabili,

384 3315 741 3371 immensam
762 3318 1085 3388 gratiarum
1105 3317 1390 3373 actionem
1417 3318 1531 3373 Deo
1546 3335 1665 3373 sem
1677 3335 1776 3389 per
1790 3318 2030 3371 redden-

387 3408 527 3459 tem.
564 3406 861 3461 Abeuntes
890 3424 1027 3477 ergo
1058 3407 1316 3461 vidimus
1348 3424 1481 3462 eum
1516 3408 1573 3461 in
1602 3411 1763 3463 tanto
1802 3412 2030 3461 tumore

387 3494 671 3564 corporis,
704 3499 768 3548 ut
800 3511 912 3549 non
948 3501 1143 3564 posset
1172 3496 1391 3565 digitus
1423 3513 1635 3551 manus
1662 3495 1827 3550 alteri
1849 3494 2031 3566 digito

384 3583 685 3653 conjungi.
715 3583 1019 3638 Intueutes
1051 3589 1245 3638 autem
1281 3585 1431 3639 hanc
1463 3586 1794 3655 passionem
1827 3585 2031 3639 crude-

392 3668 698 3735 lissimam,
732 3670 932 3725 oculos
980 3672 1405 3729 avertebamus.
1457 3677 1617 3727 Tunc
1662 3674 1806 3728 dicit
1867 3673 2034 3728 nobis

394 3756 600 3811 beatus
633 3757 977 3827 Benjamin:
1029 3759 1219 3827 Orate,
1271 3761 1457 3827 filioli,
1514 3766 1579 3816 ut
1620 3779 1735 3816 non
1797 3763 2036 3817 interior

395 3845 569 3901 homo
604 3862 769 3901 meus
803 3848 1157 3919 hydropicus
1188 3850 1307 3915 fiat,
1342 3851 1450 3906 iste
1500 3856 1695 3907 autem
1752 3869 1857 3907 nec
1889 3852 2035 3907 bene

396 3934 624 4004 patiens
657 3935 895 4006 profuit,
930 3953 1035 3992 nec
1067 3938 1215 3993 male
1247 3940 1475 4010 patiens
1504 3940 1720 3995 nocuit.
1756 3940 1862 3995 Per
1908 3945 2033 3995 octo

396 4039 530 4093 ergo
564 4040 796 4080 menses
827 4024 973 4081 sella
1001 4027 1050 4082 ei
1086 4029 1412 4097 ponebatur
1441 4029 1631 4096 latior,
1667 4031 1725 4085 in
1777 4046 1894 4100 qua
1943 4030 2035 4083 in-

396 4112 760 4167 cessabiliter
785 4114 1021 4169 sedebat
1052 4120 1291 4187 propter
1320 4118 1577 4189 reliquas
1621 4119 1881 4190 corporis
1935 4135 2036 4173 ne-

397 4200 743 4268 cessitates;
780 4218 885 4257 nec
915 4204 1069 4258 enim
1095 4206 1291 4275 jacere
1325 4212 1570 4277 poterat.
1601 4211 1664 4261 In
1696 4207 1805 4261 hac
1843 4215 2035 4261 tamen

397 4288 671 4355 passione
704 4292 925 4360 positus
957 4292 1104 4349 alios
1137 4297 1402 4351 sanabat.
1463 4296 1799 4351 Necessarie
1843 4300 2039 4351 autem

395 4379 801 4435 enarravimus
852 4382 1184 4452 passionem
1236 4384 1409 4451 hanc,
1460 4389 1524 4439 ut
1572 4402 1685 4440 non
1722 4386 2034 4440 conturbe-

2139 1831 2270 1869 mus
2318 1814 2637 1869 comedere.
2685 1812 2787 1868 Ille
2824 1817 3019 1868 autem
3068 1813 3179 1868 hoc
3209 1812 3476 1878 audiens,
3516 1816 3571 1865 et
3612 1810 3758 1881 signo

2135 1904 2327 1960 crucis
2358 1919 2419 1957 se
2452 1902 2716 1973 signans,
2750 1904 2897 1958 dixit
2923 1904 3095 1959 nobis
3123 1919 3135 1959 :
3172 1904 3242 1957 Et
3272 1907 3362 1959 est
3393 1901 3548 1956 aliud
3582 1900 3753 1956 oleum

2137 1997 2345 2063 praeter
2375 1993 2569 2063 ipsum
2592 1992 2619 2047 ?
2648 2009 2753 2064 ego
2776 1993 2886 2048 hoc
2910 2009 3212 2064 nunquam
3233 1991 3451 2047 audivi.
3474 1991 3605 2046 Erat
3620 1989 3757 2044 enim

2138 2077 2262 2148 ipse
2295 2083 2490 2137 senior
2519 2098 2588 2136 ex
2616 2081 2866 2137 infantia
2896 2098 3004 2137 sua
3034 2083 3092 2137 in
3125 2097 3324 2137 eremo
3353 2079 3637 2135 enutritus
3667 2119 3679 2143 ,
3708 2080 3757 2131 et

2135 2186 2369 2241 semper
2399 2173 2723 2243 permansit
2751 2174 2903 2242 apud
2930 2177 3166 2227 sanctos
3189 2172 3478 2238 seniores,
3514 2174 3570 2224 et
3589 2182 3757 2238 neque

2134 2260 2195 2315 in
2229 2261 2491 2317 civitates
2531 2279 2722 2333 neque
2764 2263 2926 2318 vicos
2983 2262 3306 2333 aliquando
3349 2276 3617 2333 egressus
3663 2266 3755 2322 est,

2766 2395 3001 2451 CAPUT
3034 2394 3156 2451 VII.

2132 2483 2206 2538 De
2233 2486 2425 2538 sancto
2456 2482 2761 2555 Apollonio,
2794 2486 2890 2555 qui
2923 2484 3166 2556 quinque
3193 2484 3454 2539 millibus
3489 2480 3761 2538 monachae

2696 2573 2819 2611 rum
2848 2556 3216 2612 ministravit.

2204 2662 2548 2733 Apollonius
2581 2663 2819 2734 quidam
2876 2665 3113 2720 nomine
3143 2664 3426 2732 (Heracl.,
3458 2678 3574 2732 cap.
3605 2660 3675 2727 3),
3706 2674 3764 2712 ex

2133 2752 2490 2822 negotiatore
2527 2753 2634 2807 fuit
2677 2794 2689 2819 ,
2735 2754 3202 2824 renuntiansque
3246 2751 3453 2808 seaculi
3491 2750 3711 2806 actibus
3745 2790 3756 2814 ,

2135 2845 2192 2895 et
2239 2856 2555 2895 conversus
2603 2841 2672 2896 ad
2715 2841 3020 2897 servitium
3067 2841 3290 2897 Christi
3338 2885 3352 2909 ,
3402 2838 3681 2895 habitavit
3719 2835 3769 2889 in

2136 2935 2335 2984 monte
2365 2930 2587 2999 Nitriae,
2637 2947 2825 3002 neque
2856 2938 3040 2987 artem
3073 2932 3305 2988 discere
3351 2930 3563 3004 potuit,
3597 2940 3768 2998 neque

2131 3034 2338 3073 vacare
2378 3018 2435 3072 in
2469 3020 2798 3075 scribendis
2847 3020 3017 3076 libris
3058 3038 3173 3093 prae
3207 3024 3539 3077 senectute.
3582 3017 3773 3070 Vivens

2055 3090 2097 3157 C
2136 3110 2331 3161 autem
2360 3106 2420 3162 in
2439 3108 2778 3179 supradicto
2803 3117 2999 3165 monte
3038 3090 3243 3182 viginti
3316 3108 3579 3181 quinque
3606 3102 3776 3166 annis,

2139 3193 2247 3249 hoc
2294 3194 2499 3250 habuit
2548 3197 2809 3252 studium
2848 3240 2862 3267 ,
2911 3203 2975 3252 ut
3006 3214 3073 3253 ex
3121 3200 3387 3270 pr0priis
3434 3193 3693 3269 pecuniis
3729 3195 3778 3244 et

2138 3282 2262 3339 suis
2285 3283 2587 3340 laboribus
2604 3288 2802 3341 omnia
2825 3286 3059 3342 cellaria
3072 3291 3447 3359 compararet
3461 3288 3530 3341 de
3549 3281 3772 3340 Alexan-

2140 3374 2288 3439 dria,
2322 3381 2379 3429 et
2405 3374 2463 3429 in
2487 3376 2647 3431 omni
2681 3377 3041 3433 fraternitate
3072 3378 3465 3433 ministrabat
3491 3375 3775 3431 inﬁrman-

2136 3461 2339 3519 tibus:
2400 3470 2524 3519 erat
2581 3466 2783 3522 videns
2833 3483 2931 3522 eos
2980 3485 3013 3522 a
3062 3467 3259 3539 prima
3312 3466 3448 3522 luce
3489 3479 3669 3535 usque
3711 3460 3773 3515 ad

2140 3549 2341 3606 horam
2394 3568 2630 3621 nonam,
2667 3570 2769 3625 per
2810 3552 3044 3625 singula
3083 3555 3236 3609 ostia
3274 3554 3616 3626 ingrediens
3661 3565 3773 3604 mo-

2141 3639 2477 3709 nasteriola,
2523 3659 2595 3697 ne
2633 3643 2765 3713 quis
2806 3644 2954 3698 forte
2988 3646 3231 3714 jaceret.
3284 3644 3562 3700 Portabat
3602 3643 3774 3695 autem

2141 3745 2312 3784 uvam
2357 3747 2615 3801 passam,
2658 3732 2814 3787 mala
2852 3737 3113 3804 granata,
3163 3737 3220 3787 et
3272 3732 3500 3789 similia
3538 3746 3661 3802 quis
3702 3727 3781 3780 in-

2142 3817 2329 3873 firmis
2362 3821 2691 3876 necessaria
2722 3826 2878 3875 sunt.
2916 3821 3075 3877 Hanc
3106 3823 3379 3877 exercuit
3409 3815 3785 3877 conversatio-

2142 3923 2277 3962 nem
2320 3907 2379 3961 in
2424 3915 2725 3967 senectute
2764 3928 2899 3966 sua.
2936 3911 3043 3975 Qui
3090 3912 3360 3967 moriens
3400 3909 3654 3967 similem
3691 3902 3791 3962 sibi

2143 3995 2461 4068 dereliquit
2492 4000 2951 4069 apothecarium,
2982 4017 3192 4072 rogans
3227 4018 3375 4058 eum
3403 4002 3560 4056 hanc
3580 4010 3789 4054 exerce-

2144 4102 2204 4139 re
2225 4085 2823 4158 administrationem;
2848 4090 3109 4161 quinque
3131 4090 3293 4146 enim
3325 4090 3584 4146 millium
3608 4101 3793 4143 mona-

2146 4174 2389 4231 chorum
2423 4178 2817 4236 habitantium
2850 4182 2909 4236 in
2934 4186 3133 4237 monte
3155 4181 3506 4237 necessaria
3532 4183 3654 4235 erat
3674 4174 3793 4231 talis

2147 4265 2499 4325 ministratio
2525 4289 2539 4341 ;
2563 4278 2867 4345 propterea
2890 4272 3039 4343 quod
3064 4288 3303 4328 aremus
3327 4276 3491 4329 esset
3509 4270 3671 4327 locus
3689 4263 3793 4321 ille.

2755 4388 2991 4444 CAPUT
3039 4388 3188 4444 VIII.

396 4482 549 4536 mur,
584 4470 631 4525 si
664 4448 897 4539 quando
930 4474 1129 4546 aliqua
1176 4448 1512 4547 gravissima
1561 4477 1844 4549 aegritudo
1893 4476 2034 4531 viris
2066 4448 2112 4513 D
2145 4470 2219 4525 De
2242 4482 2427 4529 sancto
2466 4476 2801 4541 Nathanael,
2834 4482 2884 4533 et
2920 4479 3278 4533 tentamentis
3319 4479 3442 4546 eius
3472 4494 3506 4533 a
3546 4476 3793 4533 dszue-

391 4556 576 4626 justis
608 4562 881 4616 evenerit.
921 4565 1201 4622 Defuncto
1233 4571 1428 4623 autem
1461 4584 1549 4636 eo,
1582 4567 1760 4623 limen
1794 4568 1866 4621 de
1897 4566 2048 4621 ostio

396 4646 661 4702 tulerunt
689 4655 747 4705 et
778 4657 991 4723 postes,
1026 4660 1091 4710 ut
1145 4660 1343 4726 posset
1386 4673 1597 4727 corpus
1647 4659 1776 4727 ejus
1828 4656 2045 4711 efferri.

394 4734 621 4792 Tantus
654 4745 775 4794 erat
805 4746 1002 4797 tumor
1034 4745 1314 4815 corporis.

471 4824 779 4883 Referebat
810 4832 989 4886 abbas
1014 4832 1359 4903 Benjamin1
1389 4853 1401 4890 :
1431 4835 1575 4901 Quia
1607 4836 1862 4907 quodam
1903 4840 2051 4889 tem-

393 4931 531 4985 pore
561 4934 667 4989 ego
714 4924 771 4974 et
824 4922 1132 4991 presbyter
1179 4924 1249 4977 de
1302 4924 1482 4981 Gellia
1533 4926 1931 4998 applicuimus
1978 4926 2048 4980 ad

394 5007 711 5075 quemdam
746 5010 1061 5076 seniorem,
1096 5012 1457 5069 habitantem
1493 5016 1552 5069 in
1586 5032 1781 5071 eremo
1827 5015 2049 5086 Scythi,

394 5098 450 5148 et
475 5095 800 5153 obtulimus
826 5099 876 5152 ei
913 5100 1209 5155 modicum
1243 5102 1373 5159 olei.
1410 5104 1507 5159 Ille
1541 5110 1737 5160 autem
1772 5106 1917 5159 dixit
1947 5122 2052 5160 no-

408 5183 498 5238 bis
523 5200 534 5238 :
557 5185 697 5240 Ecce
718 5186 861 5241 illud
881 5188 1173 5245 modicum
1192 5193 1522 5259 vasculum,
1540 5196 1691 5265 quod
1708 5200 1842 5249 ante
1864 5195 2050 5249 trien-

398 5273 562 5327 nium
588 5274 801 5330 dedisti
828 5277 992 5342 mihi,
1019 5279 1102 5333 sic
1128 5281 1367 5351 plenum
1407 5289 1603 5338 manet
1634 5301 1821 5355 usque
1852 5285 2046 5340 hodie-

401 5366 513 5422 Nos
536 5371 732 5423 autem
754 5368 874 5424 haec
902 5372 1233 5443 audientes,
1260 5375 1518 5431 diximus
1545 5393 1557 5431 :
1582 5382 1653 5433 Et
1671 5384 2047 5451 quapropter,

397 5458 587 5521 Pater,
612 5456 697 5511 vel
723 5457 781 5511 in
808 5457 1019 5515 diebus
1044 5461 1207 5519 festis
1230 5478 1344 5518 non
1370 5465 1623 5535 gustasti
1648 5466 1719 5521 de
1739 5466 1866 5537 ipso
1889 5468 2053 5523 oleo?

400 5544 469 5600 Et
500 5547 887 5618 respondens,
913 5548 1057 5604 dixit
1088 5549 1259 5606 nobis
1286 5568 1299 5607 :
1328 5552 1461 5608 Ideo
1484 5553 1781 5625 percipere
1804 5554 1965 5613 nolui
1987 5576 2055 5615 ex

402 5650 494 5705 eo,
526 5652 599 5692 ne
624 5635 774 5697 forte
806 5640 1163 5697 consuetudo
1190 5640 1335 5697 mihi
1365 5642 1489 5711 ﬁat,
1524 5648 1580 5700 et
1636 5646 1932 5718 requiram
1983 5650 2053 5709 de

469 5734 489 5774 ¹
518 5733 693 5797 Deest
719 5735 1028 5799 Heraclidi.
1060 5737 1282 5816 Pelag.,
1332 5738 1516 5801 libell.
1547 5758 1628 5817 rv,
1655 5759 1717 5804 n.
1748 5743 1837 5805 12.

2227 4578 2358 4635 Fuit
2382 4580 2535 4635 alius
2569 4583 2809 4653 quidam
2843 4585 2913 4639 de
2931 4584 3191 4655 antiquis
3213 4584 3558 4650 monachis,
3582 4579 3799 4638 nomine

2158 4667 2479 4724 Nathanael
2512 4672 2830 4742 (Ileraclid.,
2853 4689 2976 4743 cap.
3007 4674 3085 4744 5).
3113 4675 3281 4729 Hunc
3305 4689 3419 4746 ego
3444 4691 3564 4730 non
3588 4665 3798 4727 inveni:

2158 4757 2472 4814 transierat
2502 4759 2657 4814 enim
2699 4762 2770 4815 de
2799 4777 3040 4832 corpore
3071 4766 3206 4816 ante
3246 4762 3579 4818 adventum
3622 4770 3800 4814 meum

2158 4852 2293 4902 ante
2334 4865 2521 4903 annos
2553 4849 2886 4920 quindecim
2915 4870 2928 4917 ;
2963 4867 3062 4906 eos
3108 4854 3309 4905 autem
3347 4853 3457 4922 qui
3492 4841 3801 4907 conversati

2160 4940 2300 4990 sunt
2330 4954 2460 4992 cum
2494 4954 2582 5001 eo,
2615 4939 2831 4993 inveni.
2866 4939 3224 5011 Interrogavi
3258 4945 3470 4995 autem
3504 4956 3604 4995 eos
3635 4936 3799 4992 virtu-

2160 5029 2275 5080 tem
2307 5026 2436 5080 viri.
2488 5027 2883 5084 Ostenderunt
2912 5032 3107 5083 autem
3142 5033 3199 5083 et
3241 5029 3398 5083 mihi
3434 5027 3643 5085 cellam
3687 5024 3802 5096 ejus

2160 5114 2217 5167 in
2246 5132 2361 5185 qua
2392 5115 2773 5186 habitaverat,
2809 5119 2911 5172 sed
2934 5123 3073 5173 tunc
3098 5117 3304 5173 nullus
3339 5118 3651 5174 habitabat
3672 5115 3727 5169 in
3747 5128 3805 5166 ea

2162 5209 2467 5274 propterea
2498 5207 2653 5275 quod
2689 5208 2922 5278 propior
2950 5212 3106 5262 esset
3136 5206 3379 5263 cuidam
3419 5208 3551 5262 vico
3584 5199 3804 5261 cohabi-

2158 5292 2421 5349 tantibus
2450 5293 2849 5350 saecularibus.
2882 5295 2985 5350 Ille
3017 5296 3173 5351 enim
3205 5312 3341 5351 eam
3377 5301 3525 5351 tunc
3556 5298 3807 5351 constru-

2158 5381 2262 5447 xit,
2305 5384 2541 5452 quando
2573 5384 2822 5439 rariores
2853 5389 3020 5440 erant
3052 5384 3202 5441 servi
3239 5386 3371 5451 Dei,
3406 5384 3512 5456 qui
3546 5385 3808 5439 dicuntur

2159 5469 2541 5540 anachoreta,
2570 5473 2626 5526 id
2660 5477 2768 5539 est,
2803 5472 2903 5544 qui
2934 5474 3215 5530 recedunt
3243 5474 3309 5529 in
3346 5474 3670 5531 secretiora
3697 5486 3809 5527 erc-

2158 5558 2239 5614 mi
2268 5558 2417 5616 loca.

2226 5648 2571 5707 Referebant
2599 5652 2795 5709 autem
2823 5650 2946 5710 haec
2977 5654 3049 5712 de
3071 5668 3159 5724 eo,
3192 5653 3504 5728 pmcipue
3530 5652 3670 5729 quia
3688 5654 3810 5709 tan-

2228 5743 2250 5781 ¹
2281 5744 2459 5809 Deest
2486 5744 2801 5809 Heraclidi.
