4002 6166
231 295 318 352 361

1554 295 1893 350 PALLADII
1932 295 2313 353 LAUSIACA.

3531 297 3636 352 362

231 420 694 477 invenitsitulam
731 435 940 476 aeream
960 419 1484 492 dependentem,et
1499 423 1758 475 catenam
1777 420 1884 474 fer-
1913 423 1964 489 Α
1997 421 2154 491 virgo
2186 423 2449 492 quaedam
2475 422 2542 477 de
2575 420 2990 477 Thessalonica
3018 421 3279 488 veniens,
3321 439 3446 493 quas
3479 423 3638 478 mul-

233 528 381 568 ream
396 511 967 583 superputeumJam
987 511 1056 565 de
1072 510 1274 565 multis
1289 509 1654 580 temporibus
1670 509 1887 564 resolu-

234 607 431 667 tam,et
452 603 679 657 fructus
711 600 1000 655 malorum
1028 598 1590 672 granatorum,nibil
1618 598 1776 652 intus
1791 598 1888 653 ha-

235 691 512 759 bentium,
539 696 845 763 propterea
872 690 1026 760 quod
1051 689 1344 745 aruissent
1365 705 1397 743 a
1426 688 1607 743 nimio
1631 687 1769 742 solis
1791 703 1885 741 ar-

233 783 363 836 dore
382 799 395 846 ;
413 781 887 836 abominationes
904 779 1076 835 etiam
1095 780 1385 834 idolorum
1413 776 1887 849 quamplurimas

233 871 548 926 aureas.lta
560 887 696 941 ergo
712 875 1029 936 revertens,
1047 869 1207 924 venit
1222 873 1353 940 post
1367 868 1491 923 dies
1505 867 1704 938 viginti
1718 866 1887 921 .Deti-

232 961 412 1016 ciente
425 977 562 1033 ergo
576 959 626 1014 ei
644 977 797 1032 aqua
821 977 997 1032 quam
1015 960 1285 1032 portabat
1298 964 1353 1014 et
1377 975 1547 1031 pane,
1565 958 1622 1013 in
1641 957 1885 1013 multam

233 1052 564 1124 angustiam
589 1051 838 1106 devenit.
863 1055 1076 1105 Etcum
1100 1050 1215 1119 jam
1239 1051 1532 1119 deﬁceret,
1555 1046 1886 1120 apparuitei

233 1141 445 1214 puella,
480 1146 645 1196 stans
678 1141 695 1212 (
728 1140 882 1195 sicut
914 1139 1241 1209 referebat)
1274 1139 1670 1194 mundissimo
1704 1137 1887 1193 linteo

233 1231 468 1300 amicta,
503 1236 560 1286 et
584 1231 806 1286 habens
837 1229 1106 1301 hydriam
1142 1229 1460 1284 stillantem
1491 1246 1676 1300 aquae,
1708 1244 1884 1299 quam

237 1321 465 1376 dicebat
506 1320 677 1392 longe
709 1337 742 1375 a
771 1336 834 1375 se
865 1319 1034 1391 quasi
1075 1319 1333 1374 stadium
1366 1335 1570 1373 unum.
1603 1318 1671 1372 Et
1703 1332 1885 1387 usque

237 1411 358 1466 dies
386 1415 506 1466 tres
527 1408 853 1476 ambulans,
878 1409 1152 1465 etvidens
1173 1425 1300 1464 eam
1326 1424 1458 1463 cum
1490 1407 1699 1478 hydria
1723 1411 1884 1462 stan-

235 1507 372 1570 tem,
388 1501 862 1572 appropinquare
875 1516 989 1554 non
1001 1498 1250 1566 valebat,
1267 1496 1763 1564 sicutsomnians;
1783 1513 1886 1568 spe

232 1596 424 1647 autem
467 1589 702 1645 videndi
741 1589 1135 1659 exspectando
1180 1588 1641 1644 confortabatur.
1676 1590 1887 1642 Postea

235 1677 508 1750 apparuit
536 1677 586 1732 ei
621 1676 935 1732 multitudo
983 1675 1364 1742 bubularum,
1398 1692 1466 1730 ex
1509 1675 1726 1746 quibus
1767 1691 1886 1729 una

234 1785 361 1841 qua:
395 1767 648 1822 habebat
677 1765 922 1821 vitulum
941 1766 1139 1834 stetit;
1164 1770 1303 1821 sunt
1328 1765 1482 1820 enim
1507 1765 1707 1819 multa:
1732 1763 1789 1818 in
1812 1762 1875 1817 il-

236 1857 309 1912 lis
347 1857 517 1926 locis,
559 1862 633 1924 et,
676 1856 826 1912 sicut
869 1855 994 1927 ipse
1023 1855 1272 1925 dicebat,
1314 1854 1659 1910 decurrebat
1714 1853 1764 1908 ei
1811 1853 1882 1907 de

239 1947 520 2003 uberibus
551 1946 655 2003 lac.
689 1947 758 2000 Et
789 1946 941 2000 facta
961 1949 1172 2000 estvox
1201 1943 1686 2017 desuper.dicens
1721 1961 1734 1998 :
1769 1943 1882 1998 Ma-

237 2038 376 2107 cari,
405 2036 615 2092 accede
637 2036 709 2090 ad
736 2034 1036 2101 bubulam,
1057 2039 1115 2090 et
1137 2051 1298 2106 suge.
1323 2033 1642 2105 Supposuit
1662 2049 1798 2104 ergo
1817 2049 1879 2088 se

218 2129 290 2198 ei,
320 2132 376 2183 et
396 2126 652 2182 laetatus
677 2125 1002 2197 resumpsit
1023 2124 1196 2180 vires.
1220 2126 1513 2194 Venitque
1531 2122 1754 2177 bubula
1774 2121 1877 2178 illa

209 2235 404 2291 usque
427 2217 498 2272 ad
530 2216 739 2273 cellam
763 2216 893 2287 ejus
916 2215 1140 2271 lactans
1163 2231 1318 2284 eum,
1337 2219 1395 2270 et
1424 2211 1676 2269 vitulum
1696 2229 1871 2268 suum

204 2325 328 2364 non
361 2305 720 2378 suscipiens.

285 2401 575 2452 Reversus
607 2411 743 2467 ergo
770 2395 838 2450 ad
872 2395 1080 2450 fratres
1110 2411 1244 2449 cum
1285 2393 1608 2450 indicasset
1647 2393 1717 2448 de
1769 2409 1872 2464 op-

217 2486 580 2559 portunitate
611 2483 746 2554 loci,
778 2483 1097 2540 multorum
1122 2483 1475 2539 inflammati
1500 2487 1640 2538 sunt
1669 2482 1870 2551 animi,

220 2581 285 2630 ut
312 2578 622 2647 pergerent
652 2572 791 2629 illuc
821 2590 956 2628 cum
987 2589 1053 2631 eo
1088 2575 1128 2630 ¹.
1161 2573 1268 2629 Sed
1306 2573 1406 2627 ubi
1447 2572 1636 2627 sancti
1670 2572 1869 2627 Patres

207 2669 526 2721 senserunt
569 2664 801 2720 animos
829 2664 1113 2734 juvenum
1161 2661 1466 2718 concitatis
1507 2663 1576 2717 ad
1620 2678 1867 2734 pergen-

212 2756 373 2821 dum,
414 2758 824 2824 represserunt
852 2769 950 2808 eos
981 2751 1204 2807 salubri
1246 2750 1514 2818 consilio,
1566 2751 1863 2806 dicentes:

214 2848 408 2899 Locus
438 2843 548 2899 iste
579 2843 627 2898 si
662 2859 814 2911 vere,
850 2847 914 2897 ut
953 2842 1189 2908 dicitur,
1223 2858 1256 2896 a
1289 2841 1478 2896 Janne
1518 2846 1574 2895 et
1603 2841 1864 2896 Mambre

210 2934 575 2988 constitutus
609 2937 718 3000 est,
751 2947 868 2986 non
893 2930 1049 2986 aliud
1071 2931 1142 2986 de
1160 2947 1226 2986 eo
1243 2931 1598 2986 credendum
1627 2935 1734 2999 est,
1752 2929 1864 2984 nisi

211 3023 368 3096 quod
390 3021 605 3077 diaboli
621 3038 794 3094 opere
809 3023 877 3076 ad
897 3020 1302 3092 deceptionem
1321 3025 1582 3076 nostram
1617 3020 1860 3075 forsitan

205 3115 571 3184 preparatus
602 3111 699 3166 sit.
731 3109 786 3165 Si
809 3110 966 3166 enim
989 3109 1302 3166 deliciosus
1324 3115 1414 3164 est
1443 3114 1500 3164 et
1529 3109 1855 3175 abundans,

208 3162 568 3184 τηρ-τη-
603 3162 697 3166 --η
732 3162 786 3165 --
996 3162 1298 3166 “mw—ﬁ
1451 3162 1493 3164 -κ
1535 3162 1556 3163 ρ
1584 3162 1590 3163 κ
1615 3162 1624 3164 τ
1653 3162 1740 3164 η

208 3218 392 3273 quam
428 3216 486 3256 re
518 3201 715 3273 quiem
763 3200 1136 3272 sperabimus
1185 3200 1245 3254 in
1291 3200 1494 3254 futuro
1545 3199 1774 3267 saeculo,
1807 3199 1856 3254 si
1890 3162 1932 3228 C

203 3291 303 3346 hic
326 3291 556 3347 deliciis
579 3289 876 3345 fruimur?
898 3291 1027 3345 Hac
1054 3295 1232 3361 atque
1254 3290 1368 3344 alia
1385 3290 1668 3354 dicentes,
1689 3291 1856 3360 juve-

204 3398 352 3437 num
386 3380 616 3436 animos
649 3383 1071 3451 represserunt.
1105 3379 1258 3434 Licet
1287 3378 1444 3434 enim
1493 3378 1856 3433 diversorum

203 3488 520 3543 pomorum
537 3487 804 3525 amoenus
818 3478 967 3525 esset
991 3468 1175 3535 locus,
1191 3473 1247 3523 et
1263 3468 1570 3523 abundans
1589 3469 1860 3523 omnibus

204 3560 582 3626 necessariis,
615 3561 717 3616 sed
748 3577 860 3615 non
895 3575 1065 3630 posse
1083 3558 1314 3614 dicebat
1342 3558 1553 3612 adduci
1574 3555 1714 3611 illuc
1738 3557 1860 3629 plu-

202 3669 299 3708 res
341 3653 578 3718 fratres,
609 3668 683 3707 ne
719 3651 866 3706 forte
897 3650 1197 3705 venientes
1229 3665 1329 3719 per
1377 3664 1642 3704 eremum
1675 3665 1708 3702 a
1747 3647 1862 3701 daa-

206 3741 489 3797 monibus
513 3742 946 3812 deciperentur.
967 3739 1185 3794 Multos
1205 3739 1362 3793 enim
1388 3737 1580 3792 aiebat
1600 3753 1728 3792 esse
1749 3736 1863 3791 dae-

214 3848 446 3901 mones,
479 3847 733 3902 quorum
767 3829 1034 3885 fremitus
1065 3832 1123 3885 et
1154 3827 1505 3884 calliditates
1538 3827 1683 3882 ferre
1714 3825 1865 3882 mul-

207 3922 408 3977 titudo
444 3921 688 3975 fratrum
720 3919 953 3975 insueta
979 3935 1093 3974 non
1126 3922 1344 3990 posset.

285 4010 555 4078 Quodam
589 4015 848 4080 tempore
869 4008 1024 4064 idem
1049 4013 1291 4063 sanctus
1315 4007 1601 4063 Macarius
1625 4010 1868 4078 puteum

207 4100 498 4166 fodiebat,
529 4104 588 4154 et
619 4099 676 4153 in
710 4098 973 4170 proximo
1005 4097 1203 4153 fruteti
1227 4097 1382 4152 silvae
1416 4097 1487 4152 ab
1520 4095 1723 4167 aspide
1750 4111 1872 4166 per-

207 4208 426 4248 cussus
467 4195 556 4247 est
588 4189 915 4263 (Heraclid.,
945 4205 1068 4260 cap.
1098 4189 1173 4250 6).
1208 4187 1315 4252 Qui
1346 4187 1709 4242 mortiferum
1743 4183 1872 4239 ani-

211 4280 400 4336 mala
449 4281 720 4336 faucibus
769 4279 1238 4351 apprehendens,
1275 4276 1553 4332 manibus
1603 4276 1874 4345 utrisque

208 4370 516 4437 scindens,
568 4369 713 4424 dixit
756 4368 808 4423 ei
855 4383 869 4424 :
913 4367 1037 4423 Non
1085 4366 1457 4438 permittente
1515 4365 1653 4435 Deo,
1696 4381 1875 4435 quare

213 4459 523 4531 usurpasti
550 4458 746 4515 venire
767 4458 794 4512 ?

1992 511 2067 564 tis
2096 513 2265 567 annis
2297 512 2355 566 in
2387 512 2641 583 paralysi
2672 511 2995 566 laborabat.
3025 516 3182 566 lianc
3217 512 3412 582 itaque
3448 528 3637 583 usque

1989 601 2059 653 ad
2093 601 2295 673 viginti
2331 602 2454 657 dies
2487 601 2612 657 oleo
2642 605 2846 656 sancto
2879 616 3232 672 perungens,
3266 607 3320 656 et
3356 601 3632 656 orationi-

1988 689 2099 745 bus
2131 708 2233 762 pro
2274 708 2338 746 ea
2380 691 2679 758 insistens,
2725 707 2925 746 sanam
2963 689 3188 744 remisit
3221 692 3290 744 ad
3341 692 3632 762 propriam

1987 779 2299 837 civitatem.
2322 784 2454 847 Qua:
2476 787 2787 853 postquam
2807 781 3066 852 pervenit
3089 781 3157 833 ad
3180 781 3417 833 domum
3439 797 3628 849 suam,

1989 870 2205 926 multas
2238 872 2563 928 oblationes
2596 871 2805 928 direxit
2850 890 2950 944 per
2996 873 3224 926 diversa
3259 876 3459 926 sancta
3508 888 3632 926 mo-

1986 961 2259 1018 nasteria.

2057 1050 2160 1104 Hic
2187 1052 2383 1123 itaque
2414 1052 2698 1109 Macarius
2729 1051 2991 1120 audiens,
3028 1051 3167 1122 quia
3200 1066 3474 1122 magnam
3500 1067 3633 1106 con-

1988 1141 2372 1196 versationem
2408 1148 2464 1197 et
2496 1142 2756 1213 regulam
2785 1141 3130 1212 disciphinre
3153 1141 3634 1196 Tabennensiota:

1989 1231 2260 1285 monachi
2293 1231 2595 1300 haberent,
2621 1237 2845 1287 mutato
2869 1231 3091 1297 habitu,
3118 1232 3525 1303 accipiensque
3549 1234 3637 1287 in-

1988 1319 2265 1375 dumenta
2314 1321 2539 1390 rustici,
2571 1339 2671 1393 per
2716 1321 2841 1376 dies
2891 1320 3223 1391 quindecim
3275 1322 3535 1376 ascendit
3575 1322 3636 1377 in

1986 1409 2343 1466 Thebaidam
2381 1428 2481 1483 per
2503 1411 2902 1466 solitudinem.
2941 1411 3323 1482 Etingressus
3346 1416 3638 1467 monaste-

1989 1498 2138 1553 rium
2169 1500 2775 1556 Tabennensiotarum
2810 1500 3104 1571 quaerebat
3128 1501 3396 1556 abbatem
3422 1508 3482 1556 ut
3511 1503 3638 1572 ejus

1988 1594 2442 1660 praesentaretur
2472 1591 2832 1662 aspectibus,
2865 1591 3055 1646 virum
3090 1595 3381 1660 sanctum,
3415 1592 3637 1647 Pacho-

1988 1677 2172 1733 mium
2223 1681 2479 1748 nomine,
2532 1679 3040 1752 probatissimum,
3075 1680 3362 1735 famulum
3395 1681 3635 1750 Christi,

1914 1789 1959 1854 Β
1990 1767 2236 1838 gratiam
2259 1769 2576 1840 prophetiae
2597 1769 3022 1835 habentem,cui
3047 1769 3371 1824 occultatus
3389 1777 3634 1827 estnutu

1990 1856 2089 1911 Dei
2112 1858 2404 1913 advenvus
2424 1858 2683 1914 Macarii.
2709 1859 3179 1930 Repraesentatus
3202 1875 3360 1930 ergo,
3395 1860 3632 1916 dixitei:

1990 1950 2274 2017 Deprecor
2304 1951 2380 2013 te,
2423 1948 2659 2003 domine
2709 1951 2911 2002 sancte
2952 1953 3142 2017 Pater,
3175 1949 3406 2019 suscipe
3455 1967 3548 2004 me
3575 1951 3634 2006 in

1987 2037 2409 2092 monasterium
2439 2041 2632 2105 tuum,
2674 2042 2738 2092 ut
2763 2036 2986 2092 efﬁciar
3020 2037 3364 2093 monachus.
3399 2039 3548 2094 Dixit
3587 2040 3637 2094 ei

1983 2124 2373 2182 Pachomius:
2405 2126 2538 2181 Jam
2572 2130 2873 2181 senectute
2902 2127 3057 2181 993
3089 2132 3418 2197 provectus,
3448 2129 3636 2183 absti-

1985 2216 2241 2270 nentiam
2275 2233 2388 2271 non
2412 2217 2568 2271 vales
2587 2216 2901 2285 sustinere,
2936 2217 3143 2271 fratres
3166 2218 3317 2272 enim
3343 2221 3641 2274 continen-

1980 2304 2198 2360 tissimi
2223 2310 2382 2374 sunt,
2407 2309 2461 2360 et
2484 2323 2597 2361 non
2625 2307 2816 2362 terens
2841 2323 3066 2372 eorum,
3088 2305 3369 2374 laborem,
3392 2309 3640 2364 scanda-

1979 2391 2101 2448 lum
2130 2412 2366 2466 passus,
2401 2399 2457 2449 et
2488 2395 2837 2466 regredieris
2872 2395 3235 2450 detrahendo
3287 2396 3392 2450 eis.
3429 2401 3491 2451 Et
3523 2415 3636 2453 non

1979 2486 2238 2556 suscepit
2267 2502 2423 2554 eum,
2459 2502 2563 2540 nec
2595 2485 2781 2556 prima
2804 2501 2908 2540 nec
2932 2486 3183 2540 secunda
3207 2486 3317 2552 die,
3345 2503 3532 2556 usque
3564 2490 3635 2543 ad

1979 2573 2102 2629 dies
2136 2579 2382 2646 septem.
2417 2575 2559 2630 Cum
2595 2591 2731 2646 ergo
2765 2580 3163 2646 perseveraret
3187 2575 3359 2630 etiam
3389 2577 3634 2646 jejunus

1977 2680 2353 2734 permanens,
2385 2669 2516 2736 post
2548 2664 2653 2719 hac
2697 2666 2842 2719 dixit
2872 2664 2960 2719 ei:
2994 2663 3236 2735 Suscipe
3284 2681 3397 2731 me,
3457 2667 3628 2738 abba,

1975 2758 2032 2808 et
2048 2753 2095 2808 si
2116 2754 2585 2824 nonjejunavero
2603 2753 2756 2808 sicut
2796 2757 2852 2807 et
2872 2752 2968 2807 alii
2992 2753 3222 2818 fratres,
3239 2759 3632 2827 operatusque

1975 2859 2088 2897 non
2123 2843 2285 2898 fuero
2313 2844 2469 2898 sicut
2502 2847 2558 2897 et
2587 2842 2694 2910 illi,
2729 2847 2868 2897 tunc
2893 2843 3039 2913 jube
3081 2859 3172 2897 me
3206 2844 3410 2913 jactari
3447 2845 3621 2900 foras.

1972 2932 2102 2987 Haec
2133 2931 2379 2987 audiens
2410 2933 2614 2999 abbas,
2641 2932 2828 3001 jussit
2854 2931 3131 2986 fratribus
3165 2937 3228 2986 ut
3253 2933 3626 3004 susciperent

1971 3023 2235 3078 eum.Est
2267 3029 2460 3078 autem
2481 3023 2849 3092 congregatio
2877 3038 2978 3092 per
3001 3023 3236 3094 singula
3258 3039 3433 3078 mona
3455 3025 3634 3080 steria

1973 3110 2132 3167 mille
2153 3111 2566 3183 quadringenti
2592 3111 3044 3166 viri.Multorum
3069 3111 3222 3165 enim
3242 3115 3625 3168 monasterio-

1971 3218 2098 3256 rum
2134 3203 2340 3256 beatus
2373 3201 2718 3255 Pachomius
2750 3201 2923 3255 Pater
2953 3206 3095 3266 erat,
3130 3205 3189 3255 et
3225 3202 3412 3256 multa
3446 3202 3632 3257 millia

1968 3291 2392 3346 monachorum
2418 3288 2793 3361 congregatio
2814 3294 2966 3355 erat,
2987 3289 3162 3344 etiam
3187 3306 3243 3344 et
3267 3307 3452 3362 usque
3475 3309 3632 3346 nunc

1968 3391 2109 3434 sunt
2141 3379 2356 3434 Christi
2389 3379 2578 3447 gratia
2609 3378 2915 3449 largiente.
2951 3381 3256 3449 Ingressus
3287 3386 3374 3434 est
3403 3397 3538 3452 ergo
3568 3381 3626 3436 in

1970 3468 2414 3524 monasterium.
2447 3471 2759 3522 Transacto
2782 3471 2973 3522 autem
3001 3484 3185 3538 pauco
3207 3473 3486 3541 tempore,
3522 3488 3624 3527 su-

1973 3558 2233 3630 pervenit
2263 3556 2737 3629 quadragesima,
2773 3561 2828 3611 et
2863 3556 3012 3611 vidit
3053 3557 3320 3628 singulos
3354 3576 3620 3632 quosque

1971 3645 2509 3716 addentosjejuniis
2549 3645 2934 3700 abstinentia.
2972 3645 3389 3709 Quidamenim
3412 3665 3613 3706 eorum

1973 3739 2104 3807 post
2134 3736 2282 3790 duos
2315 3735 2440 3789 dies
2463 3734 2821 3798 reficiebant,
2849 3734 2944 3790 alii
2974 3719 3170 3790 autem
3204 3741 3337 3807 post
3370 3741 3632 3812 quinque

1975 3824 2099 3879 dies
2112 3823 2652 3894 capiebantcibum,
2676 3822 2772 3877 alii
2791 3840 2923 3879 vero
2939 3828 3234 3896 pertotam
3253 3833 3478 3882 noctem
3493 3829 3634 3901 vigi-

1976 3912 2168 3971 lantes
2181 3913 2544 3969 orationibus
2560 3913 2934 3981 insistebant,
2955 3931 3056 3986 per
3074 3915 3225 3969 diem
3248 3921 3441 3972 autem
3459 3936 3636 3989 opera

1978 4020 2265 4058 manuum
2279 4003 2642 4059 exercebant.
2664 4003 2770 4058 Hic
2786 4021 2917 4059 vero
2941 4010 3181 4060 sanctus
3210 4007 3500 4064 Macarius
3515 4015 3636 4064 sta-

1980 4093 2076 4146 bat
2106 4092 2164 4146 in
2196 4093 2432 4164 angulo,
2466 4097 2586 4146 tam
2612 4093 2821 4146 diebus
2870 4109 3042 4164 quam
3070 4095 3340 4150 noctibus
3363 4114 3476 4151 non
3511 4099 3635 4153 dis-

1982 4183 2193 4237 cedens
2225 4199 2544 4251 quoquam,
2569 4198 2876 4252 usquequo
2909 4183 3033 4237 dies
3057 4184 3447 4256 quadraginta
3476 4204 3634 4241 com-

1983 4272 2300 4343 plerentur.
2335 4271 2583 4326 Advenit
2631 4278 2686 4326 et
2732 4273 3188 4342 Paschameque
3241 4283 3375 4329 tunc
3427 4294 3634 4347 panem

1983 4363 2258 4434 gustavit,
2301 4378 2490 4432 neque
2521 4361 2677 4415 aliud
2713 4378 2948 4432 quoque
2980 4361 3378 4433 pulmentum,
3414 4365 3526 4420 nisi
3552 4366 3640 4421 fo-

1985 4451 2062 4506 lia
2090 4457 2317 4507 tantum
2353 4453 2422 4506 de
2454 4450 2745 4520 caulibus,
2770 4457 2827 4505 et
2859 4451 2980 4505 haec
3004 4451 3184 4505 semel
3219 4452 3273 4505 in
3312 4456 3644 4526 septimana

288 4549 766 4605 Habebatautem
799 4549 1060 4603 diversas
1084 4545 1350 4615 cellulas,
1384 4563 1565 4601 unam
1598 4545 1658 4599 in
1683 4547 1879 4598 monte
1908 4531 1954 4595 D
1988 4542 2080 4597 die
2113 4540 2412 4596 Dominica
2440 4541 2730 4595 sumebat.
2767 4539 2884 4595 Nec
2924 4540 3263 4596 discedebat
3302 4543 3372 4598 de
3402 4544 3644 4617 angulo,

218 4638 631 4707 Nitriae,aliam
664 4638 721 4692 in
745 4637 1066 4692 solitudine
1085 4635 1348 4691 interiori
1373 4635 1596 4704 Scythi,
1622 4638 1678 4689 et
1709 4633 1878 4688 aliam

223 4729 290 4783 in
339 4727 462 4783 loco
495 4728 596 4799 qui
628 4728 847 4782 dicitur
872 4725 1051 4781 Gellia
1077 4743 1088 4780 :
1119 4729 1175 4780 et
1206 4725 1474 4796 quaedam
1525 4725 1748 4794 absque
1793 4723 1879 4777 fe-

223 4817 451 4874 nestris
484 4821 647 4883 sunt,
674 4817 732 4872 in
760 4816 975 4888 quibus
994 4815 1300 4871 dicebatur
1319 4816 1521 4870 sedere
1553 4813 1610 4868 in
1632 4813 1882 4884 quadra-

217 4908 454 4979 gesima
482 4928 496 4976 ;
532 4907 648 4962 alia
677 4909 928 4978 angusta
961 4909 1084 4960 erat
1115 4904 1173 4958 in
1207 4921 1322 4975 qua
1348 4905 1554 4973 jacens
1577 4902 1885 4956 extendere

216 4998 406 5068 pedes
441 5014 556 5052 non
589 5000 861 5068 poterat;
897 4994 1012 5049 alia
1042 4999 1238 5049 autem
1263 4993 1438 5048 latior
1473 4997 1618 5060 erat,
1652 4991 1709 5045 in
1770 5007 1885 5061 qua

216 5085 593 5158 suscipiebat
615 5085 911 5140 venientes
931 5085 1000 5139 ad
1029 5100 1110 5139 se.
1137 5084 1236 5138 llic
1253 5094 1411 5147 vero,
1435 5085 1677 5136 sonante
1697 5081 1888 5150 gratia

211 5176 698 5243 Christi,tantam
724 5173 1169 5229 multitudinem
1194 5176 1532 5227 vexatorum
1558 5189 1590 5225 a
1613 5171 1890 5225 daemonio

212 5268 335 5322 bus
369 5267 614 5335 curavit,
648 5269 712 5320 ut
742 5280 948 5320 omnes
981 5263 1359 5330 mirarentur,
1395 5266 1450 5317 et
1493 5261 1891 5333 gloriﬁcarent

213 5358 503 5412 virtutem
538 5353 857 5411 Salvatoris
888 5354 1075 5410 nostri
1104 5355 1240 5409 .lesu
1261 5351 1604 5422 Christi,qui
1631 5367 1730 5423 per
1754 5366 1889 5406 eum

215 5447 588 5518 operabatur
619 5443 962 5516 magnifica.

287 5536 441 5592 Cum
477 5538 676 5590 autem
708 5550 814 5590 nos
846 5532 1069 5589 ibidem
1105 5548 1403 5604 essemus,
1451 5530 1650 5588 oblata
1696 5534 1786 5586 est
1841 5528 1894 5586 ei

301 5663 322 5698 ¹
364 5662 538 5718 Deest
570 5658 887 5715 Heraclidi.

567 5777 830 5840 Panos.
874 5773 1142 5840 LXXIV.

1987 4631 2108 4703 illo,
2141 4630 2242 4685 ubi
2271 4629 2525 4701 elegerat
2557 4634 2733 4697 stare,
2769 4629 2880 4684 nisi
2913 4633 3146 4685 tantum
3188 4633 3508 4703 corporalis
3541 4652 3650 4690 ne-

1989 4720 2284 4776 cessitatis
2299 4723 2561 4786 causa,et
2580 4721 2777 4774 statim
2801 4719 3149 4775 festinanter
3168 4724 3656 4794 revertebatur,et

1992 4809 2300 4865 claudebat
2321 4808 2537 4864 ostium
2561 4825 2738 4880 super
2763 4813 2908 4874 se,et
2930 4808 3075 4863 nihil
3105 4811 3337 4882 penitus
3361 4811 3652 4884 loqueba-

1994 4900 2216 4968 tur,sed
2235 4899 2290 4952 in
2310 4898 2542 4953 silentio
2560 4902 2790 4952 tantum
2814 4897 2970 4953 labia
2993 4900 3121 4970 ejus
3148 4903 3554 4958 movebantur.
3577 4904 3649 4959 Et

1995 5005 2110 5043 non
2127 4986 2682 5042 cessabatcontinue
2706 4987 2901 5042 etsine
2928 4989 3323 5044 cessationein
3351 4993 3523 5047 corde
3550 5010 3662 5048 suo

1997 5076 2228 5146 eloquia
2255 5075 2876 5146 Dominidivinamque
2899 5077 3210 5147 Scriptura:
3237 5096 3663 5138 commemora-

1997 5168 2216 5221 tionem
2233 5165 2781 5235 meditari,etopera
2813 5182 3092 5221 manuum
3118 5167 3482 5226 incessanter
3503 5188 3662 5227 exer-

2000 5272 2129 5312 cere
2153 5255 2335 5312 multo
2361 5253 2617 5326 amplius
2646 5272 2818 5326 quam
2852 5255 2952 5310 alii
2981 5257 3208 5312 fratres.
3230 5258 3359 5314 Haec
3377 5260 3550 5316 fatres
3578 5262 3658 5315 vi-

2001 5347 2229 5415 dentes,
2246 5363 2387 5417 pene
2401 5361 2602 5400 omnes
2618 5345 2998 5401 scandalizati
3016 5354 3175 5415 sunt;
3194 5355 3660 5406 murmurantes-

2003 5435 2728 5507 quedixeruntpraeposito
2746 5437 3111 5492 monasterii:
3134 5437 3297 5494 Unde
3321 5440 3487 5495 nobis
3507 5439 3661 5494 hunc

2006 5526 2326 5597 adduxisti,
2345 5530 2630 5598 tanquam
2646 5525 2771 5582 sine
2787 5542 2959 5582 carne
2978 5527 3280 5600 degentem
3301 5531 3371 5585 ad
3388 5529 3661 5584 condem-

3269 5769 3346 5828 12
