3986 6168
432 246 535 302 363

1576 239 1941 294 APPENDIX
1980 241 2077 294 AD
2115 242 2331 296 VITAS
2369 243 2690 300 PATRUM.

3678 250 3767 308 364

431 372 727 428 nationem
746 364 1268 435 nostram?Projice
1282 363 2077 435 eum,cognosce,quiavalde
2108 374 2161 440 Α
2189 368 2383 424 subito
2406 367 2665 423 clamans
2683 370 3023 423 attenuatus
3046 370 3155 437 est,
3171 384 3235 423 ac
3256 369 3499 427 redditus
3520 386 3769 433 mensura

428 461 902 519 scandalizentur
930 458 1139 512 fratres
1169 457 1227 510 in
1252 471 1336 510 eo.
1358 456 1485 523 [iam
1516 454 1763 510 audiens
1795 456 2076 527 praposi-

425 555 522 607 tus
556 548 914 614 monasterii,
948 546 1248 601 admirans
1270 550 1391 603 tam
1416 544 1736 599 districtum
1770 560 2075 599 conversa-

426 641 643 696 tionem
674 640 823 709 ejus,
847 635 1031 692 oravit
1068 634 1404 702 Dominum,
1452 634 1653 689 dicens
1706 649 1718 688 :
1766 634 2077 689 Manifesta

426 730 573 785 mihi
604 727 891 800 peccatori
923 742 1088 781 servo
1114 728 1235 790 tuo,
1269 723 1535 790 Domine,
1569 724 1711 795 quid
1755 740 1924 794 agere
1973 724 2075 778 de-

422 819 611 873 beam.
647 817 716 871 Et
747 814 1063 871 revelatum
1095 818 1186 869 est
1214 813 1284 882 ei,
1325 813 1479 884 quod
1514 812 1642 883 ipse
1688 817 1842 868 esset
1884 812 2071 867 Maca-

420 908 565 962 rius.
600 904 808 961 Eduxit
837 909 1033 959 autem
1064 914 1197 959 eum
1222 904 1373 957 foras
1398 902 1453 955 in
1491 902 1831 968 oratorium,
1857 901 1956 957 ubi
1988 901 2071 957 al-

418 1000 540 1050 tare
571 994 831 1065 positum
864 997 989 1049 erat
1008 998 1067 1047 et
1086 991 1449 1063 amplectens
1468 991 1769 1046 osculatus
1789 996 1878 1047 est
1908 972 2083 1057 eum:

416 1088 473 1139 et
502 1083 647 1138 dixit
675 1083 725 1138 ei
753 1099 765 1138 :
794 1082 936 1138 Vere
964 1081 1054 1137 vir
1074 1081 1281 1137 beatus
1303 1096 1388 1149 es,
1412 1084 1611 1136 sancte
1635 1080 1877 1148 Macari,
1908 1084 1963 1135 et
1984 1079 2067 1136 la-

420 1172 586 1229 tuisti
608 1188 736 1229 nos.
780 1172 933 1228 Olim
953 1171 1108 1228 enim
1133 1188 1200 1227 ex
1215 1169 1401 1226 multo
1422 1175 1681 1241 tempore
1696 1169 2068 1226 desideraba-

416 1278 552 1319 mue
582 1262 779 1319 videre
810 1261 1180 1317 sanctitatem
1219 1265 1423 1328 tuam;
1474 1263 1529 1315 et
1568 1260 1785 1331 gratias
1832 1260 2065 1332 agimus

415 1350 659 1407 Domino
691 1356 893 1407 nostro
922 1350 1061 1407 Jesu
1094 1349 1343 1417 Christo,
1373 1350 1511 1421 quia
1542 1350 1601 1407 in
1651 1348 2062 1421 spiritualibus

411 1441 603 1512 bonis,
619 1441 991 1513 maximeque
1012 1441 1071 1496 in
1088 1439 1408 1495 virtutibus
1422 1439 1790 1493 abstinentia:
1812 1439 2059 1495 erudisti

410 1548 513 1587 nos
537 1536 593 1587 et
614 1531 887 1603 parvulos
911 1535 1143 1587 nostros
1165 1546 1278 1585 non
1303 1528 1422 1584 alta
1442 1545 1648 1600 sapere
1676 1530 1732 1584 in
1752 1546 2061 1585 conversa-

406 1621 563 1679 tione
593 1638 719 1677 sua.
746 1621 1050 1677 Revertere
1072 1637 1208 1692 ergo
1231 1620 1301 1675 ad
1326 1618 1519 1675 locum
1543 1622 1738 1688 tuum,
1759 1636 1873 1674 non
1899 1620 2057 1675 enim

407 1727 615 1783 parum
640 1710 943 1766 aadiﬁcasti
967 1725 1092 1778 nos,
1114 1710 1447 1767 beatissime
1469 1712 1658 1780 Pater,
1688 1715 1745 1767 et
1774 1728 1875 1767 ora
1892 1710 2055 1766 inde-

407 1800 671 1857 sinenter
702 1817 808 1872 pro
840 1799 1027 1855 nobis.

497 1908 762 1975 Quodam
793 1912 1054 1979 tempore
1083 1906 1436 1965 visitationis
1468 1912 1642 1980 atque
1677 1907 2080 1964 aediﬁcationis

424 1998 613 2071 gratia
638 1997 861 2069 perrexi
895 2014 1000 2070 ego
1033 1997 1103 2053 ad
1136 2013 1295 2065 eum,
1329 2002 1385 2053 et
1435 1998 1628 2053 inveni
1677 2002 1814 2054 ante
1860 1998 2077 2053 ostium

424 2086 557 2143 atrii
579 2088 707 2159 ejus
723 2088 1017 2157 jacentem
1041 2086 1357 2158 quemdam
1382 2089 1789 2159 presbyterum
1812 2092 1929 2142 toto
1951 2104 2080 2143 cor-

425 2192 563 2249 pore
582 2176 879 2235 ulceribus
896 2178 1160 2248 plenum,
1176 2175 1387 2247 capitis
1406 2181 1601 2232 autem
1616 2178 1747 2248 ejus
1760 2176 1933 2232 etiam
1948 2175 2078 2248 ipsa

424 2283 559 2322 ossa
582 2269 1096 2337 computruerunt,
1116 2265 1217 2336 qui
1249 2264 1377 2320 ideo
1408 2265 1745 2335 advenerat,
1770 2270 1836 2320 ut
1856 2266 2076 2320 oratio-

424 2354 599 2413 nibus
617 2355 744 2424 ejus
758 2353 1068 2409 sanitatem
1085 2353 1510 2424 reciperet.Sed
1527 2358 1767 2410 sanctus
1784 2354 2075 2411 Macarius

422 2460 537 2501 non
569 2443 929 2514 Suscipiebat
960 2458 1133 2498 eum:
1169 2458 1274 2514 ego
1314 2449 1507 2498 autem
1540 2442 1828 2515 prostravi
1888 2460 1982 2498 me
2012 2444 2074 2499 in

420 2539 639 2593 terram
673 2534 742 2589 ad
775 2533 952 2604 pedes
984 2532 1137 2603 ejus,
1168 2537 1225 2588 et
1255 2533 1610 2603 deprecabar
1642 2538 1703 2589 ut
1747 2534 2074 2606 susciperet

422 2641 577 2682 eum.
606 2622 1107 2694 Respondensque
1134 2622 1223 2677 vir
1250 2622 1480 2694 beatus,
1515 2622 1659 2679 dixit
1691 2624 1872 2680 mihi:
1908 2624 2072 2678 Indi-

420 2731 573 2787 gnus
603 2718 693 2769 est
725 2717 789 2769 ut
812 2712 1121 2768 sanitatem
1169 2712 1431 2783 recipiat,
1460 2713 1561 2769 sed
1605 2713 1792 2784 magis
1834 2714 2074 2786 increpa

421 2821 577 2869 eum,
612 2808 668 2857 et
696 2802 878 2857 suade
908 2800 981 2867 ei,
1017 2805 1081 2856 ut
1105 2817 1219 2856 non
1245 2802 1458 2860 audeat
1479 2802 1754 2858 accedere
1781 2804 1852 2857 ad
1872 2819 2072 2858 sacro-

421 2896 694 2948 sanctum
727 2889 907 2946 altare
938 2890 1194 2957 Domini,
1227 2895 1285 2945 ct
1314 2890 1521 2946 offerre
1563 2891 1918 2946 sacriﬁcium
1958 2896 2073 2947 Do-

424 2980 602 3048 mino,
623 2979 763 3053 quia
781 2978 1117 3035 fornicando
1135 2978 1302 3035 offert
1321 2997 1335 3049 ;
1356 2985 1593 3051 propter
1608 2980 1717 3036 hoc
1730 2981 2071 3053 castigatur.

421 3070 759 3141 Suadeergo
791 3068 842 3124 ei
866 3072 930 3123 ut
962 3067 1267 3140 resipiscat
1285 3074 1341 3123 et
1364 3070 1717 3141 condignam
1732 3076 1868 3143 agat
1885 3072 2068 3141 poeni-

419 3160 685 3226 tentiam,
712 3163 775 3213 ut
797 3158 1255 3214 misericordiam
1280 3175 1313 3213 a
1339 3160 1581 3215 Domino
1604 3164 1899 3215 mereatur
1918 3159 2067 3216 acci-
2100 3123 2142 3190 Ο

420 3266 574 3324 pere.
602 3250 807 3322 Itaque
838 3266 942 3321 ego
974 3266 1247 3321 egressus
1278 3250 1349 3305 ad
1382 3250 1551 3306 illum
1595 3251 1915 3322 inﬁrmum,
1949 3251 2069 3306 dixi

415 3341 465 3396 ei
500 3340 717 3397 omnia.
741 3339 806 3395 Et
829 3338 927 3394 ille
944 3338 1282 3395 terribiliter
1307 3341 1713 3408 conturbatus,
1740 3340 2066 3411 intremuit,

403 3431 739 3502 juravitque
767 3428 864 3499 qui
901 3428 957 3482 in
990 3428 1211 3483 exitum
1229 3430 1358 3484 vitea
1390 3447 1512 3485 sua:
1539 3446 1654 3485 non
1676 3432 2065 3501 usurparetad

412 3519 593 3575 altare
620 3516 846 3573 Domini
870 3517 1161 3571 accedere.
1196 3521 1336 3572 Post
1356 3518 1474 3575 haec
1499 3521 1767 3589 praecepit
1788 3524 1853 3573 ut
1878 3520 2068 3589 ingre-

414 3610 670 3672 deretur,
705 3606 1085 3675 suscepitque
1115 3622 1272 3674 eum,
1298 3611 1354 3661 et
1384 3608 1531 3661 dixit
1560 3608 1645 3662 el:
1693 3608 1895 3663 Credis
1926 3609 2068 3679 quia

414 3698 568 3753 Deus
596 3700 689 3751 est
711 3710 886 3764 quem
911 3692 1057 3748 nihil
1088 3693 1229 3748 latet
1261 3694 1287 3749 ?
1318 3696 1637 3767 Respondit
1668 3713 1679 3751 :
1717 3697 1927 3764 Etiam,
1960 3698 2063 3752 do-

416 3785 595 3839 mine.
628 3782 781 3838 Dixit
810 3782 860 3837 ei
898 3798 910 3836 :
945 3782 1224 3850 Nunquid
1251 3784 1490 3853 potuisti
1514 3784 1758 3839 illudere
1783 3803 1853 3839 au
1884 3785 2063 3841 latere

419 3878 597 3931 Deum
617 3871 645 3925 τὶ
678 3871 1029 3940 Respondit:
1054 3870 1199 3925 Non.
1226 3872 1315 3926 Ait
1332 3887 1469 3944 ergo
1492 3889 1504 3925 :
1526 3872 1582 3926 Si
1603 3889 1739 3945 ergo
1757 3874 2064 3944 cognoscis

413 3960 559 4017 tanti
583 3958 848 4016 criminis
879 3964 1183 4030 peccatum
1207 3965 1397 4029 tuum,
1417 3965 1474 4015 et
1493 3961 1592 4015 Dei
1612 3962 2061 4034 castigationem

411 4048 715 4120 intelligis,
748 4062 849 4116 pro
882 4062 997 4116 qua
1015 4062 1195 4101 causa
1214 4047 1362 4102 tanti
1398 4048 1533 4102 mali
1556 4048 1803 4118 plagain
1822 4066 2062 4121 corpore

412 4146 511 4196 tuo
542 4142 651 4206 est,
686 4137 929 4206 ideoque
950 4152 1267 4206 percussus
1298 4152 1359 4192 es
1386 4153 1636 4204 ;cessaa
1659 4137 1831 4193 malis
1861 4139 2063 4207 tuis,et

411 4229 635 4300 corrige
656 4227 726 4281 de
757 4229 1048 4291 caetero,et
1070 4226 1345 4282 confitere
1366 4241 1598 4296 semper
1630 4244 1761 4282 cum
1786 4227 2060 4300 lacrymis

411 4315 785 4391 poenitentiae,
816 4319 874 4369 et
902 4314 1109 4368 intimo
1137 4315 1330 4370 cordis
1384 4316 1580 4371 dolore
1634 4316 1691 4371 in
1743 4322 2058 4388 conspectu

410 4407 639 4467 Domini
676 4413 975 4476 peccatum
999 4408 1189 4469 tuum,
1215 4409 1279 4459 ut
1300 4406 1357 4459 in
1383 4406 1475 4461 die
1495 4406 1707 4476 judicii
1736 4408 1926 4477 possis
1951 4406 2056 4463 ali-

2184 457 2597 512 suze.Tradidit
2611 472 2748 528 ergo
2766 473 2897 513 eum
2916 456 3067 528 patri
3083 472 3188 512 suo
3205 474 3636 531 sanum,ungens
3660 481 3773 522 eum

2182 546 2306 602 oleo
2338 552 2562 615 sancto,
2595 547 2992 619 praecepitque
3026 551 3087 602 ut
3127 564 3226 620 per
3263 550 3621 621 quadraginta
3649 554 3777 620 dies,

2182 652 2370 708 neque
2401 654 2635 693 carnem
2668 638 2885 707 ederet,
2918 653 3107 708 neque
3137 637 3333 694 vinum
3350 646 3604 711 sumeret,
3632 647 3681 699 et
3704 644 3774 700 ita

2180 743 2363 782 sanus
2394 726 2664 782 redditus
2696 731 2802 783 est.

2252 826 2557 882 Referebat
2605 830 2801 882 autem
2863 825 3031 883 nobis
3066 826 3222 883 idem
3254 832 3485 885 sanctus
3521 830 3599 885 vir
3618 831 3783 887 Maca-

2178 918 2322 986 rius,
2337 916 2408 971 ad
2419 933 2659 973 monens
2673 916 3311 988 utcaveamus,inquit,
3331 916 3692 975 multiformes
3712 920 3785 976 in-

2177 1006 2358 1061 sidias
2372 1007 2702 1063 daemonum
2717 1006 2870 1077 ,quia
2885 1006 3143 1079 quodam
3160 1012 3417 1078 tempore
3433 1008 3595 1064 nimis
3616 1008 3661 1063 ei
3686 1025 3785 1065 mo-

2174 1093 2332 1151 lestae
2352 1096 2982 1168 fueruntcogitationes
2997 1114 3151 1151 vanae
3165 1095 3787 1170 gloriae,scilicetutqua-

2172 1183 2448 1256 licunque
2462 1186 2633 1241 modo
2647 1185 2922 1256 ejicerent
2950 1203 3085 1243 eum
3116 1186 3187 1241 de
3209 1185 3354 1241 cella
3382 1187 3524 1257 ejus,
3556 1192 3607 1243 et
3626 1188 3690 1243 de
3714 1204 3789 1243 se-

2171 1276 2325 1329 creta
2352 1273 3466 1347 eremiconversatione,suggerentesei,
3490 1278 3550 1330 ut
3575 1274 3790 1330 ediﬁce-

2169 1362 2339 1429 tionis
2361 1364 2551 1436 gratia
2580 1365 2651 1419 ad
2672 1364 2995 1421 remedium
3018 1369 3074 1420 et
3094 1363 3379 1420 sanitates
3399 1362 3787 1421 bominumRo-

2168 1468 2325 1507 mam
2345 1456 2611 1525 pergeret
2625 1470 2726 1525 pro
2738 1452 3268 1509 saluteanimarum
3288 1451 3783 1520 multarum;inerat

2165 1541 2321 1598 enim
2354 1541 2406 1598 ei
2428 1542 2614 1615 gratia
2635 1543 2867 1600 Domini
2900 1548 3100 1599 contra
3123 1543 3456 1599 immundos
3480 1541 3791 1614 spiritus.Et

2166 1647 2297 1686 cum
2329 1632 2550 1687 diutius
2580 1632 2927 1689 insisterent
2955 1633 3007 1689 ei
3039 1632 3377 1702 hujusmodi
3412 1630 3778 1703 cogitationes,

2172 1726 2228 1776 et
2251 1737 2353 1776 nec
2383 1721 2572 1777 oranti
2602 1723 2654 1778 ei
2688 1726 3007 1791 cessarent,
3036 1723 3362 1793 jactavitse
3385 1736 3595 1793 pronus
3619 1719 3791 1774 inter-

2184 1827 2331 1874 ram,
2363 1815 2420 1866 et
2444 1812 2700 1867 extendit
2729 1813 2905 1883 pedes
2936 1829 3076 1868 suos
3108 1829 3142 1867 a
3172 1810 3312 1867 foris
3344 1809 3515 1865 limen
3546 1808 3669 1864 ostii
3693 1806 3789 1862 cel-

2182 1901 2312 1957 Iule:
2328 1919 2445 1958 suae
2477 1901 2740 1959 clamans
2754 1904 3023 1959 etdicens
3049 1902 3335 1973 :Trahite,
3367 1901 3665 1967 demones,
3694 1902 3787 1953 tra-

2181 1990 2325 2058 hite,
2350 2007 2456 2065 ego
2486 1992 2640 2049 enim
2667 1993 2917 2066 pedibus
2940 1993 3087 2049 meis
3112 2010 3226 2048 non
3259 1992 3405 2047 vado
3430 2016 3444 2059 ;
3470 1990 3564 2046 sed
3587 1989 3633 2045 si
3663 1991 3793 2060 pote-

2181 2080 2311 2148 stis,
2347 2098 2439 2137 me
2469 2082 2607 2138 hinc
2638 2082 2907 2139 abducite
2940 2100 2953 2137 :
2988 2099 3094 2155 ego
3146 2081 3365 2154 quippe
3412 2084 3587 2136 testor
3631 2077 3792 2133 Deum

2180 2169 2338 2241 quod
2371 2170 2461 2226 hic
2487 2170 2653 2241 jaceo
2685 2171 2757 2226 ad
2788 2187 3116 2243 vesperam.
3148 2171 3243 2227 Sic
3265 2186 3401 2243 ergo
3422 2167 3605 2241 jacuit
3636 2179 3795 2237 usque

2178 2258 2248 2313 ad
2281 2274 2605 2330 vesperam.
2640 2261 3024 2317 Postmodum
3056 2260 3314 2317 surrexit
3352 2260 3423 2315 ad
3480 2260 3787 2316 consuetum

2177 2364 2327 2421 epus
2352 2348 2607 2405 Domini.

2250 2445 2555 2501 Referebat
2583 2450 2769 2504 autem
2796 2446 2964 2503 nobis
2999 2448 3071 2503 de
3111 2447 3367 2520 quodam
3398 2445 3571 2501 fratre
3610 2442 3799 2509 Marco,

2178 2534 2465 2591 monacho
2484 2535 2657 2591 nimis
2672 2536 3206 2603 abstinentissimo;
3227 2539 3468 2591 sanctus
3480 2533 3629 2589 enim
3646 2535 3800 2585 Maca-

2178 2624 2303 2679 rius
2320 2625 2623 2697 presbyter
2634 2630 2774 2681 erat.
2797 2627 3241 2682 Dicebatautem
3261 2644 3273 2682 :
3291 2626 3439 2692 Quia
3479 2620 3661 2678 notavi
3674 2616 3796 2675 mihi

2179 2714 2463 2783 tempora,
2499 2714 2734 2783 quando
2765 2714 3019 2769 traditur
3047 2717 3428 2769 sacrosancta
3467 2704 3797 2766 communio.

2180 2801 2295 2872 Ego
2320 2818 2621 2872 nunquam
2649 2803 2781 2858 dedi
2804 2802 3284 2861 communionem
3307 2805 3495 2856 Marco
3518 2794 3795 2857 monacho,

2180 2890 2279 2945 sed
2299 2890 2793 2963 angelusdabatei
2809 2892 2879 2947 de
2891 2892 3081 2960 altari;
3098 2892 3293 2948 solum
3309 2895 3505 2946 autem
3520 2885 3797 2943 articulum

2182 2996 2465 3034 manuum
2501 2979 2695 3036 dantis
2723 2981 3013 3037 videbam.
3062 2985 3297 3036 Marcus
3349 2983 3545 3035 autem
3591 2971 3798 3047 juvenis

2180 3072 2327 3139 erat,
2360 3073 2417 3122 et
2446 3069 2669 3124 Novum
2692 3068 2991 3140 Vetusque
3012 3070 3169 3124 994
3189 3072 3624 3125 Testamentum
3648 3076 3798 3119 sacrae

2181 3158 2494 3230 Scriptura}
2520 3160 2855 3214 memoriter
2874 3159 3650 3217 observaverat.Mansuetus
3674 3150 3803 3206 ultra

2180 3249 2441 3319 modum,
2476 3252 2674 3303 castus
2707 3264 2885 3320 super
2906 3264 3133 3304 omnes.
3162 3252 3306 3303 Cum
3347 3252 3542 3303 autem
3574 3244 3715 3298 esset
3754 3237 3801 3291 in

2180 3336 2382 3392 ultima
2411 3341 2710 3393 senectute
2741 3334 3543 3409 sanctusMacarius,perrexi
3577 3332 3641 3388 ad
3672 3342 3803 3393 eum,

2176 3432 2234 3482 et
2264 3427 2455 3482 inveni
2489 3427 2706 3483 ostium
2739 3427 2962 3482 cellulae
2991 3428 3120 3498 ejus
3152 3421 3802 3483 clausum.Stansautem

2176 3517 2248 3571 ad
2280 3517 2521 3581 ostium,
2555 3516 2963 3572 auscultabam
2997 3518 3137 3588 quid
3170 3518 3418 3587 diceret,
3450 3512 3538 3570 vel
3565 3526 3685 3567 cum
3708 3520 3803 3577 quo

2176 3607 2528 3677 loqueretur;
2562 3606 2869 3661 audiebam
2899 3606 3054 3661 enim
3088 3622 3226 3660 eum
3259 3592 3801 3677 loquentem.Putavi

2176 3700 2368 3751 autem
2404 3696 2557 3767 quod
2592 3695 2807 3767 aliquis
2828 3711 2963 3751 cum
2998 3694 3126 3766 ipso
3150 3699 3311 3750 esset
3334 3710 3467 3750 cum
3495 3706 3607 3765 quo
3632 3687 3803 3757 loque-

2176 3790 2353 3840 retur.
2389 3787 2519 3855 lpse
2541 3785 2698 3840 enim
2722 3801 2855 3840 cum
2879 3785 3262 3840 centesimum
3289 3787 3491 3856 ageret
3512 3792 3717 3836 annum
3740 3772 3804 3835 Si-

2176 3874 2412 3945 quidem
2441 3875 2562 3945 jam
2596 3879 2653 3929 et
2684 3875 2888 3929 dentes
2917 3874 3216 3929 amiserat.
3255 3875 3447 3946 Igitur
3496 3886 3626 3928 cum
3672 3864 3804 3921 esset

2172 3963 2359 4031 solus,
2391 3964 2502 4019 sibi
2535 3963 2646 4035 ipsi
2678 3962 2965 4036 litigabat,
3000 3969 3056 4018 et
3087 3963 3256 4035 quasi
3295 3961 3527 4035 corpori
3560 3975 3659 4016 suo
3676 3956 3806 4011 dice-

2172 4053 2306 4107 bat:
2342 4053 2488 4119 Quid
2521 4052 2609 4107 vis
2640 4070 2671 4107 ο
2702 4057 2765 4107 tu
2799 4052 2894 4122 qui
2932 4050 3084 4107 male
3134 4052 3390 4109 senuisti
3418 4051 3441 4106 Ρ
3472 4065 3601 4107 ecce
3621 4048 3735 4119 jam
3760 4044 3809 4097 et

2168 4141 2358 4197 oleum
2391 4141 2667 4212 accepisti
2698 4146 2755 4196 et
2784 4141 3016 4197 vinum:
3040 4142 3111 4196 de
3142 4145 3357 4197 caetero
3392 4140 3537 4212 quid
3570 4137 3651 4193 vis
3675 4135 3805 4205 jam,

2167 4232 2459 4302 decrepita
2482 4247 2687 4285 senum
2708 4230 2736 4284 ?
2752 4230 3136 4302 semetipsum
3158 4231 3483 4302 increpans
3504 4227 3673 4285 etiam
3691 4222 3806 4278 utet

2168 4319 2437 4375 diabolus
2465 4320 2947 4375 confunderetur.

2239 4426 2546 4480 Referebat
2560 4425 2729 4480 nobis
2751 4425 3098 4481 virsummae
3112 4426 3452 4482 sanctitatis
3470 4418 3804 4496 Paphnutius

407 4513 581 4569 quam
614 4493 1076 4549 misericordiam
1110 4509 1175 4547 ac
1208 4494 1480 4563 pietatem
1508 4495 1739 4550 Domini
1771 4496 2051 4552 invenire.
2084 4494 2130 4557 D
2163 4514 2936 4586 discipulusejug’quoniam
2955 4493 3804 4585 quadamdielemnaﬁccipiens

404 4586 720 4655 Deditergo
734 4587 1168 4638 sacramentum
1183 4599 1245 4637 se
1268 4600 1573 4654 nunquam
1602 4601 1974 4656 peccare,neq
1987 4601 2053 4640 ue

403 4678 473 4733 ad
507 4676 945 4731 sacrosanctum
981 4671 1163 4725 altare
1212 4673 1508 4741 accedere,
1543 4690 1645 4728 nec
1694 4674 2050 4729 oblationem

406 4777 779 4827 consecrare;
815 4759 915 4815 sed
944 4758 1097 4814 sicut
1126 4759 1261 4815 laici
1293 4766 1512 4817 sortem
1567 4762 1802 4818 habere.
1849 4763 2053 4834 Itaque

405 4858 537 4927 post
569 4852 688 4906 haec
719 4850 1002 4920 imposuit
1035 4847 1085 4902 ei
1124 4864 1386 4917 manum,
1422 4854 1479 4905 et
1511 4850 1698 4905 oravit
1748 4867 1849 4921 pro
1881 4867 1946 4906 eo
1977 4854 2049 4907 ad

403 4941 743 5003 Dominum,
776 4943 833 4993 et
862 4936 922 4991 in
955 4937 1154 5007 paucis
1186 4937 1393 4993 diebus
1416 4955 1596 4995 sanus
1628 4938 1815 4994 factus
1841 4944 2052 5007 est,ca-

404 5031 649 5105 pillique
679 5026 887 5098 capitis
909 5025 1036 5093 ejus
1068 5031 1392 5093 creverunt,
1416 5028 1638 5083 etabiit
1667 5046 1869 5084 sanus.

473 5139 622 5212 Ipsis
648 5136 857 5191 diebus
888 5130 1120 5185 oblatus
1153 5137 1240 5186 est
1269 5134 1319 5187 ei
1346 5134 1578 5203 juvenis
1604 5136 1703 5207 qui
1736 5138 2051 5192 vexabatur

401 5223 473 5278 ab
491 5216 798 5275 immundo
817 5213 1407 5284 spiritu,etimposuit
1423 5232 1663 5271 manum
1684 5225 2049 5289 supercaput

401 5311 553 5380 ejus,
577 5312 633 5362 et
659 5304 835 5360 aliam
867 5317 1045 5369 super
1094 5308 1316 5372 pectus,
1360 5308 1419 5359 et
1448 5306 1651 5360 tandiu
1685 5324 1862 5377 super
1908 5323 2043 5363 eum

398 5397 605 5459 oravit,
626 5406 931 5463 usquequo
950 5390 1007 5443 in
1029 5406 1161 5446 aera
1183 5394 1493 5463 suspendit
1513 5410 1647 5449 eum
1666 5395 1761 5449 ille
1784 5395 2044 5453 immun-

398 5488 510 5543 dus
525 5478 1039 5557 spirituszinﬂatus
1056 5484 1251 5536 autem
1270 5486 1427 5538 totus
1442 5483 1724 5539 intumuit
1738 5486 2045 5557 puersicut

398 5581 551 5646 uter,
571 5575 650 5629 ita
665 5576 806 5627 utex
827 5568 1101 5626 omnibus
1126 5571 1406 5629 membris
1433 5590 1647 5645 aquam
1672 5574 1961 5646 funderet,
1981 5582 2040 5635 et

2165 4602 2425 4657 catulum
2458 4620 2632 4657 suum
2667 4620 2906 4671 caecum,
2939 4603 3157 4659 obtulit
3199 4609 3413 4660 sancto
3465 4600 3727 4663 Macario,
3758 4598 3806 4649 et

2165 4692 2353 4762 capite
2385 4691 2629 4763 pulsans
2659 4693 2788 4748 atrii
2809 4695 2936 4764 ejus
2959 4694 3171 4749 ostium
3198 4694 3459 4764 aperuit,
3486 4698 3542 4747 et
3566 4692 3805 4761 ingressa

2166 4782 2405 4836 sedente
2431 4788 2632 4836 sancto
2658 4782 2779 4837 viro
2804 4782 3050 4853 projecit
3070 4781 3337 4838 catulum
3357 4784 3430 4837 ad
3466 4781 3662 4854 pedes.
3692 4777 3801 4847 lpse

2163 4875 2359 4925 autem
2392 4869 2685 4941 accipiens
2708 4887 2863 4939 eum,
2898 4871 3132 4941 exspuit
3154 4872 3212 4925 in
3236 4871 3445 4927 oculos
3468 4871 3681 4941 ejus,et
3703 4880 3809 4919 ora-

2160 4960 2262 5028 vit,
2296 4960 2493 5013 statim
2518 4960 2703 5029 aperti
2736 4964 2875 5015 sunt
2907 4960 3061 5015 oculi
3093 4960 3243 5030 eius,
3276 4965 3336 5015 et
3359 4960 3609 5030 aspexit.
3645 4958 3707 5011 Et
3734 4952 3805 5006 la-

2161 5048 2339 5103 ctavit
2371 5064 2503 5103 eum
2536 5047 2738 5115 lemna,
2776 5047 3101 5120 levavitque
3129 5065 3285 5115 eum,
3324 5054 3385 5103 et
3432 5048 3597 5104 abiit.
3636 5044 3808 5101 Altera

2162 5137 2254 5192 die
2274 5136 2481 5208 pellem
2514 5137 2745 5191 ovinam
2760 5138 3043 5209 grandem
3063 5137 3259 5193 attulit
3276 5138 3327 5193 ei
3346 5138 3551 5194 leaena.
3585 5138 3807 5192 Sanctus

2158 5240 2291 5279 vero
2314 5223 2524 5296 pellem
2553 5224 2781 5291 videns,
2815 5225 3050 5280 dicebat
3079 5225 3310 5281 leaenas;
3345 5224 3515 5281 Unde
3546 5223 3651 5280 tibi
3682 5220 3806 5285 hoc,

2159 5314 2273 5369 nisi
2305 5316 2444 5386 quia
2491 5315 2795 5371 comedisti
2841 5316 3152 5386 cujusdam
3206 5330 3401 5385 ovem,
3464 5314 3705 5371 forsitan
3758 5312 3808 5364 et

2159 5404 2481 5476 pauperis?
2511 5407 2669 5470 Quod
2702 5421 2839 5476 ergo
2871 5406 2943 5459 de
2983 5405 3272 5474 injustilia
3304 5409 3400 5459 est
3435 5421 3551 5460 non
3602 5398 3806 5471 accipio

2158 5511 2192 5549 a
2222 5498 2297 5550 te.
2330 5493 2436 5549 Illa
2462 5510 2595 5551 vero
2630 5494 2922 5550 inclinans
2954 5498 3132 5564 caput
3161 5509 3342 5549 suum
3367 5494 3429 5548 in
3464 5492 3801 5566 pavimento,

2154 5583 2742 5655 deprecabatureum,
2766 5588 2822 5640 et
2842 5585 2914 5640 ad
2945 5584 3129 5657 pedes
3160 5583 3351 5640 sancti
3385 5580 3662 5655 deposuit
3687 5574 3800 5652 pel-
