4002 6166
240 328 351 386 369

1580 332 1920 388 PALLADII
1957 333 2338 390 LAUBIACA.

3557 339 3664 395 370

244 456 515 513 tudinem
541 454 672 524 ejus
689 455 994 526 antiquam
1014 455 1305 511 luxuriam
1326 453 1728 511 fornicationis
1751 455 1908 528 inge-
1932 469 1980 534 Α
2015 473 2298 529 exponere
2322 459 2936 533 debemus,quomodo
2950 466 3444 522 conversationem
3466 483 3658 534 suam,

249 552 446 602 rentes
478 544 550 600 ei.
587 545 693 610 Qui
726 549 843 599 tam
873 543 1040 600 valde
1072 549 1333 601 tentatus
1365 549 1472 611 est,
1499 545 1649 601 sicut
1670 543 1794 616 ipse
1814 562 1902 600 re-

247 637 492 700 ferebat,
525 641 590 689 ut
625 633 998 706 paulominus
1029 637 1098 690 de
1125 635 1421 707 proposito
1453 636 1744 690 excideret
1772 652 1900 690 suo.

246 729 455 798 Itaque
489 743 558 781 ex
588 725 698 781 hoc
729 724 984 780 validius
1017 725 1364 789 abstinebat,
1399 730 1456 780 et
1497 725 1726 797 vigilias
1776 742 1898 780 am-

246 817 406 888 plius
455 816 709 871 addebat
761 814 895 882 sibi,
943 823 996 870 et
1039 832 1216 886 opera
1239 832 1521 870 manuum
1556 815 1902 886 propensius

245 906 576 974 exercebat,
594 905 949 960 tabefaciens
967 921 1178 976 corpus
1197 920 1390 959 suum.
1410 904 1670 975 Denique
1692 921 1897 975 propo~

241 995 362 1052 suit
396 995 506 1050 sibi
537 1010 599 1049 se
636 1012 750 1050 non
783 994 1040 1049 dormire
1066 995 1361 1064 jacentem
1397 995 1453 1049 in
1489 994 1758 1060 mattula,
1797 995 1898 1049 sed

239 1101 345 1157 per
383 1090 563 1140 totam
589 1089 814 1140 noctem
841 1085 1052 1139 stando
1072 1085 1128 1138 in
1155 1084 1299 1139 cella
1321 1084 1543 1149 orabat,
1567 1089 1624 1138 et
1650 1083 1899 1154 psalmo-

238 1175 402 1230 diam
435 1174 723 1245 explebat.
763 1173 907 1229 Nam
943 1173 1264 1246 parietibus
1297 1174 1452 1228 996
1484 1190 1545 1228 se
1576 1172 1895 1239 reclinans,

235 1281 450 1335 parum
485 1264 624 1335 quid
653 1263 842 1318 somni
876 1264 1165 1334 capiebat.
1201 1264 1412 1318 Iterum
1438 1263 1764 1334 posuitsibi
1791 1263 1894 1318 ob-

235 1354 594 1409 servantiam
612 1353 807 1408 aliam.
832 1353 1252 1424 Egrediebatur
1267 1353 1562 1423 noctibus,
1577 1357 1632 1408 et
1647 1353 1764 1408 ibat
1793 1368 1897 1425 per

234 1443 414 1499 cellas
447 1444 774 1510 seniorum,
806 1450 862 1497 el.
892 1443 1134 1497 tollebat
1167 1443 1402 1514 hydrias
1426 1460 1650 1510 eorum,
1677 1442 1733 1496 in
1759 1444 1892 1514 qui-

238 1533 352 1588 bus
387 1533 470 1586 illi
509 1533 616 1587 sibi
642 1532 1012 1595 hauriebant,
1048 1537 1102 1586 et
1125 1534 1393 1604 portabat
1417 1532 1535 1587 illis
1559 1549 1804 1604 aquam:
1834 1533 1891 1586 in

233 1623 560 1694 longinquo
592 1622 744 1677 enim
769 1622 1066 1677 habebant
1095 1639 1328 1693 aquam,
1380 1626 1436 1677 et
1483 1622 1726 1693 quidam
1776 1621 1890 1677 duo

232 1712 538 1776 milliaria,
572 1712 666 1766 alii
700 1717 891 1766 autem
924 1712 1100 1766 etiam
1134 1717 1190 1766 et
1219 1712 1477 1782 quinque
1504 1711 1707 1766 millia.
1733 1713 1889 1777 Qua-

231 1805 366 1858 dam
386 1818 520 1857 vero
550 1806 714 1856 nocte
733 1819 844 1856 non
863 1802 1149 1856 sufferens
1172 1803 1397 1855 daemon
1419 1801 1736 1855 ferventem
1755 1801 1882 1870 ejus
1918 1830 1964 1894 Β

231 1892 366 1947 ﬁdei
401 1891 921 1956 conversationem,
948 1891 1229 1946 inclinato
1261 1907 1326 1946 eo
1363 1891 1421 1944 in
1453 1896 1693 1960 puteum
1739 1891 1880 1944 dum

224 1981 491 2038 hauriret
523 1998 758 2053 aquam,
783 1980 1071 2052 percussit
1117 1998 1250 2036 eum
1276 1981 1334 2034 in
1359 1997 1525 2035 rencs
1549 1981 1617 2034 de
1634 1985 1806 2045 retro,
1825 1984 1885 2034 et

232 2071 475 2143 reliquit
507 2087 675 2137 eum;
711 2071 962 2140 denique
986 2071 1054 2125 de
1077 2070 1257 2124 nimio
1281 2069 1478 2124 dolore
1493 2069 1882 2137 obmutuit,et

232 2162 524 2218 remansit
555 2160 712 2216 velut
743 2166 1032 2216 mortuus.
1067 2160 1194 2214 Alia
1225 2161 1318 2215 die
1347 2159 1586 2214 veniens
1639 2159 1878 2230 quidam

232 2252 469 2307 haurire
504 2268 739 2322 aquam,
774 2250 996 2305 invenit
1027 2251 1559 2321 eumjacentem,et
1585 2250 1878 2304 nuntiavit

228 2342 399 2397 beato
433 2341 658 2396 Isidoro
684 2341 1018 2412 presbytero
1041 2339 1287 2412 Scythii,
1312 2340 1410 2411 qui
1437 2340 1624 2407 misit;
1651 2345 1706 2394 et
1726 2340 1878 2395 leva-

224 2434 437 2486 verunt
467 2446 626 2500 eum,
662 2435 717 2485 et
735 2428 1157 2484 detuleruntad
1174 2428 1502 2495 ecclesiam,
1522 2433 1764 2501 etprope
1780 2445 1882 2500 per

227 2537 452 2576 annum
489 2521 569 2574 ita
601 2519 938 2573 inﬁrmatus
966 2524 1075 2583 est,
1110 2522 1174 2572 ut
1212 2517 1305 2572 vix
1354 2522 1681 2573 resumeret
1727 2520 1878 2574 vires

229 2627 396 2666 suas.
429 2609 587 2665 Dixit
619 2612 813 2664 autem
838 2609 886 2662 ei
923 2608 1183 2663 Isidorus
1227 2609 1561 2679 presbyter:
1614 2607 1877 2674 Quiesce,

229 2699 483 2770 Moyses,
503 2703 558 2752 et
574 2697 690 2753 noli
713 2698 1027 2752 indiscrete
1045 2712 1412 2769 praesumere,
1430 2697 1526 2751 sed
1547 2696 1731 2767 magis
1747 2714 1878 2752 cum

226 2787 581 2842 discretione
605 2791 721 2842 tam
743 2787 1158 2842 abstinentiam
1186 2803 1364 2857 quam
1383 2785 1612 2856 vigilias
1629 2790 1682 2840 et
1704 2803 1881 2857 opera

230 2894 512 2932 manuum
530 2893 751 2933 exerce.
770 2877 1148 2947 Respondens
1163 2882 1356 2932 autem
1376 2875 1602 2946 Moyses
1617 2875 1726 2930 ait:
1755 2876 1878 2932 Non

231 2969 561 3040 quiescam,
597 2967 935 3022 beatissime
970 2967 1156 3032 Pater,
1199 2981 1504 3036 usquequo
1551 2965 1876 3036 quiescant,

228 3058 553 3128 adjuvante
572 3073 663 3112 me
688 3057 878 3128 gratia
899 3055 1149 3122 Domini,
1167 3055 1657 3110 immundissimze
1673 3055 1882 3123 cogita-

222 3149 424 3204 tiones
446 3151 501 3202 et
524 3147 776 3212 somnia,
803 3162 926 3217 quae
949 3145 1279 3200 immittunt
1302 3144 1875 3215 nequissimidmmo-

225 3254 356 3302 nes,
389 3236 544 3292 sicut
573 3236 861 3307 scriptum
894 3240 1018 3290 est:
1053 3233 1670 3305 Persequarinimicos
1693 3250 1876 3301 meos,
1911 3211 1953 3277 (ἶ

224 3326 727 3399 comprehendam
744 3324 957 3390 illos,et
981 3341 1094 3379 non
1114 3328 1438 3392 convertar,
1457 3340 1559 3378 nec
1584 3323 1880 3394 quiescam

223 3419 412 3474 donec
444 3417 720 3471 deficiant
750 3416 920 3487 (Psal.
948 3419 1106 3472 xvm.
1140 3415 1358 3469 Videns
1390 3420 1584 3469 autem
1612 3413 1880 3468 beatissi-

223 3527 278 3565 m
293 3527 360 3564 us
377 3509 639 3564 Isidorus
661 3508 834 3562 fixam
852 3507 1161 3562 inDomino
1177 3506 1308 3562 fidei
1324 3507 1449 3576 ejus
1465 3506 1878 3574 constantiam,

221 3598 476 3654 surrexit
507 3602 564 3652 et
586 3596 865 3668 expandit
897 3613 1104 3650 manus
1131 3597 1200 3650 ad
1230 3595 1574 3664 orationem,
1600 3594 1879 3665 dixitque

221 3689 274 3744 ei
300 3706 312 3742 :
343 3689 404 3742 In
434 3685 668 3742 nomine
701 3685 933 3739 Domini
974 3685 1157 3740 nostri
1187 3685 1326 3740 Jesu
1362 3684 1597 3750 Christi,
1626 3684 1879 3738 donante

228 3779 425 3851 gratia
453 3778 604 3846 ejus,
637 3792 705 3830 ex
737 3774 1020 3829 hodierna
1052 3775 1143 3828 die
1165 3775 1293 3844 jam
1328 3774 1675 3845 quieverunt
1719 3790 1878 3828 som-

229 3869 330 3922 nia
359 3884 490 3938 quae
547 3865 872 3936 inquietare
905 3869 960 3919 te
993 3863 1274 3918 solebant.
1311 3863 1494 3933 Igitur
1542 3863 1876 3933 gloriﬁcans

223 3964 280 4012 et
323 3955 547 4028 gratias
593 3971 775 4026 agens
829 3953 1114 4008 Salvatori
1162 3953 1426 4018 Domino,
1471 3968 1742 4008 reversus
1789 3957 1877 4007 est

224 4048 298 4102 ad
354 4044 629 4100 cellulam
675 4059 865 4098 suam.
909 4043 1046 4098 Post
1082 4042 1317 4114 aliquod
1361 4046 1553 4097 autem
1596 4042 1874 4112 temporis

219 4133 610 4206 interrogavit
659 4150 790 4188 eum
839 4133 1098 4188 Isidorus
1144 4133 1447 4204 presbyter
1492 4132 1561 4186 de
1606 4131 1874 4186 molestia

224 4226 651 4298 cogitationum
685 4222 1035 4279 carnalium.
1069 4224 1138 4277 Et
1167 4223 1263 4278 ille
1296 4223 1657 4294 respondens
1688 4222 1867 4276 dixit:

225 4317 569 4386 Protegente
629 4330 722 4368 me
780 4313 1009 4368 Christo
1071 4313 1338 4379 Domino,
1395 4318 1452 4368 et
1509 4312 1873 4367 orationibus

223 4405 363 4473 tuis,
398 4403 541 4458 nihil
567 4402 679 4458 tale
707 4405 912 4474 patior.
949 4402 1093 4456 Huic
1124 4418 1260 4473 ergo
1294 4403 1446 4458 Deus
1478 4402 1711 4457 donavit
1741 4417 1872 4472 gra-

226 4495 395 4559 tiam,
429 4494 498 4547 ad
532 4493 877 4564 eti'ugandos
908 4509 974 4547 ex
1001 4492 1255 4546 obsessis
1287 4492 1628 4563 corporibus
1659 4492 1870 4545 daemo-

2014 549 2330 605 auxiliunte
2355 551 2540 622 gralia
2562 553 2794 611 Christi.
2818 556 3058 628 dignam
3086 558 3200 613 Deo
3233 559 3519 614 exhibuit.
3550 559 3659 614 De-

2010 643 2250 698 functus
2282 649 2370 699 est
2393 650 2586 701 autem
2608 663 2742 702 cum
2762 653 2917 704 esset
2946 650 3002 704 in
3027 650 3343 706 solitudine
3364 668 3655 707 annorum

2013 733 2444 805 quinquaginta
2459 742 2732 807 quatuor.
2760 739 2864 794 Hic
2879 756 3013 812 ergo
3033 740 3215 797 lector
3241 743 3545 798 ordinatus
3563 747 3651 797 est

2011 840 2042 878 a
2065 830 2266 879 sancto
2291 825 2503 880 Basilio
2526 827 3163 901 cpiscopo.Vidensque
3182 831 3658 903 irreprehensibi-

2007 911 2122 968 lem
2156 915 2283 985 ejus
2316 917 2815 973 conversationem
2840 921 3216 976 beatissimus
3247 927 3305 977 et
3333 923 3652 978 admodum

2007 1004 2201 1060 clarus
2234 1005 2292 1058 in
2337 1007 2601 1061 doctrina
2643 1008 2857 1064 Christi
2891 1010 3204 1081 Gregorius
3254 1012 3658 1067 Nazianzenus

2009 1093 2343 1166 episcopus,
2370 1098 2628 1166 provexit
2649 1113 2781 1153 eum
2803 1101 2872 1154 ad
2901 1100 3246 1157 diaconatus
3269 1101 3553 1157 officium.
3582 1103 3663 1159 Ex

2005 1184 2140 1238 inde
2164 1184 2220 1238 in
2249 1201 2462 1256 magna
2490 1189 2714 1258 synodo
2741 1189 3391 1262 Constantinopolitana
3413 1192 3658 1261 conjun-

2005 1277 2132 1328 ctus
2165 1278 2254 1328 est
2284 1275 2450 1330 beato
2483 1276 2773 1345 Nectario,
2799 1280 3063 1349 ejusdem
3089 1281 3340 1337 civitatis
3359 1281 3656 1354 episcopo.

2002 1363 2145 1418 Cum
2161 1369 2316 1419 esset
2334 1380 2469 1436 ergo
2491 1366 2982 1426 instructissimus
3006 1369 3062 1424 in
3079 1371 3653 1444 divinisScripturis,

2000 1458 2203 1508 contra
2227 1471 2430 1510 omnes
2461 1455 2709 1513 haereses
2740 1459 3000 1526 ﬂorebat,
3036 1461 3094 1515 in
3134 1477 3350 1532 magna
3393 1462 3647 1532 civitate,

1998 1543 2174 1598 etiam
2209 1544 2441 1616 eloquio
2474 1547 2904 1617 potentissimo,
2923 1554 3065 1605 utex
3083 1550 3189 1606 hoc
3208 1551 3385 1606 nimis
3403 1552 3473 1606 ab
3488 1553 3649 1608 omni

1998 1631 2228 1688 civitate
2258 1651 2389 1688 cum
2423 1635 2640 1690 honore
2673 1643 2728 1691 et
2761 1639 3071 1695 dilectione
3100 1640 3432 1696 haberetur.
3488 1641 3650 1698 Unde

1997 1721 2303 1778 fascinatio
2336 1727 2692 1796 nugacitatis
2725 1728 3168 1800 diabolicae,que
3190 1731 3508 1787 insectatur
3539 1734 3643 1787 ob-

1997 1831 2235 1869 scurare
2259 1815 2433 1870 bona.
2465 1816 2710 1872 immisit
2732 1817 2788 1872 in
2806 1820 2976 1873 corde
2996 1822 3123 1889 ejus
3146 1822 3531 1891 cogitationes
3549 1823 3644 1876 de-

1991 1904 2190 1960 siderii
2222 1904 2476 1959 carnalis
2507 1907 2988 1978 concupiscentiae
3015 1910 3340 1965 muliebris.
3364 1911 3646 1981 Denique,

1989 1992 2142 2048 sicut
2157 1995 2526 2064 postmodum
2552 1996 2720 2051 nobis
2736 1997 2858 2066 ipse
2873 1999 3176 2064 referebat,
3194 2000 3492 2054 adamavit
3506 2017 3574 2055 eu
3588 2017 3640 2054 ru

1989 2081 2220 2150 mulier,
2241 2100 2371 2154 quae
2392 2089 2515 2139 erat
2539 2086 2838 2157 magnifici
2859 2087 3167 2156 cujusdam
3190 2089 3258 2142 de
3279 2089 3637 2160 primatibus

1988 2173 2189 2245 palatii
2223 2174 2328 2229 viri
2362 2191 2525 2230 uxor.
2559 2176 2840 2247 Evagrius
2871 2181 3066 2233 autem
3099 2178 3315 2234 timens
3351 2181 3546 2240 [)eum,
3584 2185 3643 2234 et

1987 2280 2194 2319 verens
2221 2265 2511 2335 propriam
2537 2266 2972 2336 conscientiam,
2995 2285 3057 2323 ac
3080 2285 3196 2340 prae
3217 2269 3402 2324 oculis
3420 2286 3643 2341 ponens

1988 2354 2455 2425 magnitudinem
2471 2356 3305 2429 confusionis,maximequein
3325 2360 3648 2431 gaudentes

1987 2443 2310 2509 haereticos,
2346 2445 2551 2499 orabat
2577 2446 2911 2515 Dominum,
2932 2448 3255 2519 deprecans
3292 2448 3647 2503 Salvatorem

1987 2532 2378 2598 Christum,ut
2394 2534 2912 2604 impedireturtam
2935 2537 3136 2591 rabida
3156 2537 3423 2592 mulieris
3441 2542 3649 2593 contra

1987 2638 2049 2677 se
2081 2622 2387 2677 instantia.
2413 2622 2558 2678 Nam
2581 2623 2706 2694 ipse
2726 2626 2962 2695 quidem
2988 2626 3215 2682 volebat
3232 2628 3524 2694 recedere,
3543 2627 3644 2682 sed

1988 2727 2101 2766 non
2116 2711 2846 2784 valebat,colligationibus
2863 2716 3278 2786 obsequiorum
3293 2718 3342 2788 ej
3354 2733 3421 2771 us
3439 2717 3636 2771 deten-

1986 2807 2101 2858 tus.
2124 2805 2438 2874 Postquam
2457 2809 2645 2858 autem
2667 2805 2868 2860 multis
2885 2808 3156 2878 precibus
3169 2809 3638 2864 exoravitDomi-

1987 2910 2129 2948 num
2155 2897 2216 2948 ut
2241 2893 2663 2948 liberareteum
2685 2900 2966 2966 apeccato
2983 2898 3260 2967 maximo,
3279 2900 3434 2968 quod
3463 2915 3637 2970 Opere

1987 2997 2132 3054 pene
2155 2984 2620 3054 perpetrabatur,
2654 2983 2821 3040 alluit
2852 2985 2902 3039 ei
2955 2987 3221 3058 angelica
3264 2988 3526 3044 visitatio
3571 2989 3630 3042 in

1987 3074 2280 3130 schemate
2312 3072 2667 3143 prefectiani
2701 3074 3252 3145 (8),etrapienseum
3274 3077 3544 3147 perduxit
3565 3079 3638 3132 ad

1992 3164 2329 3236 praetorium
2363 3163 2639 3233 praefecti,
2666 3163 2976 3218 misiteum
3012 3164 3070 3218 in
3095 3165 3420 3221 custodiam
3445 3183 3639 3221 carce-

1993 3251 2422 3321 ris,ferreisque
2435 3251 2657 3307 catenis
2671 3252 2950 3307 cervicem
2966 3258 3021 3307 et
3036 3271 3247 3310 manus
3261 3256 3389 3325 ejus
3409 3254 3639 3326 colliga-

1988 3342 2089 3398 vit:
2111 3341 2218 3396 Sed
2246 3357 2348 3412 pro
2365 3357 2478 3408 qua
2500 3357 2678 3396 causa
2701 3341 2812 3396 hoc
2831 3346 3146 3413 pateretur,
3174 3361 3288 3402 non
3312 3344 3540 3399 dicebat
3561 3345 3637 3400 ei.

2061 3433 2189 3502 Ipse
2209 3433 2404 3484 autem
2426 3430 2482 3484 in
2505 3430 2864 3486 conscientia
2883 3437 3236 3489 suanoverat
3251 3435 3448 3505 quade
3462 3450 3640 3489 causa

1991 3523 2108 3577 hinc
2125 3519 3050 3578 sustineret.Arbitrabaturenim
3069 3523 3221 3594 quod
3236 3522 3497 3578 virillius
3513 3540 3636 3578 ma-

1987 3615 2168 3666 tronae
2184 3609 2614 3681 interpellasset
2629 3626 2913 3667 accusans
2929 3629 2996 3668 eu
3009 3613 3176 3667 m.Du
3189 3629 3242 3667 m
3259 3617 3453 3668 autem
3467 3613 3637 3669 vehe-

1989 3701 2845 3772 menterangeretur,audiebat
2866 3701 3020 3757 enim
3048 3703 3359 3775 strepitum
3385 3709 3442 3758 et
3467 3721 3634 3760 voces

1988 3791 2232 3846 aliorum
2253 3789 2353 3860 qui
2387 3789 2635 3845 diversis
2667 3791 2978 3862 suppliciis
3023 3793 3454 3863 torquebantur
3476 3795 3629 3864 apud

1979 3880 2237 3949 judicem
2266 3896 2366 3950 pro
2382 3879 2786 3934 criminalibus
2803 3882 3018 3949 causis,
3036 3885 3091 3936 et
3107 3882 3235 3936 ideo
3253 3882 3633 3953 permanebat

1984 3968 2151 4024 valde
2183 3969 2442 4038 territus,
2473 3973 2529 4024 et
2552 3971 3032 4025 contremiscens.
3052 3972 3195 4026 Cum
3221 3979 3414 4026 autem
3439 3977 3631 4026 trans-

1984 4060 2299 4130 ﬁgurasset
2329 4075 2390 4114 se
2421 4059 2664 4130 angelus
2697 4061 2795 4131 qui
2829 4061 3116 4115 visionem
3151 4062 3628 4127 concinnaverat,

1984 4149 2152 4219 quasi
2172 4148 2230 4202 in
2257 4149 2504 4220 figuram
2531 4149 2846 4219 ejusamici
2873 4149 2972 4220 qui
2997 4149 3162 4204 valde
3180 4149 3631 4220 diligebat,eum

1983 4239 2128 4292 dixit
2157 4239 2207 4292 ei
2243 4255 2378 4294 cum
2411 4239 3633 4309 tenereturinvinculisinterquadraginta

1983 4343 2217 4382 reorum
2245 4343 2555 4398 personas:
2576 4327 2724 4392 Quid
2742 4327 2834 4382 hic
2849 4328 3091 4392 teneris,
3106 4327 3636 4384 dominediacone?

1983 4416 2305 4488 Respondit
2330 4417 2634 4488 Evagrius,
2668 4417 2904 4472 dicens:
2941 4419 3002 4472 ln
3033 4416 3274 4473 veritate
3330 4417 3435 4472 tibi
3479 4417 3632 4483 dico,

1982 4523 2094 4562 non
2116 4506 2245 4561 novi
2260 4511 2618 4578 quapropter
2637 4507 2728 4562 hic
2745 4511 2966 4563 teneor:
2985 4507 3243 4579 suspicio
3258 4515 3451 4563 autem
3483 4507 3631 4562 mihi

220 4600 346 4653 1133,
404 4583 487 4637 ita
549 4590 614 4636 ιη
659 4597 894 4636 muscas
940 4599 1051 4636 Ποῖ]
1098 4581 1287 4651 magis
1344 4582 1659 4636 timeamus
1699 4597 1872 4670 quam
1910 4575 1951 4639 Ῑ)
1985 4597 2248 4667 est,quia
2273 4595 2848 4667 virillemagnificus
2870 4614 2936 4653 ex
2961 4597 3246 4668 przefectis
3293 4597 3626 4670 interpella-

221 4671 320 4727 ille
354 4673 674 4727 daemones.
701 4675 829 4724 Haec
853 4671 1212 4726 conversatio
1237 4672 1414 4742 Moysi
1440 4671 1748 4743 .«Ethiopis,
1774 4668 1875 4741 qui

221 4762 398 4816 etiam
435 4762 559 4833 ipse
594 4765 719 4816 erat
753 4761 904 4816 inter
936 4777 1181 4832 magnos
1205 4762 1629 4816 adnumeratus
1654 4761 1872 4815 Patres.

223 4852 546 4907 Defunctus
578 4857 665 4906 est
709 4856 905 4906 autem
947 4867 1231 4906 annorum
1283 4851 1655 4922 septuaginta
1704 4849 1878 4920 quin-

229 4957 362 5011 que.
380 4940 775 5012 Reliquitvero
792 4940 1130 5011 discipulos,
1149 4941 1467 4996 monachos
1481 4938 1874 5012 septuaginta.

847 5046 1076 5102 CAPUT
1129 5046 1242 5101 XV.

841 5137 963 5190 Vita
1013 5135 1260 5206 Evagrii.

307 5227 463 5283 Beati
494 5226 726 5298 Evagrii
760 5229 775 5261 ¹
808 5241 940 5281 vere
976 5231 1085 5280 Deo
1109 5226 1272 5297 digni
1304 5226 1556 5296 diaconi,
1589 5236 1642 5284 et
1681 5231 1876 5286 erudi-

229 5316 446 5373 tissimi
481 5316 538 5370 in
576 5315 776 5370 divina
798 5315 1042 5370 scientia
1064 5316 1168 5371 viri
1197 5316 1453 5388 (Heracl.,
1479 5335 1597 5389 cap.
1621 5320 1732 5390 25),
1765 5337 1875 5375 non

224 5413 316 5462 est
340 5408 572 5477 justum
608 5405 780 5461 silere
809 5405 1012 5471 vitam,
1037 5407 1132 5460 sed
1159 5411 1385 5478 oportet
1406 5407 1556 5464 hanc
1578 5409 1877 5481 scriptura:

223 5498 514 5552 mandare
539 5496 609 5551 ad
638 5495 950 5551 utilitatem
976 5495 1317 5567 legentium,
1341 5502 1396 5553 et
1417 5498 1660 5568 gloriam
1688 5500 1883 5555 Salva—

220 5585 371 5641 toris
405 5586 588 5640 nostri
623 5585 762 5640 Jesu
793 5584 1030 5641 Christi.
1066 5587 1250 5650 Quam
1283 5587 1455 5643 etiam
1487 5589 1662 5655 paulo
1705 5589 1882 5645 latius

308 5714 327 5748 ¹
357 5711 639 5781 Evagrius
671 5709 999 5781 Origenista
1030 5708 1158 5765 fuit.

1988 4686 2071 4740 vit
2097 4691 2300 4741 contra
2333 4687 2726 4756 mejudicem.
2745 4687 3131 4744 irrationabili
3152 4685 3271 4743 zelo
3293 4704 3628 4758 percussus,

1988 4779 2040 4830 et
2055 4776 2228 4830 timeo
2247 4791 2314 4830 ne
2333 4776 2473 4830 forte
2490 4775 2946 4846 pecuniisjudex
2960 4781 3293 4847 corruptus,
3323 4777 3630 4832 tormentis

1989 4882 2080 4921 me
2101 4865 2396 4935 subjiciat.
2416 4865 2822 4937 Respondeas,
2848 4865 3000 4921 dixit
3022 4866 3072 4921 ei
3093 4882 3106 4920 :
3128 4866 3184 4922 Si
3202 4866 3371 4921 audis
3395 4884 3486 4922 me
3505 4869 3628 4922 ani-

1987 4972 2120 5010 cum
2145 4959 2333 5022 tuum,
2369 4972 2483 5009 non
2517 4955 2749 5026 expedit
2772 4955 2873 5010 tibi
2895 4956 3128 5011 civitate
3152 4956 3257 5011 hac
3281 4958 3632 5013 conversari.

1987 5045 2369 5116 Respondens
2401 5049 2595 5100 autem
2629 5045 2927 5116 Evagrius,
2951 5045 3094 5100 dixit
3116 5045 3197 5100 ei:
3223 5047 3281 5100 Si
3319 5049 3468 5101 Deus
3490 5046 3636 5102 libe-

1987 5135 2200 5191 raverit
2218 5135 2391 5190 mede
2413 5135 2703 5206 angustia;
2727 5141 2783 5190 et
2797 5135 3291 5191 circumventione
3313 5135 3442 5203 hac,
3477 5139 3634 5193 etvi-

1990 5226 2144 5281 deris
2167 5241 2258 5280 me
2276 5225 2332 5278 in
2349 5225 3027 5297 Constantinopoli,scito
3047 5226 3354 5296 quiajustc
3375 5227 3639 5284 sustineo

1990 5315 2316 5386 pcnnas.Ait
2341 5315 2412 5370 ei:
2433 5315 3208 5386 Atl'erEvangelium,etjura
3230 5315 3372 5369 mihi
3393 5316 3450 5370 in
3467 5317 3645 5372 Even.

1989 5404 2162 5477 gelio,
2189 5403 2324 5475 quia
2356 5405 2592 5460 recedes
2623 5405 2692 5460 de
2723 5404 2955 5460 civitate
2979 5404 3109 5472 hac,
3129 5408 3184 5459 et
3217 5403 3504 5460 sollicitus
3531 5407 3644 5462 eris

1989 5497 2058 5551 de
2075 5495 2262 5551 salute
2277 5497 2484 5551 animae
2503 5496 2972 5563 tuae,etliberabo
2989 5501 3042 5552 te
3063 5497 3131 5552 de
3149 5496 3255 5551 hac
3272 5496 3641 5553 necessitate.

2061 5587 2282 5643 Detulit
2302 5604 2437 5660 ergo
2461 5588 2861 5661 Evangelium.
2896 5587 3209 5658 etjuravit,
3232 5584 3468 5639 dicens:
3497 5584 3641 5650 Quia
