4002 6166
424 326 522 381 371

1572 320 1946 378 APPENDIX
1983 322 2083 377 AD
2120 323 2338 378 VITAS
2375 324 2695 380 PATRUM.

3697 325 3790 380 372

425 468 543 506 una
573 448 767 506 solum
796 449 890 505 die
922 452 984 505 ut
1015 448 1363 505 vestimenta
1393 464 1521 504 mea
1537 449 1757 520 possim
1780 446 1837 500 in
1862 446 2059 501 navim
2091 449 2145 516 Α
2175 446 2535 503 intravitsub
2550 446 3327 519 tectum,itautcorpusejus
3345 446 3790 507 sicutirrationa-

427 540 710 611 mitterre,
737 556 1015 595 remoror.
1041 539 1104 594 Et
1128 541 1493 594 sacramento
1517 539 1673 608 dato,
1699 536 1956 593 rediitde
1978 552 2072 591 ex-

427 646 595 686 cessu
630 647 806 702 quem
832 628 1222 701 perpessusin
1250 633 1417 684 nocte
1441 628 1647 683 fuerat.
1668 628 2072 698 Etexsurgens

427 719 864 793 cogitavitapud
884 735 965 786 se,
985 718 1123 790 quia
1139 718 1274 773 licet
1292 718 1347 772 in
1364 734 1602 773 excessu
1626 716 1734 772 fuit
1748 733 2077 772 sacramen-

424 814 575 875 tum,
603 809 701 865 sed
729 814 923 863 tamen
942 808 1158 879 juravi.
1181 808 1249 861 Et
1273 808 1513 862 mittens
1531 806 1728 861 omnia
1752 823 1875 877 qua:
1900 806 2074 860 habe-

427 900 529 955 bat
556 900 613 953 in
648 890 865 966 navim,
890 896 1048 952 venit
1078 896 1530 969 Jerosolymam.
1576 895 1848 966 Suscepit
1881 898 2075 950 autem

424 1005 556 1043 eum
574 989 743 1043 beata
757 986 1333 1058 Melania,quondam
1351 985 1604 1041 senalrix
1621 986 2077 1055 Romana,cujus

426 1077 529 1132 ﬁlii
552 1082 608 1133 et
632 1081 871 1148 nepotes
894 1080 1035 1132 sunt
1059 1076 1231 1147 primi
1260 1078 1315 1131 in
1340 1079 1570 1143 senatu,
1597 1091 1754 1131 nunc
1777 1082 1974 1129 auiam
1992 1074 2078 1128 fa-

430 1166 593 1223 mula
622 1166 839 1222 Christi
870 1183 1025 1221 vera.

496 1267 923 1321 Iterumautem
939 1263 1211 1320 diabolus
1230 1264 1324 1319 iud
1339 1263 1525 1319 uravit
1540 1280 1637 1319 cor
1653 1263 1780 1333 ejus
1796 1266 2079 1335 tanquam

432 1354 692 1428 juvenis.
722 1355 906 1426 Coepit
936 1356 1109 1409 etiam
1142 1353 1221 1409 ibi
1251 1358 1480 1409 mutare
1511 1356 1702 1409 vestes
1733 1353 1883 1423 ejus,
1917 1357 1975 1407 et
2022 1352 2082 1406 in

435 1444 669 1516 eloquio
701 1444 989 1501 sermonis
1015 1443 1383 1499 exaltabatur
1413 1443 1471 1498 in
1506 1442 1692 1515 gloria
1721 1459 1891 1497 vana.
1930 1445 2084 1498 Deus

428 1540 627 1591 autem
644 1534 743 1605 qui
763 1538 1000 1606 prapter
1020 1549 1187 1588 suam
1210 1548 1485 1604 magnam
1503 1530 1966 1587 misericordiam
1981 1530 2085 1585 im-

430 1625 592 1698 pedit
608 1624 949 1681 occasiones
971 1622 1317 1694 perditionis
1337 1626 1576 1690 nostrze,
1611 1619 1884 1692 permisit
1906 1624 1970 1674 ut
1994 1618 2085 1674 ni-

428 1715 636 1771 mietas
656 1714 901 1769 febrium
916 1712 1271 1767 tabefaceret
1289 1728 1503 1782 corpus
1521 1712 1571 1781 ej
1585 1708 2087 1779 us,ctinfirmitate

428 1805 606 1876 longa
637 1804 993 1859 laceraretur
1024 1817 1126 1873 per
1158 1818 1256 1857 sex
1289 1817 1538 1857 menses.

500 1904 859 1961 Adhibentes
889 1903 1042 1958 enim
1075 1902 1125 1957 ei
1162 1901 1371 1956 medici
1397 1901 1630 1956 diversa
1666 1898 2077 1966 medicamina,

429 1994 578 2050 nihil
604 1993 1005 2066 proficiebant.
1031 1992 1191 2046 Tunc
1216 1991 1423 2045 dixitei
1447 1994 1647 2045 sancta
1664 1987 2078 2043 MelaniazNon

430 2085 572 2139 mihi
609 2084 818 2156 placet,
853 2082 954 2149 (ili,
990 2087 1107 2136 tam
1137 2080 1639 2151 longainﬁrmita<
1663 2084 1797 2133 tua:
1828 2079 1921 2133 dic
1944 2094 2079 2147 ergo

428 2174 573 2229 mihi
607 2190 733 2244 qua:
767 2176 907 2227 sunt
938 2171 995 2225 in
1030 2171 1203 2225 corde
1230 2176 1352 2237 tuo,
1392 2186 1506 2223 non
1539 2169 1695 2223 enim
1720 2172 1812 2222 est
1857 2168 2080 2237 absque

425 2263 719 2334 permissu
741 2261 841 2316 Dei
874 2260 996 2315 haec
1042 2258 1357 2313 inﬁrmitas
1407 2262 1529 2311 tua.
1580 2258 1728 2311 997
1780 2256 1843 2309 Et
1880 2256 2079 2310 statim

424 2352 729 2405 confessus
760 2357 845 2404 est
874 2347 1071 2403 omnia
1095 2346 1297 2417 quarin
1326 2344 1522 2400 animo
1548 2347 1675 2415 ejus
1708 2348 1895 2399 erant.
1915 2343 2009 2399 Ait
2030 2343 2080 2399 ei

426 2438 647 2493 famula
678 2436 816 2492 Dei:
849 2434 1129 2491 Promitte
1162 2450 1319 2489 nunc
1349 2450 1547 2488 coram
1580 2433 1695 2488 Deo
1720 2432 1857 2503 quia
1880 2436 2081 2486 teneas

427 2526 881 2602 promissionem
907 2523 1179 2580 solitariae
1202 2524 1331 2579 vitae
1351 2539 1529 2594 quam
1552 2521 1799 2578 Domino
1824 2538 2077 2592 sp0pon-

427 2618 587 2683 disti,
622 2621 678 2672 et
707 2615 842 2671 licet
875 2614 1165 2686 peccatrix
1184 2614 1463 2685 deprecor
1481 2612 1794 2668 Dominum
1822 2617 1883 2666 ut
1907 2612 2079 2666 detur

429 2708 537 2763 tibi
553 2712 784 2779 tempus
798 2705 952 2775 vitae,
977 2708 1271 2775 quatenus
1286 2701 1601 2774 adimplere
1622 2701 1810 2773 possis
1834 2717 1961 2772 qua:
1976 2718 2079 2772 pro

433 2797 621 2854 salute
640 2795 971 2852 animsetuze
991 2793 1274 2848 statuisti.
1304 2792 1433 2863 Ipse
1457 2808 1590 2847 vero
1612 2790 1901 2862 acquievit
1918 2791 2079 2845 salu-

434 2888 663 2945 taribus
679 2885 916 2942 monitis
930 2886 1144 2956 ejus,et
1159 2884 1214 2938 in
1235 2882 1436 2955 paucis
1450 2883 1659 2937 diebus
1674 2898 1854 2937 sanus
1870 2881 2079 2951 tactus,

433 2979 601 3053 petiit
632 2983 690 3034 et
719 2978 1067 3049 deprecatus
1088 2982 1173 3031 est
1200 2980 1263 3029 ut
1290 2972 1511 3030 famula
1532 2972 1631 3029 Dei
1656 2990 1758 3044 pro
1786 2989 1847 3028 se
1869 2975 2078 3027 oraret.

433 3074 569 3144 Ipsa
584 3070 740 3127 enim
758 3070 1111 3124 vestimenta
1128 3064 1476 3121 monachilis
1493 3063 1774 3137 propositi
1790 3064 2078 3119 induerat.

432 3164 718 3234 Egressus
735 3165 951 3228 autem,
972 3159 1266 3231 profectus
1289 3156 1445 3212 estin
1474 3160 1732 3211 montem
1754 3154 1950 3210 Nitriae
1977 3154 2077 3226 qui

429 3258 521 3308 est
550 3252 606 3306 in
639 3254 903 3323 Egypto,
937 3249 996 3304 in
1030 3264 1142 3319 quo
1175 3247 1459 3302 habitavit
1487 3247 1635 3301 duos
1658 3244 2075 3301 annos.Tertio

430 3346 625 3397 autem
653 3356 803 3395 anno
821 3338 1123 3407 ingressus
1142 3341 1231 3391 est
1252 3334 1719 3403 solitudinem,et
1742 3334 1819 3388 ibi
1845 3349 2079 3388 conver-

430 3435 595 3487 satus
625 3434 714 3484 est
745 3425 1188 3499 quatuordecim
1225 3425 1397 3479 annis
1429 3424 1485 3477 in
1521 3422 1611 3477 his
1645 3440 1769 3493 quae
1808 3422 2084 3476 dicuntur

431 3518 631 3576 Cellia.
663 3516 1017 3572 Comedebat
1049 3519 1245 3568 autem
1282 3513 1488 3566 libram
1526 3513 1693 3583 panis
1718 3511 1779 3565 in
1803 3511 1917 3578 die,
1942 3514 1998 3565 et
2020 3511 2080 3565 in

429 3614 547 3663 tres
581 3621 813 3660 menses
838 3602 1101 3657 Italicum
1127 3601 1234 3657 olei
1261 3603 1371 3669 (9)5;
1401 3618 1534 3655 nam
1560 3598 1703 3654 nihil
1722 3604 1953 3655 coctum
1983 3616 2081 3653 su-

435 3697 631 3751 mebat
651 3695 709 3748 in
742 3694 963 3760 cibum,
990 3708 1093 3746 nec
1121 3691 1341 3762 aliquid
1368 3692 1439 3745 de
1462 3691 1655 3762 pomis
1676 3691 1971 3763 gustabat,
1992 3690 2084 3744 vir

434 3790 587 3841 certe
616 3801 683 3839 ex
714 3782 900 3837 multa
934 3780 1236 3851 opulentia
1266 3781 1701 3836 etabundantia
1738 3780 2079 3835 deliciarum

435 3874 695 3932 veniens.
734 3872 1001 3926 Faciebat
1033 3875 1227 3926 autem
1257 3872 1313 3926 in
1347 3872 1438 3925 die
1482 3872 1775 3927 orationes
1819 3875 2078 3939 centum,

433 3963 918 4037 exceptisvigiliis
934 3963 1257 4017 nocturnis.
1278 3962 1580 4018 Scribebat
1598 3979 1729 4017 vero
1752 3966 1811 4017 ut
1829 3964 1897 4017 de
1912 3979 2083 4032 opere

435 4073 714 4112 manuum
732 4072 971 4109 suarum
990 4058 1250 4109 sumeret
1265 4054 1483 4119 cibum;
1501 4053 1742 4123 pulchre
1764 4053 1919 4107 enim
1937 4052 2078 4107 scri-

429 4145 882 4203 bebatlibralem
915 4162 1086 4200 manu
1100 4162 1152 4199 m
1175 4145 1308 4215 (10).
1332 4149 1489 4199 Intra
1505 4161 1721 4215 paucos
1744 4160 1881 4216 ergo
1897 4159 2079 4197 annos

428 4237 626 4294 lumen
661 4235 939 4303 scientiae,
974 4239 1029 4291 et
1060 4233 1344 4299 veritatis,
1370 4238 1433 4289 et
1464 4234 1673 4289 divinae
1713 4234 1990 4301 scientiae,
2025 4236 2082 4287 et

427 4327 794 4384 discretionis
811 4325 1127 4397 spirituum
1142 4324 1393 4396 gratiam
1413 4340 1444 4379 a
1467 4325 1707 4379 Domino
1722 4324 1948 4379 Christo
1962 4338 2080 4394 per-

426 4417 617 4487 cipere
639 4414 874 4470 meruit.
896 4414 1157 4477 Quantos
1171 4418 1365 4469 autem
1383 4413 1566 4468 libros
1602 4418 1658 4468 et
1686 4411 2078 4483 expositiones

430 4506 501 4560 de
533 4504 747 4559 divinis
771 4503 1115 4574 Scripturis,
1136 4502 1509 4575 conscripsit,
1544 4503 1955 4558 manisfestum
1988 4505 2077 4556 est

432 4592 729 4660 omnibus,
748 4596 805 4646 et
825 4591 1076 4647 maxime
1106 4591 1199 4647 his
1223 4592 1319 4662 qui
1344 4590 1619 4663 praeclara
1641 4594 1769 4662 ejus
1791 4589 2071 4662 opuscula

432 4681 811 4749 admirantes,
845 4682 915 4735 ad
949 4681 1122 4735 {idem
1156 4681 1389 4736 Domini
1418 4681 1731 4736 Salvatoris
1765 4680 1962 4735 relicto
1981 4694 2068 4734 er-

433 4785 561 4825 rore
592 4768 1028 4824 conversisunt.
1064 4767 1207 4823 Nam
1225 4773 1279 4823 et
1296 4768 1365 4823 ad
1384 4768 1829 4823 instructionem
1855 4770 2068 4821 sanctae

433 4858 855 4914 monachorum
870 4856 1327 4912 conversationis
1350 4856 1534 4912 multa
1556 4872 1623 4911 ex
1639 4855 1852 4911 divinis
1875 4855 2073 4926 Scrip-

433 4948 603 5017 turis,
635 4953 692 5002 et
723 4946 900 5002 nimis
930 4951 1067 5017 apta
1096 4946 1431 5001 testimonia
1460 4951 1663 5001 contra
1692 4947 1829 5001 vilia
1877 4952 1930 5001 et
1969 4946 2073 5000 im-

430 5035 821 5109 pugnationes
864 5034 1306 5089 immundorum
1360 5036 1715 5103 daemonum,
1766 5034 2073 5090 continens

430 5130 558 5199 ejus
590 5124 755 5179 valde
784 5123 1153 5179 admirabilis
1184 5128 1241 5179 et
1273 5124 1553 5180 salutaris
1584 5125 1849 5181 doctrina
1878 5129 1989 5180 est.

493 5226 658 5281 Hunc
673 5224 988 5295 aliquando
1005 5223 1258 5294 graviter
1278 5223 1663 5296 impugnabat
1678 5224 2077 5281 fornicationis

432 5317 680 5381 daemon,
715 5314 863 5368 sicut
895 5314 1021 5384 ipse
1042 5312 1531 5384 referebatnobis,
1552 5317 1918 5384 etpertotam
1941 5330 2075 5369 noc-

430 5412 549 5464 tem
594 5410 857 5477 tempore
893 5404 1103 5460 hiemis
1136 5404 1329 5459 nudus
1364 5405 1526 5460 stetit
1555 5405 1665 5461 sub
1708 5421 1859 5474 aere,
1905 5407 1984 5461 ita
2014 5410 2080 5461 ut

433 5494 811 5567 congelarent
830 5509 1034 5549 omnes
1059 5508 1266 5548 carnes
1286 5493 1438 5563 ejus.

506 5582 863 5639 Alioiterum
905 5586 1169 5653 tempore
1218 5580 1604 5653 impugnabat
1651 5598 1783 5638 eum
1836 5580 2081 5653 spiritus

437 5672 839 5747 blasphemiae,
863 5676 919 5727 et
950 5688 1053 5743 per
1084 5670 1472 5743 quadraginta
1502 5672 1627 5728 dies
1658 5688 1721 5727 ac
1746 5676 1943 5727 noctes
1966 5688 2081 5727 non

2184 538 2257 593 lis
2287 537 2561 593 animalis
2588 536 2976 593 rhinocerotis
3008 537 3245 593 duceret
3276 537 3407 610 (il).

2254 626 2395 681 Huic
2429 627 2683 698 quodam
2703 629 2964 699 tempore
2977 626 3270 682 dzemones
3288 630 3404 681 tres
3426 626 3480 681 in
3501 625 3587 683 die
3615 644 3792 701 super-

2183 723 2490 786 venerunt,
2524 718 2593 773 de
2619 718 2795 773 verbo
2827 716 3415 788 ﬁdeiconquirentes.
3440 718 3660 774 Etunus
3681 721 3795 792 qui-

2186 809 2318 864 dem
2351 808 2581 864 dicebat
2612 824 2674 864 se
2704 808 2987 864 Arianum
3021 824 3168 873 esse,
3196 806 3343 863 alius
3375 808 3798 879 Eunomianum,

2186 898 2332 953 alter
2361 915 2494 953 vero
2527 896 3029 970 Apollinaristam.
3065 898 3133 952 Et
3161 896 3307 952 istos
3340 913 3441 969 per
3462 896 3662 952 divinae
3699 898 3792 953 Sa-

2188 986 2851 1059 pientiaagratiam,dum
2873 988 2943 1043 de
2962 985 3310 1041 testimoniis
3324 991 3650 1041 sanctarum
3670 987 3800 1042 Scri-

2188 1082 2493 1149 pturarum
2528 1077 2920 1144 concluderet,
2941 1076 3025 1131 illi
3052 1076 3245 1131 subito
3269 1075 3670 1142 conturbati,et
3692 1092 3798 1131 ma-

2188 1182 2371 1238 gnum
2392 1167 2701 1236 strepitum
2717 1166 3382 1237 facientes,phantasma
3400 1164 3703 1220 schematis
3720 1179 3805 1221 eo-

2190 1272 2321 1311 rum
2336 1255 2687 1311 dissolutum
2707 1259 2881 1321 est,et
2898 1270 3192 1326 nusquam
3211 1253 3802 1324 comparuerunt.Fre-

2192 1350 2439 1418 quenter
2468 1350 2665 1401 autem
2712 1362 2746 1400 a
2779 1344 3146 1399 daemonibus
3187 1342 3519 1416 ﬂagellatus
3555 1346 3667 1410 est;
3713 1342 3802 1397 sed

2192 1435 2388 1490 divina
2419 1434 2601 1505 gratia
2632 1450 2767 1489 eum
2809 1434 3143 1504 adjuvante,
3186 1432 3503 1503 superabat
3552 1430 3800 1502 maligni-

2195 1530 2374 1581 tatem
2409 1541 2634 1580 eorum.

2266 1612 2667 1667 Sextodecimo
2696 1627 2833 1666 vero
2878 1627 3030 1667 anno
3080 1608 3536 1665 conversationis
3571 1607 3707 1679 ejus,
3753 1606 3805 1661 in

2194 1702 2411 1773 quibus
2445 1701 2589 1756 nihil
2622 1705 2849 1756 coctum
2884 1701 2940 1754 in
2962 1699 3091 1755 cibo
3117 1698 3442 1771 accipiebat
3484 1695 3801 1753 necessitate

2112 1818 2158 1883 B
2194 1791 2477 1862 corporis,
2501 1794 2734 1863 propter
2758 1789 3163 1845 infirmitatem
3188 1787 3472 1843 stomachi
3496 1790 3710 1841 coctum
3734 1785 3807 1839 ci-

2191 1882 2329 1935 bum
2366 1881 2628 1951 accipere
2662 1877 3004 1950 compulsus
3044 1881 3151 1933 est.
3185 1877 3402 1931 Panem
3444 1875 3672 1945 quidem
3694 1873 3805 1943 jam

2188 1988 2303 2025 non
2331 1970 2588 2039 contigit.
2614 1968 2783 2024 Olera
2806 1984 2938 2023 vero
2957 1967 3318 2039 etptisanas,
3342 1982 3409 2020 ac
3432 1963 3691 2037 legumen
3713 1979 3809 2017 us-

2188 2058 2381 2128 quead
2400 2058 2547 2111 duos
2563 2073 2747 2111 annos
2770 2054 3185 2126 accipiens,ita
3199 2053 3517 2108 defunctus
3539 2055 3642 2116 est,
3665 2065 3806 2104 com-

2188 2146 2497 2202 municans
2530 2151 2904 2202 sacrosancta
2932 2143 3287 2217 mysteriain
3313 2142 3580 2212 ecclesia,
3622 2141 3682 2195 in
3729 2138 3811 2194 die

2188 2236 2526 2307 Epiphaniae
2563 2236 2814 2291 Domini.

2256 2326 2809 2380 Reterebantautem
2829 2323 2999 2378 nobis
3016 2322 3117 2394 qui
3133 2322 3289 2378 circa
3305 2336 3441 2377 eum
3464 2322 3705 2385 erant,et
3723 2316 3810 2373 ob-

2185 2416 2496 2471 servabant
2522 2432 2677 2483 eum,
2695 2415 2834 2485 quia
2850 2420 2984 2470 ante
3008 2430 3189 2469 unum
3205 2414 3363 2469 diem
3383 2411 3587 2468 mortis
3608 2407 3806 2465 suadi-

2184 2502 2303 2558 xit:
2339 2504 2476 2573 quia
2499 2504 2625 2573 jam
2644 2504 2849 2557 tertius
2871 2519 3064 2557 annus
3085 2505 3194 2569 est,
3221 2517 3292 2556 ex
3314 2517 3432 2572 quo
3456 2516 3569 2554 non
3610 2494 3803 2551 moles-

2185 2600 2277 2650 tor
2306 2611 2339 2649 a
2368 2592 2588 2649 carnali
2621 2592 3095 2664 concupiscentia
3120 2608 3133 2647 :
3163 2597 3319 2647 certe
3346 2595 3480 2664 post
3510 2594 3723 2644 tantam
3760 2588 3809 2640 et

2186 2685 2361 2739 talem
2390 2684 2591 2752 vitam,
2615 2688 2671 2738 et
2692 2684 2915 2738 aridam
2946 2682 3393 2748 abstinentiam,
3419 2686 3476 2737 et
3498 2680 3734 2744 labores,
3756 2689 3812 2730 ac

2187 2772 2439 2841 dolores,
2468 2772 2832 2828 etorationes
2884 2772 3011 2827 sine
3052 2770 3517 2827 intermissione.
3570 2767 3705 2823 Huic
3754 2765 3802 2819 in

2187 2862 2543 2918 monasterio
2575 2861 2807 2933 degenti
2841 2861 3111 2916 nuntiata
3153 2864 3243 2915 est
3291 2876 3459 2915 mors
3490 2857 3665 2931 patris
3691 2853 3805 2921 sui;

2186 2952 2286 3022 qui
2320 2951 2465 3006 dixit
2494 2951 2793 3006 nuntianti
2823 2948 2936 3005 sibi
2970 2966 2985 3003 :
3012 2950 3189 3005 Cessa
3209 2946 3641 3020 blasphemare,
3664 2957 3811 3000 meus

2188 3040 2347 3096 enim
2382 3045 2544 3112 pater
2567 3038 2916 3095 immortalis
2938 3043 3049 3095 est.

2799 3154 3032 3211 CAPUT
3072 3154 3227 3210 XVI.

2262 3247 2335 3301 De
2365 3243 2575 3301 Cranii
2600 3245 2911 3317 presbyteri
2939 3244 3077 3310 vita,
3124 3247 3177 3299 et
3225 3243 3289 3300 de
3340 3244 3569 3317 Eulagii
3596 3236 3819 3313 longani-

2916 3316 3118 3372 mitate

2274 3434 2516 3490 Cronius
2576 3434 2879 3506 presbyter
2931 3432 3193 3489 ecclesiae
3239 3432 3445 3488 Nitriae
3501 3428 3815 3505 (Heraclid.,

2183 3540 2298 3595 cap.
2324 3524 2404 3592 9),,
2436 3522 2641 3578 retulit
2671 3522 2813 3576 mihi
2848 3522 3053 3577 dicens
3080 3539 3093 3577 :
3128 3521 3276 3585 Quia
3306 3521 3455 3576 dum
3485 3519 3707 3591 juvenis
3734 3532 3811 3572 es-

2183 3630 2306 3669 sem
2340 3613 2397 3667 in
2434 3612 2789 3668 monasterio
2810 3612 3047 3667 nimiam
3075 3611 3350 3683 patiebar
3372 3610 3652 3667 acediam.
3674 3606 3815 3663 Unde

2185 3702 2417 3774 fugiens
2447 3702 2589 3774 ccepi
2624 3718 2807 3773 vagus
2838 3696 2941 3772 per
2971 3717 3233 3756 eremum
3269 3701 3599 3767 ambulare,
3624 3703 3675 3755 et
3702 3713 3814 3770 per-

2184 3793 2313 3848 veni
2347 3809 2535 3863 usque
2568 3792 2639 3846 ad
2676 3794 2929 3846 montem
2965 3790 3061 3846 ubi
3089 3794 3335 3846 sanctus
3354 3790 3638 3847 Antonius
3659 3788 3813 3858 dege-

2186 3882 2307 3952 bat,
2343 3882 2397 3935 id
2430 3886 2539 3949 est,
2570 3880 2741 3949 inter,
2775 3879 3033 3935 medium
3068 3880 3405 3953 Babyloniae
3456 3886 3513 3936 et
3567 3875 3813 3934 Heraclia:

2184 3971 2243 4025 in
2276 3970 2610 4025 vastissima
2639 3969 2976 4037 solitudine,
3012 3985 3143 4041 quae
3193 3969 3366 4025 ducit
3415 3970 3486 4025 ad
3525 3984 3675 4024 mare
3719 3964 3815 4019 Ru-

2184 4060 2374 4115 brum.
2409 4059 2661 4115 Veniens
2691 4075 2827 4131 ergo
2862 4059 2917 4112 in
2947 4058 3383 4114 monasterium
3413 4076 3580 4115 secus
3602 4058 3818 4120 flumen,

2185 4150 2339 4220 quod
2364 4148 2579 4203 dicitur
2597 4148 2943 4220 Pisper(t?.),
2968 4148 3067 4203 ubi
3092 4149 3231 4219 ejus
3256 4150 3543 4205 sedebant
3566 4141 3815 4216 discipuli

2186 4242 2431 4293 Amatus
2462 4243 2517 4293 et
2548 4238 2860 4305 Macarius,
2896 4238 2992 4309 qui
3026 4242 3084 4294 et
3131 4237 3495 4309 sepelierunt
3524 4253 3676 4297 eum.
3706 4248 3820 4289 exs-

2186 4328 2407 4400 pectavi
2433 4327 2554 4383 dies
2575 4328 2929 4399 quinque,ut
2945 4327 3198 4383 viderem
3222 4332 3498 4385 sanctum
3522 4323 3813 4383 Antonium

2190 4418 2635 4472 Dicebantenim
2654 4434 2787 4472 eum
2804 4420 3114 4473 venturum
3134 4418 3204 4471 ad
3224 4416 3374 4473 illud
3396 4413 3818 4478 monasterium,

2185 4505 2501 4578 aliquando
2525 4507 2759 4577 quidem
2798 4511 2931 4578 post
2964 4507 3161 4562 decem
3195 4506 3344 4575 dies,
3388 4506 3697 4579 aliquando
3733 4516 3820 4557 au-

2187 4605 2296 4652 tem
2323 4603 2456 4668 post
2478 4596 2680 4667 viginti
2708 4596 3367 4668 dies,quemadmodum
3394 4596 3815 4653 eiDominusre-

2186 4685 2548 4756 vclassetpro
2563 4684 2813 4741 utilitate
2835 4685 3269 4740 advenientium
3305 4686 3364 4740 in
3392 4683 3815 4742 monasterium.

2225 4776 2409 4839 Quam
2426 4774 2520 4846 plu
2532 4773 2651 4829 rimi
2667 4790 2803 4846 ergo
2817 4790 3047 4830 eramus
3062 4776 3401 4847 congregati
3421 4771 3818 4833 fratres.diver'

2182 4881 2277 4919 sas
2302 4863 2582 4919 habentes
2605 4864 3067 4934 necessitates,in
3092 4864 3307 4935 quibus
3324 4869 3382 4920 et
3416 4864 3689 4936 Eulogius
3710 4857 3819 4931 qui“

2183 4954 2317 5008 dam
2338 4953 2857 5019 Alexandrinus,et
2878 4954 3031 5008 alius
3052 4952 3345 5025 leprosos,
3366 4952 3470 5026 qui
3498 4952 3668 5009 simul
3687 4949 3815 5006 ade—

2184 5048 2315 5098 rant
2348 5060 2447 5114 pro
2472 5042 2569 5097 tali
2602 5059 2783 5099 causa
2804 5042 3104 5113 (Pasch.,c.
3142 5042 3400 5114 19,num.
3433 5044 3508 5116 3).
3536 5042 3637 5097 Hic
3666 5037 3818 5096 Eulo-

2184 5133 2316 5204 gius
2334 5131 2716 5187 scholasticus
2739 5134 2943 5201 erat,et
2959 5130 3224 5188 eruditus
3239 5132 3451 5204 vir;qui
3471 5146 3661 5188 amore
3678 5125 3814 5183 divi-

2186 5240 2259 5277 no
2279 5222 3323 5293 compunctus,abrenuntiavitturbis
3339 5222 3815 5287 urbium,omnem

2188 5329 2298 5383 que
2340 5311 2732 5366 substantiam
2776 5327 2943 5367 suam
2986 5312 3256 5367 distraxit
3293 5311 3816 5383 eterogavitpaupe-

2189 5400 2532 5464 ribus,sicut
2547 5400 2835 5471 scriptum
2855 5399 3315 5472 est:Dispersit,d
3327 5400 3562 5472 editpau
3574 5396 3811 5470 peribus,

2183 5489 2557 5562 justitiaejus
2578 5494 2776 5544 manet
2793 5489 2851 5544 in
2876 5488 3151 5545 smculum
3170 5482 3815 5557 saeculi(Psal.cx1);ctin

2192 5578 2500 5652 Evangelia
2515 5578 2745 5635 dicente
2760 5578 3042 5635 Domino:
3078 5577 3671 5643 Beatimisericordes,
3692 5572 3815 5645 quia

2194 5669 2305 5743 ipsi
2340 5668 2799 5726 misericordiam
2831 5672 3263 5740 consequentur
3293 5665 3504 5739 (Matth.
3537 5667 3616 5739 v).
3637 5666 3817 5733 Itaque
