3902 6170
333 325 450 383 375

1494 310 1870 371 APPENDIX
1906 314 2007 367 AD
2045 312 2263 366 VITAS
2298 315 2625 369 PATRUM.

3604 327 3695 382 3'76

339 450 511 507 modo
536 445 735 503 omnia
763 461 891 517 qua
923 446 1243 500 evenerunt
1263 440 1463 514 Elogio
1487 444 1543 497 et
1576 439 1831 513 leproso,
1854 453 2002 509 prae-
2032 439 2086 502 Α
2117 452 2255 508 ergo
2288 454 2391 493 nos
2414 438 2753 496 consolatus
2777 444 2886 511 est,
2906 445 2966 497 et
2982 441 3401 500 conﬁrmausin
3428 446 3527 504 ﬁde
3543 466 3599 506 ac
3616 468 3704 523 pa-

343 540 489 596 dixit
520 539 724 594 beatus
760 533 1067 590 Antonius.

425 628 608 684 Etiam
661 627 769 680 hoc
815 624 1099 680 referebat
1147 622 1316 678 nobis
1350 618 1916 692 Cronius(Pasch.,c.
1946 618 2009 671 19

351 737 506 775 num.
545 718 612 779 4;
650 714 774 771 Vita
805 712 1056 782 Antonii,
1082 729 1129 767 c.
1156 713 1244 780 33)
1273 729 1285 766 :
1313 711 1535 775 Quiain
1560 716 1726 765 nocte
1748 708 1845 763 illa
1866 708 2008 762 dum

351 810 525 865 verbo
562 806 661 861 Dei
693 803 977 875 prolixius
1010 818 1116 857 nos
1139 802 1371 857 doceret
1391 805 1631 855 sanctus
1652 800 1819 853 Pater
1834 800 2011 853 Anto-

354 900 519 964 nius,
554 901 609 950 et
641 894 749 949 hoc
773 891 998 957 intulit,
1029 891 1270 946 dicens:
1302 889 1447 953 Quia
1471 904 1692 944 annum
1718 888 2011 958 integrum

360 987 517 1044 oravi
552 992 614 1041 ut
635 985 889 1041 revelare
920 982 1065 1037 mihi
1085 982 1429 1053 dignaretur
1452 996 1552 1052 per
1574 979 1824 1051 gratiam
1847 994 2011 1032 suam

354 1076 645 1133 Dominus
671 1073 1170 1144 Iocumjustorum
1196 1076 1252 1126 et
1275 1075 1663 1142 peccatorum.
1690 1069 1761 1122 Et
1782 1067 1897 1122 vidi
1920 1083 2015 1121 cx-

361 1166 585 1221 celsum
610 1164 925 1237 quemdam
951 1161 1246 1233 gigantem
1274 1176 1460 1231 usque
1480 1160 1551 1214 ad
1575 1158 1763 1213 nubes
1795 1156 2019 1229 pertin-

359 1260 616 1329 gentem,
651 1270 863 1309 manus
896 1256 1161 1306 extentas
1193 1250 1531 1317 habentem,
1560 1253 1618 1303 et
1646 1252 1851 1302 subter
1880 1263 2017 1301 eum

362 1350 638 1417 stagnum
667 1343 829 1398 velut
860 1357 1040 1411 mare,
1074 1345 1130 1395 et
1161 1340 1311 1411 ignis
1345 1339 1706 1405 ﬂammabat,
1734 1336 2019 1392 fervebat'

361 1450 473 1506 que
496 1433 653 1488 velut
669 1432 1013 1499 caldaria,et
1032 1430 1298 1485 videbam
1321 1428 1549 1483 animas
1570 1427 1732 1482 velut
1752 1426 1812 1481 in
1828 1424 2021 1496 specie

375 1523 568 1580 avium
606 1522 888 1589 volantes,
922 1526 980 1575 et
1012 1524 1488 1590 quantacunque
1523 1517 1760 1589 quidem
1805 1530 2019 1586 super-

365 1613 638 1669 volabaut
669 1628 880 1665 manus
910 1610 1041 1680 eius
1070 1613 1127 1664 et
1167 1615 1365 1679 caput,
1409 1606 1803 1673 salvabantur,
1839 1611 1895 1660 et
1923 1620 2019 1659 us-

370 1720 484 1775 que
505 1702 574 1756 ad
610 1699 819 1755 ccelum
854 1697 1310 1770 perveniebant;
1342 1700 1574 1767 quanta:
1607 1700 1802 1750 autem
1837 1708 2024 1765 usque

364 1793 434 1848 ad
470 1806 680 1846 manus
712 1790 839 1859 ejus
862 1787 1289 1860 pervenissent,
1316 1803 1428 1842 non
1454 1785 1716 1841 valentes
1747 1784 2017 1857 superius

361 1880 578 1945 volare,
611 1878 968 1950 percutiebat
990 1893 1090 1931 eas
1120 1876 1394 1931 manibus
1444 1876 1593 1944 suis,
1628 1880 1682 1930 et
1710 1874 2009 1943 allidebat,

361 1970 761 2037 cadebantque
790 1967 847 2021 in
864 1971 1138 2037 stagnum
1160 1966 1410 2020 fervens.
1434 1964 1645 2020 Audivi
1665 1981 1896 2037 quoque
1910 1980 2007 2018 vo-

360 2075 482 2114 cem
502 2058 793 2112 dicentem
810 2055 954 2110 mihi
971 2055 1079 2111 has
1092 2071 1220 2110 esse
1234 2054 1461 2109 animas
1478 2060 2009 2126 peccatorum;nam

361 2147 495 2203 illas
516 2163 643 2218 qua:
659 2145 957 2217 gigantem
973 2144 1141 2199 illum
1164 2161 1229 2199 su
1243 2143 1728 2216 pervolant,ipsas
1743 2160 1869 2199 esse
1883 2142 2013 2197 ani-

364 2254 490 2293 mas
512 2238 837 2307 justorum,
870 2252 1020 2305 quas
1052 2234 1282 2306 pondus
1317 2234 1536 2305 peccati
1571 2250 1683 2288 non
1716 2237 1938 2303 gravat,
1959 2237 2014 2287 et

361 2327 493 2382 ideo
512 2330 761 2397 possunt
782 2324 849 2378 ad
871 2324 1077 2379 altiora
1093 2324 1500 2388 conscendere,
1522 2339 1647 2394 quae
1668 2322 1721 2376 in
1744 2322 2014 2393 paradiso

366 2415 467 2471 Dei
503 2415 808 2469 salvantur
840 2412 1004 2481 ;alia3
1036 2417 1230 2467 autem
1263 2416 1404 2467 sunt
1461 2416 1853 2484 peccatorum,
1887 2428 2016 2482 quae

366 2505 497 2560 ideo
522 2504 579 2558 in
597 2502 891 2557 infernum
908 2502 1499 2573 demerguntur,quia
1512 2518 1628 2556 non
1647 2506 1891 2572 egerunt
1906 2518 2015 2572 pcn-

369 2592 677 2650 nitentiam
711 2591 852 2646 dum
888 2592 944 2645 in
990 2606 1229 2662 corpore
1273 2594 1459 2658 erant,
1493 2594 1557 2644 ut
1592 2587 2017 2659 indulgentiam

370 2687 744 2756 peccatorum
766 2680 854 2735 vel
880 2679 1196 2735 criminum
1222 2696 1466 2735 suorum
1490 2678 1752 2735 aChristi
1785 2680 2017 2735 Domini

368 2774 582 2845 pietate
614 2774 982 2826 mererentur
1003 2769 1285 2841 accipere,
1309 2785 1466 2823 nunc
1488 2773 1683 2824 autem
1707 2769 2022 2824 traduntur

366 2863 437 2917 ad
467 2862 829 2916 infernorum
856 2858 1253 2923 tenebras,ubi
1276 2863 1362 2913 est
1384 2858 1555 2913 ﬂetus
1577 2862 1632 2913 et
1652 2857 2019 2914 stridorden-

376 2952 525 3007 tium
562 2966 678 3021 pra:
710 2948 1008 3004 nimietale
1038 2964 1345 3019 poenarum
1381 2951 1754 3003 aeternarum.

977 3065 1213 3121 CAPUT
1243 3064 1417 3121 XVII.

686 3158 813 3213 Vita
844 3161 893 3213 et
923 3157 1248 3229 stt/ferentia
1280 3155 1422 3211 beati
1452 3156 1716 3226 Stephani

437 3257 774 3329 Stephanus
831 3255 1073 3327 quidam
1132 3253 1379 3326 Libycus
1447 3270 1679 3326 genere,
1731 3270 1799 3310 ex
1849 3254 2027 3313 latere

372 3345 725 3402 Marmaritis
757 3352 815 3399 et
839 3345 1104 3399 Mareota:
1129 3344 1368 3399 sedebat
1392 3360 1579 3415 usque
1601 3345 1897 3415 sexaginta
1919 3362 2027 3400 an—

374 3454 484 3493 nos
518 3435 763 3507 (Heracl.
787 3451 908 3505 cap.
944 3434 1052 3502 4'2).
1088 3433 1191 3489 Hic
1221 3450 1467 3489 summa:
1498 3434 1873 3489 continentia
1897 3434 2025 3503 fuit;

378 3543 512 3582 nam
546 3529 603 3580 et
629 3523 999 3579 discretionis
1022 3523 1268 3594 gratiam
1290 3528 1345 3577 et
1370 3522 1784 3579 consolationis
1808 3524 2029 3595 accepit

373 3628 403 3664 a
432 3616 701 3681 Domino,
727 3614 807 3669 ita
833 3629 893 3668 ut
917 3629 1117 3667 omnes
1144 3612 1540 3685 tribulati,pro
1563 3612 1825 3684 qualibet
1850 3630 2029 3668 causa

374 3704 617 3759 tristitia
636 3703 822 3759 aﬂ‘ecti
836 3700 1274 3771 vcnissent,lzeti
1292 3701 1659 3757 discederent
1674 3718 1773 3773 per
1786 3703 2024 3758 verbum

373 3792 795 3848 consolationis
826 3791 1168 3861 ejus.Notus
1200 3797 1395 3847 autem
1430 3796 1629 3848 eratet
1652 3793 1818 3847 beato
1848 3797 2027 3847 Anto-

373 3883 491 3937 nio.
527 3882 796 3936 Pervenit
827 3898 961 3936 vero
995 3881 1170 3935 etiam
1206 3882 1275 3936 ad
1301 3884 1564 3952 tempora
1596 3885 1816 3950 nostra,
1851 3898 2025 3952 quem

378 3988 485 4043 ego
501 3973 739 4044 quidem
758 3988 872 4025 non
887 3971 999 4025 vidi
1022 3974 1259 4041 propter
1275 3970 1721 4042 Ioginquitatcm
1742 3971 2024 4027 locorum.

445 4062 552 4126 Qui
584 4066 778 4115 autem
816 4076 945 4114 cum
976 4065 1178 4113 sancto
1210 4060 1523 4115 Anzmonio
1557 4066 1612 4115 et
1644 4060 2027 4133 Eulogio[lle-

372 4152 532 4222 racl.,
567 4150 835 4221 Evagrio]
878 4154 1046 4203 erant
1076 4149 1334 4203 videntes
1377 4166 1530 4215 cum,
1564 4149 1891 4205 retulerunt
1919 4168 2024 4205 no-

372 4240 484 4309 bis,
519 4237 1010 4311 quiainvenimus
1039 4238 1192 4291 999
1225 4254 1379 4306 eum,
1405 4238 1700 4309 inquiunt,
1722 4239 2024 4293 infirmita-

376 4334 492 4384 tem
516 4327 859 4399 hujusmodi
878 4326 1188 4381 habentem
1214 4327 1270 4381 in
1297 4326 1601 4397 ipsislocis
1620 4328 1676 4381 in
1715 4326 2022 4396 testiculis,

378 4417 511 4473 etin
547 4417 884 4472 summitate
909 4421 1130 4472 naturas
1154 4415 1367 4471 vulnus
1394 4416 1728 4483 habentem,
1759 4417 1912 4489 quod
1933 4418 2023 4471 di-

375 4506 524 4562 citur
556 4522 764 4560 cancer
781 4522 879 4559 seu
902 4505 1193 4560 carcinus.
1216 4506 1321 4559 Hic
1343 4522 1479 4577 ergo
1502 4522 1636 4561 cum
1662 4506 2022 4561 incideretur

2115 526 2341 593 tientia,
2372 528 2685 585 aediﬁcavit
2715 547 2843 587 nos.
2880 532 3007 587 Ilaac
3056 536 3250 588 autem
3282 537 3633 607 narravimus,
3655 546 3709 597 ut

2117 632 2232 671 non
2264 619 2686 674 conturbemur
2715 621 2953 692 quando
2984 626 3212 678 sanctos
3239 622 3453 695 aliquos
3475 627 3705 686 videmus

2117 706 2483 777 gravissimis
2515 710 2775 783 corporis
2805 710 3249 769 inﬁrmitatibus
3277 712 3539 771 laborare.

2706 819 2944 875 CAPUT
2973 819 3177 875 XVIII.

2270 906 2386 959 Vita
2415 909 2468 960 et
2497 906 2653 961 zelus
2680 924 2778 979 pro
2808 910 3062 964 castitate
3100 911 3279 965 sancti
3304 912 3607 969 Innocentii.

2194 1004 2407 1059 Beatus
2454 1006 2828 1062 Innocentius
2877 1007 3179 1079 presbyter
3208 1008 3265 1062 in
3317 1014 3501 1064 monte
3543 1010 3715 1067 Oliveti

2125 1093 2237 1149 fuit
2264 1093 2282 1164 (
2315 1094 2563 1159 Ilcract.,
2594 1109 2713 1164 cap.
2746 1096 2857 1166 3t).
2894 1095 3081 1151 Multa
3121 1098 3313 1152 autem
3345 1097 3528 1152 audivi
3555 1100 3618 1154 ab
3645 1099 3721 1154 his

2126 1183 2227 1256 qui
2259 1184 2588 1239 conversati
2620 1189 2758 1239 sunt
2789 1200 2923 1240 cum
2956 1201 3023 1241 eo
3055 1187 3245 1242 tribus
3264 1187 3449 1241 annis.
3484 1189 3585 1243 Iste
3612 1189 3729 1243 sim-

2127 1275 2261 1345 plex
2289 1290 2465 1344 supra
2499 1273 2740 1328 modum
2772 1278 2917 1342 erat,
2952 1291 3085 1330 nam
3121 1277 3256 1330 etin
3281 1276 3482 1348 palatio
3498 1276 3725 1333 claruein

2131 1363 2341 1420 militia
2372 1363 2931 1419 fuit.Verumtameu
2964 1364 3025 1419 in
3055 1364 3219 1421 initio
3241 1365 3466 1437 imperii
3487 1368 3730 1421 Constan-

2128 1452 2516 1526 tinichracl.,
2540 1454 2885 1526 Constantii]
2918 1456 3352 1510 abrenuntiavit
3399 1455 3592 1511 smculo
3621 1471 3729 1510 cum

2132 1560 2311 1599 uxore
2326 1542 2566 1598 sua.Hic
2589 1542 2841 1598 habebat
2857 1542 3044 1598 tilium
3063 1543 3297 1599 nomine
3321 1542 3553 1599 Paulum
3570 1543 3735 1599 dome-

2130 1634 2345 1690 sticum
2379 1631 2755 1698 militantem,
2790 1632 2889 1704 qui
2921 1633 3199 1688 instinctu
3244 1632 3457 1688 diaboli
3511 1633 3733 1705 peccavit

2132 1740 2263 1779 cum
2298 1721 2420 1777 ﬁlia
2450 1722 2793 1794 presbyteri.
2827 1722 2989 1788 Quod
3014 1738 3145 1777 cum
3168 1722 3425 1779 audisset
3462 1722 3734 1794 paterejus

2050 1809 2097 1874 B
2129 1810 2722 1881 Innocentius,oravit
2745 1812 3290 1877 Dominum,dicens
3316 1828 3329 1866 :
3355 1811 3586 1867 Domine
3607 1810 3735 1866 Deus

2117 1908 2345 1960 amator
2374 1901 2688 1967 castitatis,
2711 1903 2785 1957 da
2814 1901 2867 1956 ei
2888 1901 3065 1957 talem
3089 1901 3469 1973 correptionis
3486 1898 3725 1971 spiritum

2119 1998 2185 2049 ut
2204 1993 2331 2063 jam
2364 2008 2480 2047 non
2502 1991 2763 2047 inveniat
2777 1996 3013 2063 tempus
3037 1989 3318 2062 peccandi
3341 1991 3399 2045 in
3426 2005 3589 2044 carne
3608 2003 3722 2043 sua:

2119 2081 2331 2137 melius
2344 2080 2686 2136 existimans
2701 2081 2963 2152 utmagis
2978 2080 3266 2136 daemonio
3278 2082 3732 2148 vexareturquam

2117 2170 2368 2227 luxuria.
2404 2170 2568 2237 Quod
2601 2175 2659 2225 et
2689 2170 2906 2226 factum
2940 2174 3050 2225 est.
3083 2170 3233 2225 Nam
3283 2185 3469 2240 usque
3505 2182 3646 2223 nunc
3687 2166 3736 2219 in

2122 2265 2320 2317 monte
2340 2259 2545 2316 Oliveti
2571 2260 2721 2315 ferro
2744 2259 2971 2316 vinctus
2994 2266 3243 2330 tenetur,
3273 2260 3413 2333 quia
3436 2260 3657 2313 vexatur
3677 2254 3737 2309 ab

2120 2337 2430 2404 immundo
2462 2348 2675 2421 spiritu
2708 2348 3043 2405 crudeliter.

2192 2439 2307 2495 Iste
2338 2439 2737 2510 Innocentius,
2770 2438 2964 2511 qualis
2995 2444 3052 2495 et
3082 2444 3375 2512 quantum
3399 2436 3507 2493 fuit
3535 2432 3736 2490 miseri-

2122 2546 2273 2599 cors,
2296 2529 2346 2586 si
2377 2529 2612 2586 voluero
2633 2546 2761 2601 qua:
2782 2547 2917 2586 vera
2934 2532 3155 2587 suntde
3175 2548 3246 2586 eo
3287 2530 3498 2594 dicere,
3524 2526 3739 2581 fortasse

2125 2619 2416 2679 mendacii
2433 2620 2761 2693 Opinionem
2776 2619 3183 2678 incurro.Nam
3201 2622 3536 2692 frequenter
3547 2613 3742 2671 furaba-

2124 2716 2223 2768 tur
2252 2712 2323 2766 de
2340 2710 2891 2781 expensisfratrum,
2924 2712 3170 2766 etdabat
3186 2704 3739 2783 indigentibus.Cum

2128 2806 2323 2857 autem
2346 2805 2503 2856 esset
2524 2799 3261 2873 simplicissimus,accepit
3286 2817 3320 2855 a
3349 2797 3589 2855 Domino
3608 2791 3746 2849 Chri-

2128 2896 2220 2948 sto
2250 2890 2497 2964 gratiam
2530 2894 2734 2947 contra
2763 2890 3248 2947 dazmoneanter
3287 2906 3437 2963 quos
3468 2881 3749 2958 aliquando

2129 2981 2420 3037 adductus
2450 2984 2540 3036 est
2569 2981 2618 3035 ei
2640 2980 2902 3053 juvenis,
2923 2980 3268 3038 videntibus
3297 2979 3487 3048 nobis,
3508 2995 3542 3033 a
3568 2972 3748 3046 spiritu

2130 3071 2435 3126 immundo
2458 3070 3124 3141 comprehensus,simul
3138 3075 3196 3126 et
3214 3068 3472 3143 paralysi
3488 3066 3749 3123 laborans.

2051 3181 2093 3248 ρ
2130 3162 2311 3227 Quem
2333 3176 2438 3232 ego
2462 3160 2722 3227 intuens,
2743 3160 2899 3216 volui
2924 3165 3171 3217 matrem
3194 3162 3330 3231 ejus
3351 3157 3751 3248 repellere,quze

2135 3250 2458 3306 adduxerat
2504 3264 2681 3317 eum;
2731 3250 3118 3321 desperabam
3169 3251 3333 3306 enim
3380 3263 3549 3321 posse
3581 3240 3749 3301 sanari

2133 3356 2291 3397 eum.
2324 3340 2467 3396 Cum
2500 3332 2696 3395 autem
2727 3339 2971 3396 vidisset
2999 3355 3126 3395 eam
3179 3340 3383 3397 senior
3430 3339 3667 3393 stantem
3712 3332 3759 3385 et

2134 3430 2369 3485 ﬂentem
2402 3445 2580 3500 super
2600 3429 3000 3485 inenarrabilli
3025 3445 3165 3485 casu
3198 3429 3307 3484 ﬁlii
3342 3427 3594 3494 sui,cum
3624 3422 3755 3478 esset

2132 3515 2618 3587 benignissimus,
2652 3512 3059 3568 misericordia
3087 3516 3290 3567 motus
3324 3509 3501 3566 ﬂevit.
3533 3508 3600 3563 Et
3625 3501 3753 3559 acci-

2132 3606 2300 3677 piens
2317 3607 2621 3677 juvenem,
2644 3602 2946 3674 ingressus
2969 3606 3059 3656 est
3080 3600 3405 3657 oratorium
3430 3590 3754 3665 suum,qu0d

2134 3693 2245 3750 sibi
2278 3694 2403 3766 ipse
2434 3693 2843 3755 aediﬁcaverat,
2877 3690 2937 3745 in
2970 3706 3085 3761 quo
3131 3689 3399 3761 reliquiae
3424 3690 3587 3745 erant
3623 3678 3756 3739 beati

2131 3783 2376 3841 Joannis
2395 3782 2687 3854 Baptistae,
2722 3785 2779 3836 et
2796 3780 2980 3835 oravit
2994 3796 3173 3851 super
3189 3796 3325 3836 eum
3352 3779 3426 3835 ab
3452 3779 3589 3834 hora
3614 3768 3761 3827 tertia

2135 3889 2319 3944 usque
2349 3873 2421 3927 ad
2454 3872 2657 3928 horam
2691 3886 2925 3937 nonam,
2958 3872 3015 3924 et
3043 3869 3309 3925 donante
3341 3866 3531 3941 gratia
3558 3857 3763 3919 Christi,

2132 3978 2342 4019 sanum
2368 3960 2909 4030 reddiditjuvenem
2934 3958 3105 4014 matri
3129 3962 3342 4023 suae,et
3360 3952 3637 4029 paralysis
3654 3950 3759 4019 ejus

2132 4057 2189 4107 et
2220 4053 2448 4107 daemon
2480 4051 2695 4105 virtute
2750 4048 3064 4103 Salvatoris
3111 4048 3302 4104 nostri
3338 4048 3593 4118 effugata
3619 4040 3755 4096 sunt.

2131 4140 2294 4197 Talis
2326 4145 2521 4196 autem
2554 4142 2676 4194 erat
2705 4139 2832 4209 ejus
2864 4136 3172 4210 paralysis,
3206 4143 3274 4194 ut
3305 4135 3544 4210 quando
3576 4142 3759 4203 spuere

2129 4230 2410 4286 voluisset
2441 4246 2600 4301 puer,
2628 4244 2804 4300 super
2821 4228 3059 4285 dorsum
3081 4244 3257 4284 suum
3286 4223 3629 4301 spueret,ita
3654 4219 3759 4275 erat

2131 4324 2413 4377 extortus.

2742 4405 2971 4462 CAPUT
3020 4405 3168 4462 XIX.

2502 4496 2779 4553 Eustathii
2817 4497 3033 4551 lectoris
3060 4496 3414 4567 suﬂerentz'u.

376 4595 434 4650 in
466 4594 704 4649 vulnere
735 4593 1357 4660 illo,amedicotamen
1386 4595 1659 4650 manibus
1677 4596 2018 4666 suisopera-
2052 4558 2098 4620 D
2201 4594 2531 4665 Presbyteri
2564 4594 2876 4665 cujusdam
2910 4592 3030 4649 ﬂlia
3062 4594 3120 4648 in
3146 4593 3422 4650 Caesarea
3468 4587 3759 4647 Palaestinas

377 4685 547 4739 batur
579 4688 634 4737 et
666 4683 951 4755 plectebat
983 4683 1230 4754 palmas,
1257 4688 1314 4739 et
1341 4684 1692 4755 loquebatur
1722 4685 2025 4740 nobis.Re—

376 4774 536 4844 liquo
562 4779 757 4827 autem
780 4788 1018 4842 corpore
1042 4772 1121 4826 ita
1142 4778 1263 4827 erat
1282 4772 1601 4828 immobilis
1622 4773 1789 4845 quasi
1805 4774 1851 4828 si
1872 4773 2023 4828 alius

380 4863 755 4917 incideretur.

451 4951 742 5007 Abscissis
765 4966 898 5021 ergo
922 4951 1397 5023 membris,quasi
1422 4952 1469 5008 si
1496 4952 1651 5024 pilus
1673 4953 1720 5007 ei
1755 4951 2019 5007 abscide.

382 5041 647 5106 retur,ita
667 5056 775 5093 non
803 5039 1108 5095 sentiebat.
1134 5040 1570 5096 Validissimam
1591 5043 1744 5096 enim
1772 5041 2024 5096 habebat

380 5148 483 5203 per
496 5128 741 5202 gratiam
763 5128 861 5183 Dei
878 5128 1490 5185 suﬂ'erentiam.Nobis
1504 5137 1695 5187 autem
1714 5130 2020 5186 contrista-

378 5222 453 5276 tis
486 5226 541 5274 et
574 5217 1041 5273 ﬂentibusdixit:
1078 5218 1287 5286 Filioli,
1322 5220 1378 5274 in
1416 5219 1576 5274 nullo
1610 5219 1901 5274 laedamini
1952 5221 2023 5274 de

378 5324 556 5364 causa
584 5306 716 5361 ista.
752 5307 903 5360 Nihil
939 5307 1089 5361 enim
1123 5309 1277 5378 quod
1305 5310 1561 5379 permitit
1589 5314 1734 5363 Deus
1762 5307 1879 5362 ﬂeri
1905 5325 2024 5362 ma-

376 5400 499 5454 lum
532 5401 657 5463 est;
691 5397 791 5451 sed
823 5395 1120 5452 voluntate
1177 5399 1429 5471 benigna
1471 5398 1880 5470 perferendum
1912 5401 2020 5465 est;

380 5488 627 5543 fortasse
651 5486 804 5541 enim
825 5490 880 5541 et
903 5486 1151 5542 obnoxia
1172 5495 1339 5544 erant
1362 5488 1628 5544 membra
1644 5486 1755 5541 ista
1772 5490 2025 5541 tormen-

383 5578 484 5644 tis,
516 5575 777 5647 satisque
809 5575 1019 5631 melius
1042 5582 1131 5632 est
1156 5577 1246 5633 hic
1273 5578 1595 5651 persolvere
1622 5592 1823 5648 pcnnas
1846 5593 2019 5648 quam

386 5670 521 5739 post
551 5665 770 5723 exitum
802 5665 929 5721 vitae
960 5666 1156 5739 hujus,
1181 5667 1241 5723 in
1271 5672 1485 5725 aeterno
1508 5669 1637 5737 igne
1658 5666 2024 5725 cruciari.lta

2132 4686 2337 4742 cecidit
2367 4684 2674 4741 inteliciter
2705 4685 2775 4739 de
2802 4682 3163 4755 virginitatis
3179 4684 3493 4756 proposito
3514 4676 3763 4755 (Hcracl.,

2130 4792 2179 4831 c.
2211 4775 2323 4845 57),
2356 4777 2413 4829 et
2444 4774 2515 4829 ab
2542 4790 2608 4828 eo
2639 4773 2733 4842 qui
2762 4789 2891 4827 eam
2923 4779 3267 4843 corruperat
3295 4772 3642 4840 praemonita
3683 4767 3759 4820 est

2132 4869 2196 4918 ut
2214 4863 2484 4918 lectorem
2512 4860 3154 4917 incriminaretur.Cum
3178 4867 3383 4919 autem
3402 4858 3763 4933 concepisset,

2131 4957 2189 5008 et
2220 4957 2382 5007 utero
2414 4955 2679 5006 tumente
2736 4950 3105 5022 apparuisset
3135 4951 3385 5019 crimen,
3406 4950 3579 5024 ccepit
3624 4950 3766 5019 pater

2131 5044 2260 5111 ejus
2291 5042 2583 5111 requirere
2608 5044 2665 5095 et
2692 5040 2983 5095 discutere
3015 5057 3165 5097 eam.
3200 5041 3309 5098 Illa
3357 5046 3553 5098 autem
3584 5036 3762 5095 statim

2131 5131 2426 5186 accusavit
2456 5129 2750 5186 lectorem.
2780 5129 2909 5184 Haec
2931 5130 3179 5187 audiens
3202 5137 3376 5204 pater
3401 5132 3533 5202 ejus
3551 5126 3764 5202 presby-

2131 5226 2239 5285 ter,
2271 5219 2470 5275 retulit
2495 5219 2765 5291 episcopo
2786 5234 2807 5280 ;
2837 5218 3149 5291 episcopus
3191 5237 3333 5276 vero
3385 5212 3769 5293 congrcgravit

2130 5310 2525 5381 presbyteros,
2560 5312 2614 5362 et
2641 5307 2819 5375 jussit
2847 5307 3037 5363 vocari
3069 5310 3373 5365 lectorem.

2205 5399 2603 5469 Interrogatus
2634 5396 2704 5451 ab
2727 5396 2999 5469 episcopo
3024 5396 3349 5466 lector,non
3374 5397 3765 5461 conﬁtebatur,

2134 5487 2295 5553 Quod
2321 5487 2477 5542 enim
2500 5502 2615 5541 non
2639 5485 3168 5557 fecerat,quomodo
3189 5487 3767 5559 dicere?1ndignatus

2130 5593 2266 5647 ergo
2297 5575 2629 5648 episcopus,
2664 5592 2797 5630 cum
2824 5580 3040 5632 terrore
3060 5576 3289 5633 dicebat
3320 5578 3376 5632 ei
3403 5596 3417 5634 :
3450 5578 3576 5633 Non
3599 5571 3764 5632 conti-

2129 5664 2293 5735 teris,
2326 5662 2527 5723 infelix
2554 5668 2611 5721 et
2639 5664 3037 5723 immunditiis
3066 5666 3232 5739 plene
3249 5666 3278 5722 ?
3301 5662 3767 5740 Respondcnsle-
