4002 6166
240 337 331 395 381
1268 332 1781 393 EGYPTIORUM.
1798 336 2100 392 PATRUM
2139 338 2586 396 SENTENTIE.

238 465 404 523 fratre
426 474 569 526 meo,
594 461 649 515 et
668 458 800 514 volo
854 457 1142 530 meipsum
1180 456 1496 514 vindicare.
1530 458 1732 515 Senior
1761 477 1863 517 au-
1895 461 1950 528 Α
1980 461 2029 517 ei
2064 462 2240 518 frater
2274 479 2286 518 :
2322 464 2467 520 Non.
2500 465 2649 521 Dicit
2707 467 2757 522 ei
2815 468 3008 523 senior

241 558 347 609 tem
380 550 616 623 rogabat
645 565 779 603 eum
809 548 1041 604 dicens:
1068 547 1201 613 Fili,
1224 547 1493 619 relinque
1538 553 1652 604 Deo
1686 549 1875 605 vindi-

238 648 402 710 ctam,
438 647 492 696 et
530 638 744 695 melius
763 642 869 694 est.
896 642 968 694 At
999 637 1116 708 ille,
1155 637 1281 692 Non
1324 638 1628 707 desistam,
1664 639 1875 708 inquit,

238 733 338 788 nisi
355 731 577 786 fortiter
600 728 1013 799 memetipsum
1037 726 1536 783 vindicavero.Cui
1562 728 1642 783 ait
1661 729 1872 784 senior:

237 827 525 889 Quatenus
559 818 736 874 semel
785 818 894 871 hoc
920 816 978 871 in
1013 817 1210 872 animo
1244 821 1343 872 tuo
1375 818 1759 885 constituisti,
1790 817 1876 873 vel

236 927 475 967 oremus.
503 910 568 963 Et
588 922 906 978 exsurgens
925 906 1144 973 senior,
1160 906 1254 961 his
1272 906 1465 961 verbis
1480 908 1650 977 erepit
1668 924 1832 962 orare
1858 924 1871 964 :

236 1000 535 1070 Deus,jam
556 1015 671 1053 non
697 1013 845 1068 opus
869 996 1159 1051 habemus
1187 996 1546 1065 tuojudicio,
1572 1012 1755 1067 neque
1773 1013 1872 1051 no-

236 1091 317 1146 bis
338 1091 460 1161 jam
498 1086 866 1142 necessarius
891 1102 973 1154 es,
996 1089 1059 1140 ut
1078 1101 1277 1141 curam
1313 1084 1570 1140 habebas
1594 1086 1663 1140 de
1682 1085 1871 1153 nobis,

237 1178 362 1251 quia
393 1194 500 1232 nos
530 1175 667 1248 ipsi,
701 1175 855 1230 sicut
886 1173 1064 1228 frater
1095 1173 1203 1228 iste
1237 1174 1398 1243 dicit,
1433 1178 1489 1228 et
1517 1173 1789 1229 volumus
1820 1178 1876 1229 et

234 1282 538 1340 possumus
579 1281 683 1319 nos
717 1263 1031 1317 vindicare.
1067 1264 1229 1327 Quod
1266 1280 1397 1319 cum
1433 1263 1530 1316 illo
1565 1264 1741 1319 frater
1769 1281 1872 1318 au-

235 1358 423 1426 disset,
457 1360 595 1409 ante
630 1354 809 1425 pedes
849 1352 1010 1408 senis
1053 1352 1295 1420 effusus,
1350 1352 1576 1408 veniam
1610 1351 1870 1424 postula-

229 1447 318 1502 bat
346 1443 701 1517 promittens
761 1456 822 1497 se
868 1458 1001 1497 cum
1054 1440 1155 1497 illo
1188 1440 1279 1496 cui
1314 1441 1679 1497 irascebatur
1711 1458 1861 1496 nun-

234 1550 395 1608 quam
431 1534 711 1605 deinceps
744 1534 1130 1587 certaturum.

294 1625 422 1680 l5.A
436 1623 596 1695 quod
607 1639 699 1677 am
717 1621 889 1677 fratre
904 1620 1100 1676 senior
1114 1619 1329 1691 aliquis
1346 1620 1743 1691 interrogatus
1760 1623 1867 1675 est:

228 1714 361 1781 Quid
394 1718 483 1769 est
520 1711 861 1766 humilitas?
893 1708 1250 1782 Respondit:
1275 1710 1333 1765 Si
1367 1709 1695 1781 peccaverit
1728 1708 1786 1763 in
1819 1716 1871 1763 te

227 1804 389 1859 frater
416 1808 585 1870 tuus,
608 1799 936 1856 remitteilli
964 1799 1394 1870 antequamtibi
1435 1798 1863 1867 reconcilietur,

227 1898 277 1949 et
304 1893 357 1947 in
390 1892 551 1947 omni
610 1890 1037 1962 vituperatione
1081 1905 1153 1943 ne
1196 1888 1486 1961 vituperes
1542 1887 1859 1954 hominem,

229 1982 327 2037 nisi
360 1980 771 2052 temetipsum,
795 1979 1027 2033 dicens:
1054 1979 1295 2049 Propter
1322 1981 1555 2049 peccata
1586 1994 1713 2032 mea
1741 1977 1862 2032 haec

225 2072 347 2126 mihi
378 2073 725 2127 evenerunt.
774 2068 1061 2133 Quoniam
1108 2067 1157 2122 si
1210 2065 1861 2123 commemoraverimus

228 2177 341 2232 quze
371 2160 440 2215 ab
479 2157 823 2214 hominibus
849 2154 1181 2212 inferuntur
1198 2156 1387 2226 nobis,
1413 2156 1734 2211 auferimus
1757 2156 1863 2209 vir-

225 2254 392 2304 tutem
420 2246 722 2304 memoriae
753 2247 875 2303 Dei.
896 2246 951 2301 Si
985 2252 1179 2301 autem
1212 2245 1863 2301 commemoraverimus

226 2340 358 2395 mala
387 2356 521 2411 quae
555 2355 588 2392 a
616 2336 981 2392 daemonibus
1026 2336 1361 2392 inferuntur
1405 2336 1596 2405 nobis,
1642 2336 1865 2390 erimus

227 2428 484 2484 insaucii.
524 2428 855 2500 Suspiravit
884 2432 1171 2495 autem,et
1194 2425 1368 2482 dixit:
1389 2442 1592 2481 omnes
1613 2426 1857 2480 virtutes

227 2519 494 2592 ingressae
530 2522 673 2572 sunt
699 2516 755 2571 in
790 2516 991 2572 cellam
1012 2516 1165 2571 hanc
1198 2531 1397 2578 unam,
1430 2521 1485 2569 et
1515 2531 1581 2570 ex
1612 2515 1755 2587 ipsis
1790 2516 1864 2569 la-

221 2609 442 2664 boribus
497 2611 733 2663 constat
780 2606 974 2663 homo.
1026 2606 1096 2661 Et
1144 2605 1650 2677 interrogaverunt
1682 2620 1862 2659 eum:

222 2700 343 2764 Quae
371 2698 500 2754 haec
525 2701 617 2752 est
648 2698 880 2753 virtus?
914 2696 1254 2767 Respondit,
1283 2704 1341 2749 ut
1379 2694 1553 2750 homo
1585 2695 1870 2767 vituperet

229 2788 627 2860 semetipsum.

290 2878 369 2933 16.
400 2879 613 2933 Frater
643 2876 884 2949 quidam
917 2875 1064 2930 abiit
1113 2874 1346 2929 haurire
1392 2891 1602 2945 aquam
1652 2875 1722 2930 de
1753 2873 1866 2929 ﬂu-

226 2966 368 3022 mine
395 2984 407 3022 :
432 2972 496 3022 et.
530 2965 835 3021 inveniens
858 2964 1166 3020 mulierem
1192 2963 1483 3019 lavantem
1501 2964 1868 3030 vestimenta,

228 3056 471 3129 peccavit
509 3071 645 3110 cum
676 3072 765 3110 ea.
805 3054 1091 3110 Hauriens
1136 3057 1329 3108 autem
1364 3069 1602 3124 aquam,
1640 3054 1762 3108 ibat
1796 3054 1868 3109 ad

225 3144 511 3200 cellulam.
560 3142 922 3197 Insiluerunt
951 3146 1147 3197 autem
1186 3140 1243 3195 in
1284 3156 1415 3195 eum
1441 3140 1735 3195 daemones
1769 3157 1872 3212 per

225 3234 624 3304 cogitationes,
656 3236 715 3287 et
762 3231 1190 3286 constritabant
1236 3246 1393 3295 eum,
1436 3230 1692 3286 dicentes
1741 3230 1868 3285 :De

225 3331 414 3382 cetero
446 3324 559 3380 ubi
588 3322 756 3379 vadis
778 3322 805 3377 ‘2
837 3338 950 3377 non
1002 3326 1093 3377 est
1133 3321 1240 3375 tibi
1273 3320 1521 3376 ulterius
1570 3320 1753 3376 salus.
1798 3321 1873 3376 Ut

227 3417 352 3488 quid
383 3418 571 3472 etiam
606 3413 883 3469 saeculum
917 3413 1154 3486 perdis?
1190 3412 1528 3483 Intelligens
1552 3416 1746 3467 autem
1764 3412 1875 3467 fra-

224 3510 301 3561 ter
330 3506 424 3563 ille
456 3505 611 3579 quia
635 3504 839 3559 volunt
884 3520 1018 3559 eum
1070 3503 1307 3557 omnino
1354 3502 1593 3573 perdere
1642 3501 1872 3571 erigens

228 3612 281 3650 se
308 3597 562 3652 viriliter
589 3610 691 3666 per
736 3592 1176 3661 confidentiam,
1224 3592 1366 3647 dicit
1419 3590 1873 3663 cogitationibus

224 3686 376 3742 suis:
411 3685 589 3741 Unde
620 3684 895 3754 ingressa:
930 3681 1074 3737 estis
1109 3682 1165 3736 in
1201 3697 1292 3735 me
1323 3680 1704 3752 cogitationes
1750 3696 1871 3735 ma-

226 3778 308 3846 lae,
340 3782 393 3833 et
424 3775 832 3834 constristatis
865 3791 978 3843 me,
1022 3772 1283 3828 volentes
1317 3789 1407 3827 me
1458 3772 1697 3827 omnino
1745 3790 1872 3844 per-

222 3868 386 3923 dere?
416 3868 553 3923 Non
585 3864 836 3938 peccavi,
882 3868 939 3919 et
992 3864 1203 3918 iterum
1250 3863 1402 3929 dico,
1447 3862 1571 3917 Non
1621 3862 1870 3933 peccavi.

224 3958 284 4013 Et
310 3957 626 4029 ingressus
661 3954 718 4008 in
751 3952 1020 4008 cellulam
1058 3968 1251 4019 suam,
1285 3951 1618 4007 continebat
1637 3967 1699 4007 se
1724 3950 1876 4007 sicut

219 4045 332 4103 heri
362 4052 419 4102 et
453 4043 685 4100 nudius
740 4042 967 4097 tertius.
1024 4040 1320 4096 Revelavit
1350 4044 1548 4095 autem
1586 4045 1740 4095 Deus
1773 4039 1875 4094 uni

220 4135 398 4191 vicino
431 4135 569 4205 ejus
595 4131 985 4203 seniori,quia
1016 4132 1237 4186 frauter
1270 4129 1365 4185 ille
1388 4145 1588 4199 ruens,
1622 4134 1678 4183 et
1700 4128 1757 4183 in
1790 4129 1872 4200 ip-

220 4239 277 4277 so
306 4241 442 4279 casu
480 4221 825 4279 subruisset
876 4218 1198 4286 diabolum,
1232 4224 1289 4274 et
1319 4218 1569 4273 vicisset.
1621 4217 1875 4273 Veniens

221 4318 407 4369 autem
441 4312 519 4368 ad
554 4310 728 4366 illum
762 4311 983 4377 senior,
1017 4309 1157 4364 dicit
1188 4308 1270 4363 illi
1307 4308 1640 4374 :Quomodo
1674 4307 1873 4363 habes.

221 4402 424 4459 frater?
444 4405 582 4475 Ipse
611 4400 925 4472 respondit
955 4417 968 4456 :
1004 4399 1177 4465 Bene,
1203 4398 1371 4453 abba.
1401 4397 1616 4452 Dicitei
1646 4397 1873 4453 senior:

218 4490 281 4545 Et
312 4509 424 4548 non
458 4509 530 4547 es
560 4506 776 4562 passus
808 4488 1109 4544 tristitiam
1143 4487 1232 4541 his
1262 4486 1517 4542 diebus?
1551 4486 1874 4558 Respondit

3524 343 3631 398 382

3058 487 3069 523 :
3124 468 3416 525 Revelavit
3474 467 3619 524 mihi

1987 551 2163 618 Deus,
2200 552 2336 625 quia
2386 572 2561 610 ruens
2609 557 2896 612 subruisti
2945 558 3265 625 diabolum,
3311 563 3368 614 et
3414 558 3625 613 vicisti.

1980 639 2142 695 Tunc
2175 641 2351 696 frater
2382 643 2583 697 retulit
2613 644 2810 699 omnia
2842 645 2924 699 illi
2947 662 3071 717 qua:
3097 645 3206 699 sibi
3227 645 3621 699 advenissent.

1981 728 2186 785 Senior
2215 736 2409 786 autem
2444 732 2587 787 dixit
2620 732 2701 787 illi
2737 751 2749 787 :
2786 736 2947 790 Certe
2981 736 3177 804 frater,
3212 734 3483 790 discretio
3520 738 3624 789 tua

1981 820 2255 875 contrivit
2287 822 2561 877 virtutem
2595 822 2840 878 inimici.

2054 910 2137 962 17.
2162 909 2310 964 Dixit
2336 912 2516 966 abbas
2550 913 2841 969 Macarius
2872 913 2965 968 :Si
2995 913 3250 984 aliquem
3276 912 3625 984 corripueris

1980 1003 2303 1055 commotus
2327 1001 2395 1054 ad
2413 1001 3099 1075 iracundiam,propriam
3116 1004 3447 1074 passionem
3462 1002 3634 1056 adim-

1980 1088 2125 1159 ples.
2142 1087 2257 1143 Nec
2280 1089 2433 1144 enim
2455 1095 2515 1144 ut
2540 1092 2722 1145 alium
2744 1092 2958 1159 salves,
2981 1094 3229 1163 teipsum
3255 1093 3493 1164 perdere
3523 1092 3622 1145 de-

1981 1178 2102 1234 bes.
2125 1178 2273 1232 Erue
2296 1178 2625 1249 proximum
2660 1185 2828 1236 tuum
2856 1199 2887 1235 a
2912 1182 3164 1253 peccatis
3182 1182 3308 1236 sine
3328 1181 3620 1252 imprope-

1979 1266 2085 1336 rio,
2133 1268 2437 1338 inquatum
2483 1270 2781 1340 przevales,
2817 1271 2955 1341 quia
2978 1271 3049 1325 ad
3073 1286 3135 1326 se
3183 1271 3337 1326 Deus
3373 1285 3619 1325 conver-

1978 1358 2165 1411 tentes
2189 1372 2299 1412 non
2324 1357 2569 1429 projicit.
2590 1360 2792 1415 Sermo
2808 1365 2999 1415 autem
3027 1359 3264 1415 malitiae
3291 1376 3401 1415 non
3423 1360 3616 1413 demo-

1977 1449 2136 1499 retur
2167 1444 2225 1500 in
2260 1447 2429 1501 corde
2462 1451 2560 1502 tuo
2593 1454 2795 1504 contra
2843 1466 3003 1519 eum,
3037 1454 3101 1504 ut
3148 1448 3340 1521 possis
3389 1449 3615 1504 dicere:

1981 1532 2213 1589 Dimitte
2246 1534 2418 1591 nobis
2449 1535 2646 1592 debita
2678 1542 2899 1603 nostra,
2932 1539 3085 1593 sicut
3122 1543 3177 1593 et
3218 1554 3321 1594 nos
3366 1535 3619 1592 dimitti-

1976 1637 2107 1677 mus
2135 1623 2497 1680 debitoribns
2544 1628 2782 1682 nostris.
2837 1628 2972 1691 Quae
3018 1631 3305 1699 prrecepta
3337 1625 3508 1681 nobis
3540 1625 3621 1679 fa-

1974 1711 2180 1767 cienda
2211 1718 2350 1768 sunt
2381 1731 2514 1770 cum
2549 1715 2824 1771 fratribus
2873 1717 3112 1772 nostris.
3163 1716 3263 1771 Dei
3310 1721 3506 1771 autem
3538 1717 3622 1769 est

1898 1824 1944 1889 Β
1977 1800 2291 1869 dimittere,
2325 1808 2381 1857 et
2423 1805 2769 1860 confirmare
2800 1806 3135 1876 petitionem
3173 1810 3452 1860 nostram.

2050 1891 2133 1945 18.
2170 1890 2513 1947 Referebant
2536 1893 2774 1965 quidam
2812 1895 3018 1949 fratres
3054 1894 3125 1949 de
3164 1894 3372 1949 abbate
3403 1893 3618 1965 Nytera

1976 1980 2210 2049 (Pclag.,
2250 1980 2421 2037 libell.
2454 1999 2508 2049 x,
2544 2000 2602 2035 η.
2635 1984 2723 2051 36,
2776 1986 2998 2038 nomine
3053 1985 3312 2053 Natyra),
3364 1983 3462 2054 qui
3506 1983 3617 2038 fuit

1975 2069 2301 2140 discipulus
2320 2071 2546 2127 abbatis
2566 2072 2781 2126 Silvani
2812 2090 2825 2127 :
2852 2073 2950 2144 qui
2977 2073 3212 2144 quando
3244 2072 3301 2126 in
3335 2071 3479 2128 cella
3508 2088 3616 2128 sua

1974 2160 2030 2213 in
2070 2165 2265 2216 monte
2288 2160 2430 2215 Sina
2447 2162 2713 2234 degebat,
2731 2163 3031 2217 moderate
3050 2162 3381 2217 abstinebat
3400 2178 3499 2232 pro
3520 2179 3616 2217 ne-

1976 2249 2243 2305 cessitate
2266 2251 2547 2321 corporis.
2574 2252 2817 2317 Quando
2834 2257 3028 2306 autem
3050 2252 3361 2323 episcopus
3384 2251 3614 2306 ordina-

1973 2341 2068 2394 tus
2091 2343 2178 2392 est
2201 2339 2256 2393 in
2282 2340 2485 2409 Faran,
2510 2340 2688 2395 nimis
2710 2340 3061 2395 constrinxit
3083 2357 3145 2395 se
3183 2340 3379 2411 ipsum
3415 2339 3476 2394 in
3502 2340 3613 2393 du-

1972 2428 2122 2483 riore
2144 2428 2516 2497 abstinentia,
2546 2434 2603 2485 et
2624 2430 2681 2485 in
2711 2429 2931 2502 vigiliis
2964 2429 3340 2501 prOpensius,
3360 2426 3614 2499 atquein

1973 2518 2337 2574 cretionibus
2370 2519 2653 2574 intentius
2673 2521 2901 2591 agebat.
2934 2518 3064 2573 Haec
3088 2522 3282 2573 autem
3303 2517 3511 2573 videns
3532 2517 3621 2571 di-

1974 2605 2238 2676 scipulus
2257 2607 2409 2675 ejus,
2429 2606 2575 2662 dixit
2596 2607 2646 2663 ei
2672 2623 2685 2662 :
2709 2607 2855 2671 Quid
2882 2610 2989 2672 est,
3026 2606 3283 2674 domine,
3320 2605 3461 2661 hoc?
3484 2604 3624 2676 quia

1975 2696 2207 2767 quando
2230 2698 2287 2750 in
2313 2713 2504 2752 eremo
2527 2697 3039 2765 conversabamur,
3056 2712 3171 2751 non
3193 2700 3424 2751 tantum
3449 2694 3507 2749 in
3526 2696 3625 2749 ab-

1976 2784 2617 2841 stinentialaborabas?
2641 2786 2960 2857 Respondit
2979 2785 3030 2840 ei
3054 2785 3262 2841 beatus
3284 2784 3617 2855 vir,dicens:

1975 2875 2311 2941 Considera,
2338 2875 2539 2941 frater,
2573 2875 2847 2945 quoniam
2880 2873 2959 2929 ibi
2993 2890 3227 2930 oremus
3264 2882 3406 2941 erat,
3437 2878 3493 2929 et
3527 2889 3623 2928 se-

1974 2969 2132 3019 creta
2156 2965 2354 3035 vita,et
2371 2969 2686 3036 paupertas
2713 2980 2905 3019 :nunc
2937 2968 3132 3018 autem
3157 2963 3376 3035 egressi
3408 2961 3479 3017 de
3511 2978 3628 3017 ere-

1978 3070 2070 3109 mo
2116 3070 2244 3108 cum
2292 3053 2675 3108 saecularibus
2720 3068 3138 3108 conversamur
3187 3052 3549 3119 hominibus,
3572 3054 3629 3106 et

1985 3143 2183 3199 multae
2206 3160 2270 3198 ac
2290 3143 2462 3199 varia:
2488 3142 2655 3198 nobis
2677 3142 3015 3198 occasiones
3056 3148 3393 3207 occurrunt;
3409 3144 3468 3195 et
3494 3140 3622 3195 ideo

1982 3235 2259 3297 timeo,ne
2277 3233 2334 3287 in
2369 3234 2483 3287 fine
2504 3233 2631 3287 vitae
2656 3248 2794 3287 meae
2814 3232 2871 3285 in
2894 3230 3094 3301 aliqua
3112 3228 3415 3285 occasione
3441 3229 3623 3283 Deum

1981 3324 2370 3379 offendamus.
2403 3323 2460 3377 Si
2495 3321 2648 3377 enim
2684 3326 2926 3377 sanctus
2955 3317 3253 3391 apostolus
3280 3316 3625 3387 Paulus,qui

1977 3413 2227 3468 virtutes
2254 3412 2432 3467 animi
2458 3412 2817 3483 possidebat,
2852 3414 2911 3465 ut
2948 3425 3132 3481 usque
3162 3409 3233 3463 ad
3263 3406 3492 3463 tertium
3517 3422 3628 3461 οω-

1981 3502 2101 3557 lum
2148 3502 2341 3557 adhuc
2374 3503 2429 3555 in
2464 3517 2705 3573 corpore
2746 3500 2974 3572 positus
3020 3498 3384 3565 ascenderet,
3432 3500 3629 3550 tamen

1982 3593 2210 3647 dicebat
2247 3609 2259 3646 :
2293 3595 2513 3646 Macero
2546 3608 2757 3662 corpus
2803 3606 3023 3657 meum,
3058 3593 3114 3644 et
3146 3585 3414 3643 servituti
3451 3585 3631 3656 subji-

1982 3683 2090 3745 cio,
2128 3698 2198 3737 ne
2230 3682 2373 3737 forte
2404 3680 2535 3736 aliis
2569 3679 2913 3752 praedicans,
2954 3679 3079 3750 ipse
3134 3676 3417 3749 reprobus
3465 3675 3627 3729 inve-

1984 3771 2112 3827 niar
2153 3772 2198 3842 (ι
2228 3774 2356 3828 Cor.
2397 3771 2515 3842 1x);
2576 3770 2716 3841 quid
2751 3786 2859 3825 nos
2913 3766 3168 3824 humiles
3219 3771 3276 3822 et
3329 3768 3630 3838 pecatores

1982 3866 2213 3934 oportet
2244 3861 2431 3916 facere
2450 3862 2477 3915 ?

2057 3952 2140 4006 19.
2167 3951 2414 4006 Sedente
2444 3949 2762 4022 aliquando
2814 3949 3023 4003 abbate
3065 3945 3214 4001 Sisoi
3239 3945 3294 4000 in
3320 3944 3465 4000 cella
3506 3947 3631 3999 erat

1985 4041 2161 4095 frater
2183 4056 2356 4112 prope
2381 4038 2567 4107 illum,
2602 4039 2873 4093 etsubito
2909 4035 3248 4107 suspiravit,
3289 4037 3346 4088 et
3385 4050 3502 4087 non
3534 4048 3626 4086 co-

1983 4129 2201 4202 gnovit,
2236 4146 2301 4184 eo
2334 4129 2487 4201 quod
2535 4133 2691 4183 esset
2748 4128 2928 4182 frater
2956 4126 3013 4178 in
3047 4122 3307 4195 proximo
3341 4120 3454 4188 illi;
3500 4123 3627 4175 erat

1999 4218 2153 4274 enim
2190 4218 2245 4272 in
2281 4234 2519 4273 excessu
2549 4216 2783 4271 mentis.
2817 4216 2884 4270 Et
2933 4214 3173 4268 mittens
3196 4211 3306 4266 sibi
3340 4209 3624 4282 poeniten-

1976 4306 2330 4374 tiam,dixit:
2359 4308 2593 4377 Ignosce
2617 4301 3130 4373 mihi,frater,quia
3144 4300 3406 4355 nondum
3432 4299 3624 4353 factus

1985 4413 2115 4452 sum
2148 4394 2508 4464 monachus;
2538 4393 2828 4466 suspiravi
2860 4391 3015 4447 enim
3050 4405 3244 4445 coram
3282 4393 3353 4444 te.

225 4594 3626 4629 Μ

744 4711 2130 4841 jEGYPTIOBUM
2226 4708 3068 4839 PATBUM

1316 4905 2533 5056 SENTENTIA?)

1058 5104 1635 5199 AUCTORE
1695 5104 2140 5200 GRECO
2213 5106 2341 5201 IN
2354 5105 2788 5219 CERTO,

635 5268 1088 5361 MARTINO
1151 5258 1233 5338 (ί)
1304 5266 1790 5356 DUMIENSI
1885 5266 2353 5357 EPISGOPO
2442 5264 3076 5357 INTERPRETE
3139 5265 3183 5348 ¹.

290 5480 500 5535 1002
538 5480 558 5532 1
604 5478 796 5534 Ahbas
844 5477 1099 5533 Joannes
1147 5474 1375 5530 dicebat
1425 5475 1495 5530 ad
1545 5473 1866 5545 discipulos
1899 5476 1942 5540 D
1976 5474 2154 5531 fortes
2186 5476 2319 5531 facti
2375 5480 2514 5532 sunt
2545 5476 2603 5531 in
2638 5491 2808 5547 opere
2868 5472 2988 5542 Dei,
3050 5472 3189 5527 dum
3223 5465 3629 5539 augustiarent

227 5584 358 5625 suos
383 5586 396 5624 ;
420 5569 622 5624 Patres
643 5568 1071 5623 manducantes
1103 5580 1312 5636 panem
1337 5567 1566 5619 tantum
1590 5567 1645 5618 et
1664 5563 1869 5631 salem,

1981 5564 2241 5637 seipsos;
2275 5565 2757 5637 constringamus
2789 5579 2926 5635 ergo
2976 5578 3080 5617 nos
3140 5560 3198 5613 in
3230 5558 3354 5627 ipso
3396 5566 3543 5627 pane
3571 5551 3629 5603 et

294 5688 308 5722 ²
342 5683 622 5753 Quaedam
653 5700 722 5740 ex
746 5682 838 5740 his
870 5682 1048 5740 etiam
1080 5697 1259 5753 supra
1287 5679 1685 5754 occurruntin
1717 5678 1848 5738 aliis
1879 5678 2068 5737 libris.
