3902 6170
408 327 517 384 383

1558 324 1926 382 APPENDIX
1963 319 2062 375 AD
2098 320 2317 375 VITAS
2354 322 2675 379 PATRUM.
3656 336 3741 394 334

406 454 546 510 sale.
580 454 819 525 Oportet
850 452 1005 508 enim
1043 452 1362 509 servientes
1396 454 1507 510 Deo
1536 453 1593 508 in
1626 451 1770 525 ipsis
1794 450 2054 505 coarcta-
2087 444 2144 511 Α
2173 445 2299 501 vivo
2321 462 2448 518 ego,
2477 446 2619 502 dicit
2639 447 2934 518 dominus,
2958 448 3070 522 ipsi
3092 448 3236 506 salvi
3259 455 3418 508 erunt
3438 454 3743 534 (εἰλεώδεα).

406 544 475 612 ri,
509 544 650 615 quia
676 544 798 614 ipse
831 542 1110 598 Dominus
1140 542 1285 598 dixit
1319 560 1331 598 :
1364 547 1541 599 Arcta
1590 547 1648 598 et
1690 543 1940 613 angusta
1971 541 2059 594 est
2168 535 2286 591 Noe
2302 536 2457 591 enim
2482 541 2571 593 est
2595 537 2654 592 in
2682 553 2933 610 persona
2948 539 3287 596 voluntariae
3311 547 3569 614 egestatis,
3589 549 3679 605 Job
3698 553 3745 610 in

406 634 500 690 via
531 650 660 705 quae
683 633 845 688 ducit
874 634 945 687 ad
977 631 1156 687 vitam
1188 634 1413 705 (Matth.
1448 633 1567 703 vn).

473 733 528 786 2.
566 731 949 803 Interrogavit
981 731 1155 786 frater
1200 732 1471 787 eumdem
1523 746 1747 797 senem,
1806 729 2007 784 dicens
2041 744 2054 782 :

403 821 638 893 Jejunia
667 826 725 877 et
754 820 965 891 vigiliis
999 837 1146 891 quas
1179 822 1410 890 agimus
1462 820 1600 891 quid
1651 819 1918 875 faciunt?
1948 822 2055 873 Re-

403 912 676 984 spondit:
700 914 831 981 Ipsa
858 910 1078 965 faciunt
1101 911 1356 965 animam
1383 910 1665 965 humilem
1694 908 1837 964 fieri.
1872 908 2058 979 Scrip-

401 1008 527 1057 tum
571 1005 662 1057 est
693 1000 1050 1056 enim:Vide
1081 1000 1474 1056 humilitatem
1523 1016 1736 1065 meam,
1795 1004 1853 1055 et
1894 998 2055 1053 labo-

407 1109 529 1149 rem
567 1108 784 1160 meum,
821 1096 879 1147 et
910 1090 1141 1147 dimitte
1188 1092 1385 1147 omnia
1433 1095 1668 1163 peccata
1717 1106 1845 1145 mea
1883 1091 2050 1159 (Psal.

406 1186 583 1256 xxrv).
614 1185 672 1241 Si
707 1184 862 1239 enim
896 1183 1200 1241 laboratin
1235 1184 1323 1240 liis
1375 1183 1592 1254 anima,
1646 1183 1959 1240 miseretur
1998 1185 2055 1238 et

404 1276 672 1334 condolet
702 1275 787 1331 illi
819 1276 991 1332 Deus.

473 1370 526 1424 3.
555 1369 750 1424 Abbas
776 1368 1104 1424 Pcemenius
1129 1368 1308 1424 dixit:
1333 1372 1474 1424 Cum
1500 1368 1850 1439 cogitatione
1878 1367 2053 1423 forni-

398 1460 646 1519 cationis
668 1465 725 1516 et
755 1460 1218 1517 detractionibus
1244 1460 1520 1533 proximi,
1546 1477 1677 1516 cum
1704 1460 1797 1515 his
1821 1459 2051 1515 duobus

396 1554 454 1609 in
476 1554 649 1611 corde
674 1557 775 1608 tuo
800 1569 871 1607 nc
894 1553 1178 1623 loquaris,
1212 1568 1397 1624 neque
1433 1552 1773 1623 acquiescas
1811 1550 2049 1607 omnino

394 1643 850 1715 inquinamento
883 1642 1147 1712 ipsorum
1182 1641 1239 1697 in
1272 1642 1487 1697 anima.
1521 1642 1683 1707 Quod
1718 1641 1765 1696 si
1799 1639 2049 1695 volueris

396 1735 518 1789 haec
537 1734 593 1787 in
616 1734 787 1788 corde
804 1737 904 1786 tuo
925 1730 1219 1798 meditari,
1247 1731 1374 1785 sine
1398 1747 1562 1785 mora
1581 1729 1928 1785 noxietalem
1952 1745 2046 1784 eo-

2166 642 2379 698 person
2404 628 2807 684 tribulationis
2823 632 2879 684 et
2899 630 3217 701 patientiae,
3242 631 3433 688 Daniel
3456 634 3503 689 in
3541 653 3748 708 persona

2165 716 2555 773 discretionis.
2582 718 2637 772 Si
2664 735 2800 790 ergo
2826 720 3003 775 trium
3029 721 3281 776 istorum
3306 729 3607 782 sanctorum
3629 730 3747 785 viro-

2166 823 2294 861 rum
2323 810 2485 862 actus
2508 808 2563 862 in
2591 807 2786 879 aliquo
2811 808 3047 865 homine
3075 811 3311 880 fuerint,
3345 814 3670 872 Dominusiu
3697 836 3750 875 eo

2163 900 2254 952 est
2273 896 2550 952 habitans
2581 913 2715 953 cum
2756 898 2908 969 ipso,
2958 899 3287 970 suscipiens
3322 917 3468 971 eum,
3505 908 3554 958 et
3597 908 3748 977 repel-

2163 986 2291 1041 lens
2314 987 2386 1042 ab
2407 1003 2473 1042 eo
2497 1003 2729 1043 omnem
2755 988 3132 1045 tentationem
3157 995 3213 1045 et
3234 1006 3456 1046 omnem
3478 994 3755 1052 tribulatioo

2164 1092 2300 1132 nem
2325 1077 2836 1148 supervenientem
2862 1078 2934 1133 ab
2955 1077 3215 1135 inimico.

2230 1176 2285 1229 9.
2320 1175 2670 1231 Referehant
2692 1175 2891 1232 Patres
2918 1177 3106 1232 sancti
3142 1178 3371 1251 (Pelag.,
3394 1180 3534 1236 libet.
3567 1198 3685 1249 xvn,
3712 1200 3757 1238 η.

2157 1265 2248 1336 20)
2281 1282 2294 1321 :
2318 1265 2459 1321 Tres
2483 1265 2690 1321 fratres
2714 1265 3039 1322 fueruntad
3061 1269 3493 1325 conductionem
3521 1270 3630 1342 agri
3656 1288 3756 1328 me-

2161 1353 2345 1425 tendi,
2369 1358 2427 1409 et
2451 1358 2764 1427 postquam
2788 1356 3196 1413 conduxerunt
3225 1362 3281 1413 et
3307 1364 3591 1430 cmperunt
3609 1365 3763 1415 mete-

2159 1461 2242 1512 re,
2268 1461 2422 1499 unus
2444 1460 2512 1499 ex
2531 1443 2626 1499 his
2645 1444 2985 1502 infirmatus
3009 1446 3348 1503 discessitin
3375 1448 3568 1505 cellam
3590 1467 3759 1518 suam;

2160 1534 2415 1605 aliiergo
2449 1534 2564 1589 duo
2604 1535 2814 1590 fratres
2858 1536 3135 1591 dixerunt
3165 1538 3235 1592 ad
3286 1538 3561 1594 invicem:
3594 1540 3763 1595 Frater

2159 1630 2358 1680 noster
2387 1625 2741 1695 inﬁrmatur,
2764 1626 3142 1683 adhortemur
3178 1645 3283 1684 nos
3309 1629 3464 1702 ipsos
3483 1629 3759 1697 modicum,

2157 1718 2214 1768 et
2243 1730 2550 1784 speremus
2574 1730 2676 1785 per
2698 1714 2994 1771 orationes
3023 1715 3357 1790 illius,quia
3383 1723 3439 1773 et
3468 1718 3653 1774 locum
3684 1719 3760 1791 ip-

394 1837 521 1877 rum
546 1820 783 1889 senties,
815 1818 955 1890 quia
978 1817 1281 1888 instigatio
1305 1817 1655 1889 perditionis
1683 1820 1800 1883 est;
1822 1816 1922 1872 sed
1945 1833 2027 1888 pei

2167 1802 2279 1858 aius
2312 1807 2623 1858 metemus.
2650 1803 2965 1875 Postquam
2989 1820 3125 1877 ergo
3150 1812 3533 1873 messuerunt,
3556 1813 3607 1863 et
3626 1824 3761 1863 acce-

394 1907 719 1964 orationem
741 1911 797 1961 et
818 1907 971 1961 bona
993 1921 1169 1977 opera
1203 1906 1272 1960 ad
1300 1903 1551 1959 nihilum
1589 1905 1845 1960 deducas
1878 1904 2045 1959 mali-

396 2012 601 2068 gnum,
624 2000 681 2050 et
701 1994 890 2065 magis
912 1992 1129 2064 repelle
1150 1992 1250 2048 illa
1294 1997 1349 2048 et
1373 1992 1611 2048 habebis
1635 1992 1914 2065 requiem.

462 2098 513 2152 4.
542 2097 742 2152 Frater
772 2095 1082 2167 requisivit
1132 2110 1331 2151 senem
1358 2094 1558 2150 dicens
1587 2094 1771 2159 :Quid
1816 2094 2045 2163 faciam,

402 2190 600 2253 Pater,
625 2192 829 2244 contra
867 2186 1247 2257 cogitationes
1280 2186 1666 2258 passionum?
1688 2186 2043 2258 Respondit;

398 2281 511 2333 Ora
528 2276 839 2333 Dominum
860 2274 1337 2331 utvideantoculi
1377 2277 1588 2330 animae
1607 2280 1721 2330 tum
1738 2275 2043 2343 auxilium,

397 2367 554 2438 quod
579 2383 612 2421 a
633 2370 742 2421 Deo
767 2364 2043 2437 est,quicircumdathominemetconservat.

469 2464 523 2518 5.
549 2464 796 2529 Quidam
824 2464 998 2518 frater
1013 2465 1229 2519 vadens
1245 2464 1303 2519 in
1331 2466 1648 2519 mercatum
1668 2462 2047 2536 interrogavit

405 2553 674 2609 abbatem
730 2552 1111 2618 Pcemenium,
1162 2552 1409 2608 dicens:
1454 2553 1754 2617 Quomodo
1797 2554 2044 2609 vendam

415 2658 587 2713 opera
618 2641 788 2696 mea?
814 2641 965 2696 Dixit
993 2640 1043 2697 ei
1077 2657 1255 2697 senex
1287 2657 1300 2696 :
1330 2640 1410 2697 Ne
1438 2639 1581 2696 velis
1614 2639 1835 2712 aliquid
1868 2658 2047 2714 super

404 2732 562 2801 quod
584 2730 735 2786 valet
758 2730 1027 2798 vendere,
1053 2731 1151 2786 sed
1178 2730 1366 2803 magis
1389 2730 1436 2785 si
1454 2746 1746 2802 gravares,
1768 2734 1891 2786 esto
1907 2731 2045 2786 ami-

405 2842 509 2880 cus
531 2824 580 2879 ei
613 2824 709 2893 qui
744 2823 846 2878 tibi
895 2823 1181 2879 violenter
1207 2823 1341 2896 plus
1374 2822 1546 2888 tollit,
1593 2827 1809 2879 etcum
1842 2825 2042 2895 requie

402 2914 604 2969 vende.
638 2914 755 2984 Ego
787 2914 944 2969 enim
976 2914 1290 2986 aliquando
1321 2914 1538 2969 vadens
1587 2913 1647 2968 in
1695 2920 2040 2982 mercatum;

401 3020 702 3075 nunquam
736 3002 980 3059 voluide
1004 3004 1188 3075 pretio
1229 3004 1422 3075 operis
1454 3004 1565 3058 mei
1588 3002 1952 3075 plusjuvari,
1987 3010 2044 3061 et

400 3094 637 3148 fratrem
670 3108 866 3148 meum
890 3094 1139 3164 gravari,
1166 3092 1315 3149 hanc
1338 3092 1558 3147 habens
1583 3108 1768 3164 spem,
1802 3092 1941 3164 quia
1960 3094 2044 3150 lu-

2154 1897 2365 1964 perunt
2390 1893 2715 1947 mercedem
2741 1893 3098 1949 conductelae
3121 1896 3198 1966 (2)
3222 1912 3339 1951 suae
3362 1900 3570 1952 certam
3612 1896 3764 1952 tritici

2153 1998 2518 2050 mensuram,
2554 1986 2695 2037 tunc
2724 1988 3080 2038 vocaverunt
3113 1989 3171 2039 et
3209 1982 3378 2038 illum
3425 1984 3763 2054 fratrem,di-

2152 2076 2388 2127 centes:
2416 2072 2575 2140 Veni,
2617 2072 2740 2127 leva
2782 2072 3110 2128 mercedem
3153 2074 3504 2129 conductelw
3540 2079 3660 2128 tum.
3683 2072 3766 2129 Ille

2153 2165 2346 2216 autem
2382 2160 2831 2225 dixitzQuaIem
2877 2163 3207 2219 mercedem
3254 2163 3461 2232 habeo,
3504 2180 3626 2219 cum
3670 2180 3766 2219 non

2150 2250 2473 2322 potuissem
2500 2254 2715 2305 metere
2736 2251 2763 2306 ?
2794 2250 2879 2305 illi
2908 2268 3040 2307 vero
3064 2254 3495 2325 responderunt
3522 2270 3535 2309 :
3563 2253 3769 2323 Propter

2151 2339 2469 2394 orationem
2496 2342 2660 2394 tuam
2686 2356 2789 2395 nos
2824 2342 3257 2412 complevimus
3280 2347 3338 2398 et
3361 2347 3526 2398 tuum
3553 2358 3686 2414 opus
3723 2347 3769 2397 et

2150 2433 2514 2499 nostrum,et
2535 2428 2661 2485 ideo
2685 2430 2881 2502 accipe
2903 2432 3233 2487 mercedem
3259 2437 3440 2488 tuam.
3474 2432 3571 2488 Ille
3599 2436 3766 2487 autem

2150 2518 2340 2575 noluit
2360 2519 2431 2574 ab
2454 2520 2537 2574 eis
2563 2519 2784 2591 aliquid
2830 2521 3091 2592 accipere
3117 2539 3130 2578 :
3159 2522 3365 2578 multis
3402 2526 3590 2578 autem
3620 2520 3766 2577 illum

2150 2607 2661 2680 compellentibus,
2697 2613 2755 2664 et
2778 2608 2876 2665 illo
2911 2627 3026 2666 non
3059 2612 3496 2683 acquiescente,
3527 2611 3769 2667 abierunt

2150 2698 2218 2752 ad
2243 2698 2559 2769 quemdam
2584 2713 2781 2753 senem
2812 2698 3123 2769 dijudieari
3148 2700 3263 2773 (3);
3301 2701 3447 2757 dixit
3470 2704 3653 2757 autem
3675 2700 3767 2754 fra-

2148 2794 2235 2846 ter
2252 2787 2351 2860 qui
2380 2787 2717 2842 infirmatus
2754 2786 2943 2844 fuerat
2968 2806 2980 2845 :
3005 2790 3406 2858 Perreximus,
3446 2790 3670 2846 domine
3700 2788 3767 2844 mi

2148 2876 2319 2945 abba,
2346 2892 2452 2932 nos
2475 2879 2594 2932 tres
2622 2880 2837 2932 metere
2855 2877 3213 2940 conductum
3239 2894 3445 2951 agrum
3478 2897 3491 2947 ;
3527 2878 3766 2933 infirma-

2148 2974 2242 3022 tus
2284 2969 2477 3021 autem
2505 2981 2609 3037 ego
2660 2969 2792 3036 post
2821 2982 3005 3021 unum
3039 2967 3195 3022 diem
3228 2968 3477 3024 discessi
3511 2968 3565 3022 in
3597 2965 3774 3022 cellam

2148 3071 2363 3120 meam,
2396 3058 2451 3109 et
2485 3054 2657 3109 modo
2696 3054 3059 3127 compellunt
3086 3072 3177 3112 me
3210 3057 3314 3113 isti
3346 3056 3548 3113 tollere
3581 3070 3774 3111 merce-

2068 3171 2110 3238 ο
2146 3148 2278 3202 dem
2301 3161 2405 3238 pro
2429 3161 2600 3238 opere
2619 3146 2909 3238 quodnon
2929 3145 3207 3204 laboravi.
3236 3149 3669 3222 Respondentes
3694 3162 3779 3200 au-

395 3199 560 3239 orum
586 3182 782 3238 fratris
806 3183 917 3239 mei
946 3199 1093 3255 opus
1116 3181 1582 3238 fructificationis
1614 3185 1722 3237 est.
2068 3181 2110 3238 U
2146 3181 2278 3202 um“
2302 3181 2405 3218 V‘”
2429 3181 2599 3217 υνωσ
2619 3181 2771 3217 Ὶυυυ
2798 3181 2909 3202 “‘“‘
2931 3181 3207 3204 ‘°‘”‘““"'
3238 3181 3669 3222 ”°"P””“°“"°°
3694 3181 3778 3200 °“'

467 3272 502 3309 η
572 3271 742 3309 vnn”
784 3273 1020 3309 "ﬁmum
1057 3274 1233 3309 rm,“
1263 3273 1330 3309 Μ,
1369 3272 1633 3309 nmmhm
1691 3272 2044 3309 Amnmmm
2156 3239 2273 3290 tem
2309 3236 2423 3291 duo
2475 3235 2685 3290 fratres
2738 3233 3014 3291 dixerunt
3064 3252 3077 3291 :
3126 3238 3304 3309 Audi,
3339 3238 3575 3294 domine
3606 3240 3779 3292 noster

467 3272 522 3327 6.
572 3271 745 3328 Venit
784 3273 1021 3344 quidam
1057 3274 1233 3329 frater
1262 3273 1332 3328 ad
1367 3272 1637 3327 abbatem
1684 3272 2045 3344 Agathonem

400 3363 616 3434 (Pelag.
657 3363 832 3419 libell.
866 3380 940 3432 ιν,
972 3381 1030 3419 n.
1072 3364 1127 3435 8)
1173 3362 1373 3418 dicens
1399 3378 1412 3417 :
1438 3366 1620 3429 Pater,
1656 3362 1927 3432 permitte
1958 3378 2049 3418 me

397 3453 662 3508 habitare
682 3457 871 3508 tecum
894 3470 908 3521 ;
928 3450 1552 3523 suscipiensqueillum
1578 3450 1723 3505 vidit
1746 3451 1963 3506 nitrum
1987 3450 2047 3506 in

400 3557 575 3595 manu
607 3542 757 3610 ejus,
778 3546 834 3596 et
856 3541 997 3596 dicit
1015 3541 1065 3596 ei
1092 3558 1103 3595 :
1125 3541 1285 3596 Unde
1304 3539 1485 3595 habes
1514 3539 1733 3594 nitrum
1755 3539 1783 3594 ‘I
1805 3556 2049 3610 respon-

399 3630 488 3683 dit
526 3629 707 3683 frater
744 3630 982 3684 :Inveni
1018 3629 1159 3683 illud
1198 3630 1254 3683 in
1287 3629 1378 3683 via
1409 3629 1548 3683 dum
1584 3628 1864 3683 venirem.
1896 3628 2051 3683 Dixit

407 3715 491 3770 illi
524 3732 737 3771 senex:
783 3718 868 3772 Tu
919 3717 1063 3771 illud
1099 3732 1376 3788 posueras
1399 3716 1425 3770 ?
1448 3716 1780 3787 respondit:
1805 3716 1951 3773 Non.
1985 3719 2053 3772 Et

404 3805 520 3861 dici
542 3806 593 3860 ei
623 3822 795 3861 senex
841 3823 854 3861 :
904 3807 960 3860 Si
995 3822 1131 3877 ergo
1161 3810 1223 3861 tu
1267 3821 1378 3860 non
1414 3821 1714 3876 posueras,
1757 3807 2050 3878 quomodo

408 3893 649 3950 veniens
682 3893 943 3949 habitare
976 3911 1204 3950 mecum
1240 3893 1349 3948 hoc
1378 3892 1565 3948 tulisti
1615 3895 1767 3965 quod
1804 3912 1915 3949 non
1949 3912 2049 3967 po-

2154 3328 2348 3391 Pater;
2384 3323 2433 3379 si
2466 3323 2783 3380 fuissemus
2805 3325 2909 3379 toti
2937 3329 3056 3381 tres
3077 3341 3214 3382 cum
3240 3327 3445 3383 labore
3465 3326 3659 3398 grandi
3682 3326 3778 3380 for-

2153 3417 2310 3470 tasse
2367 3412 2711 3484 completuri
2743 3414 3063 3470 fuissemus
3106 3432 3260 3487 opus
3303 3421 3608 3485 nostrum;
3639 3429 3776 3470 nunc

2156 3520 2257 3577 per
2285 3502 2580 3559 orationes
2611 3503 2809 3559 fratris
2839 3504 3024 3559 nostri
3066 3508 3218 3561 Deus
3266 3523 3377 3562 nos
3409 3504 3704 3577 adjuvavit,
3732 3505 3780 3556 et

2156 3592 2511 3665 perfecimus
2536 3595 2723 3647 totum
2748 3609 2978 3664 agrum,
3000 3597 3056 3649 et
3079 3611 3192 3650 non
3220 3596 3351 3651 vult
3374 3595 3574 3651 tollere
3590 3608 3778 3649 merce.

2157 3682 2287 3736 dem
2311 3698 2499 3737 suam.
2529 3682 2656 3737 Haec
2680 3682 2925 3737 audiens
2948 3698 3125 3739 senex
3150 3685 3410 3741 miratus
3427 3689 3515 3741 est
3537 3684 3720 3753 nimis,
3735 3684 3783 3736 et

2157 3773 2487 3829 convocatis
2511 3773 2789 3828 fratribus
2812 3773 2935 3828 suis
2949 3774 3131 3830 dixit:
3155 3774 3393 3846 Venite,
3416 3777 3617 3831 fratres
3630 3780 3682 3831 et
3701 3790 3783 3829 au-

2158 3860 2274 3916 dite
2294 3860 2468 3916 hodie
2484 3860 3047 3931 justitiaajudicium.
3064 3863 3357 3934 Exposuit
3378 3865 3583 3920 1003
3599 3862 3788 3918 utrius-

2157 3966 2270 4022 que
2292 3950 2477 4022 partis
2518 3950 2754 4022 singula
2792 3951 2987 4021 verba,
3012 3956 3068 4007 et
3100 3968 3314 4009 omnes
3362 3954 3561 4010 mirati
3584 3957 3715 4009 sunt
3738 3951 3785 4004 in

402 4002 627 4053 sueras,
677 3986 816 4039 dum
845 4002 960 4056 prae
1001 3984 1187 4040 oculis
1207 3988 1391 4039 Deum
1423 3987 1479 4039 et
1498 3985 1773 4039 mandata
1795 3984 1923 4055 ejus
1956 3985 2055 4041 ha‘
2157 3984 2270 4056 ‘4‘"?
2293 3984 2477 4022 Vm“
2518 3984 2987 4056 °‘“5“‘°f"“‘”“’
3012 3984 3068 4007 ω
3100 3984 3561 4056 υύυσδηωἿπυ
3584 3984 3666 4052 ""f

2157 4041 2461 4111 utrisque;
2495 4056 2611 4095 uno
2649 4040 2886 4111 quidem
2926 4057 3040 4096 non
3095 4043 3509 4099 consentiente
3557 4042 3789 4113 accipere

402 4076 633 4143 bemus,
692 4074 982 4130 dicentem
1019 4077 1181 4129 :Non
1218 4074 1653 4145 conscupisces,
1704 4092 1818 4130 non
1873 4076 2049 4133 facies

394 4166 615 4221 furtum
647 4166 825 4234 (Deut.
861 4164 960 4236 v)?
990 4169 1079 4221 An
1114 4164 1351 4235 ignoras
1377 4164 1514 4235 quia
1548 4163 1650 4236 qui
1685 4164 1909 4220 furatur
1933 4182 2047 4221 rem

394 4255 668 4325 alienam,
693 4255 917 4310 daemon
944 4253 1238 4309 efﬁcitur?
1267 4256 1394 4308 Mox
1414 4258 1609 4309 autem
1635 4254 1863 4310 remisit
1886 4270 2043 4321 eum,

391 4346 595 4401 dicens
630 4361 643 4399 :
680 4344 929 4417 Reporta
954 4343 1094 4399 illud
1129 4344 1185 4399 in
1220 4343 1415 4403 locum
1444 4344 1600 4399 unde
1628 4343 1840 4410 tulisti,
1864 4348 1921 4400 et
1941 4343 2044 4400 ha-

394 4435 519 4490 bita
550 4451 799 4490 mecum.

2154 4128 2524 4199 aliquid,illis
2544 4144 2675 4184 vero
2699 4127 3189 4201 compellentibus
3205 4131 3500 4189 violenter
3522 4131 3791 4202 suscipere

2156 4218 2393 4274 fratrem
2419 4218 2747 4273 mercedem
2766 4235 2957 4273 suam.
2980 4220 3145 4275 Tunc
3168 4222 3519 4277 astantibus
3542 4219 3788 4277 omnibus

2153 4309 2444 4364 ordinavit
2486 4309 2723 4364 fratrem
2756 4310 3016 4381 accipere
3047 4312 3385 4369 mercedem
3419 4329 3609 4377 suam,
3639 4316 3692 4367 et
3718 4308 3792 4363 di-

2152 4414 2431 4472 spensare
2469 4415 2598 4455 eam
2631 4399 2783 4455 sicut
2811 4398 3003 4455 vellet.
3031 4398 3129 4457 Ille
3154 4416 3294 4457 vero
3326 4402 3476 4458 abiit
3524 4400 3703 4458 tristis
3742 4401 3789 4453 et

463 4525 518 4578 7.
553 4523 936 4595 Interrogavit
986 4524 1168 4579 frater
1205 4523 1475 4579 abbatem
1514 4522 1769 4579 Sisoium
1803 4525 2034 4596 (Pelag.,
2067 4526 2117 4594 D
2152 4490 2409 4596 Pl‘?{‘”‘ﬁ°

392 4612 567 4668 libell.
613 4630 669 4681 x,
715 4630 772 4669 η.
824 4614 914 4684 56,
963 4616 1189 4670 nomine
1236 4616 1524 4681 Pastoris;
1555 4618 1737 4683 Pasc.,
1769 4614 1858 4680 36,
1894 4633 1947 4669 η.
1983 4615 2036 4687 4)

391 4702 592 4757 dicens
625 4718 637 4755 :
673 4701 931 4757 Dimissa
962 4708 1050 4759 est
1094 4703 1237 4757 mihi
1293 4703 1599 4759 haereditas
1629 4720 1662 4757 a
1693 4704 2034 4774 parentibus

391 4791 558 4859 meis,
584 4792 725 4864 quid
752 4794 823 4848 de
847 4794 947 4848 illa
972 4794 1178 4849 faciam
1206 4798 1227 4849 Ρ
1256 4793 1579 4866 Respondit
1628 4808 1804 4848 senex
1839 4810 1851 4848 :
1886 4794 2034 4857 Quid

390 4881 491 4935 tibi
517 4880 730 4943 dicam.
776 4882 990 4937 frater?
1020 4882 1075 4935 Si
1110 4882 1308 4937 dixero
1336 4882 1445 4937 tibi
1480 4898 1490 4937 :
1544 4882 1624 4936 Da
1655 4881 1815 4938 illam
1852 4882 1908 4937 in
1944 4899 2034 4938 ec-

389 4968 627 5023 clesiam
662 4970 913 5037 clericis,
964 4970 1278 5041 epulantur
1308 4987 1374 5026 ex
1404 4971 1551 5041 ipsa.
1586 4970 1646 5027 Si
1676 4970 1872 5027 dixero
1909 4989 1921 5027 :
1960 4976 2036 5028 [ia

392 5056 847 5128 consanguineis
883 5057 1023 5123 tuis,
1048 5057 1269 5113 nullam
1312 5058 1639 5114 mercedem
1685 5057 1949 5115 habebis.
1977 5059 2034 5113 Si

394 5160 530 5216 ergo
562 5162 655 5200 me
683 5146 769 5200 vis
803 5146 1026 5214 audire,
1046 5146 1118 5201 da
1140 5144 1297 5202 illam
1322 5147 1651 5218 egentibus,
1684 5150 1739 5203 et
1768 5148 1895 5205 sine
1916 5147 2036 5205 sol-

392 5233 717 5290 Iicitudine.
752 5235 889 5289 eris.

458 5324 513 5377 8.
534 5323 727 5378 Abbas
740 5328 966 5393 Moyses
990 5322 1133 5377 dixit
1153 5323 1387 5394 (Petag.,
1408 5323 1599 5390 libel.r,
1618 5341 1673 5377 η.
1710 5325 1794 5379 14.
1812 5327 2033 5383 nomine

389 5414 689 5485 Pastoris):
711 5412 959 5469 Privatio
983 5428 1178 5467 rerum
1196 5410 1614 5481 materialium,
1632 5412 1688 5467 id
1709 5418 1817 5481 est,
1836 5414 2035 5472 volun-

388 5504 536 5561 taria
560 5506 898 5577 paupertas,
939 5506 995 5557 et
1024 5500 1325 5557 tribulatio
1356 5517 1486 5556 cum
1514 5502 1817 5573 patientia,
1841 5504 2029 5560 etdis-

387 5593 587 5663 cretio,
626 5593 1013 5647 instrumenta
1072 5594 1214 5646 sunt
1257 5590 1552 5646 monachi.
1611 5592 1903 5663 Scriptum
1945 5599 2035 5650 est

389 5682 646 5739 enim:Si
665 5681 884 5740 fuerint
925 5685 1043 5738 tres
1068 5680 1175 5737 viri
1215 5679 1337 5752 isti,
1378 5684 1515 5751 Noe,
1549 5679 1681 5753 Job,
1710 5686 1766 5737 et
1794 5681 2029 5755 Daniel;

2223 4590 2306 4643 10.
2330 4587 2485 4643 Dixit
2522 4604 2729 4643 senex:
2752 4587 2811 4643 Si
2836 4587 3067 4643 habitas
3094 4604 3229 4644 cum
3258 4590 3551 4663 proximo,
3586 4594 3701 4645 esto
3721 4585 3790 4642 si-

2147 4682 2246 4734 cut
2260 4676 2391 4733 colu
2405 4694 2538 4733 mna
2560 4676 2955 4749 lapidea,qua3
2977 4677 3024 4731 si
3044 4678 3376 4747 injurietur
3390 4698 3510 4736 non
3526 4679 3791 4743 irascitur,

2147 4767 2197 4822 si
2230 4764 2591 4837 gloriﬁcetur
2613 4782 2726 4819 non
2752 4765 3048 4821 extollitur
3068 4767 3404 4838 (Paschas.,
3435 4785 3483 4825 c.
3532 4770 3618 4838 42,
3643 4786 3695 4822 η.
3726 4764 3789 4835 2).

2218 4867 2301 4921 11.
2339 4865 2495 4921 Dixit
2527 4866 2710 4920 abbas
2739 4865 2964 4921 Sisoius
2990 4882 3002 4920 :
3031 4868 3173 4922 Cum
3206 4867 3465 4924 fuissem
3498 4864 3791 4941 aliquando

2143 4976 2278 5017 cum
2313 4960 2489 5015 fratre
2520 4960 2578 5014 in
2614 4963 2867 5015 mercato
2916 4960 3165 5015 vendere
3216 4962 3562 5034 sportellas,
3611 4960 3793 5016 videns

2145 5050 2285 5120 quia
2344 5048 2654 5104 iracundia
2705 5048 3224 5121 appropinquabat
3290 5051 3464 5123 mihi,
3516 5050 3795 5107 dimittens

2145 5141 2345 5193 nostra
2374 5136 2612 5192 vascula
2643 5136 2761 5208 fugi
2790 5135 3094 5208 (Paschas.,
3117 5154 3165 5193 c.
3198 5138 3300 5205 37,
3332 5157 3394 5195 η.
3434 5140 3508 5211 1).

2218 5237 2301 5290 i2.
2336 5234 2485 5290 Dixit
2536 5233 2718 5289 abbas
2760 5238 3017 5290 Joannes
3052 5250 3065 5291 :
3105 5238 3459 5294 Ascendens
3496 5234 3792 5310 aliquando

2140 5323 2296 5378 viam
2331 5323 2511 5378 eremi
2542 5322 2808 5394 Scythiae,
2840 5327 2896 5378 et
2916 5326 3114 5380 texens
3148 5325 3439 5398 plectam,
3479 5325 3677 5382 audivi
3706 5340 3790 5377 ca-

2144 5413 2446 5470 melarium
2468 5412 2798 5485 loquentem
2819 5429 3120 5471 sermones
3134 5432 3355 5487 vanos;
3374 5420 3434 5473 et
3451 5433 3524 5473 ne
3542 5414 3793 5473 forteira-

2143 5521 2357 5574 scerer,
2391 5503 2590 5559 dimisi
2622 5502 2873 5575 plectam
2908 5520 3119 5571 meam,
3152 5509 3212 5561 et
3244 5506 3371 5578 fugi
3404 5506 3709 5579 (Paschasu
3747 5520 3788 5557 ο.

2141 5598 2233 5664 37,
2263 5613 2321 5650 η.
2355 5597 2423 5661 2;
2456 5595 2642 5664 Pelag.
2680 5594 2716 5647 ι.
2750 5610 2827 5661 1v,
2857 5612 2915 5648 η.
2947 5594 3057 5663 20).

2219 5686 2306 5742 13.
2332 5684 2490 5740 Idem
2511 5698 2707 5754 senex,
2732 5682 2791 5738 in
2816 5689 3047 5741 sectura
3068 5684 3287 5743 messis
3308 5686 3459 5743 dum
3490 5689 3666 5754 esset,
3694 5699 3789 5738 au-
