4002 6166
247 295 333 350 389
1261 288 1747 347 EGYPTIORUM
1787 290 2082 347 PATRUM
2119 294 2543 351 SENTENTIA?
2554 336 2568 350 .

3510 300 3619 355 390

255 424 412 488 Pater,
440 421 574 475 doce
605 434 696 475 me
725 417 857 489 quid
898 417 1130 475 faciam.
1165 417 1526 490 Respondit:
1566 417 1856 488 Scriptum
1891 432 1944 499 Α
1975 420 2057 475 sis
2088 422 2387 478 conﬁdens
2420 423 2477 477 in
2513 422 2716 479 merito
2758 423 3004 494 justitiaa
3063 428 3194 495 tuae,
3250 444 3363 482 non
3396 427 3618 499 cogites

252 516 355 567 est:
386 509 656 577 Quoniam
684 508 1059 579 iniquitatem
1094 522 1283 563 meam
1318 524 1422 579 ego
1445 507 1861 579 pronuntiabo,

253 606 299 657 et
324 599 569 673 cogitabo
601 615 703 670 pro
737 602 974 670 peccato
1007 614 1134 652 meo
1165 598 1340 669 (Psal.
1376 598 1447 668 ι).

310 699 384 754 46.
418 696 734 766 Requisivit
766 698 943 752 frater
973 712 1170 752 senem
1216 697 1455 765 (Pasch,
1490 712 1539 751 ο.
1575 697 1663 766 41,
1696 714 1751 751 n.
1790 696 1859 767 1),

250 789 456 845 dicens:
491 787 674 853 Pater,
710 786 850 858 quid
886 786 1130 841 faciam?
1174 786 1532 858 Respondit:
1593 785 1772 855 Vade,
1808 790 1865 841 et

250 895 361 933 ama
383 877 476 933 tibi
511 877 621 949 ipsi
655 877 769 931 vim
805 876 1014 944 facere;
1039 876 1282 947 evagina
1314 874 1576 947 gladium
1611 879 1865 943 tuum,et

247 967 320 1023 exi
349 968 400 1023 in
426 966 665 1023 bellum.
683 966 832 1022 Dicit
854 968 903 1021 ei
930 967 1124 1021 frater:
1146 981 1258 1020 non
1287 979 1378 1019 me
1403 963 1753 1036 permittunt
1773 980 1864 1018 co-

246 1058 546 1130 gitationes.
581 1057 902 1128 Respondit
933 1072 1141 1111 senex:
1191 1053 1481 1125 Scriptum
1516 1058 1622 1108 est:
1660 1054 1865 1107 Invoca

247 1163 321 1202 me
347 1148 399 1201 in
420 1147 509 1201 die
533 1145 931 1202 tribulationis
954 1149 1090 1210 tuas,
1114 1149 1170 1198 et
1190 1143 1434 1214 eripiam
1456 1147 1531 1211 te,
1563 1145 1619 1197 et
1637 1141 1864 1213 gloriﬁ-

243 1235 380 1291 cabis
425 1252 515 1291 me
554 1235 729 1307 (Psal.
779 1235 950 1306 χιιι).
986 1235 1192 1289 Invoca
1234 1248 1371 1304 ergo
1405 1236 1612 1300 Deum,
1660 1235 1717 1287 et
1747 1230 1864 1286 eri-

241 1326 341 1397 piet
368 1330 438 1382 te.

298 1416 375 1470 47.
406 1416 585 1470 Erant
630 1413 947 1486 aliquando
981 1412 1164 1468 abbas
1203 1410 1544 1467 Theodorus
1576 1411 1633 1465 et
1680 1408 1864 1464 abbas

240 1504 302 1559 Or
322 1506 617 1561 mittentes
634 1504 824 1559 lutum
842 1504 899 1559 in
922 1506 1137 1559 tectum
1163 1500 1319 1557 cella:
1335 1500 1578 1569 (Palag.,
1597 1499 1861 1553 lz'bcll.1n.

238 1612 285 1648 η.
316 1595 414 1664 19),
445 1598 507 1649 et
528 1593 799 1649 dixerunt
821 1608 976 1647 unus
998 1592 1069 1646 ad
1094 1590 1368 1646 alterum:
1394 1588 1563 1643 Modo
1587 1588 1635 1642 si
1668 1586 1866 1642 visitet

240 1699 326 1739 nos
348 1683 673 1755 Deus,quid
698 1698 905 1738 sumus
930 1679 1185 1736 facturi?
1205 1679 1369 1733 Tune
1414 1677 1483 1732 ad
1514 1675 1864 1731 alterutrum

238 1774 387 1829 ambo
416 1773 763 1846 plangentes
793 1770 1146 1826 dimiserunt
1177 1784 1325 1839 opus
1346 1766 1780 1837 imperfectum,
1809 1769 1865 1820 et

235 1864 625 1935 unusquisque
658 1864 718 1916 in
750 1860 955 1916 cellam
987 1874 1156 1914 suam
1190 1860 1574 1912 recesserunt.

288 1961 365 2015 48.
394 1961 475 2016 Ab
489 1963 594 2016 bas
616 1958 887 2015 Silvanus
910 1958 1048 2012 dum
1083 1957 1308 2011 sederet
1330 1955 1386 2007 in
1412 1952 1559 2008 cella
1584 1954 1772 2007 factus
1804 1952 1861 2006 in

236 2050 425 2106 exstasi
451 2050 757 2123 pendebat
785 2048 847 2103 in
880 2047 1025 2103 facie
1046 2062 1175 2112 sua,
1200 2049 1257 2101 et
1287 2042 1657 2115 postmultas
1691 2042 1862 2097 horas

234 2157 455 2213 surgens
489 2140 812 2213 plangebat
842 2137 1031 2209 (Ra/7.,
1065 2137 1102 2191 ι.
1138 2152 1220 2202 ιιι,
1249 2152 1306 2189 n.
1347 2134 1494 2200 205;
1530 2130 1747 2203 Pelag.,
1792 2131 1862 2185 li-

236 2230 344 2285 bell.
374 2247 457 2297 ιιι,
494 2246 556 2285 n.
590 2229 704 2301 25).
733 2231 945 2284 Astans
967 2229 1161 2281 autem
1186 2222 1513 2294 discipulus
1538 2220 1861 2292 ejusdixit:

233 2316 358 2380 Quid
372 2315 782 2387 habes,Pater?
798 2315 897 2371 Ille
911 2316 1108 2370 autem
1123 2317 1322 2368 tacens
1353 2310 1687 2383 plangebat.
1713 2309 1859 2365 Dum

232 2412 403 2463 autem
416 2406 713 2463 molestus
726 2404 810 2460 illi
828 2409 985 2461 esset
1000 2400 1331 2474 discipulus
1345 2403 1384 2455 l
1395 2400 1544 2456 005
1574 2404 1638 2454 ut
1652 2399 1867 2454 diceret

233 2496 274 2552 ei
294 2513 389 2553 cur
408 2496 739 2569 plangeret;
761 2492 1043 2551 violenter
1071 2490 1415 2563 compulsus
1446 2488 1611 2543 dixit:
1651 2488 1769 2560 Ego
1804 2487 1865 2542 in

224 2586 493 2655 judicium
539 2589 743 2658 raptus
774 2600 927 2654 sum,
970 2583 1072 2651 ﬁli;
1105 2578 1532 2638 etvidimultos
1550 2576 1864 2633 schematis

232 2676 572 2732 monachilis
592 2679 799 2730 euntes
825 2673 885 2728 in
910 2670 1235 2745 suppliciis,
1268 2672 1325 2725 et
1348 2666 1565 2723 multos
1583 2667 1865 2722 laieorum

229 2771 413 2822 euntes
444 2766 511 2821 in
549 2780 816 2837 regnum.

289 2856 582 2912 46.Abbas
595 2858 819 2925 Moyses
840 2851 1000 2907 venit
1020 2851 1088 2906 ad
1114 2854 1355 2923 puteum
1380 2848 1615 2903 haurire
1633 2863 1866 2917 aquam,

226 2948 275 2999 et
297 2944 434 3001 vidit
455 2945 704 3000 fratrem
724 2940 1065 2998 Zachariam
1086 2942 1436 3009 orantem,et
1460 2938 1743 3010 Spiritum
1764 2936 1867 2992 Dei

226 3051 381 3106 super
399 3051 544 3091 eum
564 3033 1029 3105 requiescentem
1060 3030 1295 3101 (Pelag.,
1329 3028 1501 3084 libell.
1534 3045 1626 3095 xv,
1658 3045 1714 3081 η.
1756 3026 1863 3096 17).

282 3135 363 3189 50.
392 3133 720 3189 Dicebatur
740 3132 810 3186 de
840 3130 1048 3185 abbate
1086 3128 1310 3184 Joanne
1366 3126 1505 3198 quia
1558 3140 1861 3197 nunquam

222 3224 587 3294 permittebat
601 3219 1013 3293 cogitationem
1031 3217 1278 3274 otiosam
1295 3217 1607 3272 ascendere
1622 3216 1677 3270 in
1694 3214 1865 3270 corde

224 3330 543 3385 suo,neque
557 3310 909 3382 loquebatur
927 3309 998 3363 de
1011 3307 1206 3363 causis
1228 3305 1426 3362 saeculi
1443 3306 1620 3375 hujus
1635 3304 1873 3377 (Pelag.,

229 3402 261 3455 ι.
290 3419 361 3472 xx,
391 3421 448 3457 η.
469 3401 994 3472 13).Tentaverunt
1011 3413 1146 3469 ergo
1167 3412 1304 3452 eum
1323 3396 1550 3462 fratres,
1572 3394 1871 3449 dicentes:

226 3489 437 3547 Gratias
468 3491 720 3563 agimus
746 3487 1084 3555 Deo,Pater;
1110 3484 1260 3557 pluit
1281 3484 1435 3539 enim
1465 3482 1728 3553 nimis,et
1747 3481 1874 3553 pal-

225 3597 318 3635 mae
341 3582 592 3637 arbores
614 3578 867 3650 irrigataa
900 3577 1233 3648 producunt
1259 3574 1547 3645 germina,
1572 3589 1638 3627 ex
1661 3572 1876 3643 quibus

226 3668 512 3726 inveniant
556 3670 766 3723 fratres
789 3665 925 3721 folia
957 3682 1085 3737 quae
1119 3667 1458 3737 operentur.
1485 3662 1633 3718 Dicit
1664 3661 1748 3715 illi
1780 3678 1875 3716 se-

227 3774 341 3813 nex:
360 3759 460 3815 Sic
491 3762 615 3826 est,
650 3758 881 3825 fratres,
913 3760 971 3810 et
994 3754 1247 3825 Spiritus
1278 3754 1379 3809 Dei
1404 3769 1536 3808 cum
1557 3751 1876 3807 descende-

226 3847 292 3902 rit
317 3847 373 3903 in
405 3849 591 3904 corda
611 3850 977 3914 sanctorum,
1003 3844 1449 3915 adaperiuntur,
1470 3847 1527 3897 et
1555 3842 1878 3913 producent

228 3934 436 3993 fructus
467 3936 531 3992 in
565 3935 782 3991 timore
814 3932 938 3989 Dei.

289 4022 791 4096 51.1nterrogavit
821 4023 1000 4078 frater
1048 4039 1271 4091 senem,
1320 4022 1561 4077 dicens:
1604 4019 1751 4087 Quid
1789 4022 1880 4074 est

228 4117 365 4186 quod
396 4116 553 4172 dixit
572 4114 885 4170 Dominus:
912 4112 972 4167 in
991 4128 1217 4168 carcere
1242 4128 1427 4181 eram,
1450 4119 1504 4167 et
1533 4109 1773 4166 venistis
1806 4108 1879 4163 ad

228 4206 563 4278 me(Malth.
609 4202 772 4274 xxv)?
802 4202 1143 4273 Respondit:
1179 4201 1338 4257 Licet
1368 4201 1476 4256 hoc
1504 4200 1564 4255 in
1597 4197 1881 4271 proximis

222 4297 322 4351 sibi
344 4296 645 4354 Dominus
666 4295 921 4365 imputet
939 4293 1387 4358 factum,tamen
1406 4290 1543 4363 quia
1575 4306 1772 4346 carcer
1794 4290 1883 4343 est

223 4386 412 4441 sedere
440 4385 505 4441 in
538 4382 713 4449 cella,
747 4380 796 4437 si
840 4381 974 4452 quis
1006 4382 1216 4437 sedens
1248 4382 1306 4436 in
1354 4379 1501 4436 cella
1534 4377 1876 4434 memoriam

222 4476 679 4549 semperhabeat
700 4471 821 4541 Dei,
855 4470 941 4525 illi
973 4476 1128 4526 recte
1149 4471 1461 4527 dicendum
1490 4474 1579 4527 est
1605 4486 1618 4524 :
1668 4469 1727 4523 [n
1751 4483 1881 4522 car-

222 4581 338 4621 cere
364 4582 558 4631 eram,
593 4567 655 4618 et
682 4560 925 4617 venistis
956 4561 1026 4615 ad
1051 4570 1164 4616 me.

284 4657 370 4711 5'3.
398 4650 742 4726 Requisivit
764 4651 941 4706 frater
971 4649 1423 4720 senem,dicens:
1449 4648 1598 4715 Quid
1638 4647 1875 4713 faciam,

222 4746 349 4815 quia
380 4742 777 4817 cogitationes
808 4756 900 4795 me
932 4740 1316 4795 conturbant?
1341 4736 1663 4810 Respondit
1696 4735 1877 4791 abbas

218 4833 527 4891 Besarion:
561 4832 651 4887 Tu
684 4829 941 4903 quiesce,
973 4834 1029 4885 et
1052 4846 1167 4885 non
1191 4834 1244 4885 te
1267 4844 1570 4885 measures
1593 4843 1726 4882 cum
1762 4841 1878 4879 ma-

219 4926 359 4995 gnis,
390 4926 497 4981 sed
535 4928 666 4978 esto
698 4927 897 4976 tacens
930 4919 991 4974 in
1021 4920 1195 4976 corde
1226 4925 1349 4975 tuo.

277 5024 363 5079 53.
392 5019 789 5091 Interrogavit
810 5018 989 5073 frater
1011 5020 1282 5074 abbatem
1302 5013 1873 5084 Antonium,dicens:

220 5116 357 5180 Quid
390 5120 485 5171 est
523 5131 628 5186 pro
671 5109 855 5167 nihilo
888 5110 1146 5182 seipsum
1184 5110 1357 5165 homo
1379 5107 1703 5163 aestimare?
1736 5105 1875 5160 Res-

219 5205 435 5276 pondit:
473 5201 750 5259 Similem
773 5215 835 5255 se
857 5200 1144 5269 jumentis
1175 5195 1679 5254 irrationabilibus
1719 5193 1875 5249 aesti-

223 5309 395 5361 mare,
430 5308 547 5365 pro
572 5306 638 5345 eo
671 5288 826 5360 quod
869 5286 1013 5342 nihil
1042 5288 1368 5359 dijudicant
1410 5286 1563 5342 sicut
1591 5283 1873 5356 scriptum

217 5387 335 5439 est:
369 5382 494 5455 Ego
530 5384 732 5436 autem
763 5375 1283 5448 velutjumentum
1315 5377 1505 5432 factus
1537 5391 1667 5430 sum
1720 5373 1875 5444 apud

221 5477 293 5537 te,
324 5477 383 5528 et
415 5487 534 5543 ego
574 5484 805 5540 semper
836 5470 1026 5522 tecum
1065 5467 1235 5539 (Psal.
1270 5466 1466 5539 Lxxu).

284 5561 372 5617 54.
398 5557 742 5631 Requisivit
775 5556 954 5612 abbas
986 5555 1202 5613 Pambo
1234 5556 1506 5612 abbatem
1536 5552 1875 5625 Antonium,

218 5652 418 5710 dicens
446 5668 459 5707 :
497 5649 655 5717 Quid
676 5647 822 5705 facio
853 5647 1065 5705 sedens
1085 5646 1146 5704 in
1178 5646 1351 5704 cella?
1370 5644 1711 5719 Respondit:
1755 5643 1877 5701 Non

1969 509 2039 565 de
2072 511 2245 567 rebus
2279 513 2651 577 transitoriis.
2698 518 2754 569 et
2807 518 2931 569 esto
2982 519 3189 571 tenens
3237 515 3501 588 linguam
3557 520 3617 571 et

1968 603 2228 656 ventrem
2261 602 2494 673 (Pelag.,
2528 604 2701 659 libell.
2736 618 2775 671 ι,
2808 622 2863 659 η.
2897 604 2973 673 2).

2037 698 2462 770 55.Requisivit
2488 701 2669 757 frater
2697 719 2915 757 senem.
2946 702 3169 759 dicens:
3196 703 3370 759 Putas
3394 704 3614 759 bonum

1969 791 2057 842 est
2076 787 2286 844 habere
2317 791 2768 845 azstimationem
2787 794 2995 846 bonam
3015 792 3072 845 in
3089 797 3405 863 conspectu
3422 791 3613 847 homi-

1971 878 2144 932 num?
2168 878 2521 950 Respondit:
2555 880 2991 936 Estimationes
3034 884 3155 936 ista:
3187 880 3462 936 virtutem
3499 898 3613 936 non

1969 965 2203 1023 habent.
2232 968 2313 1023 Ne
2345 985 2477 1039 ergo
2508 971 2650 1025 velis
2702 969 3148 1025 aestimationem
3195 969 3409 1026 habere
3460 970 3617 1041 apud

1969 1055 2205 1111 fratrem
2241 1062 2429 1128 tuum,
2463 1060 2561 1115 sed
2598 1060 2786 1131 magis
2810 1060 2964 1131 fuge.

2038 1146 2520 1219 56.1nterrogavit
2572 1149 2749 1203 frater
2806 1164 3028 1214 senem,
3066 1148 3299 1203 dicens:
3334 1146 3480 1211 Quid
3530 1151 3622 1203 est

1968 1233 2306 1292 humilitas?
2326 1238 2665 1309 Respondit:
2684 1237 2744 1292 Si
2777 1238 2912 1309 quis
2937 1237 3225 1293 benefacit
3246 1236 3479 1293 facienti
3505 1236 3621 1293 sibi

1970 1324 2527 1392 malum,humilitas
2551 1327 2806 1399 perfecta
2835 1330 2942 1383 est.
2967 1326 3118 1383 Dicit
3140 1329 3336 1384 frater:
3375 1327 3537 1393 Quad
3571 1325 3623 1383 si

1971 1430 2085 1469 non
2119 1420 2308 1485 potest
2333 1415 2467 1487 quis
2495 1417 2565 1472 ad
2599 1416 2747 1472 hanc
2781 1433 3119 1472 mensuram
3151 1416 3348 1472 venire
3398 1420 3464 1472 ut
3513 1415 3622 1472 hoc

1970 1502 2169 1559 faciat?
2193 1504 2553 1575 Respondit:
2586 1506 2813 1577 Fugiat,
2846 1512 2903 1561 et
2934 1506 3215 1577 quiescat.

2038 1604 2337 1660 57.Frater
2354 1605 2662 1676 requisivit
2683 1622 2905 1675 senem,
2932 1607 3154 1661 dicens:
3188 1605 3333 1669 Quid
3369 1609 3460 1662 est
3490 1622 3621 1678 pro-

1970 1692 2156 1748 fectus
2190 1694 2483 1749 monachi?
2511 1696 2833 1765 Respondit
2865 1694 3623 1758 senex:Humilitas.Quan-

1970 1785 2095 1836 tum
2120 1782 2275 1837 enim
2301 1783 2434 1855 quis
2455 1782 2863 1839 inhumilitate
2887 1783 3231 1849 inclinatur,
3247 1788 3476 1840 tantum
3494 1801 3625 1856 pro-

1968 1870 2089 1925 ficit
2120 1870 2176 1925 in
2210 1872 2461 1928 excelso.

2036 1961 2124 2014 58.
2160 1961 2485 2033 Requisivit
2529 1963 2707 2017 frater
2750 1978 2972 2030 senem,
3025 1961 3259 2017 dicens:
3320 1962 3621 2025 Quomodo

1967 2047 2165 2104 anima
2196 2050 2493 2121 suscipere
2523 2055 2716 2123 potest
2744 2050 3167 2106 humilitatem?
3189 2051 3530 2122 Respondit:
3559 2052 3628 2122 Si

1968 2154 2074 2193 sua
2105 2155 2339 2210 semper
2368 2144 2663 2194 scrutetur
2694 2138 2846 2195 mala
2899 2140 3155 2210 (Pasch.,
3187 2156 3234 2195 ο.
3296 2141 3385 2211 13,
3417 2157 3474 2197 η.
3514 2141 3577 2195 10
3605 2156 3619 2207 ;

1969 2227 2137 2297 [tu/II,
2170 2228 2210 2283 ι.
2248 2245 2331 2282 ιιι.
2367 2245 2422 2282 η.
2459 2229 2603 2294 171).

2038 2316 2127 2370 59.
2172 2316 2367 2371 Abbas
2393 2317 2719 2373 Poemenius
2749 2316 3055 2372 dixitcum
3116 2318 3339 2389 gemitu
3385 2318 3626 2388 (Pasch.,

1969 2419 2013 2459 c.
2046 2405 2136 2475 22,
2169 2423 2226 2459 η.
2259 2406 2585 2475 2):Omnes
2604 2405 3145 2478 virtutesingressae
3170 2410 3310 2463 sunt
3334 2407 3393 2461 in
3417 2406 3627 2463 cellam

1972 2510 2159 2549 meam
2195 2499 2402 2566 praeter
2433 2512 2606 2550 unam
2643 2494 2941 2565 virtutem,
2967 2500 3023 2551 et
3046 2511 3114 2551 ex
3135 2497 3265 2567 ejus
3286 2495 3485 2552 labore
3512 2500 3628 2552 stat

1972 2584 2166 2639 homo.
2199 2587 2715 2657 Interrogaverunt
2743 2602 2876 2641 eum
2913 2585 3144 2655 fratres,
3175 2602 3301 2657 qum
3334 2601 3463 2641 esse
3515 2586 3633 2642 ista

1972 2674 2155 2728 virtus
2188 2673 2366 2729 talis?
2398 2674 2720 2746 Respondit
2751 2691 2926 2730 senex
2958 2691 2973 2731 :
3010 2683 3071 2730 ut
3101 2691 3330 2748 seraper
3361 2674 3625 2747 seipsum

1974 2762 2364 2834 reprehendat
2394 2763 2589 2819 homo.

2042 2852 2132 2906 60.
2166 2850 2413 2914 Quidam
2450 2852 2625 2907 frater
2663 2851 2888 2923 rogavit
2936 2868 3160 2916 senem,
3194 2851 3436 2907 dicens:
3484 2851 3631 2907 Veni

1974 2939 2032 2994 in
2061 2939 2265 2994 cellam
2299 2957 2511 3010 meam,
2538 2941 2583 2996 si
2618 2956 2844 2996 mereor
2872 2944 2935 2996 ut
2962 2940 3335 3013 lavempedes
3363 2942 3632 2998 tuos.llle

1973 3032 2171 3083 autem
2204 3027 2409 3085 noluit.
2438 3035 2653 3085 Iterum
2688 3031 2947 3086 secundo
2979 3038 3035 3085 et
3065 3032 3235 3086 tertio
3270 3030 3416 3085 dixit
3438 3030 3545 3100 illi,
3573 3036 3634 3087 et

1976 3136 2091 3174 non
2122 3119 2243 3174 ivit.
2278 3120 2606 3176 Novissime
2628 3121 2772 3176 abiit
2793 3121 2852 3175 in
2876 3120 3083 3176 cellam
3106 3120 3288 3187 senis,
3313 3125 3370 3177 et
3393 3120 3631 3176 mittens

1977 3208 2378 3281 pcenitentiam
2401 3212 2748 3281 anteipsum
2774 3211 2871 3279 (4),
2897 3210 3119 3281 rogavit
3149 3226 3281 3264 eum
3316 3215 3381 3264 ut
3409 3212 3634 3265 veniret

1978 3297 2036 3353 in
2072 3297 2277 3353 cellam
2311 3299 2538 3369 ejus.Et
2567 3315 2815 3371 surgens
2841 3299 2995 3354 venit
3026 3315 3158 3353 cum
3187 3315 3274 3366 eo,
3310 3302 3365 3354 et
3394 3298 3537 3353 dixit
3561 3299 3632 3353 ad

1981 3405 2201 3445 senem:
2237 3391 2424 3455 Quare
2456 3390 2631 3445 toties
2654 3394 2785 3445 ante
2819 3394 3057 3462 rogatus
3090 3406 3202 3444 non
3237 3388 3479 3445 venisti?
3519 3389 3631 3443 Re-

1981 3479 2216 3550 spondit
2238 3494 2433 3535 senex:
2460 3480 2603 3534 Cum
2638 3480 2832 3534 verbis
2863 3478 3057 3535 solum
3113 3478 3371 3545 dicebas,
3404 3494 3519 3533 non
3552 3494 3641 3533 sa-

1980 3568 2253 3624 tisfecisti
2285 3568 2445 3623 cordi
2477 3585 2607 3625 meo
2643 3574 2704 3624 ut
2730 3569 2989 3624 venirem
3017 3588 3031 3637 ;
3067 3584 3199 3623 cum
3258 3584 3392 3624 vero
3424 3585 3630 3623 mona-

1981 3657 2133 3714 chile
2159 3676 2309 3730 opus
2343 3658 2690 3715 humilitatis
2723 3660 2840 3714 vidi
2873 3660 2932 3714 in
2960 3663 3038 3726 te,
3072 3663 3128 3713 et
3183 3674 3289 3730 ego
3318 3662 3459 3713 tunc
3489 3674 3640 3729 gau-

1982 3748 2127 3803 dens
2158 3748 2287 3802 veni
2322 3749 2392 3802 ad
2426 3754 2501 3804 te.

2052 3840 2142 3893 6t.
2176 3837 2327 3893 Dixit
2358 3854 2556 3894 senex:
2592 3838 2753 3903 Quod
2788 3854 2905 3893 non
2939 3837 3143 3892 didicit
3182 3838 3379 3906 homo,
3410 3840 3467 3893 et
3513 3836 3640 3909 ipse

1984 3944 2099 3983 non
2121 3927 2467 3994 observavit,
2504 3929 2798 3999 quomodo
2823 3928 3027 3983 docere
3050 3927 3382 3998 proximum
3409 3924 3639 3998 potest?

1985 4023 2106 4073 esto
2138 4034 2274 4088 ergo
2302 4033 2531 4088 semper
2562 4016 2803 4073 humilis
2833 4018 2904 4072 ad
2927 4017 3298 4072 discendum.

2054 4119 2144 4172 62.
2174 4118 2326 4173 Dixit
2348 4134 2542 4173 senex:
2568 4119 2767 4174 Virtus
2800 4117 3073 4173 monachi
3098 4121 3205 4187 est,
3240 4116 3295 4170 in
3321 4114 3477 4171 omni
3500 4119 3643 4169 tem-

1986 4224 2124 4279 pore
2153 4207 2413 4279 seipsum
2440 4222 2705 4278 arguere.

2056 4298 2145 4351 63.
2182 4296 2331 4350 Dixit
2362 4311 2573 4352 senex:
2611 4295 2732 4352 Non
2766 4298 2953 4366 potest
2982 4294 3158 4349 homo
3190 4293 3385 4349 videre
3416 4290 3635 4363 cogita-

1986 4385 2176 4441 tiones
2207 4402 2346 4440 suas
2374 4385 2537 4448 loris,
2569 4384 2669 4440 sed
2715 4400 2850 4438 cum
2893 4384 3051 4438 intus
3101 4382 3441 4453 insurgunt,
3475 4387 3533 4436 et
3584 4379 3635 4435 si

1989 4476 2122 4546 quis
2152 4478 2241 4530 est
2272 4473 2535 4540 bellator,
2568 4471 2804 4544 expellit
2831 4471 2987 4527 illas.

1908 4557 1953 4621 D
2055 4565 2144 4619 64.
2170 4563 2323 4619 Dixit
2349 4579 2559 4619 senex:
2592 4567 2749 4633 Opus
2782 4560 3053 4617 monachi
3084 4565 3199 4623 est.
3240 4558 3439 4616 videre
3468 4559 3634 4631 cogi-

1983 4655 2235 4710 tationes
2270 4669 2406 4709 suas
2440 4669 2472 4706 a
2506 4653 2692 4722 longe.

2053 4745 2142 4798 65.
2182 4742 2332 4799 Dixit
2362 4742 2577 4797 sedex:
2611 4744 2796 4796 Causa
2819 4757 2945 4812 quae
2979 4757 3093 4795 non
3117 4738 3491 4813 praevidetur,
3518 4755 3635 4794 non

1985 4832 2269 4905 permittit
2298 4848 2404 4887 nos
2438 4831 2498 4885 in
2536 4829 2779 4885 meliora
2810 4830 3113 4901 proficere.

2054 4923 2143 4975 66.
2203 4921 2351 4976 Dixit
2398 4936 2613 4975 senex:
2663 4919 2785 4973 Non
2839 4936 3144 4974 measures
3194 4917 3484 4988 teipsum,
3535 4914 3637 4971 sed

1986 5010 2214 5065 adhzsre
2240 5009 2384 5064 bene
2419 5008 2809 5078 eonversanti,

2054 5099 2143 5153 67.
2168 5098 2314 5154 Dixit
2338 5114 2533 5154 senex:
2558 5098 2805 5152 Omnem
2830 5114 3068 5153 causam
3095 5113 3274 5169 quam
3299 5112 3411 5151 non
3447 5093 3640 5151 absci—

1986 5190 2133 5244 dita
2164 5205 2225 5244 se
2256 5188 2454 5255 homo,
2484 5187 2693 5242 iterum
2728 5186 2785 5241 in
2820 5187 2946 5258 ipsa
2976 5186 3336 5258 implicatur.

2054 5288 2143 5342 68.
2182 5285 2330 5343 Dixit
2356 5302 2547 5342 senex:
2571 5285 2775 5341 Omnis
2804 5285 2968 5341 labor
3000 5286 3101 5357 qui
3134 5283 3476 5356 supervenit
3533 5281 3639 5337 bo-

1988 5378 2157 5447 mini,
2189 5376 2433 5432 victoria
2463 5379 2552 5432 est
2580 5374 2688 5430 illi.

2056 5468 2145 5523 69.
2182 5466 2336 5522 Dixit
2356 5481 2569 5522 senex:
2603 5464 2973 5521 Abominatio
3005 5470 3093 5523 est
3122 5469 3254 5521 ante
3288 5463 3475 5519 Deum
3509 5475 3637 5515 om-

1988 5557 2079 5613 nis
2104 5555 2356 5611 carnalis
2387 5554 2717 5611 delectatio.

2056 5646 2147 5702 70.
2180 5645 2335 5702 Dixit
2365 5660 2561 5702 senex:
2597 5643 2657 5700 Si
2689 5643 2911 5700 venerit
2942 5644 3047 5701 tibi
3069 5639 3343 5715 cogitatio
3369 5653 3473 5711 pro
3505 5649 3635 5690 car-
