3902 6170
344 287 446 343 391

1489 261 1864 325 APPENDIX
1899 262 1999 317 an
2036 260 2251 317 vrras
2286 260 2607 317 ramum.
3583 263 3671 323 392

348 414 464 471 nali
496 407 866 473 necessitate,
898 407 954 460 et
974 402 1160 473 tangit
1190 404 1245 456 te
1276 397 1453 455 semel
1484 399 1541 453 et
1570 394 1661 452 bis
1709 396 1765 450 et
1794 387 1983 447 tertio.
2020 388 2071 454 Α
2171 388 2260 443 90.
2284 386 2440 442 Dixit
2470 399 2663 442 senex:
2690 388 2902 441 Beatus
2925 382 3026 456 qui
3049 382 3293 442 sustinet
3316 383 3544 445 laborem
3562 404 3673 449 cum

350 520 464 559 non
497 500 727 558 audias.
762 558 767 561 _

416 594 508 646 71.
541 588 693 645 Dixit
725 601 934 643 senex:
965 582 1023 639 Si
1056 598 1173 637 non
1221 578 1431 635 dixerit
1486 577 1661 633 homo
1717 573 1777 628 in
1826 570 2000 626 corde

350 700 479 739 suo:
513 681 657 748 Quia
686 684 839 733 Deus
866 679 924 730 et
954 689 1058 745 ego
1093 670 1250 727 solus
1282 670 1338 725 in
1373 669 1483 723 isto
1515 664 1736 722 mundo
1768 676 1996 725 sumus,

352 791 468 829 non
526 771 703 826 habet
760 764 1022 837 requiem
1054 761 1262 832 (Pelag.
1292 758 1465 815 libell.
1500 774 1576 825 χι,
1608 754 1743 822 n.5,
1775 749 2001 808 nomine

349 862 563 932 Allois).

417 952 507 1005 72.
536 948 688 1004 Dixit
718 961 913 1003 senex:
949 940 1341 1014 Peregrinatio
1372 942 1463 994 est
1492 940 1703 1002 tacere,

420 1042 510 1095 73.
542 1037 696 1095 Dixit
728 1052 924 1093 senex:
975 1031 1297 1087 Imminens
1328 1028 1460 1100 quis
1498 1026 1820 1081 humanam
1853 1019 2003 1076 noti-

352 1131 488 1187 tiam
509 1133 568 1185 et
598 1132 859 1183 ventrem
886 1124 1064 1179 habet
1085 1119 1342 1193 requiem
1379 1115 1621 1190 (Pasch.,
1640 1131 1688 1170 c.
1716 1114 1805 1182 3'2,
1840 1128 1898 1169 n.
1928 1110 2001 1182 4).

424 1239 515 1293 74.
544 1236 903 1291 Dixitsenex:
928 1232 1169 1304 Oportet
1200 1225 1553 1283 monachum
1586 1238 1685 1278 cor
1723 1221 1866 1276 forte
1901 1218 2003 1274 ha-

357 1330 492 1384 bere
525 1326 595 1382 ad
629 1321 883 1396 singula,
917 1324 974 1376 et
1003 1317 1343 1376 salvabitur.

423 1418 514 1471 75.
549 1414 705 1470 Dixit
734 1426 930 1469 senex:
953 1407 1248 1465 Sivideris
1270 1404 1359 1462 vel
1383 1401 1640 1461 audieris
1667 1398 2005 1471 aliqua,non

355 1504 657 1563 renuntias
680 1501 863 1571 fratri,
888 1499 1027 1571 quia
1044 1497 1403 1553 nutrimenta
1434 1497 1573 1550 sunt
1595 1506 1823 1563 pugnae.

424 1605 514 1659 76.
539 1602 696 1659 Dixit
727 1615 924 1657 senex:
957 1597 1243 1653 Voluntas
1275 1592 1531 1666 propria,
1561 1594 1620 1646 et
1664 1587 1917 1659 requies,
1950 1589 2007 1641 et

352 1692 717 1750 consuetudo
748 1690 995 1745 istorum
1024 1685 1225 1756 dejicit
1254 1684 1576 1739 hominem.

417 1803 508 1856 77.
544 1799 695 1854 Dixit
724 1812 937 1853 senex:
965 1792 1256 1859 Charitas,
1288 1794 1345 1845 et
1372 1785 1769 1852 taciturnitas,
1801 1786 1856 1839 et
1899 1798 1966 1838 oc

350 1890 508 1947 culta
542 1887 841 1947 meditatio
874 1887 1186 1957 operantur
1221 1879 1557 1953 puritatem.

418 1999 508 2053 78.
544 1996 691 2052 Dixit
733 2009 948 2051 senex:
1002 1993 1374 2060 Quaacunque
1422 2000 1602 2057 super
1653 1995 1993 2038 mensuram

350 2093 510 2156 sunt,
544 2088 875 2142 daemonum
918 2084 1075 2137 sunt.

418 2198 509 2250 79.
535 2193 690 2250 Dixit
711 2208 910 2248 senex:
938 2187 1085 2253 Quid
1119 2202 1267 2258 opus
1297 2188 1386 2240 est
1416 2181 1703 2238 aedificare
1745 2178 1996 2235 alienam

350 2288 590 2342 domum
624 2287 683 2338 et
712 2279 1007 2352 propriam
1041 2273 1405 2332 subvertere?

417 2379 672 2435 80.Dixit
701 2394 875 2433 senex
904 2392 917 2430 :
947 2372 1270 2444 Unicuique
1316 2369 1472 2424 inter
1520 2366 1775 2423 medium
1809 2363 1910 2421 Dei
1942 2366 1999 2419 et

348 2469 607 2526 hominis
640 2465 875 2540 propria
905 2462 1172 2519 voluntas
1205 2475 1405 2515 murus
1429 2465 1514 2513 est
1536 2473 1719 2512 aereus
1750 2460 1807 2511 et
1839 2458 2002 2526 petra

350 2557 700 2630 anteposita.
734 2556 794 2611 Si
825 2570 962 2626 ergo
999 2549 1364 2623 superaverit
1413 2547 1588 2602 homo
1636 2544 1998 2600 voluntatem

351 2664 542 2711 suam,
569 2650 760 2719 potest
778 2640 1112 2698 verisssime
1134 2640 1343 2695 dicere:
1369 2634 1506 2691 Etin
1526 2635 1641 2691 Deo
1660 2650 1787 2689 meo
1813 2638 1999 2688 trans-

348 2736 581 2809 gredior
617 2750 851 2790 murum
884 2731 1058 2803 (Psat.
1091 2738 1248 2793 xvn).

419 2844 509 2899 81.
543 2841 699 2896 Dixit
742 2854 938 2895 senex:
986 2836 1103 2892 Nos
1160 2831 1636 2903 derclinquentes
1694 2832 1912 2884 rectam
1944 2830 2001 2882 et

350 2931 710 2988 luminosam
743 2928 919 2995 viam,
952 2923 1367 2998 perspinosam
1387 2919 1833 2976 ettenebrosam
1866 2933 2002 2989 gra-

348 3021 575 3076 dimur:
609 3019 666 3074 id
700 3026 805 3088 est,
848 3013 1321 3085 derclinquentes
1370 3009 1638 3081 plangere
1685 3024 1792 3063 nos
1839 3005 1999 3078 ipsos

349 3114 405 3166 et
426 3113 629 3164 nostra
651 3110 908 3179 peccata,
932 3105 991 3159 in
1014 3100 1398 3174 negligentias
1421 3098 1815 3171 proximorum
1841 3111 1995 3151 sem-
2029 3122 2072 3189 ρ

351 3216 454 3271 per
484 3198 831 3270 aspicimus.

420 3307 511 3363 82.
542 3305 693 3362 Dixit
718 3321 913 3361 senex:
939 3302 1064 3358 Non
1098 3304 1189 3357 est
1228 3297 1556 3355 monachus
1606 3295 1705 3368 qui
1763 3296 1833 3351 de
1885 3293 2001 3351 alio

351 3398 628 3466 detrahit;
652 3414 768 3453 non
801 3400 891 3452 est
916 3392 1244 3450 monachus
1275 3390 1375 3463 qui
1407 3390 1597 3445 reddit
1644 3386 1864 3442 malum
1899 3402 2001 3456 pro

348 3490 522 3559 malo;
552 3506 669 3546 non
700 3492 790 3545 est
823 3486 1147 3544 monachus
1169 3482 1490 3538 iracundus
1516 3498 1530 3546 ;
1556 3495 1669 3533 non
1692 3482 1780 3532 est
1799 3493 2001 3533 mona-

347 3580 495 3636 chus
527 3579 799 3651 cupidus,
833 3574 1499 3648 superbus,avarus,aut
1529 3568 2001 3635 e1atus,autver-

348 3672 531 3727 bosus
551 3686 572 3734 ;
595 3670 694 3725 sed
730 3667 831 3740 qui
856 3682 989 3721 vere
1014 3661 1338 3719 monachus
1357 3664 1465 3729 est,
1490 3657 1735 3713 humilis
1756 3661 1814 3712 et
1834 3658 2001 3728 quie-

346 3764 462 3828 tus,
493 3763 551 3814 et
581 3758 866 3813 charitate
898 3751 1356 3826 plenus,habens
1398 3750 1668 3805 timorem
1702 3746 1801 3802 Dei
1848 3763 2000 3802 sem-

349 3865 452 3921 per
483 3848 541 3903 in
568 3848 735 3904 corde
767 3862 894 3901 suo.

419 3938 505 3993 83.
533 3935 687 3991 Dixit
707 3949 903 3989 senex:
939 3931 1084 3986 Vide
1116 3945 1187 3986 ne
1224 3932 1567 3985 contemnas
1601 3925 1838 3981 fratrem
1889 3920 1996 3979 tibi

350 4031 663 4095 astantem;
699 4024 889 4080 nescis
914 4021 1069 4078 enim
1104 4024 1303 4076 utrum
1336 4019 1394 4073 in
1422 4022 1476 4072 te
1507 4016 1587 4072 sit
1615 4016 1865 4087 Spiritus
1897 4011 1995 4068 Dei

350 4134 424 4172 an
460 4116 517 4172 in
552 4114 671 4171 illo.

418 4207 505 4259 84.
536 4204 692 4260 Dixit
722 4219 919 4259 senex:
954 4198 1266 4256 Humilitas
1320 4200 1377 4252 et
1419 4195 1657 4251 castitas
1712 4197 1768 4251 et
1824 4192 2002 4251 timor

346 4295 449 4352 Dei
472 4295 776 4367 superiora
807 4296 946 4349 sunt
975 4288 1251 4346 omnibus
1281 4285 1619 4341 virtutibus.

415 4403 622 4458 1006
652 4402 740 4457 85.
774 4398 930 4455 Dixit
971 4411 1167 4453 senex:
1228 4391 1491 4465 [Equalis
1524 4395 1613 4447 cst
1662 4406 1839 4445 causa
1874 4406 1999 4445 mo-

347 4493 554 4553 nacho.
588 4490 637 4546 si
667 4494 871 4545 contra
900 4504 1034 4543 eum
1097 4484 1197 4557 qui
1244 4483 1300 4537 vi
1337 4480 1557 4548 nocuit,
1592 4495 1833 4535 causare
1864 4478 2003 4534 velit
2032 4489 2078 4554 Ι)

348 4598 414 4638 ac
446 4581 498 4636 si
530 4583 735 4635 contra
766 4574 1088 4632 diabolum.

417 4678 506 4734 86.
530 4676 683 4732 Dixit
711 4690 904 4730 senex:
943 4675 975 4727 A
1012 4672 1237 4727 minore
1270 4668 1500 4724 actione
1532 4682 1723 4738 usque
1752 4666 1823 4721 ad
1873 4682 1997 4721 ma-

340 4768 531 4839 jorem
565 4781 741 4838 quam
770 4763 887 4836 agit
919 4762 1094 4816 homo
1118 4764 1302 4814 totum
1328 4757 1385 4812 in
1417 4757 1570 4812 fastu
1589 4756 1717 4826 ejus
1740 4756 1997 4827 ponitur,

348 4858 469 4913 sive
500 4855 562 4910 in
596 4851 1075 4926 cogitationibus,
1109 4848 1230 4903 sive
1261 4846 1320 4901 in
1354 4844 1650 4918 operibus.

416 4963 501 5018 87.
540 4961 694 5017 Dixit
725 4976 921 5015 senex:
958 4955 1272 5012 Humilitas
1307 4970 1421 5010 non
1453 4957 1543 5009 est
1573 4957 1868 5026 sumptus,
1897 4953 1998 5009 sed

348 5054 406 5107 in
441 5050 599 5107 omni
626 5048 943 5121 sumptuali
973 5051 1062 5102 est
1092 5046 1556 5101 condimentum.

419 5158 507 5212 88.
541 5156 696 5212 Dixit
717 5171 912 5211 senex:
937 5151 1257 5208 Humiliare
1279 5151 1565 5222 seipsum,
1582 5153 1637 5206 et
1659 5150 1999 5222 despectum

350 5261 413 5302 se
444 5245 598 5317 apud
632 5245 827 5316 ipsum
862 5242 1095 5309 habere,
1122 5258 1223 5312 pro
1257 5256 1425 5295 muro
1457 5243 1542 5294 est
1567 5238 1873 5295 monacho.

421 5358 507 5413 89.
545 5356 696 5412 Dixit
724 5372 919 5413 senex:
954 5353 1059 5418 Qui
1084 5352 1209 5408 vult
1229 5351 1517 5408 aediﬁcare
1544 5350 2003 5416 domum,multa

350 5444 679 5501 necessaria
710 5445 1003 5515 procurat,
1032 5446 1097 5495 ut
1127 5438 1314 5510 possit
1343 5436 1651 5509 perﬁcere;
1684 5436 1765 5493 ita
1795 5443 1852 5494 et
1878 5455 2003 5493 mo-

350 5536 603 5592 nachum
639 5535 885 5590 multam
913 5546 1115 5587 curam
1157 5528 1374 5585 habere
1420 5529 1648 5599 oportet
1695 5531 1759 5583 ut
1815 5526 2003 5600 possit

351 5640 528 5698 opera
560 5623 657 5683 Dei
688 5622 991 5696 perficere.

2104 478 2427 549 gratiarum
2459 475 2706 532 actione.

2170 567 2259 621 9t.
2283 565 2439 621 Dixit
2471 581 2666 621 senex:
2694 564 2820 623 Non
2851 568 2941 620 est
2974 563 3176 620 fortior
3194 563 3366 620 virtus
3389 582 3544 639 quam
3569 568 3681 623 nul-

2103 654 2227 710 lum
2261 671 2561 727 spernere.

2174 746 2263 799 92.
2304 744 2453 801 Dixit
2482 761 2696 801 senex:
2731 744 2794 800 In
2827 743 3104 800 omnibus
3127 743 3235 799 sibi
3258 760 3685 819 unumquemque

2106 834 2220 891 vim
2253 835 2461 901 facere,
2496 834 2615 889 haec
2643 837 2731 890 est
2759 833 2853 888 via
2884 833 3005 901 Dei,
3039 838 3094 890 et
3120 850 3263 905 opus
3293 834 3553 891 monachi.

2174 925 2264 979 93.
2298 924 2453 980 Dixit
2485 940 2680 979 senex:
2710 922 2818 989 Qui
2844 922 2957 978 sibi
2991 923 3080 977 vic
3111 923 3245 978 facit
3273 928 3487 995 propter
3519 929 3692 996 Deum,

2108 1013 2322 1070 similis
2356 1022 2443 1069 est
2472 1012 2697 1068 homini
2733 1012 3077 1068 confessori.

2176 1104 2247 1158 94
2282 1103 2426 1160 Dicit
2455 1120 2650 1158 senex:
2682 1103 2862 1158 Homo
2894 1101 3115 1157 habens
3172 1106 3409 1158 mortem
3457 1118 3559 1174 prae
3580 1120 3694 1160 ocu-

2106 1193 2182 1250 lis
2231 1193 2389 1249 omni
2424 1192 2583 1258 hora,
2614 1191 2797 1247 vincit
2826 1190 3387 1262 pusillanimitatem.

2177 1284 2265 1338 95.
2301 1282 2456 1338 Dixit
2493 1297 2707 1337 senex:
2757 1280 2893 1337 Esto
2942 1278 3091 1335 liber
3146 1280 3204 1334 in
3260 1279 3553 1353 loquendo,
3603 1298 3697 1338 non

2108 1389 2331 1430 SCI‘VUS.

2176 1462 2266 1516 96.
2299 1460 2453 1517 Dixit
2474 1475 2650 1515 senex
2672 1458 3073 1533 ;Impossibile
3092 1462 3181 1514 est
3198 1457 3321 1515 sine
3350 1458 3593 1516 custodia
3606 1458 3705 1515 oris

2108 1551 2390 1623 proficere
2420 1548 2719 1605 hominem
2753 1549 2840 1604 vel
2872 1550 2929 1604 in
2954 1566 3071 1604 una
3099 1549 3332 1619 virtute;
3364 1549 3540 1622 prima
3576 1548 3705 1605 enim

2106 1641 2292 1698 virtus
2322 1639 2592 1695 custodia
2621 1638 2740 1695 oris
2763 1644 2869 1694 est.

1973 1812 1991 1821 -
2026 1762 2079 1827 B
2178 1733 2269 1827 97.
2298 1732 2451 1787 Dixit
2479 1746 2675 1787 senex:
2711 1735 2824 1802 Ego
2857 1735 2975 1786 tres
3006 1746 3097 1786 res
3125 1730 3322 1799 timeo,
3370 1728 3426 1785 id
3466 1731 3567 1799 est,
3594 1744 3706 1785 cum

2114 1823 2311 1880 anima
2340 1820 2828 1891 egressuraestde
2846 1836 3107 1891 corpore,
3136 1823 3193 1875 et
3215 1835 3344 1874 cum
3363 1819 3420 1873 in
3442 1818 3711 1889 praesentia

2113 1912 2208 1968 Dei
2240 1915 2525 1967 venturus
2552 1926 2705 1976 sum,
2727 1913 2931 1965 etcum
2957 1908 3247 1965 sententia
3263 1912 3459 1964 contra
3489 1924 3573 1963 me
3598 1907 3713 1962 data

2113 2001 2287 2059 fuerit
2313 2000 2553 2071 (Pelag.,
2585 1999 2760 2055 tibell.
2790 2015 2877 2063 ιιι,
2901 2016 2961 2054 η.
2992 1999 3045 2066 4,
3077 1997 3300 2054 nomine
3327 1996 3496 2069 Elim).

2179 2103 2270 2157 98.
2305 2100 2461 2157 Dixit
2491 2116 2690 2155 senex:
2726 2099 2788 2154 In
2829 2114 3180 2171 quocunque
3226 2097 3351 2155 loco
3398 2097 3594 2153 sedens
3618 2111 3714 2152 non

2110 2191 2389 2263 respicias
2420 2190 2491 2245 ad
2521 2188 2654 2245 illos
2680 2188 2781 2260 qui
2810 2187 3030 2243 habent
3084 2185 3535 2242 consolationem
3573 2199 3713 2239 suam

2112 2281 2211 2336 sed
2245 2280 2314 2335 ad
2345 2294 2587 2350 egenum
2620 2295 2735 2334 non
2771 2276 3083 2333 habentem
3109 2293 3320 2348 panem
3342 2278 3438 2331 aut
3467 2274 3713 2347 requiem.

2182 2378 2271 2432 99.
2308 2377 2461 2432 Dixit
2489 2391 2685 2431 senex:
2720 2375 2781 2431 Si
2810 2374 2990 2431 habes
3036 2375 3390 2446 passionem,
3449 2377 3503 2429 et
3552 2370 3719 2427 relicta

2115 2467 2216 2523 illa
2248 2484 2350 2540 pro
2379 2464 2489 2521 alia
2522 2482 2582 2521 re
2613 2482 2743 2521 oras
2778 2464 3112 2533 Dominum,
3145 2480 3262 2520 non
3287 2461 3615 2527 exaudiaris;
3636 2458 3715 2514 sed

2113 2556 2369 2628 primum
2396 2559 2526 2627 pete
2554 2571 2656 2627 pro
2678 2554 3117 2627 impugnatione
3138 2558 3268 2621 tua,
3291 2558 3491 2608 etcum
3514 2549 3723 2623 pulsans

2113 2646 2418 2718 ingressus
2481 2643 2680 2713 fueris,
2739 2648 2880 2700 tunc
2924 2660 3028 2715 pro
3059 2642 3194 2699 aliis
3236 2641 3433 2714 aliqua
3485 2636 3723 2712 petitione

2114 2746 2274 2808 ruga.

2186 2826 2307 2880 100.
2336 2823 2492 2879 Dixit
2529 2839 2725 2879 senex:
2775 2822 2911 2878 Tria
2940 2826 3082 2879 sunt
3110 2821 3231 2879 ista
3268 2818 3539 2893 capitula,
3579 2816 3725 2871 timor

2114 2914 2239 2979 Dei,
2272 2918 2327 2971 et
2357 2913 2539 2969 oratio
2564 2912 2823 2977 assidua,
2855 2917 2913 2968 et
2934 2912 3081 2968 bene
3114 2912 3310 2968 facere
3343 2907 3593 2982 proximo
3620 2919 3725 2961 suo.

2187 3005 2308 3059 101.
2338 3004 2487 3058 Dixit
2517 3018 2713 3059 senex:
2747 3002 2910 3058 Sicut
2940 3002 3113 3058 ﬂatus
3145 3000 3456 3074 egrediens
3487 2997 3552 3051 de
3597 2992 3726 3049 nari-

2114 3094 2223 3149 bus
2257 3092 2381 3148 sine
2412 3109 2527 3163 quo
2560 3109 2675 3147 non
2707 3091 2941 3159 vivitur,
2970 3092 3051 3147 ita
3081 3090 3266 3147 homo
3298 3089 3562 3145 timorem
3583 3081 3731 3140 Deiot

2110 3183 2501 3239 humilitatem
2526 3197 2759 3252 semper
2783 3181 2953 3236 debet
2970 3180 3191 3237 habere
3223 3180 3283 3235 in
3325 3195 3389 3235 se
3437 3176 3653 3249 (Pelag.,
3672 3171 3728 3225 li-

2112 3273 2240 3329 bell.
2263 3288 2359 3341 xv,
2390 3288 2447 3326 η.
2480 3271 2570 3337 3'3,
2594 3274 2820 3325 nomine
2843 3268 3105 3337 Pastoris;
3141 3268 3373 3325 Fascia.
3406 3282 3453 3323 c.
3481 3266 3568 3319 ‘27.
3596 3258 3729 3326 12.2).

2184 3373 2305 3427 102.
2341 3370 2493 3426 Dixit
2523 3386 2722 3427 senex:
2753 3368 2900 3433 Quid
2932 3385 3081 3440 opus
3111 3373 3210 3424 est
3274 3366 3527 3439 incipere
3576 3356 3731 3415 artiﬁ-

2110 3462 2289 3527 cium,
2323 3460 2373 3516 si
2404 3476 2519 3515 non
2544 3460 2730 3515 discat
2761 3458 3040 3530 perficere
3070 3456 3253 3513 illud?
3286 3455 3435 3513 nihil
3489 3456 3574 3510 est
3617 3460 3729 3519 ergo

2111 3552 2265 3626 quod
2293 3549 2575 3621 incipitur
2598 3554 2655 3605 et
2685 3565 2799 3603 non
2833 3547 3159 3620 perficitur.

2183 3650 2305 3704 103.
2339 3647 2494 3702 Dixit
2526 3661 2723 3702 senex:
2747 3645 2932 3701 Homo
2959 3644 3008 3700 si
3041 3644 3209 3700 cordi
3241 3648 3345 3699 tuo
3379 3658 3491 3698 non
3535 3632 3733 3695 satisfa-

2109 3737 2209 3808 cit,
2244 3754 2316 3793 ne
2347 3736 2551 3791 credas
2574 3734 2658 3789 illi
2690 3734 3111 3790 conscientiam
3145 3732 3317 3789 cordi
3347 3732 3454 3787 tui.

2179 3827 2303 3881 404.
2337 3824 2490 3879 Dixit
2519 3839 2714 3879 senex:
2748 3823 3053 3879 Constitue
3085 3826 3289 3878 tecum
3323 3818 3474 3875 nulli
3506 3824 3735 3887 unquam

2108 3914 2331 3972 homini
2366 3913 2519 3969 male
2551 3914 2759 3981 facere,
2795 3913 2895 3968 sed
2928 3928 3146 3984 purum
3173 3911 3399 3968 habere
3418 3924 3517 3966 cor
3541 3905 3606 3963 ad
3636 3915 3740 3958 om-

2114 4022 2247 4062 nem
2272 4003 2590 4060 hominem.

2188 4096 2310 4151 105.
2337 4091 2720 4164 Interrogavit
2742 4092 2921 4147 frater
2952 4105 3182 4157 senem,
3217 4090 3466 4145 dicens:
3506 4084 3558 4140 Si
3580 4080 3741 4164 videro

2109 4184 2265 4241 inter
2281 4185 2485 4239 fratres
2504 4163 2762 4253 aliquam
2780 4178 3199 4252 negligentiam
3212 4180 3409 4249 ,jubes
3427 4182 3490 4232 ut
3505 4163 3739 4245 arguam?

2111 4274 2430 4345 respondit:
2464 4271 2524 4327 Si
2551 4275 2691 4326 sunt
2720 4270 2981 4327 seniores
3012 4268 3098 4324 vel
3126 4267 3415 4325 coaetanei
3440 4264 3544 4332 tui,
3576 4254 3739 4317 humi-

2110 4364 2245 4419 liter
2274 4363 2521 4417 admone
2551 4360 2680 4416 sine
2710 4359 3131 4432 increpatione,
3168 4363 3240 4415 ut
3269 4358 3384 4413 hoc
3420 4356 3545 4428 ipso
3575 4344 3741 4406 humi-

2112 4452 2184 4508 lis
2215 4450 2554 4506 invenieris.

2182 4541 2303 4595 106.
2330 4544 2530 4594 Frater
2559 4538 2861 4610 requisivit
2892 4538 3362 4606 senem,dicens:
3417 4536 3634 4590 Fratres
3660 4520 3742 4580 alii

2112 4646 2339 4686 mecum
2374 4628 2738 4697 cohabitant,
2762 4632 2819 4684 et
2847 4627 3053 4683 volunt
3083 4628 3201 4698 ipsi
3237 4632 3302 4684 ut
3334 4643 3441 4699 ego
3472 4621 3584 4679 illis
3622 4630 3740 4690 pra:-

2113 4719 2323 4793 cipiam
2358 4719 2652 4791 quomodo
2676 4717 2851 4789 jubes
2883 4722 2948 4774 ut
2979 4717 3230 4773 faciam?
3259 4712 3598 4786 Respondit:
3652 4705 3742 4760 Fac

2114 4815 2175 4866 tu
2209 4809 2364 4884 quod
2397 4809 2688 4881 praecipis,
2722 4812 2787 4863 ut
2825 4824 2939 4863 non
3000 4812 3241 4863 tantum
3295 4807 3418 4863 illis
3470 4797 3745 4876 praecepta.

2113 4901 2212 4956 sed
2245 4904 2302 4956 et
2333 4898 2647 4955 formulam
2680 4897 2935 4969 praebeas
2967 4897 3233 4970 (Pasch.,
3266 4913 3315 4952 ο.
3343 4896 3433 4963 43,
3464 4912 3521 4948 η.
3580 4890 3627 4957 1,
3668 4896 3745 4937 n0-

2112 4990 2264 5047 mine
2302 4989 2661 5061 Serapionis).

2187 5084 2306 5136 107.
2342 5060 2622 5135 Dicebant
2652 5094 2755 5150 pro
2786 5075 2998 5132 abbate
3045 5075 3311 5133 Macario
3364 5074 3600 5144 majore,
3630 5060 3747 5137 qui!

2115 5172 2266 5227 sicut
2295 5169 2449 5225 Deus
2482 5167 2734 5240 protegit
2760 5170 2948 5222 totum
2983 5166 3395 5235 mumdum,et
3425 5162 3609 5235 portat
3633 5167 3744 5227 pec-

2114 5264 2242 5316 cata
2263 5257 2592 5327 hominum,
2617 5256 2698 5311 ita
2728 5260 2785 5310 et
2811 5254 2905 5311 ille
2935 5257 3104 5327 quasi
3140 5256 3394 5327 quidam
3424 5253 3575 5309 Deus
3597 5250 3749 5302 terre-

2113 5367 2227 5407 nus
2258 5348 2368 5404 fuit
2398 5348 2457 5402 in
2489 5346 2795 5416 fratribus,
2817 5346 3087 5416 operiens
3146 5345 3375 5403 delicta
3434 5342 3681 5405 illorum,
3704 5332 3751 5385 et

2113 5456 2177 5494 ea
2208 5454 2337 5510 qua;
2367 5437 2599 5493 videbat
2628 5432 2720 5490 vel
2751 5434 3051 5505 audiebat,
3083 5435 3262 5505 quasi
3315 5450 3436 5491 non
3488 5429 3680 5487 videns
3708 5420 3755 5476 et

2113 5545 2227 5584 non
2260 5526 2533 5583 audiens.

2184 5614 2893 5690 108.1nterrogavitabbas
2914 5621 3141 5691 Moyses
3166 5615 3453 5674 abbatem
3476 5610 3751 5671 Silvanum
