4002 6166
144 381 240 438 401
863 384 1385 442 ONOMASTICON
1422 387 1682 442 RERUM
1719 388 1814 442 ET
1849 388 2253 443 VERBOBUM
2288 384 2851 440 DIFFICILIORUM.

3461 372 3567 427 402

146 509 566 577 conscendens,
602 508 894 566 universis
942 511 1175 567 eminus
1207 511 1624 583 conspicienda
1647 517 1796 568 asta-
1830 514 1883 580 Α
1912 510 2262 570 venerabilis
2292 513 2402 566 est.
2436 509 2713 565 Absidem
2739 506 2861 563 solo
2889 508 2944 561 et
2962 503 3282 575 parietibus
3306 517 3565 557 marmo-

148 601 261 658 bat.
293 622 322 649 ››
354 599 642 667 Isidorus,
676 599 776 656 lib.
813 618 887 656 xv
917 601 1163 671 Origin.,
1208 602 1397 673 capite
1419 602 1491 657 8:
1526 624 1553 651 «
1594 602 1811 657 Absida

1928 608 2108 659 ratam
2140 616 2372 657 camera
2402 599 2628 655 musivo
2661 597 2836 652 illusa
2865 593 3162 650 clariﬁcat.
3198 614 3224 642 δ)

147 689 340 746 Greco
360 704 654 755 sermone,
683 689 882 744 Latine
903 689 1561 761 interpretaturlucida,
1576 707 1641 746 eo
1657 692 1809 763 quod

146 778 365 833 lumine
380 784 614 850 recepto
637 795 738 849 per
752 795 953 834 arcum
978 779 1371 852 resplendeat,
1395 799 1421 831 ι
1445 781 1579 844 Quae
1597 779 1812 835 exscri-

143 869 285 924 bens
320 867 678 924 Wahfridus
708 868 913 925 Strabo
946 870 1016 924 de
1070 870 1247 925 rebus
1288 869 1629 926 Ecclesiast.
1681 886 1810 940 cap.

145 958 177 1012 6
198 973 211 1013 :
231 979 255 1009 ι
280 957 504 1012 Absida
526 956 741 1026 Graece,
761 956 955 1014 Latine
973 957 1169 1014 lucida
1199 959 1436 1025 dicitur,
1462 958 1811 1030 quialumen

145 1050 455 1118 acceptum
488 1063 592 1119 per
616 1062 819 1102 arcum
846 1046 1201 1103 intromittit.
1228 1071 1255 1098 »
1282 1048 1599 1121 Gregorius
1622 1050 1808 1104 Turo-

144 1136 370 1203 nensis,
409 1136 485 1191 De
516 1134 713 1191 Gloria
741 1140 1064 1209 martyrum
1092 1138 1190 1193 lib.
1214 1155 1257 1204 1,
1280 1155 1404 1208 cap.
1429 1137 1499 1192 63
1524 1154 1537 1192 :
1570 1159 1598 1189 ‹‹
1622 1138 1684 1193 In
1706 1155 1809 1208 pa~

150 1226 308 1290 riete,
347 1225 452 1297 qui
487 1240 520 1279 a
549 1228 716 1296 parte
743 1234 866 1281 erat
896 1227 1160 1298 oratorii,
1194 1227 1458 1283 absidem
1491 1225 1745 1298 collegit.
1782 1247 1807 1281 ι

147 1314 231 1371 Ita
264 1315 376 1370 Ms.
401 1313 600 1386 vulgo,
620 1314 682 1369 in
701 1316 901 1371 absida
922 1315 1165 1386 collegit.
1187 1317 1367 1373 Idem:
1392 1316 1539 1373 libro
1560 1316 1639 1371 De
1674 1316 1808 1372 Glo-

149 1404 229 1460 ria
259 1404 691 1470 confossorum,
716 1421 843 1476 cap.
867 1405 937 1459 96
962 1421 973 1459 :
1004 1426 1027 1457 ι
1054 1407 1197 1461 Ante
1238 1406 1483 1462 vitream
1516 1405 1805 1473 absidem,

152 1511 260 1566 qua
286 1492 737 1563 sancta(Albini)
755 1493 1198 1549 concluduntur
1219 1495 1807 1564 membra,sedebat.»

161 1583 244 1639 Ita
277 1582 392 1639 Ms.
429 1582 612 1649 Idem,
646 1580 795 1637 libro
833 1583 904 1637 de
936 1582 1086 1639 Vitis
1117 1584 1378 1650 Patrum,
1430 1584 1489 1640 in
1534 1584 1808 1657 Gregorio

166 1671 548 1745 Lingoniensi
580 1671 876 1743 episcopo,
910 1674 1079 1744 cujus
1112 1673 1391 1745 reliquias
1411 1673 1671 1729 Tetricus
1692 1672 1811 1745 epi-

155 1778 363 1833 scapus
378 1760 697 1815 transferre
712 1760 967 1818 volebat:
985 1784 1013 1811 ‹‹
1035 1766 1183 1817 Ante
1197 1761 1379 1818 altare
1397 1762 1652 1818 basilicas
1672 1763 1807 1817 fun-

1985 696 2069 747 Ex
2100 690 2273 747 dictis
2302 688 2666 762 quadruplex
2687 686 2888 741 obside:
2912 702 3053 739 usus
3075 682 3323 748 eruitur,
3345 684 3409 734 ut
3434 682 3561 734 tum

1918 781 2205 853 significet
2232 784 2602 835 curvaturam
2639 781 2800 841 rotae,
2834 780 2961 829 tum
2998 788 3197 828 arcum
3231 770 3322 824 cui
3363 768 3562 839 aliqua

1918 872 1983 927 ﬁt
2013 869 2336 942 inscriptio,
2370 873 2495 923 tum
2530 868 2723 923 locum
2756 863 3058 922 editiorem
3085 860 3183 916 ubi
3216 858 3378 915 sedet
3407 857 3559 928 epis-

1917 978 2120 1034 copus,
2154 965 2277 1016 tum
2312 974 2603 1015 cameram
2639 958 2696 1012 in
2749 972 2865 1027 qua
2899 951 3158 1025 reliquiae
3216 951 3560 1005 Sanctorum

1918 1052 2272 1106 conduntur.
2324 1051 2458 1112 Qua:
2504 1048 2619 1102 fere
2675 1043 3040 1105 Glossarium
3094 1039 3565 1095 Camberonense

1919 1139 2384 1210 manuscriptum
2418 1136 2691 1208 exprimit
2724 1151 2737 1189 :
2774 1131 3029 1189 «Absida
3063 1129 3280 1184 dicitur
3326 1125 3562 1191 exedra,

1918 1229 1976 1283 id
2008 1236 2118 1297 est,
2152 1227 2535 1283 sacratorium
2569 1224 2675 1293 ;vel
2708 1222 2959 1289 loculus,
2996 1221 3054 1275 id
3085 1223 3176 1275 est
3206 1218 3507 1284 feretrum,
3534 1235 3563 1264 »

1918 1318 2123 1373 Idem:
2160 1339 2189 1367 «
2224 1316 2443 1372 Absida
2501 1316 2693 1370 Graece
2749 1312 3170 1383 interpretatur
3226 1304 3443 1371 lucida,
3497 1318 3563 1358 eo

1918 1408 2071 1479 quod
2109 1406 2331 1462 lumine
2345 1409 2581 1476 accepto
2604 1420 2705 1475 per
2728 1417 2929 1458 arcum
2944 1397 3369 1470 resplendeat.»
3397 1392 3561 1456 Quod

1915 1496 2267 1551 verbotenus
2296 1512 2363 1551 ex
2396 1494 2616 1550 Isidoro
2648 1508 2827 1563 supra
2858 1489 3030 1545 citato
3054 1488 3358 1556 acceptum
3377 1482 3559 1537 vides.

1916 1586 2077 1641 Idem
2113 1602 2125 1639 :
2158 1585 2395 1651 Absida,
2431 1583 2662 1654 sphaera
2694 1597 2797 1637 seu
2830 1576 3325 1649 hemisphaerium.
3348 1591 3375 1622 ι

1983 1677 2219 1730 Anseres.
2249 1674 2345 1729 Vit
2373 1671 2685 1743 Onupbrii,
2717 1687 2843 1741 cap.
2882 1669 2949 1724 10
2982 1684 2995 1722 :
3050 1688 3078 1717 «
3129 1665 3354 1735 Abspes
3401 1676 3561 1717 eram

1915 1764 2210 1820 multoties
2235 1763 2383 1819 vitae.
2418 1785 2446 1812 ››
2480 1762 2643 1826 Quod
2673 1759 2889 1815 Graecis
2918 1752 3259 1821 ἀπελπίζων.

157 1849 1805 1946 ἀδωθηίαὶεξοξξνθηῖφίδ-(ζυθξβείἀεὶωίτοξρθτθοουξίῖυίμ
1838 1881 1883 1946 Β
1988 1874 2180 1938 Amas,
2206 1871 2502 1935 Leontius,
2538 1869 2595 1922 in
2628 1867 2763 1921 Vita
2794 1864 2983 1920 sancti
3012 1860 3255 1916 Joannis
3288 1856 3560 1913 Eleemo-

160 1945 209 1997 et
235 1938 605 1996 transvolvit.
627 1960 648 1989 ι
688 1940 773 1995 Ita
789 1939 895 1995 Ms.
915 1939 1286 2007 Hincmarus,
1311 1941 1661 1996 Rbemcnsis
1683 1940 1807 2013 epi-

159 2047 378 2101 scopus,
414 2030 488 2085 de
519 2029 703 2100 gestis
738 2028 957 2085 habitis
991 2047 1095 2102 pro
1129 2031 1376 2086 divortio
1422 2030 1808 2102 Thietbergae,

161 2124 487 2192 respectans
510 2119 583 2173 ad
616 2118 967 2175 concilium:
994 2142 1022 2170 «
1052 2121 1117 2175 Et
1149 2120 1302 2176 sacri
1334 2120 1812 2191 canonesjuhent

166 2214 221 2265 ut
258 2209 605 2282 pmnitentes
646 2212 909 2279 tempore
941 2226 1056 2281 quo
1125 2210 1523 2281 paenitentiam
1585 2214 1807 2280 petunt,

165 2300 568 2371 imposituram
590 2314 869 2353 manuum
892 2302 949 2354 et
981 2298 1237 2354 cilicium
1256 2316 1434 2371 super
1457 2298 1649 2371 capita
1668 2317 1700 2354 a
1718 2316 1809 2354 sa-

166 2390 406 2457 cerdote,
440 2388 599 2444 sicut
626 2387 846 2458 ubique
894 2386 1197 2459 vulgatum
1228 2393 1338 2456 est,
1371 2394 1507 2445 ante
1545 2388 1809 2445 absidem

167 2478 404 2551 capiant.
461 2478 624 2542 Quod
691 2478 1070 2549 unusquique
1122 2479 1355 2549 publice
1405 2477 1689 2549 paenitens
1738 2478 1811 2533 ab

168 2568 423 2640 episcopo
446 2583 576 2633 suo,
604 2567 673 2621 de
710 2566 881 2637 cujus
931 2566 1207 2639 parochia
1260 2572 1367 2638 est,
1417 2568 1587 2622 debet
1631 2567 1811 2622 susci-

172 2674 350 2729 pere.»
380 2655 637 2713 Annales
664 2656 1043 2725 Francorum,
1065 2673 1196 2728 pag.
1227 2658 1330 2712 29:
1359 2658 1416 2711 In
1440 2655 1635 2711 absida
1649 2656 1812 2711 eccle-

170 2746 499 2804 siaGlossm
522 2748 745 2801 veteres
773 2762 785 2801 :
816 2746 1192 2813 Absida,sedes
1210 2746 1589 2819 episcoporum
1614 2745 1697 2802 Ibi
1721 2761 1809 2801 se-

175 2838 296 2891 dem
318 2835 571 2909 episcopi
597 2835 781 2891 fuisse
802 2834 1059 2891 declarat
1078 2835 1242 2892 locus
1273 2835 1585 2907 Augustini
1610 2852 1810 2906 supra,

182 2925 339 2996 epist.
357 2926 482 2992 225,
517 2924 616 2980 ubi
650 2925 923 2995 praecedit
955 2941 969 2979 :
1001 2947 1029 2976 «
1054 2942 1127 2980 an
1152 2929 1355 2981 nostra
1391 2924 1693 2991 subsellia,
1719 2940 1811 2979 re-

194 3013 320 3070 licta
346 3015 537 3084 turba,
570 3014 901 3069 redieram..
928 3036 955 3064 ››

255 3104 472 3160 Αὺεὶάω
502 3103 609 3159 has
641 3104 766 3159 loco
799 3103 1183 3160 eminentiora
1215 3104 1397 3160 fuisse
1418 3105 1661 3176 ideoque
1683 3120 1813 3175 gra‘

188 3194 355 3263 datas,
376 3193 684 3250 declarant
707 3192 833 3249 loca
855 3194 1171 3266 Augustini
1202 3198 1258 3249 et
1276 3194 1476 3249 Evodii
1509 3210 1687 3265 supra
1708 3194 1810 3248 ad-

184 3283 360 3354 ducta,
394 3285 504 3340 Leo
541 3282 928 3351 Marsicanus,
962 3283 1064 3339 lib.
1098 3302 1137 3351 1,
1171 3301 1298 3356 caq.
1340 3285 1402 3341 19
1436 3303 1447 3340 ;
1478 3306 1505 3333 ‹‹
1542 3284 1607 3339 In
1653 3282 1809 3338 basi-

184 3372 299 3428 lice
326 3374 525 3429 absida
554 3373 767 3440 media,
800 3374 871 3428 ad
904 3389 1081 3444 quam
1115 3390 1214 3445 per
1264 3378 1391 3430 octo
1441 3373 1662 3445 gradus
1721 3388 1815 3427 as-

196 3463 463 3534 cenditur,
490 3463 675 3519 altare
706 3462 1030 3519 constituit.
1058 3484 1085 3511 ››

253 3554 493 3626 Superse
520 3554 628 3609 deo
661 3552 831 3623 plura
859 3568 1156 3624 aggerere.
1176 3552 1470 3608 loca.Haec
1493 3554 1685 3606 autem
1714 3565 1821 3621 ag-

198 3644 354 3713 gessi,
384 3648 448 3699 ut
476 3660 545 3699 ex
576 3642 648 3697 iis
678 3642 885 3699 absidae
916 3659 1059 3697 usus
1087 3642 1285 3713 aliquo
1332 3642 1503 3696 modo
1560 3640 1819 3695 innotes-

205 3735 355 3787 ceret.
389 3732 725 3805 Onupbrius
756 3731 1092 3798 Panvinius,
1118 3732 1175 3786 in
1201 3730 1584 3802 explicatione
1612 3745 1819 3785 vocum

209 3823 575 3889 quarumdam
596 3821 1129 3877 ecclesiasticarum
1154 3820 1362 3876 obsides
1397 3819 1631 3874 nomine
1652 3816 1822 3871 intel-

205 3907 324 3981 ligit
360 3929 529 3982 quam
589 3910 719 3966 Itali
766 3910 1121 3967 ecclesiarum
1174 3911 1454 3965 tribunum
1512 3911 1719 3963 vocant
1752 3922 1763 3959 :
1794 3928 1822 3956 ‹‹

1920 1960 2160 2033 synarii,
2188 1976 2313 2030 cap.
2348 1959 2413 2012 21
2443 1974 2454 2013 :
2491 1979 2519 2005 «
2555 1972 2679 2027 quae
2710 1953 2953 2010 collecta
2982 1953 3146 2005 erant
3178 1965 3210 2002 a
3233 1945 3452 2001 Mauris
3500 1945 3560 1998 in

1916 2049 2039 2105 acie
2068 2052 2353 2119 ipsorum,
2388 2046 2642 2101 Dubium
2673 2043 2853 2097 videri
2886 2040 3070 2112 possit
3121 2054 3194 2093 an
3254 2036 3313 2101 in
3368 2034 3563 2089 Grmco

1919 2138 2093 2193 fuerit
2122 2134 2354 2214 φάλαγξ,
2388 2136 2544 2206 quod
2578 2150 2735 2188 nunc
2764 2130 2947 2187 aciem
2982 2144 3082 2183 seu
3114 2123 3560 2180 multitudinem

1917 2227 2226 2293 exercitus,
2242 2241 2398 2279 nunc
2411 2223 2693 2279 trutinam
2716 2220 3029 2291 significat.
3050 2216 3215 2270 Certe
3228 2213 3321 2267 hic
3336 2216 3565 2266 staterae

1917 2316 2237 2382 fltmentio,
2263 2315 2321 2369 in
2346 2330 2463 2385 qua
2484 2312 2763 2366 dicuntur
2786 2313 2953 2364 actus
2978 2306 3107 2375 ejus
3130 2300 3393 2373 appensi.
3423 2300 3565 2353 Hinc

1916 2405 2139 2476 aginan'
2168 2410 2226 2459 et
2254 2402 2475 2458 acinari
2504 2419 2537 2456 a
2568 2415 2743 2471 scapo
2768 2396 3021 2452 trutinas.
3056 2394 3291 2448 Festus:
3321 2410 3349 2438 «
3378 2387 3567 2459 Agina

1917 2501 2024 2562 est,
2054 2512 2169 2566 qua
2199 2493 2484 2548 inseritur
2514 2505 2727 2560 scapus
2758 2487 3013 2551 trutinae,
3040 2484 3096 2537 id
3117 2485 3225 2545 est,
3249 2480 3307 2534 in
3332 2494 3447 2549 quo
3477 2478 3563 2531 fo-

1918 2585 2144 2641 ramine
2175 2582 2395 2638 trutina
2424 2597 2485 2636 se
2508 2578 2702 2635 vertit.
2734 2576 2895 2632 Unde
2928 2572 3259 2643 aginatores
3286 2568 3565 2622 dicuntur

1918 2674 2015 2746 qui
2052 2688 2224 2744 parvo
2255 2672 2417 2725 lucro
2449 2672 2774 2723 moventur.
2810 2687 2836 2714 ››
2865 2660 3228 2719 Glossarium
3256 2657 3560 2713 Gambero-

1917 2745 2098 2819 nense
2119 2761 2208 2816 Ms
2236 2779 2248 2816 :
2278 2780 2305 2810 «
2324 2759 2623 2831 Aginator,
2653 2754 2981 2826 negotiator
3010 2776 3024 2815 ;
3048 2750 3244 2804 dictus
3268 2746 3340 2800 ab
3365 2745 3562 2815 agina.

1918 2852 2107 2924 Agina
2136 2850 2291 2905 enim
2307 2848 2523 2903 dicitur
2542 2846 2688 2900 illud
2714 2845 2973 2899 foramen
3000 2841 3059 2894 in
3084 2855 3198 2909 quo
3215 2838 3563 2924 scapustru-

1917 2922 2050 2997 tina:
2083 2939 2386 3007 inseritur,
2418 2941 2474 2991 et
2504 2936 2562 2990 in
2594 2951 2706 3005 quo
2728 2932 2951 2988 trutina
2981 2946 3042 2985 se
3062 2926 3257 2983 vertit.
3283 2925 3424 2980 Inde
3442 2922 3566 2995 agi-

1922 3034 2094 3086 nator
2119 3027 2355 3093 dicitur,
2386 3026 2488 3096 qui
2536 3039 2714 3096 parvo
2755 3022 2914 3076 lucro
2965 3020 3249 3073 movetur.
3286 3037 3314 3064 »
3371 3014 3519 3068 Idem
3554 3028 3568 3066 :

1923 3143 1951 3170 «
1978 3115 2565 3191 Aginare,explicare,
2591 3112 2833 3183 agitare,
2859 3110 2960 3180 fug
2973 3106 3331 3173 are,dictum
3366 3103 3438 3157 ab
3454 3100 3574 3173 agi-

1927 3225 2023 3277 na,
2056 3207 2210 3278 quod
2244 3209 2333 3260 est
2362 3219 2575 3274 scapus
2606 3201 2861 3265 trutinae,
2886 3214 3014 3268 quae
3044 3195 3175 3249 ideo
3218 3194 3302 3248 sic
3332 3194 3572 3247 vocatur

1924 3296 2079 3369 quod
2104 3311 2171 3351 ea
2194 3310 2473 3349 mensura
2497 3288 2769 3364 ponderis
2789 3290 3017 3357 agatur.
3042 3306 3069 3333 »
3096 3282 3313 3338 Glossaa
3336 3278 3566 3369 Isidori:

1923 3366 2257 3457 dgginantes
2313 3382 2673 3453 explicantes.
2711 3379 2778 3432 Et
2807 3374 2947 3447 quia
2977 3392 3012 3442 g
3041 3377 3099 3427 et
3126 3386 3158 3428 ε
3188 3374 3425 3425 mutuas
3456 3366 3569 3457 sibi

1925 3454 2128 3547 operas
2161 3475 2463 3545 praestant,
2494 3470 2631 3524 hinc
2656 3468 2716 3521 in
2749 3463 2972 3521 Glossis
3008 3459 3215 3517 Isidori
3249 3476 3263 3513 :
3316 3454 3567 3547 acinari,

1926 3546 2144 3635 tricapi.
2179 3562 2241 3617 in
2270 3576 2441 3631 parvo
2467 3558 2701 3613 morari.
2736 3556 2819 3609 Ita
2857 3552 3038 3607 etiam
3097 3550 3275 3604 habet
3330 3546 3568 3601 Glossa-

1929 3654 2081 3709 rium
2112 3653 2581 3708 Camberonense
2610 3648 2717 3702 Ms.

2000 3742 2127 3797 Alia
2141 3739 2568 3812 signiﬁcatione
2582 3737 2639 3791 in
2654 3732 2980 3790 Glossario:
3004 3729 3199 3800 Aginat
3212 3721 3575 3797 στρατεύεται.

1928 3833 2189 3899 Aginare,
2222 3824 2549 3903 στρατεύειν.
2582 3824 2861 3879 Existimo
2884 3821 3039 3875 enim
3066 3815 3316 3887 intelligi
3349 3820 3578 3884 Agentes

1928 3923 1987 3975 in
2019 3919 2311 3989 rebus,qui
2337 3934 2470 3987 pars
2487 3915 2708 3969 militiae
2730 3919 2913 3975 erant,
2929 3910 3053 3963 Jos.
3078 3906 3358 3976 Scaliger,
3386 3904 3457 3958 ad
3478 3902 3583 3956 Fe-

207 3997 353 4055 Forte
379 4001 510 4072 quia
539 4000 680 4055 olim
712 4001 1033 4055 vocabatur
1065 3998 1345 4066 tribunal,
1370 4021 1397 4047 λ
1430 3996 1515 4053 vel
1541 4000 1694 4052 certe
1720 3994 1811 4050 tri-

1929 4014 2111 4073 stum,
2147 4008 2285 4079 legit
2312 4002 2658 4079 τρακτεύεται
2691 4008 2749 4056 et
2779 3996 3113 4072 τρακτεύειν,
3144 3996 3200 4049 id
3255 3997 3362 4060 est,
3421 4005 3583 4059 nego-

214 4087 361 4144 bunal
387 4092 443 4145 in
474 4088 676 4146 abside
710 4095 850 4145 erat.
881 4088 1196 4161 Gregorius
1225 4086 1600 4150 Turonensis,
1641 4083 1743 4138 lib.
1787 4100 1826 4137 ιι
1932 4098 2074 4154 ηανξ
2099 4076 2266 4151 ιῡοτὶθ
2289 4076 2581 4167 quispiam
2611 4089 2898 4146 divinabit
2923 4086 3237 4157 legendum
3266 4076 3584 4167 atpwfyedst

217 4176 455 4247 Miracul,
483 4196 611 4251 cap.
640 4180 675 4233 2
706 4196 719 4235 :
759 4201 786 4229 «
822 4178 1084 4251 Denique
1125 4176 1387 4233 oratione
1446 4176 1620 4240 facta,
1671 4172 1811 4243 erigc

1933 4191 1991 4242 et
2019 4165 2397 4259 στραγγεύεὲαι
2423 4183 2568 4238 Nam
2620 4196 2652 4234 a
2684 4174 2903 4248 στρὰγξ,
2935 4178 3107 4244 gutta,
3145 4172 3208 4225 ﬁt
3253 4165 3582 4259 etpawedm,

217 4268 493 4325 oculorum
527 4270 713 4325 aciem
745 4270 817 4329 ad
851 4267 1131 4332 tribunal,
1183 4264 1591 4337 conspicioque
1651 4261 1709 4316 in
1764 4276 1811 4316 et

1932 4255 2481 4347 gutta'timiexprimo,
2506 4275 2563 4325 et
2586 4263 3003 4338 metaphorice,
3026 4275 3214 4332 premo
3241 4261 3291 4314 et
3316 4255 3474 4327 quasi
3486 4270 3587 4325 per

218 4368 508 4424 versiculos
539 4366 651 4421 hoc
683 4362 854 4417 modo
881 4355 1246 4429 conscriptos
1280 4371 1292 4409 :
1933 4366 2233 4432 angustum
2251 4364 2499 4433 foramen
2529 4359 2683 4413 επίνε
2710 4368 2858 4422 cogo,

2006 4470 2203 4522 ACUTI.
2240 4466 2524 4536 Pelagius,
2556 4461 2754 4517 libello
2802 4476 2893 4524 xv,
2930 4475 2987 4511 η.
3039 4454 3106 4509 48
3138 4472 3150 4509 :
3203 4475 3231 4505 «
3261 4454 3425 4509 Sicut
3473 4451 3587 4505 im-

1939 4556 2221 4630 possibile
2251 4560 2339 4609 est
2370 4554 2552 4609 navim
2585 4547 2849 4606 fabricari
2892 4547 3018 4601 sine
3049 4543 3262 4600 acutis.
3307 4563 3335 4591 »
3388 4542 3474 4596 An
3526 4540 3587 4595 in

284 4674 429 4737 Quod
460 4669 788 4744 Hesychius
827 4659 1043 4737 ἀψίδας,
1102 4664 1308 4731 praeter
1365 4660 1501 4712 rotas
1544 4653 1831 4710 circulum
1863 4607 1910 4673 D
1943 4607 2222 4710 l(plr'zecoab
2244 4643 2364 4715 ὀξὺς
2382 4640 2612 4743 aliquod
2635 4636 3189 4744 nomen'dedu‘ctujm
3228 4629 3589 4744 fuerit,quod

225 4762 378 4819 etiam
401 4722 647 4835 κπμάρέκς
688 4755 944 4828 explicat
974 4753 1114 4807 dum
1148 4748 1249 4835 ait,
1281 4741 1619 4835 ’AtltlSEQLtd
1659 4740 1811 4835 add:

1944 4738 2245 4812 interpreti
2266 4732 2625 4790 occasionem
2670 4727 2897 4782 dederit
2917 4722 3175 4779 vertendi
3200 4730 3407 4787 acutos,
3431 4722 3592 4789 equi-

2246 4826 2256 4835 .
2336 4828 2373 4835 η
2420 4823 2430 4833 ι
2476 4822 2512 4835 ,ι
2643 4822 2655 4835 ι
2708 4832 2827 4835 ,,_-,,
2862 4814 2952 4835 ιε-
2983 4815 3289 4835 ---.,---ι.-..
3339 4808 3586 4835 ε-ι-11;η;

590 4808 1017 4920 ζὶπϋεὲῖῷἑρειαι,
1049 4839 1085 4908 ἢ
1108 4808 1373 4926 καμέὶραιᾲξ
1395 4808 1671 4926 intelligit
1692 4832 1747 4885 id
1766 4832 1811 4884 d<

1947 4835 2079 4889 dem
2103 4808 2317 4884 nescio.
2336 4822 2617 4877 Existimo
2639 4822 2837 4872 tamen
2862 4814 2956 4869 hic
2983 4815 3314 4883 peracutos,
3339 4808 3590 4879 intelligi

1955 4920 2003 4926 “‘
2149 4916 2172 4926 "
2259 4913 2269 4926 '
2545 4910 2590 4926 ’ν
2644 4923 2689 4926 --
2715 4906 2793 4926 -ν-¹
2823 4903 3068 4926 -Α-ρ-μΙ---
3099 4901 3242 4926 -.-ΑΔ
3272 4903 3588 4926 ..ι-...κηηη

223 4901 319 5013 quo
349 4901 622 5000 gavc't'gnus
649 4901 898 5010 egimus.
935 4901 1029 4987 Sic
1058 4901 1275 4983 camera
1333 4901 1615 4993 Gregorio
1656 4926 1837 5013 'I‘_uro-
1945 4916 2176 5013 ἥλουςῇ
2208 4913 2477 4990 γόμφους,
2509 4910 2690 5013 clavos
2710 4906 2793 4960 vel
2803 4901 3590 5013 gomphosgqupd‘utpﬁmgqe

221 4988 390 5101 ζωῇ,
422 5032 521 5087 Ηὺο
558 5048 577 5085 Ι
607 4988 903 5098 Βεσὲιοτία
934 5023 1283 5088 martyrum,
1318 5028 1443 5082 cap.
1478 5012 1579 5064 l17:
1615 5033 1641 5060 «
1691 5009 1838 5063 Dum
1948 5013 2007 5067 in
2041 5008 2275 5064 navium
2309 4997 2707 5071 compactione
2736 4994 2983 5048 refertur
3011 4990 3317 5101 aPoLluce,
3340 4988 3442 5101 linb‘.
3468 5006 3506 5052 ι,
3536 5005 3586 5044 c.

2041 5100 2057 5101 κ
2178 5096 2198 5101 ..
2240 5094 2249 5101 .
2277 5093 2289 5101 .
2513 5085 2569 5101 III
2734 5082 2903 5101 ,n,,3_
3001 5097 3094 5101 ___
3206 5099 3211 5101 .
3252 5094 3265 5101 -
3308 5100 3328 5101 η
3438 5077 3589 5101 η---ιέ

217 5075 1013 5186 ﬂag-1,15;'I‘oulvzoiééarum
1038 5075 1839 5177 muaPtYrum,'missarumso-
1946 5103 2002 5167 9,
2036 5100 2140 5169 §2.
2178 5093 2459 5186 Isidorus,
2511 5085 2612 5140 lib.
2646 5100 2743 5186 axx
2771 5082 2948 5186 Qrig.,
2994 5097 3116 5186 (ἔαρ.
3149 5080 3266 5186 3a,:
3300 5075 3592 5186 «‘clavati

211 5168 898 5269 lemniavcelebraren‘tur,
932 5168 1214 5255 cecidisse
1241 5209 1271 5248 e
1301 5206 1532 5247 camera
1577 5187 1839 5244 tabulam
1951 5186 2117 5260 quasi
2143 5180 2403 5243 calceati,
2426 5194 2493 5232 eo
2517 5174 2669 5247 quod
2714 5170 2959 5269 minutis
2976 5168 3171 5269 clavis,
3194 5168 3378 5269 id'est,
3404 5168 3595 5269 acutis

214 5256 413 5359 Onam:-
432 5324 461 5351 »
486 5300 696 5356 Severo
728 5256 1030 5355 Paullnus,
1063 5284 1234 5357 epist-
1269 5282 1337 5337 42
1366 5297 1378 5335 ε
1407 5303 1433 5329 α
1458 5278 1709 5335 BaSilica
1734 5277 1841 5347 igi-
1952 5278 2121 5337 solem
2137 5272 2340 5343 caligis
2362 5262 3007 5361 vinciantur.»Sicforte
3026 5260 3097 5314 ab
3115 5258 3300 5361 acutis
3321 5256 3597 5361 gomphis

218 5398 306 5448 tur
342 5392 461 5460 illa,
489 5405 618 5461 quae
641 5386 711 5439 ad
738 5376 1157 5438 Dominaedium
1181 5376 1444 5429 nostrum
1470 5385 1841 5425 communem
1955 5372 2203 5430 astrum,
2236 5361 2695 5461 instrume‘n‘tu'm
2746 5351 3055 5461 rustixcgm,
3110 5349 3328 5404 dictum
3383 5347 3597 5451 Graecis

212 5437 615 5549 patro-dumi;
635 5437 875 5530 nomine
904 5465 1135 5522 Domini
1178 5462 1390 5518 Christi
1419 5462 1543 5531 jam
1578 5459 1807 5515 dedicat

1952 5454 2097 5525 ὀξίνα
2128 5450 2446 5525 Hesychuis
2524 5437 3065 5549 'Oitta,'€pvaleipv‘
3087 5460 3139 5549 τέ
3172 5437 3490 5549 γεωργιῗῗν.
3520 5454 3597 5486 σι-

212 5525 835 5636 gladii-antanuqu—atuor
864 5558 992 5627 ejus
1026 5552 1284 5608 basilicis
1317 5525 1534 5617 addita,
1578 5548 1809 5619 reliquii

1956 5542 2157 5617 δηροῦς
2186 5540 2438 5616 γόμφους
2469 5530 2597 5609 ἕχον
2626 5530 2920 5603 ἑλκόμενον
2974 5528 3076 5582 ὑπὸ
3111 5528 3275 5602 βοῶν.
3310 5549 3337 5577 (ι
3390 5525 3592 5588 Oxina,

213 5614 617 5734 apostolordnf
637 5655 697 5709 et
729 5614 1055 5719 martvrum
1098 5642 1250 5696 intra
1285 5639 1548 5694 absidem
1594 5636 1850 5691 trichera
1955 5635 2416 5691 instrumentum
2437 5620 2966 5734 rusticumnf‘errfis
2986 5616 3259 5734 gomphis
3297 5614 3593 5734 cpnstana:

1107 5730 1120 5734 -
1198 5730 1211 5734 _
1314 5728 1347 5734 _.
1384 5728 1423 5734 _
1460 5726 1496 5734 ..
1542 5728 1552 5734 .
1632 5725 1643 5734 .
2096 5723 2111 5734 ε
2207 5722 2220 5734 ι
2286 5721 2297 5734 1
2430 5721 2439 5734 ι
2520 5715 2680 5734 [ειημ
2805 5708 2859 5734 2..
2939 5708 2990 5734 2...
3025 5724 3081 5734 ...ι
3155 5705 3315 5734 :nnnn
3352 5718 3365 5734 ι

217 5706 857 5808 sdbvaltariawsavcratis,
886 5706 1008 5791 non
1038 5730 1165 5788 solo
1198 5728 1351 5785 beati
1383 5726 1588 5784 Felicis
1630 5725 1850 5782 honore
1960 5723 2114 5796 quod
2146 5739 2179 5778 a
2207 5721 2395 5777 bobus
2430 5715 2700 5772 trahitur.
2731 5708 2902 5764 Aliud
2936 5708 3087 5761 infra
3116 5706 3389 5761 bisacuti.

302 4496 485 4544 Heroas
514 4490 713 4544 Christi
746 4487 989 4559 geminos
1022 4484 1104 4532 hee
1125 4478 1428 4559 cacantinetu
1431 4477 1571 4535 aula,

353 4542 618 4608 lulianum
649 4542 836 4617 capite,
872 4561 1095 4612 corpore
1125 4542 1484 4597 Ferreolum,»
