4002 6166
246 323 351 381 405
949 326 1465 382 ONOMAS'I‘ICON
1504 328 1763 383 RERUM
1802 328 1896 382 ΕΤ
1935 326 2337 383 VERBORUM
2374 326 2934 383 DIFFICILIORUM.
3554 325 3659 379 406

315 454 499 507 Acms
526 466 588 505 1N
618 466 825 509 annos.
863 450 1224 522 Heraclides,
1255 468 1381 524 cap.
1414 453 1520 507 53:
1549 473 1577 502 «
1607 453 1861 509 Juvener

1975 513 1980 520 _
2011 453 2475 525 Latinogrmcum
2511 496 2525 519 ,
2557 452 2929 522 Antiquarius
2962 497 2976 522 ,
3009 450 3425 528 ἀρχαιογράφος
3462 450 3662 506 καλλι-

251 541 557 614 quemdam
589 546 854 613 agentem
887 540 947 597 in
972 542 1172 607 rebus,
1204 546 1336 610 etc.,
1362 542 1695 599 commovit.
1724 564 1752 593 »
1773 543 1894 606 Quo
2004 542 2235 617 γράφος.
2272 543 2440 614 Apud
2472 541 2913 608 Cassiodorum,
2944 539 3046 595 lib.
3083 557 3122 595 ιι
3153 541 3368 596 Ilistor.
3398 542 3651 611 Tripart.

246 632 364 687 loco
391 630 850 703 Palladius,cap.
882 632 1009 699 148,
1032 631 1247 699 Graece,
1274 631 1663 705 μαγιστριανὸς
1695 632 1893 687 habet.
2001 649 2127 703 cap.
2168 634 2230 686 16
2257 648 2270 688 :
2308 655 2333 682 «
2380 631 2827 705 Quinquaginta
2860 630 3345 687 membranaceos
3376 630 3616 685 Codices
3638 672 3652 696 ,

245 723 377 778 Erat
399 722 728 778 ePalatinis
758 718 987 778 officiis.
1014 722 1384 793 Ambrosius,
1407 725 1553 795 epis.
1585 724 1672 789 13,
1700 722 1802 777 lib.
1831 740 1893 788 ιι,
2001 724 2148 778 bene
2177 723 2474 779 conlectos
2505 730 2557 778 et
2591 724 2659 778 ad
2696 738 2870 777 usum
2903 720 3151 787 habiles,
3185 720 3255 774 ab
3288 720 3648 775 artificibus-

246 812 314 868 ad
346 810 746 868 Mareellinam
778 828 1041 867 sororem
1068 828 1081 866 :
1121 836 1141 861 «ι
1179 811 1445 868 Palatina
1474 813 1671 868 omnia
1705 811 1897 867 otticia
2000 813 2376 883 antiquariis,
2410 818 2466 868 et
2487 811 2737 884 perfecte
2757 815 2941 867 artem
2956 809 3280 866 scientibus
3307 809 3483 864 scribi
3507 827 3648 879 pra:-

242 902 343 957 hoc
374 906 484 971 est,
519 901 919 970 memoriales,
952 906 1197 972 agentes
1220 902 1278 956 in
1301 902 1499 969 rebus,
1526 902 1894 975 apparitores
2001 903 2205 974 cipias.
2242 925 2269 951 ››

244 992 603 1048 diversorum
637 990 936 1047 comitum.
962 1012 991 1040 »
1017 991 1237 1046 Tamen
1262 995 1318 1046 et
1342 992 1397 1045 in
1422 992 1739 1063 prcvinciis
1758 1008 1891 1063 spe-
2070 998 2454 1047 Ammom'ros.
2476 992 2539 1046 In
2555 992 2682 1047 Vita
2704 989 2891 1045 sancti
2916 988 3251 1055 Hilarionis,
3274 1002 3428 1042 nam.
3450 986 3645 1054 30,in-

240 1080 349 1135 cies
380 1096 740 1135 annonam-as
772 1080 1082 1150 curabant,
1116 1085 1172 1136 et
1205 1087 1493 1152 praeerant
1522 1080 1699 1136 etiam
1727 1098 1891 1136 evec-

235 1168 372 1225 tioni
398 1168 674 1241 publicae.
712 1168 1002 1225 Dicuntur
1032 1182 1087 1224 et
1119 1170 1500 1239 Magistriani.
1538 1170 1685 1226 Vide
1715 1171 1887 1225 intra.

1998 1081 2284 1153 telligitur
2315 1082 2384 1137 de
2414 1081 2756 1151 Aphrodite,
2780 1097 2905 1151 qua
2937 1079 3229 1149 Stephano
3252 1076 3649 1147 diciturjuxta

1994 1172 2287 1237 Athribin,
2326 1169 2953 1243 quteApbroditopolis
2971 1168 3243 1224 Straboni
3263 1167 3363 1222 lib.
3384 1183 3539 1221 xvm.
3569 1170 3644 1219 De

299 1259 751 1315 ALMIRIDBNSES.
784 1258 918 1314 Vita
950 1258 1196 1331 Epicteti
1229 1263 1285 1315 et
1313 1259 1573 1315 Astionis
1596 1301 1609 1326 ,
1644 1276 1770 1329 cap.
1803 1260 1838 1313 6
1871 1274 1885 1314 :
1996 1260 2704 1333 eaintelligihunclocum
2722 1259 3016 1329 colligitur
3032 1254 3647 1313 cxitinerellilarionis

235 1371 260 1399 ιι
294 1349 349 1403 In
379 1349 731 1416 Scytharum
750 1348 898 1404 ﬁnes
922 1347 1173 1421 ingrcssi
1199 1354 1358 1416 sunt,
1384 1348 1886 1420 atqueinAlmiri-
1994 1356 2050 1405 et
2081 1367 2148 1405 ex
2179 1354 2378 1405 monte
2427 1350 2623 1405 Sancti
2656 1349 2920 1413 Antonii,
2955 1349 3023 1403 ad
3055 1363 3227 1418 quem
3274 1345 3643 1418 properabat.

237 1437 504 1493 densium
538 1436 832 1493 civitatem
878 1438 1260 1494 devenerunt.
1296 1460 1324 1488 ››
1360 1439 1441 1494 Ex
1470 1438 1564 1494 his
1592 1438 1889 1510 colligitur
2061 1443 2537 1496 Apomusmmus.
2589 1438 2808 1495 Moschi
2846 1455 2972 1509 cap.
3022 1438 3113 1508 88,
3146 1437 3324 1492 habes
3356 1435 3639 1491 Thomam

232 1527 715 1583 Almiridensium
746 1527 1042 1583 civitatem
1065 1528 1124 1583 in
1150 1527 1387 1600 Scythia
1417 1544 1569 1584 esse.
1592 1529 1702 1585 Sed
1727 1530 1882 1600 apud
1988 1532 2413 1602 apocrisiarium
2442 1531 2725 1595 coenobii;
2760 1534 2817 1585 et
2847 1546 2975 1600 cap.
3010 1527 3290 1591 88,alium
3325 1526 3635 1594 quemdam

234 1632 397 1688 quem
415 1618 724 1672 auctorem
745 1615 926 1687 hujus
950 1616 1115 1672 urbis
1136 1617 1420 1673 memoria
1441 1618 1468 1672 ?
1490 1617 1770 1673 Existimo
1783 1616 1882 1672 ΑΙ·
1985 1622 2416 1692 apocrisiarium
2447 1619 2733 1675 Gennadii
2766 1618 3117 1691 patriarcha:
3146 1615 3631 1686 Constantinopo-

231 1705 666 1771 miridensium,
686 1722 787 1762 seu
814 1705 1334 1762 Halmiridensium
1353 1706 1644 1763 civitatein
1664 1707 1879 1763 dictam
1986 1709 2153 1765 litani
2180 1726 2192 1763 :
2215 1710 2369 1763 unde
2397 1709 2690 1779 colligitur
2713 1708 3122 1779 apocrisiarios
3146 1723 3383 1761 curasse
3403 1703 3633 1776 negotia

227 1813 257 1852 a
283 1795 431 1863 lacu,
468 1796 573 1867 qui
607 1794 901 1865 Halmyris
931 1795 1121 1852 Plinio
1152 1795 1254 1852 lib.
1287 1814 1365 1863 1v,
1395 1814 1520 1870 cap.
1548 1800 1634 1868 12,
1659 1797 1875 1853 dicitur
1904 1816 1949 1881 Β
1982 1798 2363 1855 ecclesiarum
2398 1803 2454 1853 et
2501 1798 2919 1853 coenobiorum.
2956 1796 3172 1852 Glossaa
3205 1796 3449 1851 Isidori:
3492 1795 3631 1865 Apo-

226 1883 279 1940 in
307 1884 410 1940 hoc
442 1889 642 1940 tractu
674 1902 687 1939 :
720 1907 749 1935 ‹‹
783 1886 1075 1941 Exeodem
1092 1885 1251 1941 alveo
1266 1890 1512 1958 etsuper
1536 1886 1870 1958 Istropolim
1978 1888 2343 1960 chrysz‘arius,
2375 1888 2634 1942 minister
2668 1891 2934 1943 Romana:
2963 1885 3222 1941 ecclesiae.
3258 1884 3621 1940 Glossarium

223 1976 375 2032 lacus
394 1975 671 2048 gignitur
685 1993 820 2032 Lqu
837 1993 917 2031 m.
941 1993 1001 2048 p.
1017 1976 1266 2034 ambitu.
1284 1976 1588 2049 Halmyrin
1603 1982 1868 2035 vocant.»

222 2065 419 2121 Lacum
452 2066 620 2122 hunc
650 2065 956 2121 Danubius
989 2066 1150 2134 facit,
1187 2083 1361 2139 quem
1396 2066 1637 2123 Pinetus
1670 2068 1729 2123 in
1761 2086 1868 2124 suo

219 2155 392 2212 Plinio
421 2154 607 2227 vulgo
631 2154 823 2211 vocari
845 2153 926 2210 ait
952 2155 1059 2209 Lac
1077 2154 1141 2209 de
1163 2155 1520 2211 Notre-Dame
1545 2156 1608 2212 de
1631 2157 1866 2212 Danubi.

217 2244 267 2298 id
296 2249 401 2315 est,
435 2244 603 2299 lacu:
624 2243 770 2301 diva
795 2243 1044 2316 Virginis
1071 2246 1438 2301 Danubianze.
1464 2245 1631 2301 Forte
1653 2246 1868 2302 Sulmo-

217 2336 363 2392 rudi:
408 2335 730 2394 Antonini.
764 2334 1152 2408 Nicephorus,
1186 2336 1289 2392 lib.
1321 2354 1423 2405 xu,
1458 2354 1586 2409 cap.
1609 2338 1702 2408 29,
1735 2344 1869 2409 post

218 2441 377 2496 quam
401 2425 925 2481 dixitEunomium
942 2426 1112 2494 jussu
1130 2426 1445 2482 Theodosii
1470 2427 1866 2499 Halmyridem

218 2515 612 2587 deportatum,
645 2514 849 2569 addit:
882 2536 909 2564 ‹‹
935 2514 1035 2570 Est
1056 2520 1252 2571 autem
1279 2514 1573 2588 Ilalmyris
1591 2516 1785 2588 Mysiae
1808 2517 1865 2571 in

216 2603 435 2676 Europa
468 2602 663 2670 locus,
699 2603 771 2659 ad
799 2602 1018 2658 Istrum
1054 2604 1223 2661 situs.
1262 2626 1290 2654 »
1323 2604 1487 2659 Haud
1522 2604 1699 2660 dubie
1729 2605 1869 2661 hinc

217 2692 761 2765 Halmyridensium
794 2691 1002 2748 civitas
1033 2694 1207 2761 dicta,
1240 2692 1441 2764 itaque
1462 2692 1790 2749 scribenda.

278 2783 353 2837 Ex
392 2780 800 2854 descriptione
839 2780 1035 2848 Plinii,
1059 2783 1227 2853 juxta
1269 2782 1493 2838 Peucen
1527 2782 1868 2840 collocanda

215 2875 312 2936 est,
336 2887 464 2943 qua
492 2875 589 2927 est
615 2870 675 2926 in
696 2870 1187 2943 Mysiainferiore.
1210 2871 1395 2945 Mysia
1419 2870 1869 2928 auteminferior

219 2960 380 3016 etiam
393 2959 656 3033 Scythia
670 2960 908 3016 nomine
922 2961 1102 3028 venit,
1132 2961 1289 3017 unde
1305 2961 1362 3016 in
1388 2960 1576 3031 Mysia
1595 2960 1868 3018 inferiore

222 3055 352 3106 sunt
377 3050 583 3118 Tomi,
612 3048 779 3105 locus
802 3048 960 3105 exilii
1009 3048 1219 3120 Ovidii,
1243 3066 1389 3122 quos
1416 3049 1473 3105 in
1503 3048 1738 3122 Scythia
1764 3066 1866 3121 po-

220 3140 298 3195 nit
320 3140 444 3213 ipse
471 3138 748 3195 Ovidius.
782 3138 847 3194 In
880 3138 1100 3194 Notitia
1130 3138 1359 3211 imperii
1392 3138 1577 3195 multa
1605 3138 1729 3195 loca
1750 3138 1865 3212 My-

218 3229 306 3285 sia:
336 3229 645 3287 inferioris
674 3228 939 3285 invenies
981 3229 1051 3285 ad
1091 3228 1424 3301 Scythicam
1456 3229 1861 3300 praefecturam
1894 3193 1937 3261 α

216 3319 529 3390 pertinere.

278 3413 475 3464 ΑλιΜΑ.
530 3405 821 3479 Pelagius,
854 3405 1052 3463 libello
1084 3424 1243 3477 xvnr,
1288 3423 1347 3462 n.
1385 3407 1451 3463 19
1485 3424 1498 3462 :
1533 3429 1561 3457 ‹‹
1593 3407 1731 3480 Vos,
1774 3407 1865 3463 in-

213 3496 349 3567 quit,
370 3497 527 3553 estis
549 3496 727 3553 fatuze
752 3516 767 3565 ;
787 3512 926 3551 nam
951 3494 1072 3551 haec
1096 3499 1153 3552 et
1181 3500 1379 3552 vestra
1395 3499 1452 3551 et
1475 3512 1604 3551 mea
1624 3499 1713 3551 est
1736 3498 1867 3551 Am-

216 3602 318 3641 ma.
339 3592 460 3643 Hoc
486 3585 649 3642 enim
675 3585 734 3641 in
758 3601 825 3640 ea
838 3590 1053 3641 vocant
1075 3584 1161 3640 illi
1182 3584 1433 3641 feminas
1457 3585 1813 3657 spirituales.
1833 3608 1861 3637 ››

212 3675 524 3745 Palladius,
548 3692 678 3745 cap.
699 3675 767 3728 42
792 3692 804 3730 :
827 3673 976 3743 Αὑτή
999 3670 1099 3748 γὰρ
1123 3672 1213 3727 καὶ
1240 3673 1394 3746 ὑμῶν
1420 3671 1511 3727 καί
1542 3670 1680 3745 ἐμοῦ
1704 3671 1864 3745 ἀμεῖ-

212 3782 306 3817 νων
340 3763 474 3819 οὖσα
501 3763 731 3836 Ἀμμάς
761 3762 926 3831 ἐστιν,
954 3761 1097 3817 οὕτω
1126 3763 1226 3837 γὰρ
1250 3760 1481 3817 καλοῦσι
1510 3764 1603 3825 τὰς
1624 3784 1862 3836 πνενμα-

210 3852 348 3916 τικᾶς
401 3853 678 3929 μητέρας.
713 3875 741 3903 ‹‹
797 3856 916 3909 Hac
949 3853 1105 3909 enim
1161 3858 1217 3907 et
1245 3853 1409 3908 vobis
1442 3859 1497 3909 et
1539 3871 1631 3909 me
1660 3852 1867 3909 melior

214 3944 455 4000 existens
486 3948 713 3998 Amma
729 3946 837 3998 est.
864 3941 957 3998 Sic
979 3942 1135 3997 enim
1158 3948 1368 3998 vocant
1390 3947 1606 3998 matres
1636 3943 1868 4015 spirita-

214 4029 308 4088 les.
340 4056 367 4083 ››
398 4035 495 4090 Sic
532 4033 690 4105 apud
723 4032 995 4088 eumdem
1020 4030 1370 4101 Palladium,
1392 4048 1520 4104 cap,
1552 4034 1642 4102 37,
1676 4034 1868 4087 Amma

214 4122 449 4179 Piamun
482 4140 502 4191 ;
541 4139 672 4193 cap.
723 4122 847 4191 137,
880 4123 1071 4177 Amma
1105 4121 1324 4191 Talida,
1356 4138 1485 4193 cap,
1522 4122 1643 4190 138,
1677 4123 1866 4177 Amma

209 4211 348 4267 'Iaor.
378 4213 517 4269 Non
554 4213 779 4267 abeunt
803 4211 874 4267 ab
910 4210 1019 4265 hac
1043 4213 1263 4266 Ammaa
1288 4210 1720 4283 signiﬁcatione
1741 4228 1865 4280 quae

206 4300 536 4376 Hesychius
550 4301 730 4357 habet
750 4318 763 4357 :
791 4297 1003 4372 Ἀμμᾶ,
1033 4298 1481 4375 μὴτηρ,τροφὸς.
1496 4302 1599 4355 Am
1611 4317 1725 4369 ma,
1742 4317 1869 4354 ma-

210 4392 536 4461 ter,nutrix.
572 4389 816 4462 Ἀμμὰς,
846 4388 1048 4465 τροφὸς
1080 4385 1425 4463 Ἀρτέμιδος,
1457 4386 1546 4442 καὶ
1580 4390 1614 4457 ἢ
1659 4390 1865 4461 μήτηρ,

209 4479 289 4531 καὶ
318 4482 351 4548 ἡ
384 4479 540 4545 Ῥέα,
571 4478 661 4531 σικὶ
685 4480 719 4547 ή
743 4478 1031 4551 Δημήτηρ.
1059 4499 1086 4527 ‹‹
1113 4480 1378 4548 Ammas,
1406 4478 1604 4533 nutrix
1626 4478 1869 4534 Artemi-

1976 1980 2081 2034 Ms.
2100 1978 2590 2033 Camberonense:
2608 1978 3035 2048 Apocrisiarius.
3054 1976 3399 2031 secretarius.
3417 1973 3624 2043 Papias

1973 2067 2338 2124 vocabulista
2362 2065 3293 2138 :Apochrysiarius,thesaurarius,
3314 2065 3395 2119 vel
3417 2064 3622 2133 legatus

1973 2156 2373 2225 Justinianus,
2407 2156 2635 2212 novella
2663 2158 2696 2210 6
2722 2174 2734 2212 :
2770 2155 2866 2207 Διὰ
2895 2158 3000 2207 τῶν
3030 2154 3094 2207 τὰ
3124 2151 3421 2227 πράγματα
3451 2171 3620 2225 πρατ-

1972 2245 2176 2299 τόντων
2198 2248 2308 2300 τῶν
2347 2244 2661 2318 ἀγιωιάτων
2691 2241 3014 2313 ἐκκλησιῶν,
3050 2241 3142 2304 οὕς
3175 2241 3621 2316 ἀποκρισιαρίους

1972 2334 2267 2390 καλοῦσινε
2301 2357 2327 2385 ‹‹
2363 2334 2735 2406 Apocrisiarii
2758 2338 3060 2403 vocantur,
3082 2333 3184 2404 qui
3213 2332 3624 2389 sanctissima-

1973 2443 2103 2482 rum
2126 2425 2508 2481 ecclesiarum
2535 2424 2771 2495 negotia
2787 2426 3040 2478 curant..
3063 2444 3092 2472 »
3116 2421 3381 2477 Occurrit
3405 2422 3624 2492 passim

1972 2514 2126 2586 apud
2148 2514 2468 2585 scriptores
2493 2512 2834 2585 posterioris
2863 2511 3072 2566 aetatis.
3098 2510 3198 2565 Est
3218 2509 3483 2565 videlicet
3501 2526 3627 2577 apo-

1972 2603 2270 2659 crisiarius
2304 2603 2331 2657 ὁ
2362 2599 2449 2656 ἐπὶ
2479 2603 2589 2655 των
2624 2598 3034 2672 ἀποκριμάτων,
3070 2617 3103 2654 a
3132 2601 3423 2671 responsis.
3461 2600 3622 2663 Quod

1977 2694 2131 2764 apud
2165 2692 2478 2765 Georgium
2499 2691 2897 2763 patriarcham
2919 2688 3377 2745 Alexandrinum
3412 2689 3469 2743 in
3494 2690 3627 2743 Vita

1974 2782 2165 2837 sancti
2212 2781 2610 2854 Chrysostomi
2648 2785 2737 2837 est
2782 2777 3215 2854 ἀποκρισιάριος,
3270 2778 3619 2834 Godet‘ridus

1972 2873 2181 2927 1014
2232 2871 2584 2927 Tilmannus
2615 2871 2807 2939 vertit,
2868 2871 3217 2925 secretarius.
3250 2873 3329 2924 De
3377 2883 3620 2923 munere

1972 2959 2081 3015 hoc
2111 2959 2239 3016 vide
2273 2959 2649 3015 llincmarum
2683 2960 2854 3031 epist.
2887 2959 2941 3026 3,
2967 2975 3097 3031 cap.
3134 2959 3219 3013 13.

2042 3050 2205 3111 ΑουΑ
2249 3064 2499 3104 Αειιειιαι.
2533 3047 2667 3103 Vita
2696 3047 3034 3115 Hilarionis,
3065 3064 3223 3103 num.
3262 3048 3377 3102 20:
3414 3070 3441 3097 «
3475 3046 3614 3118 Scy-

1974 3136 2158 3210 phum
2174 3137 2408 3193 ﬁctilem
2425 3136 3031 3208 aquajussitimpleri,
3046 3142 3158 3193 etc.
3181 3157 3195 3205 ;
3220 3153 3402 3208 equos
3424 3152 3617 3208 asper-

1976 3227 2071 3282 sit.
2106 3250 2133 3277 ››
2159 3226 2305 3282 Vide
2326 3225 2426 3283 ibi.
2450 3226 2749 3296 Sosipater
2770 3225 3096 3294 Charisius,
3129 3227 3269 3281 Inst.
3290 3226 3484 3281 Gram.
3510 3225 3548 3280 l.
3575 3242 3614 3293 ι,

1970 3316 2160 3389 capite
2180 3316 2580 3385 Deﬁcz’entium,
2612 3315 2727 3371 ait:
2753 3337 2781 3365 »
2803 3315 2885 3370 Ad
2912 3331 3108 3387 aequas
3129 3332 3202 3371 an
3222 3315 3293 3370 ad
3316 3330 3500 3386 aquas
3519 3330 3617 3370 vo-

1972 3405 2089 3462 cari
2124 3404 2237 3460 dici
2262 3405 2491 3472 debeat,
2518 3404 2830 3476 quzesitum
2856 3408 2962 3460 est.
2994 3404 3100 3471 Qui
3124 3405 3195 3459 ad
3211 3421 3391 3474 aquas
3415 3404 3620 3459 dicunt

1972 3498 2248 3551 enarrant
2277 3494 2432 3565 quod
2466 3509 2536 3549 ex
2566 3492 2698 3549 luco
2726 3498 3137 3551 Cammnarum
3169 3510 3325 3565 aqua
3345 3494 3619 3567 religiosa

1972 3583 2164 3640 afferri
2178 3582 2383 3651 soleat,
2410 3583 2759 3655 purificandi
2774 3600 2971 3647 causa,
2986 3584 3093 3638 Sed
3112 3582 3323 3638 melius
3338 3584 3404 3637 ad
3421 3599 3617 3654 aequas

1974 3673 2128 3745 quod
2149 3673 2285 3728 olim
2304 3689 2510 3745 greges
2527 3689 2809 3743 equorum
2826 3672 2881 3727 in
2898 3673 3129 3728 Circum
3151 3672 3614 3739 inducebantur;

1973 3762 2170 3834 ibique
2193 3777 2296 3834 per
2318 3762 2601 3834 populum
2626 3779 2800 3818 cursu
2824 3762 3230 3833 aequabantur.
3257 3784 3284 3811 »
3309 3761 3613 3833 Philippus

1976 3852 2300 3917 Rubenius,
2323 3852 2653 3908 Electorum
2680 3852 2782 3907 lib.
2809 3869 2871 3921 ιι,
2896 3869 3022 3922 cap.
3044 3852 3131 3920 18,
3161 3852 3392 3922 ρι’ωῑθη
3413 3851 3523 3923 legi
3546 3851 3614 3906 ad

1972 3958 2160 4013 aquas,
2195 3946 2369 4013 atque
2400 3943 2482 3997 ita
2510 3942 2931 4013 interpretatur
2961 3941 3113 4012 quod
3134 3945 3223 3996 est
3244 3941 3397 4012 apud
3423 3940 3613 4011 Ulpia-

1973 4048 2137 4086 num.
2170 4037 2251 4086 De
2280 4031 2373 4086 his
2411 4032 2511 4102 qui
2545 4036 2825 4088 notantur
2864 4030 3129 4095 infamia,
3164 4030 3202 4085 ι.
3236 4047 3328 4085 1v:
3364 4052 3391 4078 ‹‹
3426 4046 3613 4099 neque

1972 4120 2307 4191 agitatores,
2342 4136 2448 4176 nec
2479 4121 2581 4190 qui
2614 4136 2820 4191 aquam
2845 4119 3013 4190 equis
3034 4122 3340 4190 spargunt,
3363 4139 3391 4168 ››
3413 4117 3615 4172 videli-

1972 4213 2081 4275 cet,
2097 4225 2213 4263 non
2229 4209 2299 4264 de
2319 4208 2547 4280 vulgari
2574 4210 2776 4280 aliqua
2799 4211 3103 4279 sparsione
3129 4212 3231 4263 aut
3252 4208 3323 4263 ad
3350 4222 3610 4262 recrean-

1972 4298 2081 4353 dos
2112 4314 2310 4369 equos,
2337 4298 2419 4353 uti
2444 4298 2725 4366 Alciatus,
2758 4314 2813 4352 v1
2843 4302 3102 4368 Parerg.,
3126 4297 3316 4368 capite
3345 4298 3399 4362 3,
3422 4297 3523 4351 sed
3543 4297 3613 4351 de

1972 4387 2222 4443 solemni
2238 4389 2487 4456 quadam
2505 4393 2560 4443 et
2576 4404 2709 4443 cum
2725 4386 3024 4459 religione,
3042 4386 3159 4441 imo
3174 4385 3608 4457 superstitione,

1972 4479 2303 4547 conjuncta.
2327 4477 2473 4532 Nam
2498 4478 2679 4533 fuisse
2703 4493 2828 4533 mos
2850 4475 3096 4544 videtur,
3114 4479 3179 4531 ut
3197 4476 3473 4547 quoniam
3496 4475 3611 4530 Cir-

212 4567 312 4635 dis,
352 4574 406 4625 et
454 4572 675 4637 mater,
708 4572 766 4623 et
812 4566 992 4637 Rhea,
1017 4570 1075 4622 et
1127 4570 1411 4635 Demeter,
1473 4589 1493 4616 ιι
1526 4583 1628 4622 seu
1668 4566 1861 4622 Ceres.
1893 4567 1939 4632 D
1973 4583 2175 4623 censes
2208 4566 2360 4622 sacri
2391 4565 2510 4621 ludi
2544 4571 2731 4637 erant,
2768 4564 3089 4636 honorique
3121 4566 3374 4620 deorum
3410 4565 3609 4632 dicati,

212 4656 357 4719 Quod
388 4658 584 4730 igitur
616 4656 797 4712 abbas
823 4660 948 4711 erat
968 4655 1121 4711 inter
1149 4654 1493 4726 monachos,
1515 4655 1623 4712 hoc
1643 4657 1853 4711 Amma
1960 4656 2095 4729 equi
2119 4657 2392 4712 certaturi
2419 4656 2578 4728 prius
2602 4654 3011 4723 lustrarentur,
3037 4659 3093 4710 et
3114 4672 3265 4727 aqua
3289 4671 3317 4710 e
3343 4658 3497 4711 certo
3524 4654 3608 4710 lo-

216 4744 355 4807 inter
382 4745 653 4819 virgines
684 4748 963 4801 sacratas.

277 4837 910 4899 ANTIQUARIUS..VBtu3
945 4832 1233 4889 Lausiaca
1259 4831 1525 4902 Palladii,
1577 4850 1703 4904 cap.
1740 4834 1806 4888 15
1838 4850 1852 4887 :

276 4948 301 4974 α
336 4926 589 4981 Pulchre
607 4924 765 4981 enim
780 4922 1360 4980 scribebatlibralem
1378 4940 1676 4979 manum.»
1692 4923 1821 4977 Lexi
1835 4954 1853 4965 -

1967 4763 2033 4802 co
2066 4746 2248 4818 petita
2280 4751 2717 4818 spargerentur.
2752 4746 2909 4801 Idem
2934 4744 3606 4800 existimatHilarioncm

1963 4836 2124 4891 hunc
2156 4836 2334 4891 ritum
2366 4836 2425 4890 in
2466 4839 2654 4891 mente
2683 4835 2987 4900 habuisse,
3020 4839 3078 4889 et
3100 4835 3424 4906 profanam,
3457 4834 3608 4889 hanc

1966 4941 2178 4996 aquam
2206 4924 2322 4980 alia
2344 4942 2498 4996 aqua
2518 4925 2849 4980 damnasse.
2871 4922 3119 4978 Sicforte
3143 4927 3278 4994 puta
3294 4922 3605 4995 legendum

216 5028 312 5069 con
336 5013 797 5071 Graecolatinum
819 5009 1220 5088 καλλιγράφος,
1240 5010 1526 5079 librarius,
1552 5012 1610 5067 id
1635 5014 1859 5067 estanti
1961 5013 2022 5069 in
2041 5013 2234 5085 lapide
2247 5013 2424 5069 veteri
2449 5014 2600 5070 inter
2622 5013 2814 5069 ofﬁcia
2836 5011 3221 5083 Circensium,
3246 5012 3481 5081 Sparsor
3502 5030 3605 5084 pro

218 5106 433 5174 qum-ius
466 5110 617 5162 erat.
652 5104 801 5160 Nam
831 5102 1151 5174 antiquarii
1183 5106 1352 5157 erant
1374 5101 1473 5173 qui
1494 5100 1856 5158 bibliothecae

219 5195 445 5253 Codices
475 5193 936 5267 componebant,
964 5191 1051 5248 vel
1074 5194 1360 5247 vetustate
1381 5190 1744 5247 oblitteratos
1767 5208 1854 5247 re-

220 5287 521 5354 parabant,
547 5291 613 5341 ut
634 5286 844 5340 docent
864 5282 1049 5355 impp.
1079 5280 1480 5350 Constitut.,l.
1503 5299 1566 5349 ιι,
1594 5282 1651 5336 in
1668 5281 1852 5353 princ.

220 5370 347 5430 Cod.
376 5374 597 5431 Theod.
628 5393 642 5443 ;
677 5374 747 5429 de
776 5373 944 5428 Stud.
974 5371 1073 5427 lib.
1102 5370 1239 5426 urb.
1275 5371 1464 5439 Rom.,
1490 5370 1590 5428 lib.
1622 5388 1717 5425 xrv
1738 5371 1853 5427 Cod

213 5460 421 5518 Theod.
472 5463 872 5535 Augustinus,
914 5462 986 5517 de
1013 5460 1218 5517 Verbis
1250 5460 1505 5529 Domini,
1539 5477 1711 5518 serm.
1746 5461 1809 5515 44
1838 5479 1850 5529 ;

217 5571 236 5597 ι
256 5553 757 5619 Quemadmodum
786 5550 886 5623 qui
907 5550 1065 5606 videt
1084 5547 1316 5606 litteras
1337 5549 1396 5605 in
1413 5550 1623 5606 Codice
1637 5551 1852 5622 optime

210 5641 507 5713 scripto,et
521 5658 631 5698 non
647 5641 808 5698 novit
821 5640 1032 5712 legere.
1050 5638 1254 5695 laudat
1269 5639 1507 5711 quidem
1524 5640 1844 5711 antiquarii

222 5731 787 5801 manum,admirans
800 5730 1033 5803 apicum
1049 5728 1596 5801 pulchritudinem»
1611 5729 1850 5788 Lexicon

1965 5110 2200 5174 spartor,
2236 5103 2372 5172 nisi,
2414 5102 2626 5174 inquit,
2660 5102 2769 5157 hoc
2817 5118 2849 5156 a
2883 5105 3078 5172 sparto
3130 5102 3225 5171 sit,
3261 5107 3317 5157 et
3348 5104 3419 5157 ad
3470 5103 3605 5158 circi

1967 5196 2379 5264 metarumque
2408 5191 2794 5248 dealbationis
2818 5191 3513 5262 munusperlineat.Nam
3550 5192 3605 5246 in

1966 5280 2193 5336 Glossis
2234 5280 2316 5336 ita
2348 5282 2632 5354 scriptum
2674 5280 2958 5353 Spartam,
2996 5276 3220 5332 λευκαξα
3256 5278 3306 5333 ἐν
3340 5280 3603 5354 θεάτροις.

2038 5373 2487 5427 Ancmsrnmum.
2521 5372 2653 5426 Vita
2682 5369 2871 5426 sancti
2903 5370 3155 5439 Antonii,
3189 5386 3315 5441 cap.
3346 5370 3415 5425 53
3441 5387 3453 5425 :
3480 5392 3508 5419 ››
3540 5371 3606 5424 Et

1965 5461 2372 5530 cumjudices,
2405 5460 2506 5532 qui
2540 5461 2609 5516 ad
2644 5460 2891 5515 interius
2924 5459 3340 5514 archisterium
3375 5462 3605 5529 propter

1964 5549 2339 5622 asperitatem
2356 5549 2604 5618 itineris,
2622 5552 2757 5615 etc.,
2772 5548 2855 5603 ire
2869 5565 2983 5603 non
3001 5551 3339 5619 poterant.»
3364 5546 3599 5600 Glossa-

1964 5640 2118 5696 rium
2134 5639 2444 5695 Stewechii
2461 5639 2594 5705 Ms.,
2609 5638 2991 5702 Arcisterium,
3006 5635 3418 5691 monasterium.
3436 5630 3599 5685 Glos-

1965 5728 2189 5787 sarium
2212 5728 2674 5786 Camberonense
2706 5726 2839 5795 Ms.,
2870 5722 3287 5788 Archiaterium,
3320 5719 3597 5776 monaste-
