3996 6170
426 303 533 360 407

1136 309 1644 366 ONOMASTICON
1682 309 1942 367 BERUM
1977 310 2073 368 ΒΤ
2110 314 2512 369 VERBORUM
2551 314 3116 371 DIFFICILIORUH.
3667 320 3754 377 408

427 435 601 491 rium.
618 453 647 484 «
662 431 1105 503 Archisterium,
1121 435 1463 507 principalis
1478 436 1673 505 statio;
1690 437 1905 494 sterion
1920 439 2073 495 enim
2109 443 2158 510 Α
2189 456 2365 511 quam
2382 441 2608 498 Atticus
2628 439 3152 508 medimus,'tribus
3166 438 3505 498 chmnicibus
3526 443 3755 502 Atticis.»

430 522 606 581 statio
637 522 876 591 dicitur,
911 523 1121 579 archos
1148 523 1443 596 princeps,
1479 548 1507 575 ››
1539 526 1697 582 Idem
1735 544 1748 582 :
1788 549 1810 579 α
1842 528 2069 584 Sterion

431 613 649 679 Graece,
684 612 886 666 Latine
909 613 1103 667 statio.
1131 634 1160 662 »
1186 612 1409 669 Ibidem
1436 632 1448 670 :
1482 638 1509 665 ‹‹
1532 617 1807 686 Sterium,
1828 618 2071 673 solitarii

430 701 738 759 habitatio.
759 722 788 751 ››
806 701 1086 772 Equidem
1107 703 1340 757 Antonii
1360 704 1745 761 archislerium
1764 706 1997 762 interius
2015 708 2071 763 in

434 796 635 849 monte
664 794 790 845 erat
834 790 1125 861 praecipua
1154 795 1210 846 et
1239 792 1577 865 principalis
1608 796 1737 865 ejus
1766 796 2071 854 habitatio.

434 880 673 952 Capitur
698 884 895 934 tamen
930 897 1031 951 pro
1063 880 1271 951 quovis
1301 886 1674 940 monasterio.
1708 885 1838 940 Vita
1859 892 2074 942 sanctae

434 969 793 1040 Walhurgis,
824 968 924 1023 lib.
952 986 1035 1025 111.
1054 990 1083 1019 «
1105 970 1173 1024 Et
1189 971 1465 1041 adjacens
1486 974 1787 1029 arcisterio
1808 983 2075 1032 cmmete-

434 1059 612 1114 rium.
638 1079 667 1106 »
687 1057 908 1113 Ibidem
937 1075 949 1112 :
976 1081 1003 1109 «
1029 1061 2077 1130 Hujuslsanctiatriumarcisteriime-

437 1146 528 1202 rui
547 1147 950 1219 contemplari.
980 1170 999 1195 ι
1028 1148 1246 1203 Paulus
1264 1149 1516 1221 Langus,
1544 1152 1601 1206 in
1625 1151 1913 1209 Chronico
1935 1155 2077 1210 Citi-

437 1235 595 1293 zensi
627 1236 807 1307 (torno
840 1240 860 1292 Ι
888 1237 1314 1293 Germanorum
1370 1240 1734 1311 Scriptorum
1769 1259 1801 1297 a
1833 1243 2077 1299 Pistorio

441 1327 755 1391 editorum)
786 1343 940 1382 anno
975 1327 1150 1382 1569:
1184 1350 1210 1377 «
1248 1328 1311 1382 In
1337 1330 1594 1385 carmine
1620 1332 1896 1401 quodam.
1924 1334 2079 1403 quod

440 1416 501 1471 in
524 1415 880 1487 prmoonium
912 1416 1131 1487 praefati
1155 1416 1588 1474 Bursl'eldensis
1609 1420 1935 1477 archisterii
1959 1424 2081 1477 edi-

442 1508 665 1563 deram.
685 1526 708 1558 υ
725 1508 907 1576 Idem,
932 1524 1063 1581 pag.
1087 1510 1194 1564 886
1218 1526 1230 1563 :
1250 1533 1276 1560 «
1301 1510 1737 1567 SubTrithemii
1754 1513 2081 1572 militabam

441 1597 776 1654 obedientia
804 1598 862 1652 in
886 1598 1225 1654 archisterio
1248 1600 1363 1654 divi
1383 1600 1584 1656 Jacobi
1609 1618 1786 1673 prope
1804 1605 2083 1676 Herbipo-

439 1685 565 1741 lim.
594 1705 621 1737 ιι
659 1685 807 1741 Hinc
848 1686 1256 1743 archisteriale.
1292 1688 1425 1743 Vita
1473 1690 1659 1745 sancti
1712 1691 2033 1750 Willibaldi
2067 1712 2081 1751 :

443 1798 472 1827 «
504 1775 718 1831 Verum
750 1780 807 1831 et
838 1775 1179 1832 arcisteriali
1206 1778 1327 1847 jam
1352 1779 1499 1850 jugo
1530 1780 1904 1853 constrictus,
1939 1801 2080 1838 nun-

443 1881 625 1937 quam
654 1865 781 1921 sine
803 1866 1035 1922 abbatis
1064 1866 1156 1921 sui
1182 1865 1417 1923 licentia
1435 1871 1985 1941 pergerejudicaret
2008 1871 2085 1927 di-

445 1970 650 2026 gnum.
682 1975 711 2003 n

519 2047 789 2098 Aasmoa.
823 2042 966 2099 Vitae
995 2044 1229 2099 Antonii
1251 2061 1379 2117 cap.
1415 2047 1479 2101 14
1507 2062 1519 2101 :
1547 2069 1575 2097 ‹‹
1609 2047 1756 2115 Quid
1778 2066 1918 2105 sane
1947 2056 2003 2106 et
2026 2049 2085 2105 in

442 2132 886 2189 Arsenoitarum
904 2133 1118 2204 oppido
1136 2136 1367 2204 gestum
1386 2134 1482 2205 sit,
1503 2153 1617 2191 non
1638 2138 1898 2194 transibo
1916 2139 2087 2195 silen-

444 2223 548 2279 tio.
575 2244 601 2271 ››
627 2226 769 2277 Cum
797 2221 1011 2293 duplex
1041 2222 1119 2277 sit
1150 2223 1395 2279 Arsinoe
1425 2232 1478 2279 et
1507 2226 1833 2282 Arsinoites
1862 2229 2085 2284 Nomus

446 2313 505 2368 in
518 2315 783 2383 Egypto,
801 2310 1254 2382 hicintelligitur
1276 2314 1345 2368 de
1367 2314 1610 2369 Arsinoe
1623 2332 1725 2371 seu
1749 2316 2077 2373 Crocodilov

446 2418 578 2457 rum
610 2399 822 2472 oppido
837 2400 907 2454 ad
925 2399 1140 2467 Nilum,
1158 2405 1222 2455 ut
1242 2402 1508 2472 patethic
1531 2405 1928 2475 eaadjunctis,
1952 2423 2083 2462 cum

444 2492 516 2549 ad
534 2490 815 2546 Arsinoen
834 2488 1031 2544 Nilum
1050 2490 1359 2546 crocodilis
1374 2492 1649 2548 infestum
1672 2495 1883 2549 transit
1903 2497 2083 2553 Anto-

442 2581 600 2637 nius.
621 2578 751 2636 Alia
778 2578 1023 2634 Arsinoe
1052 2583 1141 2634 est
1164 2580 1235 2634 ad
1268 2580 1664 2637 Charandram
1694 2583 1912 2639 sinum.

512 2670 761 2724 Anum.
777 2666 1183 2722 Vitanoannis
1206 2667 1685 2741 Eleemosynarii,
1702 2688 1827 2743 cap.
1847 2673 2084 2730 3:«Om-

442 2758 611 2815 niain
626 2773 745 2813 una
760 2757 1056 2827 Campana
1078 2760 1317 2826 statera,
1342 2759 1537 2814 modio
1561 2766 1618 2815 et
1653 2762 1874 2827 artabe,
1895 2765 2081 2819 vende

441 2864 504 2903 re
534 2850 591 2903 et
619 2860 812 2902 emere
843 2844 1302 2902 contestabatur.
1330 2868 1357 2895 ››
1382 2847 1697 2917 Palladius,
1731 2866 1782 2905 c.
1813 2852 1883 2904 76
1903 2858 2082 2907 :«Ac-

440 2942 720 3011 ceperunt
752 2952 1023 3007 unusque
1044 2936 1319 2991 frumenti
1346 2955 1572 2995 annuas
1596 2941 1902 2998 duodecim
1927 2950 2081 2999 arta-

443 3028 570 3098 has,
603 3027 704 3100 qui
738 3029 876 3082 sunt
908 3024 1085 3081 veluti
1118 3027 1530 3099 quadraginta,
1566 3030 1666 3100 qui
1697 3032 1851 3101 apud
1872 3048 1976 3087 nos
2001 3032 2084 3088 di-

440 3120 656 3174 cuntur
672 3115 873 3172 modii.
899 3136 928 3165 »
953 3115 1248 3187 Interprcs
1268 3118 1694 3189 AristOphanis,
1722 3120 1779 3174 in
1802 3120 2077 3192 Acbarn.,

440 3207 512 3262 de
541 3205 777 3261 artaba:
812 3203 1074 3277 Ηερσικὸν
1110 3200 1167 3257 δὲ
1195 3209 1284 3257 καί
1315 3204 1609 3278 Αἰγύπτιον
1641 3207 1703 3261 τὸ
1733 3204 1944 3281 ὄνομαε
1975 3214 2077 3267 Ar-

438 3296 573 3352 taba
601 3294 904 3350 Persicum
937 3301 990 3349 et
1019 3294 1354 3366 (Egyptium
1401 3313 1611 3352 nomen
1657 3316 1870 3355 nomen
1915 3306 2023 3356 est.
2053 3324 2080 3350 »

436 3385 517 3441 De
545 3383 946 3457 Egyptiorum
982 3384 1187 3437 artaba
1217 3383 1476 3440 Fannius
1504 3401 1515 3440 :

496 3501 587 3548 Est
613 3497 776 3548 etiam
804 3498 978 3561 terris,
1010 3510 1143 3559 quas
1171 3497 1378 3561 advena
1405 3498 1552 3547 Nilus
1581 3500 1827 3561 inundat,

497 3562 709 3617 Artaba,
733 3558 819 3608 cui
854 3558 1070 3619 superat
1099 3558 1261 3606 modii
1296 3574 1415 3668 pars
1445 3563 1599 3609 tertia
1630 3568 1751 3622 post
1782 3558 1905 3611 tres.

497 3625 735 3668 Namaue
766 3622 950 3668 decem
978 3621 1169 3668 modiis
1199 3634 1298 3668 exn
1322 3621 1498 3668 ebitur
1527 3626 1711 3668 artaba
1742 3627 1905 3668 trinla:

497 3625 735 3685 Namque
766 3622 950 3669 decem
978 3621 1169 3669 modiis
1199 3621 1498 3682 explebitur
1527 3621 1711 3672 artaha
1742 3627 1949 3689 triplex.

434 3738 851 3808 Hieronymus,
884 3735 942 3788 in
974 3751 1101 3805 cap.
1137 3752 1170 3789 ν
1201 3735 1361 3789 Isaias
1389 3754 1401 3791 :
1439 3756 1459 3783 ι
1496 3738 1598 3793 Pro
1629 3741 1861 3810 triginta
1885 3744 2079 3799 modiis

438 3844 586 3898 quos
618 3842 724 3881 nos
757 3841 857 3895 pro
888 3839 1009 3879 coro
1043 3824 1350 3894 posuimus
1375 3869 1389 3893 ,
1423 3826 1520 3895 qui
1559 3828 1833 3883 tlebraicc
1865 3830 2078 3886 dicitur

436 3919 620 3973 homer
651 3957 666 3980 ,
721 3912 847 3969 LXX
893 3917 1191 3968 verterunt
1248 3907 1485 3985 ἀρτάϐας
1514 3911 1587 3985 ἓξ,
1626 3933 1752 3986 quae
1806 3936 2078 3976 mensura

437 4005 771 4078 [Egyptiaca
802 4007 910 4069 est,
939 4007 995 4056 et
1020 4001 1157 4056 facit
1179 4002 1405 4056 modios
1429 4003 1656 4073 viginti.
1682 4028 1708 4054 »
1734 4006 1911 4063 Plane
1930 4026 2077 4079 qua~

436 4098 569 4152 drat
598 4093 908 4150 aestimatio
932 4091 1144 4145 artabae
1177 4092 1330 4161 apud
1356 4092 1792 4164 Hieronymum,
1825 4114 1956 4152 cum
1986 4116 2072 4168 ea,

435 4203 562 4256 quae
594 4195 679 4239 est
703 4182 856 4253 apud
881 4179 1335 4250 Palladiumjam
1365 4180 1633 4237 citatum.
1660 4184 1838 4253 Idem,
1865 4187 1922 4241 in
1946 4204 2071 4259 cap.

433 4292 491 4330 x1
523 4272 813 4340 Danielis;
850 4294 876 4320 «
912 4272 998 4325 Ita
1030 4275 1095 4324 ut
1123 4268 1489 4341 (Ptolemaeus
1520 4272 1964 4347 Philadelphus)
2006 4280 2075 4333 de

432 4365 672 4434 IEgypto
705 4379 804 4432 per
834 4358 1098 4431 singulos
1130 4375 1314 4414 annos
1346 4362 1788 4429 quatuordecim
1823 4365 2001 4421 millia
2020 4372 2076 4422 et

431 4452 726 4523 octoginta
756 4449 974 4505 talenta
1004 4448 1228 4519 argenti
1256 4451 1562 4520 acceperit,
1595 4457 1652 4505 et
1682 4453 1959 4509 frumenti
1984 4472 2072 4509 ar-

2245 529 2355 585 Sed
2381 531 2622 586 omnino
2644 529 2803 585 varia
2824 546 3103 585 mensura
3138 528 3248 584 fuit
3266 530 3472 585 artaba.
3508 531 3637 588 Nam
3658 534 3759 589 Eu-

2178 619 2466 690 polemus,
2499 620 2653 691 apud
2700 618 3041 689 Eusebium,
3075 618 3177 673 lib.
3215 635 3289 686 ix,
3319 635 3439 690 cap.
3467 620 3499 673 5
3533 623 3747 693 Prtepar.

2178 709 2419 779 Evang,
2463 707 2761 780 explicans
2803 706 3111 778 epistolam
3154 706 3464 763 Salomonis
3504 708 3687 766 aitz'O
3711 707 3758 764 δὶ

2178 798 2343 872 κόρος
2374 795 2483 851 ἐστὶ
2519 793 2767 871 ἀρταϐῶν
2798 792 2889 866 ἓξι
2924 820 2952 847 ‹‹
2995 800 3177 852 Corus
3205 812 3333 851 vero
3363 802 3446 852 est
3474 799 3758 855 artabarum

2181 904 2299 943 sex.
2341 909 2367 936 »
2400 888 2651 943 Consule
2702 886 3146 958 Villalpandum
3180 890 3457 954 nostrum,
3488 888 3763 958 Apparatus

2182 977 2241 1031 in
2268 977 2625 1032 Ezechielem
2655 981 2817 1048 parte
2838 994 2902 1044 11,
2937 976 3038 1031 lib.
3069 993 3156 1046 111,
3176 992 3301 1047 cap.
3337 978 3417 1030 11.

2254 1070 2495 1122 Αιιυιιλε.
2524 1068 2818 1139 Evagrius
2848 1067 3140 1137 interpres
3171 1065 3313 1120 Vitas
3341 1063 3523 1120 sancti
3554 1064 3769 1134 Antonii,

2185 1174 2311 1228 cap.
2342 1160 2412 1211 2:
2449 1179 2477 1206 «
2501 1157 2706 1211 Aruraa
2740 1160 2934 1212 autem
2968 1160 3135 1210 erant
3159 1154 3211 1210 ei
3243 1158 3500 1209 trecenta:
3522 1155 3705 1208 uberes
3729 1159 3773 1207 et

2184 1244 2351 1300 valde
2382 1246 2634 1315 optimae.
2670 1265 2698 1295 ››
2736 1244 3001 1299 Retinuit
3026 1243 3315 1315 interpres
3344 1258 3532 1297 vocem
3558 1245 3773 1296 Grecam

2186 1329 2434 1407 ἄρουραι,
2452 1350 2554 1403 pro
2587 1350 2702 1405 quo
2722 1336 2896 1405 vulgo
2914 1333 3300 1388 substituium
3317 1332 3522 1404 palm.
3550 1330 3777 1386 Occurrit

2185 1422 2387 1476 eadem
2417 1438 2521 1476 vox
2551 1421 2658 1476 bac
2687 1422 2885 1477 eadem
2912 1421 3055 1491 Vita,
3085 1422 3333 1492 cap,15:
3361 1440 3386 1472 ιι
3416 1423 3479 1474 Et
3506 1419 3682 1475 statim
3703 1417 3777 1472 in-

2190 1509 2399 1583 telligit
2430 1511 2621 1583 parvis
2645 1510 2856 1577 aruris,
2881 1515 2937 1565 et
2957 1510 3302 1583 parietibus,
3333 1508 3418 1564 vel
3442 1508 3649 1563 modica
3668 1506 3771 1563 auri

2191 1600 2457 1671 portione
2503 1604 2865 1671 contempta,
2901 1615 3006 1654 nec
3038 1598 3271 1670 gloriari
3305 1615 3365 1654 se
3401 1598 3615 1664 debere,
3641 1595 3778 1667 quasi

2191 1704 2363 1759 magn
2375 1705 2406 1742 a
2420 1688 2757 1744 dimiserit»
2779 1689 2885 1744 Ubi
2906 1706 3009 1760 pro
3023 1691 3212 1760 parvi:
3228 1687 3414 1743 aruris
3434 1688 3489 1742 in
3503 1687 3676 1743 Graeco
3690 1687 3778 1750 est,

2191 1773 2384 1848 ὀλίγας
2414 1775 2615 1850 ἀρύρας
2649 1794 2662 1844 ;
2698 1778 2853 1847 quod
2885 1776 3250 1833 Hmschelius
3277 1777 3441 1832 vertit
3466 1789 3662 1844 campos
3681 1773 3780 1827 exi-

2191 1881 2345 1932 guos.
2378 1871 2435 1921 et
2463 1866 2825 1921 Coloniensis
2871 1867 3048 1921 editio
3081 1865 3257 1921 habet
3304 1866 3485 1935 parvis
3524 1863 3777 1917 thesauris.

2191 1954 2430 2024 Propria
2452 1956 2692 2026 IEgypto
2724 1960 2889 2010 terrae
2921 1954 3131 2014 divisio
3162 1954 3223 2009 in
3255 1970 3444 2009 auras.
3468 1949 3781 2015 Strabo,lib.

2187 2059 2325 2110 xvn,
2354 2044 2663 2115 dezEgypti
2686 2044 3002 2099 divisione:
3022 2043 3084 2098 Ἥ
3111 2040 3169 2096 δέ
3190 2041 3457 2118 χώρατήν
3484 2038 3571 2111 μὶν
3593 2038 3781 2112 πρώτην

2190 2126 2449 2203 διαίρεσιν
2472 2130 2547 2192 εἰς
2574 2132 2777 2203 νομοὺς
2804 2129 2951 2205 ἔσχε,
2978 2128 3105 2185 δέκα
3132 2131 3227 2203 μὶν
3323 2125 3542 2201 θηϐαἲς,
3567 2125 3681 2182 δέκα
3706 2123 3783 2193 δ’ἤ

2187 2221 2238 2275 ἐν
2269 2227 2346 2276 τῶ
2370 2224 2560 2293 Δέλτα,
2582 2222 2630 2295 ἐξ
2653 2222 2741 2277 καὶ
2767 2222 2895 2277 δέκα
2926 2220 2972 2277 δ’
2999 2225 3033 2292 ἡ
3069 2222 3285 2296 μεταξὺ·
3311 2224 3384 2283 ὡς
3408 2220 3462 2276 δέ
3479 2222 3788 2290 τινες,τοσοῦ-

2184 2332 2267 2364 τοι
2298 2312 2432 2379 ἦσαν
2466 2313 2518 2366 οἱ
2557 2312 2863 2385 σύμπαντες
2896 2313 3221 2383 νομοὶ,ὅσαι
3246 2311 3299 2365 αἱ
3332 2312 3381 2365 ἒν
3410 2315 3488 2382 τῷ
3516 2303 3787 2383 λαϐυρίνοω

2185 2398 2365 2454 αὐλαί·
2384 2402 2536 2456 αὗται
2554 2398 2600 2455 δ’
2614 2399 2874 2463 ἐλάττους
2888 2405 2995 2455 τῶν
3009 2402 3322 2475 τριάκοντα.
3344 2398 3506 2455 Πάλιν
3523 2397 3565 2453 δ’
3578 2399 3625 2452 οἱ
3652 2394 3784 2466 νομοὶ

2182 2490 2359 2561 τομὰς
2381 2487 2535 2551 ἄδεας
2569 2488 2752 2565 ἔσχον
2789 2490 2866 2552 εἷς
2894 2491 2997 2565 γὰρ
3027 2490 3335 2565 τοπαρχίας
3360 2490 3410 2543 οἱ
3438 2486 3667 2543 πλεῖστοι
3694 2482 3784 2554 διή-

2185 2579 2475 2652 ρηντο,καί
2501 2578 2654 2631 αὗται
2676 2575 2722 2631 δ’
2739 2577 2815 2638 εἷς
2842 2575 3014 2639 άλλας
3034 2577 3518 2651 τομὰς,ἐλάχισται
3537 2572 3633 2629 δἀἷ
3652 2570 3787 2645 ἄρου-

2186 2685 2272 2740 ραι
2305 2664 2516 2740 μερίδες
2541 2684 2553 2722 :
2574 2691 2600 2717 ‹‹
2628 2668 2805 2739 Regio
2831 2667 2997 2721 initio
3018 2667 3079 2721 in
3104 2669 3447 2739 paefecturas
3471 2665 3643 2721 divisa
3680 2662 3785 2732 fuit,

2187 2773 2335 2827 quas
2368 2758 2585 2813 Nomos
2614 2763 2860 2824 vocant;
2894 2757 3193 2812 Thebaica
3225 2758 3459 2828 quidem
3491 2756 3547 2810 in
3576 2755 3747 2809 decem
3775 2765 3787 2804 :

2186 2863 2313 2917 quas
2344 2863 2479 2902 vero
2502 2848 2559 2901 in
2586 2847 2774 2916 Delta,
2800 2847 2857 2901 in
2883 2847 3124 2902 totidem
3151 2866 3165 2913 ;
3193 2845 3536 2902 intermedia
3553 2848 3725 2898 autem
3743 2840 3789 2893 in

2188 2938 2462 3003 sedecim,
2497 2942 2553 2992 et
2572 2940 2663 3005 (ut
2686 2936 2925 3009 quidam
2950 2936 3175 3005 volunt)
3202 2940 3286 2992 tot
3309 2940 3473 2991 erant
3493 2928 3790 3001 huiusmodi

2187 3027 2562 3096 praefecturas,
2597 3030 2741 3097 quot
2783 3024 2949 3080 aulas
2982 3024 3355 3096 labyrinthus
3404 3023 3655 3087 habebat,
3683 3033 3786 3090 quae

2191 3115 2417 3170 circiter
2432 3115 2670 3186 triginta
2700 3120 2884 3169 erant.
2911 3114 3162 3168 Rursum
3198 3114 3285 3169 has
3322 3106 3783 3186 prafecturaedivi-

2194 3204 2389 3259 siones
2412 3204 2626 3259 liberas
2654 3204 2874 3258 habent
2902 3220 2914 3258 :
2944 3203 3545 3274 majorcenimeparte
3566 3202 3792 3268 intopar-

2187 3292 2349 3347 cbias
2382 3292 2577 3347 divisae
2595 3292 2832 3347 fuerunt
2856 3308 2867 3345 :
2895 3292 3210 3362 toparchiae
3244 3291 3518 3347 rursusin
3533 3288 3789 3361 portiones

2187 3380 2614 3453 alias,quarum
2643 3381 2905 3435 minimas
2935 3397 3119 3435 arurze
3142 3386 3332 3437 erant.
3360 3404 3388 3431 »
3411 3384 3530 3436 Non
3555 3380 3689 3433 recte
3717 3374 3789 3428 in-

2186 3476 2411 3541 terpres
2444 3470 2535 3525 hic
2566 3488 2696 3524 arva
2730 3475 2999 3524 verterat.
3036 3468 3374 3541 Horapollo,
3404 3469 3502 3524 lib.
3532 3485 3569 3537 1,
3589 3482 3701 3536 cap.
3728 3463 3788 3519 5:

2182 3559 2341 3618 Ἔτος
2370 3558 2431 3612 τὸ
2455 3556 2807 3630 ἐπιστάμενον
2828 3557 3408 3633 γράφοντες,τέταρτον
3431 3554 3648 3630 ἀρούρας
3669 3550 3787 3625 γρά-

2186 3647 2396 3724 φουσιν⁹
2425 3644 2534 3701 ἔστι
2570 3644 2625 3699 δὲ
2660 3648 2854 3719 μέτρον
2888 3653 2993 3719 γῆς
3024 3648 3058 3713 ἡ
3097 3644 3325 3722 ἄρουρα,
3359 3649 3553 3720 πηχῶν
3587 3638 3748 3697 ἑκατόν
3778 3655 3791 3706 ;

2184 3759 2210 3785 ‹‹
2234 3739 2548 3792 Instantem
2568 3754 2784 3792 annum
2810 3736 3227 3805 signiﬁcantes,
3245 3743 3511 3809 quartam
3529 3750 3667 3791 aurae
3684 3746 3794 3803 par-

2183 3830 2301 3881 tem
2337 3828 2608 3898 pingunt.
2636 3827 2733 3880 Est
2757 3831 2942 3881 autem
2965 3820 3171 3897 ἄρουρα
3194 3831 3363 3881 terrae
3387 3840 3665 3887 mensura,
3684 3834 3791 3875 cen-

2183 3921 2308 3970 tum
2343 3916 2737 3987 complcctens
2762 3916 3012 3969 cubitos.
3039 3938 3065 3964 »
3090 3916 3444 3981 Herodotus,
3468 3916 3689 3983 Eutepe,
3710 3922 3793 3962 seu

2183 4006 2283 4060 lib.
2300 4023 2339 4059 II
2356 4023 2368 4059 :
2388 4007 2549 4077 Γέρεα
2568 4002 2623 4057 δὲ
2638 4025 2727 4081 σφι
2749 4004 2885 4070 ἧντά
2911 4000 2966 4057 δε
2986 4002 3387 4077 ἐξαραιρημένα
3404 4001 3637 4075 μούνοισι
3654 3995 3793 4069 Αἴγυ-

2182 4094 2352 4147 πτίων
2376 4094 2539 4165 πάρεξ
2564 4094 2671 4146 τῶν
2703 4093 2912 4165 ἱερέων
2936 4096 3159 4166 αρουραι
3185 4090 3449 4166 ἐξαίρετοι
3482 4086 3675 4144 δώδεκα
3694 4086 3796 4138 ἑκα-

2184 4204 2291 4254 στῳ
2322 4181 2551 4242 ἀτελέες⁶
2587 4184 2621 4249 ἡ
2660 4180 2715 4235 δέ
2739 4180 2939 4253 ἄρουρα
2974 4184 3173 4237 1015
3220 4181 3411 4235 ἑκατὸν
3444 4178 3660 4253 πήχεών
3702 4172 3793 4227 ἐστι

2184 4270 2493 4345 Αἶγυπτίων
2517 4274 2713 4341 ππὶντιη⁸
2750 4272 2776 4324 ὁ
2800 4267 2855 4324 δέ
2884 4269 3182 4343 Αἰγύπτιος
3214 4278 3406 4344 πῆχυς
3432 4269 3671 4343 τυγχάνει
3699 4264 3795 4319 ἶσος

2182 4361 2280 4415 ἐων
2300 4366 2377 4415 τῶ
2393 4362 2603 4433 Σαμίῳ.
2622 4386 2648 4412 ‹‹
2674 4363 2775 4417 His
2792 4360 3075 4432 solis(qui
3105 4361 3387 4417 dicuntur
3407 4357 3683 4416 Calisirics
3712 4366 3795 4407 seu

2182 4453 2562 4524 pugnatores)
2590 4451 2989 4521 ngyptiorum
3025 4454 3233 4519 praeter
3256 4451 3591 4505 sacerdotes
3612 4446 3706 4499 hoc
3725 4439 3796 4497 exi

430 4542 598 4596 tabas
634 4541 783 4612 (quis
820 4554 1097 4593 mensura
1128 4541 1245 4591 tres
1280 4537 1506 4592 modios
1539 4544 1594 4593 et
1630 4542 1858 4596 tertiam
1894 4544 2071 4597 modii
2109 4544 2152 4606 D
2188 4542 2368 4595 mium
2389 4539 3322 4609 honorisbabebaturutsingulis
3340 4537 3798 4593 duodecimarurte

432 4636 657 4704 partem
689 4629 884 4699 habet)
917 4626 1230 4697 quinquies
1264 4632 1317 4681 et
1340 4628 1531 4682 decies
1564 4636 1805 4685 centena
1836 4633 2077 4688 millia.»

434 4722 674 4792 Ignotus
689 4720 919 4774 Graecus
934 4716 1081 4770 libro
1098 4716 1167 4770 de
1186 4718 1489 4785 pondcr.et
1506 4718 2072 4792 mensuris-Hymnis:

433 4803 639 4882 ἀρτάϐη
678 4808 870 4881 μέτρον
904 4802 1000 4878 ἔχε
1034 4800 1256 4875 μοδίους
1288 4805 1342 4856 ε’·
1370 4806 1396 4857 ὁ
1423 4802 1479 4858 δὲ
1504 4803 1693 4876 μόδιος
1725 4808 1751 4859 ὁ
1773 4807 2071 4881 Αἰγύπτιος

434 4898 565 4952 καὶὸ
583 4894 848 4958 Ἰταλικὸς
876 4892 990 4968 ἔχει
1011 4892 1259 4967 χοίνικας
1276 4894 1341 4961 η’.
1362 4895 1663 4967 «ZEgyptia
1690 4899 1894 4952 artaba
1917 4903 2073 4970 capit

436 4987 664 5043 modios
695 4993 995 5057 quinque;
1024 4982 1254 5037 modius
1279 5000 1407 5038 vero
1432 4985 1735 5055 {Egyptius
1759 4992 1815 5040 et
1838 4988 2073 5044 Italicus

434 5077 694 5133 continet
720 5074 1012 5129 chosnicas
1044 5077 1192 5127 octo.
1214 5094 1241 5121 »
1279 5072 1524 5143 Papias:
1565 5097 1584 5122 ι
1621 5077 1857 5141 Artaha,
1886 5094 2071 5145 genus

434 5182 723 5221 mensura:
738 5164 1006 5235 Syriacae,
1023 5178 1145 5231 qua:
1167 5166 1287 5215 tres
1312 5162 1536 5216 modius
1554 5164 1691 5217 facit
1708 5166 2070 5223 ettrientem.

500 5260 582 5309 De
611 5254 919 5308 Persarum
951 5256 1007 5305 et
1022 5250 1319 5306 Medorum
1345 5250 1545 5304 artaba
1572 5252 1917 5323 Hesychius:
1944 5254 2071 5328 Ἀρ-

430 5339 566 5414 τάϐη
590 5344 783 5417 μέτρον
799 5338 1042 5411 Μηδικὸν
1059 5339 1209 5394 σίτου
1226 5339 1472 5399 Ἀττικὸς
1489 5337 1752 5412 μέδιμνος
1779 5361 1835 5397 :«
1857 5348 2071 5401 Artaba

431 5452 711 5490 mensura
731 5432 1005 5487 frumenti
1022 5431 1175 5501 apud
1198 5430 1414 5495 Medos,
1438 5432 1664 5485 Atticus
1683 5434 2018 5490 medimnus
2041 5459 2067 5485 ‹‹

436 5524 763 5579 Herodotus
792 5521 935 5588 Clio,
958 5536 1057 5575 seu
1094 5519 1191 5573 lib.
1220 5534 1259 5572 1:
1282 5518 1345 5572 '11
1366 5515 1422 5571 δὲ
1448 5514 1681 5592 ἆρτάὸη,
1720 5522 1914 5595 μέτρον
1958 5521 2069 5577 ἐστί

435 5611 713 5687 ’Περσικὸν
731 5608 957 5685 χωρέων
974 5605 1495 5680 μεδίμνουἈττικοῦ
1509 5612 1697 5665 πλεῖον
1714 5614 1910 5688 χοίνιξι
1928 5614 2071 5687 τρισὶ

437 5702 715 5771 Ἀττικῆσι
730 5701 832 5758 Est
846 5704 1041 5758 autem
1055 5699 1259 5757 artaba
1272 5714 1546 5756 mensura
1560 5701 1786 5760 Persica
1802 5705 2073 5775 capacior

2189 4634 2680 4697 essentexemptm
2695 4629 3078 4683 etimmunes.
3097 4629 3407 4683 Estautem
3425 4644 3587 4682 arura
3602 4626 3799 4680 centum

2182 4718 2509 4773 cubitorum
2529 4719 2927 4789 ngyptiorum
2947 4714 3797 4787 quoquoversos../Egyptiusve-

2184 4825 2244 4861 ro
2264 4808 2498 4861 cubitus
2519 4808 2718 4861 Samio
2745 4824 2845 4877 par
2868 4810 2974 4860 est.
2994 4826 3021 4854 ››
3044 4806 3287 4859 Suidas:
3317 4803 3601 4876 Ἀρουραία
3622 4799 3799 4871 μάντις,

2182 4893 2257 4948 ἑοὶ
2288 4900 2394 4949 τῶν
2420 4896 2639 4968 νωΟρῶν
2667 4894 2755 4947 καὶ
2782 4892 3093 4967 ἀπράκτων.
3111 4893 3260 4947 Ἐστι
3278 4891 3336 4946 δὲ
3354 4894 3477 4967 ἀρῖς
3499 4888 3801 4955 δυσκίνητος,

2182 4985 2395 5057 χκωρὰ,
2449 4978 2764 5055 καλουμένη
2804 4980 3015 5053 μάντίς,
3047 4982 3114 5047 ἧς
3140 5002 3284 5041 τινες
3326 4979 3677 5056 προσέχοντες
3704 4976 3802 5030 ταῖς

2181 5076 2416 5143 κινήσεσι
2441 5072 2813 5145 μαντεύονται.
2832 5073 2951 5125 ’Ότι
2973 5071 3005 5137 ἡ
3032 5067 3234 5142 ἄρουρα
3256 5068 3431 5130 πόδας
3455 5064 3567 5141 ἔχει
3589 5068 3683 5131 ν’,‹‹
3702 5065 3772 5118 R11
3788 5090 3803 5099 ο

2183 5166 2409 5219 sticana
2439 5169 2617 5229 vates,
2652 5164 2722 5217 de
2755 5161 3036 5233 segnibus
3064 5165 3121 5213 et
3152 5160 3396 5229 ignavis.
3424 5151 3802 5214 Estautemlo-

2182 5258 2342 5308 custa
2357 5254 2423 5305 ad
2437 5252 2607 5306 modu
2621 5268 2671 5305 m
2688 5250 2852 5305 tarda
2869 5253 3025 5304 motu
3038 5249 3417 5319 .viridis,qum
3433 5252 3658 5304 vocatur
3670 5257 3803 5297 man-

2180 5342 2278 5403 tis,
2300 5342 2352 5394 id
2378 5346 2487 5408 est,
2521 5345 2679 5395 vates
2717 5340 2924 5407 ;cujus
2949 5343 3144 5393 motus
3186 5338 3426 5408 quidam
3460 5334 3803 5391 observantes

2178 5430 2783 5484 vaticinantur.Arura
2810 5429 2985 5498 pedes
3006 5427 3178 5481 habet
3198 5427 3644 5497 quinquaginta.
3670 5443 3695 5471 ν
3714 5415 3799 5473 [⁵ὺὶ

2178 5518 2447 5575 ίΕῐΙιὶΙὶιιει
2480 5519 2681 5572 Portus
2722 5534 2962 5573 sensum
2997 5534 3109 5571 non
3132 5516 3557 5588 percepit,cum
3576 5517 3803 5565 extrema

2178 5609 2389 5675 vertit;
2426 5607 2545 5662 Rus
2578 5608 2753 5678 pedes
2786 5607 3000 5662 habere
3024 5608 3259 5670 dicitur,
3278 5626 3306 5651 ››
3329 5603 3393 5657 Et
3417 5604 3660 5675 ingenue
3679 5612 3799 5669 pro-

2179 5698 2369 5755 fessus
2383 5701 2491 5769 est,
2516 5714 2573 5754 N.
2591 5712 2640 5754 1..
2658 5701 2897 5769 Legerat
2912 5695 3008 5753 ille
3022 5692 3166 5771 ἔχειν
3183 5709 3319 5751 cum
3350 5691 3658 5765 legendum
3670 5685 3803 5744 esset
