3996 6170
217 321 300 376 417
920 321 1426 378 ONOMASTICON
1463 322 1723 378 RERUM
1759 321 1853 374 ΕΤ
1888 322 2290 380 VERBORUM
2326 326 2878 385 DIFFICILIORUM.
3490 334 3595 390 418

216 447 344 503 cium
368 449 455 501 est
481 447 898 503 necessarium:
918 449 1204 520 spiritale,
1232 450 1385 519 quod
1412 466 1523 504 non
1548 466 1613 503 ex
1635 463 1842 503 saccu-
1873 446 1923 511 Α
1957 447 2123 502 nensi
2153 447 2442 506 Glossario
2475 454 2649 507 etiam
2681 458 2790 522 est,
2834 460 2996 520 Buta,
3027 457 3277 523 historia,
3305 462 3446 529 puto
3468 476 3595 514 cor-

215 538 278 602 lo,
307 536 401 591 sed
436 553 505 591 ex
527 538 699 592 corde
721 539 1195 610 profertur,quod
1226 556 1339 594 non
1368 538 1656 594 bramosis
1682 554 1850 608 pecu-
1955 537 2285 607 rigendum,
2308 540 2478 609 Buda,
2507 552 2707 599 διον-θα.
2737 548 3017 614 Donatus,
3043 546 3099 600 in
3124 547 3161 601 l.
3197 566 3236 601 ιι
3266 548 3594 618 1Eneid.,ad

219 626 388 689 dibus,
424 628 529 681 sed
564 627 937 683 suavissimis
969 630 1236 683 moribus
1259 634 1702 700 comparatur.»
1950 643 2209 693 versum,
2242 630 2505 685 obscurus
2543 635 2603 686 in
2654 635 2806 701 ulva,
2841 638 3037 689 notat:
3102 635 3293 691 Ulvam
3331 638 3597 710 plerique

280 725 711 780 BUCCELLATUM.
739 727 916 782 Panis
947 728 1262 795 biscoctus,
1297 745 1399 783 seu
1452 726 1605 799 ξυρὸς
1664 727 1846 798 ἄρτος,
1952 732 2078 770 eam
2102 719 2304 772 dicunt
2328 735 2473 774 esse.
2493 737 2670 791 quam
2692 723 2866 793 vulgo
2891 724 3104 778 budam
3127 726 3480 796 appellant.»
3504 728 3601 782 Sic

219 814 371 870 δέσεως
388 817 578 884 panis,
607 816 707 888 qui
740 818 1001 873 οι-θιῃίιίε
1032 823 1089 872 ει
1118 817 1404 873 militibus
1437 818 1495 871 in
1545 834 1652 872 usu
1706 821 1846 884 erat,
1952 804 2011 858 in
2038 806 2249 877 Papia:
2284 810 2459 879 Bulla,
2493 813 2683 865 storia.
2722 812 2883 867 Forte
2915 813 3021 867 hoc
3055 820 3416 884 postremum
3462 819 3603 872 Buta

220 904 587 975 quiadiutiug
620 905 815 961 durat,
838 906 1191 972 Heraclides,
1227 923 1353 977 cap,
1381 908 1452 960 δε
1511 928 1538 955 α
1572 905 1847 961 οοηῄιαο-
1953 898 2148 949 ortum
2181 912 2248 950 ex
2282 896 2429 952 Buta
2461 898 2757 966 historico,
2810 901 2979 969 cujus
3012 902 3278 957 meminit
3309 906 3603 960 Arnobius

220 1000 322 1048 mm
347 998 527 1063 atque
556 993 613 1048 in
634 1000 828 1065 partes
850 996 1149 1051 redactum
1173 996 1434 1051 modicas
1456 995 1847 1051 buccellatum
1953 980 2094 1037 lib.v
2119 1000 2131 1038 :
2157 1007 2185 1035 «
2219 984 2381 1041 Sicut
2411 988 2536 1041 suis
2567 988 2774 1044 scribit
2816 990 2873 1043 in
2929 991 3276 1046 Causalibus
3335 992 3534 1047 Butae.
3572 1016 3600 1042 »

220 1081 519 1153 inlagenas
537 1083 718 1139 misit.
740 1106 767 1134 ››
780 1085 1147 1152 Ammianus,
1164 1085 1201 1139 1.
1218 1102 1333 1140 xvu
1360 1103 1371 1139 :
1396 1106 1415 1132 ι
1442 1086 1846 1151 Frumentum,

1983 1072 2123 1127 “orte
2153 1075 2509 1130 Teutonibus
2552 1080 2661 1133 93w
2695 1078 2752 1132 id
2804 1084 2910 1147 est,
2947 1078 3152 1147 lectus,
3183 1098 3216 1136 a
3247 1080 3409 1150 buda,
3443 1084 3601 1152 quod

220 1188 278 1227 ex
298 1186 362 1226 eo
396 1173 555 1243 quod
588 1178 713 1227 erat
740 1173 801 1228 in
827 1174 1069 1229 sedibus
1091 1174 1580 1241 consumendum,
1616 1175 1687 1229 ad
1706 1191 1851 1229 usus
1956 1160 2094 1216 Olim
2128 1163 2337 1217 διοτθῖε
2366 1164 2733 1220 incnbarent-

218 1260 649 1317 diuturnitatem
664 1264 1381 1327 excoctum,buccellatum
1400 1262 1853 1334 utvulgoappel-
2028 1260 2216 1315 BULLA
2230 1266 2283 1315 et
2298 1278 2573 1317 BULLARE.
2596 1264 2737 1317 Vitae
2756 1265 2948 1319 Basilii
2967 1281 3095 1336 cap.
3114 1268 3198 1321 10:
3221 1287 3242 1315 ι
3274 1267 3337 1321 Et
3361 1267 3605 1338 plumbo

219 1349 343 1420 lant,
369 1348 641 1406 humeris
669 1352 952 1422 imposuit
984 1353 1293 1408 libentium
1330 1353 1606 1408 militum.
1636 1376 1663 1404 ››
1712 1353 1769 1407 L.
1797 1369 1850 1407 vr
1956 1347 2673 1407 bullavitchartamillam.
2696 1374 2723 1401 ››
2739 1352 2878 1407 Vitae
2893 1354 3137 1409 Joannis
3152 1356 3606 1428 Eleemosynarii

220 1438 429 1495 Codicis
462 1440 875 1510 Theodosiani,
900 1441 978 1496 De
1008 1458 1166 1513 erog.
1201 1442 1370 1497 milit.
1415 1460 1656 1498 annon.:
1694 1464 1721 1493 «
1748 1442 1852 1496 Ex-
1958 1453 2082 1506 cap.
2114 1438 2205 1493 51:
2233 1460 2261 1487 «
2283 1439 2406 1494 Non
2432 1447 2594 1511 potes
2617 1443 2892 1509 scribere,
2938 1448 2994 1497 et
3020 1444 3264 1513 bullare,
3295 1450 3351 1500 et
3401 1445 3607 1501 afferre

220 1527 523 1598 peditionis
553 1533 814 1599 tempore
845 1530 1230 1586 buccellatum
1270 1548 1335 1587 ac
1386 1548 1617 1603 panem,
1649 1532 1852 1586 vinum
1960 1525 2199 1580 mihi?»
2235 1528 2301 1582 Et
2318 1534 2519 1599 post:«
2542 1530 3029 1601 Dateiproprium
3065 1533 3376 1602 pictacium
3418 1533 3607 1589 bulla-

221 1632 442 1688 quoque
477 1621 654 1688 atque
686 1622 943 1685 acetum,
977 1621 1077 1674 sed
1100 1626 1157 1674 et
1176 1619 1454 1687 laridum,
1486 1636 1854 1675 carnemvcr-
1956 1619 2102 1670 tum.
2126 1636 2153 1667 ι
2178 1615 2541 1673 Glossarium
2558 1617 3025 1675 Camberonense
3041 1638 3171 1676 ms.:
3192 1623 3434 1689 «Bullae,
3458 1640 3599 1678 cera:

223 1706 366 1759 vecin
376 1722 476 1760 am
492 1705 667 1761 etiam
694 1706 910 1761 milites
926 1713 1157 1763 nostros
1194 1708 1276 1763 ita
1291 1708 1475 1764 solere
1490 1708 1852 1779 percipere.»

1958 1704 2284 1775 sigillata.»
2313 1707 2469 1761 Idem
2498 1725 2512 1762 :
2541 1730 2567 1757 ‹‹
2588 1707 2839 1774 Bullare,
2864 1709 3141 1779 sigillare.
3170 1733 3197 1759 ››
3220 1712 3312 1766 Sic
3334 1721 3386 1766 et
3411 1718 3601 1782 poste-

221 1795 638 1865 Spartianus,in
655 1796 969 1851 Pescennio
985 1797 1181 1868 Nigro:
1203 1798 1406 1852 «Idem
1430 1797 1676 1868 pistores
1691 1796 1855 1867 sequi
1888 1797 1931 1861 Β
1964 1794 2217 1849 rioribus
2247 1795 2459 1849 Gracia
2494 1793 2708 1868 βούλλα
2736 1802 2792 1852 et
2825 1794 3160 1871 βουλλεύειν.
3196 1800 3338 1856 Vide
3377 1800 3608 1857 Glossa-

224 1886 637 1956 expeditionem
657 1885 974 1956 prohibuit,
993 1886 1538 1956 buccellatojubens
1570 1885 1784 1940 milites
1806 1890 1863 1940 et

224 1965 415 2030 omnes
434 1979 747 2030 contentos
766 1991 913 2030 esse.
933 2000 952 2027 ι
985 1976 1304 2043 Vulcatius,
1326 1975 1385 2029 in
1410 1975 1611 2029 Avidio
1625 1974 1858 2030 Cassio:

224 2086 244 2112 α
266 2064 804 2135 Etprzeterlardum
824 2080 891 2119 ac
908 2064 1297 2119 buccellatum
1314 2070 1489 2135 atque
1503 2062 1867 2130 acetum,mi-

222 2152 368 2209 litem
394 2153 458 2208 in
482 2152 852 2223 expeditione
872 2158 1103 2224 portare
1130 2153 1453 2224 prohibuit.
1478 2172 1508 2205 ››
1531 2153 1866 2208 Constanti-

223 2259 337 2313 nus,
371 2240 502 2316 πιρὶ
520 2238 767 2312 θεμάτων
786 2259 798 2297 :
815 2238 1201 2302 Βούκελλοςτὸ
1229 2237 1632 2316 κρικελλοειδές
1643 2240 1864 2313 ψωμίον

222 2329 480 2385 ultimi:
501 2352 530 2381 «
546 2331 848 2386 Buccellus
861 2331 1253 2387 orbiculatum
1271 2334 1551 2387 frustrum
1568 2336 1864 2386 vocatur.»

223 2419 555 2489 Mauritius,
579 2420 638 2475 in
670 2420 939 2475 Taclicis:
965 2420 1084 2493 Χρή
1114 2418 1167 2475 ἐν
1193 2420 1376 2493 ἡμέρᾳ
1396 2417 1732 2491 πολέμου,ἐν
1746 2423 1864 2479 ταῖς

223 2506 437 2572 σέλλαις
449 2506 792 2585 ἐπιφέρεσθαι
812 2506 1031 2563 ἕκαστον
1052 2510 1384 2582 στρατιώτην
1400 2506 1544 2579 ὕδωρ
1560 2507 1648 2562 καὶ
1664 2509 1866 2563 Βουκε-

222 2594 362 2656 λάταξ
399 2624 428 2650 α
448 2600 555 2656 Die
586 2599 722 2656 belli
745 2601 919 2656 debet
938 2601 1192 2673 quisque
1223 2599 1391 2656 miles
1411 2616 1622 2669 aquam
1644 2604 1700 2653 et
1721 2600 1865 2653 buc-

223 2688 491 2745 cellatum
524 2689 583 2744 in
617 2688 779 2745 sellis
800 2706 1001 2744 secum
1036 2689 1200 2744 ferre.
1230 2708 1255 2740 ι

220 2822 223 2823 ν
281 2788 362 2843 Ab
394 2787 509 2843 hoc
539 2804 688 2859 pane
710 2786 1121 2859 expeditionali
1154 2802 1253 2841 seu
1286 2784 1606 2840 buccellalo
1633 2784 1866 2856 elegan-

220 2880 298 2932 ter
316 2892 561 2949 panem,
590 2893 763 2948 quem
783 2876 1207 2933 benedictionis
1230 2875 1355 2930 loco
1369 2874 1864 2939 transmittebant,

222 2972 504 3022 vocarunt
523 2966 806 3022 Paulinus
823 2970 881 3022 et
910 2965 1188 3021 Therasia
1206 2966 1275 3019 ad
1304 2963 1729 3019 Romanianum
1754 2960 1870 3032 epi-

228 3055 368 3111 stola
404 3055 500 3122 36,
533 3056 686 3126 apud
712 3055 1109 3126 Augustinum
1137 3071 1149 3108 :
1174 3076 1201 3105 «
1227 3054 1308 3110 Ne
1324 3068 1569 3109 vacuum
1603 3053 1867 3106 fraternae

1968 1882 2120 1937 rium
2154 1884 2668 1939 Grazcobarbarum
2703 1886 2962 1941 Meursii.

2036 1994 2516 2043 CAMELAUCHIUM.
2548 1988 2674 2044 Vita
2703 1991 2893 2045 Mariae
2927 1991 3116 2063 neptis
3137 1994 3397 2060 Abrahae,
3432 2012 3534 2066 cap
3554 1996 3609 2051 5:

1970 2100 1997 2129 ‹‹
2014 2077 2488 2133 Camelaucbium
2505 2094 2737 2148 quoque
2753 2078 2991 2151 longum
3005 2081 3180 2151 capiti
3196 2099 3322 2146 suo,
3342 2087 3406 2137 ut
3434 2084 3612 2139 facies

1969 2166 2095 2236 ejus
2126 2165 2433 2231 velaretur,
2467 2166 2770 2237 imposuit.
2803 2187 2829 2219 ι
2881 2169 2948 2223 Et
2976 2185 3103 2240 cap.
3133 2170 3204 2224 9:
3273 2190 3299 2222 α
3328 2172 3612 2228 Auferens

1970 2271 2202 2326 quoque
2233 2254 2697 2309 camelauchium
2732 2272 2765 2309 a
2795 2257 2982 2327 capite
3006 2274 3133 2312 suo.
3168 2257 3472 2314 »Verbum
3503 2260 3613 2316 hoc

1970 2344 2194 2415 saepein
2211 2343 2629 2414 Manuscriptis
2651 2348 2707 2398 et
2729 2345 2936 2415 primis
2953 2345 3318 2402 Editionibus
3332 2348 3612 2419 deprava-

1971 2437 2119 2501 tum,
2152 2432 2208 2486 in
2244 2432 2461 2504 quibus
2494 2434 2643 2487 l'erre
2670 2434 3073 2499 calemanchus,
3107 2434 3196 2489 vel
3237 2436 3612 2492 calamancus.

1970 2522 2134 2577 Unde
2164 2521 2222 2575 in
2252 2520 2476 2576 Glossis
2510 2520 2757 2575 Isidori:
2793 2543 2821 2571 «
2851 2520 3110 2586 Galeros,
3160 2521 3552 2580 calamancos.
3590 2548 3611 2576 ι
3694 2594 3695 2597 η

1972 2616 2137 2683 Lege,
2152 2610 2567 2665 camelauuhz'os.
2584 2609 2865 2665 Similiter
2877 2612 3031 2681 apud
3047 2612 3283 2679 Bedam,
3302 2614 3374 2668 de
3396 2614 3622 2669 Taber-

1973 2717 2125 2764 nac.,
2150 2700 2301 2753 libro
2332 2716 2415 2765 ιιι,
2451 2715 2575 2769 cap.
2608 2700 2662 2754 8:
2698 2720 2723 2751 ε
2759 2702 2948 2771 Super
2978 2706 3156 2772 caput
3194 2707 3393 2757 autem
3427 2706 3620 2772 gestat

1974 2788 2267 2860 pileumin
2301 2789 2539 2843 modum
2577 2788 2800 2859 parvuli
2831 2789 3131 2859 calamaci,
3184 2790 3306 2845 sive
3338 2791 3609 2863 cassidis,

1975 2880 2129 2950 quod
2159 2878 2489 2933 extenditur
2518 2893 2697 2948 supra
2728 2881 3129 2934 summitatem
3153 2880 3416 2951 capitis.»
3443 2882 3614 2953 Lege,

1974 2966 2374 3023 camelauchii.
2392 2970 2742 3037 Frequenter
2753 2954 3201 3037 posteriori-aevo
3224 2974 3614 3027 consonantes

1976 3056 2063 3112 vel
2083 3057 2235 3110 inter
2264 3072 2322 3110 se
2344 3056 2789 3110 commutabant
2806 3056 2891 3111 vel
2914 3059 3363 3128 postponebant.
3387 3060 3481 3114 Sic
3503 3061 3620 3115 fere

223 3142 617 3200 humanitatis
646 3144 908 3199 ofﬁcium
929 3144 1245 3211 videretur,
1270 3144 1340 3197 de
1362 3141 1684 3197 buccellato
1711 3139 1871 3195 Cbl‘i-
1900 3153 1943 3219 ρ
1983 3164 2214 3218 semper
2236 3147 2293 3201 in
2314 3146 2729 3217 Manuscriptis
2759 3147 3133 3213 corcodrillus,
3159 3165 3262 3219 pro
3292 3151 3619 3206 crocodilus,

227 3232 432 3289 stianaa
454 3234 865 3307 expeditionis,
887 3234 945 3289 in
970 3234 1139 3303 cujus
1161 3232 1494 3305 procinctus
1516 3230 1776 3301 quotidie
1798 3230 1871 3284 ad

226 3321 587 3393 frugalitatis
606 3340 900 3380 annonam
917 3321 1262 3388 militamus,
1279 3337 1460 3392 panes
1481 3320 1744 3391 quinque
1763 3317 1871 3373 tibi

229 3413 469 3482 pariter,
496 3416 553 3469 et
574 3412 694 3469 ﬁlio
718 3418 922 3470 nostro
947 3411 1207 3467 Licentio
1246 3409 1541 3465 misimus.
1568 3430 1596 3457 »

287 3516 563 3568 Bucoua.
597 3509 729 3566 Vita
747 3510 1007 3579 Antonii,
1040 3526 1164 3581 cap.
1183 3509 1273 3575 24,
1296 3506 1395 3562 ubi
1415 3506 1615 3562 Latine
1637 3510 1726 3560 est
1744 3521 1870 3576 pas-

227 3602 449 3670 toralia,
483 3600 680 3656 Graace
708 3604 797 3655 est
824 3594 1134 3667 lBooxoMa.
1196 3597 1602 3669 Hieronymus,
1652 3594 1709 3648 in
1743 3595 1873 3649 Vita

224 3691 407 3747 sancti
434 3689 777 3761 Hilarionis,
801 3706 930 3761 cap.
962 3690 1051 3756 36,
1073 3687 1320 3743 servavit
1336 3686 1595 3742 Graecum
1618 3684 1872 3739 vocabu-

226 3778 363 3851 lum;
401 3803 437 3830 α
462 3780 534 3835 ad
565 3796 635 3835 ea
664 3778 791 3835 loca
822 3795 952 3850 quae
980 3782 1262 3833 vocantur
1283 3775 1538 3840 Bucolia,
1562 3796 1589 3824 »
1613 3773 1874 3828 Heliodo-

224 3884 336 3927 rus:
360 3866 652 3926 Βουκολία
664 3866 879 3939 σύμπας
895 3864 1156 3935 κέκληται
1186 3864 1323 3938 πρὸς
1343 3862 1649 3938 Αἰγυπτίων
1667 3862 1872 3922 ὁτύπος

229 3959 508 4017 «ΒαοοΙὶα
538 3958 695 4030 apud
723 3957 1017 4030 Egyptios
1050 3957 1242 4011 dictus
1285 3960 1375 4010 est
1422 3958 1581 4009 totus
1631 3952 1817 4019 locus,
1845 3973 1872 4000 »

228 4048 515 4115 videlicet,
546 4048 617 4102 ad
648 4048 849 4113 lacum,
878 4046 1031 4117 quod
1074 4045 1390 4117 praecessit.
1422 4044 1606 4098 Locus
1639 4042 1731 4096 hic
1754 4046 1878 4096 erat

230 4141 374 4209 apud
391 4137 815 4193 Alexandriam
832 4136 1000 4206 juxta
1014 4151 1173 4190 mare
1186 4134 1295 4189 sub
1310 4132 1577 4204 rupibus.
1592 4131 1727 4186 Vita
1738 4148 1874 4185 san-

231 4227 503 4285 ctiMarci
528 4227 943 4298 postAbdiam,
978 4240 1267 4295 anonymo
1298 4226 1570 4277 auctore:
1600 4220 1877 4275 «Marcus

228 4314 443 4372 iterum
459 4314 875 4371 Alexandriam
898 4312 1077 4379 venit,
1108 4316 1165 4367 et
1206 4311 1422 4382 reperit
1443 4310 1647 4364 fratres
1680 4307 1881 4380 multi¢

231 4405 478 4476 plicatos
495 4405 555 4461 in
572 4405 757 4477 gratia
779 4408 836 4459 et
856 4403 969 4457 fide
992 4400 1244 4467 Domini,
1267 4399 1693 4469 ecclesiamque
1716 4412 1881 4452 cons-

228 4498 483 4551 tructam
516 4494 587 4550 ab
618 4493 703 4549 eis
734 4493 793 4547 in
822 4491 950 4548 loco
990 4491 1090 4562 qui
1137 4493 1375 4545 vocatur
1395 4487 1673 4551 Buculus,
1704 4485 1760 4539 id
1793 4489 1882 4541 est
1910 4527 1955 4593 D

231 4582 498 4649 Bubulci,
525 4584 693 4655 juxta
725 4596 883 4636 mare
905 4579 1017 4635 sub
1063 4578 1335 4650 rupibus,
1357 4599 1385 4628 »
1445 4576 1588 4632 Hinc
1636 4575 1883 4630 Bucolici

231 4672 450 4730 milites
469 4670 822 4744 Capitolino,
867 4670 925 4724 in
944 4670 1132 4726 Marco
1156 4668 1449 4723 Antonino
1470 4683 1484 4723 :
1504 4689 1532 4717 ‹‹
1548 4668 1881 4736 Perngyp-

236 4764 358 4817 tum
386 4760 645 4818 Bucolici
679 4758 891 4815 milites
923 4756 1124 4830 gravia
1155 4756 1344 4812 multa
1374 4756 1667 4812 fecissent.
1691 4773 1719 4806 ι

300 4859 487 4927 Bona,
519 4858 811 4927 Pelagius,
841 4855 1042 4912 libello
1072 4873 1130 4924 ιι,
1163 4871 1328 4910 uum.
1359 4855 1452 4908 76.
1478 4874 1506 4903 «
1532 4853 1752 4907 Videns
1775 4868 1883 4906 au-

234 4950 347 5003 tem
370 4949 578 5004 1019
630 4946 937 5018 Egyptius
974 4945 1255 5000 vestitum
1288 4942 1566 5017 mollibus
1599 4941 1795 5008 rebus,
1828 4943 1886 4994 et

234 5034 454 5093 budam
487 5039 559 5094 de
589 5053 830 5109 papyro,
877 5040 934 5091 et
976 5034 1187 5105 pellem
1237 5036 1482 5087 stratam
1517 5031 1625 5085 sub
1670 5030 1818 5100 ipso.
1855 5050 1882 5077 ››

234 5125 457 5183 ὒὶοεεω
483 5127 715 5195 Isidori;
736 5126 898 5180 Buda
929 5125 1181 5181 historia.
1214 5122 1365 5178 Num
1394 5120 1731 5191 legendum,
1775 5121 1884 5174 slo-

231 5215 385 5271 rea?
418 5217 511 5273 Sic
535 5234 603 5272 ex
631 5216 810 5271 veteri
839 5213 1290 5286 Spania,addito
1323 5226 1421 5265 seu
1453 5207 1685 5281 prwﬁxo
1709 5208 1769 5262 hi
1801 5209 1883 5262 fe-

235 5322 365 5361 cere
430 5308 725 5378 Hispania.
784 5303 1150 5360 Glossarium
1203 5301 1669 5355 Camberonense
1720 5313 1881 5353 ms.:

233 5416 260 5443 α
295 5394 486 5463 Buda,
514 5398 909 5451 stromentum
940 5392 1075 5447 lecti
1098 5392 1169 5446 de
1194 5389 1375 5458 biblo,
1400 5389 1454 5443 id
1481 5392 1877 5459 est,papyro.»

232 5482 293 5538 In
326 5484 553 5540 Glossis
588 5483 793 5539 Isidori
811 5482 989 5538 etiam
1014 5482 1284 5537 invenio:
1327 5502 1350 5527 α
1385 5479 1880 5545 Buda,ornamen-

229 5573 292 5626 ta
321 5572 540 5644 regalia
554 5572 644 5629 vel
664 5571 1041 5628 camelorum.
1064 5588 1091 5621 η
1122 5571 1288 5636 Item,
1314 5590 1342 5618 «
1368 5567 1557 5636 Bulla,
1588 5570 1880 5621 stramen-

230 5662 291 5716 ta
322 5661 563 5733 regalia.
591 5684 620 5713 »
653 5662 816 5725 Quod
844 5676 980 5718 vero
1011 5658 1071 5715 in
1125 5656 1531 5728 manuscripto
1572 5656 1883 5712 Cambero-

1972 3237 2079 3292 Sed
2093 3232 2494 3307 καμελαύχιον,
2509 3234 2596 3289 vel
2608 3232 2988 3307 καμαλαύκιυν
3007 3242 3229 3292 rectum
3263 3254 3390 3293 esse
3413 3239 3622 3294 suadet

1975 3324 2285 3397 originatio
2316 3325 2469 3395 apud
2505 3324 2988 3396 Etymologicum:
3022 3322 3224 3378 Kauoia
3254 3322 3464 3399 e'tpntat
3521 3326 3613 3397 μὶν

1973 3411 2363 3486 καμελαύκιον,
2396 3412 2541 3484 παρὰ
2568 3411 2881 3467 τὸέλαύνειν
2896 3412 2957 3466 τὸ
2974 3417 3174 3486 ταῦμα.
3208 3416 3617 3473 «Causiadici-

1975 3507 2073 3558 tur
2102 3501 2547 3567 camelaucium,
2576 3503 2725 3571 quod
2751 3507 2942 3557 arceat
2963 3503 3272 3559 calorem.»
3292 3505 3355 3558 In
3388 3504 3615 3561 Glossa-

1977 3591 2065 3647 ria
2093 3590 2483 3647 Caberonensi
2516 3592 2918 3662 manuscripto
2963 3597 3088 3647 est:
3149 3613 3177 3641 ‹‹
3210 3592 3619 3659 Camelaucus,

1976 3682 2388 3737 vestimentum
2426 3697 2606 3751 papas;
2636 3701 2664 3729 »
2688 3684 2744 3736 et
2766 3680 3172 3749 Calamaucus,
3195 3682 3384 3752 pileus
3406 3682 3621 3739 similis

1974 3770 2185 3825 tiaras.-
2199 3768 2587 3841 Occurritaliq
2598 3769 2784 3824 uoties
2797 3769 2951 3839 apud
2965 3769 3206 3824 Suidam
3218 3767 3620 3845 καμελαύχιον,

1977 3858 2064 3914 vel
2079 3854 2579 3928 καμμελαύκιονλι]
2595 3857 2879 3930 Hesychio
2892 3858 3064 3913 verbo
3076 3856 3251 3932 Τιάρα
3263 3858 3443 3916 habes
3458 3861 3630 3916 etiam

1978 3944 2376 4019 καμελαύχιον,
2411 3948 2494 4001 uti
2526 3951 2583 4002 et
2614 3948 2767 4018 apud
2809 3945 3162 4003 scholiasten
3211 3948 3626 4021 Aristophanis

1979 4037 2049 4091 ad
2083 4036 2509 4091 Acharnenses.

2052 4135 2314 4190 CAMISIA.
2347 4134 2667 4203 Palladius,
2690 4150 2817 4205 cap.
2846 4133 2949 4189 149
2974 4152 2986 4190 :
3010 4156 3037 4184 κ
3059 4134 3203 4190 Cum
3232 4151 3360 4190 eam
3382 4136 3507 4192 suis
3528 4152 3625 4192 ve-

1982 4224 2173 4279 stibus
2188 4223 2497 4292 induisset,
2513 4222 2734 4292 tunica,
2750 4224 3010 4289 camisia,
3025 4223 3421 4296 etchlamyde,
3438 4231 3628 4280 etom-

1984 4312 2462 4367 nibusvirilibus.
2485 4333 2512 4360 »
2536 4312 2729 4366 Graece
2751 4310 2829 4365 ibi
2851 4308 3157 4381 καμισίοις.
3179 4310 3395 4367 Glossaa
3419 4313 3632 4368 Basili-

1984 4416 2207 4456 corum:
2232 4398 2519 4471 Καμίσιον,
2552 4400 2579 4453 ὁ
2608 4397 2695 4452 ἐπὶ
2719 4398 2979 4470 καμάτων
3002 4417 3198 4473 χιτφν.
3217 4399 3497 4467 Isidorus,
3524 4400 3627 4456 lib.

1984 4506 2082 4544 x1x
2110 4488 2287 4559 Orig.,
2321 4506 2449 4561 cap.
2481 4490 2590 4543 22:
2622 4487 2909 4544 Camisias
2937 4504 3239 4559 vocamus,
3269 4490 3420 4559 quod
3452 4489 3511 4544 in
3536 4489 3632 4546 his

1989 4579 2320 4634 dormimus
2351 4578 2411 4633 in
2436 4577 2705 4648 camis,id
2728 4576 2901 4644 est,in
2920 4577 3123 4633 stratis
3142 4577 3416 4646 nostris,»
3450 4579 3513 4634 Id
3537 4583 3629 4634 est

1991 4668 2293 4723 indusium
2326 4666 2413 4723 vel
2444 4667 2624 4722 lintea
2653 4666 2885 4722 sindon.
2920 4665 3106 4736 Idem,
3139 4666 3379 4734 ibidem,
3414 4683 3464 4723 c.
3517 4667 3579 4724 24
3614 4683 3628 4723 :

1994 4778 2022 4807 «
2053 4756 2285 4812 Poderis
2298 4760 2386 4812 est
2399 4755 2596 4811 tunica
2608 4755 2929 4811 sacerdotis
2942 4752 3118 4820 linea,
3140 4756 3369 4827 corpori
3395 4756 3635 4812 astricta

1993 4862 2182 4917 usque
2213 4847 2283 4901 ad
2312 4846 2490 4917 pedes
2514 4845 2895 4900 descendens.
2920 4843 3049 4898 Haec
3068 4842 3241 4915 vulgo
3266 4844 3513 4901 camisia
3532 4862 3637 4900 vo-

1995 4939 2177 4991 catur.
2215 4963 2283 4975 —
2309 4935 2393 4988 Ad
2415 4932 2658 4988 Palladii
2688 4932 2881 4988 locum
2908 4933 2977 4987 de
3010 4931 3193 4988 milite
3224 4933 3455 5004 proprie
3498 4932 3640 4988 facit

1992 5024 2381 5094 Hieronymus
2413 5023 2583 5093 epist,
2627 5023 2744 5076 1'28:
2773 5042 2801 5072 α
2824 5020 3025 5077 Solent
3051 5021 3373 5078 militantes
3420 5022 3638 5079 habere

1992 5111 2356 5182 lineas,quas
2388 5112 2657 5167 camisias
2688 5116 2916 5179 vocant,
2948 5112 3032 5166 sic
3059 5114 3225 5183 aptas
3269 5112 3552 5167 membris
3584 5113 3641 5166 et

1993 5203 2262 5256 astrictas
2296 5202 2745 5273 corporibus,ut
2774 5199 3163 5271 expeditisint
3193 5200 3277 5255 vel
3301 5201 3369 5256 ad
3400 5216 3636 5256 cursum

1992 5290 2078 5346 vel
2110 5292 2176 5346 ad
2194 5290 2413 5362 praelia,
2431 5290 2679 5363 dirigere
2696 5290 2905 5360 iacula,
2924 5294 3121 5345 tenere
3136 5288 3639 5361 clypeuro,ensem

1992 5378 2226 5447 librare,
2258 5384 2315 5436 et
2341 5394 2705 5452 quaecunque
2764 5378 3083 5434 necessitas
3139 5378 3399 5434 traxerit.
3432 5402 3459 5429 ››
3496 5382 3639 5435 Item

1991 5470 2163 5536 Beda,
2194 5474 2271 5524 De
2296 5469 2706 5526 tabernaculo:
2742 5490 2766 5521 α
2787 5468 2928 5532 Quia
2959 5466 3150 5523 solent
3176 5467 3394 5522 milites
3428 5468 3639 5523 habere

1993 5559 2203 5625 lineas,
2219 5574 2367 5628 quas
2389 5559 2664 5614 camisias
2679 5564 2904 5614 vocant.
2924 5579 2946 5607 ι
2971 5555 3186 5611 Eadem
3201 5572 3307 5610 vox
3320 5554 3530 5624 sazpius
3547 5569 3646 5607 oc-

1995 5647 2181 5704 currit
2208 5650 2331 5703 tam
2364 5664 2468 5719 pro
2499 5646 2746 5705 camisia
2774 5643 3021 5716 vulgari,
3043 5660 3217 5714 quam
3232 5641 3498 5713 prolinea
3518 5639 3649 5694 exi-
