3902 6170
393 327 498 383 427

1112 318 1616 377 ONOMASTIOON
1656 318 1907 373 RERUM
1944 319 2038 371 ET
2073 315 2471 375 VERBORUM
2507 323 3075 378 DIFFICILIORUM.

3634 330 3719 383 428

390 462 443 510 et
488 452 695 516 linteis,
747 452 857 504 etc.
889 447 1107 517 Nempe
1137 442 1468 520 ἐνταφιάζειν
1494 458 1694 499 curare
1719 444 1889 513 funus
1910 457 2028 496 cre-
2059 447 2111 511 Α
2142 443 2546 500 occultissimas
2613 446 2862 515 justitiie
2910 444 3230 500 sinceritati
3301 446 3581 503 distribuit.
3627 451 3728 506 Ali-

395 541 545 597 didit
576 540 731 593 idem
760 553 883 592 esse
940 536 1094 607 quod
1130 532 1376 602 θάπτειν,
1408 533 1667 603 sepelire.
1704 532 1884 601 Atqui
1921 546 2043 586 non

394 634 622 702 poterat
651 626 886 699 sepeliri
909 641 1121 696 corpus
1143 629 1459 694 antequam
1490 620 1899 677 involveretur.
1928 620 2040 674 Re-

394 725 522 775 ctus
544 719 686 773 ordo
708 733 924 781 curare,
948 714 1140 769 lavare
1154 718 1211 768 et
1236 728 1453 783 ungere
1475 728 1711 781 corpus,
1739 708 1925 769 linteis
1950 710 2041 762 in-

395 810 632 871 volvere,
656 810 714 860 et
736 805 1025 874 deponere,
1050 820 1151 858 seu
1175 802 1441 872 sepelire.
1468 800 1772 871 Proprium
1796 802 2038 853 verbum

395 898 533 952 huic
550 896 630 950 rei
648 896 871 949 funebri
886 891 1425 960 eurareLatinis,uti
1442 889 1657 945 Grmcis
1677 886 2039 963 ἐνταφιάζειν.

466 985 629 1050 Quod
660 988 801 1039 Gen.
862 999 898 1038 ι.
932 984 986 1049 2,
1019 986 1105 1037 est
1136 982 1514 1050 Praecepith
1570 978 1832 1048 (Joseph)
1865 979 2039 1031 servis

393 1077 509 1131 suis
536 1073 787 1135 medicis,
822 1074 879 1127 ut
912 1071 1253 1127 aromatibur
1282 1069 1569 1124 condirent
1592 1076 1815 1139 patrem
1840 1082 1853 1132 ;
1901 1065 2039 1120 LXX

395 1164 616 1219 habent
649 1180 663 1217 :
692 1158 1127 1234 Καὶπροσέταξεν
1152 1158 1351 1233 Ἰωσὴφ
1381 1161 1497 1217 τοῖς
1516 1156 1703 1209 παισὶν
1733 1153 1898 1207 αὐτοῦ
1921 1158 2039 1213 τοῖς

395 1251 763 1329 ineptae-mit:
796 1247 1239 1324 ἰνταφιασαι,τὸν
1275 1246 1481 1320 πατέρα
1498 1243 1681 1299 αὐτοῦ.
1715 1245 2042 1315 Ειρνιϊεσρὶι

390 1342 588 1414 Ioseph
616 1343 794 1397 servis
846 1339 962 1395 suis
1019 1337 1436 1409 feneratoribus
1492 1343 1775 1405 funerare
1826 1337 2041 1403 patrem

390 1449 553 1488 suum
578 1450 592 1499 ;
624 1430 702 1485 ibi
730 1429 867 1485 olim
891 1432 1015 1484 erat
1035 1428 1431 1498 sepultoribus.
1452 1423 1913 1495 Augustinus,in
1936 1422 2042 1475 l.o-

393 1525 512 1575 cut.
548 1536 561 1574 :
595 1518 977 1589 Sepultoribus
1009 1533 1023 1570 :
1061 1538 1089 1566 «
1118 1515 1243 1570 Non
1278 1513 1503 1569 invenit
1559 1512 1760 1582 lingua
1813 1510 2039 1577 Latina,

392 1594 888 1680 quemadmOdum
902 1604 1221 1677 appellaret
1234 1599 1737 1678 ἐνταφιαστάς,Νοη
1753 1599 1907 1655 enim
1927 1598 2041 1670 ipsi

392 1700 701 1770 sepeliunt,
724 1698 781 1751 id
805 1688 1085 1763 est,terrze
1114 1694 1396 1748 mandant
1415 1707 1657 1761 corpora
1674 1695 2039 1744 mortuorum

394 1789 547 1857 quod
582 1804 696 1841 non
729 1790 818 1841 est
848 1786 1039 1839 Greece
1070 1781 1388 1857 ἐνταφιασαν
1418 1782 1517 1835 sed
1551 1775 1868 1849 ’s'tladoaleli
1901 1793 2040 1847 ergo

391 1874 731 1947 ἐνταφιασνταὶ
752 1876 805 1929 id
837 1878 1040 1944 agunt,
1059 1872 1210 1942 quod
1233 1870 1541 1925 exhibetur
1566 1867 1908 1939 corporibus
1928 1866 2036 1920 hu-

392 1966 646 2029 mandis,
662 1964 750 2018 vel
774 1962 1122 2029 condiendo,
1142 1959 1229 2015 vel
1253 1959 1546 2025 siccando,
1561 1957 1647 2011 vel
1673 1955 2035 2021 involvendo,

390 2059 447 2108 et
460 2053 776 2126 alligando;
794 2053 851 2105 in
866 2068 983 2123 quo
996 2065 1171 2122 opere
1187 2049 1442 2103 maxime
1458 2046 1879 2117 Egyptiorum,
1897 2061 2036 2098 cura

388 2142 687 2214 praecellit.
713 2140 876 2208 Quod
905 2155 1041 2211 ergo
1073 2137 1235 2203 dicit,
1257 2137 1435 2191 etiam
1460 2134 1841 2205 sepelierunt,
1868 2148 2033 2186 cura-

388 2236 594 2286 verunt
623 2230 950 2300 intelligere
979 2228 1282 2282 debemus.
1314 2249 1339 2275 ))

458 2322 613 2375 Idem
644 2324 885 2374 tractatu
922 2318 1113 2387 priore
1165 2315 1245 2371 De
1305 2313 1725 2370 resurrectione
1774 2315 2033 2366 mortuo-

390 2426 545 2476 rum,
580 2426 627 2463 c.
668 2410 734 2462 12
768 2425 779 2461 :
814 2429 841 2457 «
874 2404 1129 2477 Egyptii
1157 2403 1471 2474 diligenter
1509 2405 1722 2457 curant
1753 2401 2035 2456 cadavera

390 2503 817 2555 mortuorum.»
842 2495 980 2549 Pius
1000 2494 1303 2564 episcopus
1329 2492 1624 2547 Romanus
1647 2493 1731 2559 (ut
1754 2489 2033 2559 creditur)

388 2590 459 2644 ad
483 2589 513 2645 J
526 2593 720 2644 ustum
744 2585 1078 2658 episcopum
1097 2578 1768 2651 Viennensem,epistola
1786 2580 1839 2632 2:
1855 2581 2037 2633 «Cura

392 2682 586 2733 autem
609 2679 944 2731 sanctorum
966 2673 1283 2743 Martyrum
1307 2686 1571 2741 corpora,
1595 2668 1747 2723 sicut
1770 2666 2035 2721 membra

394 2768 514 2833 Dei,
546 2763 1048 2837 quemadmodum
1100 2762 1451 2815 curaverunt
1492 2756 1743 2828 apostoli
1783 2754 2033 2825 Stepha-

391 2872 555 2913 num.
588 2874 615 2908 ιι
653 2851 985 2916 Suetonius,
1020 2850 1266 2916 Nerone,
1298 2864 1423 2918 cap.
1471 2847 1538 2900 49
1590 2863 1603 2899 ;
1636 2868 1663 2895 ι(
1726 2844 2036 2915 Imperavit

391 2961 604 3016 aquam
633 2941 813 2998 simul
839 2941 1045 2997 1023
1077 2943 1134 2994 et
1157 2938 1313 3011 ligna
1340 2935 1585 2993 conferri
1609 2933 1868 2992 curando
1897 2948 2035 2988 mox

390 3036 674 3093 cadaveri.
709 3056 737 3083 »
769 3033 1135 3105 Spartianus,
1195 3030 1255 3086 in
1315 3028 1607 3085 Hadriano
1656 3043 1732 3081 ζα
1788 3024 2036 3079 Curasse

392 3125 698 3189 delicatos,
722 3124 1073 3191 eosdemque
1106 3118 1405 3190 sepelisse.
1439 3138 1467 3165 ››
1502 3116 1625 3171 Nisi
1659 3114 1759 3169 ille
1795 3112 2028 3181 capien-

386 3218 499 3271 dus
517 3214 595 3271 sit
616 3214 685 3270 de
706 3228 847 3269 cura
862 3206 1207 3281 depilatoria
1227 3206 1665 3271 catamitorum,
1690 3203 2029 3272 legeturque

391 3321 534 3376 saepe
592 3304 742 3361 lisse.
803 3300 1177 3372 Eginhartus,
1236 3297 1296 3351 in
1362 3294 1489 3351 Vita
1545 3292 1734 3348 Caroli
1794 3289 2029 3361 Magni:

393 3416 421 3444 ‹‹
455 3395 679 3465 Corpus
709 3406 872 3446 more
903 3387 1153 3444 solemni
1181 3386 1368 3443 lotum
1401 3389 1460 3440 et
1488 3391 1775 3439 curatum.
1815 3403 1837 3432 ι

458 3486 752 3537 CURIALIS.
786 3476 1145 3545 Heraclides,
1178 3492 1303 3545 cap.
1336 3476 1370 3526 7
1405 3491 1416 3527 :
1454 3495 1481 3523 α
1517 3472 1782 3539 Moyseus
1833 3485 2035 3523 servus

389 3571 639 3639 alicujus
669 3566 907 3624 curialis
934 3572 1074 3621 erat.
1107 3587 1129 3617 ι
1169 3566 1237 3619 In
1266 3561 1549 3623 Palladio,
1580 3578 1705 3628 cap.
1726 3560 1818 3623 22,
1850 3563 1961 3623 est,

388 3659 554 3727 κὲτης
595 3655 841 3729 ὑπῆρχεν
874 3651 1306 3722 πολιτευομένου
1352 3648 1525 3710 τινός.
1570 3649 1750 3703 Vetus
1790 3645 2030 3700 Palladii

393 3746 688 3815 Lausiaca,
721 3762 848 3817 cap.
883 3744 948 3798 14
982 3760 994 3798 :
1029 3765 1059 3793 ‹‹
1092 3742 1318 3812 Moyses
1347 3756 1553 3797 servus
1580 3737 1885 3807 cujusdam
1919 3734 2033 3789 fuit

388 3835 642 3892 curialis.
678 3856 705 3883 ››
728 3833 1101 3889 Innocentius
1124 3831 1165 3899 Ι,
1190 3831 1359 3903 epist.
1384 3830 1441 3895 2,
1466 3829 1536 3884 ad
1558 3825 1894 3881 Victricium
1917 3823 2026 3877 Rc.

384 3924 641 3995 thomag.
676 3920 1035 3993 episcopum,
1069 3935 1195 3987 cap.
1234 3919 1287 3971 11
1322 3934 1337 3971 :.
1362 3940 1387 3965 α
1416 3917 1768 3985 Frequenter
1791 3913 2025 3984 quidam

381 4028 450 4067 ex
474 4010 752 4065 fratribus
777 4006 1263 4072 nostris,curiales
1286 4004 1371 4058 vel
1395 4001 1752 4073 quibuslibet
1777 4000 2029 4071 publicis

380 4100 436 4153 fu
448 4098 777 4154 nctionibus
798 4093 1383 4164 occupatos,clericos
1398 4092 1582 4146 facere
1604 4091 2017 4145 contendunt.»

373 4194 523 4243 Sunt
554 4187 804 4243 curiales
836 4184 933 4255 qui
962 4183 1139 4237 curiis
1160 4181 1392 4251 ascripti
1423 4183 1608 4247 erant,
1634 4179 1880 4234 Glossze:
1915 4178 2017 4233 Cu-

374 4274 905 4351 νίίιίὶε,βουλευτής,
941 4270 1320 4347 βουλευτικός,

427 4365 941 4423 ΟΥΡΗοΝιεΜυεΒυ
954 4362 1120 4432 utqui
1136 4359 2019 4433 cypltonismumvelintdescribi

369 4474 401 4508 a
433 4459 635 4509 sancto
674 4454 1023 4523 Hieronymo
1058 4452 1116 4506 in
1148 4450 1276 4505 Vita
1298 4454 1486 4505 sancti
1520 4448 1679 4503 Pauli
1703 4448 1875 4519 primi
1899 4464 2015 4504 erc-

2145 535 2375 603 quandc
2407 540 2600 589 autem
2636 533 2817 590 iidem
2867 534 3098 589 nefandi
3149 534 3383 605 spiritus
3410 538 3582 604 etiam,
3622 555 3731 610 quae

2146 623 2253 694 ipsi
2287 627 2488 680 facturi
2521 633 2679 694 sunt,
2712 624 2868 680 velut
2899 624 3216 680 divinando
3256 626 3565 696 praedicunt.
3610 630 3733 693 Qua-

2145 720 2383 784 propter
2422 715 2571 769 bono
2625 713 2956 769 Christiano
3015 716 3136 770 sive
3194 713 3581 785 mathematici,
3633 718 3732 774 sive

2145 802 2395 871 quilibet
2429 802 2605 871 impie
2635 802 3053 869 divinantium,
3086 802 3328 857 maxime
3354 803 3587 859 dicentes
3620 819 3736 860 vera

2145 890 2386 945 cavendi
2417 898 2574 959 sunt,
2605 906 2678 945 ne
2717 892 3007 946 consortio
3060 892 3462 945 daemoniorum
3513 892 3735 947 animam

2145 980 2443 1050 deceptam
2482 984 2652 1051 pacto
2685 983 2937 1051 quodem
2970 981 3263 1035 societatis
3294 981 3565 1035 irretiant.
3596 1004 3617 1031 ι

2232 1069 2414 1135 Idem,
2448 1076 2608 1125 tomc
2639 1070 2738 1136 Ill,
2768 1070 2869 1125 lib.
2898 1085 2979 1124 xu
3009 1070 3089 1125 De
3118 1069 3321 1124 Genesi
3352 1070 3418 1124 ad
3439 1071 3563 1137 litt.,
3584 1087 3625 1125 c.
3656 1073 3740 1125 i7:

2149 1181 2174 1207 ‹‹
2217 1162 2497 1213 Caeterum
2527 1159 2743 1213 alicubi
2779 1160 2949 1229 longe
2983 1161 3105 1229 jam
3134 1159 3284 1213 facta
3309 1160 3456 1228 quod
3486 1160 3745 1229 nuntiant,

2149 1264 2281 1319 quas
2314 1257 2440 1318 post
2471 1249 2691 1319 aliquot
2721 1250 2840 1303 dies
2870 1265 3001 1303 vera
3033 1264 3155 1304 esse
3198 1250 3510 1315 ﬁrmentur,
3541 1264 3641 1305 non
3676 1257 3748 1305 est

2145 1339 2508 1394 mirandum.
2544 1340 2796 1393 Possunt
2827 1339 2980 1392 enim
3016 1338 3124 1393 hoc
3154 1337 3395 1405 efﬁcere,
3429 1353 3536 1392 non
3585 1339 3750 1393 solum

2145 1428 2467 1481 acrimonia
2498 1427 2774 1482 cernendi
2806 1427 2985 1481 etiam
3006 1427 3291 1497 corporali
3319 1425 3753 1496 incomparabili-

2145 1522 2231 1569 ter
2259 1517 2656 1585 prasstanliore
2688 1528 2860 1586 quam
2896 1523 3094 1569 nostra
3124 1519 3227 1581 est,
3261 1516 3358 1570 sed
3406 1516 3569 1569 etiam
3619 1514 3753 1585 ipso-

2146 1620 2274 1659 rum
2306 1619 2614 1674 corporum
2646 1604 2819 1675 lcnge
2851 1604 3055 1672 utique
3070 1603 3442 1658 subtiliorum
3467 1606 3604 1657 mira
3622 1603 3756 1658 velo-

2145 1696 2333 1750 citate.
2358 1695 2763 1764 Comperimus
2792 1693 2967 1749 etiam
3001 1695 3062 1751 in
3093 1696 3261 1748 domo
3291 1696 3653 1748 constitutum
3674 1710 3757 1762 ραι

2068 1823 2118 1888 Β
2145 1784 2383 1837 tientem
2408 1783 2677 1854 spiritum
2701 1782 3096 1851 immundum,
3122 1782 3315 1836 dicere
3336 1780 3534 1845 solere,
3558 1781 3761 1852 quando

2191 1870 2212 1888 ,.
2718 1887 2730 1888 ,
3037 1885 3096 1888 __
3513 1868 3711 1888 Διηλ-

2145 1870 2214 1923 ad
2248 1886 2382 1924 eum
2451 1869 2651 1925 venire
2709 1870 2980 1940 coepisset
3028 1885 3097 1925 ex
3155 1869 3462 1924 duodecim
3512 1868 3757 1937 millibus,

2142 1959 2464 2030 presbyter,
2497 1964 2556 2014 et
2584 1976 2685 2029 per
2714 1961 2909 2014 omnia
2940 1958 3071 2015 loca
3099 1958 3330 2013 itineris
3363 1955 3460 2012 ubi
3506 1960 3669 2025 esset,
3718 1960 3763 2010 et

2141 2063 2319 2116 quam
2352 2047 2793 2117 propinquaret,
2852 2060 2906 2101 et
2964 2047 3199 2116 quando
3263 2047 3670 2117 ingrederetur,
3715 2046 3763 2097 et

2142 2138 2415 2202 fundum,
2447 2143 2501 2191 et
2529 2137 2793 2202 domum,
2825 2142 2881 2191 et
2910 2136 3278 2205 cubiculum,
3310 2137 3494 2190 donec
3524 2136 3581 2188 in
3609 2148 3762 2189 cons.

2140 2232 2304 2297 pectu
2332 2226 2459 2294 ejus
2491 2230 2725 2281 astaret.
2763 2228 2899 2291 Quae
2930 2225 3129 2280 omnia
3160 2226 3275 2280 etsi
3311 2241 3429 2280 non
3471 2224 3647 2280 oculis
3674 2239 3764 2294 ριο

2138 2314 2289 2369 tiens
2313 2314 2415 2369 ille
2444 2316 2713 2369 cernebat
2748 2329 2763 2380 ;
2799 2320 2993 2369 tamen
3018 2314 3130 2368 nisi
3160 2314 3365 2385 aliquo
3398 2315 3565 2369 modo
3593 2328 3765 2369 cerne-

2139 2410 2244 2473 ret,
2268 2421 2383 2459 non
2416 2409 2535 2459 tam
2569 2406 2842 2459 veraciter
2872 2404 3221 2459 enuntiaret.
3258 2406 3399 2459 Erat
3431 2410 3619 2459 autem
3674 2404 3766 2458 iste

2140 2492 2414 2559 febriens,
2447 2502 2500 2548 et
2531 2498 2807 2562 tanquam
2838 2493 2897 2547 in
2930 2493 3203 2562 phrenesi
3230 2494 3348 2549 ista
3376 2492 3620 2547 dicebat.
3653 2514 3676 2539 ι

2211 2584 2394 2649 Idem,
2422 2588 2580 2638 tomo
2612 2583 2709 2650 Ill,
2742 2581 2844 2637 lib.
2880 2582 2962 2637 De
2992 2582 3171 2636 divin.
3206 2583 3568 2647 daemonum,
3599 2597 3715 2651 cap.
3746 2580 3771 2632 4

2136 2676 2193 2728 et
2219 2674 2273 2741 5,
2308 2674 2581 2742 praeclare
2610 2688 2673 2727 ea
2705 2673 2778 2727 de
2809 2688 2870 2727 re
2904 2671 3173 2740 inquirit.

2209 2761 2390 2831 Idem,
2427 2762 2526 2816 lib.
2555 2762 2603 2815 ll
2635 2761 2713 2816 De
2739 2760 2849 2815 civ.
2881 2760 3004 2827 Dei,
3036 2777 3166 2831 cap.
3196 2763 3293 2829 24,
3331 2763 3406 2817 de
3446 2777 3609 2818 servo
3637 2758 3773 2815 Lucii

2135 2852 2325 2907 Pontii
2343 2868 2441 2921 per
2456 2854 2777 2907 damonem
2801 2852 3174 2908 vaticinantis
3195 2870 3209 2908 :
3236 2876 3263 2903 κ
3287 2853 3515 2924 Adjecit
3532 2865 3773 2908 arsurum

2133 2957 2265 2997 esse
2292 2941 2659 3013 Capitolium.
2684 2942 2803 2997 Hoc
2825 2958 2960 2997 cum
2984 2942 3255 3012 dixisset,
3279 2943 3570 2999 continuo
3600 2956 3776 3013 egres-

2134 3048 2233 3088 sus
2262 3049 2295 3087 θ
2314 3033 2544 3101 castris,
2581 3042 2807 3103 postera
2836 3032 2929 3087 die
2958 3033 3312 3089 concitatior
3335 3048 3602 3089 reversus
3624 3036 3773 3097 est,et

2139 3121 2485 3192 Capitolium
2518 3122 2736 3177 arsisse
2765 3123 3055 3178 clamavit.
3090 3126 3323 3178 Arserat
3359 3129 3560 3178 autem
3613 3137 3785 3177 revera

2140 3211 2503 3279 Capitolium.
2529 3210 2689 3274 Quod
2710 3211 2939 3279 quidem
2954 3210 3205 3265 dzemoni
3222 3220 3278 3266 et
3304 3212 3547 3281 proavidc
3560 3226 3619 3265 re
3638 3208 3785 3264 facile

2141 3300 2272 3365 fuit,
2301 3304 2359 3354 et
2385 3299 2687 3356 celerrime
2717 3300 3005 3354 nuntiam.
3040 3322 3070 3348 ιο
3098 3300 3199 3354 Sic
3228 3300 3334 3357 lib.
3361 3316 3497 3369 vui,
3530 3316 3653 3370 cap.
3702 3297 3781 3363 23,

2139 3389 2307 3444 docet
2338 3391 2485 3444 unde
2514 3389 2751 3444 Hermes
2782 3388 3213 3460 Trismegistus
3241 3391 3401 3445 scire
3432 3389 3780 3461 pctueritsu-

2137 3478 2510 3548 perstitiones
2544 3477 2911 3549 Egyptiacas
2931 3476 3312 3533 auferendus.
3341 3479 3407 3533 Et
3442 3479 3485 3533 l.
3519 3494 3595 3533 ix.
3628 3492 3676 3531 c.
3700 3475 3782 3539 2‘2,

2135 3567 2443 3639 distinguit
2470 3568 2620 3622 inter
2646 3567 2951 3622 scientiam
2978 3570 3319 3623 daemonum
3353 3574 3414 3624 et
3442 3568 3783 3639 angelorum,

2136 3658 2284 3725 quod
2319 3655 2511 3726 angeli
2545 3676 2575 3705 σε
2603 3656 2817 3710 certius
2853 3654 3203 3726 temporalia
3236 3662 3297 3711 et
3320 3656 3635 3712 mutabilia
3687 3656 3788 3708 ista

2136 3752 2436 3809 noverant,
2473 3745 2609 3815 quia
2639 3759 2847 3799 eorum
2884 3744 3237 3814 principales
3271 3760 3497 3802 causas
3530 3747 3589 3801 in
3621 3743 3789 3798 Verbo

2137 3832 2232 3886 Dei
2263 3832 2652 3901 conspiciunt,
2684 3848 2786 3902 per
2817 3833 2970 3902 quod
2995 3833 3193 3888 factus
3223 3839 3321 3889 est
3344 3834 3611 3890 mundus
3634 3850 3647 3887 :
3671 3830 3785 3901 (ιαμ

2133 3919 2243 3974 bus
2272 3921 2465 3974 causis
2495 3921 2759 3989 quaedam
2798 3920 3141 3989 probantur,
3166 3923 3455 3991 quaedam
3491 3920 3789 3992 reproban-

2127 4012 2244 4073 tur,
2279 4016 2489 4063 cuncta
2517 4008 2887 4063 ordinantur.
2909 4008 3222 4065 Daemones
3246 4015 3459 4066 autem
3492 4027 3608 4066 non
3637 4014 3780 4063 aster-

2128 4113 2237 4152 nas
2262 4102 2591 4169 temporum
2624 4113 2854 4163 causas,
2885 4102 2943 4152 et
2973 4098 3429 4168 quodammodo
3481 4094 3787 4155 cardinales

2129 4185 2187 4240 in
2222 4188 2321 4243 Dei
2358 4186 2643 4258 sapientia
2673 4186 3171 4258 contemplantur,
3236 4190 3351 4244 sed
3413 4186 3785 4259 quorumdam

2123 4276 2427 4347 signorum
2450 4276 2615 4331 nobis
2634 4276 2992 4332 occultorum
3011 4277 3220 4345 majori
3239 4278 3624 4350 experientia
3649 4272 3789 4330 mul-

2121 4370 2182 4421 to
2214 4364 2379 4435 plura
2410 4381 2587 4433 quem
2617 4366 2887 4421 homines
2917 4366 3118 4421 futura
3146 4368 3572 4436 prospiciunt,
3603 4366 3786 4433 dispo-

2122 4452 2360 4509 sitioncs
2391 4470 2619 4523 quoque
2651 4471 2788 4509 suas
2819 4453 3129 4524 aliquando
3160 4457 3598 4525 praenuntiant.
3630 4452 3791 4510 Deni-

370 4545 545 4610 mitae,
577 4557 739 4595 num.
772 4543 806 4593 2
835 4558 847 4595 :
876 4561 903 4589 ‹‹
929 4539 1442 4611 Martyremjnssit
1466 4538 1635 4593 melle
1659 4539 1925 4609 perungi,
1951 4543 2008 4591 et
2040 4527 2087 4591 D
2117 4557 2227 4613 que
2257 4560 2406 4613 saepe
2439 4543 2555 4609 isti,
2592 4558 2893 4613 nunquam
2928 4543 3012 4596 illi
3042 4546 3295 4599 omnino
3328 4546 3694 4601 falluntur.»

367 4629 477 4683 sub
490 4626 898 4683 ardentissimo
922 4625 1331 4696 sole,religatis
1346 4631 1475 4696 post
1492 4631 1717 4697 tergum
1734 4627 2005 4681 manibus

361 4717 712 4787 resupinnri,
742 4713 963 4771 scilicet
994 4720 1059 4769 ut
1087 4731 1425 4769 muscarum
1456 4714 1673 4771 aculeis
1702 4715 1947 4771 cederet.
1977 4736 1999 4766 υ

358 4808 505 4862 Vide
534 4806 895 4873 Gallonium,
929 4810 1004 4859 De
1036 4806 1369 4874 tormentis,
1395 4823 1522 4878 cap.
1558 4808 1610 4862 1.

430 4898 746 4952 ΒίΕΜοΝυΜ
781 4911 1118 4950 ΡΒίΕῡΙΩΤΙΟ.
1169 4899 1341 4953 Recte
1373 4897 1449 4951 de
1500 4912 1567 4951 ca
1626 4896 2003 4951 ratiocinator

357 4991 590 5043 sanctus
622 4985 927 5051 Antonius,
954 4988 1020 5039 ut
1044 4984 1293 5041 habetur
1314 4986 1455 5040 Vitas
1474 4986 1602 5053 ejus
1624 5002 1748 5054 cap.
1778 4988 1862 5040 17.
1883 4989 2001 5041 Au-

354 5076 621 5145 gustinus
652 5090 806 5141 vero,
838 5078 994 5128 torno
1022 5072 1119 5141 III,
1156 5072 1254 5128 lib.
1291 5090 1326 5127 ιι
1360 5075 1429 5128 de
1460 5072 1601 5129 Gen.
1627 5075 1697 5128 ad
1722 5075 2000 5140 litteram,

353 5179 402 5216 c.
438 5163 525 5230 l7,
557 5162 633 5217 ita
664 5178 728 5215 ca
758 5161 827 5215 de
861 5176 919 5213 re
950 5159 1206 5214 disserit:
1242 5182 1268 5207 ‹‹
1304 5160 1524 5224 Quibus
1556 5162 1818 5229 quzcdam
1840 5178 1995 5227 vera,

352 5254 420 5306 de
439 5249 851 5319 temporalibus
876 5248 1045 5303 rebus
1070 5263 1239 5303 nosse
1252 5248 1846 5319 permittitur,partim
1866 5252 2001 5320 quia

350 5338 674 5394 subtilioris
710 5352 915 5391 sensus
948 5335 1236 5403 acumine,
1257 5336 1470 5407 partim
1498 5335 1639 5405 quia
1658 5337 1998 5409 corporibus

342 5426 742 5482 subtilioribus
772 5424 989 5495 vigent,
1022 5425 1235 5492 partim
1269 5423 1623 5495 experientia
1671 5425 1993 5493 callidiore,

343 5523 577 5588 propter
596 5522 714 5569 tam
734 5528 1003 5583 magnam
1020 5513 1443 5584 longitudinem
1466 5512 1833 5581 vitae,partim
1858 5532 1991 5572 sau-

342 5607 445 5661 ctis
476 5604 891 5677 angelis,quod
922 5602 1035 5673 ipsi
1064 5604 1136 5657 ab
1167 5603 1565 5672 omnipotente
1593 5600 1707 5656 Deo
1738 5605 1994 5672 discunt,

339 5696 691 5767 etiamjussu
710 5694 835 5764 ejus
852 5691 893 5746 si
907 5691 962 5744 bi
980 5690 1497 5763 revelantibus,qui
1518 5695 1991 5755 meritahumana

2187 4630 2500 4685 Damnosus
2532 4648 2933 4687 EXSUFFLA’I‘IO.
2967 4632 3125 4687 Nihil
3158 4634 3555 4705 frequentius
3579 4634 3641 4689 in
3664 4648 3791 4686 san-

2112 4723 2339 4773 ctorum
2374 4720 2549 4789 gestis
2579 4720 2893 4775 daemonum
2909 4721 3367 4791 exsufﬂationes,
3388 4724 3790 4793 irrumatione,

2110 4810 2329 4878 imputo
2339 4808 2502 4863 tione.

2186 4897 2266 4952 De
2300 4897 2710 4953 exsutﬂatione
2739 4898 2923 4953 habes
2955 4898 3016 4951 in
3050 4898 3174 4953 Vita
3208 4900 3569 4967 Pachomii,
3618 4898 3795 4970 capite

2111 4988 2337 5042 decimo
2370 4988 2622 5056 septimo
2656 5003 2669 5041 :
2711 5006 2732 5034 ι
2767 4987 2873 5052 Qui
2908 4986 3079 5058 signo
3101 4990 3307 5045 crucis
3332 4992 3605 5047 frontem
3633 5002 3791 5044 snam

2111 5074 2379 5129 muniens
2406 5074 2729 5128 exsufflavit
2760 5075 2817 5129 in
2847 5090 3003 5141 eum,
3036 5092 3304 5146 moxque
3344 5082 3604 5150 fugatus
3632 5085 3733 5132 est.
3770 5097 3794 5120 υ

2109 5163 2377 5233 Etcapite
2399 5163 2466 5216 48
2493 5178 2542 5215 :a
2570 5162 2638 5217 Et
2660 5162 2973 5217 exsut‘ﬂans
2993 5163 3051 5217 in
3083 5180 3222 5219 eum
3248 5166 3439 5221 dixit.
3468 5190 3499 5216 ››
3529 5168 3789 5229 tremens,

2108 5250 2255 5306 libro
2288 5252 2496 5321 primo,
2531 5250 2724 5321 capite
2758 5268 2912 5307 nono
2943 5267 2956 5305 :
2990 5274 3018 5301 ‹‹
3045 5252 3176 5307 Jam
3203 5270 3383 5322 vero,
3419 5256 3699 5327 quedam
3732 5269 3795 5307 ex

2108 5341 2465 5397 ﬁdelissimis
2499 5340 3018 5412 mulieribus,quas
3048 5341 3276 5397 habent
3307 5345 3595 5401 timorem
3620 5344 3721 5399 Dei
3744 5346 3795 5394 et

2106 5450 2220 5488 non
2253 5440 2388 5487 sunt
2417 5430 2786 5497 seducibiles,
2815 5447 2956 5501 quas
2977 5430 3253 5485 similiter
3275 5442 3348 5488 ut
3371 5435 3644 5506 reliquas
3661 5434 3796 5489 sile-

2109 5524 2287 5576 ctavit
2305 5520 2604 5585 seducere,
2623 5520 2846 5590 jubens
2866 5536 2962 5575 eas
2986 5519 3384 5590 prophetare,
3412 5524 3794 5579 exsufflantes

2103 5621 2156 5667 et
2175 5629 2245 5665 an
2255 5609 2386 5665 athe
2397 5612 2734 5665 uiatizantes
2753 5628 2887 5666 eum
2904 5616 3343 5679 separaverunt
3362 5628 3433 5668 se
3448 5613 3527 5669 ab
3547 5614 3796 5684 ejusmo-

2102 5700 2158 5755 di
2182 5700 2442 5754 insano.»
2456 5699 2614 5764 Quod
2636 5698 2729 5754 hic
2751 5704 2837 5755 est
2856 5698 3476 5768 exsufﬂantegGrmce
3495 5701 3655 5771 apud
3673 5698 3791 5770 Epi-
