3996 6170
209 322 305 375 437

925 322 1438 380 ONOMAS'I‘ICON
1476 329 1736 382 BBRUM
1778 327 1869 379 ET
1905 326 2305 381 VERBORUM
2343 326 2901 380 DIFFICILIORUM.

3512 324 3617 377 438

202 449 640 519 deamphithyro
664 462 767 503 seu
793 450 1235 521 diplychoopere
1272 452 1487 505 nimico
1535 453 1681 505 facto
1708 452 1851 517 ;nisi
1884 458 1936 518 Α
1970 452 2211 516 rituum,
2248 468 2423 523 quam
2464 469 2611 505 sacra
2666 452 2809 521 legis
2860 468 3073 522 gnaros
3121 451 3615 520 observantesque

202 538 370 593 malis
403 539 474 592 de
506 538 630 593 velo
660 555 795 593 cum
842 540 974 593 aliis
1008 556 1233 609 capere.

269 626 404 682 Tale
436 644 507 681 ex
537 629 712 682 ebore
743 628 1069 699 diptichum
1120 629 1336 683 vidisse
1386 646 1474 684 me
1522 629 1758 684 memini
1793 629 1851 684 in

195 717 438 772 ecclesia
469 717 655 771 sancti
694 717 991 771 Lamberti
1018 718 1237 785 Leodii,
1263 718 1356 772 cui
1379 718 1604 788 aliquot
1624 724 1854 774 sancto-

199 814 327 860 rum
360 814 416 860 et
447 807 839 876 quorumdam
874 807 1853 879 episcOporumnominainscripta

192 900 352 949 sunt.
387 895 637 949 Videtur
666 912 732 950 ex
766 895 1318 966 profanoconsularl
1351 897 1853 967 diptycho,qualia

188 984 250 1037 in
265 985 330 1037 ed
343 983 517 1037 itione
535 1000 785 1038 muneru
798 1000 851 1037 m
868 984 1329 1055 amicislmittere
1350 984 1622 1039 consules
1636 985 1847 1055 solent,

181 1078 247 1126 ut
262 1090 328 1126 su
342 1090 446 1143 pra
464 1072 656 1141 attigi,
680 1073 734 1125 in
755 1072 1473 1145 ecclesiasticumdiptych
1491 1091 1587 1129 um
1604 1074 1848 1129 transla-

178 1167 327 1215 tum.
355 1162 507 1216 Sane
540 1178 752 1216 nomen
780 1162 1083 1217 Saviniani
1116 1178 1219 1217 seu
1251 1163 1553 1217 Sabiniani
1588 1164 1845 1219 consulis

179 1250 532 1318 inscriptum
566 1250 873 1321 habet,qui
904 1251 1110 1306 consul
1135 1251 1243 1305 fuit
1262 1269 1416 1307 anno
1448 1252 1682 1306 Domini
1714 1254 1837 1318 505,

181 1339 561 1410 continetque
603 1340 796 1394 varias
825 1341 1071 1411 ﬁguras,
1092 1358 1219 1410 quis
1237 1343 1539 1411 profanam
1567 1342 1839 1396 militiam

188 1434 621 1498 spectant,cum
640 1429 743 1482 hac
762 1431 940 1484 etiam
976 1430 1363 1499 inscriptione
1389 1448 1401 1485 :
1434 1448 1571 1485 com.
1596 1448 1838 1488 l-OMES’I‘.

190 1531 376 1581 ιουιτ.
403 1517 663 1586 Efﬁgiem
682 1516 944 1588 diptychi
965 1517 1145 1587 hujus
1167 1518 1681 1589 hicsubjecissem,
1697 1520 1744 1575 si
1768 1522 1839 1575 ad

192 1622 277 1660 me
298 1612 554 1661 correcta
577 1606 881 1677 inscriptio
900 1607 1250 1662 transmissa
1268 1607 1494 1663 fuisset.
1516 1608 1675 1663 Alias
1694 1609 1841 1664 forte

196 1700 507 1750 correctum
536 1696 861 1764 exprimere
890 1695 1147 1751 dabitur.
1172 1700 1239 1750 Et
1270 1697 1545 1768 dlptycha
1566 1697 1835 1753 ecclesia-

1958 540 2215 597 faceretl
2270 540 2633 595 Meminisset
2695 540 2848 611 apud
2918 555 3198 609 magnum
3246 540 3609 611 Dionysium,

1959 646 2131 701 quem
2148 634 2357 687 merito
2371 636 2621 687 veterem
2638 631 2863 686 Patrem
2884 631 3607 697 asseritetastimat,esse;

1958 718 2160 773 Σκόπει
2185 718 2261 789 δὲ,
2282 720 2363 773 ὅτι
2384 719 2474 773 καὶ
2503 718 2878 791 μνημοσύναις
2914 719 3083 793 ἱεροῖς
3128 717 3485 784 ἀνατίθενθαι,
3507 725 3608 786 τῆς

1955 807 2096 869 θείας
2121 811 2350 880 μνήμης
2383 810 2485 863 οὐκ
2526 810 2883 879 ἀνθρωπικῶς
2918 806 2967 861 ἐν
3020 810 3088 879 τῇ
3136 810 3234 859 τοῦ
3270 810 3609 877 μνημονικοῦ

1954 898 2213 972 φαντασίᾳ
2238 895 2613 969 ὃηλουμένης,
2640 896 2764 951 ἀλλ’
2789 898 2863 958 ὡς
2893 896 2950 951 ἄν
2974 917 3058 956 τις
3080 894 3235 964 φαίη,
3269 900 3606 965 θεοπρεπῶς,

1950 987 2087 1039 κατὰ
2121 988 2220 1054 τήν
2249 988 2298 1040 ἐν
2327 988 2442 1058 Θεῴ
2461 992 2569 1041 τῶν
2601 984 3000 1057 τετελεσμένων
3021 982 3274 1039 Οεοειδῶν
3296 984 3481 1055 τιμίαν
3515 984 3604 1037 καὶ

1954 1075 2324 1145 ἀμετάστατον
2355 1080 2575 1150 γνῶσιν.
2611 1077 2790 1148 Ἔγνω
2819 1075 2942 1149 γὰρ,
2978 1074 3076 1143 ἔφη
3137 1073 3202 1127 τά
3250 1073 3445 1146 Λόγια,
3476 1072 3605 1133 τοὺς

1950 1158 2107 1225 ὄντας
2136 1164 2320 1217 αὐτοῦ·
2346 1165 2460 1232 καὶ,
2487 1165 2684 1236 Τίμιος
2705 1164 2940 1217 ἐναντίον
2967 1164 3169 1235 Κυρίου
3196 1163 3223 1215 ὁ
3247 1161 3473 1220 Θάνατος
3494 1161 3600 1213 τῶν

1950 1252 2109 1305 ὁσίων
2137 1253 2321 1309 αὐτοῦ.
2369 1258 2465 1307 τοῦ
2489 1253 2719 1307 θανάτου
2747 1256 2854 1305 τῶν
2886 1250 3051 1305 ὀσίων
3080 1251 3195 1305 ἀντὶ
3225 1252 3323 1317 τῆς
3356 1249 3408 1303 ἐν
3452 1249 3599 1302 ὁσιόο

1946 1362 2070 1409 τητι
2102 1341 2437 1403 τελειώσεως
2470 1342 2586 1415 εἶρη
2602 1345 2779 1413 μένου.
2825 1344 2963 1397 ISed
2989 1341 3386 1396 animadverte
3421 1356 3519 1395 eos
3541 1340 3597 1393 in

1947 1433 2129 1486 sacris
2162 1433 2337 1487 etiam
2373 1434 2669 1488 memoriis
2704 1433 2916 1495 inesse,
2954 1449 3067 1486 non
3103 1432 3255 1501 quod
3292 1446 3451 1483 more
3490 1430 3597 1483 ho-

1945 1521 2168 1575 minum
2226 1518 2423 1577 divina
2486 1524 2769 1576 memoria
2838 1520 2896 1575 in
2950 1538 3017 1575 ea
3078 1524 3240 1591 parte
3305 1519 3596 1573 memorias

1941 1626 2070 1677 quas
2127 1611 2254 1665 visa
2309 1609 2734 1682 recipit,inesse
2804 1609 3153 1678 declaretur,
3203 1608 3301 1662 sed
3365 1612 3428 1661 ut
3487 1606 3593 1661 ali-

1940 1698 2069 1767 quis
2102 1699 2255 1753 dicat
2290 1716 2390 1770 pro
2444 1699 2539 1754 Dei
2594 1699 3220 1771 dignitate,pretiosam
3271 1696 3593 1751 immutabi-

195 1802 315 1838 rum
349 1785 466 1837 fere
495 1784 707 1839 eborea
740 1783 944 1852 fuisse,
973 1783 1490 1856 colligersquoque
1514 1787 1832 1842 estexFor—
1860 1815 1908 1879 B
1939 1786 2173 1857 lemque
2203 1788 2260 1842 in
2296 1788 2409 1842 Deo
2440 1806 2641 1843 eorum
2675 1788 3045 1857 quidivinam
3067 1785 3318 1856 speciem
3342 1785 3588 1855 perfecte

190 1878 405 1937 tunato,
439 1872 540 1926 lib.
572 1889 627 1927 x.
662 1888 844 1940 carm,
882 1874 979 1927 10:

274 1977 499 2025 Nomina
524 1982 712 2041 vestra
742 1977 889 2039 legat
920 1978 1232 2040 patriarchis
1263 1981 1427 2041 atque
1457 1980 1753 2041 prophetis,

303 2040 393 2089 Cui
430 2040 589 2088 hodie
628 2039 682 2088 in
718 2039 1231 2103 templo’diptychus
1266 2039 1376 2090 edit
1409 2039 1562 2091 ehur.

192 2138 327 2193 Sane
355 2138 632 2209 diptycha
646 2138 784 2193 olim
802 2156 867 2193 ex
884 2140 1177 2209 prmstanti
1198 2140 1439 2195 materia
1454 2140 1656 2207 fuisse,
1671 2142 1751 2195 ita
1765 2148 1830 2196 ut

194 2227 368 2297 capsis
396 2227 863 2295 includerentur,
880 2228 1173 2298 colligitur
1185 2244 1254 2283 ex
1272 2229 1830 2285 EkkehardoJunio-

197 2333 272 2379 re,
302 2317 582 2371 ccenobita
610 2317 800 2371 sancti
846 2316 1018 2384 Galli,
1070 2318 1141 2371 de
1188 2317 1435 2373 Casibus
1486 2320 1827 2374 monasterii

194 2406 363 2459 sancti
388 2405 537 2460 Galli
573 2406 631 2460 in
650 2406 1020 2471 Alemannis,
1046 2423 1171 2478 cap.
1196 2408 1261 2461 ὗε
1285 2407 1557 2479 «Capella
1572 2410 1829 2464 citatatit

193 2495 512 2560 oratorium,
538 2494 598 2548 in
622 2496 776 2565 quod
804 2495 1162 2550 invehuntur
1185 2502 1481 2562 cruces,et
1514 2498 1830 2568 diptychiis

193 2598 382 2651 capsas,
413 2599 517 2638 nec
551 2600 667 2638 non
696 2588 754 2638 et
772 2600 916 2654 pene
929 2585 1144 2653 omnis,
1171 2589 1376 2655 praeter
1402 2584 1584 2639 libros
1608 2587 1829 2655 reposi-

190 2672 373 2738 torios,
398 2672 657 2727 ecclesias
688 2672 1024 2728 thesaurus.
1062 2696 1089 2721 »
1123 2672 1255 2736 Qua:
1280 2673 1462 2729 habes
1488 2672 1828 2729 Alemanni-

197 2777 377 2815 carum
410 2778 605 2816 rerum
640 2767 797 2817 tomo
826 2764 865 2829 Ι,
898 2768 1063 2834 parte
1091 2780 1129 2818 ι.
1166 2762 1271 2819 Ubi
1313 2763 1626 2819 Goldastus
1658 2765 1826 2821 scho-

196 2847 381 2905 liastes
395 2868 495 2921 per
518 2851 1084 2922 diptychainlelligit
1100 2852 1282 2907 libros
1296 2853 1743 2922 anniversarios,
1769 2855 1829 2908 in

194 2938 391 3007 quibus
406 2956 606 2995 eorum
625 2939 868 2995 nomina
884 2941 1223 3012 perscripta,
1241 2942 1339 3012 qui
1357 2958 1459 3012 pro
1474 2958 1591 2997 suae
1607 2942 1826 3012 aliquid

187 3028 375 3083 animas
390 3029 644 3084 remedio
661 3030 971 3086 monachis
986 3036 1041 3084 et
1055 3030 1282 3085 clericis
1301 3030 1615 3101 legassent,
1632 3038 1827 3087 custo-

196 3116 295 3170 dia:
322 3134 563 3188 quorum
597 3132 790 3190 capsas
822 3120 947 3174 istae
973 3123 1207 3190 paratae.
1232 3120 1441 3174 Dubito
1461 3138 1531 3175 an
1556 3120 1831 3193 diptycba

1940 1878 2339 1947 praetulerunt,
2374 1879 2676 1933 scientiam
2698 1878 3010 1949 significat.
3034 1877 3191 1933 Novit
3209 1876 3588 1946 enim,inquit

1933 1967 2236 2036 Scriptura
2265 1968 2486 2033 divina,
2515 1968 2611 2039 qui
2642 1975 2772 2021 sunt
2800 1968 2918 2036 ejus
2948 1968 3018 2036 (II
3048 1968 3185 2020 Tim.
3211 1966 3296 2036 ιι).
3322 1965 3429 2020 Et:
3456 1967 3585 2019 Pre-

1934 2058 2085 2109 tiosa
2114 2058 2171 2111 in
2194 2065 2479 2127 conspectu
2508 2056 2730 2111 Domini
2758 2071 2907 2110 mors
2936 2064 3249 2110 sanctorum
3267 2054 3384 2122 ejus
3410 2054 3581 2121 (Psal.

1934 2143 2083 2211 cxv).
2120 2142 2305 2197 Morte
2335 2147 2671 2197 sanctorum
2707 2140 3585 2211 dicta,properfectioneinsan-

1934 2232 2153 2287 ctitate.
2188 2254 2214 2279 »
2250 2231 2617 2285 Meminisset
2648 2232 2719 2285 ab
2749 2230 3151 2285 Ecclesiastico
3174 2229 3418 2293 dictum,
3454 2245 3582 2300 cap.

1934 2338 2098 2374 xuv:
2134 2321 2442 2376 Laudemus
2472 2323 2617 2375 viros
2656 2320 2923 2390 gloriosos
2968 2324 3019 2374 et
3049 2324 3227 2387 patres
3267 2327 3480 2374 nostra:
3526 2320 3588 2374 in

1933 2413 2285 2479 generatione
2303 2426 2425 2464 sua.
2459 2411 2565 2474 Qui
2598 2410 2675 2464 ibi
2694 2414 2751 2464 et
2778 2409 3162 2479 sequentibus
3178 2408 3471 2478 capitibus
3492 2423 3587 2463 ca-

1936 2499 2196 2570 talogum
2230 2499 2483 2554 virorum
2508 2500 2807 2569 justorum
2840 2498 3001 2553 texit.
3052 2498 3176 2552 Non
3230 2497 3344 2551 huc
3393 2497 3587 2568 potius

1935 2602 2113 2657 quam
2146 2589 2217 2642 ad
2250 2588 2496 2643 Saliaria
2528 2588 2792 2642 carmina
2811 2587 3063 2657 respexit
3089 2592 3254 2641 vetus
3284 2585 3538 2641 Ecclesia
3559 2584 3587 2639 ?

2006 2677 2181 2743 Quin,
2204 2683 2269 2732 ut
2294 2681 2455 2732 notat
2486 2678 2841 2732 Brouwerus
2865 2682 3064 2731 noster
3085 2676 3155 2729 ad
3184 2676 3579 2741 Fortunatum,

1934 2766 1995 2819 in
2028 2764 2332 2837 Diptychis
2366 2766 2649 2821 librorum
2672 2764 2798 2819 vitae
2819 2766 3135 2836 quamdam
3158 2764 3350 2820 ideam
3372 2766 3583 2819 adum-

1936 2855 2137 2910 brasse
2153 2856 2407 2925 majores
2420 2856 2709 2909 videntur.
2730 2854 2969 2909 Utenim
2986 2854 3045 2908 in
3063 2854 3273 2908 horum
3288 2854 3421 2909 albo
3435 2870 3582 2909 non-

1935 2941 2083 2997 nulli
2114 2942 2407 3014 inscripti,
2440 2944 2538 3014 qui
2572 2960 2685 2998 non
2720 2943 2978 3014 perenni,
3014 2944 3111 2998 sed
3146 2943 3301 2997 brevi
3334 2943 3581 3013 justitiaa

1934 3029 2107 3086 laude
2131 3032 2567 3099 commendati;
2620 3031 2718 3085 alii
2767 3032 2866 3103 qui
2918 3036 3074 3085 certo
3125 3036 3180 3086 et
3228 3031 3581 3087 immutabili

1935 3119 2208 3175 Numinis
2238 3120 2545 3175 decretoin
2570 3124 2789 3175 sortem
2821 3125 3158 3174 sanctorum
3190 3120 3478 3189 cooptati;
3503 3120 3583 3175 ita

196 3204 286 3259 illa
310 3208 641 3262 communia
675 3207 988 3262 mortualia
1009 3209 1161 3279 apud
1190 3208 1506 3265 monachos
1531 3190 1820 3266 itaor'nari
1853 3190 1895 3255 C
1935 3208 2225 3279 diptychis
2246 3224 2447 3263 eorum
2467 3223 2702 3279 quoque
2720 3208 2961 3263 nomine
2982 3208 3288 3278 irrepsisse
3310 3209 3581 3263 memini-

196 3294 502 3363 sintsolita,
528 3296 762 3351 utinter
786 3297 1096 3352 thesauros
1128 3298 1425 3352 numerari
1445 3300 1691 3368 possint.
1711 3303 1823 3352 Po-

193 3382 301 3437 tius
323 3401 414 3454 per
437 3385 717 3457 diptycba
739 3403 805 3441 eo
823 3385 947 3442 loco
968 3385 1347 3441 intellexerim
1367 3387 1821 3458 diptychasanc-

194 3476 389 3541 torum,
420 3473 506 3529 vel
538 3474 752 3530 librum
788 3474 1256 3545 EVangeliorum,
1292 3476 1377 3531 vel
1402 3476 1650 3543 similes,
1678 3494 1823 3547 quos

196 3576 311 3616 rum
341 3564 765 3634 coopertorium
797 3564 1166 3636 diptychum,
1196 3581 1296 3620 seu
1324 3566 1822 3621 extremestabulaa

199 3652 403 3722 egregie
432 3653 629 3708 ornari
665 3654 875 3708 solent.
911 3669 1075 3719 auro,
1109 3659 1373 3723 argento,
1417 3656 1642 3725 figuris,
1677 3661 1732 3709 et
1764 3656 1821 3710 in

199 3743 541 3807 pmcessione
572 3743 1037 3814 circumgestari.

258 3828 536 3900 Originem
574 3831 752 3901 hujus
785 3831 890 3899 rei,
922 3832 1182 3901 nomine,
1198 3831 1461 3886 videlicet
1480 3838 1817 3889 sanctorum

200 3923 522 3988 martyrum,
539 3920 983 3991 imperatorum,
1002 3921 1347 3991 pontificum
1363 3937 1493 3976 sum
1505 3928 1820 3987 morum,et

199 4002 416 4062 aliorum
434 4009 545 4063 ﬁde
568 4026 633 4063 ac
669 4009 894 4063 meritis
921 4008 1324 4065 excellentium
1358 4011 1610 4065 virorum
1635 4012 1818 4067 sacris

196 4093 457 4165 diptychis
491 4098 811 4161 inserendi,
863 4102 919 4153 et
950 4100 1102 4152 inter
1132 4098 1478 4170 hymnodias
1511 4101 1815 4169 recitandi,

196 4180 402 4239 isaacus
432 4186 814 4240 Casaubonus
828 4187 1451 4242 Animadversionibus
1464 4190 1533 4241 ad
1555 4189 1817 4243 Athenaei

195 4268 379 4327 librum
412 4292 487 4341 v1,
517 4291 645 4345 cap.
680 4276 765 4343 14,
798 4280 1094 4346 acceptam
1146 4278 1321 4331 refert
1362 4275 1671 4347 gentilitati
1703 4281 1817 4332 Ro-

196 4374 374 4429 manis,
399 4363 500 4434 qui
532 4380 737 4418 eorum
772 4365 1031 4427 nomina,
1053 4381 1202 4434 quos
1220 4366 1431 4419 eximio
1453 4365 1671 4421 honore
1695 4366 1817 4421 vel-

196 4446 594 4520 lentdecorare,
611 4452 820 4508 Saliari
848 4453 1109 4508 carmine
1122 4455 1386 4509 canenda
1400 4455 1810 4511 decernebant.

1930 3314 2086 3364 mus,
2119 3313 2371 3369 quorum
2417 3299 2487 3352 ad
2537 3304 2774 3369 tempus
2824 3296 3105 3352 simulata
3134 3298 3323 3352 virtus
3371 3298 3427 3351 id
3462 3314 3578 3353 non

1931 3392 2260 3454 meruerat;
2295 3386 2545 3441 aliorum
2578 3403 2710 3442 vero
2744 3386 2973 3441 firmius
2996 3384 3303 3457 insedisse,
3325 3402 3576 3456 quorum

1930 3482 2208 3531 constans
2238 3476 2483 3541 exstitit,
2511 3480 2566 3529 et
2595 3475 2823 3530 illibata
2856 3475 3063 3529 fideiet
3087 3490 3316 3529 mosum
3335 3474 3577 3546 integri-

1928 3571 2037 3621 tas.
2072 3566 2222 3621 Usus
2240 3566 2438 3635 itaque
2462 3566 2714 3632 ﬁnisque
2737 3564 3144 3635 diptycborum
3171 3562 3349 3618 fuitin
3374 3564 3575 3632 sacris,

1927 3659 2053 3709 tum
2070 3655 2366 3709 memorim
2380 3657 2717 3707 sanctorum
2733 3652 3070 3719 retinendae,
3089 3658 3213 3706 tum
3230 3652 3389 3723 pacis
3402 3652 3577 3707 eccle-

1926 3744 2171 3798 siasticae
2187 3749 2243 3797 et
2257 3742 2692 3797 communionis
2706 3739 3197 3796 sanciendaatcum
3213 3742 3422 3813 dignos
3436 3740 3575 3796 caelo

1927 3848 1992 3887 ac
2024 3833 2381 3904 sempiterna
2414 3832 2697 3887 memoria
2728 3831 2882 3885 viros
2922 3831 3267 3901 reciperent,
3300 3830 3575 3903 indignos

1923 3938 2059 3977 vero
2092 3925 2871 3993 respuerentetexcuterent.
2890 3918 3180 3975 Hactenus
3196 3921 3570 3976 Brouwerus.

1997 4011 2077 4065 De
2108 4011 2395 4083 diptychis
2412 4012 2594 4065 sacris
2609 4009 3156 4065 commentariolum
3185 4008 3318 4064 olim
3336 4010 3575 4081 scripsit

1922 4104 2174 4156 Joannes
2196 4102 2456 4172 Baptista
2470 4101 2754 4169 Cardona,
2771 4099 3081 4171 episcopus
3095 4098 3573 4168 Dertosanus,ro-

1925 4205 2063 4263 gatu
2096 4190 2383 4246 Gabrielis
2415 4189 2734 4244 cardinalis
2764 4189 3029 4255 Paleotti,
3062 4204 3237 4259 quem
3270 4206 3404 4244 cum
3438 4190 3569 4244 aliis

1923 4281 2051 4348 ejus
2073 4278 2575 4333 commentariolis
2592 4276 3209 4347 impressitPhilippus
3225 4276 3348 4346 Mey
3360 4278 3567 4331 Tarra-

1922 4383 2086 4435 cone,
2121 4384 2274 4421 anno
2310 4368 2465 4421 1587.
2499 4373 2580 4421 De
2610 4366 2817 4420 iisdem
2853 4365 3028 4419 etiam
3079 4365 3341 4434 quaedam
3397 4364 3571 4420 habet

1921 4457 2178 4511 Joannes
2204 4455 2541 4526 Stephanus
2574 4455 2892 4523 Durantus,
2926 4454 2995 4508 de
3028 4454 3257 4507 Ritibus
3287 4453 3566 4525 ecclesias,

198 4538 267 4592 Ita
291 4540 645 4606 Germanico,
678 4541 891 4612 inquit,
919 4546 1145 4597 mortuo
1170 4542 1257 4596 hic
1283 4543 1468 4597 honos
1492 4543 1641 4598 inter
1662 4545 1808 4600 alios
1838 4542 1885 4605 D
1917 4561 2022 4615 cap
2047 4546 2135 4614 43,
2168 4544 2267 4614 qui
2298 4544 2525 4598 litteras
2543 4542 2865 4598 Innocentii
2892 4558 3053 4613 papaa
3072 4543 3372 4597 etArcadii
3396 4544 3565 4615 imp.,

196 4627 443 4695 tributus,
476 4634 712 4684 auctore
743 4630 964 4697 Tacito,
998 4630 1145 4685 libro
1169 4648 1231 4684 ιι.
1267 4631 1418 4685 EtM.
1441 4648 1673 4703 quoque
1692 4639 1810 4688 An-
1922 4652 2069 4704 quas
2101 4650 2281 4704 supra
2313 4632 2513 4702 habes,
2548 4648 2661 4687 non
2678 4632 2785 4685 rite
2814 4631 3102 4686 contrario
3126 4630 3466 4687 modocitat.
3486 4632 3566 4687 De

198 4716 407 4772 toninus
438 4718 849 4788 Philosophus,
887 4724 1115 4775 mortuo
1156 4720 1277 4774 filio
1326 4719 1495 4785 Vero,
1534 4722 1713 4789 jussit
1747 4727 1809 4777 ut
1918 4724 2128 4778 iisdem
2168 4723 2344 4778 etiam
2370 4723 2491 4793 agit
2518 4721 2695 4777 frater
2713 4720 2971 4792 Angelus
3000 4721 3189 4777 Rocca
3208 4721 3562 4788 Camers,ad

200 4818 378 4860 nomen
410 4810 538 4877 ejus
564 4807 773 4861 Saliari
807 4808 1057 4863 carmini
1080 4809 1805 4881 insereretur,tcsteSpar-
1917 4813 2131 4868 librum
2165 4817 2666 4867 sacramentorum
2700 4811 2815 4866 divi
2847 4812 3131 4882 Gregorii.

200 4890 345 4948 tiano.
376 4895 499 4950 Jam
527 4897 667 4950 olim
690 4897 746 4950 id
771 4898 965 4952 Romae
990 4898 1348 4963 institutum,
1376 4903 1437 4952 ut
1457 4915 1522 4953 ex
1546 4900 1616 4953 iis
1636 4914 1807 4953 cons-
1991 4902 2315 4956 Habuimus
2347 4902 2631 4957 hactenus
2662 4900 2936 4972 diptycha
2980 4918 3083 4972 pro
3128 4902 3311 4957 sacris
3344 4901 3562 4956 tabulis

200 4984 281 5047 tat,
311 5000 425 5053 qua;
456 4986 527 5039 de
562 4985 848 5039 Mamurio
899 4985 1138 5041 Veturio
1184 4991 1241 5041 et
1275 4987 1452 5041 Lucia
1499 4986 1809 5043 Volumnia
1920 4990 2334 5055 mortualibus,
2364 5007 2485 5059 quas
2515 4989 2799 5059 duplices,
2833 5006 2933 5044 seu
2963 4990 3216 5045 duorum
3266 4991 3560 5056 foliorum,

203 5070 428 5127 scribunt
456 5074 943 5143 Varro,0vidius,
967 5078 1193 5142 Festus,
1218 5074 1591 5143 Plutarchus,
1612 5081 1665 5131 et
1683 5077 1803 5132 alii.
1918 5084 2101 5132 erant.
2138 5084 2209 5132 Eo
2260 5084 2523 5148 respectu
2560 5078 2922 5149 Augustinus
2970 5082 3127 5134 tomo
3160 5079 3252 5145 VI,
3289 5081 3437 5136 libro
3467 5099 3560 5148 xv,

208 5154 351 5215 Vetus
378 5179 632 5234 quoque,
665 5162 876 5235 inquit,
927 5164 1187 5219 Ecclesia
1242 5164 1574 5219 Christiana
1626 5165 1805 5232 hunc,
1916 5172 2119 5222 contra
2144 5167 2422 5221 Faustum
2444 5167 2848 5237 Manicheum,
2882 5169 3328 5238 cap.4,tabulas
3347 5169 3563 5241 Moysis

209 5252 257 5297 ut
294 5250 531 5321 videtur,
559 5268 782 5307 morem
828 5254 897 5307 ad
952 5253 1111 5324 pium
1164 5271 1338 5307 usum
1372 5254 1649 5308 traduxit.
1684 5256 1806 5319 Qua
1916 5256 2181 5327 lapideas
2213 5261 2379 5311 vocat
2418 5256 2781 5328 diptychium
2808 5274 2820 5311 :
2850 5282 2874 5307 «ι
2898 5257 3123 5312 Namin
3146 5258 3245 5312 illo
3263 5259 3560 5329 diptycbio

202 5337 250 5388 de
278 5355 345 5403 re,
370 5341 548 5409 addit,
585 5342 851 5396 dicemus
902 5343 1088 5397 multa
1130 5342 1289 5406 alibi,
1324 5344 1373 5397 si
1424 5344 1600 5399 vitam
1653 5345 1805 5401 Deus
1917 5345 2166 5415 lapideo,
2191 5346 2315 5415 jam
2351 5352 2411 5400 tu
2456 5362 2567 5401 non
2611 5347 2785 5401 corde
2816 5345 3067 5417 lapideo,
3098 5346 3377 5417 intelligis
3417 5348 3557 5417 quid

200 5428 509 5497 produxerit,
544 5433 696 5486 scitu
726 5432 924 5503 digna,
958 5449 1061 5487 nec
1095 5434 1357 5503 protrita.

248 5515 406 5577 Quam
422 5520 628 5575 vellem
648 5520 993 5575 Casaubono
1015 5528 1268 5576 mentem
1287 5521 1585 5577 meliorem
1602 5523 1802 5592 fuisse,

195 5616 246 5656 ne
269 5607 330 5660 ab
350 5609 596 5665 ethnicis
626 5626 795 5663 sacra
822 5615 1020 5665 nostra
1042 5615 1387 5675 arcesseret,
1409 5626 1584 5682 quam
1602 5628 1635 5665 a
1652 5617 1804 5667 vete-

196 5692 251 5745 ris
265 5695 605 5753 Testamenti
624 5698 975 5763 ecclesia,ne
990 5700 1186 5755 Patres
1201 5700 1806 5771 enthnicorummagis

1917 5435 2062 5487 duro
2095 5433 2177 5487 illi
2215 5434 2427 5504 populo
2458 5436 2835 5501 congruebat.
2871 5456 2899 5483 »
2951 5435 3093 5490 Item
3147 5435 3321 5505 epist.
3370 5436 3555 5489 sancti

1916 5522 2094 5585 Petri,
2127 5540 2194 5577 ex
2226 5524 2429 5578 1028
2462 5540 2578 5592 qua
2609 5524 2877 5592 quaedam
2914 5523 3155 5578 citaret:
3189 5545 3215 5570 ‹‹
3245 5523 3392 5590 Lege
3416 5538 3553 5576 sane

1915 5612 2087 5665 etiam
2124 5612 2267 5665 illud
2299 5611 2686 5683 diptychium,
2708 5628 2777 5666 ne
2799 5612 3028 5675 timeas,
3050 5610 3215 5681 plane
3237 5609 3436 5676 sponsi
3467 5609 3548 5661 tui

1915 5706 2023 5754 est.
2064 5722 2083 5747 η
2118 5700 2291 5756 Item:
2320 5722 2345 5752 α
2371 5699 2871 5769 Ethocdiptychio
2897 5698 3128 5767 repellis
3149 5693 3497 5749 adulterum.
3519 5718 3548 5744 ››
