3902 6170
202 334 275 389 m
851 324 1357 381 ONOMASTICON
1396 329 1657 382 annum
1697 288 1788 381 ΕΤ
1822 330 2225 389 VERBORUM
2262 332 2821 391 DIFFICILIORUM.

200 460 286 526 est,
312 452 382 507 vel
411 446 726 520 scapulare,
756 446 841 501 vel
875 448 1143 519 pallium,
1175 448 1260 503 vel
1297 447 1491 504 simile
1517 448 1680 520 quid.

252 547 487 599 limans.
549 539 675 593 Vita
728 537 970 608 Epicteti
1030 542 1087 591 et
1136 538 1420 607 Aetionis,
1478 554 1604 608 cap.
1656 539 1715 593 21
1770 555 1783 591 ;

198 655 218 685 ι
241 636 458 701 Cumque
483 627 698 699 egressi
731 627 802 682 de
834 626 964 681 navi
996 626 1244 699 epibataa
1268 625 1537 682 fuissent.
1562 648 1589 675 »
1612 628 1783 699 Apud

196 724 489 779 Clementem
512 722 867 784 Romanum,
889 718 1137 789 epistola
1159 718 1228 772 ad
1252 717 1541 773 Jacobum
1566 718 1786 789 episco-

193 808 1023 885 pumJerosolymitanum,ante
1053 805 1235 863 libros
1270 807 1782 879 Recognitionum,

195 904 257 956 ita
272 904 473 955 sanctus
497 899 703 953 Petrus
729 894 1022 967 loquitur:
1047 918 1075 946 «
1092 895 1316 951 Similis
1340 900 1430 951 est
1450 896 1643 951 omnis
1678 898 1780 951 Ec-

192 991 342 1048 clesia:
362 992 539 1044 status
568 986 695 1041 navi
722 1002 1104 1058 magnae,quze
1120 1002 1219 1056 per
1232 987 1525 1041 undosum
1543 986 1784 1058 pelagus

191 1078 386 1136 diversis
414 1094 440 1133 e
467 1077 613 1132 locis
637 1080 694 1131 et
715 1075 1056 1148 regionibus
1079 1076 1233 1132 viros
1258 1080 1469 1147 portat,
1504 1076 1575 1130 ad
1606 1093 1783 1131 unam

189 1168 391 1242 potentis
420 1165 578 1237 regni
615 1166 817 1220 urbem
848 1181 1163 1236 properare
1192 1165 1516 1235 cupientes.
1543 1165 1628 1219 Sit
1649 1181 1785 1236 ergo

189 1258 315 1313 navis
332 1257 491 1326 hujus
522 1255 800 1310 Dominus
820 1255 948 1325 ipse
967 1254 1342 1326 omnipotens
1364 1254 1553 1324 Deus;
1579 1255 1784 1325 guber-

188 1353 318 1403 nator
334 1363 470 1411 vero,
493 1346 671 1400 Jesus
691 1343 982 1399 Christus.
998 1343 1145 1398 Tum
1172 1344 1409 1398 demum
1435 1348 1679 1414 proretae
1699 1344 1783 1399 of-

186 1438 337 1491 ﬁcium
354 1435 659 1506 episcopus
678 1432 945 1504 impleat,
971 1432 1295 1504 presbyteri
1321 1434 1785 1499 nautarum,dia-

184 1524 280 1579 coni
300 1524 756 1594 dispensatorum
773 1525 1013 1577 teneant
1034 1520 1258 1588 locum;
1284 1520 1384 1592 qui
1404 1520 1780 1589 catechizant,

184 1613 456 1685 nautologis
476 1613 880 1679 conterantur,
903 1610 1155 1682 epibatis
1169 1614 1364 1665 autem
1381 1610 1558 1666 totius
1584 1612 1608 1664 Γ
1607 1616 1783 1666 rater-

186 1702 349 1756 nitatis
374 1701 690 1756 multitudo
720 1699 799 1755 sit
828 1698 1061 1755 similis.
1096 1722 1123 1749 ››

3431 334 3534 387 442

1813 452 1867 517 Α
1970 453 2049 508 De
2071 470 2261 511 eremo
2277 458 2450 527 juxta
2468 457 2807 523 Thecue,ita
2829 456 3236 527 Hieronymus,
3264 460 3545 529 prooemio

1900 540 1955 595 in
1979 546 2159 598 Amos
2192 546 2261 599 ad
2315 544 2755 600 Pammachium
2788 562 2799 599 :
2832 568 2857 594 ‹‹
2882 545 3015 599 Fuit
3035 546 3103 601 de
3134 546 3343 617 oppido
3393 549 3546 604 The-

1897 634 2189 703 cue,quod
2213 649 2313 689 sex
2335 634 2601 689 millibus
2624 636 2694 688 ad
2720 634 3099 689 Meridianam
3126 636 3355 707 plagam
3380 638 3548 694 abest

1895 738 1928 775 a
1952 727 2157 777 sancta
2180 723 2541 792 Bethlehem,
2568 740 2696 795 quae
2721 724 2928 779 mundi
2945 724 3147 795 genuit
3165 724 3541 784 Salvatorem:

1894 817 1952 865 et
1974 812 2129 867 ultra
2154 813 2351 868 nullus
2372 818 2461 869 est
2479 813 2735 878 viculus,
2761 830 2830 869 ne
2854 817 3115 885 agrestes
3138 814 3371 884 quidem
3398 832 3542 872 casae

1894 905 1950 955 et
1984 901 2289 957 furnorum
2325 903 2569 969 similes,
2608 919 2755 973 quas
2786 902 2907 957 Afri
2940 902 3233 974 appellant
3267 904 3540 975 mapalia.

1893 994 2079 1045 Tanta
2108 994 2196 1045 est
2226 990 2404 1046 eremi
2434 992 2699 1058 vastitas,
2733 1008 2862 1062 quae
2896 1008 3084 1062 usque
3115 992 3184 1046 ad
3220 1008 3381 1047 mare
3423 994 3545 1047 Ru-

1895 1080 2088 1149 brum,
2122 1081 2551 1151 Persarumque
2584 1084 2640 1135 et
2672 1080 3002 1151 Ethiopum
3040 1086 3213 1151 atque
3265 1081 3539 1137 Indorum

1894 1169 2177 1224 terminos
2224 1169 2524 1224 dilatatur.
2555 1171 2623 1223 Et
2650 1170 2788 1241 quia
2818 1169 2982 1223 humi
3017 1170 3179 1224 arido
3208 1174 3383 1240 atque
3415 1187 3541 1226 are-

1894 1274 2035 1313 noso
2052 1258 2191 1312 nihil
2207 1258 2448 1313 omnino
2465 1261 2632 1329 frugu
2646 1276 2693 1313 m
2712 1258 2936 1331 gignitu
2948 1263 3209 1326 r,cuneta
3222 1259 3548 1330 suntplena

1893 1347 2250 1417 pastoribus,
2273 1352 2337 1402 ut
2367 1347 2734 1404 sterilitatem
2766 1352 2929 1402 terrae
2960 1352 3344 1419 eompensent
3370 1364 3540 1419 peco-

1892 1452 2022 1489 rum
2058 1436 2461 1491 multitudine.
2497 1458 2525 1487 ››

1962 1530 2041 1579 De
2072 1542 2266 1581 eremo
2299 1525 2487 1593 Oasis,
2510 1527 2644 1581 vide
2675 1526 3012 1593 Baronium,
3048 1526 3449 1585 notationibus
3472 1529 3543 1583 ad

1893 1614 2372 1686 Martyrologium
2408 1620 2759 1681 Romanum,
2796 1617 2861 1669 12
2890 1616 3074 1671 Junii.

1963 1705 2362 1760 EscpnomUM.
2393 1704 2523 1758 Vita
2552 1705 2797 1759 Joannis
2848 1704 3326 1778 Eleemosynarii,
3354 1707 3544 1778 capite

230 1784 908 1863 Epibatze,ém6dua,dicti
931 1783 1775 1856 ἀπὸτοῦἐπιϐαίνεινβεοηδεεη-
1810 1801 1863 1869 Β
1891 1796 1949 1846 21
1993 1809 2006 1847 :
2049 1812 2075 1843 α
2106 1792 2462 1863 Exspoliavit
2491 1810 2553 1847 se
2586 1793 2961 1864 esophorium
3011 1811 3208 1849 suum.
3247 1816 3268 1843 ι
3304 1795 3427 1850 Vox
3456 1801 3545 1851 est

178 1882 331 1936 viendo.
350 1882 487 1935 Sunt
514 1880 732 1935 milites
754 1878 1170 1948 elassiarii,seu
1199 1878 1583 1935 bellatoresin
1603 1896 1662 1935 re
1677 1897 1778 1934 na-

175 1971 275 2027 vali.
295 1971 521 2037 Hirtius,
553 1970 702 2025 libro
728 1986 783 2023 ιν
812 1970 887 2024 De
908 1968 1060 2041 bello
1082 1968 1474 2024 Alexandrino
1501 1986 1514 2024 :
1539 1990 1567 2018 ‹‹
1598 1973 1778 2041 Capta

174 2065 238 2112 est
261 2077 358 2114 una
385 2059 647 2115 hostium
705 2057 1121 2127 quadriremis,
1146 2059 1421 2129 depressa
1452 2061 1542 2113 est
1572 2057 1776 2127 altera,

173 2148 416 2218 alteraque
457 2148 845 2221 perturbata;
881 2147 1093 2202 deinde
1122 2164 1329 2203 omnes
1368 2147 1621 2219 epibatis
1666 2163 1779 2202 nu-

174 2238 299 2293 datae.
316 2262 339 2287 η
360 2240 543 2306 Idem,
560 2239 662 2293 lib.
684 2256 714 2292 v
734 2238 815 2293 De
836 2236 986 2293 bello
1014 2238 1207 2293 Africo
1234 2254 1246 2293 :
1272 2260 1299 2287 ‹‹
1326 2237 1527 2308 Ibique
1542 2237 1779 2292 Gaetulis

171 2329 440 2400 remigibus
487 2328 871 2400 epibatisque
914 2326 1180 2398 complet.
1216 2349 1244 2377 ››
1278 2326 1382 2381 Hic
1414 2326 1645 2397 capitur
1676 2344 1779 2398 pro

171 2417 282 2487 ipsis
306 2419 485 2473 nautis
524 2418 616 2473 vel
649 2416 1003 2485 vectoribus,
1030 2417 1087 2471 id
1119 2421 1227 2486 est,
1251 2415 1363 2469 ἀντὶ
1397 2418 1503 2468 τῶν
1537 2414 1778 2489 ὀχουμέ-

168 2526 263 2571 νων,
293 2512 347 2561 ut
374 2508 631 2563 subinde
661 2507 840 2562 etiam
874 2506 1029 2576 apud
1062 2506 1291 2561 Graecos
1322 2504 1626 2576 accipitur.

217 2597 531 2653 EPITIMIUM.
552 2597 791 2651 Pratum
807 2594 1113 2666 spirituale
1126 2594 1374 2649 Joannis
1397 2594 1776 2665 Moschi,cap.

170 2687 222 2739 78
254 2703 265 2740 :
300 2708 324 2733 α
354 2686 419 2741 Ut
448 2702 565 2757 ego
596 2701 855 2755 congrua
886 2683 969 2738 illi
1003 2684 1348 2738 admoveam
1384 2682 1647 2754 epitimia
1676 2700 1779 2738 seu

167 2775 361 2831 multas.
389 2800 408 2825 ι
438 2774 610 2849 Κάγὼ
631 2772 851 2833 ταύταις
880 2770 1191 2845 ἁρμόζοντα
1225 2771 1483 2845 προσάγω
1512 2771 1579 2823 τὰ
1608 2768 1781 2824 ἐπιτί-

170 2885 257 2932 μία.
272 2868 324 2921 In
340 2882 439 2920 usu
456 2864 804 2937 Epitimium
829 2862 1251 2918 Ecclesiasticis
1274 2860 1661 2933 scriptoribus
1677 2878 1779 2932 pro

166 2955 313 3009 multa
331 2953 998 3017 ecclesiasticaMenaea,
1017 2951 1087 3006 45
1110 2950 1402 3017 Octobris,
1420 2951 1476 3005 in
1504 2951 1782 3022 martyrio

164 3044 386 3099 monachi
419 3043 703 3116 anonymi
734 3058 747 3097 :
784 3041 1207 3117 Καταφρονήσας
1236 3038 1326 3093 καὶ
1356 3042 1453 3092 τοῦ
1482 3036 1781 3111 ἐπιτιμίου,

1891 1901 1923 1937 a
1956 1882 2378 1937 recentioribus
2427 1882 2639 1936 Graecis
2690 1883 3034 1954 composita,
3088 1881 3388 1958 ἐσωφόριον
3440 1902 3543 1941 seu

1886 1968 2377 2044 eiswrpdptovguod
2390 1971 2618 2026 interius
2630 1970 3547 2041 gestatur,interula.Glossarium

1886 2061 2356 2115 Camberonense
2381 2061 2483 2115 Ms.
2513 2084 2539 2110 ‹‹
2569 2060 3173 2131 Esephorium,vestis
3194 2061 3458 2128 interior,
3485 2062 3542 2118 id

1887 2154 1997 2216 est,
2021 2149 2286 2217 camisia,
2312 2166 2439 2221 quae
2462 2167 2496 2204 a
2517 2149 2811 2205 Marciano
2843 2149 3097 2204 interula
3127 2150 3479 2223 appellatur.
3515 2173 3543 2200 »

1959 2240 2390 2294 EUCHARISTIAM
2410 2255 2571 2293 MANU
2592 2254 2844 2293 sumens.
2863 2241 2948 2293 Ita
2966 2238 3104 2293 olim
3126 2237 3389 2295 solemne
3415 2240 3543 2305 fuit,

1889 2347 2003 2386 non
2026 2330 2428 2385 sacerdotibus
2445 2330 2808 2395 tantum,sed
2825 2329 3001 2384 etiam
3026 2329 3540 2397 laicis.Palladius,

1891 2437 2017 2491 cap.
2056 2420 2177 2489 144,
2211 2420 2282 2475 de
2312 2418 2582 2491 Sylvania
2615 2435 2628 2473 :
2666 2441 2694 2468 ‹‹
2731 2423 2871 2473 Ecce
2925 2434 3032 2490 ago
3082 2436 3304 2474 annum
3355 2420 3543 2475 aetatis

1890 2509 2327 2579 sexagesimum
2363 2526 2376 2571 ;
2429 2515 2635 2580 praeter
2665 2511 2926 2563 extrema
2957 2523 3241 2562 manuum
3276 2525 3541 2564 mearum

1890 2600 1970 2669 (et
1987 2599 2097 2654 hoc
2112 2604 2346 2670 propter
2368 2598 2867 2669 communionem)
2889 2615 3003 2653 non
3028 2614 3130 2669 pes
3151 2615 3315 2653 meus
3330 2615 3543 2669 aquam

1890 2688 2103 2759 tetigit,
2138 2694 2248 2743 etc.
2278 2688 2693 2752 Tertullianus,
2744 2688 2824 2743 De
2872 2689 3196 2759 Baptismo,
3257 2688 3548 2743 adversus

1892 2777 2255 2849 Quintillam,
2289 2795 2415 2850 cap.
2448 2779 2520 2831 20
2554 2796 2569 2836 :
2606 2800 2626 2827 ι
2665 2778 2980 2843 Benedicti,
3017 2795 3163 2849 quos
3208 2778 3396 2849 gratia
3450 2779 3548 2833 Dei

1892 2873 2214 2939 exspectat,
2237 2884 2370 2922 cum
2398 2868 2467 2923 de
2491 2866 2591 2923 illo
2624 2868 2997 2923 sanctissimo
3028 2867 3261 2924 lavacro
3294 2869 3425 2924 novi
3450 2886 3551 2923 na-

1893 2957 2028 3011 talis
2052 2958 2393 3025 ascenditis,
2418 2960 2473 3012 et
2498 2957 2719 3028 primas
2740 2973 2955 3013 manus
2974 2959 3125 3028 apud
3150 2964 3396 3013 matrem
3418 2974 3548 3013 cum

1896 3046 2177 3101 fratribus
2201 3046 2464 3118 aperitis,
2490 3046 2667 3117 petite
2690 3047 2761 3101 de
2787 3052 2971 3117 patre,
2995 3047 3168 3117 petite
3192 3048 3261 3103 de
3281 3048 3548 3115 Domino,

166 3130 463 3205 ἐπιτιμηθεὶς
484 3132 584 3188 διὰ
599 3134 699 3202 τήν
719 3139 816 3201 τῆς
836 3132 1080 3200 ὑπακοῆς
1111 3131 1385 3201 ἀθέτησιν.
1417 3153 1438 3181 ε
1468 3131 1531 3186 Et
1551 3148 1778 3202 pmnam

1968 3133 2151 3202 :culia,
2183 3134 2423 3206 gratias,
2458 3134 2904 3189 distributiones
2935 3134 3385 3190 charismatum.
3424 3159 3450 3183 »

162 3224 485 3291 epitimiisibi
500 3224 584 3279 ob
598 3222 1029 3278 contumaciam
1044 3222 1359 3291 irrogatam
1376 3220 1781 3293 contempsit.»

159 3311 437 3369 Concilium
464 3330 579 3369 VIII
610 3311 1063 3381 moumenicum,
1098 3311 1252 3381 quod
1289 3310 1547 3366 Baderus
1577 3315 1777 3365 noster

155 3401 384 3471 vulgavit,
412 3404 539 3458 haec
573 3401 747 3456 habet
778 3404 889 3455 act.
914 3403 970 3470 2,
995 3400 1065 3454 de
1095 3398 1382 3471 epitimiis
1408 3414 1420 3454 :
1450 3421 1477 3447 ‹‹
1502 3399 1780 3454 Praescri-

160 3497 236 3557 pta
259 3492 654 3562 epitimiorum
688 3506 859 3562 pcena
886 3489 1117 3544 cunctis
1168 3488 1354 3560 lapsis
1396 3488 1781 3543 audientibus

160 3579 321 3636 1029
351 3581 611 3653 legatur,
644 3584 753 3635 etc.
786 3579 890 3642 Qui
924 3578 1204 3634 carnibus
1238 3581 1579 3645 vescuntur,
1618 3593 1789 3647 poena

165 3672 260 3723 esto
296 3687 390 3725 nec
420 3669 733 3734 carnibus,
767 3684 959 3737 caseo,
991 3683 1097 3721 ovo
1130 3670 1469 3722 vescantur.
1507 3666 1611 3731 Qui
1646 3666 1789 3721 alias

163 3761 453 3816 acarnibus
478 3757 1153 3823 abstinent,abstineant
1176 3756 1248 3810 ab
1272 3772 1399 3823 ovo,
1415 3756 1789 3825 caseo,pisce,

164 3844 274 3901 feria
287 3855 487 3917 quarta
510 3853 577 3903 et
600 3850 778 3913 sexta;
797 3845 1071 3916 oleraque
1092 3848 1149 3900 et
1174 3844 1470 3915 legumina
1485 3846 1793 3900 comedent

159 3951 263 3990 eum
286 3939 510 3993 modico
535 3936 664 3991 oleo
689 3942 746 3990 et
766 3935 923 3989 vino.
942 3936 1000 3989 ln
1020 3934 1622 4006 genuaprocumhant
1644 3952 1793 4003 quo-

160 4024 271 4079 tidie
298 4025 719 4099 quinquagies,
749 4029 806 4080 et
830 4024 976 4078 illud
1010 4024 1303 4094 (Domine,
1354 4023 1593 4094 ignosce
1625 4012 1791 4078 mihi)

160 4113 1081 4184 inclamentcenties,recitentque
1095 4112 1360 4167 Psalmos
1376 4129 1452 4178 vr,
1466 4128 1677 4179 xxxvn,
1699 4129 1744 4165 ι..
1762 4134 1791 4163 ››

159 4200 377 4259 Joannes
412 4206 737 4270 Diaconus,
765 4202 865 4257 lib.
892 4218 931 4257 ιι
954 4201 1098 4256 Vitae
1130 4202 1322 4255 sancti
1354 4199 1631 4269 Gregorii,
1662 4217 1791 4271 cap.

165 4292 211 4345 εδ
244 4312 255 4347 :
284 4318 310 4343 ιι
346 4297 405 4350 ln
438 4296 560 4351 hoc
592 4294 793 4365 itaque
829 4309 943 4347 non
974 4291 1345 4347 mediocriter
1372 4290 1646 4346 tristatus
1676 4297 1789 4359 est,

159 4384 288 4450 quia,
318 4391 644 4457 antequam
673 4382 855 4437 exiret
887 4383 957 4436 de
993 4381 1103 4436 hac
1132 4382 1271 4449 vita,
1308 4396 1420 4434 non
1454 4380 1630 4436 solvit
1658 4397 1792 4435 eum

158 4472 213 4525 ab
240 4472 871 4530 excommunicationis
901 4471 1157 4542 epitono.
1190 4489 1217 4521 ιι

1973 3223 2223 3295 Cyrillus
2279 3221 2830 3291 Jerosolymitanus,
2882 3224 3110 3277 Catech.
3168 3229 3417 3295 mystag.
3463 3224 3546 3277 5:

1905 3334 1932 3360 ‹‹
1963 3311 2257 3366 Accedens
2276 3311 2345 3365 ad
2366 3309 2793 3365 Eucharistiam
2815 3326 2929 3365 non
2961 3311 3239 3382 expansis
3264 3326 3547 3365 manuum

1900 3400 2046 3455 volis
2068 3400 2494 3469 accede,neque
2517 3398 2832 3469 disjunctis
2855 3400 3095 3471 digitis:
3123 3400 3221 3454 sed
3247 3400 3548 3454 sinistram

1900 3489 2077 3545 veluti
2106 3490 2300 3544 sedem
2336 3490 2654 3560 quamdam
2686 3488 2971 3559 subjicias
3003 3489 3238 3555 dextras,
3263 3506 3388 3559 qua)
3420 3493 3552 3543 tan-

1903 3585 2029 3634 tum
2068 3578 2279 3650 Regem
2312 3583 2660 3649 susceptura
2690 3582 2817 3645 est;
2850 3582 2905 3633 et
2954 3595 3207 3634 concava
3237 3595 3416 3633 manu
3451 3595 3554 3633 su-

1902 3668 2061 3739 scipe
2087 3684 2299 3739 corpus
2323 3667 2558 3733 Christi,
2584 3667 2788 3722 dicens
2816 3684 2828 3722 :
2854 3670 3061 3722 Amen.
3086 3691 3106 3716 ι
3136 3668 3559 3723 Formabantur

1904 3762 2100 3812 autem
2122 3773 2335 3811 manus
2358 3756 2418 3811 in
2447 3756 2693 3811 formam
2717 3757 3110 3812 crueis.Sexta
3134 3757 3551 3828 synodus,can.

1908 3847 2009 3900 102
2041 3863 2054 3902 :
2096 3866 2117 3893 ι
2152 3845 2583 3900 Eucharistiam
2629 3850 2999 3917 accepturus,
3031 3863 3241 3902 manus
3275 3846 3332 3901 in
3364 3847 3557 3902 crucis

1908 3938 2154 3990 formam
2186 3935 2468 4005 ﬁgurans,
2501 3934 2585 3988 sic
2619 3937 2872 3989 accedat.
2911 3956 2935 3985 υ

1978 4027 2065 4078 Ita
2091 4023 2327 4094 quidem
2359 4024 2468 4077 viri
2503 4040 2641 4078 cava
2673 4025 2949 4094 nudaque
2982 4041 3158 4079 manu
3192 4025 3560 4095 excipiebant

1910 4112 2331 4168 Eucharistiam
2370 4130 2383 4167 :
2419 4113 2646 4167 femina:
2678 4130 2808 4167 vero
2861 4130 2974 4189 non
3026 4114 3136 4167 nisi
3188 4112 3556 4167 linteamine.

1912 4202 2195 4256 Maximus
2218 4205 2421 4256 contra
2442 4200 2848 4255 Monothelitas
2873 4218 2885 4256 :
2912 4222 2939 4249 «
2962 4200 3233 4255 Mulieres
3258 4201 3441 4255 nitida
3464 4218 3559 4255 ex-

1912 4290 2641 4357 hibeantlinteamina,ubi
2657 4305 2867 4361 corpus
2882 4289 3095 4343 Christi
3112 4289 3399 4360 accipiant
3414 4307 3560 4361 pura

1914 4385 2106 4433 mente
2137 4384 2193 4433 et
2226 4380 2448 4433 munda
2489 4378 2863 4433 conscientia.
2901 4400 2928 4426 »
2961 4379 3344 4447 Augustinus,
3379 4395 3556 4434 serm.

1912 4470 2037 4535 252,
2063 4470 2132 4523 de
2161 4468 2482 4539 Tempore:
2520 4467 2787 4522 «Omnes
2827 4468 2931 4521 viri
2962 4469 3195 4538 quando
3228 4470 3557 4524 communi-

216 4562 572 4619 Enacms'rns.
606 4562 715 4618 Ubi
750 4561 807 4615 in
843 4559 976 4615 Vita
1018 4559 1337 4613 Hilarionis
1369 4562 1479 4622 est,
1514 4574 1677 4613 num.
1711 4560 1741 4612 4
1776 4577 1788 4613 :
1824 4534 1868 4596 D
1904 4575 2036 4612 care
2060 4557 3097 4623 desiderant,lavantmanussuas,et
3120 4574 3322 4613 omnes
3348 4558 3558 4614 mulie-

163 4649 263 4704 «Et
291 4653 610 4723 pelliceum
664 4650 891 4705 habens
936 4649 1284 4720 ependyten,
1322 4670 1348 4696 ››
1395 4648 1557 4702 addit
1605 4646 1792 4701 Editio

157 4740 367 4796 Joannis
422 4742 695 4809 Andreae,
725 4749 777 4794 et
820 4739 1153 4794 eraseietem.
1192 4737 1314 4791 Non
1369 4738 1553 4807 capio.
1588 4738 1795 4791 Petrus

162 4835 325 4884 noster
349 4826 1454 4898 Lansseliuslegebateriacesten,quusi
1474 4828 1662 4880 lanam
1684 4843 1795 4881 acn

155 4919 623 4975 e-JnsutamAlteri
648 4918 821 4973 alicui
847 4918 964 4971 fors
987 4916 1145 4971 aliud
1171 4921 1456 4971 occurret.
1474 4914 1613 4968 Mihi
1640 4932 1796 4970 nunc

161 5008 492 5071 satis,d0nec
522 5009 738 5063 rectius
760 5007 982 5077 aliquid
1009 5005 1376 5069 occurrat,de
1399 5004 1506 5057 hac
1530 5003 1795 5059 lectionis

162 5097 411 5153 varietate
441 5116 497 5152 m
509 5114 625 5153 onu
638 5098 772 5151 isse.

216 5188 411 5241 ﬁnem.
441 5185 625 5241 Varia
672 5201 905 5241 eremus
955 5182 1207 5239 occurrit
1238 5182 1295 5236 in
1332 5182 1481 5236 Vitis
1528 5186 1791 5237 Patrum.

160 5274 406 5329 Eremum
428 5276 491 5329 in
519 5291 638 5345 qua
661 5272 877 5328 Paulus
900 5272 1129 5344 primus
1150 5272 1792 5344 eremitaversatusest,

154 5358 479 5435 investigavi
496 5379 566 5418 ex
584 5378 778 5418 eremo
802 5378 903 5417 seu
923 5361 1287 5416 habitatione
1308 5361 1496 5416 sancti
1517 5361 1749 5416 Antonii
1779 5366 1792 5416 ἓ

151 5449 363 5506 Antonii
379 5469 523 5508 vero
544 5450 962 5506 habitationem
978 5466 1045 5504 ex
1069 5450 1531 5521 peregrinatione
1549 5451 1796 5505 Hilario-

151 5538 251 5591 nis.
280 5541 417 5595 Vide
450 5540 738 5596 Tabulam
772 5539 1259 5611 Geographicam.

213 5627 285 5685 De
313 5645 521 5686 eremo
554 5628 866 5695 Chalcidis,
898 5629 956 5682 in
991 5644 1107 5699 qua
1136 5633 1407 5684 versatus
1436 5632 1526 5684 est
1553 5634 1793 5684 sanctus

154 5715 539 5790 Hieronymus
568 5722 622 5773 et
650 5717 937 5784 Malchus,
968 5718 1100 5774 vide
1131 5718 1191 5772 in
1222 5719 1485 5774 Cannas.

1910 4664 2002 4702 res
2034 4647 2219 4700 nitida
2249 4646 2527 4700 exhibent
2557 4644 2922 4711 linteamina,
2956 4646 3051 4699 ubi
3086 4663 3297 4718 corpus
3342 4648 3561 4703 Christi

1907 4736 2282 4808 accipiant.»
2334 4734 2657 4791 Concilium
2717 4736 3213 4805 Antisiodorense,
3271 4755 3399 4792 can.
3442 4740 3561 4795 36:

1912 4850 1938 4879 α
1972 4828 2096 4885 Non
2131 4826 2299 4881 liceat
2331 4825 2561 4880 mulieri
2593 4826 2749 4880 nuda
2788 4843 2963 4880 manu
2999 4828 3424 4883 Eucharistiam
3457 4848 3562 4884 su-

1905 4933 2084 4972 mere.
2112 4938 2135 4967 υ
2163 4915 2306 4969 Hinc
2329 4914 2575 4969 linteum
2600 4931 2701 4969 seu
2728 4914 2936 4970 Sindon
2971 4915 3091 4970 haec
3121 4916 3456 4973 deminicale
3476 4919 3564 4972 di-

1906 5011 2015 5061 cta.
2048 5006 2201 5059 Idem
2237 5003 2576 5067 concilium,
2604 5004 2863 5058 cam/1‘2:
2892 5028 2918 5053 «
2954 5004 3328 5078 Unaquaeque
3352 5008 3565 5063 mulier

1907 5093 2139 5163 quando
2183 5092 2582 5146 communicat
2613 5092 3024 5148 dominicalem
3059 5113 3233 5149 suum
3269 5097 3501 5151 habeat.
3536 5118 3561 5143 »

1978 5182 2245 5235 Linteum
2274 5181 2379 5236 hoc
2402 5196 2514 5250 quo
2534 5180 2965 5236 Eucharistiam
3000 5186 3317 5239 sumebant
3338 5185 3566 5239 videtur

1909 5270 2189 5344 μουζῖκιον
2223 5271 2468 5325 dictum.
2506 5274 2744 5324 Pratum
2791 5272 3119 5342 spirituale,
3152 5290 3282 5344 cap.
3316 5274 3386 5327 79
3417 5293 3429 5330 :
3466 5272 3563 5326 Καὶ

1910 5358 2093 5433 βαλὼν
2143 5360 2242 5428 τὴν
2276 5358 2327 5411 ἐν
2364 5357 2633 5431 μουζικίῳ
2686 5358 2915 5414 ἀπέθετο
2945 5360 2997 5414 ἐν
3025 5366 3103 5431 τῷ
3135 5360 3257 5427 ἱδέῳ
3287 5362 3562 5437 ἀρμαρέῳ.

1906 5476 1930 5499 (‹
1966 5451 2273 5521 Accipiens
2308 5466 2437 5504 eam
2470 5450 2526 5503 in
2564 5449 2743 5504 lintea
2775 5452 3191 5517 mundissimo,
3226 5453 3282 5506 in
3328 5452 3562 5524 preprio

1905 5539 2159 5594 armario
2192 5540 2475 5610 reposuit.
2514 5561 2539 5585 »
2568 5538 2770 5599 Nescio
2804 5558 2875 5594 an
2914 5539 3197 5609 μουζὶκιον
3231 5542 3450 5595 dictum
3484 5539 3563 5593 sit

1906 5646 1937 5683 a
1972 5631 2171 5699 μοῦσα,
2195 5629 2345 5698 quod
2374 5632 2617 5699 apparet
2638 5627 2698 5681 in
2726 5627 3342 5699 Euchologiocapipro
3372 5630 3557 5682 linteo.

1904 5717 2181 5789 Typicum
2205 5718 2393 5782 Sabm,
2416 5733 2543 5788 cap.
2569 5717 2628 5770 41
2662 5732 2675 5770 :
2701 5715 3135 5789 Ἀπογυμνοῦσιν
3169 5716 3337 5783 αὐτὴν
3368 5733 3561 5769 παντε-
