3996 6170
384 291 490 344 443

1093 292 1599 349 ONOMASTICON
1636 296 1895 349 assum
1932 296 2027 349 er
2063 296 2464 350 VERBORUM
2502 292 3065 351 DIFFICILIORUM.
3252 258 3255 259 ν
3630 298 3715 352 ιιι

370 412 603 480 λῶς,καὶ
637 418 853 488 πρῶτον
892 414 984 487 μὲν
1019 415 1290 491 σαίρουσιν
1319 418 1486 485 αὐτὴν
1512 415 1601 471 διὰ
1626 417 1833 490 μούσης
1850 430 2016 481 καθα-

2204 422 2359 477 Alias
2384 427 2584 476 notum
2609 421 2869 475 manium
2891 418 3021 473 aliis
3037 419 3429 490 scriptoribus,
3449 420 3535 473 sed
3560 424 3728 477 nescio

371 504 642 578 ρωτάτης.
678 504 910 560 Nudant
942 507 1182 562 omnino
1213 524 1341 562 eam
1374 509 1622 578 (sacram
1656 509 1946 580 mensam)
1968 513 2024 563 et

370 595 559 666 primo
604 593 837 665 quidem
875 600 1128 666 purgant
1161 611 1329 650 musa
1359 596 1486 664 (seu
1522 596 1722 666 linteo)
1756 598 2022 652 mundis-

371 684 544 738 sima.
570 705 597 731 ››
630 681 851 737 Ibidem
880 700 891 738 ζ
919 681 1149 754 Κομίζει
1181 684 1208 737 ὁ
1244 682 1576 761 σκευοφύλαξ
1614 684 1816 756 μούσας
1844 704 1901 739 τε
1931 686 2019 738 καὶ

369 768 619 843 ὃισκάρια
647 771 714 824 τὰ
744 775 941 834 κοινῶς
973 769 1242 847 λεγόμενα
1270 773 1450 841 τὲστα,
1478 773 1506 826 ὃ
1538 771 1754 847 λέγεται
1795 772 2019 843 λεκάνη,

364 860 453 913 καὶ
486 858 948 935 ἀποσπογγίζετχι
990 861 1015 929 ἡ
1052 860 1176 934 ἁγία
1196 860 1453 934 τράπεζα.
1475 886 1502 911 ‹‹
1531 863 1823 934 Prteparat
1855 881 2021 918 vaso-

365 967 495 1004 rum
529 955 725 1004 custos
760 967 961 1004 musas
984 950 1110 1022 (seu
1144 950 1347 1023 lintea)
1380 957 1434 1006 et
1466 952 1718 1007 discaria
1741 952 1908 1024 vulgo
1932 953 2019 1008 di-

365 1044 456 1092 cta
487 1042 658 1102 testa,
694 1056 819 1109 quas
854 1039 1071 1094 dicitur
1120 1038 1335 1110 pelvis;
1380 1045 1436 1094 et
1483 1041 1809 1113 detergitur
1857 1058 2018 1096 sacra

368 1144 593 1183 mensa.
622 1150 647 1175 ››
673 1130 805 1191 Quae
829 1145 943 1183 non
970 1132 1123 1183 recte
1145 1129 1297 1199 cepit
1326 1131 1618 1185 Meursius
1641 1131 1697 1184 in
1725 1130 2021 1186 Glossario

365 1217 839 1286 Grzecobarbaro,
862 1217 1205 1272 existimans
1240 1222 1446 1283 μοῦσαν
1472 1234 1601 1272 esse
1625 1221 1907 1275 tessellam
1926 1238 2020 1274 vu-

369 1306 456 1361 rio
489 1307 863 1377 picturatam.
900 1307 960 1361 Si
993 1308 1138 1360 forte
1193 1310 1367 1377 μοῦσα
1413 1312 1470 1361 et
1522 1306 1795 1378 μουσίνιον
1845 1309 2019 1363 etiam

368 1395 587 1449 fuerint
610 1394 922 1465 variegata,
952 1412 1063 1449 non
1098 1411 1455 1466 magnopere
1488 1412 1843 1468 pugnavero.
1871 1397 2021 1453 Con-

367 1488 483 1539 stat
507 1485 666 1538 enim
692 1501 805 1539 non
833 1483 1024 1538 solum
1050 1500 1314 1539 cameras
1336 1489 1392 1539 et
1413 1485 1689 1553 fornices,
1713 1487 1811 1541 sed
1845 1487 2020 1542 etiam

367 1574 482 1628 alia
514 1573 698 1628 fuisse
725 1590 792 1626 ex
825 1572 1049 1627 musivo
1081 1577 1138 1627 et
1167 1574 1479 1644 variegata.

444 1662 546 1716 Hic
576 1678 720 1717 usus
750 1663 820 1716 ad
857 1662 1081 1731 aliquot
1107 1662 1321 1716 saecula
1352 1663 1581 1717 duravit
1610 1668 1730 1718 tam
1767 1664 1825 1718 in
1856 1664 2022 1720 Occi-

377 1751 596 1807 dentali
621 1767 796 1821 quam
831 1750 1109 1805 Orientali
1133 1752 1409 1818 Ecclesia,
1437 1752 1517 1805 uti
1551 1753 1735 1823 liquet
1754 1766 1822 1807 ex
1854 1754 2022 1808 Prato

375 1840 687 1910 spirituali,
704 1857 829 1911 cap.
845 1841 933 1906 79,
951 1839 1049 1893 ubi
1075 1838 1323 1893 linteum
1347 1857 1459 1911 quo
1480 1841 1905 1896 Eucharistiam
1923 1843 2023 1896 do-

2131 526 2200 563 an
2217 512 2422 565 eodem
2447 509 2998 581 significatu.Leges
3015 508 3668 579 LangobardorumJibro
3683 529 3732 581 ιι,

2128 602 2219 658 tit.
2257 604 2305 668 1,
2340 604 2377 657 ι.
2409 603 2443 657 6
2476 617 2487 656 :
2529 621 2556 654 α
2584 601 2641 656 Si
2680 600 2893 671 aliquis
2930 615 2996 654 ex
3047 600 3252 654 amicis
3300 605 3521 670 accepto
3560 603 3735 657 exenio

2130 691 2243 763 ipsi
2274 690 2501 746 mulieri
2534 690 2751 759 aliquid
2780 687 3023 744 dederit.
3057 707 3084 739 η
3121 689 3543 743 Testamentum
3575 688 3735 744 sancti

2128 780 2377 851 Remigii
2395 794 2407 834 :
2425 802 2452 829 ‹‹
2478 780 2545 834 Et
2566 778 2768 833 incola;
2793 777 2901 832 loci
2927 776 3088 831 illius
3116 775 3525 847 multiplicibus
3545 777 3737 832 exeniis

2130 868 2349 939 gravati
2364 868 2571 923 obnixe
2588 869 2968 938 deprecantes
2981 866 3137 935 quod
3157 863 3275 934 regi
3289 864 3740 927 debebant,eccleo

2130 962 2383 1015 siaemese
2398 958 2674 1013 solvendu
2687 973 2861 1025 m,me
2877 960 3068 1027 petere
3089 970 3214 1011 com
3227 954 3543 1026 pulerunt.»
3558 959 3634 1009 lta
3648 956 3738 1011 Ms.

2131 1047 2255 1103 loco
2286 1047 2527 1118 vulgati,
2560 1049 2767 1101 xeniis.
2803 1044 3162 1106 Baldericus,
3194 1043 3457 1097 Historiis
3480 1044 3737 1116 Jerosoly-

2132 1138 2359 1191 mitana:
2388 1136 2491 1191 lib.
2517 1152 2577 1190 ιιι
2603 1152 2615 1189 :
2647 1160 2665 1183 ιι
2692 1135 2938 1190 Condito
2963 1148 3204 1203 corpore
3225 1132 3437 1202 quibus
3458 1136 3744 1202 potuerunt

2130 1228 2167 1279 1
2183 1225 2338 1281 080
2357 1224 2743 1290 aromatibus,
2764 1220 3543 1293 imperialibusexeniisillud
3569 1238 3742 1291 prose-

2132 1316 2248 1371 cuti
2275 1319 2433 1369 sunt.
2454 1313 2710 1369 nGlossse
2729 1317 2952 1367 veteres
2980 1326 2992 1365 :
3019 1312 3310 1376 Exsnium,
3340 1309 3628 1364 servitium.
3654 1312 3739 1365 Pa-

2132 1404 2258 1475 pias
2273 1402 2714 1457 Vocabularista
2737 1402 3055 1464 :Ewenium,
3073 1400 3296 1465 donum,
3309 1397 3745 1453 servitiumGlos-

2133 1492 2352 1547 sarium
2371 1491 2845 1556 Camberonense
2866 1485 2974 1543 Ms.
3003 1505 3016 1543 :
3042 1488 3333 1551 Ennium,
3349 1487 3742 1551 honor,munu:.

2202 1583 2287 1634 An
2313 1581 2543 1634 mentum
2574 1578 2805 1650 proprie
2834 1577 3078 1641 donum,
3111 1591 3353 1643 munus,
3386 1580 3517 1629 noto
3550 1575 3747 1646 signifi-

2132 1673 2287 1737 catu,
2304 1673 2361 1722 et
2382 1670 2662 1735 cmonium,
2679 1666 3002 1729 servitium,
3022 1665 3175 1736 quod
3202 1664 3473 1719 subditus
3491 1666 3746 1733 superiori

2136 1757 2343 1811 debet?
2366 1757 2525 1811 Idem
2550 1756 2697 1810 forte
2718 1756 2873 1825 quod
2892 1754 3123 1811 soniaca
3153 1752 3369 1807 dicitur
3390 1751 3646 1806 Anselmo
3664 1767 3748 1806 ca-

2135 1847 2344 1901 nonico
2401 1845 2711 1900 Leodiensi
2758 1845 2815 1898 in
2866 1844 3058 1898 Gestis
3112 1842 3329 1897 Pontif.
3380 1841 3667 1905 Leodiens,
3707 1845 3752 1895 et

378 1947 538 1984 mum
573 1928 933 1996 deferebant,
967 1929 1158 1984 Graece
1207 1928 1489 1999 μουσίκιον
1519 1936 1779 1986 vocatur.
1813 1937 2026 1988 Auctor
2131 1936 2512 2006 Trajectcns.,
2555 1949 2680 2004 cap.
2715 1934 2782 1986 40
2819 1950 2832 1986 :
2869 1954 2893 1979 α
2933 1931 3207 2002 Praecepit
3238 1946 3310 1984 ne
3341 1931 3616 1985 soniacam
3645 1927 3750 1999 epi-

375 2024 569 2073 autem
596 2019 723 2088 ejus
744 2019 887 2073 vixit
916 2023 1179 2089 tempore
1206 2019 1477 2087 Zenonis,
1499 2021 1819 2087 Anastasii,
1844 2025 1900 2075 et
1920 2022 2023 2076 Ju-

371 2109 505 2163 slini
532 2108 741 2178 impp.,
775 2124 886 2178 quo
912 2113 1191 2178 tempore,
1217 2108 1527 2163 Ilormisda
1550 2109 1841 2180 pontiﬁce,
1874 2110 2023 2165 cele-

372 2198 540 2251 brata
572 2196 681 2251 fuit
713 2197 971 2267 synodus
1003 2197 1544 2267 Caesaraugustam,
1570 2198 1627 2252 in
1655 2215 1769 2267 qua
1798 2215 1865 2254 ea
1894 2215 2024 2253 con-

373 2286 621 2340 suetudo
636 2285 795 2355 antiq
808 2284 1081 2339 uaturhis
1093 2286 1287 2340 verbis
1303 2303 1315 2340 :
1331 2308 1359 2335 ‹‹
1381 2286 1759 2342 Eucharistiai
1774 2287 2023 2357 gratiam

373 2374 564 2444 siquis
597 2374 877 2444 probatur
906 2378 1200 2445 acceptam
1233 2391 1348 2429 non
1381 2376 1902 2447 consumpsissein
1924 2377 2022 2433 Ec-

380 2463 579 2532 clesia,
605 2461 916 2517 anathema
941 2463 1094 2518 sitia
1126 2468 1494 2535 perpetuum.
1527 2487 1554 2514 ››

449 2554 710 2608 Ενιεατιο.
738 2552 878 2605 Vitas
902 2552 1311 2624 Antonii,cap.
1348 2554 1413 2607 17
1448 2571 1461 2608 ;
1498 2577 1525 2604 (ι
1547 2558 1773 2611 Secreto
1805 2556 1876 2611 ab
1908 2556 2023 2611 im-

372 2646 637 2713 peratore
657 2641 1008 2696 evectionem
1026 2641 1241 2711 petiit.»
1263 2641 1787 2713 Signiﬁcatcursus
1804 2644 2023 2715 publici

376 2730 814 2787 exhibitionem.
833 2730 1403 2801 SeverusSulpicius,
1421 2732 1567 2787 libro
1583 2750 1622 2787 ιι
1637 2734 1822 2788 Sacrae
1838 2734 2022 2791 histo-

384 2822 479 2878 ria:
499 2837 511 2873 :
528 2843 553 2869 ‹‹
572 2818 847 2888 Hilarius,
865 2820 1321 2875 datacvectionis
1335 2821 1521 2892 copia,
1540 2823 1742 2877 adesse
1766 2824 2024 2895 compel-

382 2911 577 2965 litur.»
597 2908 795 2964 Paulin
810 2926 894 2963 us.
910 2907 1057 2963 libro
1072 2908 1220 2963 IvDe
1235 2910 1537 2966 miraculis
1559 2912 1744 2966 sancti
1771 2914 2019 2973 Martini:

597 3061 759 3128 Dicite
790 3062 1287 3128 quid_Vestri_velox
1324 3063 1529 3113 evectio
1549 3064 1711 3128 Regis

596 3125 803 3175 Efﬁciat
833 3125 1075 3174 tardante
1108 3126 1233 3174 Deo.

374 3268 783 3341 Symmachus,
810 3268 961 3323 libro
985 3286 1025 3337 1,
1050 3268 1219 3340 epist.
1250 3270 1317 3323 15
1347 3285 1359 3323 :
1395 3292 1422 3319 ‹‹
1457 3270 1667 3341 Accepi
1698 3271 2024 3327 evectiones

2130 2026 2322 2093 scopis
2366 2022 2787 2078 Leodiensibus
2837 2022 3121 2084 debitam,
3155 2028 3227 2074 ab
3260 2020 3461 2075 eodem
3509 2018 3624 2073 loco
3668 2017 3751 2071 ubi

2132 2114 2317 2185 ipsius
2341 2112 2530 2167 sancti
2553 2127 2766 2181 corpus
2790 2109 3334 2182 quiescit,acoipere
3349 2111 3748 2178 praesumeret.

2132 2202 2237 2257 Ubi
2263 2201 2644 2257 doctissimus
2675 2198 3020 2255 scholiastes
3050 2198 3315 2253 Joannes
3347 2194 3755 2267 Chappeavillus

2129 2291 2412 2347 soniacam
2432 2289 2659 2343 haerens
2681 2288 3065 2358 interpretatu
3078 2303 3105 2341 r
3116 2287 3403 2342 obsonium
3415 2284 3663 2355 episcopis
3674 2282 3753 2337 de-

2134 2382 2329 2436 bitum.
2358 2378 2642 2434 Existimo
2672 2376 2921 2447 intelligi
2950 2376 3249 2431 servitium
3282 2377 3522 2446 episcopo
3549 2372 3752 2439 debitus,

2131 2487 2255 2537 seu,
2271 2479 2481 2523 certam
2494 2484 2601 2521 arm
2610 2483 2736 2522 uam
2750 2468 3090 2536 pensionem,
3108 2481 3238 2535 quin
3254 2464 3436 2519 Gallis
3455 2460 3752 2533 Essognedi-

2130 2556 2461 2615 citur.Vide
2485 2554 2770 2610 Fraucisci
2802 2556 3027 2623 Rageau
3060 2553 3318 2608 Iudicem
3349 2552 3575 2607 Jurium
3607 2565 3749 2620 rega-

2128 2651 2298 2706 lium.

2202 2739 2407 2794 FAUNI.
2447 2736 2854 2806 Hieronymus,
2885 2734 2943 2788 in
2974 2734 3108 2789 Vita
3151 2732 3343 2788 sancti
3396 2730 3552 2786 Pauli
3600 2727 3752 2800 primi

2132 2828 2410 2894 eremitaa,
2434 2841 2599 2881 num.
2621 2824 2655 2876 8
2679 2840 2691 2877 :
2725 2843 2750 2875 α
2772 2826 2926 2887 Quos
2946 2822 3105 2877 vario
3130 2821 3343 2877 delusa
3375 2834 3562 2875 errore
3589 2817 3754 2889 genti-

2130 2917 2267 2972 litas
2292 2918 2538 2980 Faunos,
2562 2913 2917 2984 Satersque
2939 2916 2997 2966 et
3022 2912 3273 2966 Incubos
3297 2926 3527 2976 vocans,
3560 2908 3700 2962 colit.
3731 2925 3755 2954 n

2128 3007 2210 3062 De
2232 3004 2449 3060 Faunis
2482 3001 2669 3056 multa
2698 2999 2941 3055 collecta
2975 2999 3108 3053 vide
3139 3000 3301 3070 apud
3337 2997 3535 3052 Lilium
3560 3000 3755 3065 Grego-

2130 3096 2283 3151 rium
2318 3092 3022 3161 Giraldum,syntagmate
3048 3090 3115 3142 15
3132 3087 3409 3142 Historia:
3443 3085 3754 3148 deorum,et

2132 3183 2285 3254 apud
2320 3178 2581 3236 Natalem
2615 3178 2923 3247 Comitem,
2953 3176 3331 3249 Mythologiaa
3361 3175 3462 3230 lib.
3482 3190 3539 3241 v,
3567 3189 3682 3241 oap.
3705 3170 3751 3222 9.

2132 3273 2276 3327 Vide
2296 3276 2352 3325 et
2373 3267 2885 3325 Conimbriceuses
2918 3274 3172 3335 nostros,
3195 3266 3259 3320 in
3286 3266 3433 3320 libro
3456 3280 3494 3318 ιι
3516 3261 3758 3333 Physica-

2132 3377 2287 3427 rum,
2310 3375 2437 3428 cap.
2461 3359 2515 3422 9,
2541 3374 2597 3427 q.
2620 3357 2676 3424 5,
2700 3361 2811 3412 art.
2836 3357 2888 3421 3,
2915 3355 3017 3410 ubi
3040 3358 3318 3424 quierunt
3344 3370 3416 3409 an
3451 3351 3568 3407 ﬁeri
3597 3346 3758 3418 possit

2132 3454 2199 3504 ut
2218 3466 2287 3504 ex
2307 3448 2632 3502 bumanaet
2646 3444 2905 3500 belluina
2928 3446 3119 3514 specie
3142 3444 3418 3498 homines
3449 3442 3759 3495 nascantur.

2131 3539 2276 3592 Vide
2297 3542 2353 3591 et
2375 3534 2655 3601 Delrium,
2679 3534 2881 3604 Magia!
2913 3538 3055 3587 tom.
3083 3532 3125 3597 Ι,
3149 3531 3253 3587 lib.
3275 3547 3337 3596 ιι,
3368 3549 3425 3603 q.
3449 3531 3536 3597 27,
3568 3525 3755 3583 sect.2.

2206 3632 2593 3681 Fmooasrxcx.
2636 3624 2772 3679 Vide
2801 3623 2963 3677 TYPI.

374 3359 915 3429 quatuor,immane
937 3366 1221 3429 quantum
1246 3360 1655 3415 commodasin
1676 3376 1958 3416 excursus
1972 3365 2028 3416 et

371 3465 647 3502 recursus
683 3463 1015 3501 meorum.»
1042 3445 1276 3510 Idem,l.
1300 3464 1401 3513 vn,
1426 3445 1596 3516 epist.
1622 3447 1723 3501 48:
1759 3466 1779 3495 α
1813 3447 2025 3502 Favore

377 3541 480 3590 tuo
515 3536 729 3589 factum
764 3539 852 3590 est
884 3539 947 3588 ut
976 3536 1340 3588 evectionum
1373 3535 1732 3590 adminicula
1766 3552 2026 3591 sumere-

383 3640 538 3677 mus.
562 3646 588 3672 »
612 3624 827 3678 Eodem
852 3622 1329 3693 libro,epist.95:
1356 3644 1381 3675 ιι
1407 3624 1467 3677 Si
1499 3624 1675 3693 igitur
1705 3629 1762 3679 et
1793 3624 1901 3680 hoc
1933 3626 2027 3680 in-

380 3712 547 3782 signe
581 3710 882 3778 detuleris,
909 3712 1065 3781 quod
1082 3728 1448 3766 annonarum
1473 3718 1529 3767 et
1547 3714 1910 3769 evectionum
1932 3732 2027 3769 cu-

384 3800 569 3853 mulet
599 3798 867 3869 adjectio.
893 3820 919 3847 ››
945 3800 1157 3853 Eodem
1193 3800 1362 3867 libro,
1385 3801 1555 3871 epist.
1584 3802 1685 3855 105
1718 3819 1730 3859 :
1764 3824 1792 3853 «
1814 3809 1895 3857 De
1916 3803 2027 3857 im-

381 3888 624 3959 petratis
655 3888 1055 3943 evectionibus
1074 3887 1131 3941 in
1152 3889 1578 3944 adminiculum
1603 3892 1883 3961 praetorias
1904 3895 2029 3947 fun-

374 3976 607 4033 ctionis.
639 3998 667 4025 υ
698 3977 878 4044 Idem,
915 3976 1061 4032 libro
1094 3995 1168 4049 1x,
1201 3979 1371 4049 epist.
1404 3979 1474 4032 20
1506 3994 1521 4034 :
1556 4000 1584 4027 «
1616 3984 1829 4037 Curam
1863 3986 2024 4036 tuam

375 4082 646 4139 provoco.
673 4071 737 4121 ut
769 4066 888 4122 illis
911 4072 967 4122 et
987 4065 1267 4122 velocitas
1300 4069 1667 4136 transeundi,
1689 4074 1746 4124 et
1775 4070 2025 4126 evectio-

374 4172 518 4211 num
553 4160 860 4225 preestetur
892 4156 1164 4226 adjectio.
1192 4178 1218 4205 ››
1242 4157 1467 4228 Saepius
1487 4174 1591 4212 vox
1624 4158 1743 4213 haec
1775 4161 2030 4215 occurrit

378 4248 437 4300 in
462 4244 628 4300 libris
652 4245 1240 4316 jurisconsultorum.
1270 4246 1417 4301 Vide
1443 4246 1664 4303 lexicou
1693 4248 2026 4304 Juridicum

378 4335 656 4389 Barnabas
687 4334 992 4389 Brissonii.
2136 4337 2435 4410 praecedit;
2461 4350 2576 4405 quo
2599 4333 3052 4388 doceturJesum
3071 4336 3129 4386 et
3150 4332 3391 4403 signum
3416 4333 3542 4399 ejus
3557 4322 3758 4381 decwlo

450 4424 723 4477 EULOGIA.
756 4423 887 4478 Vita
932 4424 1259 4488 Frontonii,
1293 4440 1419 4495 cap.
1451 4426 1485 4479 9
1521 4441 1534 4479 :
1583 4448 1610 4475 ‹‹
1645 4426 1818 4481 Velut
1867 4426 2026 4481 eulo-
2135 4432 2434 4483 ostensum
2462 4423 2733 4485 iri.Quod
2762 4438 2892 4476 mox
2913 4426 3241 4492 sequuntur
3263 4420 3520 4483 diaconi,
3551 4414 3645 4488 qui
3672 4430 3763 4466 an-

376 4511 504 4582 gias
537 4527 813 4566 revocans
846 4512 1090 4567 Domino
1115 4530 1333 4567 rerum.
1361 4536 1387 4563 ››
1414 4515 1481 4568 Et
1502 4531 1635 4570 mox
1659 4532 1672 4569 :
1698 4539 1725 4565 «
1759 4516 2021 4571 easdem-
2059 4530 2103 4593 D
2135 4515 2399 4587 gelorum
2432 4512 2697 4568 ordinem
2729 4510 2991 4565 referunt
3017 4527 3030 4564 :
3054 4510 3110 4563 id
3143 4511 3296 4578 quod
3325 4514 3383 4563 et
3404 4505 3627 4563 ﬂabella
3654 4515 3759 4593 qui?

378 4599 767 4670 queeulogias
786 4600 1189 4671 indigentibus
1208 4602 1533 4658 distribuit.
1564 4623 1586 4653 ιι
1615 4604 1915 4659 Vocantur
1933 4604 2027 4658 hie
2059 4589 2093 4593 w
2137 4605 2433 4666 dicuntur,
2458 4604 2513 4655 et
2533 4617 2567 4654 a
2588 4604 2791 4654 sancto
2826 4597 3096 4669 Dionysio
3117 4596 3219 4651 alie
3243 4602 3527 4652 vocantur
3556 4589 3758 4662 signifi-

379 4687 621 4759 eulogia:
635 4688 853 4743 cibaria
866 4690 1291 4747 benedictionis
1305 4693 1492 4762 gratia
1510 4694 2028 4748 transmissa.Post
2136 4696 2291 4746 cant.
2318 4712 2344 4740 »
2368 4690 2621 4745 Sanctus
2643 4688 2997 4751 Germanus,
3021 4687 3080 4740 in
3100 4686 3353 4741 Theoria
3376 4699 3567 4739 rerum
3592 4676 3759 4733 Eccle-

2137 4780 2511 4836 siasticarum
2537 4795 2550 4833 :
2578 4800 2605 4827 ‹‹
2631 4775 2889 4833 Flabella
2908 4792 3043 4831 vero
3074 4780 3279 4847 typum
3300 4776 3558 4829 referunt
3576 4769 3762 4824 cheru-

2136 4871 2280 4925 bim.
2311 4891 2331 4917 ι
2360 4868 2753 4935 Hildebertus,
2780 4856 3759 4934 Cenomanensis,episcopus,epist.

2135 4960 2171 5010 7
2195 4976 2207 5014 :
2234 4980 2261 5008 ‹‹
2289 4956 2611 5012 Flabellum
2643 4954 2780 5009 misi
2810 4955 2913 5009 tibi
2944 4968 3272 5023 congruum
3307 4951 3526 5007 scilicet
3548 4940 3763 5020 propul-

2140 5047 2338 5101 sandis
2357 5046 2576 5100 muscis
2595 5044 3080 5098 instrumentum.
3098 5041 3394 5096 Estetiam
3419 5036 3637 5110 quodin
3655 5047 3764 5085 mu-

2140 5135 2388 5191 nusculo
2404 5139 2601 5189 nostro
2617 5130 2991 5202 interpretari
3016 5136 3071 5185 te
3092 5132 3378 5200 oporteat.
3393 5125 3631 5183 Attende
3642 5134 3761 5188 ergo

2140 5225 2353 5294 quibus
2385 5222 2607 5277 muscis
2637 5220 3010 5276 immolantes
3027 5219 3277 5274 Domino
3296 5218 3623 5272 sacerdotes
3643 5225 3764 5282 gra-

2138 5315 2270 5368 vius
2294 5314 2661 5377 infestentur,
2686 5311 2902 5382 quibus
2929 5306 3764 5379 frequenterimpediantursa-

2140 5402 2353 5457 lutaria
2368 5400 2570 5455 altaris
2591 5397 2965 5454 ofﬁcia.Mille
2986 5402 3126 5453 sunt
3140 5393 3572 5452 occursantium
3591 5390 3761 5460 phan-

2140 5494 2397 5545 tasmata
2426 5488 2869 5560 cogitationum,
2906 5486 3066 5541 mille
3096 5482 3311 5539 diaboli
3352 5480 3762 5552 suggestiones,

2144 5579 2303 5635 mille
2335 5578 2671 5633 mortalium
2704 5577 3058 5632 tentationes
3088 5576 3442 5629 animorum.
3480 5593 3500 5618 ι
3529 5564 3718 5622 Subdil
3748 5578 3759 5613 :

2149 5690 2176 5722 ιι
2206 5669 2354 5723 Dum
2388 5668 2564 5737 igitur
2588 5667 2880 5723 destinato
2927 5665 3030 5719 tibi
3084 5660 3314 5718 ﬂabello
3365 5656 3762 5715 descendentes

2205 3720 2566 3779 FLABELLUM,
2600 3706 2857 3786 ῥιπίδιον.
2894 3710 3045 3765 Usus
3095 3711 3225 3780 eius
3277 3712 3336 3765 in
3379 3708 3579 3776 sacris,
3622 3703 3755 3775 quod

2133 3803 2361 3859 diaconi
2392 3803 2719 3873 gestabant.
2752 3800 2989 3854 Pratum
3023 3799 3339 3870 spirituale
3390 3796 3628 3853 Joannis
3657 3792 3758 3847 Mo-

2133 3894 2280 3962 schi,
2312 3908 2441 3963 cap.
2480 3891 2578 3944 150
2623 3906 2635 3943 :
2684 3912 2711 3940 ‹‹
2751 3889 3065 3944 Diaconum
3097 3886 3271 3942 illum
3305 3903 3485 3959 prope
3517 3901 3600 3939 me
3628 3880 3756 3936 assi-

2133 3987 2405 4049 stentem,
2439 3980 2540 4051 qui
2571 3977 2868 4033 ﬂabellum
2918 3982 3098 4041 tenet,
3132 3977 3206 4030 ab
3254 3976 3422 4031 altari
3473 3987 3702 4029 remove.
3736 3987 3759 4017 ιο

2133 4074 2325 4127 Graece
2340 4087 2353 4125 ι
2368 4069 2466 4122 Τὸν
2502 4065 2748 4121 διάκονον
2766 4065 2858 4119 τὸν
2878 4064 3183 4138 κατέχοντα
3197 4064 3263 4118 τὸ
3284 4060 3758 4139 ῥιπίδιον.8ἰωεοη

2132 4157 2695 4223 Thessalonicensis,
2712 4156 2791 4210 De
2812 4155 3009 4209 divino
3040 4154 3286 4224 templo,
3311 4154 3409 4207 ubi
3431 4151 3625 4223 agitde
3641 4152 3758 4201 Pro-

2135 4250 2397 4305 cessione
2419 4250 2552 4302 ante
2573 4244 2817 4301 missam
2840 4262 2853 4299 :
2877 4264 2897 4290 ι
2915 4243 3047 4299 Ideo
3062 4241 3450 4319 θιώμοφόριον
3468 4257 3595 4296 cum
3614 4248 3760 4292 cruce

379 4777 593 4830 missas
615 4775 787 4830 alicui
810 4793 909 4831 eas
933 4778 1071 4832 dare
1092 4778 1178 4833 vel
1208 4780 1627 4847 transmittere,
1650 4785 1773 4835 erat
1790 4780 2022 4852 signum

378 4865 815 4920 communionis
837 4870 893 4920 et
916 4866 1557 4939 charitatis.Gregorius
1577 4868 2028 4930 Turonensis.li-

377 4953 683 5008 brovHist.
724 4956 949 5023 Franc.,
968 4971 1017 5010 c.
1041 4957 1105 5009 14
1132 4972 1145 5010 :
1178 4977 1205 5007 ι
1228 4960 1366 5012 Post
1396 4958 1610 5013 missas
1639 4965 1836 5013 autem
1862 4960 2030 5030 petiit

380 5050 443 5097 ut
465 5044 514 5097 ei
537 5043 800 5114 eulogias
829 5045 969 5099 dare
1000 5045 1368 5101 deberemus.
1394 5067 1419 5097 ιο
1452 5048 1561 5102 Sed
1596 5050 1731 5103 fecit
1760 5053 2030 5104 accurata

381 5132 637 5188 Grotseri
671 5135 853 5188 nostri
887 5133 1212 5205 diligentia,
1248 5142 1312 5190 ut
1355 5136 1501 5191 nihil
1531 5137 1624 5192 hic
1654 5142 1930 5208 praeterea
1960 5139 2030 5193 de

380 5221 641 5291 Eulogiis
673 5222 905 5277 addam.
939 5223 1081 5291 Ejus
1107 5223 1208 5277 lib.
1246 5224 1325 5278 De
1356 5224 1642 5280 benedict.
1676 5226 1937 5281 consule.

449 5312 743 5364 EstIUM.
776 5312 907 5365 Vita
955 5312 1213 5379 Antonii,
1242 5328 1369 5383 cap.
1400 5315 1469 5366 27
1504 5330 1517 5369 ;
1555 5334 1576 5362 α
1612 5314 1901 5369 Antonius
1933 5314 2028 5370 lae-

378 5399 646 5454 tantibus
678 5400 746 5453 de
778 5400 1025 5454 adventu
1078 5418 1185 5455 suo
1235 5402 1486 5471 cunctis,
1527 5404 1695 5473 quasi
1744 5403 1913 5458 xenia
1960 5404 2030 5459 de

381 5493 579 5544 monte
599 5494 859 5557 portans,
876 5489 1205 5560 spiritualia
1224 5490 1902 5560 impartituralimenta.»
1925 5492 2032 5548 Ubi

376 5581 513 5631 Mss.
540 5576 802 5647 plerique
827 5583 882 5631 et
900 5583 1122 5634 veteres
1149 5578 1443 5634 Editiones
1463 5580 1681 5636 habent
1703 5584 1923 5637 exenia.
1944 5584 2030 5636 Au

378 5684 405 5719 ε
436 5668 737 5738 praefixum
768 5670 931 5724 ,τρηιό
953 5671 977 5720 .9
