3902 6170
499 322 603 375 447

1214 317 1721 374 ONOMASTICON
1760 320 2016 374 RERUM
2053 319 2148 373 ET
2184 321 2584 379 VERBORUM
2620 328 3184 383 DIFFICILIORUM.
3720 343 3803 396 41,3

502 447 677 513 33,ad
702 444 927 501 Aetium
947 444 1285 516 episcopum
1306 444 1745 500 baaresiarcham
1772 443 2135 513 εΛοιποῖςμὲν
2166 453 2215 512 Α
2247 447 2580 503 Calceorum
2613 466 2800 521 genus
2834 469 2962 508 esse
2991 453 3287 525 colligitur
3314 471 3376 510 ex
3405 458 3661 529 Cicerone,
3700 467 3807 521 Phi-

505 544 667 597 ἅπασι
696 547 813 603 τοῖς
847 542 1093 595 ὁπωσοῦν
1130 541 1233 594 ὑπὸ
1262 545 1363 593 τοῦ
1409 540 1706 614 μακαρίτου
1763 541 2139 594 Κωνσταντίου

497 628 985 708 πεφυγαδευμένοις
1014 624 1187 683 ἕνεκεν
1218 635 1319 698 τῆς
1348 633 1454 683 τῶν
1512 627 1816 683 Γαλιλαίων
1868 628 2126 691 ἀπονοίας

496 721 672 789 ἀνῆκα
696 722 795 789 τήν
826 721 1004 797 φυγήν
1038 737 1051 773 :
1079 742 1107 769 «
1141 720 1372 775 Caeteris
1405 721 1704 787 omnibus,
1737 721 1837 791 qui
1868 737 1902 775 a
1956 724 2136 774 Cons-

496 815 683 870 tantio
718 813 834 866 vita
865 811 1159 878 defuncto,
1194 810 1363 881 ejecti
1398 811 1587 881 patria
1646 811 1875 865 fuerant
1903 815 2141 882 propter

503 902 820 957 amentiam
839 899 1231 967 Galilaeorum,
1254 899 1524 953 exsitium
1547 899 1891 953 condonavi.
1912 921 1938 947 »
1958 900 2137 966 Idem,

495 990 745 1062 epistola
772 993 829 1058 7,
864 990 933 1044 ad
965 988 1267 1043 Artabium
1300 987 1495 1061 εἙγὼ,
1529 988 1593 1054 νὴ
1623 985 1751 1047 τοὺς
1792 985 1966 1050 θεοὺς,
2017 985 2141 1042 οὔτε

493 1079 791 1133 κτείνεσθαι
813 1076 943 1137 τοὺς
960 1074 1310 1147 Γαλιλαίους,
1325 1073 1447 1129 οὔτε
1459 1074 1749 1138 τύπτεσθαι
1762 1075 1978 1149 παρᾶτὸ
1997 1075 2141 1131 δίκα-

513 1189 610 1236 ιον,
664 1164 788 1220 οὕτε
864 1164 1005 1220 ἄλλο
1030 1186 1083 1219 τι
1114 1165 1347 1239 πάσχειν
1403 1164 1565 1219 κακὸν
1599 1162 1875 1239 βούλομαι
1906 1183 1920 1221 :
1949 1190 1975 1216 ‹‹
2025 1167 2138 1239 Ego

500 1275 603 1330 per
630 1258 791 1323 deos,
816 1272 1005 1327 neque
1034 1254 1278 1310 interfici
1301 1254 1591 1320 Galilaeos,
1616 1272 1800 1326 neque
1832 1256 1972 1310 caedi
2000 1272 2141 1327 prae-

486 1352 575 1401 ter
598 1348 697 1417 jus
728 1350 785 1401 et
813 1360 1079 1416 aequum,
1112 1360 1302 1415 neque
1332 1343 1610 1399 molestize
1636 1344 1960 1416 quidquam
2010 1361 2136 1415 per-

500 1441 615 1507 peti
645 1435 794 1489 volo.
832 1457 852 1482 ιι
887 1433 1309 1499 Theodoretus,
1330 1433 1431 1487 lib.
1462 1450 1525 1487 ιιι
1548 1432 1701 1488 Hist.
1725 1432 1905 1498 Eccl.,
1928 1450 2057 1504 cap.
2079 1436 2134 1487 7:

506 1524 599 1578 Καὶ
616 1526 831 1597 πρῶτον
852 1520 1289 1596 μένᾶπηγορευσε
1318 1525 1423 1575 τῶν
1452 1520 1757 1575 Γαλιλαίων
1792 1542 1851 1575 το
1871 1518 2137 1582 ὺςπαῖδας

487 1613 649 1683 (οὕτω
678 1612 777 1687 γὰρ
809 1614 909 1665 τοῦ
964 1613 1219 1685 Σωτῆρος
1279 1612 1438 1683 ἡμῶν
1500 1607 1626 1671 τοὺς
1676 1608 1959 1673 θυασιότας
2006 1611 2135 1683 [sic]

491 1702 794 1774 ωνὸμαζεν)
846 1703 1147 1768 ποιητικῶν
1204 1699 1293 1754 καὶ
1328 1703 1632 1775 ρητορικῶν
1686 1700 1775 1753 καὶ
1820 1697 2136 1776 φιλοσόφων

490 1788 925 1865 μεταλαγχάνειν
959 1787 1138 1865 λόγων
1171 1806 1185 1846 :
1221 1813 1249 1840 ‹‹
1279 1792 1357 1845 Ac
1390 1792 1646 1863 primum
1679 1792 1882 1859 vetuit,
1916 1807 1988 1846 ne
2023 1791 2133 1846 Ga-
2167 1816 2212 1880 B

484 1881 615 1935 lilasi
658 1881 763 1951 (sic
804 1879 1100 1935 enimﬁdei
1150 1880 1473 1936 Servatoris
1528 1880 1707 1935 nostri
1760 1884 2130 1936 consecratos

483 1970 884 2042 nuncupabat)
936 1969 1245 2041 poeticam,
1298 1968 1670 2025 rhetoricam.
1726 1974 1827 2025 aut
1878 1969 2131 2042 philoso-

482 2059 682 2131 phiam
698 2060 1002 2115 discerenl.
1026 2081 1055 2109 »
1077 2059 1551 2131 Chrysostomus,
1586 2058 1830 2115 homilia
1860 2060 1929 2114 de
1960 2076 2128 2114 sanc-

484 2154 541 2204 to
574 2148 1005 2220 Hieromartyre
1036 2147 1274 2216 Babyla,
1306 2165 1487 2219 agens
1514 2149 1585 2203 de
1618 2149 1814 2203 furoee
1857 2148 2084 2204 Juliani
2111 2165 2124 2204 :

481 2244 555 2293 Εκ
588 2237 755 2308 μέσης
785 2236 1185 2311 ἀναρπάσασθαι
1229 2239 1331 2304 τῆς
1382 2235 1707 2308 οἰκουμένης
1755 2236 1817 2290 τὸ
1862 2239 1970 2289 τῶν
2017 2234 2126 2291 Γαλ

483 2323 674 2379 ιλαίων
709 2319 858 2387 ἔθνος
883 2321 1275 2399 summm:
1310 2348 1338 2375 ‹‹
1361 2327 1436 2381 Ex
1461 2327 1598 2381 orbe
1619 2331 1911 2381 terrarum
1942 2332 2126 2381 exter-

487 2415 852 2470 minaturum
875 2414 1313 2469 seGalilaeorum
1366 2415 1657 2469 nationem
1686 2415 2125 2487 pollicebatur.»

549 2506 735 2575 Atque
766 2504 908 2560 adeo
935 2502 1395 2559 Christianorum
1431 2521 1641 2560 nomen
1691 2503 1931 2559 Juliano
1987 2519 2123 2560 exo-

479 2604 609 2647 sum
644 2596 787 2660 erat,
820 2596 884 2646 ut
922 2592 1110 2648 edicto
1142 2593 1419 2659 sanxerit,
1455 2610 1523 2648 ne
1557 2593 1691 2665 quis
1738 2591 2122 2663 Christianos,

481 2682 581 2740 sed
625 2681 890 2737 Galilaeos
939 2681 1280 2753 appellaret.
1339 2681 1816 2755 Chrysostomus,
1863 2681 2123 2738 oratione

481 2775 685 2831 contra
716 2770 931 2826 Gentes
959 2786 971 2825 :
1004 2768 1334 2832 Γαλιλαίους
1363 2769 1482 2824 ἀντὶ
1513 2774 1843 2846 Χριστιανῶν
1875 2769 2035 2832 αὐτός
2065 2790 2122 2825 τε

480 2856 531 2913 ἐν
562 2864 680 2920 τοῖς
713 2856 1037 2933 διατάγμασι
1068 2857 1273 2928 καλῶν,
1319 2859 1411 2914 καὶ
1461 2860 1587 2923 τοὺς
1631 2856 1901 2935 ἄρχοντας
1958 2863 2119 2914 τοῦτο

479 2948 801 3024 προτρέπων
833 2953 1008 3002 ποιεῖν
1033 2966 1045 3005 :
1067 2973 1093 2999 «
1130 2948 1395 3005 Galilaeos
1427 2967 1530 3023 pro
1552 2950 1903 3007 Christianis
1926 2967 2032 3006 nos
2059 2950 2117 3005 in

478 3037 685 3094 edictis
709 3038 832 3093 suis
856 3042 981 3092 tum
1016 3038 1139 3109 ipse
1170 3038 1493 3110 appellans,
1520 3044 1645 3093 tum
1705 3038 1997 3110 principes
2054 3042 2119 3094 ut

480 3128 633 3181 idem
659 3127 1011 3193 factitarent,
1044 3127 1379 3184 exhortans.
1408 3150 1434 3177 ››
1466 3128 1777 3199 Gregorius
1807 3128 2115 3182 Nazianze-

478 3236 611 3285 nus,
646 3218 906 3274 oratione
936 3219 969 3273 3
999 3223 1205 3273 contra
1226 3218 1529 3274 Julianum
1561 3237 1573 3275 ε
1624 3215 1951 3278 Γαλιλαίους
2003 3216 2117 3271 ἀντὶ

481 3310 813 3380 Χριστιανῶν
850 3304 1122 3379 ὀνομάσας
1171 3328 1229 3361 τε
1254 3306 1343 3362 καὶ
1376 3305 1658 3371 καλεῖσθαι
1697 3308 2071 3380 νομοθετήσας
2105 3326 2118 3363 :

478 3419 505 3447 «
543 3396 813 3452 Galilaeos
847 3414 949 3468 pro
980 3397 1330 3453 Christianis
1364 3397 1696 3466 nominans,
1725 3403 1899 3469 atque
1932 3402 1997 3453 ut
2040 3398 2124 3452 ita

477 3500 841 3551 vocaremur,
874 3485 1105 3554 publica
1134 3487 1256 3555 lege
1289 3486 1626 3541 decernens.
1665 3509 1692 3535 ››

548 3574 823 3628 GALLICA.
864 3574 997 3628 Vita
1056 3574 1288 3641 Malchi,
1339 3591 1467 3646 cap.
1532 3577 1584 3641 4,
1638 3576 1709 3630 de
1758 3574 2118 3630 lsmaelitis:

481 3684 508 3712 «
533 3660 717 3716 Pallia
747 3665 805 3716 et
836 3661 984 3716 latas
1002 3662 1304 3718 calliculas
1326 3664 1681 3719 trahentes.»
1707 3664 1812 3719 Ubi
1851 3681 2120 3721 manusc.

479 3749 937 3804 Audomarensis
970 3750 1146 3806 habet
1171 3752 1421 3822 gallicas.
1458 3754 1664 3808 Nescio
1688 3770 1759 3808 an
1788 3753 2123 3824 promiscue

478 3837 695 3908 galliga
727 3855 828 3909 pro
859 3840 1041 3907 caliga
1080 3840 1511 3911 accipiendum.
1546 3841 1948 3897 Tertullianus
1998 3858 2127 3896 car-

493 3926 649 3982 mine
675 3927 745 3981 ad
780 3931 1109 3983 senatorem
1146 3929 1242 4001 qui
1297 3947 1364 3984 ex
1420 3930 1751 3985 Christiano
1806 3932 1992 3985 factus
2036 3935 2126 3986 est

483 4015 794 4071 idololatra
824 4016 1150 4088 Egyptius,
1195 4034 1261 4073 ex
1306 4018 1544 4074 consule
1595 4020 1868 4075 sacerdos
1927 4019 2122 4088 Isidis,

478 4105 712 4160 videtur
744 4105 1106 4177 distinguere
1137 4123 1149 4162 :

727 4195 878 4260 Nunc
906 4194 1068 4244 etiam
1100 4196 1247 4260 dicis,
1281 4197 1425 4260 quod
1456 4202 1505 4246 te
1538 4211 1646 4246 non
1670 4197 1853 4246 fecerit
1882 4201 2030 4252 mlas,

726 4258 957 4332 Siet-Insue
987 4258 1197 4332 relligic.
1216 4258 1453 4332 calvum,
1482 4260 1758 4332 caligaque
1789 4264 2010 4315 remota,

729 4322 928 4369 Gallica
957 4323 1024 4371 sit
1054 4322 1285 4384 pedibus
1318 4323 1455 4372 molli
1488 4322 1734 4372 redimita
1768 4336 1993 4386 papyro.

554 4411 638 4463 Ita
669 4409 1123 4481 distinguendae
1154 4411 1251 4466 hic
1284 4411 1468 4467 locus.
1503 4412 1645 4467 Nam
1676 4411 1991 4475 Pamelius,
2023 4409 2123 4481 qui

480 4498 689 4551 Gallica
721 4500 1026 4571 conjungit
1057 4518 1188 4555 cum
1223 4502 1425 4571 caliga,
1460 4506 1515 4556 et
1535 4500 1659 4555 vult
1694 4501 1749 4554 in
1783 4501 1994 4555 Gallica
2028 4499 2120 4553 hic

481 4603 514 4640 a
546 4587 863 4641 ablativum
888 4591 1121 4661 corripi,
1158 4590 1373 4645 frustra
1407 4591 1533 4645 fuit.
1570 4595 1683 4644 Hoc
1714 4589 1859 4655 vult,
1894 4593 2118 4645 senato-

480 4690 601 4729 rem
636 4675 811 4744 hunc,
846 4677 1044 4733 relicto
1079 4679 1340 4734 Romano
1375 4680 1576 4734 habitu
1619 4679 1847 4749 (quales
1904 4679 2121 4748 caligis,

481 4766 634 4820 unde
656 4767 877 4822 militia
894 4768 1133 4838 caligala
1158 4770 1517 4825 Tertulliano
1532 4768 1680 4823 libro
1694 4776 1774 4823 De
1790 4768 2122 4823 idololotria

482 4854 670 4926 capite
706 4856 814 4923 19},
846 4857 915 4911 ad
947 4860 1282 4930 x‘Egyptium
1307 4859 1574 4913 habitum
1601 4858 1921 4913 sacerdotis
1954 4857 2119 4912 Isiaci

482 4944 813 5016 transiisse,
845 4944 900 4999 id
935 4955 1039 5017 est,
1075 4949 1144 5002 ad
1176 4947 1444 5018 gallz’cam
1470 4964 1537 5003 ex
1570 4946 1732 5002 molli
1768 4964 1982 5018 papyro
2023 4964 2117 5018 pe-

480 5034 654 5088 dibus
700 5035 1119 5091 circumdatam
1148 5054 1162 5105 ;
1217 5040 1411 5108 quare
1439 5036 1701 5105 gallinam
1722 5040 1860 5108 puto
1886 5053 2117 5091 soccum

480 5139 629 5187 esse,
654 5123 794 5193 quia
826 5124 1039 5180 mollis.
1065 5125 1229 5180 Certe
1254 5125 1436 5180 Gallis
1458 5126 1699 5197 Cybeles
1723 5125 1922 5181 Isiacis
1946 5127 2121 5180 luteas

478 5215 685 5267 calceos
710 5214 917 5268 tribuit
949 5214 1224 5286 Apuleius
1257 5215 1483 5270 Milesia
1512 5216 1582 5269 8:
1617 5217 1787 5271 Pedes
1814 5215 1973 5269 luteis
2028 5213 2115 5267 in-

474 5304 595 5359 duti
615 5307 822 5360 calceis.
849 5305 1132 5369 Catullus,
1162 5307 1341 5360 Iuleos
1363 5322 1535 5361 soccos
1563 5308 1617 5359 in
1640 5306 1887 5375 nuptiits
1912 5307 2118 5375 Hyme-

475 5412 597 5448 naeo
630 5394 838 5449 tribuit
869 5396 1005 5466 quia
1038 5394 1230 5450 luteus
1263 5413 1363 5450 seu
1399 5412 1640 5449 croceus
1666 5394 1884 5449 amoris
1914 5398 2001 5448 est
2024 5410 2119 5447 co-

474 5483 563 5539 lor
590 5502 603 5539 :

1322 5574 1494 5621 Laetus
1530 5571 1635 5621 huc

852 5636 1002 5684 Hunc
1029 5635 1177 5692 veni.
1209 5636 1367 5684 niveo
1402 5648 1593 5697 gerens

848 5700 1071 5749 Luteum
1108 5698 1242 5763 pede
1271 5712 1487 5749 soccum

595 5786 845 5844 Gallicas
869 5788 981 5846 dici
1008 5787 1189 5845 Gallis
1234 5788 1485 5859 galoches
1541 5786 1833 5845 existimat
1888 5785 2117 5858 Baylius

2245 535 2453 608 lippica
2476 538 2510 591 2
2542 556 2554 593 :
2593 562 2621 589 ‹‹
2650 540 2810 603 Quod
2846 544 3149 613 qumrebas
3203 546 3478 615 quomodo
3530 551 3766 609 redissem
3794 577 3806 623 ς

2244 626 2499 696 primum
2533 627 2683 695 luce,
2719 647 2833 684 non
2858 631 3158 700 tenebris;
3184 632 3388 688 deinde
3417 651 3535 690 cum
3566 639 3743 697 calceis
3764 650 3808 700 et

2244 721 2400 787 toga,
2435 717 2616 773 nullis
2641 736 2744 773 nec
2775 719 3000 791 gallicis
3034 736 3140 775 nec
3182 720 3423 778 lacerna.
3458 747 3482 773 ιι
3512 726 3572 779 Et
3592 744 3719 795 mox,
3756 734 3809 788 de

2243 807 2493 862 Antonio
2525 824 2591 862 :«
2623 812 2762 864 Cum
2796 809 3024 881 gallicis
3046 816 3102 866 et
3132 811 3357 867 lacerna
3374 817 3672 872 cucurristi.
3702 842 3723 867 ιι
3744 821 3811 875 Ita

2245 897 2549 966 utrobique
2580 899 2716 954 Mss.
2753 917 2853 971 pro
2883 901 3098 972 caligis.
3134 900 3370 967 Gellius,
3404 902 3493 957 lib.
3516 912 3806 978 xm,cap.20,

2244 990 2444 1040 narrat
2479 987 2677 1043 'l‘itum
2710 989 3055 1044 Gastritium
3090 990 3519 1062 reprehendisse
3547 992 3809 1065 discipulos

2245 1080 2544 1131 senatores
2576 1077 2817 1132 lacernis
2848 1078 3068 1134 indutos
3086 1084 3139 1133 ct
3167 1078 3813 1149 gallicis,calcealos.Glos-

2246 1164 2467 1219 sarium
2520 1167 2984 1223 Camheronense
3036 1185 3184 1224 ms.:
3237 1192 3256 1217 ιι
3312 1168 3597 1237 Gallicula,
3643 1171 3819 1225 calcea-

2246 1257 2444 1310 menta
2473 1260 2799 1327 pastorum.
2837 1280 2863 1306 »
2892 1258 3052 1313 Idem
3087 1258 3239 1329 apud
3268 1257 3520 1329 Papiam.

2313 1344 2375 1399 In
2407 1343 2805 1418 Ξυίᾱαγάλλιξ
2836 1363 2937 1417 pro
2970 1347 3277 1417 chlamyde
3310 1342 3817 1418 accipitur.’A)llixz,

2254 1430 2517 1506 χλαμύδα
2568 1433 2703 1487 κατᾶ
2733 1433 3059 1495 Θεσσαλούς·
3096 1435 3146 1488 οἱ
3180 1431 3392 1489 ἰδιῶται
3422 1432 3644 1510 γάλλικα
3666 1434 3824 1504 ταύτην

2244 1522 2564 1597 φασίβοιιθ
2585 1525 2642 1579 in
2658 1524 2791 1580 Vita
2819 1524 3025 1580 Malchi
3056 1524 3297 1596 pallium
3326 1530 3383 1580 et
3410 1524 3608 1594 gallica
3629 1526 3825 1597 conjun-

2243 1616 2487 1685 guntur.

2315 1702 2523 1769 GELLO,
2573 1718 2676 1757 seu
2708 1702 2902 1758 GILLO.
2938 1703 3233 1773 Rufﬁnus,
3268 1703 3479 1769 lih.m,
3533 1719 3683 1757 num.
3736 1704 3820 1757 ll:

2250 1814 2269 1839 ι
2297 1791 2457 1846 Gallo
2488 1808 2621 1846 cum
2655 1808 2827 1863 aqua,
2849 1808 3023 1864 quem
3050 1793 3118 1847 ad
3177 1795 3380 1864 potum
3440 1792 3548 1847 sibi
3595 1808 3829 1863 prepara-

2245 1884 2423 1949 verat,
2456 1882 2716 1937 vertebat
2747 1896 2831 1947 se,
2867 1903 2894 1930 »
2930 1882 3062 1937 Mox
3101 1881 3307 1937 eodem
3365 1897 3602 1936 numero
3655 1880 3825 1934 dicitur

2239 1970 2613 2041 gellunculue.
2661 1974 2770 2026 Pro
2827 1987 2945 2042 quo
2998 1972 3054 2025 in
3115 1970 3368 2043 Pelagio,
3431 1987 3587 2025 num.
3634 1970 3714 2035 24,
3762 1973 3830 2023 est

2238 2061 2535 2115 suriscula.
2567 2060 2903 2130 Cassianus,
2941 2061 3201 2115 Institut.
3235 2059 3341 2115 lib.
3374 2077 3448 2127 IV,
3473 2075 3593 2130 cap.
3630 2059 3722 2113 t6:
3759 2058 3832 2112 «Si

2240 2148 2374 2220 quis
2405 2148 2679 2220 gillonem
2707 2148 2963 2217 fictilem,
2987 2165 3161 2220 quem
3187 2148 3492 2205 baucalem
3512 2152 3828 2219 nuncupant,

2237 2254 2373 2293 casu
2408 2238 2605 2309 aliquo
2629 2239 2884 2308 fregerit.
2911 2261 2937 2289 »
2967 2240 3105 2310 Cap.
3139 2239 3246 2293 20:
3282 2261 3311 2289 «
3334 2239 3392 2295 Si
3418 2238 3682 2309 gillonem
3704 2252 3824 2307 aqua

2238 2325 2624 2398 impleverint.
2662 2347 2685 2377 ι
2720 2326 2934 2383 (Ἠοεεω
2960 2326 3185 2395 lsidori,
3221 2326 3518 2394 Gellonem,
3567 2325 3825 2381 baucalem.

2236 2415 2597 2471 Glossarium
2628 2416 3089 2489 Latinograacum
3126 2434 3139 2472 :
3174 2416 3340 2482 Gillo,
3377 2411 3679 2483 βαυκάλιον.
3709 2416 3822 2469 Item

2234 2500 2593 2571 ποδόκιιλον,
2626 2505 3391 2576 aquale.gcllo.Glossarium
3414 2504 3827 2560 Camheronense

2236 2612 2347 2650 ms.
2387 2613 2400 2652 :
2429 2618 2456 2645 ‹‹
2483 2594 2655 2663 Gillo,
2680 2612 2783 2650 vas
2810 2594 3008 2661 fictile,
3041 2595 3099 2650 id
3124 2600 3232 2665 est,
3259 2594 3543 2650 baucalis.
3577 2615 3603 2643 »
3632 2592 3824 2662 Papias:

2233 2683 2451 2739 Gelonis
2483 2684 2746 2751 baucalis,
2778 2701 2892 2739 vas.
2926 2684 3072 2739 Hinc
3107 2684 3321 2755 Legum
3360 2682 3636 2754 Visigoth.
3670 2680 3754 2735 lib.
3797 2695 3826 2730 ιι

2231 2773 2322 2829 tit.
2351 2775 2405 2842 4,
2440 2774 2474 2828 1.
2511 2774 2562 2829 4.
2599 2773 3031 2829 Gillonariorum
3061 2774 3375 2845 praeposili.
3429 2770 3665 2844 Hispani
3710 2783 3835 2823 nunc

2231 2862 2599 2933 congilanem,
2635 2862 2762 2918 Itali
2797 2863 3067 2919 boccalem
3096 2867 3333 2919 vocant.
3392 2865 3550 2918 Inter
3590 2857 3837 2915 Catalecla

2231 2956 2494 3007 veterum
2528 2956 2855 3024 poetarum,
2881 2951 2981 3006 lib.
3012 2968 3074 3020 ιι,
3102 2955 3191 3007 est
3216 2968 3462 3008 carmen
3492 2950 3561 3006 de
3591 2947 3838 3004 mensium

2234 3039 2484 3111 pictura,
2510 3039 2609 3095 ubi
2634 3056 2647 3094 :

2294 3138 2587 3197 Augustum
2617 3139 2830 3199 penitus
2858 3142 3026 3187 torret
3053 3138 3492 3188 Phaethonthius
3526 3135 3690 3192 ardor,

2478 3198 2645 3258 Quem
2680 3206 2887 3250 recreat
2919 3202 3118 3251 fessum
3148 3202 3298 3265 gillo,
3333 3201 3543 3257 facella,
3575 3198 3723 3248 melo.

2299 3289 2692 3347 Gauusnaxm.
2726 3291 2950 3361 Saepius
2971 3290 3067 3346 hic
3080 3290 3227 3346 ritus
3250 3292 3312 3346 in
3348 3290 3609 3346 oratione
3635 3282 3838 3342 occurrit

2228 3379 2286 3433 in
2321 3379 2415 3435 his
2446 3380 2685 3435 Patrum
2714 3378 2883 3435 Vitis.
2907 3380 3039 3435 Tria
3058 3396 3216 3435 nunc
3238 3380 3556 3450 attingam,
3588 3377 3708 3447 ejus
3728 3371 3838 3428 anti~

2231 3469 2542 3540 quitatem,
2575 3469 2811 3540 quando
2842 3485 2991 3539 genu
3026 3469 3258 3524 ﬂectere
3286 3469 3557 3536 vetitum,
3587 3470 3641 3523 et
3693 3476 3838 3535 quam

2228 3557 2411 3629 aliqui
2435 3557 2896 3629 genuﬂexionem
2934 3558 3389 3629 frequentarint.

2297 3646 2547 3702 Omnino
2577 3652 2846 3703 vetustus
2876 3647 3142 3702 Ecclesiae
3168 3664 3325 3715 mos,
3349 3662 3549 3719 genua
3571 3644 3774 3699 ﬂectere
3796 3638 3838 3691 in

2226 3735 2509 3791 oratione.
2542 3733 2726 3791 Omne
2756 3751 2910 3806 genu
2942 3735 3192 3791 Domino
3228 3735 3592 3791 flectendum
3643 3734 3838 3786 monent

2225 3826 2558 3895 Scripturas,
2594 3824 2741 3896 psal.
2772 3842 2889 3889 xxx,
2926 3824 3084 3879 Isaiae
3106 3841 3238 3893 xcv,
3275 3825 3453 3880 Rom.
3484 3840 3602 3889 xxv,
3636 3818 3838 3887 Philipp.

2230 3932 2290 3983 ιι,
2325 3914 2533 3985 Ephes.
2569 3931 2652 3969 ιιι.
2680 3914 2947 3969 Christus
2970 3930 3204 3985 quoque
3238 3915 3299 3969 in
3328 3919 3551 3969 terram
3580 3909 3838 3984 procidens

2230 4020 2427 4058 orasse
2460 4002 2719 4074 legitur;
2751 4007 2920 4059 Lucae
2950 4020 3083 4058 xxm
3104 4022 3118 4068 ς
3142 4004 3471 4071 Eusebius,
3504 4002 3584 4057 lib
3605 3994 3838 4055 «103‘!

2230 4092 2378 4147 Hist.
2417 4091 2589 4160 Eccl.,
2649 4108 2774 4163 cap.
2824 4093 2881 4159 5,
2916 4092 3091 4146 refert
3144 4091 3377 4148 milites
3445 4093 3516 4163 τῇ
3574 4087 3700 4162 πρὸς
3750 4080 3838 4137 τοῖιι

2228 4179 2531 4251 πολεμίους
2561 4178 2848 4251 παρατάξει
2879 4179 3045 4253 γόνου
3074 4177 3260 4241 θέντας
3295 4179 3390 4234 ἐπὶ
3421 4181 3525 4248 τὴν
3578 4180 3695 4253 ﬁl,
3746 4168 3838 4225 κατέ

2227 4269 2289 4323 τὸ
2321 4269 2521 4323 οἰκεῖον
2552 4271 2686 4341 ἡμῖν
2719 4272 2826 4323 τῶν
2858 4268 3037 4343 εὐχῶν
3072 4263 3191 4331 ἔθος
3223 4268 3318 4323 ἐπὶ
3350 4270 3452 4330 τὰς
3484 4269 3621 4343 πρὸς
3640 4266 3724 4319 τὸν
3747 4260 3838 4315 Θεὸν

2230 4358 2431 4420 ἱκεσίας
2459 4357 2752 4431 τραπέσθαι
2780 4380 2792 4415 :
2829 4381 2856 4409 «
2889 4360 2954 4414 In
2999 4360 3124 4429 ipsa
3164 4360 3293 4415 acie
3327 4365 3543 4415 contra
3566 4355 3837 4413 hostesins

2228 4454 2438 4517 tructa,
2465 4449 2712 4519 genibus
2735 4448 2901 4503 humi
2936 4448 3167 4519 positis,
3204 4454 3272 4503 ut
3307 4449 3838 4504 nobiscumoramm

2154 4544 2196 4607 Ι)
2230 4537 2287 4592 in
2317 4554 2475 4592 more
2496 4541 2603 4606 est,
2630 4554 2691 4593 se
2718 4539 2789 4592 ad
2811 4554 3007 4607 preces
3030 4537 3144 4592 Deo
3176 4537 3564 4592 adhibendas
3586 4539 3728 4591 totos
3748 4546 3831 4584 con

2237 4627 2502 4683 vertisse.
2530 4649 2557 4675 »
2592 4627 2999 4698 Hieronymus,
3024 4627 3082 4680 in
3109 4626 3277 4681 Isaia:
3312 4644 3450 4698 cap.
3483 4643 3593 4681 XLV
3624 4642 3637 4679 :
3668 4647 3693 4672 «ι
3718 4617 3833 4675 Mori

2233 4720 2323 4771 est
2351 4715 2508 4771 enim
2539 4715 2919 4771 ecclesiastici
2954 4714 3187 4769 Christo
3219 4730 3389 4783 genu
3428 4716 3681 4771 ﬂectere.
3729 4711 3838 4772 Ουῡ1

2231 4805 2442 4875 Judaei,
2477 4805 2691 4860 mentis
2729 4804 3066 4876 superbiam
3112 4805 3597 4871 demonstrante,
3658 4798 3837 4856 omnia

2233 4912 2348 4950 non
2388 4894 2626 4949 faciunt.
2662 4916 2689 4942 »

2304 4983 2610 5039 Fleclendo
2631 4998 2822 5055 genua
2839 4982 3027 5054 magis
3050 4981 3657 5054 impetramus.Apud
3699 4974 3830 5032 Jusli

2232 5090 2395 5139 num,
2427 5088 2484 5141 q.
2522 5073 2643 5137 115,
2668 5073 2736 5126 ad
2771 5071 3133 5126 Orthodoxos
3148 5070 3217 5123 Τὸ
3238 5069 3460 5125 κλίνειν
3481 5071 3545 5125 τὸ
3566 5071 3692 5144 γόνυ
3720 5064 3838 5120 ἐνταῖ

2229 5165 2564 5234 προσευχαῖς
2592 5163 2689 5214 τοῦ
2719 5160 2953 5221 ἑστῶτας
2986 5156 3237 5233 εὔχεσθαι
3261 5158 3498 5231 μᾶλλον
3524 5164 3639 5229 Θεῷ
3667 5155 3782 5211 τοὺς
3802 5148 3838 5203 εὖ

2229 5249 2502 5324 χομὲνους
2523 5248 2818 5323 παρίστησι
2850 5247 2936 5301 καὶ
2967 5244 3161 5301 πλεῖον
3194 5245 3425 5324 ὲφὲλκει
3460 5249 3563 5317 τὴν
3589 5245 3727 5311 θείαν
3753 5261 3838 5311 συμ

2228 5339 2451 5401 πάθειαν
2488 5356 2500 5393 :
2535 5361 2562 5388 ‹‹
2609 5338 2878 5394 Genuum
2937 5337 3244 5392 inclinatio
3303 5338 3366 5393 in
3425 5336 3838 5410 precationibus

2229 5430 2418 5501 magis
2450 5433 2778 5500 precatores
2814 5431 2924 5482 Deo
2956 5427 3365 5493 commendat,
3413 5444 3599 5499 quam
3642 5425 3687 5482 si
3729 5426 3837 5479 stan

2228 5524 2318 5574 tes
2366 5522 2581 5585 orent;
2641 5517 2951 5588 magisque
2999 5532 3069 5571 ea
3119 5530 3209 5570 res
3264 5515 3544 5571 divinam
3600 5524 3838 5587 permove

2227 5606 2823 5662 commiserationem.
2884 5604 3326 5671 Tertullianus,
3395 5606 3473 5660 ad
3554 5601 3838 5675 Scapulam

2226 5713 2351 5767 cap.
2387 5697 2416 5749 4
2454 5712 2465 5750 :
2510 5719 2530 5743 ι
2568 5696 2809 5760 Quando
2860 5712 2974 5751 non
3024 5692 3582 5766 geniculationibus
3630 5699 3686 5749 et
3722 5692 3833 5762 jeju

2226 5783 2565 5842 nationibus
2608 5784 2827 5841 nostris
2883 5784 3060 5842 etiam
3127 5781 3446 5840 siccitates
3493 5786 3638 5841 sunt
3693 5781 3830 5851 depu
