3996 6170
220 319 333 374 449

953 324 1459 380 ONOMASTICON
1499 327 1755 381 BERUM
1791 328 1885 381 ΒΤ
1923 324 2315 380 VERbORUM
2356 323 2911 379 DIFFICILIOBUM.

3534 328 3641 381 450

228 445 355 501 sae?
406 466 430 495 ι
484 443 668 510 Idem,
701 445 980 503 adversus
1010 447 1387 516 Marcionem,
1427 449 1528 505 lib.
1562 467 1650 520 ιιι,
1675 467 1722 506 c.
1759 450 1825 504 48
1862 467 1873 503 :
1908 452 1961 517 Α
1993 448 2458 513 nefasducimas,
2490 448 2665 503 velde
2687 446 2973 518 geniculis
3003 447 3239 503 adorare
3264 468 3277 516 ;
3307 450 3645 508 eademim-

228 555 259 582 ι(
282 536 412 590 Jam
432 550 567 589 vero
587 537 811 607 Moyses
832 536 973 607 quid
1001 538 1202 609 utique
1224 543 1363 595 tunc
1387 544 1619 595 tantum
1642 556 1771 595 cum
1787 541 1884 595 Je-

224 641 333 679 sus
367 625 652 679 adversus
679 625 960 681 Amalech
985 628 1382 700 praeliabatur,
1401 632 1677 702 expansis
1691 631 1883 686 mani-

227 714 341 769 bus
365 713 572 769 orabat
592 714 879 782 residens,
899 717 1135 786 quando
1154 718 1212 773 in
1234 721 1408 775 rebus
1427 724 1547 775 tam
1593 720 1882 791 attonitis,

224 802 421 873 magis
456 803 661 874 utique
694 804 948 876 genibus
972 806 1199 877 positis,
1222 814 1277 863 et
1303 809 1578 865 manibus
1602 811 1881 865 credenti-

223 894 339 947 bus
365 896 594 964 pectus,
616 897 673 948 et
693 893 1020 950 faciehumi
1044 896 1363 965 volutante,
1379 899 1701 955 orationem
1724 916 1881 954 com-

224 983 507 1036 mendare
532 982 1248 1041 debuisset?nAmbrosius
1272 986 1879 1059 lib.vnHexaem.,cap.

221 1072 258 1120 9
275 1087 288 1123 :
307 1094 333 1118 «
354 1069 630 1125 Flexibile
646 1088 942 1143 genu,quo
956 1090 1070 1144 pra
1091 1076 1881 1149 czsterisDominimitigatur

227 1159 478 1228 offensa,
515 1159 605 1215 ira
628 1160 939 1230 mulcetur,
962 1164 1154 1233 gratia
1177 1171 1541 1236 provocatur.
1578 1167 1694 1222 Hoc
1724 1168 1879 1222 enim

220 1247 417 1304 Patris
444 1250 643 1304 sumni
668 1267 807 1321 erga
859 1250 1071 1307 Filium
1096 1255 1315 1309 donum
1339 1260 1449 1327 est,
1479 1261 1543 1311 ut
1561 1256 1619 1311 in
1644 1257 1883 1311 nomine

218 1338 368 1393 Jesu
412 1355 587 1394 omne
630 1356 782 1411 genu
824 1345 1121 1398 curvetur.
1147 1366 1175 1393 »
1207 1346 1597 1416 Augustinus,
1626 1346 1776 1402 libro
1804 1346 1881 1400 De

223 1444 367 1483 cura
388 1444 493 1499 pro
518 1429 767 1484 mortuis
790 1431 1038 1501 agenda.
1063 1447 1193 1504 cap,
1218 1434 1253 1487 5
1286 1449 1299 1488 :
1328 1456 1356 1483 «
1387 1434 1532 1491 Nam
1561 1440 1619 1490 et
1647 1440 1881 1491 orantes

230 1517 302 1572 de
317 1517 603 1573 membris
616 1518 707 1572 sui
732 1519 992 1590 corporis
1007 1520 1228 1576 faciunt
1242 1524 1394 1593 quod
1410 1522 1881 1595 supplicantibus

221 1607 521 1679 congruit,
543 1624 677 1662 cum
694 1624 887 1679 genua
911 1609 1120 1680 ﬁgunt,
1141 1627 1275 1667 cum
1298 1614 1624 1669 extendunt
1645 1630 1879 1682 manus,

222 1695 313 1750 vel
336 1694 517 1750 etiam
543 1700 991 1765 prosternuntur
1016 1698 1238 1769 solo,et
1263 1700 1312 1755 si
1334 1700 1473 1771 quid
1498 1701 1655 1757 aliud
1678 1701 1879 1757 visibi-

221 1784 361 1840 liter
379 1786 633 1853 faciunt;
668 1786 938 1857 quamvis
960 1805 1163 1844 eorum
1190 1789 1503 1847 invisibilis
1526 1791 1794 1847 voluntas
1824 1796 1881 1847 et
1912 1830 1960 1894 Β

218 1875 418 1930 cordis
450 1874 699 1931 intentio
720 1876 836 1931 Deo
860 1882 999 1932 nota
1020 1878 1116 1945 sit,
1137 1895 1243 1935 nec
1266 1879 1361 1935 ille
1388 1880 1648 1952 indigeat
1668 1880 1762 1936 his
1784 1880 1871 1934 in-

216 1963 391 2019 diciis
416 1968 480 2019 ut
504 1964 800 2020 humanus
826 1965 879 2021 ei
902 1968 1196 2037 pandetur
1216 1969 1452 2025 animus
1479 1988 1492 2038 ;
1516 1972 1617 2026 sed
1642 1970 1735 2025 his
1758 1987 1877 2025 ma~

214 2053 303 2123 gis
337 2053 603 2124 seipsum
629 2055 842 2110 excitat
870 2054 1048 2112 homo
1077 2057 1147 2112 ad
1172 2059 1461 2114 orandum
1491 2060 1875 2131 gemendum-

221 2158 335 2213 que
368 2142 657 2198 humilius
690 2148 868 2215 atque
899 2145 1245 2202 ferventius.
1278 2148 1345 2202 Et
1376 2148 1573 2204 nescio
1603 2166 1720 2222 quo
1752 2165 1875 2204 mo-

230 2232 326 2301 do,
359 2248 499 2286 cum
528 2231 588 2286 hi
620 2232 880 2304 corporis
919 2240 1113 2290 motus
1163 2236 1288 2291 ﬁeri
1338 2236 1451 2294 nisi
1497 2242 1659 2294 motu
1694 2238 1875 2293 animi

229 2321 597 2392 pramedente
641 2338 757 2376 non
803 2323 1051 2393 possint,
1104 2324 1313 2381 iisdem
1364 2344 1568 2382 rursus
1619 2327 1875 2383 exterius

222 2410 537 2465 visibiliter
568 2412 736 2467 factis
770 2411 865 2467 ille
897 2411 1141 2468 interior
1168 2414 1505 2483 invisibilis,
1530 2417 1631 2487 qui
1656 2434 1754 2472 cos
1795 2418 1874 2471 fe-

223 2501 305 2553 cit
327 2504 614 2570 augetur;
650 2516 714 2555 ac
745 2516 850 2571 per
878 2500 985 2556 hoc
1014 2502 1207 2557 cordis
1239 2504 1507 2572 affectus,
1530 2506 1654 2575 qui,
1689 2510 1751 2559 ut
1772 2506 1875 2560 ﬁe-

218 2593 354 2643 rent
381 2588 496 2643 ista
527 2592 843 2659 praecessit,
878 2590 1019 2661 quia
1038 2590 1187 2647 facta
1212 2597 1376 2659 sunt,
1406 2599 1654 2650 crescit:
1684 2616 1712 2645 »
1745 2595 1874 2649 Hie-

220 2677 584 2750 ronymusin
608 2694 735 2749 cap.
770 2695 833 2733 ιιι
862 2679 932 2734 ad
967 2679 1179 2750 Ephes.
1214 2697 1227 2735 :
1256 2703 1280 2733 α
1315 2682 1444 2737 Haec
1476 2688 1672 2738 autem
1704 2684 1872 2755 spiri-

224 2765 426 2822 taliter
454 2772 831 2839 exponentes,
865 2785 979 2823 non
1012 2770 1212 2825 statim
1237 2772 1407 2841 juxta
1432 2771 1689 2827 litteram
1709 2789 1873 2828 oran-

222 2856 282 2909 di
312 2856 805 2913 consuetudinem
837 2857 1123 2925 tollimus,
1152 2876 1270 2930 qua
1288 2859 1473 2916 Deum
1496 2878 1649 2932 genu
1684 2862 1873 2933 posito

218 2944 574 3015 suppliciter
624 2947 956 3015 adoramus,
1007 2951 1064 3004 et
1106 2948 1218 3003 ﬁxo
1249 2949 1309 3004 in
1362 2954 1578 3005 terram
1628 2950 1869 3022 peplite,

222 3035 421 3105 magis
453 3035 610 3107 quod
644 3035 717 3091 ab
743 3052 810 3092 eo
835 3036 1136 3108 poscimus
1165 3038 1572 3111 impetramus.
1597 3040 1873 3112 Legimus

222 3124 386 3178 enim
437 3129 494 3179 et
539 3124 789 3181 Paulum
839 3126 898 3181 in
946 3126 1143 3183 littore
1202 3128 1283 3184 sic
1344 3145 1567 3196 orasse,
1601 3135 1658 3184 et
1702 3130 1864 3201 geni-

221 3212 551 3269 culationcs
580 3214 641 3269 in
669 3216 930 3271 oratione
953 3222 1293 3288 prmceptas.
1315 3240 1342 3267 ››
1367 3218 1730 3290 Theophilus
1752 3220 1870 3289 epi-

223 3319 443 3374 scopus
489 3302 941 3371 Alexandrinus,
991 3306 1241 3377 epistola
1285 3305 1550 3363 Paschali
1580 3309 1634 3374 2,
1668 3313 1872 3363 contra

231 3390 544 3463 Origenem
581 3408 595 3447 :
633 3414 661 3440 u
694 3393 853 3448 Genu
896 3393 1406 3452 ﬂecteresollicitae
1436 3399 1494 3451 et
1521 3396 1871 3452 humillimae

224 3480 446 3535 mentis
477 3480 768 3537 indicium
800 3490 907 3538 est.
942 3504 972 3532 »

290 3570 403 3624 Sed
435 3586 571 3625 cum
596 3585 749 3642 genu
772 3571 1093 3628 ﬂectendus
1120 3572 1298 3628 simul
1318 3573 1577 3640 animus,
1597 3574 1871 3630 interiora

218 3657 483 3714 videlicet
503 3674 717 3731 genua;
741 3677 950 3732 parum
974 3661 1122 3717 alias
1149 3663 1385 3733 prodest
1415 3664 1741 3735 genuﬁexio
1771 3681 1869 3720 ex-

221 3747 415 3802 terior.
443 3747 858 3820 Hieronymus,
883 3750 943 3804 in
993 3767 1119 3821 cap.
1145 3769 1209 3806 ιιι
1237 3753 1308 3807 ad
1340 3752 1617 3824 Ephesios
1650 3771 1664 3809 :
1701 3776 1727 3804 ‹‹
1761 3756 1867 3809 Sed

220 3835 366 3890 sicut
386 3836 535 3891 illud
558 3837 810 3893 ediﬁcat
835 3838 1154 3911 simplices,
1178 3840 1331 3896 sicut
1350 3858 1547 3897 veram
1570 3842 1867 3914 genicula-

219 3925 435 3981 tionem
453 3942 582 3982 esse
605 3926 883 3983 docemus
906 3927 965 3982 in
983 3928 1204 3997 animo,
1223 3929 1364 4000 quia
1379 3930 1549 3985 multi
1572 3931 1869 4003 corporale

222 4015 522 4071 ﬂectentes
555 4032 708 4087 genu
742 4016 953 4072 animae
973 4034 1347 4091 nequaquam
1367 4020 1642 4091 poplitem
1670 4038 1868 4075 curva-

217 4108 459 4171 verunt;
494 4108 551 4159 et
579 4109 805 4173 contra,
843 4106 941 4161 alii
988 4111 1182 4163 erecto
1229 4108 1415 4163 Deum
1469 4126 1708 4180 corpore
1757 4111 1861 4164 de-

218 4198 544 4263 precantes,
581 4195 772 4266 magis
799 4211 860 4250 se
889 4195 1087 4250 animo
1120 4202 1524 4253 curvaverunt.
1563 4201 1742 4264 Quem
1776 4199 1857 4253 vi-

216 4282 285 4336 de
316 4282 536 4338 ibidem
569 4282 982 4351 disserentem,
1032 4287 1324 4355 quomodo
1377 4292 1713 4358 peccatores
1762 4305 1863 4360 ge-

216 4388 333 4426 nua
363 4371 603 4427 ﬂectant
635 4378 890 4443 peccato.

287 4460 354 4515 Et
377 4462 615 4530 quidem
641 4461 734 4517 hic
773 4463 920 4518 ritus
941 4467 1063 4519 toto
1084 4465 1497 4536 annitempore
1516 4465 1576 4521 in
1598 4467 1859 4522 oratione

1995 539 2285 593 munitate
2309 556 2342 593 a
2367 538 2457 592 die
2483 538 2717 592 Paschae
2741 538 2797 591 in
2824 542 3203 591 Pcntecostcn
3224 556 3409 609 usque
3425 542 3643 610 gaude-

1995 644 2146 682 mus.
2173 650 2199 677 ››
2224 627 2505 694 Hilarius,
2529 626 2773 698 Prologo
2802 626 2861 681 in
2887 625 3257 681 Psalmorum
3283 629 3642 700 explanatio-

1993 733 2125 771 nem
2152 734 2165 773 :
2194 737 2221 765 (ι
2246 720 2311 769 Et
2332 715 2453 771 haec
2491 714 2733 787 quidem
2764 714 3010 769 sabbata
3051 715 3432 771 sabbatorum
3467 736 3534 773 ea
3566 720 3637 775 ab

1992 805 2276 876 apostolis
2314 805 2593 877 religione
2643 804 2933 859 celebrata
2968 809 3127 873 sunt,
3154 805 3326 860 uthis
3353 807 3639 878 quinqua-

1994 894 2227 965 gesima;
2253 894 2460 949 diebus
2479 893 2679 948 nullus
2700 910 2887 965 neque
2911 893 2969 947 in
2987 898 3199 949 terram
3226 899 3409 951 strato
3434 913 3643 967 corpo-

1992 1001 2052 1038 re
2075 984 2363 1049 adoraret,
2413 1000 2602 1054 neque
2634 983 2862 1053 jejunio
2900 982 3276 1038 festivitatem
3311 985 3638 1056 spiritualis

1990 1073 2171 1141 hujus
2188 1072 2569 1127 beatitudinis
2590 1071 3088 1142 impediret.Quod
3114 1072 3171 1127 id
3196 1073 3390 1143 ipsum
3415 1077 3631 1131 extrin-

1990 1179 2161 1217 secus
2197 1162 2371 1217 etiam
2403 1162 2461 1216 in
2483 1162 2691 1217 diebus
2738 1162 3058 1217 Dominicis
3101 1167 3190 1218 est
3220 1166 3633 1237 constitutum,

1990 1249 2089 1319 qui
2116 1250 2272 1305 ultra
2304 1251 2533 1305 sabbati
2560 1266 2869 1305 numerum
2890 1267 2993 1320 per
3012 1251 3435 1321 plenitudinem
3459 1271 3636 1309 evan-

1989 1337 2185 1409 gclicse
2210 1339 2629 1410 predicationis
2652 1339 2957 1393 accedunt.
2981 1362 3007 1388 ››
3029 1340 3634 1415 Hieronymus,proce-

1989 1427 2106 1482 mio
2128 1430 2198 1482 ad
2222 1428 2463 1483 Paulam
2482 1429 2921 1483 etEustochium
2940 1430 2997 1483 in
3016 1429 3336 1500 Epistolam
3360 1432 3431 1486 ad
3446 1432 3635 1503 Ephe-

1989 1516 2108 1572 sios
2129 1533 2143 1571 :
2166 1541 2190 1567 ‹‹
2219 1518 2548 1573 Permansit
2570 1522 2763 1573 autem
2788 1518 2997 1587 Ephesi
3025 1535 3209 1589 usque
3232 1522 3301 1574 ad
3328 1521 3639 1577 Pentecos-

1987 1610 2081 1661 ten
2107 1626 2120 1674 ;
2145 1611 2379 1679 tempus
2399 1607 2608 1661 laetitiae
2633 1612 2803 1678 atque
2826 1606 3101 1678 victorias,
3144 1625 3260 1679 quo
3297 1626 3411 1665 non
3454 1610 3635 1666 ﬂecti-

1990 1713 2123 1750 mus
2160 1712 2375 1768 genua,
2400 1713 2505 1752 nec
2527 1713 2841 1751 curvamur
2877 1696 2934 1751 in
2978 1702 3218 1764 terram,
3243 1701 3342 1753 sed
3369 1716 3503 1754 cum
3520 1706 3636 1757 D0-

1991 1784 2147 1840 mino
2172 1790 2551 1857 resurgentes
2588 1786 2657 1840 ad
2702 1784 2976 1840 cmlorum
3020 1784 3137 1841 alta
3174 1787 3567 1843 sustollimur.
3606 1812 3627 1838 ι»

1988 1875 2171 1944 Idem,
2195 1874 2426 1946 dialogo
2448 1877 2726 1929 adversus
2768 1874 3189 1942 Luciferianos,
3225 1892 3353 1947 cap.
3377 1878 3408 1930 4
3437 1894 3450 1931 :
3479 1900 3506 1927 ι(
3531 1878 3635 1933 Die

1986 1962 2312 2030 Dominico,
2336 1968 2392 2017 et
2413 1980 2514 2034 per
2554 1980 2787 2018 omnem
2817 1963 3220 2029 Pentecosten,
3246 1981 3349 2020 nec
3372 1966 3443 2021 de
3467 1967 3631 2038 geni-

1986 2051 2137 2107 culis
2152 2052 2787 2122 adorare,etjejunium
2813 2051 3351 2124 solveremultaque
3372 2053 3485 2109 alia
3506 2072 3631 2125 qua)

1985 2140 2204 2212 scripta
2232 2157 2345 2195 non
2369 2145 2530 2207 sunt,
2556 2140 2922 2195 rationabilis
2945 2141 3056 2196 sibi
3083 2142 3411 2198 observatio
3443 2144 3631 2198 vindi-

1984 2230 2159 2286 cavit.
2187 2252 2207 2279 ι
2235 2230 2601 2299 Ambrosius,
2627 2246 2803 2285 serm.
2827 2231 2917 2296 61,
2943 2231 3013 2284 de
3037 2234 3397 2298 Pentecoste,
3419 2232 3517 2303 qui
3542 2237 3632 2288 est

1984 2320 2159 2374 etiam
2186 2320 2339 2390 apud
2380 2319 2695 2374 Maximum
2725 2319 3151 2374 Taurinensem
3178 2336 3190 2374 :
3221 2344 3241 2369 ι
3277 2321 3435 2376 Scire
3458 2322 3629 2377 debet

1984 2408 2269 2464 sanctitas
2318 2413 2509 2464 vestra
2548 2408 2699 2463 hanc
2747 2412 3010 2463 sanctam
3068 2410 3435 2465 Pentecostes
3469 2410 3625 2466 diem

1984 2515 2099 2569 qua
2130 2499 2351 2553 ratione
2375 2515 2666 2566 curemus,
2687 2497 2771 2553 vel
2807 2514 2911 2552 cur
2932 2498 3178 2553 istorum
3198 2499 3630 2571 quinquaginta

1984 2588 2210 2643 dierum
2247 2604 2490 2642 numero
2523 2588 2599 2641 sit
2626 2586 2972 2659 nobisjugis
3003 2588 3061 2642 in
3094 2588 3436 2644 continuata
3470 2590 3629 2644 festi-

1981 2676 2161 2743 vitas;
2187 2676 2269 2731 ita
2299 2682 2363 2730 ut
2385 2676 2493 2733 hoc
2526 2677 2683 2731 omni
2705 2681 2967 2747 tempore
2998 2693 3186 2748 neque
3211 2677 3281 2732 ad
3306 2677 3621 2733 observan-

1981 2765 2735 2835 dumindicamusjejunia,
2760 2781 2948 2836 neque
2972 2767 3040 2820 ad
3062 2767 3417 2821 exorandum
3440 2767 3625 2822 Deum

1980 2870 2173 2926 genua
2218 2855 2631 2924 succidamus;
2685 2856 2783 2909 sed
2818 2854 2972 2909 sicut
3015 2855 3316 2911 Dominica
3368 2857 3628 2912 solemus

1980 2945 2168 2999 facere
2189 2944 2365 2999 erecti
2416 2950 2473 2999 et
2504 2942 2688 2998 feriati
2723 2944 3232 3012 resurrectionem,
3263 2946 3495 3001 Domini
3529 2963 3623 3001 co-

1982 3033 2303 3089 lebramus.
2339 3055 2367 3082 ››
2401 3032 2784 3104 Augustinus,
2818 3032 3065 3104 epistola
3114 3035 3237 3101 119,
3285 3037 3472 3105 capile
3504 3036 3570 3089 15
3604 3051 3617 3089 :

1983 3146 2010 3173 «
2047 3123 2478 3194 Quinquaginta
2507 3123 2631 3177 dies
2674 3121 3046 3179 celebrantur
3087 3128 3219 3193 post
3249 3124 3481 3179 Domini
3531 3142 3625 3179 re.

1901 3196 1947 3261 (Σ
1984 3211 2399 3281 surectionem,
2425 3212 2552 3282 jam
2585 3210 2643 3264 in
2674 3212 2859 3282 ﬁgura
2892 3227 3005 3265 non
3039 3209 3277 3277 laboris,
3326 3213 3427 3267 sed
3460 3212 3624 3283 quie-

1983 3302 2061 3357 tis
2091 3305 2147 3356 et
2171 3299 2404 3369 laetitiae;
2438 3302 2675 3371 propter
2706 3298 2812 3353 hoc
2843 3298 3154 3368 etjejunia
3177 3298 3532 3365 relaxantur,
3569 3305 3625 3355 et

1985 3394 2210 3445 stantes
2248 3405 2511 3458 oramus,
2542 3389 2696 3459 quod
2729 3392 2819 3443 est
2850 3386 3087 3458 signum
3120 3388 3575 3444 resurrectionis
3608 3403 3621 3441 :

1975 3480 2130 3535 unde
2149 3479 2321 3534 etiam
2344 3478 2401 3532 in
2417 3477 2695 3533 omnibus
2708 3476 2920 3532 diebus
2934 3476 3254 3532 Dominicis
3279 3476 3333 3532 id
3350 3478 3421 3533 ad
3445 3476 3626 3532 altare

1974 3570 2335 3625 observatur.
2374 3590 2400 3617 »
2436 3569 2503 3623 Et
2533 3584 2583 3623 c.
2606 3567 2673 3622 l7
2706 3583 2721 3622 :
2758 3588 2787 3617 ‹‹
2819 3566 2893 3622 Ut
2922 3570 3121 3622 autem
3159 3570 3384 3622 stantes
3414 3568 3472 3622 in
3508 3566 3625 3622 illis

1972 3658 2390 3731 (Pentecostes)
2438 3657 2667 3724 diebus,
2719 3660 2776 3711 et
2825 3655 3101 3710 omnibus
3135 3655 3460 3711 Dominicis
3492 3673 3621 3713 ore-

1974 3763 2130 3817 mus,
2164 3752 2360 3803 utrum
2401 3745 2617 3817 ubique
2660 3750 2923 3800 servetur
2964 3744 3202 3816 ignoro;
3238 3749 3432 3801 tamen
3466 3747 3621 3816 quod

1971 3838 2031 3892 in
2062 3854 2128 3893 eo
2161 3841 2444 3909 sequatur
2476 3834 2755 3903 Ecclesia,
2791 3834 2936 3902 dixi,
2970 3841 3036 3888 ut
3066 3834 3253 3906 potui,
3289 3839 3345 3889 et
3372 3836 3626 3892 arbitror

1970 3942 2096 3983 esse
2128 3927 2533 3981 manilestum.
2572 3946 2599 3973 »

2040 4017 2226 4072 Causa
2252 4015 2499 4085 hujusce
2521 4012 3076 4070 communicationis
3124 4012 3624 4085 assignaturapud

1968 4104 2614 4175 Justinum,quz£stione
2630 4108 2684 4159 et
2699 4103 3080 4174 responsione
3094 4118 3271 4173 supra
3286 4101 3554 4158 citata:’H
3570 4100 3623 4155 ἐν

1966 4200 2087 4257 ταῖς
2113 4192 2163 4263 ἐξ
2192 4193 2425 4268 ἡμέραις
2456 4194 2616 4263 ἡμῶν
2646 4188 2968 4264 γονυκλισία
2991 4184 3270 4260 συμϐολὸν
3295 4187 3405 4243 ἐστι
3435 4196 3535 4258 τῆς
3573 4189 3624 4243 ἐν

1965 4288 2084 4344 ταῖς
2112 4280 2404 4355 ἁμαρτίαις
2427 4279 2687 4340 πτώσεως
2709 4281 2893 4349 ἡμῶν.
2919 4278 2997 4333 Τὸ
3021 4274 3077 4330 δὲ
3097 4276 3148 4329 ἐν
3172 4280 3239 4349 τῇ
3263 4282 3511 4350 Κυριακῇ
3540 4279 3615 4349 μὴ

1966 4372 2170 4427 κλίνειν
2190 4363 2631 4445 γόνυ,σύμϐολὸν
2657 4367 2767 4421 ἐστι
2789 4373 2887 4435 τῆς
2910 4363 3509 4439 ἀναστάσεως,δι’ἦςτῇ
3524 4371 3621 4421 τοῦ

1965 4463 2201 4536 Χριστοῦ
2224 4459 2543 4533 χάριτι,τῶν
2568 4478 2626 4511 τε
2648 4457 2863 4531 ἀμαρτη
2876 4455 3083 4527 μάτων,
3107 4454 3198 4509 καὶ
3223 4459 3320 4509 τοῦ
3342 4454 3424 4510 ἐπ’
3442 4456 3618 4510 αὐτῶν

215 4550 579 4619 servabatur,
605 4552 863 4622 exceptis
876 4553 1200 4608 Dominicis
1220 4558 1277 4609 et
1294 4559 1555 4626 tempore
1580 4555 1730 4610 inter
1751 4560 1859 4611 Pa-

1982 4548 2409 4621 ῖεθανατωμὲνου
2431 4547 2660 4609 Θανάτου
2681 4543 3035 4619 ἠλευθερώθη
3050 4566 3167 4617 μεν,
3190 4551 3326 4615 etc.,
3344 4544 3394 4600 ἐν
3409 4547 3616 4617 mlle;-

214 4638 358 4692 scha
376 4644 435 4694 et
454 4643 858 4696 Pentecosten.
893 4641 1040 4697 Vide
1078 4642 1195 4711 hic,
1225 4642 1375 4699 libro
1397 4661 1472 4710 1v,
1505 4662 1635 4714 cup.
1667 4647 1752 4711 19,
1785 4664 1853 4701 ex

216 4727 317 4781 lib.
344 4746 382 4782 ιι
414 4728 605 4785 lnstit.
628 4729 915 4797 Cassiani,
939 4747 1065 4802 cap.
1090 4733 1176 4787 11.
1197 4732 1520 4788 Consilium
1538 4734 1859 4804 Nicarnum,

214 4832 342 4870 can.
356 4817 455 4872 20:
481 4814 703 4886 Ἐπειδή
721 4820 863 4881 τινες
876 4817 1006 4872 εἰσιν
1024 4817 1075 4872 ὲν
1096 4826 1163 4889 τῆ
1184 4821 1428 4895 Κυριακῇ
1442 4819 1569 4895 γόνυ
1587 4821 1861 4885 κλίνοντες

214 4904 302 4957 καὶ
334 4903 385 4958 ἐν
416 4911 534 4966 ταῖς
554 4912 654 4975 τῆς
679 4912 1057 4977 Πεντηκοστῆς
1077 4910 1331 4982 ἡμέραιςο
1351 4909 1481 4983 ὑπὲρ
1503 4914 1599 4964 τοῦ
1620 4910 1791 4965 πάντα
1808 4911 1858 4965 ἐν

213 4993 360 5063 πάσῃ
422 4994 684 5069 παροικίᾳ
737 4996 946 5068 ὁμοίως
1002 4995 1383 5072 φυλάττεσθαι,
1431 4998 1663 5063 ἑστῶτας
1713 4997 1862 5070 ἔδοξε

213 5085 287 5154 τῇ
343 5081 470 5157 ἁγίᾳ
526 5082 737 5157 συνόδῳ
795 5084 889 5147 τὰς
960 5084 1126 5160 εὐχὰς
1185 5084 1498 5141 ἆοοδιδόναι
1550 5092 1631 5160 τῷ
1687 5087 1858 5161 Θεῷε

218 5174 534 5239 «Quoniam
559 5181 703 5231 sunt
726 5176 966 5247 quidam
985 5177 1083 5247 qui
1113 5176 1525 5234 dieDominico
1546 5194 1740 5250 genua
1756 5180 1858 5235 ﬂe-

212 5264 462 5329 ctunt,et
484 5264 542 5318 in
569 5265 781 5321 diebus
798 5269 1268 5333 Pentecostes;ut
1287 5268 1487 5322 omnia
1513 5267 1857 5324 similiterin

217 5351 377 5405 omni
399 5354 655 5423 parmcia
677 5360 1002 5424 serventur,
1025 5355 1217 5410 visum
1240 5361 1330 5412 est
1348 5362 1562 5412 sancta:
1609 5360 1854 5429 synodo,

218 5444 439 5496 stantes
464 5442 581 5498 Deo
609 5443 900 5499 orationes
923 5443 1273 5515 persolvere.
1296 5468 1324 5496 ››
1348 5446 1511 5509 Quod
1537 5446 1733 5518 ipsum
1766 5465 1855 5504 re-

216 5530 435 5600 petitur
455 5532 509 5586 in
527 5532 1229 5605 concilioCarthaginensi
1246 5536 1560 5599 v1,can.20.
1586 5538 1652 5591 Et
1672 5536 1853 5593 habe-

210 5621 777 5688 turcan.Quoniam,
799 5622 877 5676 De
891 5638 1149 5678 consecr.
1164 5667 1177 5689 ,
1203 5624 1339 5679 dist.
1359 5626 1412 5679 3.
1434 5626 1850 5694 Tertullianus,

209 5712 287 5764 De
310 5724 526 5766 corona
548 5709 746 5779 milit.,
780 5727 908 5783 cap.
931 5712 965 5765 3
995 5729 1007 5768 :
1038 5733 1065 5763 ς(
1095 5713 1199 5769 Die
1238 5714 1851 5787 Dominicojejunium

1976 4641 2239 4711 τηκοστῇ)
2261 4638 2324 4691 οὐ
2348 4635 2610 4706 κλίνομεν
2634 4635 2785 4709 γόνυ,
2809 4631 2995 4702 ἐπειδή
3017 4631 3335 4706 ἰσοδυναμεῖ
3353 4638 3420 4708 τῇ
3440 4634 3621 4710 ἡμέρᾳ

1970 4736 2070 4798 τῆς
2096 4731 2393 4802 Κυριακῆς,
2425 4724 2562 4777 κατὰ
2607 4724 2704 4791 τήν
2749 4722 2999 4797 ῥηθεῖσαν
3030 4722 3155 4796 περὶ
3208 4721 3376 4787 αὐτῆς
3419 4721 3617 4780 αἰτίαν.

1978 4841 2004 4873 α
2026 4822 2290 4875 Genuum
2318 4833 2418 4888 per
2438 4832 2539 4870 sex
2561 4814 2684 4869 dies
2704 4812 3031 4882 inclinatio,
3056 4812 3386 4885 symbolum
3412 4819 3621 4869 etnota

1971 4915 2059 4966 est
2080 4909 2282 4980 lapsus
2322 4922 2423 4978 per
2445 4907 2680 4976 peccata
2706 4902 2910 4957 nostri.
2953 4902 3114 4966 Quod
3144 4919 3277 4958 vero
3303 4904 3396 4958 die
3422 4905 3619 4958 Domi-

1972 5000 2102 5055 nico
2134 5012 2325 5069 genua
2356 4992 2872 5059 noninﬂectimus,
2904 4992 3140 5064 signum
3166 4997 3256 5048 est
3278 4992 3618 5064 etdesigna-

1971 5089 2052 5144 tio
2084 5083 2552 5147 resurrectionis,
2597 5098 2699 5152 per
2744 5098 2919 5153 quam
2974 5081 3165 5153 gratia
3210 5080 3449 5152 Christi,
3499 5088 3554 5137 et
3585 5102 3618 5138 a

1970 5175 2247 5250 peccatis,
2273 5178 2332 5228 et
2366 5189 2399 5227 a
2422 5171 2773 5227 mortiﬁcata
2794 5169 2851 5224 in
2878 5170 2963 5226 eis
2988 5176 3174 5226 morte
3202 5170 3428 5227 liberati
3454 5189 3617 5227 sum-

1972 5283 2126 5321 mus.
2164 5265 2222 5319 In
2250 5262 2589 5317 Pentecoste
2624 5276 2816 5331 genua
2866 5275 2981 5315 non
3037 5260 3415 5328 inﬂectimus,
3470 5278 3615 5333 quo-

1969 5355 2127 5412 niam
2169 5353 2293 5425 pari
2316 5356 2405 5406 est
2427 5366 2561 5406 cum
2593 5349 2687 5404 die
2710 5348 3016 5405 Dominico
3071 5352 3383 5420 potestate,
3436 5350 3607 5419 juxta

1966 5461 2095 5502 eam
2128 5459 2257 5515 quae
2287 5441 2359 5496 de
2390 5439 2491 5495 illa
2519 5442 2608 5494 est
2640 5438 2799 5493 dicta
2832 5454 3097 5494 causam.
3137 5460 3165 5488 ››

2037 5535 2105 5589 Et
2120 5529 2470 5605 profundius
2487 5528 2583 5583 hic
2607 5527 2800 5582 adhuc
2824 5528 3168 5599 mysterium
3186 5526 3501 5597 investigat
3517 5527 3620 5581 Ba-

1964 5625 2155 5691 silius,
2188 5622 2394 5677 1033
2452 5619 2598 5674 libro
2657 5618 2737 5672 De
2797 5618 3017 5688 Spiritu
3075 5620 3299 5682 sancto,
3334 5631 3459 5683 cap.
3495 5615 3611 5666 27:

1964 5718 2281 5789 Ἀναγκαῖον
2317 5708 2407 5763 οὖν
2438 5708 2533 5768 τάς
2567 5705 2616 5760 ἐν
2665 5705 2800 5777 αὐτῇ
2847 5706 3154 5778 προσευχὰς
3187 5704 3419 5761 ἑστῶτας
3471 5700 3607 5753 ἁπο-
