3902 6170
474 329 574 385 451

1192 327 1702 385 ONOMASTICON
1739 326 1993 383 RBRUM
2028 323 2107 381 B1

2222 324 2558 382 KRBORUM
2592 324 3158 384 DIFFICILIORUM.
3699 337 3784 391 452

471 450 719 523 πληροῦν
736 448 2119 527 τοὸςὲαυτῆςτροφίμουςὴἘκκλεσίαπαιδεύει,ἳνα
2149 450 2202 517 Α
2233 452 2412 505 doxos
2447 468 2460 505 :
2494 450 2589 505 Ἐκ
2606 452 2716 503 τῶν
2755 447 3169 505 Ἀποστολικῶν
3203 448 3261 523 γὲ
3300 451 3498 523 χρόνων
3534 454 3565 521 ἢ
3603 459 3783 527 τοιαύτη

468 547 535 609 τῆ
561 546 781 616 συνεχεῖ
816 540 1121 611 ὑπομνήσει
1144 544 1243 607 τῆς
1288 538 1648 609 ἀτελευτήτου
1676 542 1818 608 ζωῆς
1846 544 1952 594 τῶν
1986 540 2124 613 πρὸς

468 630 566 697 τήν
601 631 920 701 μετάστασιν
940 625 1150 696 ἐκείνην
1175 625 1398 703 ὲροδίων
1428 628 1502 700 μή
1528 628 1842 700 ἀμελῶμεν.
1870 627 2122 681 Καί-πᾶσα

471 714 573 787 δὲὴ
600 716 1083 787 Ιῐεντηκοστή,τῆς
1104 714 1155 769 ἐν
1178 720 1259 787 τῷ
1284 714 1437 770 αῗῶνι
1460 715 1944 789 προσδοκωμένης
1966 717 2122 770 ἀνασ-

466 807 671 868 τάσεώς
712 806 853 860 ἐστιν
893 806 1217 877 ὑπόμνημα·
1250 806 1283 873 ἡ
1316 806 1420 879 γὰρ
1466 803 1563 877 μία
1595 803 1767 874 ἐκείνη
1796 804 1886 859 καί
1928 806 2116 879 πρώτη

478 894 662 969 ἡμέρα
709 891 930 954 ἑπτάκις
982 892 1531 961 ἑπταπλασιασθεῖσα,
1554 893 1649 954 τὰς
1682 893 1817 947 ἑπτὰ
1842 897 1943 962 τῆς
1975 895 2122 967 ἱερᾶς

468 989 847 1053 Πεντηκοστῆς
868 978 1199 1055 ἑϐδομάδαςι
1220 981 1938 1058 ἀποτελεῖ.Έκπρώτηςγάρ
1958 983 2122 1056 ἀρχο-

475 1070 605 1144 μένη
632 1071 706 1132 εἰς
726 1072 824 1138 τὴν
840 1069 1019 1145 ἀρχὴν
1039 1069 1441 1145 καταλήγει,ὃι’
1465 1071 1789 1143 ὁμοίωντῶν
1810 1070 1861 1125 ὲν
1877 1076 1956 1143 τῷ
1973 1071 2120 1143 μέσῳ

467 1161 850 1233 ἐξελιττομὲνη
876 1159 1317 1231 πεντηκοντάκεςυ
1344 1158 1427 1215 διὸ
1458 1161 1544 1214 καὶ
1578 1160 1748 1214 αἶ’ῶνα
1772 1167 2017 1232 μιμεῖται
2050 1168 2116 1229 τῆ

469 1249 781 1323 ὁμοιότητι,
807 1246 984 1323 ὥσπερ
1002 1248 1052 1302 ἐν
1075 1248 1310 1323 κυκλικῇ
1333 1246 1679 1318 κινησει,ἁπὸ
1696 1252 1801 1303 τῶν
1826 1250 2002 1304 αὐτῶν
2021 1248 2118 1323 ἀρ-

467 1340 682 1412 χομένη
709 1359 772 1408 cr,
786 1338 974 1410 μείων,
1003 1338 1091 1391 καὶ
1124 1337 1199 1399 εἰς
1221 1339 1287 1393 τὰ
1308 1337 1441 1392 αὑτὰ
1462 1336 1865 1414 καταλήγουσα.
1894 1341 1978 1392 Ἐν
2000 1339 2116 1409 ᾗτὸ

466 1422 650 1496 ὄρθιον
678 1431 873 1499 σχῆμα
904 1427 1005 1493 τῆς
1037 1426 1356 1498 προσευχῆς
1388 1430 1661 1498 προτιμᾷν
1703 1422 1753 1478 οἱ
1784 1425 1976 1497 Θεσμοὶ
2015 1431 2115 1493 τῆς

464 1513 665 1583 Ἐκκλη
677 1514 793 1574 σίας
810 1516 844 1582 ἡ
858 1517 958 1585 μᾶς
979 1512 1374 1585 ἐξεπαίδευσαν,
1398 1513 1455 1568 ἐκ
1469 1519 1536 1582 τῆ
1549 1533 1571 1575 ς
1592 1512 1853 1587 ἐναργοῦς
1872 1515 2116 1587 ὑπομνή-

462 1603 788 1669 σεως,οἱονεὶ
808 1602 1211 1674 μετοικίζοντεέ⁵
1233 1604 1393 1676 ἡμῶν
1407 1604 1500 1657 τὸν
1518 1606 1641 1657 νοῦν
1661 1603 1767 1658 ἀπὸ
1781 1608 1890 1657 τῶν
1913 1604 2112 1679 παρόν-

457 1710 566 1745 των
598 1691 685 1745 ἐπί
706 1692 769 1745 τὰ
804 1690 1102 1762 μέλλοντα.
1140 1691 1241 1747 Καὶ
1270 1693 1390 1745 καθ’
1420 1693 1649 1761 ἑκάστην
1679 1690 1736 1746 δί
1764 1692 2114 1767 γονυκλισίαν

2235 540 2493 607 συνήθεια
2513 532 2676 592 ἔλαϐε
2703 538 2803 605 τὴν
2824 537 3028 612 ἀρχὴν,
3051 535 3229 598 καθὼς
3255 557 3406 614 φησιν
3427 539 3452 593 ὁ
3475 545 3705 616 μακάριος
3722 549 3789 601 Et-

2235 630 2460 699 ρηναῖος
2483 627 2510 680 ὁ
2536 626 2740 701 μάρτυς
2766 625 2855 679 καὶ
2880 622 3173 689 ἐπίσκοπος
3192 624 3527 700 Λουγδούνου,
3549 630 3592 683 ὲν
3610 636 3678 703 τῷ
3694 637 3788 709 περὶ

2231 718 2333 769 τοῦ
2355 714 2545 790 Πάσχα
2565 714 2759 788 λόγῳε
2790 719 2887 771 «Α
2926 717 3283 788 temporibus
3330 723 3505 773 autem
3551 724 3790 791 apostolo-

2234 821 2361 860 rum
2393 804 2757 861 consuetudo
2778 805 2915 861 talis
2953 806 3178 877 accepit
3207 805 3450 871 initium,
3480 815 3628 876 prout
3653 815 3699 863 et
3721 813 3793 866 be-

2232 902 2362 949 atus
2412 895 2671 964 Ireneus,
2724 900 2946 964 martyr
2988 900 3044 951 et
3073 895 3375 967 episcopus
3425 896 3789 967 Lugdunensis,

2232 983 2290 1037 in
2324 984 2574 1054 librofde
2605 985 2911 1039 Paschate.
2949 1004 2978 1033 η

2303 1070 2463 1139 Quod
2489 1086 2620 1128 vero
2639 1070 2876 1139 Paulus,
2898 1077 3021 1127 Act.
3037 1086 3133 1139 xx,
3148 1072 3352 1144 legitur
3372 1073 3573 1143 positas
3594 1075 3794 1144 genibus

2231 1175 2429 1217 orasse
2465 1166 2729 1233 tempore
2765 1162 2918 1216 inter
2946 1163 3169 1217 Pascha
3184 1168 3241 1216 et
3262 1165 3633 1229 Pentecosten,
3660 1163 3795 1217 Baro-

2230 1251 2385 1319 nius,
2416 1256 2573 1306 torno
2595 1256 2800 1320 I,anno
2826 1250 3418 1315 Cbristi58,exstimat
3440 1251 3671 1305 nondum
3690 1256 3797 1305 tunc

2227 1337 2549 1395 invaluisse
2566 1353 2694 1395 eam
2711 1342 2783 1396 de
2798 1340 3086 1412 geniculis
3104 1354 3220 1395 non
3242 1340 3505 1395 adorandi
3518 1352 3577 1395 eo
3588 1344 3797 1410 tempore

2229 1430 2738 1495 consuetudinem,
2762 1426 2862 1483 sed
2889 1427 3064 1500 paulo
3105 1432 3258 1498 post.
3304 1427 3537 1483 Lorinus
3564 1432 3732 1483 noster
3754 1430 3797 1482 in

2228 1534 2362 1574 eum
2397 1518 2589 1573 locum
2624 1517 2705 1572 nil
2752 1519 2955 1573 obtare
2982 1514 3276 1573 existimat
3320 1517 3528 1572 dictum
3558 1532 3618 1571 eo
3653 1517 3793 1571 etiam

2226 1612 2487 1679 tempore
2518 1608 2694 1663 ritum
2721 1608 2847 1677 jam
2882 1610 3178 1679 receptum
3222 1606 3420 1675 fuisse,
3458 1613 3801 1660 verumtamen

2225 1696 2281 1751 in
2308 1696 2560 1767 publicis
2591 1694 3076 1767 solemnibusque
3107 1695 3457 1768 precipibus,
3489 1694 3673 1765 quales
3710 1711 3799 1749 non

463 1782 553 1835 καί
571 1779 915 1835 διανάστασιν
936 1778 1087 1855 ἕρχῳ
1111 1779 1503 1854 δείκνυμεθ,’ὀτι
1522 1780 1609 1835 διὰ
1627 1786 1727 1851 τῆς
1751 1784 2016 1857 ἁμαρτίας
2034 1782 2107 1844 εἰς

2223 1785 2498 1841 videntur
2527 1786 2708 1841 fuisse
2739 1799 2867 1856 quae
2901 1786 3039 1840 fusae
3069 1785 3129 1839 in
3164 1784 3356 1839 littore
3383 1784 3529 1855 Tyri.

458 1872 557 1944 γῆν
574 1869 839 1946 κατερρύη
854 1890 947 1941 μεν
970 1872 1057 1924 καί
1077 1867 1275 1939 eam
1290 1868 1705 1945 φιλανθρωπίας
1716 1873 1814 1926 τοῦ
1826 1870 2107 1932 κτίσαντος

459 1960 492 2026 ἡ
506 1957 713 2030 μᾶς,εἰς
731 1957 951 2032 οὐρανὸν
971 1956 1245 2029 ἀνεκλήθη
1258 1958 1829 2031 μιν.‹‹Νεσοεεατίοω
1854 1962 2106 2034 igiturin

459 2050 565 2105 hoc
589 2049 681 2105 die
728 2048 986 2104 Ecclesia
1008 2062 1147 2105 suos
1170 2050 1442 2106 alumnos
1472 2050 1642 2107 docet
1665 2053 1891 2107 stanter
1909 2052 2107 2107 absols

453 2154 587 2193 vere
620 2130 823 2210 preces
845 2150 1009 2205 suas,
1034 2138 1099 2193 ut
1120 2138 1362 2195 assidua
1383 2140 1844 2195 oommonitione
1878 2141 2007 2195 vitae
2038 2140 2107 2194 il-

454 2227 572 2282 lius
597 2242 901 2297 nunquam
926 2224 1221 2297 desiturae,
1242 2242 1356 2283 non
1384 2228 1753 2300 negligamus
1776 2224 1844 2284 ad
1871 2242 1999 2285 eam
2015 2230 2107 2284 de-

458 2315 869 2387 migrationem
886 2329 1091 2386 parare
1106 2317 1562 2380 viaticum.0uin
1591 2321 1648 2373 et
1671 2323 1855 2374 totum
1872 2324 1984 2373 tem
1999 2334 2104 2389 pus

459 2420 646 2476 usque
663 2406 732 2459 ad
750 2407 1151 2460 Pentecostem
1165 2406 1419 2475 ,admoni
1433 2407 1507 2461 tio
1528 2411 1616 2462 est
1633 2407 2101 2473 resurrectionis,

458 2510 637 2565 quam
661 2494 719 2549 in
742 2494 842 2549 illo
868 2494 1079 2550 saeculo
1102 2496 1531 2566 exspectamus;
1555 2494 1710 2567 gnam
1750 2510 1904 2551 unus
1925 2496 2023 2551 ille
2049 2504 2106 2552 et

454 2584 687 2654 primus
708 2584 831 2638 dies
854 2585 1068 2655 septies
1083 2583 1759 2656 multiplicatus,septem
1776 2590 2104 2641 sacramen-

452 2677 702 2729 tecostes
724 2673 1127 2729 hebdomadas
1153 2674 1417 2730 absolvit.
1462 2678 1507 2729 Α
1548 2675 1739 2746 primo
1762 2676 1919 2731 enim
1959 2675 2102 2731 inci-

452 2762 621 2834 piens
645 2766 701 2818 in
727 2762 1078 2834 principium
1103 2763 1450 2836 desinit,per
1472 2764 1693 2820 similes
1717 2765 1815 2836 qui
1837 2764 1894 2819 in
1910 2766 2102 2820 medio

456 2852 827 2906 intercedunt
841 2852 963 2906 dies
982 2852 1374 2925 quinquagies
1389 2853 2104 2909 evolutus.Undeetaater-

456 2939 703 2994 nitatem
726 2939 1116 2997 similitudine
1153 2942 1347 3009 refert,
1372 2943 1513 2997 dum
1533 2942 1693 2998 velut
1716 2944 1775 2998 in
1797 2948 1958 2997 motu
1983 2943 2099 2998 cir-

459 3025 642 3082 oulari
675 3026 886 3082 iisdem
908 3041 1079 3083 orsus
1101 3027 1288 3100 signis
1318 3029 1380 3083 in
1412 3030 1616 3085 eadem
1639 3029 1873 3085 desinit.
1900 3031 1962 3085 In
1987 3046 2102 3102 quo

458 3117 715 3187 corporis
760 3121 949 3172 erecto
982 3117 1187 3172 habitu
1224 3119 1446 3190 precari
1480 3118 1672 3189 potius
1694 3132 1802 3174 nos
1833 3116 2104 3175 Ecclesia

458 3206 610 3261 ritus
631 3206 975 3274 docuerunt,
997 3202 1279 3261 nimirum
1306 3220 1408 3278 per
1436 3206 1756 3263 evidentem
1783 3220 2102 3263 commoni-

457 3295 679 3350 tionem
704 3295 873 3366 quasi
900 3296 1321 3353 transferentes
1341 3299 1594 3351 mentem
1619 3302 1878 3353 nostram
1903 3312 1935 3352 a
1958 3312 2102 3368 pra:-

457 3385 722 3439 sentibus
750 3385 822 3439 ad
846 3385 1062 3439 futura.
1089 3385 1335 3457 Insuper
1357 3386 1413 3441 et
1439 3387 1672 3456 quoties
1694 3398 1887 3458 genua
1913 3386 2102 3441 ﬂecti-

456 3478 895 3542 mus,etrursus
918 3474 1367 3544 eregimur,ipso
1388 3474 1536 3529 facto
1551 3475 1922 3531 ostendimus
1945 3477 2100 3546 quod

457 3560 529 3614 ob
554 3564 857 3630 peccatum
884 3559 941 3614 in
966 3565 1181 3615 terram
1208 3556 1433 3631 delapsi
1456 3576 1685 3630 sumus,
1707 3567 1764 3617 et
1782 3574 1883 3633 per
1904 3564 2105 3619 huma-

455 3647 701 3702 nitatem
724 3649 852 3716 ejus
872 3649 970 3719 qui
995 3649 1213 3704 creavit
1231 3662 1357 3717 nos,
1382 3649 1441 3703 in
1466 3649 1675 3705 omium
1714 3652 1965 3707 revocati
1999 3666 2102 3707 su-

456 3752 610 3790 mus.
638 3758 665 3785 ››
689 3738 822 3799 Quae
843 3738 1045 3792 eadem
1070 3738 1316 3809 repetita
1337 3737 1520 3794 habes
1547 3739 1699 3809 apud
1720 3740 2102 3797 Anastaslum

453 3823 995 3890 Nicaenum,0ua3st.
1024 3825 1080 3879 in
1105 3838 1333 3880 sacram
1357 3826 1739 3898 Scripturam,
1764 3840 1819 3899 q.
1845 3830 1904 3883 91
1922 3869 1935 3881 .
1961 3829 2102 3884 Ger-

452 3929 662 3967 manus
686 3915 1017 3983 patriarcha
1037 3914 1507 3987 Constantinop,
1532 3916 1591 3972 in
1616 3917 1866 3974 Theoria
1901 3931 2096 3975 rerum

454 4000 997 4058 Ecclesiasticarum
1021 4002 1131 4059 τΤὸ
1155 4004 1229 4075 μὴ
1264 4002 1469 4057 κλίνειν
1498 4004 1626 4077 γόντ
1654 4008 1722 4078 τῇ
1752 4006 2101 4079 ἀναστασίμῳ

449 4090 743 4161 ἡμέρατῆς
756 4090 911 4160 ἁγίας
928 4094 1206 4164 Κυριακῆς
1222 4111 1286 4160 ση
1300 4093 1469 4164 μαίνει
1482 4100 1581 4163 τῆν
1598 4094 2103 4163 τῆςκαταπτώσεως

448 4180 611 4251 ἡμῶν
631 4178 932 4253 ἀνόρθωσιν
951 4182 1251 4255 γενομένην
1273 4178 1361 4235 διὰ
1379 4188 1481 4250 τῆς
1505 4200 1626 4257 τριη
1641 4184 1808 4255 μέρου
1823 4189 1920 4238 τοῦ
1936 4186 2105 4260 Χρισ-

449 4272 546 4321 τοῦ
595 4266 947 4331 ἀναστάσεως.
1000 4268 1062 4323 τὸ
1101 4266 1157 4323 δὲ
1209 4266 1373 4345 μέχρι
1426 4274 1525 4339 τῆς
1587 4277 1964 4342 Πεντγ,κοστῆς
2026 4275 2101 4345 μὴ

449 4355 655 4411 κλίνειν
706 4357 858 4431 γόνυ,
910 4356 1021 4413 ἔστι
1068 4358 1165 4421 τὰς
1214 4359 1347 4413 ἑπτὰ
1402 4350 1610 4433 ἡμέρας
1665 4361 1797 4434 μετά
1826 4361 1889 4415 τὸ
1948 4361 2101 4437 ἃγιον

452 4447 646 4518 Πάσχα
697 4444 1150 4519 ἱπταπλουμὲνας
1202 4454 1417 4523 κρατεῖν
1466 4452 1534 4522 τῇ
1587 4446 1977 4523 διακινησίμῳ·
2039 4453 2102 4506 τὸ

2286 1878 2471 1939 Quam
2503 1874 2691 1929 sancti
2724 1874 2966 1945 quidam
3007 1873 3468 1942 genuﬂexionem
3514 1873 3799 1941 frequenta-

2217 1966 2353 2029 rint,
2386 1968 2623 2019 constar
2651 1963 2741 2018 vel
2772 1977 2840 2017 ex
2870 1958 3089 2018 tabulis
3118 1963 3428 2031 excavatis,
3460 1960 3543 2016 vel
3572 1976 3633 2015 ex
3660 1974 3803 2031 genu-

2212 2054 2324 2107 bus
2348 2052 2659 2108 induratis.
2688 2052 2768 2107 De
2796 2047 3001 2107 tabula
3021 2064 3091 2107 ex
3110 2050 3533 2121 geniculatione
3554 2052 3799 2112 excavata,

2214 2143 2394 2197 habes
2438 2142 2593 2212 apud
2634 2142 2925 2196 Joannem
2974 2139 3306 2206 Moschum,
3340 2140 3484 2211 prati
3527 2135 3801 2209 spiritualis

2212 2233 2402 2302 capite
2430 2232 2554 2285 485.
2609 2230 2689 2285 De
2733 2226 2921 2285 sancti
2979 2229 3185 2285 Jacobi
3245 2230 3510 2300 genubua
3561 2224 3801 2281 induratis

2210 2320 2623 2391 Hieronymus,
2656 2319 2736 2373 De
2766 2319 2907 2373 viris
2957 2317 3167 2387 illust.,
3202 2332 3331 2389 cap.
3362 2319 3398 2370 2
3430 2331 3444 2371 :
3475 2338 3502 2365 ι(
3535 2313 3703 2370 Flexis
3726 2326 3801 2381 ge-

2212 2407 2388 2464 nibus
2420 2422 2521 2479 pro
2555 2408 2769 2479 populo
2801 2408 3253 2479 deprecabatur,
3286 2404 3346 2461 in
3378 2411 3616 2473 tantum,
3646 2406 3701 2456 ut
3724 2415 3801 2454 oa-

2212 2496 2495 2552 melorum
2529 2497 2803 2552 duritiem
2844 2497 3093 2551 traxisse
3137 2497 3271 2567 ejus
3316 2509 3501 2568 genua
3546 2492 3804 2547 crederen-

2210 2594 2322 2643 tur.
2359 2609 2387 2636 »
2421 2587 2601 2654 Idem,
2634 2586 2807 2657 epist.
2844 2587 2930 2650 15,
2964 2586 3035 2641 ad
3068 2584 3431 2651 Marcellam,
3484 2590 3554 2638 ne
3578 2580 3806 2635 laudibus

2208 2677 2413 2731 Asella:
2444 2690 2455 2731 :
2491 2698 2519 2726 ‹‹
2551 2678 2730 2746 Cujus
2760 2675 2948 2731 oculis
2991 2672 3247 2731 durities
3281 2675 3353 2730 de
3385 2673 3621 2746 genibus
3648 2683 3803 2725 camu-

2208 2765 2399 2821 lorum
2445 2765 2503 2819 in
2554 2764 2655 2820 illo
2703 2769 2907 2820 sancto
2962 2763 3321 2836 corpusculo
3354 2777 3466 2834 praa
3510 2758 3693 2816 orandi
3720 2755 3807 2809 fre-

2209 2856 2448 2926 quentia
2475 2854 2829 2910 obcaliuisse
2860 2858 3169 2925 perspecta
3200 2858 3312 2909 est.
3349 2873 3378 2901 ι»

2278 2944 2595 2999 ϐουτΑιιῐΑ.
2626 2940 2867 2997 Palladii
2897 2942 3198 3010 Lausiaca,
3223 2957 3295 2998 ex
3315 2940 3492 2996 veteri
3514 2938 3804 3007 interprete,

2208 3030 2399 3104 cap.9,
2438 3033 2509 3087 de
2534 3032 2784 3088 Macario
2805 3029 3218 3087 Alexandrino:
3243 3030 3578 3085 «Aliusvero
3593 3021 3807 3095 grutaria

2212 3122 2540 3176 vendens.»
2581 3119 2933 3187 Heraclides,
2957 3134 3085 3190 cap.
3125 3119 3182 3188 6,
3227 3116 3808 3189 simpliciternnegm

2133 3174 2175 3239 C
2213 3174 2389 3264 tiator
2410 3174 2550 3264 erat.
2580 3229 2608 3258 »
2633 3206 2739 3263 Ubi
2763 3174 2961 3263 tamen
2977 3174 3391 3263 Msaaddunt:
3415 3228 3442 3255 ‹‹
3465 3204 3560 3275 qui
3582 3174 3808 3273 pomavel

2217 3298 2536 3369 legumina,
2558 3312 2858 3367 nucesque
2879 3296 3189 3353 vendebat.
3207 3316 3234 3346 η
3255 3294 3552 3351 Palladius
3583 3306 3647 3345 ex
3662 3288 3807 3342 inter-

2208 3385 2528 3458 pretatione
2550 3383 2800 3456 Herveti,
2828 3405 2855 3436 ε(
2880 3386 2981 3456 qui
3001 3385 3296 3441 vendebat
3315 3382 3576 3439 bellaria.
3609 3399 3635 3427 »
3656 3378 3811 3432 Graece

2207 3480 2314 3544 est,
2345 3475 2519 3548 τραγή
2533 3493 2692 3545 ματα.
2732 3475 2898 3529 Forte
2920 3474 3070 3529 alius
3093 3478 3294 3529 textus
3319 3469 3605 3532 habuerit,
3621 3459 3813 3537 γροῦττα

2206 3563 2295 3619 vel
2325 3564 2681 3636 Tpﬁtamnde
2698 3567 2863 3617 vetus
2880 3563 3236 3632 interpretes
3259 3554 3736 3628 Palladiigrutun'a
3754 3550 3814 3601 ie-

2208 3653 2371 3708 cerit.
2390 3652 2549 3707 Facit
2564 3652 2678 3706 huc
2692 3653 2846 3722 quod
2873 3650 3091 3706 habent
3109 3650 3336 3706 Glosse
3361 3642 3781 3705 Greecobarbarae
3803 3650 3813 3685 :

2210 3738 2557 3814 ’Λναγηστὶς,
2570 3740 2806 3811 μάζα,ση
2819 3733 3658 3811 μηὸία,γροῦτα,παννάδα.Ιιεῐι]
3677 3747 3689 3783 :
3708 3722 3817 3781 Ἰδέα

2209 3848 2275 3897 ση
2287 3825 2558 3898 mdia:ch
2579 3826 2836 3901 γρούτας.
2854 3827 3100 3882 Lexicon
3126 3828 3588 3899 Latinogrmcum
3611 3838 3624 3876 :
3644 3820 3814 3874 Cruda

2207 3921 2395 3992 γρῦτα.
2422 3920 2485 3972 In
2528 3918 2736 3973 Lexico
2778 3916 3162 3972 Graecolatino
3184 3917 3396 3982 habes,
3426 3910 3621 3986 Γρΰτη-
3648 3912 3817 3998 iam“:

2209 4008 2329 4069 Quo
2371 4007 2525 4075 iacit,
2574 4006 2730 4077 quod
2782 4005 2957 4061 habet
2998 4004 3415 4075 Hesychiuain
3438 3994 3819 4077 Γρυμναίᾳ,ειω

2208 4093 2379 4149 λεπτὰ
2411 4076 2665 4148 σκευάσια
2696 4095 2776 4150 ait
2804 4090 3005 4167 γρύτην
3040 4093 3219 4161 dicta,
3251 4094 3413 4165 apud
3447 4105 3618 4163 quem
3640 4090 3689 4141 et
3712 4076 3818 4152 Γρὺο

2207 4204 2317 4253 ται,
2351 4182 2538 4253 σκεύη.
2574 4184 2736 4252 Item,
2769 4180 3109 4256 Γρυτεύεται,
3140 4179 3630 4255 παρασκευάζεται.

2284 4280 2632 4329 HEBDOMON.
2664 4275 2789 4330 Vide
2820 4273 3145 4328 SEPTIMUM.

2280 4364 2740 4418 HEBDOMADARII.
2782 4362 2917 4418 Vide
2957 4363 3409 4417 SEPTIMANARII.

2278 4450 3404 4521 HampaoamM.Palladius,cap.119,de
3421 4436 3826 4513 Melaniajunio-

458 4533 701 4594 ἑπτόαπς
734 4535 887 4603 ἑπτὰ,
912 4536 1481 4611 τεσσαρακονταεννὲα,
1526 4538 1614 4591 καὶ
1647 4541 1681 4606 ἡ
1716 4540 1953 4613 Κυριακή
1976 4560 2107 4594 πεν-

2222 4557 2295 4606 re,
2318 4558 2385 4596 ex
2401 4540 2882 4611 interpretatione
2902 4540 3161 4595 Herveti:
3184 4560 3208 4591 α
3225 4539 3448 4595 Omnia
3460 4555 3568 4593 sua
3580 4534 3826 4591 sericasu-

451 4622 711 4689 τήκοντα.
749 4645 774 4675 ιι
806 4625 971 4680 Geuu
1002 4642 1117 4682 non
1146 4627 1378 4683 ﬂectere
1428 4633 1631 4683 sancto
1677 4629 1771 4683 die
1802 4630 2102 4685 Dominico

454 4711 955 4779 ressurrectionis,
988 4715 1294 4786 significat
1323 4716 1599 4788 lapsuum
1634 4722 1955 4773 nostrorum
1976 4734 2102 4774 ere-

452 4797 703 4853 ctionem
734 4800 947 4855 factam
981 4815 1081 4872 per
1112 4803 1451 4859 triduauam
1483 4805 1698 4861 Christi
1730 4806 2106 4862 ressurectio-

454 4904 611 4941 nem.
644 4887 771 4943 Non
805 4888 1036 4946 ﬂectere
1065 4907 1216 4963 genu
1249 4895 1320 4948 ad
1353 4899 1733 4950 Pentecosten
1769 4911 1979 4967 usque,
2017 4901 2107 4951 est

452 4981 680 5046 septem
705 4978 828 5032 dies
854 4984 1275 5050 postsanctum
1303 4982 1531 5037 Pascha
1560 4984 1619 5037 in
1647 4988 1866 5055 septem
1905 4984 2105 5040 multi-

449 5064 697 5136 plicatos
721 5068 1008 5123 contineri
1032 5069 1125 5124 die
1154 5070 1547 5127 Pentecostes.
1566 5072 1713 5129 Nam
1736 5074 1948 5144 septies
1972 5090 2103 5146 sep-

448 5159 567 5209 tem
596 5158 989 5229 quadraginta
1012 5175 1240 5222 novem,
1274 5166 1332 5216 et
1358 5162 1658 5217 Dominico
1700 5163 1899 5219 addito
1929 5166 2105 5235 quin-

450 5245 757 5314 quaginta.
784 5268 811 5298 »
837 5247 982 5303 Vide
1003 5253 1059 5303 et
1075 5248 1265 5303 Ofﬁcii
1283 5249 1629 5306 ecclesiatici
1648 5252 1983 5323 scriptores,
2006 5253 2107 5309 Isi-

454 5332 688 5403 dorum,
728 5336 833 5393 lib.
860 5340 1092 5406 IOl‘fic.,
1124 5354 1250 5410 cap.
1283 5341 1381 5405 33;
1416 5341 1791 5412 Rhabanum,
1821 5341 1924 5397 lib.
1959 5358 2000 5397 ιι
2026 5350 2107 5399 De

445 5418 710 5479 institut.
750 5426 969 5493 cleric.,
1006 5442 1135 5498 cap.
1162 5428 1230 5482 44
1252 5432 1309 5484 et
1330 5428 1477 5485 alios
1502 5446 1516 5497 ;
1538 5431 1676 5486 item
1696 5431 2105 5489 Turrecrema‘

448 5516 596 5580 tam,
629 5513 688 5569 in
724 5515 915 5571 locum
951 5518 1174 5572 Decreti
1209 5532 1390 5589 supra
1411 5520 1679 5576 citatum.

521 5603 696 5675 Origo
737 5604 921 5675 hujus
954 5606 1034 5661 rei
1069 5621 1171 5661 seu
1195 5608 1542 5665 mutationis
1568 5609 1636 5665 ad
1671 5609 1993 5680 apostolica
2017 5628 2107 5667 re-

449 5694 637 5749 fertur
680 5699 949 5767 tempora
998 5696 1151 5766 apud
1183 5695 1514 5769 Justinum,
1545 5715 1601 5769 q.
1632 5697 1756 5765 115,
1789 5699 1862 5754 ad
1895 5696 2102 5756 Ortho-

2216 4629 2645 4700 perhumeraiia
2665 4632 3008 4699 tegumenta
3024 4628 3184 4683 dedit
3200 4628 3522 4683 altaribus.
3542 4646 3569 4674 υ
3586 4623 3647 4677 In
3668 4619 3826 4674 Greco

2215 4724 2331 4775 est:
2353 4716 2530 4771 Πάντα
2560 4716 2732 4783 αὐτῆς
2759 4715 2825 4769 τὰ
2847 4715 3044 4789 σηρικᾶ
3072 4714 3357 4792 ἡμιφόρια
3380 4712 3710 4784 καλύμματα
3738 4704 3826 4797 τοῖς

2214 4803 2622 4880 θυσιαστηρίοις
2652 4801 2987 4879 ἐδωρήσατο.
3031 4828 3059 4854 ‹‹
3100 4806 3322 4861 Omnia
3344 4821 3453 4861 sua
3477 4802 3655 4859 serica
3674 4797 3826 4849 hemi-

2216 4898 2420 4968 phoria
2434 4894 2689 4951 amicula
2708 4894 2995 4951 altaribus
3021 4895 3182 4950 dedit
3205 4917 3229 4943 ι
3262 4890 3634 4966 Epiphanius
3660 4885 3826 4968 contra

2212 4967 2628 5052 Ariomanitas,
2653 4984 2725 5039 de
2746 4984 2920 5039 Ario:
2952 4981 3288 5057 Ὴμιφόριον
3324 4979 3410 5035 ἀεί
3439 4978 3529 5034 καί
3558 4967 3826 5031 κολοδίωνπ

2214 5071 2687 5145 ἐνδιδυσκόμενος,
2709 5068 2915 5144 γλυκὺς
2938 5069 3004 5138 ἦν
3032 5073 3102 5143 τῇ
3133 5068 3509 5146 προσηγορίᾳ.
3534 5090 3562 5118 κ
3583 5063 3740 5122 Arius
3754 5058 3826 5112 he'

2218 5165 2590 5235 miphoreum
2614 5167 2673 5217 et
2694 5161 2987 5216 colobium
3010 5161 3353 5229 indutus,in
3381 5148 3826 5241 colloquiisblau‘

2217 5256 2330 5309 dua
2350 5257 2535 5309 erat.»
2563 5250 2844 5322 Hesychia
2864 5245 3192 5325 ἡμιφάριον,
3212 5245 3249 5316 ἤ
3272 5268 3408 5321 μισυ
3426 5244 3665 5318 ἱματίου,
3681 5240 3826 5295 hemi-

2214 5339 2828 5412 pharium,dimidium
2842 5333 3662 5409 vam,seu,dimidiutavcuis.
3685 5326 3826 5381 Vide-

2216 5437 2314 5487 tur
2326 5431 2606 5486 Hervetus
2622 5429 2681 5483 in
2698 5426 2955 5484 Palladio
2973 5424 3743 5500 legissedipopéptawertens

2214 5517 2766 5593 perhumeraliaﬁed
2779 5515 3333 5587 cumhemz'phorium
3348 5514 3527 5570 fuerit
3546 5514 3756 5593 tantum
3767 5503 3793 5555 ἀ
3804 5503 3826 5550 ἰ·

2218 5591 2461 5663 midiata
2488 5606 2688 5669 vestis,
2710 5605 2857 5660 forte
2886 5609 3115 5660 tantum
3133 5607 3318 5672 caput
3338 5608 3400 5657 et
3413 5598 3669 5674 palulum
3703 5591 3826 5647 ultra

2216 5699 2488 5754 humeros
2500 5694 2734 5751 texit.Et
2743 5710 2811 5750 eo
2825 5709 3001 5751 sensu
3012 5686 3432 5765 θιὶοωώμοφόρ
3441 5687 3632 5744 ιονάἰοί
3646 5681 3826 5757 posset.
