3996 6170
442 323 546 377 455

1147 321 1659 377 ONOMASTICON
1701 323 1959 377 RERUM
1994 322 2089 374 ET
2124 319 2527 374 VERBORUM
2563 317 3125 374 DIFFlClLIORUM.
3680 328 3771 383 456

442 445 543 501 lib.
573 462 626 501 v1
660 461 672 498 :
708 466 735 494 ‹‹
771 442 1060 499 Incentivo
1106 441 1380 498 extollitis
1429 442 1643 499 laudis.
1679 466 1708 494 «
1740 422 2081 516 Cyprianus,
2112 442 2168 508 Α
2200 442 2418 498 nostris
2448 440 2733 496 illustrari
2766 438 3213 511 mendaciis,qui
3248 442 3481 513 propriis
3501 445 3773 508 virtutibus

441 533 521 589 De
550 534 724 589 laude
758 530 1040 603 martyrii,
1074 531 1347 587 mercedes
1379 532 1704 589 iacentium.

510 625 794 678 Iacnoms.
828 621 1085 676 Joannes
1110 622 1538 689 Subdiaconus,
1568 622 1670 677 lib.
1721 639 1775 677 v1
1821 621 2083 676 Vitarum

446 717 682 768 Patrum
715 709 911 765 libello
955 727 996 776 ι,
1030 727 1194 766 num.
1234 712 1297 764 12
1332 728 1345 766 :
1381 734 1408 761 ‹‹
1439 711 1807 783 Πυοξΐτιιῐιιθε
1835 714 2002 766 erant
2032 710 2083 764 ei

439 802 639 867 vicini,
675 817 828 854 unus
850 800 1288 871 peregrinus,et
1308 818 1463 855 unus
1482 801 1761 856 inchoris.
1784 823 1811 850 »
1836 818 1867 854 a
1889 800 2083 855 Greco

438 887 712 963 ἐγχωρής.
747 889 890 943 Nam
914 887 1076 961 χώρα
1098 893 1187 944 est
1209 890 1389 960 regio,
1415 890 1569 945 unde
1592 887 1866 964 ἐγχωρὴς,
1892 888 1989 960 qui
2026 889 2083 941 in

442 979 675 1050 regione
707 994 814 1032 sua
845 993 1078 1047 semper
1101 982 1318 1041 manet,
1344 983 1400 1033 et
1420 979 1736 1051 opponitur
1758 977 2081 1050 peregrino.

439 1067 617 1121 Divus
651 1067 1012 1137 Ambrosius,
1036 1066 2081 1139 lib.vHexaemeron,cap.lli,encho-

436 1159 586 1214 rium
610 1163 808 1214 vocat:
836 1182 863 1207 ‹‹
897 1158 1024 1214 Alia
1053 1176 1286 1230 quoque
1317 1159 1509 1214 avium
1542 1176 1755 1232 genera
1787 1157 2083 1227 enchoria,

437 1266 568 1319 quae
599 1254 841 1303 manent
870 1248 929 1302 in
962 1247 1106 1303 locis
1131 1265 1390 1319 semper;
1445 1248 1558 1303 alia
1588 1248 1924 1313 adventitia,
1958 1264 2084 1318 quea

434 1337 652 1392 obeunt
685 1336 952 1408 regiones
984 1335 1151 1402 alias,
1177 1342 1232 1391 et
1265 1346 1491 1408 peracta
1545 1337 1736 1392 hieme
1786 1341 2087 1392 revertun-

436 1430 550 1482 tur.
579 1449 607 1475 κ
632 1426 727 1481 Sic
750 1423 1051 1498 ἐπιχώριον
1076 1426 1426 1481 vocabulum
1451 1426 1639 1482 Graeci.
1663 1431 1894 1491 vocant,
1927 1427 2083 1497 quod

438 1515 728 1571 familiare
751 1515 1107 1586 estalicujus
1127 1516 1381 1587 regionis
1403 1533 1504 1572 seu
1531 1515 1662 1572 loci.
1688 1516 1862 1571 Divus
1882 1516 2083 1570 Hiero-

437 1621 670 1677 nymus,
692 1605 861 1675 epist.
891 1605 1032 1659 14οε
1063 1628 1083 1653 ι
1114 1606 1217 1661 Pro
1238 1622 1305 1660 eo
1328 1606 1482 1676 quod
1508 1622 1614 1661 nos
1645 1604 2082 1675 transtulimus,

436 1695 696 1750 domibus
718 1694 1139 1765 eburneis,quia
1154 1694 1211 1748 in
1224 1698 1420 1749 Graeco
1438 1695 1726 1765 scriptum
1746 1692 1853 1747 ἀπὸ
1875 1692 2085 1767 βαρέων

438 1781 1071 1854 ἐλεφα·θτίνων,ῳιὶἀιιιιι
1095 1784 1430 1839 Latinorum
1455 1784 1526 1839 ob
1546 1783 1703 1838 verbi
1720 1783 2075 1854 ambiguita-
2110 1819 2158 1883 B

434 1880 613 1944 tem,a
629 1875 912 1945 gravibus,
932 1875 1293 1946 interpretati
1313 1880 1470 1942 sunt;
1488 1892 1621 1929 cum
1641 1872 1824 1947 βάρεις
1838 1873 2079 1929 verbum

440 1966 517 2022 sit
537 1964 901 2035 epichorium
924 1964 1268 2030 Palaestinae,
1302 1969 1359 2019 et
1375 1980 1555 2034 usque
1576 1964 1984 2033 hodie,domus
2013 1979 2082 2018 ex

434 2055 595 2111 omni
615 2059 777 2125 parte
793 2052 1165 2120 conclusae,et
1180 2052 1237 2107 in
1256 2055 1497 2109 modum
1512 2053 1806 2109 aediﬁcatae
1826 2053 2079 2108 turrium

436 2161 500 2200 ac
532 2144 810 2199 moenium
846 2140 1433 2216 publicorumﬁaigetc
1450 2143 1837 2214 appellentur.
1864 2165 1890 2191 η

506 2234 729 2288 INCUBI.
750 2232 1222 2303 Hieronymusin
1236 2231 1369 2286 Vita
1390 2231 1577 2286 sancti
1592 2230 1754 2286 Pauli
1772 2230 2082 2302 primiere-

436 2321 779 2391 mitar,num.
802 2321 836 2375 8
864 2337 876 2375 :
908 2344 933 2370 «
963 2323 1117 2388 Quos
1140 2321 1299 2376 vario
1327 2320 1536 2376 delusa
1555 2337 1749 2375 errore
1784 2318 2080 2392 gentilitas

435 2415 662 2466 Faunos
682 2416 1031 2481 Salyrosque
1051 2415 1107 2464 et
1131 2410 1379 2466 Incubos
1395 2426 1614 2465 vocans
1637 2408 1794 2463 colit.
1824 2431 1851 2457 ››
1877 2409 1956 2463 De
1988 2408 2082 2463 ln-

440 2500 601 2556 cubis
624 2500 856 2571 copiose
887 2499 1124 2554 disserit
1147 2499 1436 2554 Martinus
1459 2502 1658 2554 noster
1683 2497 1890 2565 Delrio,
1916 2514 2079 2553 com-

436 2590 719 2645 mentario
752 2590 809 2643 in
836 2592 1062 2643 Senecas
1093 2588 1257 2643 Herc.
1305 2589 1441 2657 fur.,
1476 2592 1637 2658 parte
1664 2604 1747 2654 ιιι,
1783 2591 1839 2642 et
1868 2586 1925 2641 in
1958 2592 2082 2643 Ma-

438 2680 585 2752 gicis
617 2682 762 2750 suis,
796 2679 895 2735 lib.
932 2696 996 2745 ιι,
1029 2684 1234 2751 quaest.
1272 2680 1356 2734 15.

505 2770 750 2826 Joannes
768 2770 1236 2824 Cnnvsos'romus.
1258 2768 1491 2823 Pratum
1512 2766 1819 2837 spirituale
1833 2767 2080 2821 Joannis

437 2858 675 2926 Moschi,
701 2876 829 2930 cap.
856 2859 976 2929 1‘28,
1003 2858 1320 2929 quamdam
1342 2855 1745 2912 revelationem
1775 2872 1875 2911 seu
1904 2854 2078 2910 visio-

434 2965 567 3003 nem
602 2950 672 3003 de
703 2948 891 3019 gloria
935 2947 1179 3002 Joannis
1210 2946 1608 3018 Chrysostomi
1654 2962 1836 3016 supra
1875 2960 2080 2999 omnes

434 3037 702 3092 Ecclesiae
723 3039 989 3092 doctores
1011 3036 1207 3102 refert,
1233 3036 1304 3090 ad
1332 3051 1510 3105 quam
1545 3034 1662 3089 haec
1684 3049 1881 3089 severe
1906 3033 2079 3087 Baro-

433 3127 589 3197 nius,
622 3130 781 3181 tomo
821 3142 876 3195 v,
924 3142 1077 3180 anno
1104 3124 1321 3179 Christi
1354 3124 1480 3189 407,
1512 3122 1836 3179 Innocentii
1871 3123 2069 3179 l035

433 3188 593 3287 papa;
613 3215 669 3283 6,
690 3188 924 3269 Arcadii
946 3218 1003 3269 et
1025 3212 1259 3269 Honorii
1290 3212 1475 3284 impp.
1494 3212 1582 3280 13,
1602 3212 1683 3267 ita
1701 3214 1899 3267 notat:
1924 3212 2076 3266 Sunt
2106 3188 2148 3255 ί)

436 3309 629 3361 autem
653 3303 775 3359 haec
798 3320 1004 3376 parum
1046 3303 1160 3358 ﬁde
1186 3306 1332 3371 tuta,
1382 3306 1584 3374 utpote
1616 3318 1745 3373 quae
1778 3300 1838 3356 in
1872 3300 2078 3373 primis

434 3393 689 3463 ejusdem
725 3392 973 3447 Joannis
990 3390 1390 3463 Chrysostomi
1416 3390 1756 3446 testimonio
1776 3389 2066 3446 mendacii

435 3486 760 3552 arguantur
780 3481 1282 3552 (Chrysost.,epist.
1310 3480 1456 3550 126),
1487 3480 1626 3533 dum
1647 3480 1719 3534 ab
1751 3495 1817 3533 eo
1842 3479 2081 3550 ponitur

436 3569 645 3623 Treius
677 3570 989 3639 episcopus
1010 3568 1297 3635 Arabissi,
1330 3573 1387 3622 et
1412 3584 1526 3622 non
1559 3566 1905 3637 Adelphius.

504 3657 614 3711 Sed
641 3661 852 3711 etcum
878 3656 1072 3709 tradat
1097 3660 1301 3710 auctor
1322 3654 1376 3709 in
1405 3656 1578 3709 domo
1602 3653 1847 3725 Adelphi
1876 3655 2073 3727 hospi-

437 3749 623 3800 latum
644 3760 772 3799 esse
794 3744 1243 3812 Joannem,cum
1266 3744 1559 3798 Cucusum
1586 3743 1643 3797 in
1670 3743 1909 3798 exilium
1934 3745 2077 3800 mis-

433 3851 536 3889 sus
558 3832 908 3904 esset,plane
926 3832 1141 3888 erroris
1158 3833 1449 3904 arguitur;
1477 3849 1611 3887 nam
1637 3832 1771 3888 licet
1795 3832 1852 3887 id
1879 3834 2075 3904 ipsum

433 3923 504 3978 de
535 3922 791 3994 hospitio
819 3919 1033 3976 Cucusi
1058 3920 1258 3976 dicant
1288 3926 1397 3976 Leo
1428 3928 1487 3976 et
1513 3920 1956 3991 Metaphrastes,
1990 3927 2073 3977 ta-

433 4029 567 4067 men
598 4012 721 4081 ipse
749 4012 1201 4082 Chrysostomus
1229 4012 1503 4081 (Epistola
1536 4013 1624 4079 13)
1668 4010 1905 4067 disertis
1947 4027 2076 4067 ver-

432 4102 524 4157 bis
557 4105 810 4156 narrata
832 4100 1108 4155 Dioscoro
1128 4116 1188 4155 se
1213 4105 1553 4172 susceptum
1579 4100 1855 4171 hospitio,
1878 4106 1936 4156 et
1959 4118 2073 4157 non

431 4191 506 4246 ab
538 4189 687 4257 aliis;
724 4188 858 4245 licet
888 4189 944 4243 id
978 4187 1310 4259 complures
1329 4189 1849 4261 expetierint.Cum
1876 4195 2074 4247 autem

434 4279 551 4334 haec
582 4278 919 4351 compingat
949 4295 1016 4334 ea
1046 4277 1377 4333 narratione
1412 4279 1735 4346 mendacia,
1771 4297 1899 4351 quae
1933 4280 2075 4336 fides

431 4366 490 4422 in
520 4366 763 4438 reliqius
782 4368 811 4423 ?

502 4460 650 4512 Sane
680 4456 915 4526 quidem
946 4460 1003 4513 et
1034 4456 1134 4512 illa
1164 4456 1454 4511 invidiosa
1474 4456 1649 4513 nimis
1689 4457 1939 4514 assertio
1961 4462 2073 4527 est,

2188 532 2559 587 decorentur.
2597 530 2891 584 Hactenus
2916 529 3223 585 Baronius.

2258 624 2583 676 Annotator
2608 618 2845 690 quidam
2878 618 3099 687 (nescio
3132 636 3204 674 an
3259 621 3454 677 Fronto
3499 629 3690 696 noster)
3730 629 3778 684 in

2188 709 2442 765 editione
2474 707 2787 765 Parisiensi
2810 706 3194 763 Greecolatina
3222 708 3455 766 Joannis
3478 711 3779 783 Moschi,ita

2189 815 2309 853 rem
2327 799 2479 854 hanc
2504 796 2818 868 temperari
2850 814 3020 868 posse
3042 798 3332 855 censebat.
3356 798 3577 870 Verum,
3596 804 3776 875 inquit,

2188 904 2501 943 monemus
2533 903 2765 959 quoque
2791 887 3087 957 ejusmodi
3118 887 3494 944 revelationes
3523 890 3777 949 interdum

2190 977 2311 1032 fieri
2339 995 2451 1033 non
2486 978 2556 1032 ad
2590 977 3016 1033 ostendendam
3038 978 3315 1048 majorem
3341 978 3397 1033 in
3421 980 3675 1037 omnibus
3695 982 3781 1036 ali-

2190 1070 2359 1139 cujus
2383 1069 2568 1124 sancti
2584 1068 2961 1140 gloriam,sed
2981 1068 3049 1122 ad
3065 1067 3433 1124 indicandam
3453 1070 3782 1128 excellentem

2191 1159 2502 1228 quamdam
2525 1156 3289 1229 etpeculiaremcujuspiam
3317 1159 3464 1214 beati
3494 1161 3782 1232 praerogati-

2188 1264 2343 1312 vam,
2378 1265 2494 1319 qua
2534 1247 2666 1303 aliis
2710 1246 3081 1318 praeeminuit
3114 1264 3126 1301 :
3156 1248 3477 1318 cujusmodi
3509 1248 3610 1305 fuit
3650 1251 3783 1306 zelus

2181 1336 2450 1406 justitiez,
2475 1335 2655 1407 quiin
2702 1341 2932 1407 pectore
2952 1336 3348 1407 Chrysostomi
3397 1339 3531 1394 adeo
3582 1341 3785 1409 exarsit,

2192 1430 2255 1480 ut
2277 1426 2484 1480 merito
2514 1430 2816 1497 propterea
2833 1425 2891 1480 in
2916 1425 3137 1481 visione
3155 1425 3350 1482 divina
3370 1427 3554 1483 dictus
3580 1428 3650 1482 sit
3667 1428 3789 1483 assi-

2189 1518 2341 1570 stere
2372 1514 2583 1570 throno
2607 1514 2726 1570 Dei.
2754 1515 2942 1585 Hujus
2975 1516 3206 1586 generis
3228 1515 3484 1572 visioilla
3512 1517 3613 1572 fuit
3635 1516 3789 1572 sancti

2189 1603 2340 1658 Petri
2362 1604 2668 1660 Dominico
2694 1603 2912 1669 oblata,
2941 1620 3075 1658 cum
3126 1604 3269 1660 visis
3296 1605 3638 1661 diversorum
3658 1606 3793 1661 ordi-

2192 1710 2331 1748 num
2368 1692 2660 1764 religiosis
2695 1694 2752 1748 in
2804 1693 2971 1765 coelo,
3022 1692 3253 1749 nullum
3287 1712 3355 1749 ex
3406 1696 3526 1749 suis
3574 1695 3793 1750 alumnis

2188 1783 2414 1854 aspexit
2443 1800 2456 1837 :
2490 1800 2635 1853 quos
2671 1788 2867 1838 tamen
2913 1800 3081 1839 sacra
3113 1784 3363 1855 Deipara
3392 1785 3593 1840 eximio
3616 1789 3665 1839 et
3691 1786 3788 1840 sin-

2189 1872 2378 1942 gulari
2412 1873 2601 1927 favore
2634 1873 2744 1928 sub
2776 1871 2953 1944 pallio
2977 1890 3086 1927 suo
3118 1873 3439 1941 occultans,
3456 1874 3630 1929 eidem
3662 1878 3790 1944 post-

2188 1963 2423 2017 modum
2458 1962 2735 2017 ostendit.
2774 1961 2992 2016 Deinde
3026 1962 3197 2017 facile
3232 1963 3289 2017 in
3324 1964 3615 2035 epistolam
3648 1964 3795 2033 Chry-

2189 2052 2431 2108 sostomi
2486 2069 2696 2107 nomen
2748 2051 2926 2117 Treii,
2961 2069 3065 2123 pro
3124 2052 3411 2124 Adelphio
3469 2052 3644 2123 potuit
3678 2053 3794 2106 irre-

2188 2158 2343 2213 pere,
2377 2140 2459 2195 vel
2495 2141 2603 2196 t'uit
2635 2140 2934 2196 binomius
2958 2141 3165 2196 Treius
3199 2142 3533 2213 Adelphius.
3571 2141 3798 2212 Denique

2188 2231 2426 2285 verbum
2452 2232 2659 2285 mansit
2682 2246 2786 2284 cur
2800 2230 3130 2285 necessario
3146 2232 3514 2287 referendum
3536 2232 3604 2286 ad
3630 2228 3796 2300 hospi-

2186 2319 2372 2373 tium?
2407 2321 2473 2374 Et
2496 2324 2585 2375 est
2602 2319 2914 2375 verisimile
2940 2320 3424 2392 Chrysostomum
3450 2321 3672 2376 domum
3693 2317 3794 2389 epi-

2187 2408 2345 2478 scopi
2392 2407 2685 2463 invisisse.
2722 2408 2850 2464 Haec
2885 2426 2986 2480 pro
3017 2409 3340 2466 assertione
3386 2410 3516 2465 libri
3567 2406 3791 2480 alioquin

2188 2497 2521 2568 praestantis
2552 2497 2937 2553 auctoritatis.
2966 2503 3047 2553 Ita
3071 2500 3399 2555 Annotator
3428 2498 3540 2555 ille.

2258 2587 2419 2650 Quod
2472 2586 2520 2642 si
2572 2587 2715 2641 mihi
2746 2585 2918 2643 liceat
2948 2587 3101 2643 inter
3136 2593 3335 2646 tantos
3367 2589 3512 2645 viros
3536 2586 3789 2659 judicium

2187 2675 2577 2748 interponere,
2611 2693 2907 2732 censerem
2941 2693 3048 2748 ego
3098 2678 3249 2732 nihil
3313 2678 3407 2734 hic
3454 2679 3521 2733 de
3558 2675 3789 2739 Joannis,

2186 2765 2583 2836 Chrysostomi
2608 2764 2793 2837 gloria
2815 2766 3140 2821 indicatum
3166 2766 3470 2834 divinitus,
3502 2768 3595 2823 sed
3629 2766 3793 2837 potius

2186 2854 2512 2910 deJoannis
2533 2854 2809 2926 Baptista
2828 2857 3209 2927 praerogativa
3234 2874 3575 2930 responsum
3597 2856 3793 2911 datum.

2185 2947 2325 3000 Cum
2355 2944 2512 2999 enim
2531 2944 2728 2999 divina
2751 2944 3115 3016 providentia
3147 2945 3235 3001 vel
3262 2962 3562 3019 nunquam
3586 2944 3665 3000 vel
3686 2958 3792 2998 raro

2186 3035 2373 3089 soleat
2401 3032 2715 3090 curiosulis
2750 3033 2837 3088 vel
2870 3035 3259 3091 contentiosis
3291 3038 3362 3092 de
3394 3032 3795 3091 sanctorumin-

2187 3124 2273 3178 ter
2301 3138 2364 3177 se
2394 3122 2773 3193 praerogativa
2806 3122 3043 3194 praecise
3078 3126 3464 3196 respondere;
3496 3125 3593 3181 sed
3632 3120 3796 3194 potius

2187 3211 2275 3266 vel
2304 3211 2561 3283 generali
2594 3227 2892 3283 responso,
2944 3212 3165 3269 nullius
3219 3214 3569 3287 dignitatem
3601 3212 3665 3267 de
3691 3207 3799 3281 qui-

2186 3299 2295 3356 bus
2344 3299 2795 3356 controvertitur
2853 3302 3253 3373 praeferendo;
3323 3302 3409 3359 vel
3466 3301 3574 3358 alio
3626 3296 3801 3371 quovis

2186 3390 2360 3445 modo
2389 3388 2466 3444 iis
2496 3388 2854 3459 satisfacere;
2880 3391 3113 3447 videtur
3140 3391 3237 3447 hic
3267 3389 3801 3461 deJoanneChryso-

2186 3483 2376 3536 atomo
2408 3479 2478 3534 de
2519 3495 2634 3550 quo
2685 3479 3103 3536 instituebatur
3159 3483 3415 3553 quaestio
3451 3481 3623 3537 fuisse
3652 3475 3801 3533 dissio

2186 3566 2501 3634 mulatum;
2525 3565 2837 3622 etJoannis
2853 3566 3124 3638 Baptistae
3156 3568 3230 3639 (is
3261 3571 3424 3625 enim
3456 3567 3671 3641 proprie
3699 3581 3797 3636 po:-

2184 3654 2444 3710 nitentias
2467 3655 2606 3727 dux)
2637 3656 2885 3727 gradum
2918 3662 2974 3711 et
3015 3656 3265 3729 gloriam
3315 3660 3502 3715 obiter
3530 3655 3791 3712 introduc-

2181 3746 2325 3798 tam.
2380 3744 2526 3800 Nam
2578 3761 2711 3799 cum
2763 3744 3080 3815 postulatio
3128 3746 3400 3817 Adelphii
3453 3746 3605 3802 clara
3634 3740 3796 3805 fuerit,

2183 3849 2299 3887 non
2368 3833 2525 3888 clara
2598 3838 2792 3888 tamen
2862 3834 2972 3889 fuit
3033 3837 3352 3906 responsio
3413 3836 3500 3892 vel
3553 3830 3797 3891 ostensio.

2183 3925 2327 3975 Nam
2396 3923 2606 3976 ductor
2663 3923 2889 3993 primus
2953 3939 3065 3978 non
3124 3924 3425 3981 satisfecit
3491 3929 3615 3982 voto
3675 3922 3799 3991 ejus.

2183 4010 2434 4066 Petierat
2501 4011 2615 4066 sibi
2684 4011 2915 4067 ostendi
2981 4011 3269 4069 Joannem
3339 4016 3802 4087 Chrysostomum,

2197 4098 2298 4154 ille
2356 4099 2615 4155 ostendit
2666 4099 2812 4155 alios
2864 4101 3170 4171 doctores;
3223 4120 3412 4175 quare
3466 4103 3647 4158 tristis
3674 4112 3803 4154 rece-

2182 4188 2268 4242 dit
2323 4205 2437 4245 non
2498 4187 2622 4243 viso
2683 4206 2790 4245 suo
2848 4190 3096 4258 Joanne,
3131 4193 3303 4261 cujus
3356 4193 3609 4266 gloriam
3638 4188 3803 4243 videre

2182 4278 2437 4332 amabat.
2473 4277 2764 4333 Ostiarius
2797 4295 2930 4334 vero
2962 4296 3095 4335 cum
3127 4297 3262 4335 eum
3314 4284 3545 4338 tristem
3590 4279 3801 4337 videret,

2182 4365 2594 4436 intellectaque
2626 4382 2803 4422 causa
2822 4367 3295 4426 animadvertens
3312 4371 3700 4427 curiositatem
3722 4363 3801 4419 hic

2179 4454 2558 4521 intercedere,
2580 4454 2892 4511 declinavit
2910 4473 2943 4511 a
2964 4457 3188 4513 Joanne
3209 4460 3621 4533 Chrysoslomo
3636 4457 3699 4512 ad
3720 4454 3801 4509 Jo-

429 4562 635 4602 omnes
665 4546 759 4615 qui
794 4562 1056 4617 unquam
1079 4546 1315 4601 fuerunt
1346 4547 1402 4600 in
1426 4545 1677 4601 Ecclesia
1698 4547 1987 4615 doctores,
2012 4547 2069 4601 in

2188 4560 2396 4599 annem
2437 4545 2812 4614 Basptistam.
2856 4544 3115 4615 Ἰωάννην
3141 4548 3235 4601 τὸν
3264 4555 3367 4617 τῆς
3401 4545 3677 4621 μετανοίας
3729 4536 3795 4594 κέ·

428 4634 702 4690 inferiore
727 4651 939 4705 ponere
960 4635 1168 4706 gradu,
1200 4639 1257 4689 et
1288 4651 1465 4706 super
1494 4651 1699 4691 omnes
1720 4635 2067 4703 Chrysosto-

431 4740 594 4778 mum
609 4722 823 4779 colloca
833 4740 1053 4790 re,cum
1069 4724 1391 4795 praesertim
1405 4723 1555 4779 exiis
1576 4724 1906 4796 complures
1925 4741 2076 4780 mar-

426 4818 583 4884 tyres
606 4812 823 4867 fuerint
861 4812 1145 4874 coronati.
1175 4816 1240 4867 ut
1266 4812 1420 4867 inter
1448 4811 1595 4867 alios
1640 4811 1987 4884 Hippolytus
2018 4818 2075 4869 et

426 4901 785 4968 Methodius;
822 4906 886 4955 ut
917 4905 1140 4956 taceam
1179 4901 1247 4955 de
1280 4901 1522 4971 reliquis
1545 4901 1767 4972 absque
1785 4901 2073 4973 sanguine

428 4990 546 5045 vita
566 4990 782 5045 functis
805 4989 1044 5057 sanctis,
1080 5006 1288 5060 nempe
1317 4990 1553 5055 Basilio,
1587 4991 1818 5046 duobus
1863 4991 2075 5064 Grego-

429 5078 1000 5150 riis,Thaumaturgo
1015 5084 1189 5150 atque
1203 5078 1785 5151 Theologo,itemque
1799 5081 2074 5137 omnibus

428 5167 554 5223 sine
578 5166 797 5223 invidia
830 5168 1185 5239 praeferendo
1220 5171 1426 5239 Magno
1454 5169 1785 5226 Anastasio.

500 5256 611 5311 Sed
645 5262 701 5312 et
731 5273 853 5328 quae
877 5256 979 5312 illa
1008 5256 1228 5327 absque
1253 5256 1477 5312 ratione
1504 5257 1826 5325 distinctio,
1853 5263 1919 5314 ut
1947 5276 2070 5314 om-

430 5360 533 5401 nes
552 5345 819 5401 doctores
844 5345 1055 5401 fuerint
1073 5344 1259 5401 oculis
1285 5362 1349 5400 ea
1363 5346 1613 5402 videntis
1636 5347 1953 5418 perspicui,
1975 5365 2072 5404 so-

428 5433 523 5489 lus
556 5438 749 5489 autem
791 5434 1047 5490 Joannes
1078 5435 1151 5489 ob
1182 5433 1556 5490 excellentem
1590 5437 1837 5507 gloriam
1870 5438 2071 5493 invisi-

431 5523 610 5580 bilis?
636 5527 873 5595 perinde
896 5544 960 5581 ac
988 5526 1037 5580 si
1066 5524 1225 5581 solus
1270 5526 1421 5581 inter
1458 5527 1719 5583 doctores
1742 5528 1866 5599 ipse
1888 5529 2071 5600 Chry-

433 5618 729 5670 sostomus
755 5613 929 5669 fuerit
950 5614 1266 5683 perfectam
1290 5613 1533 5685 gloriam
1568 5621 1938 5672 consecutus.
1959 5620 2068 5674 Sed

433 5702 729 5761 facessant
750 5704 877 5774 jam
917 5701 1153 5759 isthtsc:
1196 5718 1313 5761 non
1357 5705 1515 5761 enim
1567 5705 1833 5779 indigent
1876 5708 2069 5764 sancti

2181 4650 2318 4707 γεις;
2335 4656 2362 4682 ‹‹
2385 4632 2669 4689 Joannem
2684 4633 2833 4689 dicis
2850 4635 3205 4706 paenitentia:
3230 4638 3439 4694 ducem
3451 4632 3803 4708 ?Respondet—

2192 4739 2307 4793 que
2346 4722 2680 4794 interrupte
2730 4722 2789 4777 in
2822 4723 3041 4791 Grzeco,
3099 4743 3214 4781 non
3264 4726 3687 4798 interloquente
3732 4721 3797 4774 in-

2185 4815 2546 4883 terrogatore
2571 4828 2584 4867 :
2606 4811 2928 4886 Ἀνθρωπος
2940 4809 3142 4866 ἐκεῖνον
3166 4812 3219 4867 ἐν
3236 4815 3391 4890 σαρκὶ
3409 4816 3475 4870 οὗ
3493 4812 3700 4869 δύναται
3714 4807 3801 4862 αὖ·

2181 4900 2273 4955 τὸν
2292 4898 2443 4955 ἰδεῖν·
2464 4898 2577 4954 ἐκεῖ
2600 4899 2702 4975 γὰρ
2716 4898 3182 4973 περίσταταιὸπου
3210 4904 3237 4957 ὁ
3261 4904 3454 4978 Θρόνος
3486 4896 3795 4957 δεσποτικὸςι

2184 5014 2212 5042 ‹‹
2238 4993 2435 5063 Ipsum
2462 4991 2635 5046 homo
2657 4990 2715 5044 in
2738 5007 2914 5047 carne
2934 4992 3132 5047 vivens
3155 4992 3343 5050 vivere
3366 5012 3479 5051 non
3510 4997 3719 5066 potest;
3747 4984 3802 5039 il-

2184 5081 2259 5137 lic
2279 5081 2436 5136 enim
2460 5079 2709 5149 assistit,
2730 5079 2829 5134 ubi
2852 5079 3101 5138 thronus
3127 5088 3217 5139 est
3241 5083 3495 5140 Domini.
3520 5103 3545 5133 ι
3574 5078 3725 5145 Quod
3746 5074 3795 5129 in

2183 5168 3066 5238 sanctumJoannemBaptistam
3081 5172 3477 5242 quadrat,quo
3492 5168 3800 5226 internatos

2183 5259 2497 5314 mulierum
2517 5258 2706 5327 major
2716 5273 2829 5313 non
2845 5274 2910 5313 su
2920 5260 3381 5329 rrexit,Veritate
3396 5263 3527 5333 ipsa
3542 5260 3801 5315 attestan-

2183 5353 2259 5403 te.
2281 5346 2544 5402 Christus
2567 5344 2742 5400 etiam
2757 5345 3081 5419 discipulos
3095 5350 3164 5404 de
3181 5350 3560 5421 praerogativa
3574 5347 3631 5401 in
3647 5354 3799 5410 regno

2182 5437 2460 5491 caelorum
2484 5439 2811 5505 quaerentes
2832 5440 3214 5509 compescuit,
3244 5444 3301 5494 et
3325 5438 3541 5493 dubios
3559 5431 3793 5503 reliquit.

2182 5528 2369 5592 Quare
2399 5523 2618 5595 optime
2658 5523 2911 5580 Thomas
2952 5543 2985 5581 a
3034 5527 3293 5598 Kempis,
3326 5526 3475 5581 libro
3499 5543 3561 5580 ιιι
3584 5530 3657 5577 De
3686 5517 3796 5574 imi-

2180 5616 2397 5671 tatione
2446 5612 2685 5682 Christi,
2716 5630 2842 5685 cap.
2882 5616 2972 5681 58,
3007 5623 3201 5671 monet
3235 5632 3248 5672 :
3295 5638 3317 5668 α
3360 5614 3491 5671 Noli
3525 5611 3796 5685 inquirere

2182 5720 2287 5761 nec
2313 5703 2619 5775 disputare
2650 5702 2721 5759 de
2750 5704 2979 5761 meritis
3027 5712 3384 5773 sanctorum,
3418 5704 3553 5775 quis
3583 5701 3693 5758 alio
3732 5693 3801 5752 sit
