3996 6170
265 316 364 370 473

984 315 1498 371 ONOMASTICON
1538 314 1796 369 BERUM
1832 314 1925 366 ΕΤ
1959 310 2359 365 VERBORUM
2399 309 2952 366 DIF’F‘ICILIORUM.

3564 311 3669 366 474

260 440 392 505 lior,
426 454 461 492 a
491 436 775 491 Damasco
810 435 1045 507 oppido,
1080 436 1234 491 unde
1268 435 1431 507 prius
1464 439 1766 505 asportata
1797 436 1905 497 est,

2023 431 2127 503 ptii
2160 429 2252 490 τὰς
2308 428 2595 503 διαιρέσεις
2648 430 2744 492 τὰς
2792 429 2927 483 κατὰ
2982 430 3193 505 μεγάλα
3234 438 3333 500 τῆς
3384 430 3666 505 Αἰγύπτου

266 530 443 583 dicta:
478 527 649 597 cujus
682 525 874 580 solum
908 542 1148 595 pomum
1186 525 1493 580 stomacho
1528 523 1747 578 mederi
1781 540 1914 595 pro-

262 620 455 683 batur;
489 632 626 670 nam
652 620 862 669 caetera
892 614 1064 669 noxia
1097 615 1504 685 perhibentur.
1531 613 1659 667 Haec
1685 612 1810 667 sola
1827 630 1916 667 ar-

263 709 367 762 bor
395 705 628 776 gummi
659 703 1023 775 glutinosum
1083 708 1139 759 et
1192 703 1617 774 compacticum
1648 701 1917 769 distillat,

261 813 376 867 quo
400 798 458 849 et
490 794 701 847 medici
724 797 781 847 et
800 792 1117 862 scriptores
1144 797 1453 846 utuntur.»
1477 792 1619 846 Vide
1640 790 1917 857 Plinium,

258 885 361 940 lib.
390 900 518 948 χιιι,
552 899 680 952 cap.
713 882 801 947 11,
838 882 908 936 de
932 880 1263 945 sarcocolla,
1296 882 1395 952 qui
1429 880 1606 935 habet
1657 881 1916 949 pictores,

259 990 361 1046 pro
391 971 700 1043 scriptores.
739 970 923 1037 Idem,
961 969 1063 1024 lib.
1088 970 1428 1041 xxn,capite
1457 971 1564 1023 25:
1601 973 1797 1023 «Cum
1832 984 1917 1022 ro-

264 1078 434 1118 saceo
466 1077 603 1116 vero
634 1065 691 1115 et
716 1059 849 1125 fico,
879 1060 1060 1127 sicca,
1094 1059 1398 1131 myxisque
1457 1058 1676 1113 decocti
1727 1058 1914 1111 furl'uc

258 1167 347 1206 res
370 1148 597 1221 (tritici)
620 1148 874 1203 tonsillis
900 1148 1287 1217 faucibusque
1308 1146 1768 1219 gargarizatione
1792 1161 1916 1215 pro-

256 1244 417 1296 sunt.
452 1260 482 1289 ››
515 1237 660 1292 Vide
692 1242 754 1291 ut
787 1236 1215 1303 Dioscoridem,
1244 1236 1344 1290 lib.
1381 1252 1420 1304 ι,
1449 1252 1554 1306 cap
1591 1237 1710 1290 175.
1744 1234 1916 1290 Glos-

258 1329 485 1385 sarium
518 1327 989 1382 Camberonense
1022 1329 1129 1380 Ms.
1159 1341 1172 1379 :
1199 1346 1226 1373 ‹‹
1259 1325 1404 1379 Nixa
1427 1329 1515 1379 est
1546 1341 1731 1395 genus
1753 1325 1916 1378 arbo-

259 1418 361 1482 ris,
397 1434 431 1472 a
456 1415 849 1471 similitudine
879 1414 1031 1469 enixi
1060 1414 1217 1468 dicta
1268 1414 1514 1480 fructus,
1552 1435 1578 1460 »
1637 1414 1790 1483 quod
1847 1429 1914 1467 ex

260 1506 483 1561 Isidoro
515 1503 956 1559 adumbratum.
987 1502 1068 1556 Ad
1096 1518 1268 1572 quem
1309 1506 1468 1556 notat
1493 1500 1726 1556 Grialus
1750 1501 1914 1556 scho-

255 1596 481 1649 liastes:
511 1594 574 1647 In
610 1593 873 1664 margine
907 1592 1137 1647 Codicis
1183 1591 1433 1645 Romani
1494 1591 1680 1645 sancti
1737 1590 1911 1654 Petri,

254 1685 376 1739 haec
402 1683 606 1738 addita
636 1681 922 1752 reperisse
955 1698 1038 1749 se,
1067 1683 1164 1736 sed
1220 1682 1425 1735 eadem
1488 1697 1663 1735 manu
1722 1681 1912 1734 aiebat

2028 518 2163 591 μέρη
2197 520 2497 575 divisiones
2514 538 2846 590 magnarum
2873 522 3077 575 1043
3118 522 3365 588 partium
3410 522 3672 593 appella-

2026 611 2166 663 bant
2192 608 2416 677 νομούς.
2451 608 2650 679 Νομοῖ.
2716 627 2846 664 vero
2870 610 3281 663 dividebantur
3309 611 3368 663 in
3400 609 3670 683 τοπαρχί-

2024 718 2105 763 ας,
2140 704 2198 752 et
2233 698 2313 751 lue
2374 698 2430 751 in
2465 698 2611 753 alias
2666 698 2839 769 τομὰς
2897 716 2998 753 seu
3054 700 3365 764 sectiones,
3417 717 3667 770 quarum

2025 789 2280 842 minimae
2312 797 2477 843 erant
2510 786 2756 863 ἄρουραι.
2795 792 2999 861 Itaque
3033 791 3139 845 hoc
3184 792 3239 844 in
3300 791 3425 846 loco
3467 802 3668 861 septem

2022 879 2216 931 nomia
2250 878 2588 949 accipienda
2616 881 2894 934 videntur
2924 897 3025 950 pro
3058 884 3281 951 septem
3316 880 3506 934 aruris
3528 897 3669 935 con-

2014 966 2261 1035 junctis.
2300 968 2806 1031 Quemadmodum
2841 969 3093 1023 Tbcbais
3139 973 3194 1024 et
3232 967 3398 1023 Delta
3454 968 3669 1023 divide-

2023 1056 2240 1109 bantur
2269 1055 2328 1110 in
2363 1058 2561 1112 decem
2626 1074 2853 1128 nemos,
2902 1063 2959 1111 et
3007 1058 3357 1113 intermedia
3413 1056 3667 1111 solitudo

2022 1144 2391 1199 dividebatur
2421 1145 2477 1199 in
2512 1146 2753 1216 triginta
2785 1164 3027 1213 nomos;
3063 1149 3143 1201 ita
3198 1146 3469 1201 existimo
3528 1146 3669 1216 Scy-

2021 1233 2175 1287 thim
2212 1234 2462 1289 divisam
2499 1234 2679 1289 fuisse
2704 1235 2760 1289 in
2795 1236 3057 1291 diversos
3111 1253 3315 1291 nomos
3352 1254 3367 1303 ;
3419 1250 3671 1306 quorum

2023 1338 2197 1391 unus,
2233 1325 2304 1377 de
2338 1341 2451 1394 quo
2477 1325 2569 1378 hic
2602 1341 2811 1379 sermo.
2848 1325 3072 1381 divisus
3120 1326 3293 1379 fuerit
3350 1326 3407 1379 in
3458 1328 3673 1395 septem

2016 1414 2225 1478 nomia,
2262 1413 2317 1466 id
2355 1419 2443 1468 est
2474 1432 2676 1469 aruras
2710 1432 2809 1470 seu
2847 1432 3037 1487 agros;
3072 1416 3171 1485 qui
3206 1413 3289 1469 vel
3338 1412 3666 1486 pascuales,

2020 1500 2076 1553 in
2096 1502 2311 1572 quibus
2330 1504 2523 1557 fenum
2549 1504 3063 1572 demetebatur;vel
3084 1505 3475 1573 arabiles,deq
3490 1502 3662 1557 uibus

2021 1589 2111 1643 hic
2139 1592 2353 1661 agitur.
2393 1594 2657 1648 Fortasse
2693 1612 2805 1649 non
2839 1595 2984 1648 dixit
3008 1595 3386 1664 lwptanomia,
3421 1593 3517 1647 sed
3551 1608 3665 1661 sep-

2014 1680 2121 1731 tem
2156 1680 2380 1734 nomina
2405 1686 2483 1751 (et
2517 1683 2563 1736 si
2599 1684 2799 1737 eadem
2835 1684 2911 1737 sit
2944 1683 3253 1754 utriusque
3284 1680 3664 1753 significatio)

248 1775 484 1830 Chacon
520 1788 531 1826 :
569 1794 597 1821 «
632 1771 793 1825 Hanc
825 1771 1091 1825 arborem
1126 1770 1373 1825 Romani
1398 1774 1605 1825 vocant
1629 1785 1904 1841 prunum.
1939 1790 1985 1854 B
2020 1772 2082 1820 ut
2115 1767 2505 1839 distingueret
2537 1772 2607 1824 ab
2640 1775 3041 1842 Ileptanomos
3064 1788 3163 1825 seu
3191 1768 3662 1840 Heptanomia,in

251 1862 495 1932 Hispani
531 1860 755 1926 nixum,
792 1860 1087 1928 Wandali,
1131 1864 1187 1914 et
1237 1858 1432 1923 Gothi,
1488 1864 1545 1913 et
1602 1858 1793 1928 Suevi,
1854 1862 1910 1911 et

250 1951 487 2006 Gallaaci
520 1950 848 2005 caaruleam.
885 1971 911 1997 »
951 1949 1229 2003 Retinent
1264 1948 1437 2002 hodie
1456 1947 1703 2018 vestigia
1730 1947 1907 2016 hujus

256 2045 417 2095 vocis
451 2040 713 2095 Lusitani
736 2043 793 2094 et
824 2037 1082 2106 Gallazci,
1117 2038 1213 2108 qui
1252 2054 1443 2108 pruna
1463 2036 1658 2091 omnia
1688 2051 1910 2091 amevas

251 2128 377 2184 sive
405 2128 652 2183 ameivas
685 2128 909 2182 dicunt.
946 2131 1013 2180 Et
1047 2127 1201 2197 apud
1239 2125 1637 2190 Aurelianum,
1690 2124 1790 2179 lib.
1855 2141 1910 2178 ιν

250 2218 451 2286 Tard.,
498 2235 627 2289 cap.
661 2219 695 2271 8
728 2234 740 2271 :
768 2239 794 2266 «
832 2217 938 2271 Pro
971 2216 1307 2270 decoctione
1337 2231 1621 2269 noxarum
1670 2218 1727 2268 et
1786 2212 1908 2284 gly-

250 2307 549 2378 cyrrhizaa;
580 2323 849 2361 nzxarum
882 2321 987 2375 ego
1020 2303 1293 2375 legerem.
1326 2304 1487 2367 Quod
1519 2307 1713 2357 autem
1744 2319 1912 2373 myxa

249 2414 357 2469 pro
394 2396 536 2451 nixa
570 2396 883 2468 legendum
917 2393 1160 2464 quidam
1197 2394 1580 2459 contendunt,
1636 2410 1704 2447 ex
1734 2392 1911 2446 Paulo

250 2486 522 2557 ngineta
552 2486 703 2540 libro
733 2501 835 2552 vn,
864 2481 1040 2553 Μύξα,
1072 2478 1294 2556 δένδρου
1325 2480 1532 2555 καρπός
1560 2479 1915 2554 ἐπιμικρὸτ-

252 2593 382 2648 apo:
419 2574 513 2645 μὲν
540 2576 648 2626 τῶν
675 2570 1071 2643 κοκκυμήλων,
1108 2567 1332 2643 δυνάμει
1394 2568 1451 2624 δέ.
1508 2568 1913 2644 παραπλήσιος,

253 2664 571 2719 conﬁrmat
602 2663 757 2734 quod
789 2664 857 2717 de
889 2660 1157 2717 Gallzecis
1182 2660 1478 2728 diximus;
1504 2677 1637 2714 nam
1667 2659 1799 2713 min
1832 2658 1915 2714 lo-

250 2770 417 2823 cum,
448 2770 508 2821 n,
543 2757 645 2807 aut
674 2750 853 2807 etiam
880 2755 1104 2820 contra,
1134 2750 1192 2805 in
1226 2748 1431 2805 multis
1488 2749 1728 2805 vocibus
1782 2766 1921 2803 suc-

252 2841 513 2897 cessisse
555 2842 773 2912 passim
800 2840 1085 2895 videmus.
1124 2862 1152 2888 n
1213 2839 1510 2893 Hactenus
1568 2837 1800 2893 Grialus
1861 2837 1918 2893 in

258 2930 580 2985 lsidorum.
598 2934 766 3001 Myxa
782 2929 902 2983 haec
925 2929 1101 2983 etiam
1121 2930 1382 2998 myxarz’a
1400 2927 1919 2993 dicta.Cassianus,

268 3019 466 3075 collat.
495 3036 618 3088 vni,
654 3036 778 3089 cap.
816 3019 840 3071 1
871 3036 884 3073 :
924 3039 950 3069 (ι
981 3019 1118 3073 Post
1164 3018 1286 3071 haec
1321 3016 1703 3087 superintulit
1737 3015 1925 3071 canis-

256 3113 419 3164 trum
470 3108 695 3163 habens
755 3108 906 3162 cicer
983 3107 1238 3171 frictum,
1302 3107 1455 3177 quod
1523 3104 1607 3159 illi
1666 3104 1913 3176 trogalia

249 3202 490 3268 vocant,
523 3214 591 3251 ex
618 3198 840 3267 quibus
863 3198 1045 3267 quina
1065 3201 1290 3250 tantum
1312 3196 1680 3267 sumpsimus
1704 3212 1907 3266 grana,

255 3286 522 3359 myxaria
555 3286 714 3349 bina,
744 3286 966 3341 caricas
996 3284 1285 3354 singulas.
1311 3308 1337 3335 »
1376 3285 1440 3339 In
1473 3284 1644 3339 veteri
1707 3284 1911 3339 Lexico

255 3379 517 3441 notatur,
552 3379 727 3445 Myxa
756 3380 812 3429 et
843 3376 1125 3446 myxariu,
1161 3373 1315 3445 apud
1352 3373 1699 3428 recentiores
1728 3372 1915 3441 quer-

255 3480 358 3519 cos
390 3464 677 3533 medicos,
711 3480 839 3518 esse
873 3462 1099 3517 minora
1132 3462 1339 3533 prunis
1371 3462 1749 3518 Damascenis
1806 3478 1913 3516 nu-

254 3553 381 3609 cleo
424 3553 587 3609 intus
616 3553 989 3624 triangulari.

326 3643 624 3699 Nomcus.
659 3643 959 3709 Moschus,
985 3643 1158 3697 Prato
1190 3640 1507 3714 spirituali,
1571 3658 1698 3713 cap.
1761 3642 1863 3695 193
1893 3657 1913 3696 .·

259 3756 280 3781 ι
321 3732 645 3788 Accersivit
673 3732 875 3804 itaque
924 3731 1235 3786 Nomicum
1296 3749 1398 3787 seu
1447 3732 1912 3803 dispensatorem

256 3821 651 3877 sanctissima:
683 3820 927 3876 eclesiaa.
959 3842 987 3870 »
1014 3821 1215 3893 Ἠγαγε
1234 3820 1323 3873 τὸν
1353 3819 1594 3890 Νομικὸν
1617 3825 1715 3887 τῆς
1747 3820 1911 3892 ἁγιω-

253 3910 429 3979 τάτης
459 3907 781 3979 ἐκκλησίας.
812 3911 979 3967 Varia
1023 3910 1238 3965 Numici
1292 3910 1695 3981 interpretatio
1755 3910 1911 3981 apud

254 4000 673 4072 Curopalatam
724 4001 783 4055 in
833 4004 1034 4055 octava
1086 4000 1341 4054 Pentade
1400 3999 1749 4066 ciliciorum;
1811 3998 1911 4053 ubi

258 4094 394 4160 post
448 4088 845 4161 primicerium
905 4088 1172 4144 lectorum
1234 4089 1474 4160 ponitur
1529 4087 1585 4140 Ὀ
1642 4086 1909 4157 Νομικὸς,

247 4195 426 4249 quem
457 4178 717 4234 Joannes
746 4178 964 4234 Citrius
991 4179 1219 4233 videtur
1276 4194 1482 4233 vocare
1530 4172 1910 4247 νομμοδότην,

249 4270 423 4338 quasi
458 4269 943 4324 uummidalorem.
974 4268 1124 4323 Sane
1172 4268 1281 4322 hoc
1339 4267 1464 4323 loco
1520 4266 1753 4321 videtur
1809 4282 1911 4337 per

246 4356 501 4427 Νομικὸν
536 4358 910 4429 dispensator
941 4357 1028 4413 vel
1081 4357 1180 4429 qui
1240 4373 1443 4412 curam
1496 4355 1790 4411 rationum
1850 4358 1909 4410 et

247 4446 593 4503 chartarum
632 4447 825 4515 habet,
860 4446 1134 4518 intelligi.
1174 4446 1316 4501 Vide
1374 4446 1711 4501 Gretserum
1771 4461 1905 4499 nos-

2016 1872 2132 1925 qua
2162 1856 2370 1911 Oasitae
2428 1860 2683 1913 eremita:
2716 1860 3028 1931 degebant,
3063 1878 3129 1915 ex
3161 1860 3430 1930 opposito
3463 1857 3665 1911 solitu-

2014 1944 2170 1999 dinis
2202 1946 2435 2017 Scythis
2469 1968 2482 2015 ;
2518 1948 2670 2002 inter
2700 1955 2981 2019 utrosque
3007 1949 3163 2003 enim
3197 1948 3501 2017 interjacet
3522 1945 3661 1999 Μαι-

2015 2033 2096 2088 ris
2129 2051 2228 2089 seu
2266 2035 2444 2104 Myris
2477 2041 2773 2106 stagnum.
2814 2038 2893 2091 Ita
2927 2036 3042 2092 ille.

2088 2123 2248 2177 NONA
2308 2142 2478 2179 nom.
2514 2125 2591 2179 Ea
2623 2125 2855 2197 synaxis
2890 2125 3104 2197 expleri
3138 2124 3327 2180 solita.
3360 2124 3491 2178 Vita
3543 2127 3660 2178 Ma-

2017 2212 2158 2266 carii
2191 2215 2456 2277 Romani,
2487 2216 2674 2285 capite
2703 2216 2771 2270 3:
2811 2238 2838 2265 «
2874 2220 3023 2270 Hora
3057 2232 3213 2269 nona
3256 2216 3509 2285 quadam
3568 2214 3662 2267 die

2018 2300 2217 2371 synaxi
2250 2301 2492 2372 expleta.
2522 2326 2548 2351 ››
2576 2308 2651 2357 Ea
2681 2303 2856 2358 etiam
2882 2303 3177 2373 jejunium
3212 2301 3495 2373 resignari
3520 2300 3661 2355 soli-

2018 2392 2166 2443 tum.
2200 2389 2331 2444 Vita
2350 2391 2607 2460 Antonii,
2634 2392 2825 2463 capite
2855 2392 2922 2445 37
2952 2408 2963 2445 :
3000 2414 3027 2440 ‹‹
3065 2391 3216 2445 Hora
3247 2390 3478 2445 circiter
3509 2406 3663 2444 nona

2020 2494 2152 2533 cum
2212 2485 2345 2535 ante
2396 2481 2595 2535 cibum
2644 2499 2809 2536 orare
2861 2481 3153 2553 cmpisset.
3203 2502 3228 2531 ι
3292 2479 3669 2535 Prudentius.

2021 2565 2241 2636 hymno
2273 2568 2341 2623 40
2369 2566 2492 2643 περὶ
2527 2568 2755 2646 Στεφάν.
2881 2578 2890 2586 ’

2178 2721 2443 2793 Quosdam
2482 2724 2553 2793 de
2578 2727 2779 2793 papulo
2799 2726 2945 2793 videt
2975 2726 3224 2775 sacerdos

2179 2782 2594 2856 Iuibaudumsibi
2622 2782 2871 2850 poculum
2903 2790 3154 2844 ferentes,

2178 2846 2507 2913 Jejuuamus,
2539 2846 2637 2908 ait,
2660 2866 2849 2900 recuso
2881 2858 3084 2913 potum.

2181 2909 2430 2977 l‘J-ondum
2463 2925 2608 2960 nona
2637 2914 2776 2977 diem
2808 2909 3047 2977 resignat
3078 2914 3228 2962 hora.

2182 2970 2469 3039 l‘Iunquam
2497 2975 2820 3039 eonviolabo
2847 2970 2945 3039 jusv
2964 2979 3216 3031 dicatum.

2182 3034 2291 3082 Nec
2318 3049 2463 3084 mors
2493 3038 2609 3099 ipsa
2644 3053 2821 3088 meum
2848 3034 3065 3089 sacrum
3096 3038 3343 3087 resolvet.

1944 3146 1985 3214 C
2025 3190 2339 3261 Ruffimus,
2373 3195 2474 3251 lib.
2510 3214 2593 3267 ιιι,
2628 3199 2680 3252 4.
2715 3217 2773 3254 n:
2814 3222 2833 3247 α
2866 3204 3132 3270 Cumque
3154 3198 3299 3253 hora
3321 3213 3474 3251 nona
3497 3200 3673 3251 adve-

2017 3279 2219 3347 nisset,
2253 3285 2577 3338 secundum
2602 3288 3087 3341 consuetudinem
3112 3285 3438 3356 complebat
3461 3300 3667 3339 omnes

2017 3368 2310 3424 orationes
2338 3388 2496 3440 suas,
2521 3379 2577 3428 et
2600 3376 2986 3445 psalmodiam
3019 3376 3345 3430 secundum
3394 3371 3665 3443 regulam

2018 3462 2075 3511 et.
2105 3459 2355 3528 ponebat
2385 3478 2596 3532 panem
2630 3469 2694 3518 ut
2724 3465 3076 3519 comederet.
3112 3483 3141 3515 ιι
3179 3464 3363 3529 Idem,
3407 3461 3512 3516 lib.
3572 3478 3659 3529 ιιι,

2019 3565 2180 3605 ιιιιιῑι.
2212 3553 2303 3618 55,
2339 3554 2393 3608 in
2418 3553 2647 3610 Silvano
2681 3574 2748 3611 ;‹‹
2782 3560 2935 3611 Hora
2965 3561 3160 3611 autem
3220 3572 3375 3610 nona
3421 3554 3666 3608 circum-

2020 3638 2306 3710 spiciebat
2339 3642 2516 3697 frater
2545 3643 2641 3700 ille
2672 3645 2845 3712 viam,
2876 3646 2924 3701 si
2958 3646 3105 3701 forte
3136 3649 3369 3700 vocaret
3401 3659 3533 3699 eum
3567 3656 3665 3696 se-

2020 3745 2130 3783 nex
2161 3731 2232 3785 ad
2267 3734 2715 3789 comedendum.
2756 3758 2776 3783 ι»
2816 3736 2970 3789 Ιάιιιι
3007 3740 3097 3791 est
3127 3736 3280 3805 apud
3340 3731 3664 3804 Pelagium,

2020 3818 2216 3874 libello
2244 3838 2301 3888 x,
2336 3839 2500 3877 num.
2524 3825 2597 3878 69
2631 3826 2948 3890 :Joannes,
2979 3822 3176 3879 libello
3198 3840 3289 3889 ιιι,
3322 3840 3379 3877 ιι.
3407 3824 3481 3877 2:
3517 3844 3544 3870 ‹‹
3602 3824 3666 3874 Et

2017 3906 2171 3961 circa
2194 3909 2394 3964 horam
2422 3929 2634 3967 nonam
2658 3914 3384 3985 significavitpercutiens,
3417 3917 3472 3966 et
3503 3910 3662 3964 venit

2017 3994 2116 4051 ille
2146 3998 2357 4069 minor,
2380 4005 2437 4055 et
2467 4002 2600 4057 fecit
2632 4004 2919 4057 modicam
2952 4008 3248 4057 cocturam
3282 4000 3593 4072 pulmenti.
3633 4020 3661 4047 ››

2014 4085 2404 4155 Augustinus,
2438 4090 2658 4161 Regula
2686 4092 2740 4160 2,
2776 4095 2845 4147 de
2880 4097 3140 4163 tempore
3171 4090 3379 4145 edendi
3414 4105 3426 4142 :
3458 4109 3485 4135 ‹‹
3511 4086 3659 4157 Ope-

2016 4180 2219 4229 rentur
2249 4182 2443 4233 autem
2480 4196 2649 4234 mane
2682 4198 2866 4251 usque
2920 4181 2990 4235 ad
3042 4185 3287 4247 sextam,
3319 4181 3376 4231 et
3420 4194 3453 4231 a
3499 4184 3660 4229 sexta

2014 4280 2202 4335 usque
2228 4268 2299 4321 ad
2332 4285 2546 4323 nonam
2589 4271 2831 4323 reddent
2888 4269 3166 4335 Codices;
3229 4271 3286 4321 et
3344 4270 3658 4337 postquam

2015 4354 2326 4410 refecerint
2358 4358 2477 4411 sive
2510 4358 2568 4411 in
2603 4358 2792 4422 horto,
2818 4358 2939 4413 sive
2998 4357 3359 4425 ubicumque
3420 4350 3655 4417 fuerint,

2013 4441 2230 4498 faciant
2268 4461 2415 4515 opus
2440 4463 2627 4517 usque
2651 4448 2719 4500 ad
2746 4447 2946 4502 horam
2980 4444 3312 4501 lucernarii.
3348 4465 3375 4492 ››

246 4541 433 4606 trum,
481 4537 553 4591 ad
616 4506 875 4608 caput’l
939 4506 1144 4592 Cadini
1197 4534 1557 4606 Curopalatae
1620 4536 1693 4590 De
1749 4534 1902 4589 offic.
1936 4506 1984 4568 D
2090 4506 2335 4596 Quidam
2356 4506 2587 4605 jejunia
2618 4537 2688 4591 ad
2711 4552 3013 4607 vesperam
3039 4534 3446 4589 extendebant.
3483 4530 3665 4585 Rufil-

249 4625 701 4697 ConstantinOp.

330 4715 578 4771 Nomm.
611 4714 893 4781 Joannes,
920 4714 1137 4784 libello,
1172 4731 1233 4785 ιι,
1260 4730 1423 4770 num.
1457 4714 1527 4768 8:
1555 4736 1581 4763 ‹‹
1630 4712 1904 4768 Ascendi-

252 4820 394 4859 mus
418 4812 634 4861 metere
656 4820 789 4859 cum
823 4820 888 4859 eo
920 4807 1141 4875 septem
1167 4804 1426 4859 nomina.
1474 4824 1502 4851 ››
1560 4803 1908 4857 Constanter

249 4892 357 4947 hic
383 4893 487 4948 Ms.
521 4892 658 4948 libri
690 4892 955 4964 plerique
979 4892 1037 4946 in
1062 4892 1289 4946 nomina
1320 4891 1714 4947 consentiunt.
1774 4891 1905 4944 Sus-

249 4982 438 5053 picari
470 4983 602 5053 quis
636 4982 821 5052 postis
852 4999 923 5037 an
954 4986 1158 5050 septem
1192 4984 1415 5036 nomina
1458 4980 1783 5051 prodierint
1840 4995 1907 5033 ex

246 5068 453 5125 Greco
481 5068 806 5142 ἐπτανομία,
842 5087 973 5141 quas
1004 5076 1163 5126 certa
1191 5070 1418 5142 .‘Egypti
1480 5068 1690 5141 portio,
1736 5068 1904 5138 quasi

250 5176 520 5213 messum
550 5160 769 5215 iverint
800 5159 855 5214 in
908 5160 1313 5232 Heptanomia.
1362 5158 1472 5213 Sed
1524 5175 1657 5212 cum
1709 5162 1903 5212 textus

244 5246 491 5303 Graecus
517 5250 689 5315 desit,
715 5266 873 5306 mera
896 5250 1154 5321 suspicio
1188 5255 1295 5305 est.
1331 5254 1535 5304 Petrus
1569 5247 1902 5303 Lansselius

244 5343 457 5392 noster
483 5339 639 5394 varie
670 5340 882 5395 doctus
909 5340 1184 5395 censebat
1213 5338 1519 5403 legendum
1544 5346 1748 5407 septem
1802 5352 1902 5390 no-

240 5426 389 5491 miu,
424 5427 561 5498 quia
589 5428 884 5495 existimo,
921 5428 1135 5499 inquit,
1197 5427 1576 5483 solitudinem
1636 5425 1898 5495 Scythim

237 5516 501 5571 divisam
550 5517 732 5573 fuisse
779 5518 839 5573 in
884 5519 1075 5574 varias
1132 5517 1451 5589 portiones,
1500 5533 1647 5587 quas
1700 5516 1900 5587 appel-

233 5604 458 5661 labant
497 5605 665 5678 νόμια
699 5624 732 5661 a
773 5608 947 5663 verbo
986 5604 1157 5677 νέμω,
1209 5605 1266 5661 id
1313 5610 1422 5677 est,
1481 5604 1682 5661 divido.
1743 5606 1900 5661 Unde

235 5694 513 5761 Proclus,
565 5696 624 5751 in
686 5694 992 5763 Timaeum,
1053 5696 1221 5752 docet
1275 5692 1443 5767 νομὸν
1495 5694 1607 5750 dici
1643 5691 1747 5747 ἀπὸ
1802 5696 1898 5748 τοῦ

228 5786 573 5855 νενεμῆσθαι
606 5781 706 5851 τὴν
750 5786 852 5857 γῆν
921 5801 958 5841 a
1011 5782 1307 5841 dividendo
1364 5788 1611 5849 terram;
1670 5782 1897 5856 etz‘Egy-

2016 4637 2151 4689 nus,
2177 4620 2277 4676 lib.
2311 4640 2373 4692 ιι,
2409 4640 2534 4696 cap.
2560 4626 2618 4680 3|
2650 4642 2662 4679 :
2704 4646 2725 4673 α
2751 4626 2956 4680 Cibum
2989 4640 3218 4696 quoque
3251 4623 3308 4677 in
3358 4636 3662 4691 vesperam

2016 4708 2067 4763 ei
2099 4726 2333 4767 sumere
2356 4715 2649 4784 praecepit.
2686 4736 2714 4763 ››
2748 4714 2904 4777 Quod
2938 4714 3112 4769 etiam
3138 4712 3290 4784 apud
3314 4709 3658 4773 Palladium,

2018 4816 2143 4871 cap.
2176 4803 2265 4857 28.
2304 4804 2443 4859 Item
2475 4805 2763 4873 Bullinus,
2796 4806 2898 4861 lib.
2932 4824 2993 4873 ιι,
3029 4823 3156 4876 cap.
3193 4806 3217 4858 1
3257 4822 3269 4859 :
3305 4825 3333 4853 «
3375 4801 3476 4856 Hic
3527 4815 3664 4869 ergo

2017 4906 2151 4944 cum
2185 4897 2317 4962 post
2346 4894 2640 4950 orationes
2665 4896 2863 4950 cibum
2896 4895 3067 4951 solito
3100 4893 3447 4965 requisisset
3464 4891 3534 4945 ad
3567 4906 3662 4943 ve-

2016 4994 2269 5047 speram.
2302 5002 2330 5030 »
2355 4984 2489 5044 Quae
2522 4983 2698 5037 etiam
2721 4983 2900 5038 habes
2933 4984 3089 5054 apud
3122 4980 3473 5047 Palladium,
3531 4994 3659 5047 cap.

2017 5067 2103 5120 46.
2132 5068 2426 5135 Ruflinus,
2451 5070 2551 5125 lib.
2583 5088 2667 5139 ιιι,
2701 5090 2865 5127 num.
2898 5073 3005 5129 23:
3041 5095 3068 5123 «
3114 5072 3339 5126 Rursus
3388 5065 3661 5138 ingressi,

2016 5154 2308 5229 cellulam,
2340 5161 2701 5230 vespertinas
2759 5163 3051 5217 orationes
3108 5162 3486 5229 complentes,
3522 5155 3660 5209 ado-

2016 5249 2211 5300 rantes
2227 5248 2707 5314 eum,dixerunt:
2736 5250 3098 5322 Sipraecipis,
3123 5250 3379 5311 domine,
3416 5245 3655 5309 ibimus,

2016 5338 2083 5389 ut
2113 5350 2245 5389 eum
2273 5337 2369 5407 qui
2405 5341 2690 5395 remansit
2711 5342 2934 5395 caulem
2978 5343 3294 5411 coquentes
3326 5341 3655 5409 gustemus,

2014 5425 2154 5495 quia
2186 5425 2304 5495 jam
2340 5428 2481 5484 hora
2514 5435 2601 5485 est
2628 5436 2691 5485 ut
2713 5432 2907 5486 cibum
2946 5447 3325 5487 sumamus.»
3367 5424 3656 5493 Pelagius,

2010 5512 2193 5569 libell.
2232 5532 2349 5581 XVI,
2374 5535 2538 5573 num.
2579 5520 2715 5575 18;‹‹
2768 5520 2858 5576 Illi
2907 5526 3102 5574 autem
3160 5517 3323 5573 fratri
3383 5508 3660 5570 afferebat

2008 5609 2423 5665 tantummodo
2456 5610 2748 5667 modicum
2782 5628 2991 5683 panem
3027 5612 3097 5667 ad
3131 5626 3342 5666 seram.
3380 5630 3407 5658 »

2078 5696 2186 5751 Sed
2206 5697 2503 5768 jejunium
2531 5698 2589 5755 in
2621 5716 2919 5771 vesperam
2943 5700 3195 5767 differre,
3229 5716 3343 5753 non
3376 5692 3651 5752 omnibus

1962 5868 1969 5874 ,
2009 5786 2278 5844 Patrum“
2307 5790 2644 5862 Probatum,
2672 5790 2861 5863 magis
2877 5790 3206 5849 suadebant
3225 5789 3371 5848 hora
3390 5802 3545 5846 nona
3574 5785 3651 5843 ci-
