3996 6170
387 329 495 384 475

1101 326 1614 383 ONOMASTICON
1652 326 1910 381 RERUM
1946 327 2041 380 ET
2078 327 2477 384 VERBORUM
2514 327 3076 419 DIFFICILlORUM.

3686 319 3801 374 476

385 453 528 508 bum
562 468 813 508 sumere.
848 450 1188 519 Cassianus,
1211 449 1404 507 collat.
1438 467 1501 520 ιι,
1526 467 1649 522 cap.
1681 448 1736 518 6,
1762 449 2033 519 loquente
2062 450 2117 516 Α
2148 456 2393 506 sanctus
2427 457 2665 508 vocatur
2695 456 2749 507 et
2784 466 3016 507 nonnus
3048 448 3133 504 sic
3168 446 3309 518 agit,
3343 461 3449 517 ego
3506 444 3642 516 quis
3691 449 3800 500 aut

385 543 595 599 abbate
617 542 828 615 Moyse:
854 565 882 592 «
918 542 1143 596 Recens
1173 558 1321 596 escze
1354 542 1645 612 perceptio
1678 545 1798 596 tam
1839 541 1895 595 in
1938 558 2035 596 ve-

386 631 689 702 spertinis,
723 647 901 702 quam
934 631 992 683 in
1029 631 1334 685 nocturnis
1366 629 1729 685 orationibus
1788 636 2023 685 tenuem

390 721 694 792 levemque
726 737 967 776 sensum
995 738 1111 775 non
1145 722 1286 776 sinit
1314 720 1562 776 inveniri
1598 738 1609 774 :
1637 722 1763 777 ideo
1779 738 2034 777 comrno‘

386 811 530 866 dum
562 811 707 866 satis
730 815 787 865 et
818 810 957 865 utile
991 810 1135 866 hora
1160 828 1315 866 nona
1333 811 1669 867 refectionis
1692 815 1923 882 tempus
1953 811 2034 865 in-

385 900 619 955 dultum
651 903 777 966 est;
810 899 867 953 in
902 916 1016 970 quo
1048 899 1315 955 reﬁciens
1348 899 1675 955 monachus
1694 916 1807 954 non
1842 898 2033 954 solum
2142 899 2415 953 videntur
2443 916 2512 954 ex
2545 898 2747 970 regula
2778 896 3096 961 Benedicti,
3139 912 3267 966 cap.
3325 896 3433 949 63:
3467 916 3496 943 «

2144 547 2360 610 quotus
2391 559 2523 596 sum
2558 547 2621 597 ut
2649 558 2763 597 non
2798 557 2967 612 agam
3001 539 3027 593 ?
3052 560 3079 589 »
3114 536 3346 593 Additio
3380 538 3404 590 1
3440 535 3511 589 ad
3544 536 3791 606 Capitu-

2146 630 2291 685 laria
2322 632 2594 686 Ludovici
2628 632 2791 702 imp.,
2815 631 2884 684 tit
2914 630 3014 684 54:
3052 650 3081 678 «
3133 627 3206 682 Ut
3236 627 3336 698 qui
3375 632 3804 698 praeponuntur

2146 736 2257 774 non
2270 721 2325 775 ni
2356 726 2655 776 vocentur.
2691 742 2714 771 ι)
2752 718 3212 790 Ουωξὶρείεδίιιιο.
3232 717 3407 773 verba
3429 719 3567 771 sunt
3588 713 3800 785 synodi

2144 809 2520 881 Aquisgran.,
2553 826 2707 864 anno
2735 810 2841 863 8l7
2872 808 3221 873 celebratae,
3269 822 3397 877 quae
3447 804 3806 859 adumbrata

3559 893 3789 948 Priores

382 988 447 1044 in
470 988 773 1043 nocturnis
805 988 1020 1059 vigiliis
1053 989 1197 1044 levis
1230 1006 1294 1044 ac
1318 1005 1561 1054 vacuus,
1610 1005 1810 1044 verum
1855 989 2033 1043 etiam
2138 987 2401 1056 juniores
2433 1004 2570 1043 suos
2612 989 2820 1042 fratres
2863 986 3167 1041 nominent
3198 1005 3211 1052 ;
3260 984 3529 1055 juniores
3594 986 3798 1036 autem

390 1078 452 1132 in
486 1077 632 1149 ipsis
653 1077 998 1148 vespertinis
1022 1076 1497 1134 solemnitatibus
1522 1078 1747 1150 digesto
1767 1079 1884 1149 jam
1907 1080 2036 1134 cibo
2143 1079 2366 1150 priores
2398 1096 2535 1135 suos
2566 1079 2803 1134 Nonnos
2829 1081 3053 1147 vocent,
3085 1078 3240 1148 quod
3289 1074 3642 1147 intelligitur
3693 1090 3801 1145 pa-

391 1168 690 1223 invenitur
737 1167 1102 1238 aptissimus.
1142 1189 1169 1216 »

456 1266 681 1321 ΝοΝΝΑ.
716 1266 850 1321 Vita
874 1264 1215 1333 Hilarionis,
1247 1266 1305 1320 in
1357 1266 1635 1339 prologo:
1665 1289 1693 1316 «
1734 1268 1921 1323 Decus
1968 1285 2033 1323 ac

382 1356 639 1427 dignitas
652 1355 948 1427 virginum
968 1372 1165 1410 nonna
1181 1355 1390 1410 Asella.
1419 1377 1440 1405 ι
1462 1356 1591 1411 Vita
1606 1357 1851 1412 Joannis
1871 1358 2033 1413 Else-

2142 1172 2307 1223 terna
2340 1162 2680 1225 reverentia.
2718 1190 2746 1217 »

2216 1257 2634 1328 Illud‘quoque
2667 1261 2916 1325 constat,
2950 1256 3143 1311 Nonna
3173 1254 3347 1310 etiam
3388 1268 3602 1310 nomen
3657 1270 3803 1325 pro-

2144 1346 2339 1417 prium
2373 1347 2577 1411 fuisse,
2610 1345 3051 1417 Moschopulus,
3085 1343 3213 1417 Περὶ
3247 1339 3459 1417 σχεδῶν
3492 1360 3626 1416 pag.
3678 1343 3758 1398 93
3787 1360 3801 1398 :

383 1444 726 1517 mosynarii,
768 1460 896 1515 cap.
957 1445 1062 1499 1οε
1113 1466 1140 1494 ‹‹
1193 1444 1442 1499 Obsecro
1494 1449 1572 1512 te,
1633 1462 1848 1501 nonna.
1885 1468 1911 1495 »
1969 1448 2035 1502 Et

2159 1434 2278 1491 HW
2290 1456 2340 1501 α,
2373 1433 2581 1507 κύριον.

384 1550 513 1605 cap.
549 1535 651 1588 116:
685 1535 877 1589 Nonna
918 1535 1162 1604 Pelagia.
1221 1535 1352 1589 Vita
1408 1536 1601 1589 Maria:
1659 1536 2032 1608 ZEgyptiacaz,

383 1642 509 1696 cap.
546 1627 611 1680 17
636 1642 648 1679 :
676 1646 701 1677 ι
735 1625 1103 1695 Accipebaac,
1132 1643 1345 1681 nonna.
1379 1646 1406 1673 ››
1440 1626 1729 1699 Pelagius,
1756 1628 2030 1696 libel.vu,

2213 1527 2450 1581 NONUM.
2485 1524 2778 1595 Pelagius,
2810 1524 3005 1580 libello
3035 1541 3137 1593 vn,
3172 1540 3335 1577 num.
3364 1524 3437 1577 7:
3468 1544 3486 1571 ι
3521 1521 3808 1577 Dicebant

2143 1615 2212 1671 de
2244 1615 2452 1670 abbate
2483 1615 2811 1684 Theodoro,
2843 1620 2899 1669 et
2930 1614 3138 1669 abbate
3166 1613 3341 1667 Lucio
3376 1613 3446 1667 de
3478 1616 3638 1666 Nono
3660 1610 3797 1666 Ale-

382 1731 548 1770 num.
585 1715 682 1770 1οε
714 1736 741 1765 ‹‹
772 1714 1589 1783 Nonnaista,veninobigcum
1608 1718 1677 1772 ad
1698 1718 2032 1773 balneum,»
2140 1705 2419 1759 xandriaa.
2456 1727 2482 1753 ››
2514 1704 2659 1759 Mira
2690 1704 2785 1758 hic
2816 1710 2941 1758 erat
2972 1702 3291 1757 lectionum
3324 1702 3598 1766 varietas,
3657 1700 3796 1756 aliis

383 1805 739 1874 Frequenter
763 1803 880 1858 haec
901 1819 1009 1857 vox
1037 1820 1137 1873 pro
1161 1802 1437 1875 religiosa
1461 1810 1646 1861 matre
1669 1822 1769 1861 seu
1797 1807 2035 1863 domina
2065 1817 2111 1882 Β
2141 1795 2212 1849 de
2240 1795 2404 1860 Νουον
2436 1793 2567 1848 aliis
2598 1794 2670 1847 de
2700 1797 2912 1862 Νθηηο,
2973 1791 3104 1882 aliis
3149 1792 3234 1882 -άϐν
3271 1791 3382 1847 ίθθο
3438 1790 3798 1882 198°”?st-

389 1892 659 1948 occurrit.
712 1891 1119 1964 Hieronymus,
1154 1894 1325 1964 epist.
1357 1895 1448 1959 22,
1498 1895 1568 1949 ad
1630 1896 2033 1964 Eustochium,

2159 1882 2324 1937 )bxia
2356 1882 2609 1952 cuipiam
2632 1882 2967 1951 conjectura
2997 1881 3094 1947 sit,
3128 1880 3193 1936 de
3217 1881 3381 1935 Νοιηο
3412 1878 3790 1945 Alexandriae,

381 1980 462 2037 De
483 1980 816 2053 virginitate
843 1982 1164 2037 servanda:
1201 2002 1223 2030 ι
1249 1983 1395 2049 Quia
1419 1984 1764 2040 maritorum
1789 1993 2035 2057 experta:

2159 1973 2299 2043 ιιιοά
2336 1975 2791 2044 ἐΕςγρὶιιε,ῐθεὶθ
2825 1971 3013 2035 Plino,
3046 1970 3143 2026 lib.
3179 1988 3235 2037 v,
3268 1986 3397 2041 cap.
3428 1970 3483 2034 9,
3507 1969 3695 2023 divisa
3728 1969 3808 2021 sit

382 2071 777 2134 dominatum,
810 2069 1114 2125 viduitatis
1147 2072 1462 2142 praeferunt
1484 2072 1836 2141 libertatem,
1862 2056 2035 2131 castae

2163 2079 2195 2116 n
2230 2078 2434 2135 nqmos
2464 2077 2565 2115 seu
2597 2061 2995 2130 prafecturas,
3030 2058 3185 2114 inter
3210 2076 3359 2130 quos
3393 2074 3605 2113 nomus
3652 2056 3790 2111 Ale-

382 2164 666 2215 vocantur
695 2164 751 2213 et
780 2175 1012 2213 nonnaa.
1047 2181 1075 2209 »
1111 2160 1291 2228 Idem,
1326 2161 1495 2232 epist.
1526 2163 1617 2230 99,
1652 2163 1722 2216 ad
1753 2164 2030 2219 Asellam:

2159 2153 2417 2219 :andriae,
2452 2162 2515 2206 ut
2546 2152 2632 2207 vel
2666 2157 2925 2222 uterque,
2957 2150 3043 2206 vel
3079 2150 3292 2206 Lucius
3323 2154 3479 2205 certe
3517 2150 3589 2203 de
3614 2164 3794 2203 nomo

388 2270 418 2301 «
440 2249 656 2304 Nonum
685 2252 1035 2303 vocarentur
1057 2252 1114 2303 et
1136 2252 1373 2303 sanctae.
1404 2274 1425 2302 ι
1455 2250 1563 2306 Ubi
1592 2269 1693 2322 pro
1726 2268 1929 2310 nonne
1953 2255 2034 2308 ir-

2159 2243 2349 2296 1044
2379 2241 2738 2297 Alexandria
2771 2241 2976 2309 fuerit;
3011 2256 3110 2295 seu
3147 2240 3256 2295 hoc
3290 2240 3516 2294 nictum
3558 2238 3657 2307 sit,
3719 2238 3793 2292 ad

386 2341 650 2409 repserat
680 2336 945 2393 dominae.
999 2336 1357 2400 Bonifacius,
1420 2340 1866 2412 archipiseopus
1916 2343 2035 2398 Mo-
2140 2330 2391 2401 Patriam
2423 2345 2625 2385 eorum
2660 2330 3207 2394 demonstrandam.
3232 2328 3356 2383 Sive
3390 2328 3463 2382 οὶ)
3491 2343 3800 2382 conversa-

387 2431 559 2499 gunt.
589 2425 763 2498 epist.
790 2426 893 2481 l9:
926 2448 954 2475 ‹‹
988 2425 1047 2480 Si
1070 2443 1205 2481 reus
1235 2426 1512 2483 inventus
1546 2429 1744 2496 fuerit,
1788 2434 1852 2485 ut
1900 2448 2033 2485 cum
2139 2421 2316 2475 ῐίοηίε
2364 2419 2579 2481 locum.
2614 2419 2735 2475 Sive
2766 2420 2837 2474 ad
2893 2418 3327 2474 distinctionem
3391 2417 3643 2473 aliorum
3695 2416 3797 2486 qui

385 2514 575 2572 velata
597 2519 655 2571 et
682 2519 1022 2571 consecrata
1053 2516 1300 2571 Domino
1334 2533 1528 2572 nonna
1551 2520 2031 2575 concubuisset.»
2144 2511 2349 2564 eodem
2384 2510 2782 2565 censebantur
2810 2508 3066 2563 nomine.

385 2604 611 2661 Ibidem
643 2604 825 2659 habes
854 2602 1135 2659 adulteria
1192 2609 1244 2660 et
1298 2608 1642 2663 monasteria
1693 2624 2029 2664 nOnnarum.
2211 2607 2397 2662 Alicui
2432 2609 2550 2663 fors
2582 2608 2640 2661 in
2677 2611 2928 2662 mentem
2961 2605 3159 2662 veniat
3186 2606 3284 2672 N0,
3333 2604 3536 2660 Ezech.
3569 2622 3680 2659 xxx
3734 2609 3792 2659 et

385 2694 601 2767 Synodi
634 2709 869 2766 quoque
900 2711 933 2749 a
956 2693 1249 2749 Bonifacio
1272 2702 1656 2767 congregatas,
1682 2714 1829 2769 quas
1851 2699 2033 2755 habes
2137 2697 2374 2753 Nahum
2408 2714 2492 2764 ιιι,
2528 2698 2681 2769 quod
2718 2697 2885 2751 divus
2926 2696 3317 2767 Hieronymus
3374 2700 3431 2749 et
3483 2693 3794 2750 Chaldaeus

387 2782 816 2856 Capitularium
852 2782 952 2838 lib.
976 2800 1033 2853 v,
1057 2782 1150 2838 tit.
1175 2786 1229 2851 2,
1252 2784 1306 2851 3,
1332 2802 1664 2842 nonnarum
1686 2787 2031 2843 meminere.
2139 2787 2541 2842 Alexandriam
2572 2786 2801 2858 [Egypti
2827 2786 3311 2857 interpretantur.

384 2874 448 2928 In
482 2889 731 2945 quarum
765 2871 994 2943 prima:
1036 2895 1055 2921 α
1082 2872 1365 2929 Similiter
1390 2879 1449 2930 et
1470 2892 1672 2931 nonnae
1705 2880 1903 2933 velata;
1934 2894 2030 2932 ea-
2211 2886 2320 2940 Sed
2360 2884 2728 2940 verissimam
2753 2884 2993 2939 omnino
3018 2883 3327 2938 lectionem
3374 2881 3669 2951 existimo,
3733 2882 3800 2937 de

388 2962 522 3018 dem
551 2960 894 3033 paenitentia
923 2962 1350 3019 contineantur.
1386 2988 1408 3016 ι
1448 2968 1511 3021 In
1535 2965 1716 3021 altera
1749 2982 1761 3020 :
1801 2989 1828 3017 »
1858 2966 2032 3022 Simi-
2136 2975 2289 3030 Νοηο
2314 2974 2686 3041 Alexandria,
2723 2974 2776 3027 id
2812 2978 2922 3037 est,
2955 2974 3026 3028 de
3058 2990 3209 3028 nono
3260 2972 3630 3028 Alexandria;
3684 2970 3797 3026 cli.

388 3050 522 3107 liter
546 3054 602 3107 et
627 3050 899 3106 monachi
922 3055 978 3107 et
1007 3068 1235 3109 nonnae.
1273 3073 1298 3104 ι
1333 3053 1493 3110 Visio
1522 3054 1801 3125 Flotildaa,
1822 3056 2033 3129 pagina
2140 3069 2296 3120 mute
2329 3079 2431 3119 seu
2460 3064 2715 3134 regione,
2754 3061 3041 3133 siquidem
3062 3061 3471 3117 Alexandriam
3495 3061 3555 3116 in
3608 3061 3800 3133 regio-

382 3140 529 3195 206:
568 3160 595 3192 ι
626 3139 787 3195 Vidit
825 3158 888 3197 se
918 3157 1046 3197 esse
1077 3141 1135 3196 in
1165 3143 1422 3213 quodam
1454 3160 1679 3200 amoeno
1729 3144 1875 3212 loco,
1936 3163 2031 3201 ve-

2159 3170 2250 3208 nes
2283 3169 2382 3207 seu
2417 3152 2656 3207 climata
2688 3150 3042 3220 divisam(ut
3071 3155 3128 3205 et
3156 3150 3298 3205 olim
3329 3150 3800 3219 Roma)innuunt

393 3228 639 3299 lumque
670 3230 905 3302 nigrum
931 3247 991 3286 se
1022 3236 1384 3304 supercaput
1406 3232 1639 3301 habere,
1670 3234 1739 3289 de
1763 3250 1878 3304 quo
1897 3250 2031 3289 cum

402 3319 1009 3392 requisisset.audivit
1030 3322 1182 3392 quod
1204 3321 1327 3377 fieri
1352 3339 1549 3378 nonna
1563 3323 1854 3378 deberet.»
1879 3323 2035 3379 Glos-

391 3409 615 3465 sarium
648 3408 1112 3466 Camberonense
1144 3410 1247 3466 Ms.
1292 3411 1765 3482 Sanctimonialis,
1817 3431 2033 3483 nunna,

385 3497 680 3568 monacho,
712 3498 996 3553 monialis.

458 3600 677 3651 Nonne?
702 3594 977 3650 videntur
1006 3599 1061 3651 et
1090 3613 1367 3653 nonnanae
1397 3599 1586 3654 dictae.
1616 3599 1921 3671 Colligitur
1968 3617 2037 3656 ex

389 3683 822 3755 Capitularium
856 3684 957 3740 lib.
986 3687 1035 3752 1,
1068 3686 1154 3741 tit.
1189 3687 1276 3755 47',
1303 3688 1402 3743 ubi
1426 3688 1729 3760 inscriptio
1750 3682 1843 3745 est
1870 3707 1883 3745 :
1911 3690 2035 3745 Cle-

386 3773 526 3827 rici:
554 3775 607 3827 et
626 3774 941 3828 Nonnanis.
965 3774 1035 3827 Et
1063 3774 1339 3830 subditur
1355 3792 1540 3832 canon
1573 3777 1802 3833 concilii
1827 3779 2037 3834 Laodi-

394 3860 545 3927 ceni,
573 3860 716 3930 quod
745 3877 857 3915 non
887 3866 1131 3932 oporteat
1178 3864 1439 3921 mulieres
1468 3866 1540 3920 ad
1569 3867 1747 3923 altare
1776 3867 2035 3941 ingredi.

386 3948 799 4005 Traditionum
828 3949 1210 4008 Fuldensium
1243 3952 1346 4009 lib.
1381 3972 1442 4024 ιι,
1475 3973 1533 4010 ιι.
1559 3956 1650 4025 38,
1707 3973 1838 4028 pag.
1888 3958 2032 4013 509:

393 4059 421 4092 ι
454 4038 756 4111 Reliquais
788 4056 936 4111 quas
980 4042 1269 4099 Einhildis
1317 4045 1617 4102 abbatissa
1669 4046 1925 4117 donavit,
1982 4050 2039 4102 et

396 4128 644 4183 tradidit
674 4127 793 4184 illis
825 4132 1137 4187 nonnanis.
1174 4154 1201 4182 »

461 4224 605 4280 Item
637 4241 945 4282 nonnanes.
980 4227 1402 4300 Capitularium
1436 4230 1539 4287 lib.
1569 4249 1624 4302 v,
1650 4232 1741 4288 tit.
1771 4234 1841 4286 78
1870 4250 1884 4289 :
1925 4232 2041 4288 cUt

388 4313 749 4386 condignum
784 4316 1130 4387 professioni
1162 4334 1362 4375 eorum
1397 4322 1730 4377 custodiam
1788 4322 2042 4377 habeant

388 4404 676 4473 canonici,
714 4404 801 4460 vel
835 4406 1111 4462 monachi
1132 4412 1303 4479 atque
1328 4426 1653 4467 nonnanes.
1682 4412 1795 4466 »Et
1817 4410 1918 4467 lib.
1939 4428 2039 4480 vn,

387 4491 483 4545 tit.
516 4491 659 4547 3l6:
695 4514 723 4542 «
760 4493 1045 4551 Similiter
1065 4500 1122 4551 et
1144 4514 1449 4555 nonnanes
1471 4500 1669 4556 velatae
1692 4502 1895 4556 eadem
1921 4518 2038 4572 poe-

386 4578 637 4634 nitentia
656 4582 986 4641 teneantur.
1027 4604 1053 4637 ι
1080 4586 1245 4641 Unde
1275 4586 1457 4644 Gallis
1486 4589 1747 4645 nonnius.
1782 4590 1922 4646 Eam
1939 4606 2039 4644 vo-

387 4682 514 4722 cem
545 4668 763 4725 frustra
794 4672 863 4725 ad
897 4672 1303 4731 Germanicam
1329 4678 1778 4748 originationem
1804 4679 2040 4733 deducit

384 4754 555 4812 Vitus
590 4760 1022 4818 Amerbachius
1054 4765 1207 4820 notis
1236 4765 1359 4822 suis
1390 4768 1462 4822 ad
1520 4767 1878 4839 Capitularia
1935 4784 2035 4823 seu

390 4843 854 4904 Constitutiones
878 4850 1067 4906 Caroli
1100 4852 1317 4925 Magni.

464 4941 874 5015 Hieronymus,
907 4947 1077 5018 epist.
1104 4951 1171 5005 47
1213 4953 1282 5008 ad
1334 4956 1581 5008 matrem
1631 4956 1687 5009 et
1734 4952 1915 5007 ﬁliam
1977 4952 2037 5007 in

387 5028 570 5086 Gallia
603 5040 1035 5093 commorantes
1065 5040 1388 5097 adulationi
1409 5041 1645 5098 titulum
1666 5041 2037 5097 nonnz’ascri-

384 5118 505 5174 bit:
542 5121 791 5186 «Quaein
808 5125 1207 5184 adulationem
1232 5131 1316 5185 tui
1340 5140 1609 5187 sanctum
1649 5148 2033 5204 nonnumque

394 5222 589 5264 coram
624 5215 679 5267 te
710 5218 898 5270 vocat.
924 5217 1260 5274 »Arnobius
1284 5220 1631 5276 similiterin
1658 5221 1875 5277 Psalm.
1909 5237 2033 5276 CXL:

388 5317 418 5348 ‹‹
444 5296 769 5357 Adulantes
800 5304 969 5360 nobis
1003 5306 1271 5372 invicem,
1291 5310 1348 5364 in
1374 5309 1645 5383 praesenti
1669 5310 1863 5382 positi,
1896 5328 2037 5366 san-

388 5389 513 5442 ctos
552 5403 830 5447 vocamus
861 5398 918 5449 et
949 5412 1212 5466 nonnos;
1250 5399 1523 5456 absentes
1554 5416 1693 5459 vero.
1737 5400 1819 5454 ita
1875 5414 2035 5454 mor-

385 5474 600 5533 demus
636 5484 814 5551 atque
845 5484 1231 5556 percutimus,
1266 5494 1328 5544 ut
1359 5494 1511 5545 recte
1570 5488 1818 5545 canibus
1875 5504 2035 5544 com-

385 5580 683 5637 paremur.
717 5594 739 5623 ι
779 5572 938 5629 Idem
970 5576 1028 5629 in
1057 5576 1211 5633 Psal.
1236 5595 1325 5646 cv,
1347 5596 1415 5635 ea
1434 5595 1572 5635 voce
1595 5578 1819 5634 utitur:
1853 5595 1875 5623 α
1899 5577 2039 5632 Ter-

384 5670 536 5712 rena
570 5663 798 5717 mentes
828 5662 1270 5723 interficiuntur
1300 5668 1408 5725 hoc
1440 5667 1644 5726 ordine
1670 5684 1683 5723 :
1718 5665 1776 5723 Si
1808 5664 1904 5722 ille
1935 5667 2034 5739 qui

2147 3241 2514 3307 Ammianus,
2551 3239 2653 3295 lib.
2688 3256 2826 3306 χχιι,
2864 3240 2961 3294 ubi
2988 3239 3283 3306 Bruchion,
3317 3256 3447 3311 quae
3470 3239 3623 3310 apud
3657 3237 3797 3292 Ale-

2143 3330 2476 3394 xandriam,
2499 3330 2971 3401 vocatregionum
2992 3329 3297 3383 maximam
3317 3333 3567 3400 partem;
3588 3330 3646 3382 et
3660 3327 3796 3397 Epi-

2145 3420 2422 3491 phanius,
2455 3417 2556 3473 lib.
2587 3418 2667 3473 De
2690 3417 3050 3489 ponderibus
3082 3422 3139 3473 et
3162 3417 3482 3482 mensuris,
3507 3433 3639 3488 pag.
3662 3417 3794 3483 536,

2149 3508 2442 3582 βρουχεῖον
2464 3511 2630 3563 vocat
2658 3504 2833 3577 κλίμα
2862 3512 2963 3574 τῆς
2997 3502 3357 3581 Ἀλεξυνὸρου
3388 3502 3630 3569 πόλεως,
3662 3508 3801 3571 Quae

2144 3598 2316 3653 lectio
2348 3596 2651 3653 verissima
2682 3595 2919 3651 omnino
2952 3600 3058 3651 est.
3093 3596 3239 3651 Nam
3274 3596 3373 3668 qui
3407 3594 3498 3650 his
3530 3594 3799 3650 Theodo-

2146 3705 2248 3743 rus
2270 3688 2487 3742 dicitur
2515 3686 2580 3743 de
2607 3687 2778 3755 Nono,
2813 3686 2967 3755 apud
3019 3686 3291 3741 eumdem
3344 3684 3669 3756 Pelagium,
3731 3683 3802 3737 li-

2146 3776 2298 3832 bello
2342 3794 2423 3845 x1,
2489 3792 2651 3830 num.
2690 3776 2746 3843 2,
2809 3774 3025 3830 dicitur
3082 3775 3391 3831 Theodorus
3448 3774 3512 3830 de
3566 3776 3805 3839 Ennato,

2145 3868 2297 3937 quod
2332 3871 2421 3921 est
2450 3865 2605 3920 idem
2640 3866 2794 3937 quod
2825 3865 2889 3920 de
2920 3866 3087 3921 Nono.
3121 3866 3214 3921 Sic
3257 3863 3455 3919 libello
3488 3880 3589 3931 xu,
3628 3880 3799 3918 num.

2144 3958 2198 4023 9,
2229 3956 2444 4012 dicitur
2474 3957 2672 4011 Lucius
2704 3955 2765 4009 in
2786 3957 3033 4021 Ennato,
3068 3955 3126 4010 id
3159 3958 3269 4019 est,
3303 3958 3483 4020 Nono,
3526 3953 3806 4009 videlicet

2146 4046 2382 4102 climate
2412 4045 2798 4101 Alexandriae.
2835 4044 2928 4100 Sic
2957 4044 3016 4099 in
3051 4043 3294 4099 Menaeis
3325 4043 3562 4109 Graecis,
3595 4043 3630 4097 9
3688 4042 3804 4097 Oc-

2146 4134 2352 4205 tobris,
2386 4135 2443 4189 in
2468 4134 2597 4188 Vita
2630 4134 2943 4189 Andronici
2976 4137 3032 4188 et
3060 4133 3395 4188 Athanasiae
3420 4131 3803 4187 anachoreta-

2154 4241 2286 4279 rum
2320 4223 2502 4279 habes
2534 4218 3026 4289 ὀατωκαιδὲκατον,
3060 4232 3309 4277 octavum
3366 4221 3661 4287 decimum,
3714 4221 3802 4276 vel

2149 4313 2348 4378 clima,
2380 4312 2465 4367 vel
2497 4313 2928 4381 suburbanum,
2956 4312 3048 4367 vel
3079 4312 3411 4367 coenobium
3455 4312 3607 4383 apud
3670 4311 3803 4366 Ale-

2146 4403 2475 4459 xandriam.
2514 4402 2647 4456 Vide
2678 4404 2963 4457 ENNATUM
2994 4406 3050 4457 et
3076 4402 3407 4457 SEPTIMUM.

2218 4496 2474 4552 OBULUS.
2510 4497 2828 4566 Palladius,
2862 4514 2991 4568 cap.
3028 4499 3130 4553 1οε
3163 4520 3191 4549 ‹‹
3226 4498 3334 4562 Qui
3359 4513 3429 4553 ne
3455 4498 3609 4552 duos
3674 4498 3804 4567 qui-

2149 4588 2280 4641 dem
2315 4586 2520 4641 obolos
2553 4587 2840 4658 despexit.
2876 4609 2905 4637 »
2939 4586 3236 4643 Palladius
3276 4586 3370 4641 hic
3422 4586 3557 4641 duo:
3604 4586 3806 4649 obolos,

2150 4671 2243 4727 δύο
2282 4668 2542 4743 ὀϐολούς,
2596 4674 2871 4747 appellat,
2906 4693 3034 4747 quae
3066 4675 3247 4731 Marci
3292 4692 3394 4741 xn,
3456 4674 3547 4741 42,
3590 4690 3808 4729 vocan-

2147 4769 2244 4820 tur
2273 4761 2446 4817 λεπτὰ
2476 4759 2593 4831 δύο,
2624 4764 2653 4817 ’ὀ
2683 4760 3012 4839 κοδράντης,
3054 4764 3158 4819 duo
3215 4766 3461 4831 minuta,
3517 4765 3668 4834 quod
3728 4767 3807 4818 est

2144 4853 2451 4926 quadrans.
2488 4854 2665 4925 Atqui
2697 4853 2851 4909 oboli
2884 4861 3093 4925 quarta
3135 4870 3271 4925 pars
3330 4858 3419 4908 est
3474 4852 3801 4924 quadrans.

2147 4946 2258 5001 Sed
2291 4944 2386 5000 hic
2408 4944 2663 5000 sumitur
2693 4944 2884 5000 obolus
2919 4962 3020 5016 pro
3055 4944 3297 5000 minimo
3330 4959 3540 5016 genere
3595 4958 3805 4997 mone-

2147 5038 2240 5091 tae.
2273 5035 2441 5106 Apud
2496 5035 2671 5099 LXX,
2724 5034 2901 5090 Exodi
2960 5053 3001 5102 1,
3059 5036 3149 5103 30,
3204 5027 3405 5095 ὀϐολὸς
3466 5031 3809 5105 appellatur

2150 5141 2430 5181 nummus
2458 5124 2912 5195 quivigesimam
2938 5128 3162 5195 partem
3185 5122 3516 5179 didrachmi
3541 5122 3801 5189 valebat,

2145 5216 2265 5272 sive
2299 5213 2448 5281 sicli,
2499 5211 2667 5267 εἷ’κοσι
2727 5207 2921 5267 ὅϐολοὶ
2984 5210 3314 5288 δίδραχμον.
3374 5211 3625 5285 Vulgata
3677 5211 3805 5267 Lat.

2144 5306 2332 5362 Siclus
2364 5304 2608 5372 vinginti
2628 5303 2807 5359 obolos
2838 5304 3019 5360 habet.
3055 5309 3306 5360 Faon'ro.

2216 5401 2394 5457 Oasls
2415 5417 2753 5457 'rsanmuu.
2780 5401 2844 5455 Ἡ
2867 5402 2956 5455 ὑπ’
2978 5401 3203 5476 οὐρανόν
3253 5399 3577 5466 Palladius,
3603 5399 3809 5471 cap.t9

2144 5494 2201 5547 et
2227 5491 2298 5545 2O
2322 5508 2376 5545 τι
2404 5489 2717 5546 Dicebatur
2739 5492 2947 5563 majori
2969 5496 3231 5564 tempore
3249 5505 3382 5545 cum
3411 5490 3523 5545 Deo
3557 5488 3811 5552 versari,

2144 5594 2261 5650 qua
2283 5578 2463 5650 hujus
2477 5578 2635 5637 orbis
2649 5597 2751 5637 seu
2767 5581 2974 5637 mundi
2993 5582 3166 5638 rebus
3179 5573 3813 5651 occupari..»’E).t7c-co

2148 5666 2361 5741 μᾶλλον
2384 5672 2464 5742 τῷ
2479 5666 2693 5725 πλείονι
2708 5668 2899 5747 χρόνῳ
2911 5662 3351 5748 προσδιατρίϐειν
3375 5668 3556 5741 Θεῷ,ἢ
3576 5672 3695 5730 τοῖς
3717 5663 3818 5720 ὑπ’
