3996 6170
208 378 322 433 477

937 372 1445 429 ΟΝΟΜΔΒΤΙΟΟΝ
1483 375 1741 428 RERUM
1779 376 1862 427 ΕἸ

1994 378 2308 434 lRBORUM
2349 377 2907 434 DIFFICILIORUM.

3524 369 3628 424 478

199 499 431 576 οὐρανὸν
466 495 799 572 πράγμασιν,
827 497 1105 552 Hervetus
1146 501 1436 552 verterat:
1471 519 1499 547 «
1556 495 1862 551 Dicebatur

2049 501 2234 557 Etiam
2287 503 2654 559 sacerdotum
2707 516 2918 555 manus
2963 496 3402 552 osculabantur.
3436 494 3629 549 Habes

202 591 417 663 majori
454 597 712 658 tempore
743 586 831 641 vel
864 603 996 641 cum
1034 586 1154 641 Deo
1204 587 1292 641 vel
1324 587 1382 641 in
1434 587 1609 641 rebus
1650 587 1868 663 versari

200 659 571 738 cml'estibus.
607 699 636 726 ››
670 677 883 732 Fronto
916 676 974 730 in
1007 676 1206 730 Graeco
1239 675 1396 746 lcgii,
1431 675 1465 744 ἢ
1497 678 1612 734 τοῖς
1645 680 1744 741 τῆς
1779 659 1869 726 ὐπ’

202 766 680 844 οὐρανόν.νοοᾶΓί
701 765 861 820 enim
885 765 966 820 ait
997 781 1091 820 res
1115 765 1451 819 mundanas
1482 769 1536 819 et
1558 763 1868 819 saeculares

197 858 271 913 τὰ
298 854 595 931 πράγματα
619 859 720 922 τῆς
752 852 843 907 ὐπ’
873 853 1125 928 οὐρανόν.
1153 852 1316 909 Unde
1335 851 1655 909 Heraclidis
1686 855 1868 907 inter-

201 965 339 1022 pres
365 962 379 1004 :
401 969 432 996 »
468 946 535 1000 Et
565 943 902 1000 caelestibus
934 943 1188 1014 amplius
1220 959 1396 1013 quam
1422 941 1668 997 terrenis
1690 957 1866 1013 nego-

197 1039 303 1094 ιίξε
335 1036 648 1091 interesse,
676 1055 704 1080 »
735 1031 848 1097 Τὴν
883 1030 968 1084 ὑπ’
1001 1029 1228 1104 οὐρανὸν
1255 1032 1561 1102 Scriptura
1593 1040 1868 1087 terrarum

199 1127 390 1183 orbem
420 1122 699 1196 appellat.
757 1120 1116 1192 Theophilus
1163 1121 1233 1175 ad
1282 1120 1656 1189 Autolycum,
1689 1121 1789 1175 lib.
1826 1137 1866 1187 ι,

197 1216 290 1270 καὶ
316 1214 390 1274 ὡς
408 1209 671 1289 ἀσφαλεῖς
695 1206 1048 1283 ἔτῖθειπηγάς
1070 1214 1170 1276 τῆς
1190 1208 1278 1261 ὑπ’
1296 1206 1569 1281 οὐρανόν..
1595 1230 1623 1258 ‹‹
1639 1209 1707 1262 Et
1731 1225 1867 1263 cum

200 1306 582 1362 conﬁrmatos
623 1300 876 1372 ponebat
907 1300 1095 1355 fontes
1127 1300 1279 1368 ejus,
1331 1315 1456 1368 quas
1487 1299 1597 1353 sub
1628 1299 1791 1352 caelo.
1832 1320 1852 1346 ι

200 1393 489 1465 Vulgata:
521 1400 574 1446 et
591 1389 855 1446 cardines
887 1389 1034 1444 orbis
1051 1392 1238 1445 terrae.
1270 1387 1363 1442 Sic
1385 1389 1538 1458 apud
1573 1386 1866 1458 Theophi-

201 1483 354 1551 lum,
387 1481 588 1537 infra:
621 1477 850 1554 ἐφώτισε
866 1477 966 1545 τήν
999 1476 1088 1530 ὑπ’
1121 1474 1367 1552 σῦρανὸν,
1405 1499 1430 1525 ‹‹
1453 1476 1753 1531 illuminat
1775 1493 1865 1531 or-

202 1574 341 1629 bem
380 1570 495 1625 sub
525 1570 668 1625 coelo
702 1569 1066 1624 universum.
1101 1589 1122 1615 ιι

275 1661 500 1716 Oasus.
535 1657 731 1714 Oculis
758 1673 988 1723 carens,
1022 1657 1177 1728 quod
1210 1656 1422 1712 Graecis
1454 1653 1543 1708 ἀπ’
1577 1651 1865 1726 ὀμμάτων,

199 1750 374 1822 quasi
397 1749 468 1804 ab
484 1764 584 1804 seu
607 1765 683 1803 ex
705 1748 903 1802 oculis.
932 1745 1384 1816 Palladius,cap.
1410 1747 1440 1799 4
1464 1762 1477 1800 :
1504 1767 1532 1796 «
1560 1746 1866 1815 Didymus,

197 1839 304 1911 qui
339 1838 449 1893 fuit
473 1838 674 1894 orbus.
705 1859 732 1886 »
765 1836 792 1889 6
827 1835 931 1889 ἀπὸ
960 1832 1224 1906 ὀμμάτων
1248 1835 1560 1906 γενόμενος.
1601 1831 1739 1886 Ἀπὸ
1771 1829 1866 1902 ὀμ·

1979 589 2072 645 hic
2132 593 2202 647 de
2231 593 2542 650 Hilarione.
2593 593 3006 660 Hieronymus,
3040 588 3208 658 epist.
3240 587 3329 653 99,
3363 586 3435 639 ad
3468 583 3630 638 Asel-

1977 678 2116 746 lam,
2148 698 2281 738 cum
2319 684 2506 738 Romae
2536 686 2887 748 versaretur,
2923 684 2979 734 et
3017 679 3142 748 jam
3177 681 3310 730 ante
3359 674 3631 729 sacerdos

1975 772 2294 827 Antiochiae
2327 779 2556 829 creatus
2588 777 2779 828 esset:
2816 794 2835 819 α
2864 767 3299 825 Oseulabantur
3327 764 3471 819 mihi
3503 781 3630 818 ma-

1978 877 2090 916 nus
2115 863 2378 929 quidam,
2410 868 2467 918 et.
2498 880 2596 918 ore
2619 863 2850 932 vipereo
2883 856 3342 913 detrahebant.»

2045 953 2326 1006 Oscuuuu
2385 967 2619 1006 ocums.
2677 950 2814 1004 Vita
2892 945 3056 1001 Pauli
3108 941 3281 1014 primi
3353 941 3634 1006 eremitae,

1976 1055 2140 1095 num.
2177 1040 2274 1094 l2:
2314 1060 2340 1091 α
2392 1039 2685 1096 Osculatis
2734 1037 3001 1110 [Vallars.
3033 1079 3045 1103 ,
3096 1029 3474 1100 exosculatis]
3507 1028 3636 1098 ejus

1975 1129 2162 1185 oculis
2208 1131 2616 1202 manibusque.
2656 1152 2681 1178 ››
2717 1130 2846 1183 Vita
2891 1124 3154 1181 Melania
3213 1119 3463 1192 iunioris
3503 1118 3637 1187 Ms.,

1975 1235 2100 1291 cap.
2132 1221 2162 1274 4
2194 1221 2264 1275 de
2296 1223 2512 1277 Serena
2552 1218 2921 1290 imperatrice
2955 1221 3011 1272 et
3053 1215 3340 1272 Melania:
3377 1235 3404 1261 ‹‹
3438 1215 3506 1264 Et
3529 1209 3636 1263 ite-

1973 1325 2103 1362 rum
2139 1309 2498 1380 amplectans
2521 1308 2980 1379 constringebat,
3006 1310 3062 1359 et
3092 1303 3471 1361 osculabatur
3505 1315 3634 1354 eam

1974 1401 2030 1452 et
2062 1399 2262 1453 oculos
2294 1400 2501 1468 ejus.»
2557 1398 2881 1460 Ennodius,
2935 1394 3034 1448 lib.
3071 1411 3167 1460 vn,
3219 1392 3389 1463 epist.
3440 1389 3524 1455 14,
3561 1388 3632 1441 ad

1975 1487 2444 1543 Archotamiam:
2486 1512 2505 1536 α
2544 1492 2617 1541 Ut
2647 1504 2782 1543 cum
2816 1486 3031 1539 domno
3087 1500 3216 1537 meo
3272 1479 3633 1552 presbytero,

1974 1576 2210 1646 utrique
2234 1576 2567 1631 osculantes
2590 1591 2799 1629 manus
2824 1577 2880 1627 et
2902 1571 3102 1627 oculos
3125 1576 3280 1625 tuos.
3319 1589 3346 1617 ››
3365 1567 3547 1623 Credo
3572 1569 3637 1619 ut.

1974 1663 2055 1718 ita
2086 1667 2464 1720 ostenderent
2486 1666 2635 1734 quod
2671 1681 2731 1718 se
2764 1662 2965 1717 oculos
2993 1666 3192 1716 contra
3223 1660 3433 1714 charos
3457 1655 3636 1710 habe-

1974 1757 2122 1806 rent.
2159 1754 2252 1807 Sic
2284 1759 2618 1808 sanctorum
2653 1769 2888 1818 manus,
2924 1745 3421 1818 reliquias,oculis
3448 1742 3637 1814 appli-

1975 1841 2207 1895 cabant.
2256 1843 2388 1896 Vita
2441 1841 2731 1897 Simeonis
2760 1838 3001 1910 Stylitre,
3044 1854 3171 1907 cap.
3209 1837 3316 1888 l7:
3356 1854 3382 1885 α
3427 1832 3637 1887 Manus

203 1898 390 1998 ᾖάτων
424 1931 648 1982 vertere
679 1925 872 1997 possis
915 1898 1217 1979 Abecellus.
1257 1898 1448 1977 Utitur
1495 1937 1562 1977 ea
1596 1938 1732 1976 voce
1763 1898 1862 1974 Pe-

1994 1931 2107 2000 ajus
2140 1932 2306 2002 posui
2341 1949 2516 2002 super
2545 1930 2745 1986 oculos
2779 1927 3205 1994 meos,dicens:
3255 1920 3636 1988 Benedic,ob-

198 2021 331 2073 trus
363 2015 681 2083 Blesensis,
710 2014 980 2070 eruditus
1011 2013 1277 2083 scriptor,
1312 2028 1494 2068 serm.
1539 2012 1640 2064 18:
1679 2032 1707 2059 »
1731 2008 1858 2064 Noli

201 2107 375 2177 sequi
398 2103 922 2174 retributiones,ne
948 2103 1162 2157 faciant
1181 2107 1235 2156 te
1250 2117 1447 2156 senem
1471 2098 1860 2155 abocellum.»

199 2198 275 2253 Et
304 2213 485 2253 serm.
520 2195 625 2251 43:
673 2224 700 2250 «
729 2194 946 2249 Excute
980 2209 1219 2248 manum
1254 2198 1415 2247 tuam
1449 2191 1520 2246 ab
1552 2190 1708 2246 omni
1733 2205 1859 2244 mu-

202 2303 364 2355 nere,
401 2302 473 2342 ne
507 2296 712 2357 parcas
745 2284 1011 2357 pauperi,
1046 2299 1118 2339 ne
1143 2299 1388 2338 munera
1408 2281 1862 2337 exoculentteet

204 2378 422 2433 faciant
454 2392 653 2432 senem
687 2373 1036 2430 abocellum.
1074 2396 1102 2423 »
1135 2373 1367 2429 Dictum
1401 2389 1468 2427 ea
1514 2372 1699 2427 forma
1728 2367 1861 2424 Ἀπὸ

203 2463 502 2537 ὀμμάτων,
553 2465 723 2536 quasi
768 2461 1074 2533 Exoculus,
1108 2462 1190 2518 uti
1242 2461 1456 2516 dicitur
1485 2458 1588 2514 ἀπὸ
1623 2458 1860 2528 ὑπάτων,

202 2556 495 2623 cxcomul,
528 2559 584 2610 et
615 2553 853 2610 similia.

273 2644 494 2701 Oscum
561 2659 837 2700 sxctpsas
878 2658 1294 2698 ADVENTANTES.
1360 2641 1496 2695 Vitae
1548 2638 1864 2710 Onuphrii,

203 2752 335 2807 cap.
368 2736 434 2790 8:
475 2757 503 2784 α
535 2733 813 2792 Osculum
839 2733 982 2788 mihi
1017 2732 1177 2803 pacis
1219 2729 1446 2786 tribuit.
1483 2751 1510 2779 ››
1545 2729 1676 2784 Vita
1699 2726 1863 2782 Pauli

205 2823 386 2897 primi
418 2825 695 2886 eremita,
729 2822 919 2894 capite
947 2822 980 2874 8
1016 2843 1044 2870 «
1079 2825 1142 2874 Et
1193 2824 1324 2890 post
1373 2822 1646 2874 sanctum
1696 2833 1864 2872 oscu-

213 2912 367 2969 lum.
394 2935 421 2963 η
445 2911 976 2977 Ammianus,libro
998 2909 1223 2980 xxn,De
1250 2908 1485 2964 Juliano
1519 2907 1684 2978 imp.:
1713 2907 1863 2961 »Os-

205 3003 340 3059 culo
364 3006 707 3074 susceptum
731 3005 1015 3056 rectorem
1039 2998 1338 3071 provincia
1359 2997 1597 3053 nomine
1611 2995 1866 3063 Celsum,

203 3092 332 3163 jam
365 3090 506 3146 inde
529 3108 562 3145 a
593 3089 805 3145 studiis
837 3087 1139 3160 cognitum
1161 3086 1390 3152 Atticis,
1416 3086 1788 3155 ascitumque
1809 3084 1865 3139 in

206 3196 556 3236 consessum
582 3178 833 3235 vehiculi
858 3179 1107 3233 Tarsum
1132 3193 1329 3232 secum
1355 3176 1606 3230 induxit.
1634 3199 1654 3225 ι
1684 3174 1866 3240 Idem,

204 3269 357 3325 libro
391 3287 563 3324 xxrx:
599 3291 626 3317 ‹‹
648 3273 1080 3338 Susceptusque
1114 3283 1246 3321 cum
1299 3264 1498 3320 osculo
1541 3264 1806 3334 (Maurus
1837 3279 1870 3316 a
1901 3267 1943 3334 ρ

206 3358 538 3414 Theodosio
561 3357 732 3428 duce)
764 3356 1039 3427 quoniam
1063 3354 1121 3408 id
1150 3354 1459 3425 republica:
1484 3353 1868 3415 conducebat,

213 3447 381 3503 bonae
411 3446 535 3518 spei
561 3448 688 3519 jam
714 3445 943 3517 plenus,
971 3445 1331 3500 suiﬁcientia
1351 3443 1601 3516 praebuit
1623 3442 1870 3496 alimen-

213 3539 326 3591 ta.»
359 3534 698 3601 Idem,libro
722 3551 836 3590 xxn
866 3551 877 3587 :
905 3555 932 3582 ‹‹
955 3531 1368 3588 Exosculatum
1409 3534 1872 3601 susceptumque

214 3623 564 3690 (Maximum
591 3621 1034 3695 philosophum)
1060 3625 1390 3677 reverenter
1419 3636 1618 3676 secum
1642 3613 1872 3673 induxit

208 3712 500 3784 (Julianus
523 3712 716 3785 imp.).
742 3733 771 3761 ››
789 3711 884 3767 Sic
915 3711 1056 3766 olim
1087 3711 1143 3765 in
1170 3710 1416 3766 ecclesia
1437 3707 1749 3766 Christiani
1775 3724 1867 3762 os-

215 3801 345 3858 culo
374 3806 580 3857 sancto
608 3818 669 3857 se
702 3800 1090 3873 excipiebant.
1125 3799 1264 3856 Vide
1295 3798 1634 3867 Baronium,
1658 3803 1818 3854 tomo
1844 3796 1866 3852 Ι

200 3890 386 3946 Annal
405 3891 550 3945 ium.

268 3980 561 4036 OSCULARI
587 3995 805 4035 manus.
832 3979 965 4035 Vita
987 3979 1326 4047 Hilarionis,
1361 3995 1521 4034 num.
1551 3978 1614 4033 14
1640 3994 1653 4033 :
1681 3978 1865 4032 «San-

203 4070 277 4126 cti
299 4068 627 4124 deosculati
653 4072 793 4124 sunt
810 4084 1078 4124 manus.»
1097 4067 1370 4124 Solemne
1388 4072 1583 4122 autem
1609 4066 1718 4121 fuit
1738 4064 1863 4136 epi-

202 4174 517 4232 scoporum
546 4156 796 4214 maxime
819 4174 1032 4214 manus
1052 4157 1398 4214 exosculari.
1418 4153 1864 4223 Ambrosius,De

202 4246 410 4317 dignit.
436 4246 747 4314 sacerdot.,
775 4247 963 4318 capite
983 4249 1053 4302 2:
1079 4269 1106 4297 «
1140 4246 1364 4318 Quippe
1396 4262 1530 4301 cum
1550 4245 1750 4299 videas
1773 4258 1865 4297 re-

203 4352 336 4408 gum
369 4334 520 4392 colla
550 4341 607 4392 et
637 4335 969 4408 principum
998 4336 1260 4392 submitti
1293 4335 1540 4408 genibus
1569 4333 1862 4404 {sacerdo-

203 4428 351 4493 tum,
383 4428 439 4479 et
468 4423 807 4480 exosculata
837 4440 1037 4479 eorum
1073 4425 1326 4490 dextera,
1361 4441 1422 4480 se
1444 4425 1686 4479 credant
1706 4439 1862 4478 com-

205 4511 445 4568 muniri.
480 4533 508 4566 ι
566 4514 679 4580 [vo,
722 4517 872 4583 part.
913 4530 970 4583 v,
1023 4529 1148 4584 cap.
1182 4513 1307 4580 378,
1341 4513 1452 4570 hoc
1499 4529 1566 4568 ex
1613 4511 1863 4584 epistola

1977 2036 2161 2089 secro,
2217 2021 2292 2075 mi
2345 2020 2598 2077 domine.
2633 2020 2753 2073 »Et
2796 2033 2922 2088 cap.
2973 2017 3027 2081 8,
3080 2016 3149 2069 de
3185 2029 3382 2068 verme
3429 2010 3529 2081 qui
3562 2025 3629 2063 ex

1976 2126 2212 2180 corpore
2233 2112 2359 2181 ejus
2391 2109 2674 2165 ceciderat
2701 2124 2714 2164 :
2755 2128 2775 2155 α
2800 2111 3048 2161 Currens
3080 2100 3469 2175 apprehendit.
3494 2114 3627 2154 eum

1976 2199 2037 2253 in
2071 2200 2206 2266 ﬁde,
2238 2205 2296 2254 et
2329 2199 2523 2268 posuit
2555 2213 2734 2269 super
2765 2195 2964 2251 oculos
2987 2210 3148 2249 suos.
3187 2213 3211 2242 ν

2049 2288 2236 2344 Etiam
2269 2288 2408 2343 olim
2442 2288 2594 2359 apud
2619 2290 2822 2358 gentes
2844 2282 3045 2340 oculos
3076 2281 3631 2337 osculabantur.“-

1977 2375 2200 2443 rianus,
2249 2376 2744 2433 Dissertationum
2794 2374 2894 2428 lib.
2948 2389 3011 2437 ιι,
3047 2387 3176 2441 cap.
3228 2371 3338 2422 20:
3372 2363 3628 2434 Ἠξίωται

1977 2459 2336 2540 δημαρχίας;
2370 2463 2564 2523 πάντες
2594 2461 2645 2515 οἱ
2689 2461 3028 2520 ἀπαντῶντες
3074 2451 3415 2525 συνήδονται,
3458 2447 3630 2511 ἄλλος

1974 2553 2102 2616 τοὺς
2126 2537 2443 2628 ὀφθαλμοὺς
2464 2549 2772 2628 καταφιλεῖ,
2805 2548 2974 2609 ἀλλος
2993 2547 3084 2602 τὸν
3099 2542 3410 2620 τράχηλον,
3431 2542 3482 2595 οἱ
3505 2537 3629 2631 δοῦῖ

1977 2641 2065 2698 λοι
2086 2643 2183 2706 τὰς
2206 2650 2397 2719 χεῖρας
2420 2661 2432 2701 :
2454 2666 2478 2697 α
2499 2643 2887 2699 Tribunatum
2917 2639 3163 2710 adeptus
3187 2638 3277 2690 est
3294 2633 3456 2689 ?ecce
3473 2632 3628 2686 obvil

1977 2751 2182 2791 omnes
2205 2735 2599 2807 gratulantur,
2629 2731 2781 2788 alius
2804 2729 3006 2786 oculos
3023 2723 3498 2794 osculatur,alius
3519 2719 3630 2776 col-

1975 2816 2121 2896 lum,
2155 2826 2306 2882 servi
2340 2841 2569 2880 manus.
2606 2845 2632 2872 »
2666 2822 2974 2886 Homerus,
3007 2817 3214 2886 Odyss.
3245 2829 3377 2868 xvrz

2049 2931 2228 2987 Κύσσε
2259 2929 2316 2985 δὲ
2351 2952 2439 3001 μιν
2469 2928 2711 3005 κεφαλήν
2743 2948 2801 2982 τε
2831 2925 2922 2980 καὶ
2955 2922 3119 3000 ἄμφω
3151 2922 3286 2999 φάεα
3315 2917 3495 2974 καλάς

2038 3024 2102 3072 Et
2129 3023 2288 3085 capiti
2321 3021 2665 3084 pulchrisque
2697 3018 2864 3068 oculis
2890 3017 3058 3080 junge
3091 3013 3274 3062 oscula
3303 3008 3463 3059 binis.

2049 3126 2404 3177 Oxvcm'rum.
2437 3119 2746 3184 Palladius,
2781 3115 3048 3171 Historiae
3099 3110 3393 3166 Lausiactn
3445 3107 3631 3176 capite

1983 3213 2122 3268 1&5:
2151 3233 2178 3260 «
2203 3210 2371 3267 Omni
2399 3212 2593 3263 autem
2616 3206 2729 3262 alio
2754 3212 3016 3274 tempore
3039 3205 3315 3257 contenta
3347 3201 3469 3252 erat
3491 3212 3632 3266 oxy-

1987 3306 2145 3357 crate
2167 3305 2222 3356 et
2245 3315 2391 3371 pane
2413 3297 2594 3354 arido.
2626 3317 2653 3344 »
2687 3295 2849 3360 Quod
2877 3290 3198 3348 Heraclidis
3222 3289 3633 3356 interpres,ca-

1988 3393 2109 3465 pite
2133 3393 2220 3461 42,
2243 3388 2448 3444 vertit:
2482 3409 2502 3435 ι
2529 3386 2636 3440 Per
2655 3384 2947 3455 reliquum
2963 3382 3061 3436 aevi
3089 3378 3179 3433 sui
3206 3382 3439 3447 tempus
3458 3388 3638 3444 posca

1987 3486 2043 3538 et
2072 3481 2192 3536 sico
2225 3494 2373 3550 pane
2416 3477 2693 3530 contenta
2726 3473 2975 3527 vivebat.
3005 3491 3033 3519 ››
3093 3467 3219 3524 Vide
3248 3465 3400 3520 infra
3429 3467 3633 3516 Posca.

2058 3570 2442 3625 Oxvavncnus
2469 3579 2808 3618 cmmc'rsa.
2838 3552 3467 3625 Palladius,cap.86,de
3493 3550 3637 3606 Eva-

1984 3658 2111 3730 grio
2143 3654 2352 3711 celebri
2377 3653 2655 3707 diacono:
2694 3671 2721 3699 ‹‹
2751 3648 3019 3704 Ecribens
3051 3641 3358 3700 annuatim
3381 3637 3634 3710 pretium

1985 3725 2175 3804 solum
2206 3760 2408 3802 eorum
2429 3757 2553 3813 quae
2585 3738 2926 3794 comedebat
2951 3754 2963 3804 ;
2984 3735 3282 3805 eleganter
3313 3728 3468 3784 enim
3499 3725 3637 3813 scri-

1982 3838 2158 3893 bebat
2179 3835 2422 3891 celerem
2449 3810 2904 3886 characterem.»
2929 3826 3124 3881 Graece
3145 3825 3254 3878 est:
3283 3816 3508 3894 Εὐφυῶς
3532 3810 3635 3887 γὰρ

1981 3922 2208 4002 ἔγραφεν
2258 3922 2350 3976 τὸν
2376 3917 2689 3994 ρόξύρυγχον
2741 3920 3083 3991 χαρακτῆρα.
3138 3908 3526 4002 Ηεεῐδιιεῑίἱόεόἓ,Δ
3550 3918 3640 4002 ct:-

1979 3992 2098 4088 pite
2126 3992 2217 4082 :25,
2253 4014 2322 4068 de
2353 3992 2555 4069 eodem
2596 4025 2796 4082 agens,
2831 4002 3084 4061 servavit
3131 4001 3396 4088 Graecum
3428 3992 3634 4048 1045

1975 4087 2678 4161 vocabulum.«Similiter
2701 4098 2872 4154 etia’n
2889 4094 3052 4148 illam
3067 4087 3360 4145 scribebat
3376 4097 3638 4137 manum,

1979 4212 2154 4266 quam
2189 4193 2595 4266 Oxyryncham
2627 4192 2836 4245 vocant
2883 4181 3085 4239 Graeci.
3123 4202 3143 4227 v
3171 4180 3356 4266 Vetus
3401 4168 3639 4266 Palladii

1979 4258 2573 4355 interpresvlzibralcm
2598 4279 2770 4334 vertit
2801 4291 2928 4345 cap.
2968 4272 3072 4325 15:
3110 4289 3134 4319 α
3195 4262 3448 4355 Pulchre
3479 4258 3637 4355 enim

1976 4348 2272 4430 scribebat
2302 4371 2568 4427 libralem
2599 4381 2864 4423 manum.
2893 4360 3049 4415 »Non
3073 4354 3339 4413 existimo
3367 4365 3467 4421 per
3489 4348 3640 4416 Oxy-

1975 4462 2249 4534 ryncham
2280 4478 2509 4518 manum
2540 4455 2790 4528 intelligi
2819 4466 3054 4508 manum
3098 4442 3437 4510 celerem,ut
3458 4434 3634 4534 vertit

1977 4527 2280 4618 Hervetus,
2306 4553 2399 4607 cui
2424 4567 2537 4605 non
2562 4551 2727 4604 tanta
2744 4527 3030 4599 tribuitur
3070 4531 3378 4606 elegantia,
3407 4527 3643 4618 sedpo-

205 4601 601 4700 (imgonylil
633 4603 703 4657 ad
735 4606 1162 4700 Hefiinimniiin
1201 4607 1414 4659 Mden'
1434 4602 1664 4700 .episgﬁ’
1700 4601 1860 4700 citat
1906 4632 1954 4699 D
1977 4601 2404 4700 tiu-s'ins—inu'ari
2425 4601 2823 4696 characterem
2848 4601 3191 4687 Romanun;
3199 4638 3301 4678 seu
3321 4616 3644 4675 rotundum

218 4692 538 4764 Gregorius
555 4691 799 4762 Turon.,
823 4691 1038 4747 Hister.
1064 4690 1165 4745 lib.
1189 4709 1248 4761 ιι,
1272 4708 1398 4764 cap.
1426 4693 1448 4747 1
1479 4708 1492 4746 :
1527 4712 1558 4745 ‹‹
1587 4691 1702 4747 Nec
1724 4690 1877 4746 Deus

217 4797 329 4839 nos
345 4781 569 4838 diutius
587 4781 952 4837 sinitmanus
971 4787 1104 4837 tuas
1121 4781 1397 4855 indignas
1421 4781 1743 4839 osculando
1765 4780 1882 4852 pol-

212 4870 321 4926 lui.
358 4895 387 4920 »
420 4873 546 4928 Vita
577 4870 865 4940 Fulgentii
899 4871 1250 4942 Ruspensis,
1276 4872 1466 4944 capite
1496 4874 1528 4927 4
1554 4889 1566 4926 :
1593 4870 1729 4924 «Ad
1756 4870 1875 4925 haec
1943 4893 1952 4902 ·

204 4960 561 5032 illejuvenis
589 4960 782 5032 magis
803 4976 868 5015 ac
895 4959 1083 5032 magis
1107 4957 1877 5030 inﬂammatus,repellentis

212 5065 458 5104 manum
501 5048 852 5121 suppliciter
881 5047 1206 5119 osculatus,
1233 5070 1261 5100 »
1293 5053 1398 5104 etc.
1436 5047 1635 5104 Fausti
1661 5046 1882 5102 scilicet

204 5139 492 5211 episcopi.
533 5139 834 5208 Sidonius,
886 5137 1036 5194 libro
1092 5156 1193 5202 vn,
1229 5139 1404 5210 epist.
1461 5141 1516 5206 2,
1563 5139 1633 5193 ad
1664 5152 1874 5208 papam

207 5227 678 5299 Graecum,vocat
704 5230 831 5298 ejus
857 5235 1270 5286 sacrosanctos
1295 5229 1508 5301 digitos
1536 5245 1598 5284 :«
1625 5233 1760 5294 Quae
1785 5247 1879 5286 sa-

207 5321 536 5373 crosanctis
569 5317 994 5373 reserabuntur
1027 5319 1251 5390 digitis.
1289 5343 1308 5368 »
1346 5321 1528 5389 Idem,
1575 5319 1724 5376 libro
1755 5338 1875 5390 vm,

209 5407 393 5478 epist.
427 5409 511 5475 11,
546 5408 616 5462 ad
646 5407 911 5477 Lupum:

372 5533 551 5598 Ijergep
571 5530 638 5580 ad
673 5529 862 5598 Limina
891 5544 1015 5598 mox
1046 5531 1421 5598 episcoporum

374 5591 554 5644 Sanbti
586 5598 640 5644 et
670 5591 919 5643 Gallicini
956 5591 1120 5646 manu
1150 5591 1406 5649 osculata.

216 5712 358 5770 Erat
391 5711 486 5767 hic
519 5710 834 5783 episcopus
865 5711 1339 5784 Burdegalensis.

1986 4732 2072 4789 vel
2108 4730 2367 4786 Italicum
2401 4745 2503 4784 seu
2527 4720 3018 4783 cursivum.Certe
3048 4716 3218 4772 acuto
3241 4712 3429 4764 rostro
3453 4704 3500 4759 si
3521 4701 3640 4756 vim

1985 4822 2142 4877 vocis
2196 4816 2522 4891 Oxyrynchi
2577 4817 2826 4887 spectes,
2876 4811 2964 4865 est
3020 4804 3324 4891 character
3379 4793 3642 4891 ltalicus.

1989 4914 2168 4978 Quem
2203 4910 2252 4965 si
2282 4885 2530 4964 celerem
2582 4885 2715 4975 quis
2766 4896 3080 4955 contendat
3112 4885 3391 4963 appellari
3435 4896 3635 4978 posse,

1989 5002 2144 5073 quod
2174 4999 2393 5055 cursim
2422 4973 2896 5060 scribatur,unde
2919 4983 3133 5043 cursivi
3153 4993 3366 5037 nomen
3398 4973 3644 5038 obtinet,

1991 5109 2105 5147 non
2141 5102 2494 5160 magnopere
2535 5096 2890 5157 pugnavero.

2059 5150 2332 5250 Duplices
2361 5150 2504 5232 olim
2533 5150 2867 5243 scriptores,
2898 5164 3266 5239 ταχυγράφοι,
3300 5154 3397 5250 qui
3433 5157 3488 5250 et
3523 5150 3646 5250 65o-

1986 5240 2183 5345 γράφεξι
2219 5267 2358 5322 dicti
2391 5240 2765 5331 Philoni,—De
2797 5261 2973 5314 creat.
2998 5253 3214 5345 Princ.,
3246 5245 3345 5345 qui
3373 5243 3461 5299 vel
3493 5240 3647 5345 n'otis

1986 5330 2074 5416 vel
2107 5330 2319 5414 litteris
2337 5353 2590 5426 singulis
2607 5367 2711 5422 per
2750 5343 3096 5418 compendia
3126 5338 3200 5399 εἷς
3231 5335 3425 5426 τάχρς,
3458 5330 3648 5426 δειενῇ

1988 5458 2088 5516 ter,
2139 5449 2314 5504 verba
2364 5441 2736 5514 excipiebant
2783 5441 2841 5493 et
2868 5433 3189 5498 notabant;
3243 5424 3399 5481 unde
3440 5418 3646 5516 notarii

1989 5507 2239 5594 dic'ti.De
2262 5536 2480 5608 quibus
2494 5507 2633 5586 vide
2657 5527 2837 5598 Lipsii
2870 5530 2890 5579 1
2921 5521 3245 5580 centuriam
3265 5507 3644 5608 epistolarum

1990 5630 2060 5685 ad
2083 5597 2664 5700 Belgas-,epist.27,ad
2679 5615 3053 5700 Leonardum‘
3068 5612 3337 5700 nostrpm
3358 5597 3640 5700 Lassi-um,

1988 5719 2100 5775 Alii
2123 5687 2840 5785 θτῖηίκᾶλλιογραφοιμιυί
2872 5701 2946 5765 εἰς
2973 5694 3262 5767 κάλλος,αι
3289 5687 3646 5760 elegantiam.
