3902 6170
424 332 531 385 479
1144 331 1238 386 ON
1242 330 1655 386 OMASTICON
1694 327 1953 382 RERUM
1988 326 2081 379 ΕΤ

2116 320 2519 378 VERBORUM
2556 320 3122 377 DIFFICILIOBUH.
3677 324 3765 378 480

421 452 774 508 itaceleriter
787 452 1484 523 exceptaredigebant.De
1500 452 1714 523 quibus
1732 449 1859 503 vide
1875 462 2074 519 supra,
2109 444 2163 512 Α
2194 455 2279 516 ut,
2309 451 2659 523 Symmacho
2692 455 2939 524 papm,et
2959 450 3195 507 domino
3214 466 3366 521 papae
3390 468 3403 518 ;
3435 450 3545 507 sive
3571 468 3686 508 cum
3707 456 3762 510 de

423 544 481 597 in
516 544 930 603 ANTIQUARIUS.
967 540 1359 612 Utrorumque
1393 540 1657 596 meminit
1688 538 2077 593 Philostratus

420 630 885 702 Apollonio,lib.x
913 648 926 697 ;
962 627 1241 701 Ἐξέλαυνε
1262 634 1360 693 τῆς
1382 629 1725 703 Ἀντιοχείας
1762 625 1893 699 μετά
1926 623 2074 678 δυοῖν

424 719 743 792 οεράποιν,ὁ
766 719 861 789 μὲν
884 717 935 779 ἐς
968 718 1136 793 τάχος
1160 720 1405 795 γράφων,
1431 721 1458 772 ὁ
1482 716 1538 772 δὲ
1571 717 1621 779 ἐς
1655 716 1879 775 κάλλος.
1907 742 1915 765 ι
1955 716 2079 786 Eje-

427 809 505 862 cit
536 825 603 862 ex
633 808 940 863 Antiochia
970 826 1101 863 cum
1135 810 1365 864 duobus
1399 809 1599 875 servis,
1648 824 1897 879 quorum
1933 804 2080 860 alter

428 897 871 963 notarius,alter
892 898 1283 969 antiquarius.
1309 920 1335 949 »
1362 896 1945 961 Eusebius,Historise
1972 895 2079 949 Ec-

426 982 764 1039 clesiasticae
792 985 891 1040 lib.
926 1004 1000 1053 γι,
1034 1004 1161 1058 cap.
1186 989 1271 1049 21.
1308 988 1377 1042 de
1409 986 1692 1058 Origene:
1725 982 2076 1057 Ταχυγράφοι

430 1068 487 1124 δὲ
518 1072 621 1146 γὰρ
654 1072 801 1144 αὐτῷ
827 1072 1051 1135 πλείους
1085 1073 1119 1141 ἢ
1172 1074 1305 1128 ἑπτὰ
1339 1075 1431 1129 τὸν
1465 1074 1692 1149 ἀριθμὸν
1726 1078 1969 1147 παρῆσαν
2001 1073 2079 1141 τῷ

431 1160 815 1235 ὑπαγορεύοντι
832 1164 1060 1237 χρόνοις
1074 1164 1420 1239 τεταγμένοις
1439 1156 2075 1234 ἀλλήλουςάμείϐοντες.

432 1244 894 1326 βιϐλιογράφοιτε
916 1253 1026 1326 οὐχ
1056 1251 1252 1321 ἥττους
1287 1254 1399 1324 ἅμα
1428 1252 1517 1306 καὶ
1548 1250 1735 1326 κόραις
1766 1250 1851 1303 ἐπὶ
1881 1245 2078 1303 καλλι-

424 1345 648 1413 γραφεῖν
681 1341 1043 1412 ἠσκημέναις.
1078 1366 1105 1391 ‹‹
1138 1344 1339 1398 Plures
1370 1360 1545 1414 quam
1596 1347 1819 1413 septem
1866 1331 2079 1396 notarii

428 1429 598 1483 statis
617 1432 1143 1501 temporibusvices
1157 1450 1295 1487 suas
1311 1434 1665 1487 alternantes
1680 1432 1923 1486 dictanti
1940 1432 2008 1485 ad
2019 1448 2078 1484 e-

427 1522 593 1572 rant:
629 1536 733 1574 nec
767 1521 1069 1590 pauciores
1094 1521 1311 1575 librarii
1346 1538 1411 1576 ac
1444 1520 1650 1591 puellae
1682 1522 1749 1574 ad
1786 1520 2081 1590 eleganter

425 1607 802 1662 scribendum
829 1610 1188 1664 exercitati.»
1224 1611 1379 1664 Idem
1417 1610 1597 1664 habes
1631 1611 1782 1681 apud
1811 1610 2076 1664 Suidam.

428 1695 840 1769 Hieronymus,
872 1704 952 1753 De
982 1700 1371 1769 Scriptoribus
1420 1699 1851 1766 ecclesiasticis,
1903 1716 1953 1752 c.
1984 1700 2075 1766 51,

2190 542 2287 596 ἱΙΙο
2319 543 2471 613 apud
2508 541 2652 597 alios
2684 542 2823 613 agit,
2853 546 2917 595 ut
2943 541 3041 594 lib.
3073 558 3159 603 III,
3191 540 3355 611 epist.
3390 541 3486 609 10;
3524 558 3593 610 vx,
3623 542 3764 614 epist.

2186 632 2275 696 33,
2292 637 2348 685 et
2370 631 2611 701 passim.
2628 632 2757 685 Pari
2780 635 2911 702 post
2924 629 3248 684 Ennodium
3273 628 3650 684 diseriminein
3663 633 3764 699 ejus

2186 718 2343 773 vocis
2376 718 2755 791 usurpatione
2815 736 2958 774 usus
2989 722 3079 773 est
3119 718 3507 783 Cassiodorus,
3540 720 3626 790 qui
3654 736 3763 775 cum

2186 808 2570 878 Bonifacium,
2598 810 2945 880 Agapetum,
2981 812 3038 862 et
3065 807 3345 862 Joannem
3369 807 3618 861 Romana:
3642 809 3767 863 sedis

2188 896 2489 967 pontiﬁces
2505 914 2687 969 papas
2704 898 2983 963 nominet,
3005 898 3372 969 Eustorgium
3390 900 3446 952 et
3460 897 3663 952 Datium
3676 898 3768 953 Me-

2188 985 2568 1054 diolanensis,
2586 986 2801 1042 etalios
2822 986 3069 1041 aliarum
3084 986 3379 1041 civitatum
3402 984 3769 1056 praesulesmon

2188 1075 2357 1131 aliter
2396 1093 2571 1147 quam
2604 1078 2907 1148 episcopos
2938 1080 3122 1131 vocat.
3165 1080 3356 1146 Neque
3385 1091 3576 1130 omnes
3609 1079 3771 1131 tamen

2188 1165 2297 1220 hoc
2312 1165 2448 1220 item
2468 1165 2797 1235 exemplum
2812 1165 2997 1220 secuti
3017 1169 3174 1230 sunt,
3192 1165 3331 1236 quin
3352 1163 3773 1236 permultidiver-

2188 1271 2387 1309 sarum
2413 1256 2698 1327 gentium,
2717 1254 3039 1326 praesertim
3063 1259 3222 1309 extra
3244 1253 3464 1309 Italiam
3487 1253 3772 1325 scriptores,

2190 1361 2351 1415 papae
2368 1361 2577 1399 nomen
2594 1344 2835 1416 reliquis
2849 1344 2988 1398 item
3004 1344 3293 1415 episcopis
3306 1344 3775 1413 tribuerint,usque

2188 1433 2258 1485 ad
2300 1438 2559 1504 tempora
2600 1433 2839 1504 Gregori
2881 1431 2991 1497 νη,
3035 1433 3136 1502 qui
3194 1431 3252 1486 in
3294 1432 3506 1503 synodo
3559 1434 3774 1486 Romana

2191 1521 2437 1592 primus,
2492 1528 2555 1577 ut
2603 1540 2635 1576 a
2682 1522 2922 1577 Baronio
2966 1520 3261 1575 cardinale
3308 1521 3653 1576 observatum
3687 1524 3772 1585 est,

2188 1612 2387 1677 edixit,
2422 1617 2484 1666 ut
2506 1629 2666 1683 papae
2692 1627 2899 1666 nomen
2922 1611 3097 1665 unius
3130 1610 3207 1664 sit
3230 1610 3287 1663 in
3319 1610 3453 1665 orbe
3495 1609 3771 1664 Christano.

2260 1722 2507 1773 Passus.
2553 1717 2905 1787 Heraclides,
2948 1733 3074 1789 cap.
3116 1717 3219 1771 50:
3268 1739 3295 1765 ‹‹
3336 1720 3544 1771 Horum
3583 1732 3772 1787 parens,

426 1784 484 1837 in
509 1785 813 1859 Hippolyto
840 1804 852 1841 :
884 1808 910 1839 α
931 1790 1279 1845 Ambrosius
1301 1790 1641 1845 cohortatus
1661 1794 1748 1845 est
1765 1789 2073 1860 Origenem

2191 1809 2601 1864 Pammachius
2644 1808 2901 1874 nomine,
2942 1807 3030 1860 vir
3076 1806 3524 1878 proconsularis,
3567 1827 3585 1853 ι
3626 1805 3672 1858 id
3706 1808 3775 1859 est

427 1873 485 1926 in
518 1875 842 1946 scripturas
874 1879 1329 1934 commentarios
1387 1879 1662 1945 scribere,
1727 1880 1991 1950 praebens
2023 1879 2075 1933 ei

425 1967 645 2033 septem
680 1970 738 2020 et
767 1982 834 2021 eo
866 1967 1121 2039 amplius
1147 1970 1401 2024 notarios
1425 1985 1744 2040 eorumque
1767 1985 2075 2040 expensas,

423 2055 481 2107 et
511 2052 886 2110 librariorum
920 2074 1119 2128 parem
1153 2075 1486 2114 numerum.
1524 2080 1548 2108 υ

495 2152 639 2207 Cum
674 2153 850 2223 igitur
893 2156 1176 2229 Evagrius
1208 2164 1405 2213 noster
1438 2159 1618 2229 pretio
1649 2157 1971 2229 scripserit,
2015 2161 2080 2212 ut

424 2240 605 2296 libros
636 2243 991 2311 divenderet,
1034 2248 1267 2302 videtur
1289 2245 1666 2322 καλλιγράφος
1698 2248 1896 2303 fuisse.
1934 2248 2079 2302 Hinc

425 2328 651 2384 librarii
684 2332 859 2387 etiam
887 2334 1217 2407 bibliopola
1250 2337 1413 2392 dicti.
1450 2340 1738 2407 Interpres
1770 2336 2077 2404 Horatii,in

425 2418 582 2481 Arte,
614 2436 682 2473 ex
713 2420 991 2478 Suetonio
1021 2425 1361 2496 Tranquillo
1388 2442 1401 2479 :
1434 2448 1462 2475 ‹‹
1484 2427 1754 2497 Scriptor,
1784 2426 2076 2495 librarius,

376 2553 383 2560 .
427 2507 749 2577 bibliOpola.
787 2533 807 2559 ι

498 2604 735 2676 Mirum,
770 2626 981 2679 pueros
1023 2612 1200 2667 etiam
1234 2615 1701 2684 compendiarias
1748 2614 1877 2669 illas
1907 2619 2077 2670 notas

425 2694 719 2766 didicisse,
753 2700 908 2755 unde
928 2700 1286 2757 Athanasius
1309 2720 1453 2774 puer
1474 2704 1758 2760 notarioet
1778 2707 2081 2761 Gramma-

422 2783 537 2839 tico
558 2786 809 2843 traditus
830 2788 1045 2844 dicitur
1074 2793 1227 2862 apud
1258 2792 1560 2847 Moschum
1583 2793 1735 2848 Prati
1753 2794 2077 2865 spiritualis

429 2890 479 2928 c.
516 2874 636 2940 197,
670 2878 824 2947 quod
860 2880 1033 2935 etiam
1077 2880 1299 2937 clarum
1332 2900 1400 2938 ex
1450 2882 1744 2938 Prudentii
1799 2884 2015 2955 hymno
2044 2885 2079 2938 9

428 2959 552 3035 περὶ
585 2962 881 3039 στεφάνων,
916 2967 973 3021 in
1007 2969 1303 3026 Cassiano.

502 3077 683 3130 usus,
718 3064 1035 3134 Palladius,
1082 3085 1187 3139 cap
1218 3069 1313 3123 2.:
1349 3091 1375 3118 ‹‹
1425 3071 1581 3125 Adeo
1625 3074 1690 3125 ut
1713 3088 1865 3142 saepe
1908 3071 2077 3142 panis

429 3165 661 3222 quoque
691 3171 758 3209 ex
775 3158 903 3227 ejus
925 3175 1021 3212 ore
1044 3158 1386 3213 excideret.»
1422 3161 1614 3215 Graece
1635 3160 1729 3215 hic
1751 3166 1840 3215 est
1860 3162 1943 3231 ψω
1956 3159 2076 3231 μὸς,

427 3243 577 3312 quod
610 3246 1199 3318 frustumlsigniﬁcat;
1238 3248 1364 3302 ideo
1391 3253 1637 3303 verterat
1668 3249 1951 3305 Hervetus
1974 3266 1988 3316 ;
2014 3246 2078 3304 ut

426 3348 579 3404 stepe
605 3335 889 3391 frustrum
914 3352 981 3391 ex
1003 3338 1130 3407 ejus
1154 3354 1249 3393 ore
1271 3338 1558 3393 excideret
1581 3358 1631 3392 :«
1658 3340 1765 3394 Sed
1794 3341 2077 3412 posterio-

428 3424 507 3478 ris
538 3424 641 3478 ξιξνί
704 3429 972 3482 auctores
1028 3426 1208 3482 Graeci
1234 3426 1428 3499 ψωμὸν
1463 3428 1829 3498 peculiariter
1881 3448 2079 3501 panem

429 3512 881 3583 appellarunt,et
901 3514 1101 3585 ψωμήν
1127 3516 1246 3572 sive
1268 3515 1422 3587 ψωμῖ
1456 3522 1519 3571 ut
1543 3517 1601 3572 in
1625 3518 1916 3574 Glossario
1939 3536 2079 3591 quo-

430 3616 543 3670 que
576 3601 863 3655 Meursius
897 3604 1188 3660 admonet.
1223 3604 1591 3661 Heraclides:
1626 3629 1654 3657 «
1690 3607 1980 3679 Panisque
2010 3624 2079 3663 ex

432 3688 618 3758 ipsius
641 3689 814 3744 labiis
837 3690 954 3745 oris
977 3693 1233 3748 cadebat.
1258 3714 1280 3743 »
1311 3695 1575 3765 Itemque
1598 3694 1742 3751 alter
1763 3695 2073 3767 interpres:

431 3800 459 3826 «
496 3778 581 3833 Ita
611 3779 1022 3849 utfrequenter
1038 3781 1533 3852 paniscaderetde
1549 3802 1645 3840 ore
1664 3786 1857 3855 ejus.»
1880 3787 2079 3841 Sicin-

434 3866 656 3933 fra,c.5
679 3884 736 3923 :«
762 3869 959 3924 cibum
975 3871 1143 3941 panis
1173 3872 1359 3943 capio,
1378 3896 1399 3925 ι
1431 3870 1593 3927 ἐσθίω
1619 3894 1724 3945 μου
1741 3874 1830 3928 τὸν
1863 3872 2074 3947 ψωμόν.

431 3956 680 4013 Faomo.

506 4046 675 4101 PAPA.
708 4046 844 4104 Vita
892 4049 1106 4105 Malchi
1163 4068 1317 4107 num.
1349 4053 1383 4106 2
1417 4069 1432 4106 :
1469 4074 1497 4106 ι
1520 4055 1597 4108 Ad
1635 4070 1798 4125 papae
1828 4053 2077 4125 Evagrii,

432 4137 748 4192 necessarii
802 4140 938 4209 mei,
974 4142 1401 4211 possessionem
1461 4143 1767 4199 devolutus
1798 4148 1906 4199 est.
1936 4167 1962 4194 »
1997 4146 2083 4198 Ita

433 4226 763 4297 Hieronymi
795 4230 1057 4299 tempore
1098 4229 1272 4284 etiam
1305 4231 1559 4303 episcOpi
1592 4232 1729 4288 olim
1762 4234 1970 4289 vocati.
2007 4234 2081 4287 De

435 4332 551 4386 quo
602 4316 730 4371 vide
754 4317 1121 4373 Franciscum
1144 4320 1567 4376 Bernardinum
1596 4323 1942 4389 Ferrarium,
1976 4321 2078 4378 lib.

436 4421 500 4459 III
550 4405 630 4460 De
651 4405 855 4462 eccles.
884 4408 1054 4479 epist.
1089 4425 1317 4479 genere,
1350 4427 1455 4482 cap
1494 4413 1518 4465 1
1547 4413 1950 4480 :Savarouem,
1987 4414 2080 4466 ad.

439 4494 663 4548 Sidonii
694 4494 855 4563 lib.1,
887 4498 1058 4569 epist.
1090 4500 1143 4552 6.
1178 4499 1404 4570 Postea,
1446 4502 1704 4571 Gregorii
1757 4502 1934 4571 hujus
1976 4518 2083 4556 no-

439 4582 616 4637 minis
637 4586 879 4655 Septimi
903 4590 1183 4659 tempore,
1208 4588 1448 4644 collecta
1472 4589 1668 4645 Roma:
1686 4592 1925 4662 synodo,
1951 4606 2082 4645 con-

437 4674 805 4743 stitutum,ut
840 4692 999 4748 papae
1032 4694 1243 4733 nomen
1270 4680 1369 4733 uni
1405 4679 1663 4734 Romano
1691 4678 1950 4750 pontiﬁci
1982 4679 2084 4733 tri-

435 4763 732 4820 bueretur.
760 4765 905 4820 Vide
938 4767 1270 4835 Baronium,
1297 4768 1593 4824 notatione
1625 4768 1693 4824 ad
1720 4768 1875 4824 diem
1910 4769 2082 4824 101a-

434 4854 625 4908 nuarii
658 4853 717 4910 1n
748 4855 1172 4927 Martyrologio.

504 4958 585 5009 De
607 4954 713 5008 hac
732 4953 931 5008 eadem
956 4954 1139 5024 regita
1162 4957 1323 5009 notat
1337 4956 1592 5011 Jacobus
1609 4955 1956 5012 Sirmondus
1979 4973 2082 5012 no-

436 5046 572 5112 ster,
598 5044 667 5097 ad
701 5042 803 5098 lib.
834 5059 911 5107 1v,
944 5042 1113 5112 epist.
1145 5046 1193 5109 1,
1222 5044 1510 5100 Ennodii:
1546 5047 1710 5118 Papae
1738 5064 1947 5102 nomen
1980 5046 2081 5101 uni

436 5133 697 5188 Romano
728 5132 1009 5203 pontiﬁci,
1033 5137 1313 5203 tanquam
1349 5135 1646 5205 proprium
1680 5141 1735 5191 et
1768 5136 2077 5206 peculiare,

432 5222 661 5291 primus
706 5227 769 5277 ut
816 5222 1063 5291 videtur,
1097 5223 1349 5277 asseruit
1396 5224 1714 5280 Ennodius.
1750 5226 1893 5280 Nam
1944 5242 2078 5280 cum

432 5311 736 5381 episcopos
773 5327 976 5367 omnes
1024 5329 1205 5383 papas
1234 5314 1423 5368 caeteri
1457 5312 1594 5379 fere,
1628 5314 1725 5384 qui
1786 5315 1914 5383 ejus
1962 5329 2077 5370 sevo

435 5400 679 5473 proximi
734 5401 970 5457 fuerunt
1019 5402 1313 5473 appellare
1369 5400 1616 5469 soleant,
1660 5408 1724 5457 ut
1778 5403 2073 5458 Sidonius.

431 5492 978 5559 Faustus,Ruricius
1001 5493 1124 5563 ipse
1143 5490 1765 5563 perpetuodiscrimine
1787 5491 2074 5549 antistites

433 5579 789 5651 reliquarum
816 5580 1193 5636 ecclesiarum
1216 5580 1520 5650 episcopos
1540 5583 1725 5634 vocat.
1751 5579 1961 5651 Papam
1986 5597 2073 5636 so-

432 5672 557 5728 lum
590 5671 862 5729 Romanis
890 5669 1046 5727 sedis
1078 5668 1411 5741 pontiﬁcem
1440 5668 1556 5727 sive
1578 5685 1709 5727 cum
1739 5668 1825 5725 illi
1846 5668 2071 5738 scribit,

2184 1899 2361 1953 frater
2390 1898 2478 1952 vel
2512 1905 2815 1968 cognatus.
2850 1894 3238 1966 Capitolinus,
3271 1894 3328 1948 in
3360 1893 3593 1949 Antonio
3622 1892 3776 1947 Philo-

2183 1986 2366 2058 sopho
2392 2004 2404 2043 :
2430 2010 2457 2036 «
2486 1986 2773 2041 Omnibus
2799 1984 3139 2056 parentibus
3169 1984 3298 2040 suis
3320 1988 3533 2039 tantam
3555 1997 3775 2037 reveren-

2184 2076 2325 2131 tiam
2360 2081 2639 2147 quantam
2675 2075 2944 2147 privatus
2974 2074 3263 2130 exhibuit.
3301 2093 3324 2123 υ
3354 2073 3527 2138 Idem,
3554 2072 3605 2126 in
3632 2070 3776 2125 Maxi-

2184 2166 2343 2219 mino
2367 2165 2641 2235 juniore:
2676 2164 2819 2219 Cum
2863 2162 3253 2236 grammatico
3280 2163 3527 2230 daretur,
3553 2161 3775 2233 quaedam

2184 2270 2395 2324 parens
2426 2270 2532 2309 sua
2563 2253 2742 2309 libros
2778 2253 3109 2308 llomericos
3140 2268 3347 2307 omnes
3380 2266 3676 2323 purpureos
3700 2249 3776 2303 de-

2184 2343 2289 2397 dit.
2326 2364 2347 2392 ι
2384 2342 2755 2413 Lampridius
2784 2342 3108 2398 Alexandro
3154 2345 3400 2396 Severo:
3433 2363 3461 2389 «
3511 2340 3713 2395 Amicos
3735 2342 3779 2393 et

2185 2437 2455 2503 parentes
2476 2433 2861 2488 Alexandersi
2882 2432 3067 2487 malus
3091 2430 3397 2503 reperit,...
3417 2439 3511 2485 aut
3528 2428 3738 2501 punivit.
3758 2450 3773 2474 ι

2184 2522 2442 2588 Hieron,
2466 2521 2707 2593 Apolog.
2731 2524 2766 2575 2
2790 2522 2919 2578 adv.
2952 2521 3144 2576 Ruth:
3177 2543 3205 2571 «
3238 2520 3360 2577 Nisi
3394 2520 3531 2575 forte
3552 2521 3775 2590 parentes

2185 2610 2423 2666 militari
2446 2612 2789 2682 vulgarique
2809 2625 3101 2676 sermone,
3123 2615 3407 2681 cognatos
3428 2612 3481 2664 et
3497 2608 3679 2662 afﬁnes
3697 2622 3775 2659 no-

2185 2700 2389 2755 minat.
2420 2722 2448 2749 »
2470 2700 2695 2756 Passim
2720 2716 2787 2755 ea
2810 2700 3042 2754 notione
3065 2699 3326 2754 occurrit
3344 2698 3490 2770 apud
3515 2697 3777 2768 scriptores

2185 2790 2523 2858 posterioris
2544 2790 2667 2859 aevi,
2692 2794 2748 2845 et
2776 2789 3084 2859 aliquoties
3114 2788 3210 2843 hic
3246 2788 3306 2843 in
3329 2787 3473 2843 Vitis
3504 2786 3723 2841 Patrum.

2257 2901 2581 2953 PATRICIUS.
2616 2896 2750 2951 Vita
2777 2895 3022 2951 Joannis
3069 2893 3522 2966 Eleemosynari,
3556 2909 3666 2963 cap.
3698 2891 3777 2944 ll:

2186 2991 2464 3042 «Intuens
2482 2987 2680 3041 Niceta
2700 2985 2980 3057 patricius
3003 2984 3183 3055 hujus
3207 2984 3318 3039 viri
3341 2983 3636 3038 virtutibus
3656 2977 3778 3052 pleni

2187 3076 2749 3149 magnanimitatem.
2778 3098 2806 3126 »
2836 3076 2916 3130 De
2947 3074 3238 3145 dignitate
3268 3080 3325 3130 et
3346 3074 3528 3130 ofﬁcio
3558 3068 3781 3144 patricio-

2190 3183 2339 3233 rum,
2366 3169 2650 3237 quantum
2678 3165 2772 3219 hic
2795 3164 3133 3234 requiritur,
3152 3167 3237 3219 ita
3268 3163 3627 3219 doctissimus
3648 3158 3779 3213 Nico-

2190 3255 2318 3310 laus
2332 3255 2713 3320 Alemannus,
2731 3254 2877 3309 libro
2895 3253 2972 3308 De
2995 3253 3487 3309 Lateraneusibus
3506 3247 3778 3307 Parietinis:

2190 3344 2369 3399 Erant
2398 3342 2537 3399 olim
2569 3344 2626 3398 in
2659 3342 2956 3415 republica
2988 3342 3258 3397 Romana
3288 3341 3532 3414 patricii,
3562 3338 3648 3410 qui
3675 3351 3778 3391 cum

2189 3434 2413 3507 reliquo
2446 3438 2651 3489 senatu
2682 3434 2996 3503 aaquojure
3013 3430 3297 3487 viverent.
3321 3428 3660 3487 Constantini
3678 3440 3777 3479 vero

2188 3523 2378 3595 Mogni
2406 3524 2549 3596 lege,
2573 3524 2620 3578 si
2648 3540 2765 3594 qua
2782 3522 3011 3577 Zozimo
3034 3521 3179 3575 ﬁdes
3203 3520 3550 3593 (Zoz-im.,lib.
3573 3514 3776 3581 nHist.),

2192 3613 2434 3687 proximi
2460 3612 2751 3684 majestati
2769 3610 3014 3668 Caesaris
3034 3609 3167 3665 facti
3198 3615 3366 3674 sunt,
3387 3625 3451 3664 ac
3470 3603 3783 3664 senatoribus

2192 3702 2591 3774 praefectisque
2610 3699 2899 3772 praetorio,
2918 3699 3101 3771 gradu
3117 3697 3595 3769 sententiaquein
3614 3694 3779 3749 senatu

2190 3790 2437 3846 dicenda
2466 3789 2710 3860 praelati.
2735 3790 2868 3855 Quae
2900 3788 3079 3858 hujus
3120 3787 3351 3843 ordinis
3401 3780 3709 3842 excellentia
3732 3775 3785 3831 ad

2188 3880 2509 3935 Justiniani
2543 3894 2733 3950 usque
2764 3876 3223 3933 dominationem
3258 3878 3329 3948 (si
3360 3875 3621 3945 PrOCOpio
3645 3865 3789 3927 credi-

2194 3969 2349 4039 mus]
2382 3985 2447 4023 ac
2472 3968 2572 4023 diu
2608 3972 2739 4040 post
2778 3967 3007 4038 integra
3038 3966 3399 4037 perduravit.
3436 3967 3480 4019 A
3517 3952 3786 4018 Justiniani

2193 4059 2371 4113 ferme
2402 4063 2664 4129 tempore
2715 4057 2855 4128 (nisi
2886 4056 3133 4110 fortasse
3164 4055 3355 4125 prius,
3397 4053 3545 4125 quod
3594 4048 3787 4119 quidem

2192 4148 2361 4203 modo
2386 4164 2498 4201 non
2524 4145 2834 4216 succurrit)
2855 4142 3127 4215 dignitati
3150 4145 3355 4198 addita
3386 4149 3469 4198 est
3501 4139 3787 4212 praefectura

2194 4236 2643 4309 provinciarum.
2670 4236 2775 4299 Qui
2795 4251 2859 4290 eo
2881 4238 3137 4305 tempore
3154 4239 3424 4289 carerent
3446 4243 3667 4286 munere
3684 4238 3787 4296 pro-

2193 4326 2414 4394 vinciae,
2448 4343 2513 4380 ac
2545 4326 2603 4380 in
2656 4326 2795 4380 urbe
2827 4329 2884 4379 et
2914 4328 3118 4379 senatu
3175 4325 3495 4393 przesentes
3543 4315 3785 4377 adessent,

2194 4414 2567 4487 praesentales
2593 4414 2913 4486 patricii,ut
2934 4418 3021 4467 est
3043 4411 3196 4483 apud
3230 4411 3789 4474 Cassiodorum,voca-

2114 4546 2158 4610 D
2196 4506 2410 4559 bantur
2445 4504 2728 4574 (Cassiod..
2761 4502 3129 4569 Var,lib.vm,
3161 4501 3373 4572 epist).
3398 4498 3501 4565 Qui
3534 4494 3789 4568 praefectu-

2190 4611 2311 4648 ram
2328 4594 2737 4664 gerebant,pro
2752 4608 2991 4647 suarum
3010 4588 3649 4661 quiqueprovinciarum
3662 4590 3788 4636 more

2192 4700 2256 4739 ac
2275 4682 2397 4754 lege
2421 4682 2744 4754 nuncupari
2768 4671 3785 4751 consueverant,proconsulesAfrica,

2192 4771 2368 4828 Italiae
2409 4771 2661 4838 exarchi,
2713 4770 2910 4827 Sicilia
2953 4768 3215 4841 strategi,
3254 4773 3529 4840 praetores
3567 4757 3792 4821 Orientis,

2190 4866 2299 4917 etc.

2260 4958 2579 5007 PAXIMATES
2600 4967 2700 5007 seu
2727 4954 3035 5005 ΡΑΧῙΜΑἸῚΔ
3060 4964 3161 5003 εθιι
3195 4939 3791 5001 ΡΑΧΑΜῙΟΙΑ.ΗΠΠῘΠΠΞ,

2189 5041 2291 5096 lib.
2329 5060 2367 5111 ι,
2402 5059 2565 5096 num.
2602 5043 2671 5097 4:
2711 5064 2730 5089 α
2762 5040 2922 5094 Vidit
2948 5039 3018 5092 de
3052 5036 3355 5108 sportella,
3414 5033 3507 5089 ubi
3555 5044 3727 5103 panes,
3748 5022 3790 5075 id

2188 5135 2297 5201 est,
2348 5130 2662 5203 paximatia
2711 5128 2970 5201 reposita
3018 5130 3203 5196 erant,
3265 5123 3551 5179 surexisse
3596 5120 3786 5173 fumum

2190 5236 2487 5292 magnum.
2516 5243 2543 5269 »
2567 5214 3055 5288 Pelagius,libello
3079 5232 3153 5279 ιν,
3178 5231 3234 5268 n.
3257 5214 3330 5267 25
3353 5230 3365 5269 :
3388 5234 3415 5261 »
3442 5208 3613 5280 Rapui
3637 5215 3785 5260 unum

2189 5326 2395 5381 Panem
2433 5309 2806 5381 paximatem,
2855 5312 2911 5362 et
2943 5303 3288 5359 manducavi
3339 5316 3473 5357 eum
3523 5293 3781 5381 occultat»

2185 5376 2345 5464 Quod
2379 5376 2493 5465 hic,
2526 5398 2630 5464 lib,
2662 5396 2958 5463 1v,c.47,in
2992 5389 3278 5463 excerptis
3308 5407 3376 5445 ex
3414 5384 3660 5443 Cassiani
3684 5376 3786 5435 col-

2184 5489 2284 5545 lat.
2318 5505 2380 5552 ιι,
2406 5504 2534 5560 cap.
2560 5487 2618 5543 Η
2658 5492 2785 5544 est:
2819 5508 2847 5536 «
2883 5485 3069 5541 Unam
3104 5479 3456 5552 paximatem
3487 5467 3780 5560 quotidie-in

2182 5576 2315 5632 sinu
2345 5554 2752 5633 meo’latenter
2778 5573 3218 5631 absconderem.
3253 5589 3283 5619 ››
3310 5565 3591 5639 Pelagius,
3622 5554 3781 5615 libello

2179 5684 2236 5739 κ,
2270 5683 2327 5723 n.
2358 5665 2464 5721 65:
2504 5667 2681 5737 «Ego
2723 5664 2902 5721 biduo
2944 5663 3172 5735 jejuno,
3201 5661 3259 5714 et
3316 5656 3465 5713 duos
3507 5648 3786 5725 paximates
