3902 6170
159 310 233 365 181

157 432 398 489 manduco.
430 448 453 475 ››
483 423 786 494 Palladius,
820 422 967 479 Hist.
997 424 1293 479 Lausiacaa
1325 441 1374 478 c.
1405 424 1476 478 28
1502 440 1513 477 :
1540 445 1567 473 ‹‹
1600 425 1713 479 Im-
1744 427 1799 491 Α

155 520 282 595 ponit
316 533 497 572 mensas
542 518 793 584 quatuor
825 513 1158 584 paxamidia
1190 530 1289 568 sex
1320 514 1652 568 unciarum-
1693 534 1715 561 ι)

155 608 381 673 Ruifinus,
402 605 491 659 lib.
512 621 592 671 ιιι,
620 620 759 657 num
784 603 847 656 31
878 620 939 657 :«
963 602 1217 657 Tantum
1249 619 1430 657 unum
1458 602 1716 673 paxima-

157 702 267 756 tium
293 696 468 752 1046
513 698 567 748 et
611 694 871 764 quinque
903 692 1085 748 olivas
1118 693 1176 747 in
1211 693 1337 747 cibo
1370 693 1653 763 capiebat.
1689 716 1715 741 »

154 782 548 853 Joannes,libello
570 799 656 850 111,
674 799 837 836 num.
858 783 892 835 2
916 799 927 835 :
954 805 981 831 «
1010 782 1305 853 Apposuit
1329 799 1459 837 vero
1482 788 1539 836 et
1561 798 1720 836 men-

156 893 267 943 sam,
295 876 537 929 innuente
566 872 616 925 ei
650 870 749 926 illo
800 871 1043 941 majore,
1075 876 1130 925 et
1160 872 1355 942 posuit
1384 888 1560 942 super
1592 888 1719 925 eam

154 970 240 1020 tres
260 963 554 1033 paximates.
575 984 595 1011 ι
617 963 680 1015 In
704 957 907 1030 regula
926 959 1233 1015 cmnobiali
1256 960 1519 1028 Patrum,
1556 976 1605 1016 c.
1632 961 1719 1028 10,

153 1053 480 1126 quemlibrum
497 1049 972 1122 pmnitentiarum
989 1049 1323 1104 columbani
1342 1049 1579 1120 quidam
1595 1065 1723 1104 esse

150 1148 341 1215 putant:
364 1164 380 1190 ι
406 1142 457 1196 Si
482 1140 614 1211 quis
639 1140 815 1194 frater
835 1138 1179 1193 inobediens
1204 1139 1401 1205 fuerit,
1427 1142 1574 1193 duos
1599 1139 1720 1193 dies

151 1249 235 1287 uno
250 1231 496 1303 paximate
519 1235 577 1284 et
600 1227 843 1299 aqua.Si
867 1228 1001 1298 quis
1021 1228 1163 1282 dicit
1183 1245 1196 1281 :
1217 1227 1341 1283 Non
1359 1228 1586 1293 faciam,
1604 1232 1720 1282 tres

150 1322 240 1377 dies
258 1337 348 1375 uno
369 1318 673 1390 paximatio
698 1322 753 1371 et
774 1333 948 1387 aqua.
976 1316 1035 1371 Si
1068 1316 1203 1387 quis
1218 1317 1446 1371 veniam
1482 1333 1596 1370 non
1623 1334 1719 1387 pe-

148 1413 199 1465 tit
220 1416 298 1464 aut
321 1410 445 1464 dicit
468 1406 925 1473 excusationem,
951 1406 1099 1460 duos
1122 1406 1247 1461 dies
1270 1423 1385 1460 uno
1409 1405 1720 1477 paximatio

149 1505 186 1553 et
209 1515 343 1570 aqua.
366 1522 390 1547 ››
418 1498 629 1553 Suidas
656 1513 669 1551 :
696 1493 927 1565 Δίπορος
963 1493 1145 1568 ἄρτος,
1180 1493 1207 1546 ὁ
1239 1493 1385 1568 παρᾶ
1414 1492 1721 1564 Ῥωμαίους

148 1586 377 1659 λεγόμενος
403 1586 649 1657 παξαμᾶς
677 1602 690 1639 :
715 1605 745 1636 (ι
771 1584 1069 1639 Biscoctus
1100 1583 1293 1655 panis,
1314 1582 1413 1653 qui
1437 1584 1590 1653 apud
1615 1584 1721 1638 Ro-

149 1694 299 1732 manos
324 1676 519 1731 dicitur
550 1691 850 1744 paxamas.
874 1693 900 1724 ιι
930 1674 1087 1729 Idem
1116 1690 1127 1727 ε
1152 1674 1406 1744 Παξαμᾶς
1438 1673 1464 1725 ὁ
1498 1670 1720 1747 δίπυρος

146 1768 275 1839 ἄρτος,
293 1765 385 1819 ἐστὶ
408 1762 459 1819 δὲ
478 1767 511 1833 ἡ
534 1762 682 1833 λέξις
702 1764 1006 1835 Ῥωμαϊκή.
1033 1788 1053 1815 ιδ
1084 1763 1385 1832 Paxamas,
1412 1763 1578 1833 panis
1602 1763 1719 1817 bis-
1752 1800 1799 1864 B

148 1862 317 1923 coctus;
348 1860 422 1909 est
446 1860 648 1909 autem
672 1870 779 1908 vox
812 1854 1086 1908 Romana.
1116 1875 1143 1901 »
1168 1858 1274 1907 Per
1306 1852 1600 1907 Romanos
1632 1852 1723 1907 hic

147 1945 338 2015 Lipsius,
362 1949 430 1999 De
461 1943 678 1999 militia
706 1942 989 2011 Romana,
1013 1941 1115 1997 lib.
1143 1958 1198 2010 ν,
1222 1941 1359 1996 dial.
1388 1942 1472 2011 11,
1509 1941 1725 1996 intelli-

142 2033 458 2103 gitGrzeculos
478 2033 618 2088 illos
634 2033 925 2087 Romanos
940 2030 996 2085 in
1013 2031 1258 2103 imperio
1275 2031 1609 2102 Byzantino,
1626 2031 1727 2102 qui

141 2122 198 2177 sic
221 2123 401 2179 dixere.

191 2219 411 2275 Nicolaus
433 2218 751 2292 Rigaltius,
769 2219 824 2273 in
843 2216 1139 2274 Glossario
1162 2233 1266 2272 suo
1288 2217 1521 2273 Tactico
1544 2217 1727 2272 mixo-

141 2307 459 2377 barbaro,non
484 2308 961 2382 improbabiliter
981 2308 1331 2363 existimata
1348 2309 1602 2363 Paxamo
1626 2326 1728 2362 cu-

141 2398 335 2466 pediario
363 2399 437 2454 ita
468 2400 725 2463 dictum,
751 2400 819 2452 de
846 2414 958 2469 quo
981 2397 1194 2452 Suidas
1220 2415 1231 2452 :
1258 2394 1509 2467 Πάξαμος
1531 2390 1729 2471 ἔγραψε

140 2483 430 2557 Ὀψαρτυτικᾶ
467 2486 612 2541 κατά
662 2484 974 2559 στοιχείων
1008 2484 1247 2540 Βιωτικᾶ
1277 2482 1327 2537 ἐν
1365 2480 1606 2559 βιϐλίοις
1635 2480 1681 2537 ϐ’
1713 2504 1725 2542 :

134 2574 397 2631 «Paxamus
419 2576 666 2647 scripsit
681 2578 750 2630 de
766 2580 890 2630 arte
908 2568 1429 2642 culinaria,ordine
1448 2574 1728 2646 alphabe-

137 2662 243 2730 tico;
269 2671 315 2720 et
340 2666 695 2722 Bioticorum
723 2665 907 2720 libros
937 2665 1104 2719 duos.
1134 2683 1162 2715 ii

186 2771 601 2829 Paximatiorum
642 2776 698 2827 et
740 2770 837 2827 alii
872 2771 1015 2826 varii
1068 2770 1388 2825 meminere
1436 2773 1726 2825 “auctores.

140 2861 215 2913 Leo
230 2860 370 2933 imp.,
385 2863 439 2916 in
453 2860 736 2929 Tacticis,
752 2877 879 2931 cap.
901 2860 985 2924 10,
1010 2858 1038 2931 Ξ
1065 2859 1126 2914 13
1152 2876 1164 2912 :
1186 2854 1362 2911 Ἀλλά
1378 2858 1464 2911 καὶ
1488 2854 1728 2927 δαπάνην

132 2944 277 3019 δηὲχειν)
303 2950 333 3017 ἢ
364 2946 737 3023 παξαμαδίου,
768 2948 802 3016 ἢ
852 2944 1026 3001 ἄλλοι)
1075 2946 1222 3009 τινὸς
1265 2943 1442 3007 εἷ’δους
1492 2944 1730 3024 ἐλαφροῦ

132 3032 257 3088 εἴκοσι
270 3037 300 3105 ἢ
313 3038 707 3115 καὶτριάκοντα
721 3034 911 3109 λίτρας
940 3054 999 3091 ;‹‹
1014 3036 1387 3092 Commeatus
1403 3038 1729 3107 paxamadii

130 3136 196 3179 aut
222 3128 363 3198 pisti,
394 3135 494 3185 aut
526 3128 778 3183 alterius
811 3126 1165 3196 cujusquam
1202 3126 1482 3195 expedita;
1517 3126 1597 3181 rei
1624 3126 1726 3181 ha-

131 3211 232 3270 beas
273 3218 458 3289 viginti
509 3222 622 3273 aut
670 3216 917 3288 triginta
964 3215 1169 3271 libras.
1201 3236 1227 3263 »
1262 3215 1442 3284 Idem,
1476 3232 1603 3286 cap.
1641 3218 1728 3282 12,

128 3303 243 3368 ΗΖΒ
263 3324 274 3359 :
294 3307 409 3380 Χρή
444 3305 539 3361 οὖν
571 3304 665 3359 καὶ
706 3304 758 3358 ἐν
786 3307 855 3378 τῇ
890 3302 1072 3376 ἡμέρᾳ
1100 3307 1197 3357 τοῦ
1228 3300 1479 3375 πολέμου
1508 3300 1732 3357 ἕκαστον

134 3395 403 3465 πρατιώτην
421 3395 470 3450 ἐν
489 3398 621 3455 ταῖς
634 3391 856 3454 σὲλλαις
870 3392 1045 3447 αὐτῶν
1060 3390 1402 3470 ἐπιφέρεσθαι
1418 3389 1561 3466 ὕδωρ
1578 3393 1652 3454 εἷς
1669 3392 1735 3446 τὰ

129 3474 339 3554 λεγόμενα
364 3483 737 3563 φλασκῖα,καὶ
769 3480 1063 3556 παξιμάδιν
1098 3481 1147 3536 ἐν
1179 3486 1257 3553 τῷ
1290 3480 1732 3556 σελλοπουγγέῳ,

134 3569 194 3621 ut
213 3571 413 3649 ἀλεύρου
453 3576 588 3648 μίαν
625 3572 659 3641 ἢ
694 3570 789 3627 δύο
813 3570 834 3625 ὶ
857 3572 1003 3643 ίτρας
1030 3592 1042 3629 ;
1070 3596 1096 3622 ‹‹
1126 3573 1258 3643 Ipso
1282 3572 1415 3627 belli
1442 3572 1533 3627 die
1558 3590 1737 3628 unus-

134 3661 328 3733 quisque
354 3665 524 3722 miles
549 3667 745 3733 gestet
790 3663 858 3717 ad
890 3661 1088 3716 sellam
1112 3678 1279 3716 suam
1301 3678 1496 3715 secum
1518 3678 1732 3732 aquam

131 3747 171 3801 in
190 3750 454 3825 phlasciis,
479 3764 534 3810 et
562 3752 977 3826 paxamadium
1003 3750 1059 3805 in
1086 3750 1475 3821 scllopungio,
1511 3755 1567 3804 et
1600 3750 1733 3804 fari-

131 3851 191 3889 na
220 3856 373 3898 unam
424 3849 615 3915 atque
668 3841 910 3895 alteram
946 3841 1177 3894 libram.
1211 3862 1240 3888 »
1274 3840 1456 3903 Idem,
1485 3856 1609 3910 cap.
1647 3840 1732 3909 13,

130 3927 208 3989 g2;
234 3930 481 3994 Ἕιιιπτος
518 3931 865 4001 στρατιώτης
902 3928 952 3983 ἐν
980 3932 1057 3999 τῷ
1082 3933 1247 3980 κινεῖν
1278 3928 1410 4001 πρὸς
1441 3927 1731 4001 παράταξιν

132 4019 207 4087 πχῆ
234 4015 276 4070 ἐν
306 4025 379 4092 τῷ
410 4016 841 4094 σελλοπουγγίῷ
873 4018 1039 4072 αὐτοῦ
1075 4015 1200 4089 μίαν
1234 4015 1267 4084 ἢ
1300 4016 1387 4069 καὶ
1418 4012 1512 4069 δύο
1545 4014 1733 4091 λίτρας

128 4102 322 4179 ipsimi,
365 4110 633 4185 ἀλεύρου,
666 4107 701 4175 ἢ
751 4107 942 4162 πίστου
982 4105 1209 4180 ἐψητοῦ,
1242 4107 1275 4174 ἢ
1327 4102 1666 4178 παξαμάδας,
1699 4105 1733 4173 ἢ

128 4194 287 4261 κρέιςε
329 4199 594 4271 Quisque
647 4198 839 4268 miles,
899 4199 1132 4269 quando
1181 4198 1247 4251 ad
1299 4196 1733 4251 dimicationem

128 4280 226 4338 belli
251 4290 524 4358 procedit,
555 4289 771 4343 habeat
794 4288 849 4343 in
885 4286 1251 4358 sellopungio
1284 4303 1389 4341 suo
1423 4302 1601 4340 unam
1635 4292 1738 4340 aut

127 4369 236 4427 duas
271 4375 445 4433 libras
494 4376 692 4450 panis,
728 4382 831 4431 aut
872 4376 1095 4445 farinze,
1129 4381 1231 4430 aut
1264 4375 1401 4446 pisti
1435 4375 1602 4440 cocti,
1637 4380 1737 4430 aut

126 4467 423 4538 panmadii,
461 4472 573 4523 aut
608 4467 820 4521 carnis.
845 4487 871 4513 ‹‹
899 4464 1105 4521 Isidori
1137 4464 1390 4519 Glossae:
1424 4485 1443 4511 ι
1471 4463 1736 4519 Paxima-

790 298 1297 356 ONOMASTICON
1336 301 1601 355 RERUM
1637 300 1731 354 ET
1767 299 2169 357 VERBORUM
2208 302 2761 357 DIFFICILIORUM.

3372 308 3477 362 482

1830 424 2010 492 Talis,
2035 426 2247 498 inquit,
2266 426 2492 481 rubidus
2511 426 2677 497 panis
2693 425 2915 481 Plauto.
2932 431 3188 499 Frustra,
3205 430 3474 503 inquam,

1828 520 1918 569 est
1940 515 2277 583 Goldastus,
2304 533 2435 572 cum
2460 533 2593 571 vera
2616 515 2785 571 lectio
2809 515 3234 588 sitfurfureum,
3260 523 3345 577 uti
3370 526 3476 580 ha-

1829 604 1925 658 bet
1972 606 2160 674 prima
2208 606 2418 660 Editio.
2453 606 2567 661 Nec
2599 605 2894 675 singulare
2928 606 3145 675 aliquid
3179 609 3237 663 in
3272 611 3474 669 Macno

1830 693 2201 748 abstinentiae
2215 711 2372 749 excm
2386 694 2436 765 pl
2449 711 2535 748 um
2550 693 3274 764 notaretur,sipa.rimadiis
3287 717 3477 757 vesce-

1830 787 2015 837 retur:
2037 784 2445 854 plerarumque
2466 783 2884 839 monachorum
2910 784 2963 836 in
2982 785 3290 856 zEgyptois
3311 790 3476 845 cibus

1830 872 2080 926 fuit.Seil
2104 876 2357 943 fur/nreo
2375 892 2520 944 pane
2536 873 2835 937 vesci,hoc
2859 873 2915 926 in
2934 873 3134 928 Macno
3171 875 3472 935 eximium.

1832 962 2103 1017 [tabidum
2128 980 2356 1033 quoque
2380 980 2585 1035 panem
2614 964 2765 1034 apud
2792 962 3085 1029 Plautum,
3109 966 3472 1033 Casina,act.

1828 1051 1883 1117 2,
1904 1067 2059 1106 scen.
2085 1053 2138 1105 5.
2167 1052 2371 1107 Festus
2402 1054 2818 1123 interpretatur
2834 1070 3039 1123 parum
3069 1064 3295 1119 coctum,
3322 1058 3475 1127 quod

1831 1156 1944 1193 non
1997 1142 2245 1210 quadrat
2296 1142 2352 1195 in
2403 1140 2740 1212 paximatia,
2774 1140 2908 1196 licet
2955 1142 3239 1212 Isidorus,
3270 1144 3373 1200 lib.
3404 1164 3477 1200 xx

1829 1228 2011 1298 0rig.,
2037 1245 2162 1300 cap.
2188 1231 2221 1282 2
2243 1235 2513 1285 recoctum
2536 1232 2967 1299 interpretetur.
2994 1230 3256 1297 Plautus,
3280 1232 3339 1288 in
3361 1237 3478 1289 Me-

1831 1317 2132 1383 naechmis,
2160 1324 2270 1373 act.
2295 1320 2348 1387 5,
2373 1336 2530 1375 scen.
2549 1321 2602 1385 5,
2628 1318 2871 1373 ridicule
2896 1325 3139 1390 usurpat
3155 1338 3354 1392 panem
3378 1340 3480 1394 pu-

1827 1408 2049 1461 niceum
2079 1413 2128 1462 et
2159 1425 2521 1479 purpureum.

1901 1506 2229 1562 Paximates
2251 1507 2310 1561 hi
2336 1524 2537 1577 panes,
2560 1508 2697 1563 dicti
2722 1508 2897 1563 etiam
2917 1524 3089 1578 panes
3117 1509 3270 1566 sicci.
3292 1512 3476 1567 Rufﬁ-

1829 1612 1961 1663 nus,
1989 1595 2087 1651 lib.
2116 1615 2176 1663 ii,
2201 1615 2325 1667 cap.
2347 1600 2399 1667 7,
2430 1599 2486 1651 in
2516 1598 2636 1653 Vita
2666 1598 2955 1668 Apollonii
2984 1615 2995 1653 :
3021 1622 3047 1647 «
3076 1600 3256 1655 Erant
3276 1610 3474 1659 autem

1828 1683 1910 1737 eis
1937 1686 2102 1754 pauci
2126 1687 2530 1739 tantummodo
2549 1692 2605 1740 et
2627 1687 2765 1741 sicci
2788 1703 2987 1757 panes.
3010 1687 3330 1757 Palladius,
3347 1707 3477 1763 cap.

1828 1773 1917 1831 52.
1944 1776 2042 1844 qui
2076 1791 2208 1828 eum
2244 1774 2585 1845 Apollonem
2618 1780 2785 1829 vocat
2818 1792 2829 1828 :
2868 1796 2895 1824 ι(
2930 1776 3107 1830 Erant
3137 1783 3332 1833 autem
3367 1781 3479 1835 ali-

1832 1866 1975 1933 quot
2034 1863 2171 1918 sicci
2234 1879 2432 1933 panes,
2492 1870 2548 1918 et
2605 1865 2873 1934 quaedam
2928 1864 3086 1920 olera
3141 1868 3415 1937 reposita.
3453 1891 3481 1918 ››

1832 1952 2126 2018 Bullinus,
2145 1952 2243 2006 lib.
2262 1970 2420 2021 m,n.
2442 1954 2505 2006 10
2526 1969 2537 2006 :
2556 1975 2584 2003 «
2602 1952 2758 2009 Nihil
2784 1954 2841 2007 in
2865 1954 3108 2019 eavidit,
3128 1956 3237 2009 nisi
3266 1974 3486 2027 paucos

1833 2058 2015 2111 panes
2047 2042 2233 2096 siccos
2256 2042 2312 2096 in
2340 2050 2539 2113 sporfa
2571 2043 2913 2111 pendentes.
2933 2064 2960 2091 »
2987 2042 3284 2113 Pelagius,
3306 2046 3488 2107 libell.

1831 2132 2078 2194 x,n.97:
2109 2132 2217 2185 «Et
2240 2133 2516 2203 apposuit
2546 2130 2628 2186 eis
2662 2148 2871 2201 panem
2907 2132 3224 2201 siccum,et
3245 2151 3487 2204 aquam,

1833 2225 1888 2274 et
1919 2219 2026 2285 sal,
2061 2221 2261 2275 dicens
2289 2238 2300 2274 :
2326 2225 2466 2275 Ecce
2504 2225 2736 2291 propter
2766 2237 2865 2273 vus
2897 2220 3269 2277 festivitatem
3304 2223 3486 2279 habe-

1834 2325 1969 2363 mus
2000 2307 2194 2374 hodie,
2227 2313 2283 2363 et
2313 2309 2477 2363 misit
2510 2325 2716 2380 parum
2751 2308 2897 2362 aceti
2930 2307 2987 2361 in
3023 2309 3246 2365 salibus
3272 2311 3423 2366 istis.
3457 2332 3482 2364 ι

1832 2397 2112 2461 Joannes,
2136 2396 2315 2451 libell.
2332 2413 2417 2463 ιιι,
2437 2415 2491 2449 ιι.
2516 2398 2587 2451 2:
2616 2420 2641 2446 ‹‹
2664 2397 2830 2451 Dedit
2847 2397 2931 2451 eis
2949 2399 3224 2466 securim,
3242 2405 3298 2454 et
3319 2418 3490 2472 spor-

1833 2489 1951 2539 tam
1972 2485 2200 2556 plenam
2233 2486 2481 2556 panibus
2510 2486 2703 2550 siccis,
2729 2490 2784 2539 et
2807 2484 2892 2539 sal
2931 2505 2960 2536 ι
2982 2487 3066 2539 Ita
3089 2487 3329 2556 quidam
3355 2490 3491 2545 libri

1835 2574 1913 2628 ibi
1936 2577 2094 2629 siccis
2121 2576 2366 2629 addunt.
2396 2574 2759 2645 Hesychius:
2786 2572 3010 2645 Δίπυροι
3033 2575 3208 2647 ἄρτοι,
3226 2576 3277 2628 οἱ
3295 2575 3353 2631 ἐκ
3374 2574 3493 2631 δευ-

1832 2656 1990 2737 τέρου
2027 2662 2339 2734 ὀπτωμένοι
2376 2680 2389 2719 :
2424 2665 2620 2734 Dz’pyri
2639 2680 2835 2734 panes,
2868 2666 3103 2719 secundo
3132 2668 3287 2720 cocti.

1907 2763 2126 2832 Nempe
2158 2763 2394 2817 siccitas
2420 2779 2485 2816 ex
2510 2761 2853 2827 recoctione,
2880 2763 3031 2816 unde
3063 2779 3243 2831 supra
3268 2760 3492 2837 δίπυρος

1836 2849 1996 2923 ἄρτος
2028 2852 2251 2917 dictus;
2276 2869 2399 2920 quae
2425 2852 2659 2906 siccitas
2684 2855 2740 2905 et
2763 2851 3008 2905 recoctio
3030 2852 3099 2905 ad
3132 2854 3493 2910 diuturnita-

1836 2944 1953 2995 tem
1986 2941 2304 3007 faciebant;
2330 2957 2446 3011 quo
2482 2940 2793 3010 respicitur
2824 2940 2878 2992 in
2900 2940 3031 2995 Vita
3053 2943 3237 2997 sancti
3260 2945 3492 2999 Antonii

1838 3046 1885 3085 c.
1924 3031 1980 3083 11
2022 3046 2035 3082 :
2068 3052 2095 3077 ‹‹
2128 3033 2311 3083 Panes
2343 3029 2636 3083 mensium
2671 3045 2792 3095 sex,
2827 3034 2891 3082 ut
2922 3029 3185 3084 Thebais
3221 3043 3347 3086 mes
3378 3037 3488 3099 est,

1842 3135 2041 3173 secum
2067 3119 2418 3184 recondens;
2440 3135 2575 3172 nam
2593 3118 2793 3172 crebro
2812 3134 3141 3187 perannum
3166 3119 3492 3192 incorrupti

1760 3169 1801 3234 Ο
1843 3210 2054 3264 durare
2086 3208 2295 3263 solent.
2331 3228 2360 3256 ››
2392 3208 2535 3261 Vide
2565 3224 2746 3276 supra
2775 3206 3213 3263 BUCCELLATUM.

1914 3308 1978 3361 Et
2000 3306 2137 3377 quia
2168 3321 2349 3377 panes
2372 3305 2431 3359 hi
2459 3304 2595 3359 sicci
2622 3305 2971 3376 erant(puto
2994 3306 3172 3359 etiam
3203 3307 3491 3380 duriores)

1840 3395 2155 3451 comesturi
2190 3411 2287 3449 eos
2320 3410 2470 3465 aqua
2506 3394 2878 3447 macerabant
2909 3398 2965 3447 et
2996 3395 3487 3465 madefaciebant,

1841 3486 1993 3556 quod
2020 3486 2077 3539 in
2104 3484 2194 3539 his
2220 3484 2362 3539 Vitis
2386 3484 2599 3555 saepius
2627 3484 2842 3538 dicitur
2860 3485 3492 3557 infunderepanes.Pal-

1839 3574 2055 3642 ladius,
2071 3574 2276 3643 cap.28
2299 3590 2312 3627 :
2336 3596 2362 3623 ‹‹
2378 3574 2445 3628 Et
2464 3573 2703 3643 imponit
2724 3590 2939 3628 mensas
2963 3579 3215 3644 quatuor
3228 3578 3489 3648 paxami-

1842 3665 1936 3717 dia
1962 3680 2061 3719 sex
2085 3664 2390 3718 unciarum
2413 3683 2426 3730 ;
2452 3662 2637 3717 etsibi
2668 3663 2907 3734 quidem
2943 3680 3123 3718 unum
3161 3666 3489 3729 madefecit,

1841 3757 2006 3807 erant
2035 3753 2189 3807 enim
2226 3751 2389 3819 sicci,
2423 3751 2503 3805 illi
2540 3756 2733 3805 autem
2765 3757 2903 3807 tres.
2930 3772 2958 3800 »
2986 3754 3279 3819 Bullinus,
3302 3754 3405 3810 lib.
3431 3773 3492 3821 II,

1841 3858 2005 3896 num.
2028 3842 2058 3895 4
2088 3858 2099 3895 :
2126 3864 2152 3891 «
2179 3841 2245 3893 Et
2269 3856 2400 3894 cum
2423 3838 2755 3893 advenisset
2780 3839 2923 3894 hora
2941 3847 3123 3902 sexta.
3149 3842 3496 3899 infundebat

1842 3945 2051 4000 panem
2076 3929 2133 3982 in
2157 3945 2330 3998 aqua,
2359 3926 2593 3981 dicens:
2628 3949 2653 3978 α
2676 3927 2931 3981 Dumbic
2948 3928 3113 3997 panis
3136 3928 3495 3998 infunditur,

1839 4024 2067 4089 oportet
2096 4034 2186 4071 me
2216 4018 2393 4071 etiam
2427 4016 2627 4070 horam
2666 4032 2878 4069 nonam
2929 4022 3281 4087 exspectare.
3322 4042 3341 4065 ιι
3382 4020 3496 4073 lbi-

1841 4108 1970 4162 dem
2007 4125 2019 4162 :
2051 4129 2077 4155 ‹‹
2110 4108 2373 4176 Cumque
2401 4104 2729 4159 advenisset
2763 4105 2905 4159 hora
2937 4111 3119 4173 sexta,
3153 4106 3496 4162 infundebat

1842 4212 2053 4267 panem
2079 4196 2137 4249 in
2157 4211 2392 4266 aquam.
2422 4215 2447 4242 υ
2474 4194 2633 4257 Quod
2661 4195 2715 4246 iu
2740 4192 2986 4263 Pelagio,
3015 4192 3207 4247 libello
3230 4211 3305 4259 ιν,
3327 4212 3494 4251 num.

1840 4286 2182 4351 58,dicitur:
2204 4306 2229 4334 «
2247 4283 2467 4337 lnfudit
2484 4287 2776 4353 panem,et
2790 4283 2941 4336 sedit
2963 4288 3028 4336 ut
3052 4284 3223 4337 mand
3238 4288 3491 4339 ucaret.»

1844 4377 1986 4429 Item
2013 4373 2303 4437 Ruflinus,
2331 4372 2430 4425 lib.
2450 4387 2531 4437 ιιι,
2560 4387 2722 4424 num.
2751 4370 2815 4423 19
2840 4386 2851 4423 :
2880 4392 2907 4419 ‹‹
2924 4371 2992 4424 Et
3016 4370 3176 4425 misit
3198 4389 3409 4441 aquam
3436 4380 3495 4428 et

1844 4464 1951 4531 sal,
1975 4467 2031 4517 et
2054 4461 2211 4516 misit
2232 4460 2861 4531 buccellas(paximatii
2892 4459 3272 4526 videlicet,vel
3298 4461 3492 4533 ipsum

123 4547 255 4617 tium,
277 4556 443 4624 panis
476 4554 925 4611 subcineritius.
961 4576 989 4602 ››
1026 4554 1524 4625 Luitprandus,in
1561 4554 1736 4625 Lega-
1769 4539 1815 4603 D
1848 4551 2341 4624 paximatium),et
2364 4550 2739 4603 comederunt
2764 4548 3225 4619 pariter.»Quod
3251 4549 3309 4605 in
3331 4551 3496 4607 Pela-

124 4638 232 4693 tion.
264 4658 277 4697 :
308 4666 335 4693 α
361 4644 483 4700 Soli
519 4644 812 4700 mensulae
841 4642 1106 4698 assident
1135 4642 1328 4707 nudae,
1355 4643 1740 4713 paximatium

126 4726 207 4780 sibi
232 4740 657 4802 apponentes.»
685 4732 1191 4798 Culumbanus,de
1216 4730 1416 4802 Regul.
1445 4732 1739 4797 monacb.,

125 4830 219 4887 cap.
240 4820 306 4875 5:
337 4824 587 4893 «Olera,
623 4822 940 4892 legumina,
966 4821 1162 4877 farina:
1192 4822 1361 4892 aquis
1395 4823 1577 4876 mistae
1611 4837 1742 4875 cum

123 4919 263 4970 Parvo
291 4927 438 4981 pane
472 4913 794 4984 paximate,
827 4928 896 4967 ne
926 4916 1126 4967 venter
1156 4916 1447 4977 oneretur,
1490 4914 1545 4965 et
1576 4927 1742 4965 mens

122 4993 422 5055 suffocatur.
462 5020 491 5052 ι

174 5093 391 5154 Frustra
423 5104 520 5156 est
549 5100 888 5166 Goldastus,
912 5099 1009 5171 qui
1038 5098 1097 5153 in
1121 5099 1245 5169 lege
1261 5096 1741 5167 Alamannorum,

123 5180 189 5235 tit.
216 5186 297 5251 22,
330 5190 357 5257 §
391 5192 443 5256 1,
478 5206 711 5261 panem,
741 5190 923 5245 modia
972 5188 1097 5255 duo,
1131 5186 1390 5258 corrigit,
1418 5187 1745 5257 paximadia

124 5269 218 5327 duo.
241 5275 427 5334 Nimia
461 5279 590 5333 haec
621 5280 813 5347 crisis,
838 5279 1010 5333 etiam
1063 5278 1291 5349 legibus
1318 5275 1435 5330 vim
1468 5276 1743 5331 inferens.

126 5356 316 5421 Rursus
342 5368 573 5423 frustra
600 5377 708 5437 est,
734 5370 873 5423 dum
900 5367 1225 5438 paximadia
1248 5366 1369 5421 vult
1399 5366 1551 5422 dicta
1579 5384 1748 5436 panes

120 5466 411 5524 purpureas,
435 5459 599 5530 quod
623 5460 696 5513 ab
723 5459 854 5530 igne
878 5460 1143 5512 rubeant.
1168 5457 1426 5513 Joannes
1450 5456 1746 5525 Moschus,

123 5536 245 5594 Prati
272 5546 466 5615 spirit.
506 5563 631 5619 cap.
656 5548 714 5615 7,
732 5548 801 5602 de
834 5550 1031 5601 Macno
1064 5562 1199 5601 sene
1228 5563 1239 5599 :
1266 5568 1292 5595 ‹‹
1319 5544 1514 5615 Neque
1544 5549 1747 5601 vinum

120 5625 318 5703 bibens,
351 5653 559 5708 neque
589 5652 797 5710 panem
829 5636 1163 5706 comedens,
1186 5634 1294 5691 nisi
1325 5651 1748 5708 purpureum.»

1851 4642 1966 4715 gio,
1999 4639 2198 4695 libello
2229 4657 2320 4711 xv,
2358 4657 2520 4694 num.
2544 4641 2635 4705 66,
2659 4643 2781 4694 est:
2812 4662 2839 4689 ‹‹
2874 4643 2939 4693 Et
2969 4640 3188 4695 infudit
3209 4641 3259 4696 ei
3294 4658 3497 4714 panes,

1851 4737 1907 4787 et
1939 4730 2102 4785 misit
2132 4730 2182 4784 ei
2215 4730 2408 4784 oleum
2442 4737 2497 4783 et
2524 4728 2631 4783 sal.
2669 4750 2696 4777 ››

1923 4836 2233 4886 ΡεοοΑΤοιι.
2267 4827 2403 4883 Vita
2431 4828 2595 4882 Pauli
2648 4827 2818 4898 primi
2871 4828 3149 4894 eremitas,
3185 4848 3350 4886 num.
3386 4831 3451 4886 18
3486 4850 3498 4888 :

1852 4943 1880 4969 «
1905 4918 2535 4989 Obsecro,quicunque
2554 4917 3270 4992 haeclegisthieronymi
3299 4938 3503 4991 pecca-

1855 5009 1999 5063 toris
2049 5006 2410 5062 memineris.
2444 5028 2470 5055 »
2510 5007 2857 5062 Anastasius
2903 5008 3409 5074 Bibliothecarius,
3442 5010 3502 5065 in

1853 5097 2190 5170 prazfatione
2227 5094 2372 5150 Vitae
2388 5096 2577 5150 sancti
2598 5096 2842 5151 Joannis
2865 5097 3377 5171 Eleemosynarii:«
3397 5101 3501 5153 Su-

1854 5186 2013 5258 scipe
2044 5202 2180 5257 ergo
2214 5191 2485 5239 sanctum
2508 5201 2540 5237 a
2562 5190 2862 5255 peccatore
2892 5186 3361 5258 interpretatum.
3381 5189 3507 5243 ulta

1856 5293 2007 5348 sirpe
2029 5275 2132 5329 viri
2159 5274 2345 5329 sancti
2372 5291 2438 5328 ex
2453 5274 2784 5330 humilitate
2803 5275 3013 5331 litteris
3037 5277 3162 5331 suis
3181 5278 3507 5348 superscri-

1855 5367 1991 5421 bere
2012 5368 2068 5419 et
2088 5364 2459 5418 subscribere
2484 5362 2987 5430 soliti.Lisiardus,
3012 5365 3321 5436 episcopus
3343 5368 3508 5421 Sues-

1858 5455 2169 5519 sionensis,
2194 5453 2249 5506 in
2277 5453 2399 5509 Vita
2432 5454 2617 5507 sancti
2648 5454 2961 5524 Arnulphi,
2985 5471 3109 5525 cap.
3141 5456 3229 5521 50,
3262 5454 3504 5525 Augusti

1863 5548 1945 5611 15,
1983 5544 2123 5599 dicit
2152 5541 2491 5613 Arnulphus
2523 5543 2593 5596 de
2626 5559 2685 5597 se
2718 5559 2729 5596 :
2772 5564 2792 5590 α
2830 5542 3016 5613 Hujus
3050 5543 3367 5613 peccatoris
3396 5550 3504 5599 Ar-

1859 5633 2069 5706 nulphi
2101 5648 2313 5702 corpus
2345 5637 2509 5687 terrae
2540 5631 2837 5688 reddatur.
2865 5654 2893 5681 ››
2926 5631 3261 5688 Desiderius
3289 5632 3506 5687 Cadur-
