3996 6170
434 242 541 299 483

1151 231 1658 295 ΟΝΟΜΔΒΤΙΟΟΝ
1695 230 1952 286 RERUM
1987 229 2055 282 E'J

2179 227 2522 286 ERBORUM
2557 233 3124 290 DIFFICILIOBUM.

3677 244 3764 300 184

428 382 579 423 cenzs
602 361 857 420 civitatis
878 361 1188 434 episcopus
1201 359 1451 431 epist.ad
1463 353 1864 410 Grimoaldum
1879 351 2078 422 palatii
2107 353 2163 420 Α
2193 351 2357 422 fungi
2388 355 2696 410 Gretserus
2729 359 2928 411 noster
2951 358 3020 412 ad
3045 356 3327 413 Codinum
3352 362 3607 432 suggerit,
3625 381 3686 420 an
3705 368 3772 423 sit

426 461 708 511 rectorem
744 471 757 508 :
792 472 823 505 α
850 450 1096 507 Domino
1127 448 1344 504 illustri
1376 444 1711 502 Grimoaldo
1742 441 1946 511 Majori
1979 442 2081 495 do-

425 563 559 601 mus
586 542 916 600 Desiderius
942 543 1270 611 peccator.»
1287 537 1443 592 Idem
1462 536 1532 590 ad
1553 531 1923 588 Medoaldum
1946 535 2082 584 Tre-

427 636 630 691 νοτίοιο
660 631 823 687 urbis
855 630 1198 701 episcopum
1221 644 1234 683 :
1259 648 1286 677 ιι
1309 625 1557 681 Domino
1585 639 1817 693 semper
1841 635 1946 676 suo
1970 624 2080 675 Me-

428 724 638 780 doaldo
655 737 812 791 papas
832 717 1163 773 Desiderius
1183 720 1465 785 peccator.
1480 714 1583 767 »Εἰ
1601 713 1673 766 ad
1687 709 2076 781 Codulphum:

426 836 453 864 «
481 811 722 867 Domino
754 807 968 863 illustri
1002 805 1302 875 Codulpbo
1335 802 1674 858 Desiderius
1726 803 2011 872 peccator.
2049 819 2077 846 »

420 903 564 957 Vide
585 899 753 972 plura
778 896 1046 967 exempla
1063 895 1217 966 apud
1250 893 1626 948 Franciscum
1654 887 2076 944 Bernardinum

420 988 857 1054 Ferrarium,De
881 983 1411 1040 ecclesiasticarum
1439 979 1821 1052 epistolarum
1840 992 2073 1048 genere,

424 1080 528 1135 lib.
563 1095 647 1142 III,
680 1093 811 1148 cap,
847 1077 896 1129 1.

496 1176 737 1231 PEDIBUS
768 1188 988 1228 ADOLVI.
1027 1168 1347 1235 Palladius,
1400 1184 1527 1238 cap.
1581 1167 1648 1220 15
1682 1183 1694 1221 :
1727 1163 1908 1220 Nobis
1939 1167 2075 1218 tuos

421 1266 600 1339 pedes
641 1260 1089 1332 attingentibus.
1125 1282 1151 1308 ››
1189 1258 1502 1312 Aberrarat
1551 1255 1645 1309 hic
1695 1254 1765 1307 ab
1821 1250 2074 1307 auctoris

423 1358 614 1410 mente
636 1353 926 1422 interpres
957 1352 1262 1413 Hervetus,
1292 1346 1371 1400 ita
1402 1350 1630 1399 vertens
1665 1359 1677 1397 :
1709 1364 1736 1392 ‹‹
1771 1341 2072 1405 Quomodo

420 1445 545 1499 fieri
603 1445 798 1514 potest
828 1443 893 1494 ut
923 1453 988 1493 ex
1022 1436 1139 1492 tuis
1194 1434 1441 1507 pedibus
1473 1433 1531 1487 hi
1567 1432 1686 1487 sint
1714 1428 2012 1501 aequales?
2043 1449 2070 1477 »

418 1533 544 1588 Non
568 1526 998 1594 animadvertit,
1021 1525 1162 1579 illud
1185 1527 1290 1576 τῶν
1321 1517 1502 1575 ποδῶν
1525 1540 1619 1573 σου
1651 1517 1951 1589 ἁπτόμεθα,
1982 1532 2074 1588 pe-

418 1621 508 1677 des
538 1627 662 1675 tuos
690 1618 1036 1686 attingimus,
1070 1612 1327 1684 speciem
1374 1627 1490 1682 prae
1525 1626 1586 1664 se
1616 1609 1766 1664 ferre
1797 1608 2073 1662 obsecra-

2188 441 2340 496 idem
2373 443 2472 512 qui
2506 443 2723 515 Typico
2751 445 2916 500 Sabaa
2948 443 3321 514 ἐξυπνιαστής,
3353 449 3621 507 Excitator
3648 454 3769 511 dici-

2188 534 2304 600 tur,
2331 531 2500 602 cujus
2527 543 2651 588 erat
2682 534 2738 588 in
2771 535 2986 607 vigiliis
3031 540 3088 590 et
3136 534 3441 608 ἀγρυπνίαις
3486 539 3701 599 circuire
3726 551 3773 602 et

2187 620 2589 677 somnolentos
2615 624 2884 679 excitare.
2910 625 3035 680 Non
3058 625 3301 684 videtur.
3323 626 3475 683 Clare
3503 630 3772 690 Heraclidis

2187 709 2473 779 interpres
2506 728 2625 766 rem
2661 713 2929 784 explicat.

2256 811 2495 863 Puorss.
2513 810 2811 878 Moschus,
2829 812 3000 867 Prato
3020 811 3335 883 spirituali,
3353 830 3473 885 cap.
3498 815 3588 869 134
3610 831 3622 870 :
3647 838 3671 866 «
3690 823 3774 874 Ao-

2183 894 2545 968 cipiebatque
2592 900 3003 970 quotidianum
3056 901 3410 973 stipendium
3457 919 3641 959 novem
3683 909 3774 962 mi-

2183 990 2345 1039 nuta.
2364 1008 2391 1035 ι)
2417 990 2608 1043 Graece
2631 994 2742 1055 est,
2769 982 3070 1060 ἐλάμϐανεν
3089 988 3415 1063 ἡμερούσιον
3433 989 3607 1066 φῦλεις
3627 991 3774 1051 πέντε.

2180 1073 2561 1145 Epiphanius,
2587 1078 2657 1132 de
2678 1078 3035 1148 ponderibus
3054 1083 3112 1134 et
3129 1080 3414 1135 mensuris
3436 1097 3450 1136 :
3476 1079 3648 1150 Φόλης
3665 1080 3688 1136 8
3703 1083 3778 1136 καὶ

2176 1160 2461 1216 ταλάντιδν
2492 1161 2764 1235 καλεῖται,
2801 1162 3027 1220 διπλοῦν
3063 1163 3121 1220 δὲ
3151 1164 3290 1221 ἐστιν
3321 1165 3422 1222 ὑπὸ
3452 1165 3542 1222 δύο
3571 1169 3782 1245 ἀργύριον

2179 1249 2527 1325 συγκείμενον
2548 1253 2600 1306 οἱ
2616 1253 2852 1328 γίνονται
2871 1255 2937 1322 σὴ
2959 1251 3210 1331 δηνάρια.
3229 1254 3323 1309 Καὶ
3355 1255 3494 1330 φόλη
3518 1253 3605 1311 δύο
3620 1259 3782 1313 Λεπτοὶ

2175 1340 2312 1393 κατὰ
2339 1340 2430 1394 τὸν
2464 1338 2820 1416 δηναρισμὸν,
2855 1342 2984 1398 ἀλλ’
3032 1343 3094 1398 οὐ
3142 1344 3278 1399 κατὰ
3321 1346 3412 1400 τὸν
3463 1346 3784 1422 ἀργυρισμὸν.

2180 1449 2208 1482 ι
2239 1431 2416 1487 Follis
2447 1432 2568 1488 sive
2599 1434 2886 1489 talentum
2920 1452 3166 1507 parvum
3190 1453 3260 1491 ex
3281 1436 3507 1492 duobus
3527 1439 3783 1509 argenteis

2177 1525 2423 1591 constat,
2449 1522 2557 1577 hoc
2589 1528 2678 1579 est
2707 1524 2964 1580 denariis
2983 1526 3109 1581 208.
3135 1525 3276 1581 Item
3311 1524 3461 1581 follis
3484 1526 3530 1581 si
3552 1527 3616 1581 ad
3639 1527 3789 1581 dena-

2176 1609 2315 1678 rios,
2346 1627 2456 1666 non
2482 1612 2551 1666 ad
2577 1618 2886 1683 argenteos
2905 1615 3222 1686 redigatur,
3247 1615 3362 1670 duo
3386 1615 3606 1670 minuta
3634 1615 3788 1670 conti-

415 1710 594 1765 tioais
612 1706 700 1762 vel
728 1703 1154 1761 obtestationis.
1177 1701 1413 1756 Veteres
1440 1699 1596 1754 enim
1620 1714 1754 1752 cum
1773 1695 2055 1767 supplices

2179 1703 2291 1792 net.
2308 1720 2335 1748 ››
2351 1700 2558 1792 sui‘das
2576 1718 2587 1756 :
2607 1698 2762 1754 Φὸλλ
2775 1722 2818 1762 ις
2839 1699 3109 1778 φολλοως,
3129 1703 3156 1757 ὁ
3174 1696 3377 1764 ὀϐολός
3390 1721 3401 1733 ·
3418 1700 3788 1771 πληθυντικῶς,

415 1798 791 1861 accedebant,
812 1793 1062 1866 genibus
1090 1807 1156 1845 ac
1181 1790 1426 1861 pedibus
1448 1787 1923 1844 advolvebantur.
1954 1784 2066 1838 Ho-

416 1902 635 1955 merus,
659 1902 678 1940 ι
712 1884 877 1940 Iliad.
911 1898 923 1936 :
956 1879 1044 1934 καὶ
1078 1872 1214 1950 λάϐε
1240 1875 1473 1953 γονῦων.
1506 1877 1853 1948 XenOpbon,
1887 1890 1963 1928 vn
1997 1874 2068 1928 de

411 1976 541 2046 Cyri
576 1972 945 2030 institutione
980 1987 992 2024 :
1027 1966 1208 2040 Κύρου
1238 1963 1566 2043 κατεφιλοῦν
1615 1964 1704 2017 καὶ
1755 1966 1947 2037 χεῖρας
1975 1960 2061 2015 καὶ

411 2062 938 2135 πόδας.1)ἱοη)ιεὶιιε
969 2058 1352 2127 Halicarnas.,
1378 2056 1480 2112 lib.
1502 2073 1556 2110 v1
1586 2055 1666 2110 De
1698 2053 1929 2126 Legatis
1957 2052 2066 2106 La-

411 2157 672 2212 tinorum
700 2151 832 2207 :Kai
860 2152 967 2203 τῶν
997 2147 1237 2222 γονάτων
1269 2143 1568 2206 ἁπτόμενοι
1599 2143 1777 2212 πάσης
1805 2147 1904 2210 τῆς
1936 2159 2064 2215 γερ-

413 2242 595 2302 ουσίας
615 2241 705 2295 καὶ
721 2241 816 2300 τὰς
832 2235 1111 2312 ἱκετηρίας
1129 2236 1275 2308 παρά
1293 2239 1413 2296 τοῖς
1439 2232 1566 2286 ποσὶ
1590 2235 1688 2286 τοῦ
1712 2228 2062 2301 Ποστουμίου

409 2332 664 2394 τιθέντες.
702 2351 725 2380 ι
759 2327 1005 2398 Totique
1035 2325 1266 2381 senatui
1315 2325 1386 2379 ad
1438 2339 1630 2394 genua
1661 2320 2061 2392 procidebant,

411 2422 614 2478 1047
652 2417 859 2491 positis
909 2418 980 2471 ad
1030 2413 1360 2470 Posthumii
1396 2413 1572 2483 pedes
1600 2409 1934 2481 supplicum
1968 2409 2062 2464 in-

405 2509 696 2583 signibus.
732 2529 759 2558 »
813 2504 1238 2568 Tertullianus,
1291 2502 1371 2557 De
1421 2500 1765 2573 pcnnitentia
1812 2515 1940 2569 cap.
1973 2499 2055 2553 9:

402 2623 429 2652 ‹‹
453 2596 810 2670 Presbyteris
824 2592 1272 2662 advolvi,charis
1286 2591 1384 2646 Dei
1408 2587 1830 2661 adgeniculari.
1848 2610 1876 2637 »
1911 2588 2056 2643 Dio-

400 2685 898 2763 nysius,epist.ad
916 2681 1330 2752 Demophilum
1355 2696 1368 2734 :
1396 2678 1469 2730 Σὺ
1504 2674 1560 2730 δὲ
1589 2677 1680 2730 τὸν
1713 2674 2054 2751 προσπεσόν-

396 2799 463 2834 τα
492 2779 629 2852 ἱερεῖ
648 2773 831 2850 παρὼν
868 2769 1231 2830 amitam“;
1258 2786 1270 2824 :
1303 2793 1323 2818 ι
1350 2770 1437 2824 Tu
1459 2784 1592 2822 vero
1616 2783 1750 2822 eum
1775 2765 1873 2837 qui
1897 2782 1957 2821 se
1981 2767 2052 2821 ad

400 2866 722 2924 sacerdotis
779 2879 972 2937 genua
1028 2859 1363 2931 abjecisset,
1422 2857 1578 2913 calce
1638 2855 1964 2912 detrusisti.
2026 2877 2047 2904 ι

399 2959 516 3014 Fao
523 2973 630 3012 ιντο
641 2998 653 3010 .

466 3057 734 3111 PEDULIS.
769 3050 901 3104 Vita
931 3045 1247 3104 Christiani
1311 3043 1605 3110 monachi,
1638 3042 2051 3115 prolegomeno

391 3147 482 3214 22,
507 3144 536 3216 §
561 3144 633 3197 5:
658 3163 686 3192 «
716 3138 915 3196 Inveni
948 3152 1133 3192 unum
1166 3133 1460 3205 pedulem,
1485 3137 1542 3189 et
1572 3133 1631 3187 in
1665 3148 1731 3187 eo
1767 3148 2041 3203 magnam

388 3249 646 3291 massam
699 3228 1097 3286 denariorum.
1133 3248 1161 3275 »
1195 3226 1510 3297 Gregorius
1561 3223 1944 3290 Turonensis,
1979 3223 2038 3277 in

386 3325 535 3379 Vitis
548 3319 878 3384 Patrum,in
893 3316 1114 3372 Nicetio
1129 3313 1507 3386 Lugdunensi
1522 3314 1857 3384 episcopo:«
1873 3311 2038 3368 Nam-

387 3431 500 3486 que
532 3411 632 3466 ubi
664 3410 859 3464 deciso
917 3404 1170 3472 cucullo,
1205 3403 1423 3474 aptatis
1453 3402 1768 3473 pedalibus
1798 3401 1901 3472 (ita
1931 3406 2039 3456 Ms.

390 3519 493 3574 pro
516 3497 768 3571 pedulis)
793 3496 967 3567 pedes
996 3492 1243 3563 operuit,
1263 3491 1552 3562 extemplo
1576 3495 1846 3562 arreptus
1869 3508 1900 3545 a
1923 3492 2042 3545 da:-

397 3606 570 3646 mone
603 3587 722 3641 ruit
751 3586 810 3639 in
846 3583 1264 3654 pavimentum.
1299 3603 1326 3630 ‹‹
1361 3581 1572 3651 Guigo,
1607 3580 1855 3651 quintus
1888 3581 2045 3651 prior

387 3681 589 3751 primas
613 3673 952 3741 Carthasim,
981 3672 1040 3726 in
1062 3670 1192 3725 Vita
1214 3671 1480 3741 Hugonis
1505 3669 2042 3735 Carthusiani,Gra-

384 3764 794 3837 tianopolitani
816 3760 1094 3833 episcopi,
1117 3764 1315 3814 narrat
1346 3759 1640 3829 quomodo
1671 3764 1838 3830 Hugo
1870 3759 2046 3814 Odol-

388 3859 577 3914 ricum
607 3855 878 3910 Diensem
910 3850 1275 3920 episcopum,
1302 3848 1505 3902 habitu
1540 3848 1924 3903 Carthusiano
1955 3847 2042 3903 in-

389 3950 600 4012 duens,
627 3944 734 3998 «id
759 3942 934 3998 etiam
965 3940 1239 3995 mandare
1269 3940 1511 4005 curavit,
1539 3944 1604 3993 ut
1625 3939 1694 3993 de
1717 3938 1922 4008 caligis
1946 3954 2042 4011 pe-

393 4036 560 4093 dules
593 4032 1292 4100 abscinderet,quatenus
1321 4033 1528 4098 praeter
1559 4029 1735 4098 pedes
1768 4032 1928 4083 totus
1950 4030 2042 4098 ja-

392 4131 547 4182 ceret
571 4123 838 4179 vestitus.
864 4119 1106 4175 Dolebat
1135 4117 1292 4172 enim
1327 4115 1645 4172 nonnullos
1677 4116 1737 4171 in
1768 4116 2042 4188 religioso

391 4215 618 4283 habitu,
645 4213 714 4268 ad
740 4208 1066 4266 sanctitatis
1085 4206 1387 4275 injuriam,
1415 4206 1573 4260 tibiis
1591 4205 1846 4260 dormire
1863 4207 2044 4261 nuda-

390 4305 489 4360 tis.
526 4326 554 4354 ››
590 4303 886 4371 Interpres
915 4295 1238 4362 Juvenalis,
1271 4298 1382 4350 sat.
1418 4295 1441 4349 4
1481 4311 1493 4348 :
1527 4317 1554 4343 «
1591 4294 1834 4349 Pedules
1869 4311 2045 4350 novos

386 4394 446 4448 in
467 4392 716 4448 braccis.
742 4392 904 4455 Quos
922 4387 1209 4458 pedornes
1241 4383 1466 4438 dicunt.
1493 4404 1521 4432 ››
1547 4382 1764 4438 ϐιοεδω
1797 4383 2040 4440 Isidori:

2171 1785 2298 1848 τοὺς
2330 1785 2576 1865 φόλλεις.
2611 1813 2637 1840 ‹‹
2672 1792 2892 1848 Pbollis
2924 1792 3152 1862 obolus,
3183 1792 3491 1864 pluraliter
3520 1792 3743 1864 pbolles.
3766 1816 3788 1842 υ

2172 1877 2546 1935 Marcellinus
2576 1879 2804 1951 Comes,
2826 1881 2885 1936 in
2917 1881 3202 1938 Chronico
3236 1902 3251 1940 :
3287 1905 3315 1942 «
3351 1883 3634 1949 Nummis,
3665 1898 3791 1953 quos

2173 1965 2420 2022 Romani
2441 1971 3011 2039 teruntianos,Grmci
3032 1970 3324 2026 follerales
3341 1974 3564 2040 vocant,
3580 1975 3793 2025 Anasta-

2171 2057 2296 2112 sius
2325 2075 2430 2113 suo
2465 2060 2700 2115 nomine
2721 2061 2986 2132 figuratis
3015 2060 3365 2132 placabilem
3389 2060 3539 2132 plebi
3563 2076 3794 2116 commu-

2170 2147 2450 2203 tationem
2483 2147 2778 2204 distraxit.
2814 2171 2842 2199 »

2241 2249 2674 2302 ΡΗΗΑΝοειιτλε.
2729 2248 3028 2316 Moschus,
3073 2266 3201 2320 cap.
3239 2249 3332 2314 49,
3364 2247 3461 2320 qui
3503 2247 3797 2304 assistebant

2172 2331 2410 2389 lictores.
2441 2335 2632 2390 Graece
2664 2342 2772 2407 est,
2795 2335 2886 2390 καὶ
2915 2340 3031 2397 τοῖς
3061 2339 3378 2410 παρεστῶσι
3410 2332 3796 2412 φραγγελίταις.

2167 2422 2385 2495 Nempe
2444 2423 2677 2481 lictores
2725 2427 2806 2482 ita
2853 2427 3013 2493 dicti,
3047 2428 3204 2498 quod
3239 2423 3606 2504 φραγγὲλλια,
3639 2426 3690 2479 id
3718 2427 3796 2479 est

2163 2513 2415 2584 ﬂagella,
2431 2519 2748 2585 gestarent.
2764 2516 2974 2571 Notum
2993 2514 3240 2589 φραγγὲλ
3251 2536 3359 2586 ιον,
3375 2533 3504 2588 cap.
3520 2533 3558 2571 II
3571 2516 3802 2585 Evange-

2165 2600 2225 2655 lii
2247 2602 2430 2656 sancti
2445 2603 2710 2659 Joannis:
2730 2603 2832 2659 Καὶ
2851 2605 3087 2674 ποιήσας
3108 2604 3443 2681 φραγγέλιον
3460 2603 3511 2658 ἐν
3535 2601 3794 2678 σχοινίωνε

2164 2693 2226 2746 Et
2253 2690 2465 2762 faciens
2510 2692 2796 2764 ﬂagellum
2821 2710 2890 2750 ex
2913 2694 3223 2765 funiculis.
3263 2696 3407 2750 Inde
3439 2690 3797 2771 φραγγελίτης,
3851 2689 3854 2692 ’

2161 2781 2346 2836 lictor.
2374 2782 2656 2853 Georgius
2674 2782 3128 2855 Alexandrinus,
3144 2784 3204 2839 in
3228 2785 3367 2840 Vita
3389 2781 3794 2856 Cbrysostomi:

2158 2867 2429 2923 ’Δνελθὼν
2460 2869 2510 2924 ἐν
2543 2869 2983 2945 τῷ-ἑπισκοπείῳ
3027 2872 3242 2928 κελεύει
3293 2870 3694 2948 ἀσφαλισθῆναι
3720 2868 3801 2929 τὰς

2161 2955 2327 3033 θύρας
2353 2957 2516 3012 αὐτοῦ
2547 2959 2634 3014 καὶ
2664 2968 2975 3034 τηρηθῆναι
3019 2959 3220 3024 ταύτας
3255 2959 3366 3017 ὐπὸ
3400 2965 3508 3016 τῶν
3543 2960 3801 3033 ὑπηρετῶν

2157 3045 2245 3100 καί
2277 3045 2647 3123 φραγγελιτῶν
2681 3057 2779 3119 τῆς
2810 3049 3123 3119 ἐκκλησίας.

2229 3137 2705 3194 ΡιπΑοιυΜΝἰιει
2733 3139 3506 3214 Joannis'Eleemosynarii,
3542 3157 3668 3211 cap.
3702 3137 3757 3192 10
3787 3153 3797 3190 :

2149 3249 2177 3275 «
2203 3227 2509 3282 Proferens
2525 3228 2594 3282 de
2608 3229 2953 3285 honoranda
2978 3247 3153 3285 manu
3181 3248 3299 3286 sua
3324 3231 3429 3286 ille
3449 3235 3688 3287 sanctus
3702 3226 3801 3300 pit-

2147 3317 2387 3370 tacium.
2413 3337 2441 3365 ››
2467 3317 2532 3371 Et
2562 3334 2689 3389 cap.
2712 3319 2777 3372 51
2809 3335 2871 3373 ;‹‹
2895 3319 3092 3391 Neque
3122 3319 3246 3376 ullo
3282 3323 3465 3376 modo
3489 3318 3801 3376 inveniatur

2149 3404 2460 3476 aquolibet
2490 3406 2792 3477 pittacium
2821 3407 2931 3463 hoc
2963 3409 3312 3478 aliquando.
3353 3432 3382 3459 ››
3417 3409 3583 3475 Quod
3615 3407 3800 3463 eodem

2148 3495 2336 3565 capite
2368 3494 2682 3566 aliquoties
2711 3498 3018 3567 repetitur.
3043 3497 3152 3552 Alii
3176 3498 3797 3571 scribuntpyclacium.

2146 3583 2456 3639 Zacharias
2502 3602 2650 3656 papa
2700 3586 2989 3641 Bonitacio
3021 3587 3196 3658 epist.
3235 3590 3368 3655 142,
3401 3589 3559 3643 inter
3583 3582 3800 3641 Bonifa-

2149 3674 2348 3729 cianas
2377 3690 2390 3727 :
2417 3696 2442 3722 α
2463 3674 2855 3730 Continebant
2875 3675 3031 3731 enim
3055 3676 3330 3747 capitula
3364 3678 3426 3733 in
3458 3675 3716 3750 pyctacio
3739 3673 3800 3726 ab

2149 3763 2234 3818 eis
2259 3768 2542 3834 porrecto.
2569 3786 2596 3814 »
2621 3764 2725 3819 Ubi
2750 3765 3012 3820 Serarius
3039 3771 3242 3822 noster
3268 3785 3283 3824 :
3315 3768 3502 3823 Recte
3539 3781 3671 3820 vero
3703 3768 3804 3818 tam

2147 3851 2442 3906 πυκτάκιον
2474 3869 2646 3924 quam
2679 3853 2958 3907 πιττάκιον
2990 3854 3302 3923 scribitur,
3333 3863 3556 3928 estque
3603 3851 3812 3926 proprie

2148 3941 2328 4013 panni
2361 3941 2700 4010 frustulum,
2735 3947 2791 3997 et
2825 3959 2925 4014 per
2955 3943 3463 4016 similitudinem,
3497 3940 3809 3999 indiculum

2150 4030 2386 4101 aliquod
2411 4031 3056 4098 membranaceum,aut
3075 4033 3623 4090 cbartaceum.Sed
3643 4028 3775 4086 illud
3792 4042 3820 4080 a

2148 4118 2554 4190 complicando
2586 4120 2842 4187 ducitur,
2870 4121 2974 4175 hoc
2995 4137 3132 4176 vero
3154 4123 3515 4178 etiamnum
3539 4121 3688 4194 apud
3707 4117 3816 4172 His-

2149 4225 2334 4280 panos
2351 4213 2408 4263 et
2422 4209 2763 4279 Aquitanos,
2788 4209 2995 4281 exigua
3011 4227 3144 4265 cum
3161 4210 3506 4268 inﬂexione
3528 4211 3823 4270 usitatum,

2146 4298 2354 4368 foedam
2380 4302 2436 4352 et
2464 4299 2654 4364 pedas,
2689 4299 2842 4369 apud
2878 4298 3076 4354 Gallos
3105 4315 3217 4355 unc
3243 4301 3435 4371 piece.

2220 4386 2552 4441 Hadrianus
2573 4386 2876 4452 Junius,in
2900 4386 3376 4447 Nomenclatura
3399 4389 3706 4447 existimat
3721 4383 3826 4456 pit-

386 4505 413 4532 ι(
443 4482 692 4544 Pedana,
718 4475 948 4548 pedulis
973 4491 1180 4541 novus,
1199 4473 1300 4543 qui
1319 4472 1518 4543 caliga:
1539 4472 1852 4526 assuiturm
1871 4473 2036 4528 Glos-
2071 4476 2114 4540 Ι)
2143 4477 2352 4530 tacium
2381 4475 2674 4530 detortum
2709 4477 2855 4532 forte
2887 4478 3205 4549 apeltucio,
3230 4495 3363 4551 quo
3399 4479 3551 4535 corii
3584 4489 3826 4549 praeseg-

385 4588 460 4626 θῶ
485 4567 774 4624 Benedicti
804 4582 816 4620 :
843 4559 1138 4629 Πεδούλια,
1172 4557 1355 4614 ποδῶν
1383 4555 1741 4631 καλύμματα.
1775 4559 1914 4621 τινὲς
1945 4561 2042 4636 ἁρ-

381 4654 958 4731 τάριαὴρμήνιυσαν.υ
980 4651 1487 4720 Pedulia,pedumi
1503 4651 2042 4722 ntegumenta,qui-

389 4748 525 4802 dam
561 4742 775 4799 artaria
805 4742 1247 4810 interpretatur.
1280 4759 1308 4786 ››

459 4859 876 4908 Psmonsmss.
909 4845 1174 4913 Circitor,
1206 4845 1514 4914 lustrator,
1543 4843 1831 4902 visitator.
1864 4845 2040 4902 Hera-

380 4943 585 5012 clides,
622 4956 747 5010 cap.
769 4939 841 4992 25
868 4953 880 4991 :
906 4959 933 4986 «
964 4933 1249 5005 Evagrius
1271 4933 1428 4988 filius
1461 4933 1787 5005 presbyteri
1822 4933 2040 4991 multa-

382 5049 518 5087 rum
540 5029 918 5086 ecclesiarum
954 5040 1157 5080 curam
1190 5022 1469 5095 gerentis,
1493 5038 1642 5093 quos
1664 5021 2039 5081 Periodentas

385 5124 617 5177 vocant.
644 5141 672 5167 »
696 5115 861 5172 Clare
884 5114 979 5169 hic
1001 5112 1360 5167 Periodentas
1384 5111 1646 5167 ofﬁcium
1671 5113 2037 5183 exprimitur,

383 5210 540 5282 quod
589 5223 803 5262 nomen
840 5204 898 5258 in
933 5202 1152 5258 Codino
1186 5218 1300 5256 non
1335 5205 1652 5272 comparet.
1679 5203 1849 5273 Apud
1884 5203 2042 5258 Gen-

385 5295 716 5363 nadium,in
742 5291 1033 5365 Enclyclio
1049 5291 1142 5345 hic
1157 5291 1298 5346 ordo
1318 5290 1606 5345 statuitur
1622 5308 1634 5346 :
1651 5313 1678 5342 «
1696 5290 2040 5363 Episcopus,

383 5387 862 5458 chorepiscopus,
894 5381 1286 5453 periodeutes,
1321 5382 1644 5454 presbyter,
1679 5383 1981 5438 diaconus.
2011 5404 2035 5435 ι

381 5479 529 5535 Vide
551 5474 900 5539 Meursium,
924 5472 981 5526 in
1005 5470 1301 5526 Glossario
1324 5471 1801 5527 Graecobarbaro.
1821 5472 2040 5528 Viden-

381 5573 479 5629 tur
499 5581 657 5624 nunc
679 5578 827 5637 quos
849 5576 1127 5617 vocamus
1150 5559 1379 5617 decanos
1391 5560 1826 5630 rurales,simili
1847 5563 2038 5620 officio

2155 4565 2316 4619 mina
2341 4564 2582 4620 exiliora
2610 4565 2888 4621 denotant
2917 4572 3119 4621 Dores.

2222 4661 2658 4733 Moschopulus,
2689 4660 2819 4735 Περὶ
2853 4659 3063 4736 σχεδῶν
3092 4680 3105 4719 :
3131 4663 3432 4719 ΙΙεττύκια
3467 4662 3642 4737 Δοριᾶ
3671 4657 3831 4716 λεπτᾶ

2150 4751 2543 4823 περιτμήματα
2570 4754 2677 4804 τῶν
2709 4747 3038 4824 δερματὶων,
3055 4750 3147 4829 ἀφ’
3169 4751 3235 4806 οὗ
3260 4755 3445 4826 ἡμεῖς
3467 4752 3731 4808 πιττάκια
3750 4745 3833 4802 λὲ-

2148 4857 2353 4914 γομενε
2387 4863 2414 4890 α
2450 4841 2702 4913 Pettycia
2734 4842 2936 4897 Dorice
2967 4841 3255 4898 dicuntur
3292 4845 3520 4900 tenuia
3551 4843 3834 4899 coriorum

2149 4930 2559 5001 praesegmina,
2594 4930 2747 4985 unde
2780 4947 2886 4986 nos
2917 4929 3160 5002 pittacia
3191 4932 3503 4989 dicimus.

2218 5029 2624 5098 Casaubonus,
2648 5029 2720 5083 ad
2741 5027 3138 5084 Alexandrum
3160 5029 3472 5086 Severum
3495 5024 3837 5101 Lampridii,

2147 5115 2273 5171 vult
2293 5113 2574 5168 πιττάκιον
2607 5116 2830 5170 dictum
2855 5115 2959 5168 ἀπὸ
2987 5120 3090 5184 τῆς
3121 5114 3359 5184 πίττης.
3387 5119 3554 5174 Sunt
3575 5117 3736 5175 enim
3758 5113 3836 5168 in-

2149 5206 2300 5276 quit,
2323 5204 2448 5276 pice
2469 5204 2554 5259 vel
2579 5203 2803 5259 maltha
2825 5204 2983 5260 illita:
3005 5205 3211 5261 breves
3237 5207 3524 5276 tabella,
3541 5209 3604 5262 in
3631 5205 3839 5278 quibus

2148 5294 2337 5365 elogia
2355 5293 2847 5362 scribebantur,et
2869 5294 2924 5348 id
2949 5310 3138 5367 genus
3160 5293 3311 5364 alia,
3331 5312 3477 5369 quae
3502 5296 3718 5370 paucis
3733 5307 3842 5347 ver.

2148 5383 2236 5438 bis
2267 5386 2517 5454 possunt
2547 5382 2987 5454 comprehendi.

2218 5471 2376 5526 Abiit
2399 5476 2600 5543 postea
2627 5470 2919 5542 pittacium
2950 5488 3052 5528 seu
3080 5473 3417 5544 pdlycium
3440 5474 3506 5532 in
3525 5474 3710 5548 pelia,
3729 5484 3835 5544 quo

2146 5560 2439 5635 posterius
2469 5577 2653 5617 aevum
2686 5561 2890 5618 utitur.
2925 5562 3214 5618 Henricus
3252 5561 3756 5632 Rebdorernsis,
3787 5560 3842 5615 in
