3996 6170
212 322 305 375 485

918 325 1424 384 ONOMASTICON
1463 331 1721 385 RERUM
1759 329 1851 384 ET
1890 331 2288 387 VERBORUM
2325 334 2890 395 DIFFICILIORUM.

3500 343 3605 399 486

205 448 544 518 Annalibus,
587 465 741 504 anno
776 450 906 505 1361
930 466 944 506 :
971 473 998 500 ‹‹
1034 454 1177 507 Item
1201 451 1400 508 clavus
1423 469 1559 508 cum
1599 452 1837 524 aliquali
1868 458 1922 524 Α
1953 457 2633 526 poscam,etlenticulam
2650 478 2752 533 per
2769 460 3599 536 solumbienniumgustans.»

206 538 352 610 petia
377 538 523 609 ligni
548 546 763 594 sancta:
795 540 1008 595 crucis.
1030 543 1174 595 Item
1208 542 1366 613 petia
1391 542 1614 598 brachii
1638 549 1851 599 sanctae

208 631 398 683 Annae.
437 628 581 682 Item
615 628 769 700 petia
800 631 1051 698 chordae,
1086 648 1203 701 qua
1224 631 1487 687 Christus
1520 633 1629 687 fuit
1659 634 1727 687 ad
1753 651 1848 689 co-

205 720 463 775 lumnam
498 718 738 791 ligatus.
771 741 799 769 »
833 718 1026 775 Utitur
1050 725 1105 776 et
1126 722 1525 778 Theodoricus
1548 724 1619 778 de
1645 723 1850 795 Appel-

206 810 292 865 dia
325 809 667 880 praefatione
693 814 825 864 ante
856 810 1061 865 Vitam.
1083 812 1267 866 sancti
1300 812 1612 882 Dominici,
1643 814 1677 866 5
1702 815 1848 885 Aug.

266 903 638 954 PLUMATIUM.
674 898 967 969 Pelagius,
1001 898 1197 955 libello
1230 918 1327 968 νιι,
1360 918 1414 955 n.
1445 903 1547 957 lO:
1582 924 1609 950 ‹‹
1642 903 1712 957 Et
1738 908 1851 957 tra-

203 990 278 1044 xit
308 1005 493 1043 unum
527 1004 740 1060 corpus
773 990 883 1043 sub
904 994 1079 1060 caput
1100 1007 1274 1045 suum
1305 995 1585 1061 tanquam
1622 991 1849 1062 pluma-

200 1079 336 1135 tium
370 1080 443 1133 de
486 1078 700 1149 scirpo.
736 1100 763 1127 »
798 1076 1014 1133 Glossaa
1046 1079 1441 1135 Graecolatinae
1473 1076 1848 1153 πλουμάιιιῡν,

195 1166 531 1240 πλουμμίον,
574 1167 940 1237 plumacz'um.
976 1169 1328 1225 Anastasius
1360 1170 1419 1225 in
1450 1170 1687 1241 Sergio:
1726 1191 1751 1222 α
1785 1174 1847 1226 In

198 1275 305 1330 quo
319 1258 571 1312 interius
592 1256 880 1327 plumatiu
893 1274 944 1312 m
966 1274 1034 1312 ex
1048 1257 1371 1313 holoserico
1388 1259 1849 1331 superpositum,

199 1348 348 1419 quod
400 1345 689 1402 stauracis
722 1346 961 1414 dicitur,
995 1346 1236 1402 invenit.
1273 1370 1302 1397 »
1337 1348 1849 1405 GodfridusViter-

197 1437 412 1493 biensis
443 1436 659 1491 Chron.
694 1438 857 1507 parte
886 1452 940 1490 ιχ
968 1452 981 1490 :

343 1560 575 1611 Ultimus
606 1559 839 1623 Assyriae
876 1574 970 1608 rex
1000 1559 1220 1609 nomine
1252 1560 1623 1623 Sardanapala

343 1625 564 1674 Fecerat
594 1637 657 1672 ex
681 1625 861 1686 pluma
894 1624 1155 1686 plumatia
1189 1625 1405 1673 clausus
1437 1626 1494 1673 in
1527 1626 1665 1674 aula.

200 1741 439 1813 Papias:
471 1762 500 1789 ‹‹
534 1739 930 1805 Plumaclum,
965 1740 1237 1810 pulvinar
1268 1758 1298 1795 a
1332 1741 1534 1812 pluma
1557 1741 1791 1797 dicitur.
1818 1764 1847 1793 »

207 1830 560 1885 Glossarium
592 1828 1055 1885 Camberonense
1076 1834 1185 1884 Ms.
1219 1851 1246 1879 «
1278 1830 1577 1897 Pulvinar,
1603 1832 1847 1903 capitale
1879 1850 1925 1915 B

214 1919 555 1991 plumatum.
590 1942 618 1969 ››

273 2008 626 2066 ΡοεΜεΝιυΜ.
680 2008 996 2076 Pallaiius,
1028 2024 1157 2080 cap.
1192 2010 1301 2065 77:
1349 2031 1376 2058 «
1428 2009 1557 2064 Vixi
1602 2026 1737 2065 cum
1781 2026 1846 2066 eo

216 2117 347 2155 anno
379 2115 491 2155 uno
523 2099 583 2154 in
620 2098 942 2167 Bethleem,
976 2098 1213 2168 quando
1246 2098 1399 2154 sedit
1429 2098 1581 2154 ultra
1621 2100 1844 2155 Pmme-

216 2191 374 2244 nium.
396 2212 423 2237 ››
460 2184 850 2261 Συνέζησαγὰρ
865 2183 972 2258 ἐγὼ
985 2185 1164 2257 τούτῳ
1178 2184 1264 2239 ἐπὶ
1289 2181 1474 2249 ἔτοςὲν
1491 2186 1543 2240 ἐν
1567 2185 1843 2260 Βηθλεὲμ,

222 2276 429 2345 ὁπηνίκα
442 2274 722 2343 ἐκαθέζετο
737 2272 983 2329 ἐπέκεινα
995 2279 1103 2328 τῶν
1124 2278 1322 2347 Ηοιμεν
1335 2275 1435 2331 ἕου.
1454 2278 1847 2335 Meursiushic

218 2372 385 2423 notat:
411 2366 695 2437 Intelligit
718 2365 1140 2421 monasterium
1159 2367 1389 2422 abbatis
1402 2367 1712 2434 Pmmenis,
1740 2384 1845 2423 cu-

211 2459 294 2527 jus
323 2456 592 2511 meminit
621 2458 879 2510 Joannes
911 2454 1191 2510 Moschus
1224 2456 1541 2510 Limonarii
1568 2473 1695 2527 cap.
1720 2457 1843 2512 467.

216 2546 289 2600 Ita
313 2546 421 2600 ille.
473 2545 547 2600 Ut
573 2544 763 2611 video,
798 2545 975 2598 etiam
1006 2545 1149 2598 viris
1188 2544 1336 2598 alias
1376 2544 1846 2615 diligentissimis

217 2650 357 2689 error
384 2634 537 2689 latus
564 2634 812 2704 obrepit.
848 2633 1079 2688 Pmmen
1102 2632 1347 2688 Palladii
1371 2633 1594 2703 aliquot
1615 2634 1844 2690 saeculis

220 2724 375 2780 distat
400 2741 432 2779 a
458 2724 725 2779 Pmmene
758 2722 1001 2778 Moschi.
1032 2722 1138 2776 Hic
1169 2723 1388 2777 Moschi
1414 2722 1712 2778 solitarius
1735 2724 1845 2779 fuit

224 2814 349 2869 alter
371 2813 462 2868 ille
494 2812 761 2879 Palladii,
793 2812 992 2865 abbas.
1028 2813 1095 2866 Et
1124 2812 1365 2883 quidem
1408 2812 1478 2866 de
1511 2816 1717 2867 neutro
1749 2813 1843 2868 hic

218 2902 406 2973 agitur,
430 2902 531 2957 sed
554 2902 893 2956 Pcemenium
914 2900 1003 2956 hic
1027 2909 1107 2955 esl
1132 2900 1297 2955 locus
1318 2901 1472 2971 apud
1497 2900 1790 2957 Betlbeem
1813 2920 1844 2957 a

220 2992 528 3061 pastoribus
552 2991 634 3046 ita
648 2991 865 3059 dictus,
882 2990 975 3044 ubi
995 2995 1394 3061 apparuerunt
1410 2991 1493 3045 eis
1508 2991 1723 3061 angeli,
1739 2993 1840 3062 qui

221 3096 322 3136 non
351 3079 542 3150 procul
574 3096 607 3134 a
637 3078 934 3134 Bethleem
967 3078 1241 3147 distabat,
1276 3082 1341 3132 ut
1371 3078 1465 3132 hic
1491 3084 1755 3150 apparet,
1787 3084 1844 3135 et

217 3172 441 3224 testatur
484 3169 876 3240 Hieronymus
907 3167 1150 3238 epistola
1180 3169 1272 3235 27,
1305 3168 1377 3222 ad
1413 3168 1793 3223 Eustochium
1824 3186 1836 3224 :

221 3280 243 3307 «
275 3260 425 3314 Haud
457 3257 657 3330 procul
690 3257 825 3311 inde
856 3255 1174 3322 Bethleem,
1209 3256 1596 3311 descenditad
1616 3261 1838 3312 turrem

221 3349 369 3414 Ader,
392 3349 448 3403 id
470 3353 579 3415 est,
604 3347 797 3419 gregis
825 3365 838 3413 ;
864 3348 1037 3417 juxta
1059 3362 1237 3416 quam
1258 3345 1437 3401 Jacob
1462 3345 1617 3417 pavit
1638 3362 1843 3418 greges

219 3452 339 3492 suos
368 3438 513 3505 (Gen.
548 3436 782 3507 xxxvu),
818 3441 875 3491 et
907 3439 1169 3507 pastores
1202 3440 1373 3490 nocte
1405 3434 1714 3505 vigilantes
1742 3452 1844 3490 au-

219 3526 325 3581 dire
336 3543 596 3583 merueru
608 3531 673 3581 nt
688 3544 699 3580 :
716 3525 914 3581 Gloria
927 3525 986 3579 in
1001 3523 1247 3579 excelsis
1264 3528 1374 3578 Deo
1390 3547 1418 3573 »
1433 3524 1617 3594 (Lucae
1632 3524 1716 3594 ιι),
1732 3530 1842 3580 etc.

218 3614 380 3672 Distat
400 3616 519 3672 haec
538 3617 718 3671 turris
735 3614 895 3669 mille
910 3614 1184 3685 passibus
1201 3612 1537 3668 aBetbleem
1551 3655 1564 3678 ,
1583 3614 1680 3667 ubi
1699 3617 1843 3667 tem-

222 3704 360 3774 plum
384 3715 635 3761 erectum
662 3710 750 3759 est
768 3704 838 3758 ab
861 3702 1096 3768 Helena,
1119 3702 1201 3756 uti
1220 3701 1844 3771 testaturNicephorus

224 3792 309 3849 lib.
340 3812 453 3863 vm,
487 3794 723 3866 cap.30.
758 3791 1122 3864 Epiphanius
1148 3791 1489 3856 Monachus,
1519 3791 1577 3845 in
1598 3791 1843 3846 Itinera-

228 3882 298 3937 rio
339 3884 817 3955 Jerosolymitano
863 3898 877 3936 :
925 3882 1009 3936 Ad
1058 3881 1351 3936 Orientem
1402 3879 1696 3943 Bethleem
1755 3884 1842 3935 est

226 3974 499 4029 conditum
516 3972 963 4039 monasterium,
979 3972 1131 4040 quod
1150 3969 1552 4035 diciturOvile,
1570 3970 1843 4024 ubivisus

226 4068 300 4115 est
342 4067 580 4135 angelus
628 4062 984 4133 pastoribus,
1018 4060 1280 4130 dixitque
1321 4059 1500 4131 ipsis:
1548 4062 1782 4114 Cessate
1812 4077 1845 4114 ο,

222 4152 465 4224 gregibus
509 4150 933 4207 custodiendis.
969 4150 1224 4204 Clamate
1260 4148 1643 4203 celebrantes.
1678 4170 1705 4197 »
1740 4148 1845 4203 Vix

222 4238 419 4308 dubito,
449 4242 594 4311 quin
628 4242 684 4295 in
718 4242 910 4295 Grazco
926 4239 1102 4293 fuerit
1124 4238 1440 4309 ΙΙοιμένιον,
1465 4237 1521 4291 id
1545 4242 1657 4303 est,
1680 4238 1838 4292 ovile.

284 4334 550 4387 POLLUTIO
587 4348 902 4387 NOCTURNA.
941 4328 1252 4395 Palladius,
1286 4329 1522 4398 cap.22,
1545 4328 1615 4383 de
1635 4328 1841 4383 1048

222 4424 411 4492 Moyse,
460 4420 735 4493 quilatro
767 4421 977 4487 fuerat,
1029 4419 1303 4489 turpibus
1357 4418 1580 4472 sonniis
1618 4423 1841 4485 vexato,

220 4510 305 4578 qui
359 4511 426 4566 ob
460 4527 589 4565 eam
623 4526 857 4565 causam
891 4506 1276 4564 sacramentis
1305 4506 1658 4571 abstinebat,
1708 4524 1842 4562 cum

1955 543 2061 598 Ubi
2098 546 2373 601 llervetus
2404 549 2658 603 novitius
2679 549 2923 605 Palladii
2950 550 3239 623 interpres
3254 571 3355 625 pro
3376 572 3599 627 pascam

1956 636 2150 704 posuit
2177 639 2480 703 plisanam.
2515 640 2702 694 Etiam
2726 644 2889 695 vetus
2910 640 3150 697 Palladii
3177 643 3464 716 interpres
3485 647 3603 717 pti-

1956 740 2122 779 sanas
2163 725 2355 781 habet.
2390 729 2450 782 In
2500 728 2696 785 Greco
2728 734 2817 785 est
2865 728 3179 806 ὀξύκρεκτον.
3232 733 3392 803 Post,
3443 738 3598 809 apud

1954 813 2341 884 Heraclidem,
2369 834 2417 873 c.
2453 819 2557 873 42:
2591 842 2618 869 «
2653 823 2762 875 Per
2790 820 3084 892 reliquum
3116 822 3220 876 aevi
3245 823 3336 878 sui
3369 828 3602 899 tempus

1956 920 2131 975 posca
2162 910 2219 959 et
2247 907 2402 961 sicco
2435 924 2582 979 pane
2613 915 2888 965 contenta
2908 910 3157 967 vivebat.
3193 934 3220 961 ››
3254 911 3363 967 Ubi
3397 915 3601 972 Herve-

1956 1001 2046 1047 lus
2079 992 2137 1048 in
2187 995 2443 1051 Palladio
2476 1013 2582 1052 suo
2615 1014 2715 1067 pro
2745 1015 2910 1068 posca
2956 999 3198 1055 retinuit
3224 1008 3486 1073 oxycrato
3527 1020 3597 1059 ex

1954 1085 2168 1141 Graeco.
2216 1085 2377 1141 Certe
2427 1091 2592 1143 vetus
2642 1088 2889 1144 Lexicon
2923 1089 3370 1147 Graecolatinum
3421 1091 3599 1148 habet

1955 1170 2299 1246 Ὀξῦκρατον.
2322 1192 2503 1247 posca.
2531 1176 2762 1233 Plinius
2785 1196 3043 1250 quoque,
3065 1180 3165 1234 lib.
3190 1197 3369 1247 xxvn,
3390 1197 3518 1253 cap.
3540 1182 3591 1235 4.

1953 1262 2123 1317 vertit
2147 1280 2197 1317 τα
2223 1264 2406 1320 Radix
2422 1266 2844 1339 decoquiturin
2864 1285 3041 1340 posca
3054 1268 3235 1326 dolori
3258 1270 3543 1327 dentium.
3570 1291 3600 1320 »

1954 1353 2107 1423 quod
2141 1352 2424 1409 Discoridi
2461 1355 2561 1411 lib.
2601 1373 2639 1411 ιι
2684 1358 2875 1429 capite
2911 1359 3034 1428 129,
3067 1359 3138 1414 de
3170 1359 3443 1426 ononide,
3497 1376 3602 1415 seu

1954 1442 2201 1497 anonide
2231 1448 2320 1498 est
2346 1461 2359 1499 :
2393 1443 2757 1517 Ἀφεψηθεῖσα
2789 1442 2845 1499 δὲ
2875 1447 2908 1515 ἡ
2945 1445 3063 1522 ῥίζα
3095 1445 3145 1501 ἐν
3174 1446 3481 1523 ἆξυκράτῳ,
3509 1448 3597 1502 καὶ

1955 1523 2383 1601 διακΛυζομένη,
2412 1530 2577 1585 πόνον
2613 1529 2850 1587 ὀδόντων
2883 1534 3123 1605 πραΰνει.
3160 1537 3318 1593 Idem
3352 1538 3599 1609 Plinius,

1953 1616 2055 1673 lib.
2088 1636 2182 1685 xx,
2217 1637 2343 1691 cap.
2380 1622 2411 1675 4
2446 1639 2628 1690 poscas
2671 1623 2973 1693 meminit;
3007 1648 3035 1674 «
3068 1625 3247 1681 Sativi
3272 1627 3599 1698 raphaniin

1956 1723 2130 1778 posca
2145 1709 2597 1779 decocti,contra
2610 1714 2972 1783 serpentium
2990 1730 3219 1769 morsus
3232 1715 3356 1770 illin
3368 1724 3600 1770 untur.»

1957 1796 2122 1861 Item,
2148 1796 2249 1852 lib.
2274 1816 2410 1865 xxu,
2438 1802 2747 1871 capite25:
2779 1824 2797 1849 ι
2825 1803 2909 1857 Ad
2930 1803 3448 1871 jocinerisdolores
3470 1819 3600 1860 eam

1955 1886 2227 1957 (farinam
2264 1888 2486 1959 hordei)
2519 1906 2652 1944 cum
2680 1907 2855 1961 posca
2886 1892 3163 1962 concoqui
3189 1910 3337 1964 opus
3368 1898 3477 1961 est,
3503 1899 3607 1949 aut

1953 1992 2086 2031 cum
2119 1980 2274 2034 vino.
2311 2000 2339 2027 »
2372 1979 2440 2034 Et
2473 1996 2684 2035 nomen
2717 1981 2824 2036 hoc
2851 1981 3163 2053 aliquoties
3186 1983 3389 2037 eodem
3416 1983 3606 2054 capite

1953 2068 2181 2136 repetit.
2233 2067 2415 2132 Idem,
2453 2068 2604 2123 libro
2635 2087 2765 2136 xxx,
2798 2088 2926 2142 cap.
2958 2072 3030 2126 7:
3072 2091 3095 2119 ι
3126 2072 3398 2127 Tormina
3429 2076 3601 2127 sanat

1954 2155 2264 2225 palumbus
2315 2159 2493 2226 ferus,
2539 2175 2607 2213 ex
2623 2176 2799 2230 pusca
2818 2161 3113 2216 decoctus.
3137 2182 3163 2212 ι>
3180 2164 3494 2216 Suetonius
3513 2161 3608 2215 Vi-

1953 2243 2130 2313 tellio,
2183 2246 2368 2317 capite
2397 2265 2509 2302 x11:
2536 2249 2729 2303 «Cum
2764 2250 3018 2305 Puteolis
3051 2266 3288 2321 poscam
3338 2250 3597 2305 venden-

1949 2336 2068 2388 tem
2117 2335 2620 2406 deprehendisset.
2656 2360 2683 2386 »
2734 2338 3099 2409 Spartianus,
3154 2337 3211 2392 in
3266 2338 3602 2394 Hadriano:

1956 2421 2161 2477 «Cibis
2218 2424 2392 2479 etiam
2446 2426 2846 2481 castrensibus
2891 2427 2950 2481 in
2998 2427 3306 2499 propatulo
3354 2426 3606 2482 libenter

1952 2516 2146 2581 utens,
2180 2512 2290 2568 hoc
2311 2518 2422 2581 est,
2446 2514 2655 2580 larido,
2680 2532 2868 2582 caseo,
2894 2520 2949 2571 et
2976 2532 3170 2587 posca,
3194 2516 3459 2587 exemplo
3481 2516 3606 2571 Sci—

1955 2599 2794 2672 pionis.’Emiliani,etMetelli,
2816 2608 2872 2659 et
2893 2604 3150 2660 auctoris
3173 2605 3267 2661 sui
3288 2605 3548 2675 Trajani.
3574 2626 3603 2654 »

1962 2687 2267 2745 Cornelius
2299 2691 2525 2760 Celsus,
2547 2693 2696 2748 libro
2722 2710 2785 2747 ιιι
2816 2711 2877 2749 ;‹‹
2899 2693 3034 2749 Dari
3059 2697 3253 2765 potest
3271 2693 3495 2763 intrita,
3517 2692 3606 2748 vel

1960 2794 2028 2832 ex
2059 2796 2212 2850 aqua
2242 2780 2447 2849 calida,
2482 2781 2564 2836 vel
2601 2798 2668 2836 ex
2700 2798 2895 2853 posca.
2931 2806 2951 2835 ι
2989 2783 3320 2838 Alexander
3351 2782 3601 2838 Trallia-

1952 2884 2081 2933 nus,
2134 2868 2281 2924 libro
2311 2887 2367 2924 x1
2394 2886 2406 2925 ζ
2444 2868 2656 2944 Πάρεχε
2688 2866 2743 2923 δὲ
2794 2870 2943 2941 αὐτῷ
2971 2871 3077 2943 πρὸ
3111 2870 3321 2945 ἡμέρας
3351 2868 3603 2943 εὖπὶπτῳ

1950 2948 2089 3025 ὄντι,
2120 2956 2154 3023 ἡ
2185 2955 2262 3019 εἰς
2290 2955 2536 3030 ῥοσάτον,
2569 2958 2603 3027 ἢ
2637 2957 2712 3019 εἷς
2739 2959 2977 3031 φούσκαν
3003 2976 3016 3015 :
3055 2981 3079 3011 α
3112 2962 3307 3017 Pridie
3335 2962 3481 3017 bene
3503 2977 3599 3016 ex-

1950 3050 2178 3099 coctum
2212 3046 2449 3117 impone
2478 3056 2667 3103 I‘OBZIlO
2702 3048 2787 3103 vel
2820 3065 3029 3119 poscas.
3062 3069 3088 3103 ι

2024 3153 2404 3209 Confundunt
2426 3154 2693 3226 plerique
2715 3155 3091 3226 grammatici
3112 3160 3169 3211 et
3190 3155 3606 3228 Lexicographi

1960 3242 2311 3298 recentiores
2339 3260 2577 3314 poscam,
2612 3260 2744 3299 cum
2776 3243 2899 3299 lora
2920 3244 3009 3299 vel
3036 3244 3226 3316 zytbo,
3250 3260 3397 3316 quos
3417 3245 3609 3299 redar-

1960 3331 2086 3403 guit
2110 3331 2572 3403 Brodazus,libro
2591 3349 2665 3399 1v,
2708 3332 3045 3400 Miscellan.,
3081 3350 3289 3405 cap.u.
3316 3338 3379 3388 In
3397 3334 3603 3388 eadem

1959 3422 2231 3491 opinione
2262 3421 2371 3475 fuit
2393 3423 2567 3476 etiam
2594 3427 2798 3477 auctor
2815 3421 3095 3477 Glossarii
3117 3422 3603 3478 Camberonensis

1960 3509 2367 3581 manuscripti,
2388 3511 2528 3566 dum
2553 3511 2633 3565 ait
2658 3528 2670 3566 :
2694 3534 2722 3561 «
2752 3516 2951 3577 Pusca,
2976 3511 3181 3566 vinum
3203 3512 3553 3566 secundum.
3573 3532 3595 3560 ιι

1956 3600 2171 3653 Vinum
2225 3604 2418 3655 autem
2453 3601 2799 3666 secundum,
2833 3616 2936 3655 seu
2968 3600 3408 3667 secundarium,
3456 3599 3603 3655 nihil

1958 3688 2116 3743 aliud
2150 3692 2239 3743 est
2271 3705 2447 3760 quam
2473 3687 2616 3743 lora.
2649 3688 2797 3752 Quid
2823 3688 3026 3743 vinum
3052 3690 3379 3743 secundum
3415 3687 3488 3743 sit
3511 3705 3607 3744 ex-

1958 3778 2135 3849 plicat
2166 3779 2318 3832 idem
2353 3778 2755 3833 Glossarium:
2791 3800 2818 3828 «
2853 3778 3019 3833 Acini
3044 3777 3323 3833 dicuntur
3339 3779 3607 3850 projects:

1957 3884 2202 3923 uvarum
2233 3867 2512 3939 reliquias,
2534 3872 2591 3923 et
2615 3867 2743 3922 ideo
2766 3867 3006 3939 corripit
3029 3867 3435 3938 penultimam.
3451 3869 3606 3931 Quo-

1958 3958 2116 4012 niam
2153 3974 2266 4012 non
2311 3958 2380 4011 de
2414 3956 2671 4022 nomine,
2708 3957 2805 4011 sed
2842 3958 2913 4011 de
2959 3957 3135 4011 verbo
3170 3958 3465 4011 derivatur
3496 3958 3605 4013 hoc

1956 4062 2207 4101 nomen:
2239 4046 2329 4100 hic
2352 4046 2577 4115 acinus,
2612 4045 2792 4115 hujus
2824 4044 2996 4100 acini.
3031 4046 3278 4099 Acinum
3300 4061 3435 4099 vero
3460 4062 3601 4100 neu-

1954 4136 2178 4189 traliter
2227 4134 2459 4202 dicitur,
2494 4150 2608 4205 qua
2638 4132 2913 4187 lavantur
2941 4150 3060 4187 uva:
3098 4138 3232 4204 post
3260 4147 3600 4203 expressum

1952 4225 2155 4279 vinum
2175 4240 2187 4278 :
2209 4224 2443 4278 acinum
2460 4223 2699 4292 dictum,
2727 4222 2895 4293 quasi
2922 4222 3225 4292 aquidum,
3250 4226 3607 4292 vocaturque

1953 4314 2153 4368 vinum
2186 4312 2538 4382 secundum,
2573 4316 2625 4366 et
2659 4316 2747 4366 est
2778 4316 2950 4381 potus
2983 4325 3305 4364 servorum.

2025 4420 2170 4484 Quid
2199 4436 2373 4490 posca
2394 4434 2495 4473 seu
2529 4416 2737 4491 φούσκα
2769 4417 2867 4485 sit,
2890 4416 3143 4489 explicat
3172 4416 3450 4472 Phaemon
3490 4416 3604 4487 Cy-

1958 4508 2225 4579 nosopbii
2256 4525 2382 4579 cap.
2418 4508 2487 4563 7:
2521 4506 2743 4560 Φούσκα
2775 4502 2831 4559 δὲ
2863 4504 3003 4559 ἐστιν
3030 4500 3173 4574 ὅξος,
3205 4503 3293 4559 καὶ
3314 4501 3459 4578 ὕδωρ
3483 4516 3607 4580 θερ-

218 4577 336 4657 eum
376 4602 633 4657 Isidorus
690 4601 991 4672 presbyter
1040 4600 1109 4653 ab
1141 4598 1210 4652 iis
1258 4596 1588 4663 liberasset,
1621 4597 1702 4651 ait
1750 4597 1798 4651 ei
1831 4614 1843 4651 :
1880 4577 1923 4642 D
1960 4595 2081 4667 μὸν,
2108 4577 2203 4649 3.2.;
2236 4577 2443 4649 ὧαγδύο
2471 4613 2530 4649 ;‹‹
2559 4596 2660 4650 Est
2692 4595 2917 4663 pbusca
2940 4610 3041 4650 seu
3066 4611 3263 4666 posca,
3287 4577 3517 4649 acetum
3547 4577 3611 4650 et

222 4710 241 4737 ι
259 4690 394 4747 Bono
416 4692 697 4763 deinceps
728 4696 785 4745 et
806 4690 1007 4744 fidenti
1043 4687 1239 4743 animo
1263 4688 1635 4742 communica
1656 4704 1847 4742 sacra-

221 4783 433 4838 mentis.
462 4808 489 4833 »
518 4783 679 4838 Unde
700 4785 944 4852 apparet
965 4778 1102 4834 olim
1123 4796 1190 4833 ex
1215 4778 1485 4849 religioso
1509 4778 1702 4832 animo
1726 4777 1846 4847 ple-

218 4883 409 4941 rosque
428 4871 846 4927 communione
865 4867 1225 4924 abstinuisse
1248 4884 1381 4922 cum
1396 4867 1591 4937 turpia
1614 4866 1848 4921 somnia

216 4962 267 5010 et
292 4960 520 5029 pollutio
574 4966 867 5015 nocturna
897 4958 967 5013 iis
998 4958 1067 5011 de
1099 4963 1265 5010 nocte
1296 4955 1667 5025 obtigissent.
1702 4955 1847 5010 Vide

217 5047 538 5105 Cassianum
560 5048 903 5105 accuratein
930 5050 1277 5101 nocturnam
1300 5044 1637 5099 illusionem
1656 5044 1846 5113 inqui-

216 5147 437 5208 rentem,
472 5138 671 5194 collat.
705 5155 845 5205 χχιι,
870 5136 1059 5208 capite
1094 5137 1145 5199 4,
1178 5136 1233 5202 5,
1255 5135 1308 5189 6.
1342 5133 1567 5188 Dubius
1589 5134 1763 5188 etiam
1786 5134 1843 5189 in

218 5224 311 5281 hac
338 5246 397 5284 re
437 5228 609 5284 haesit
636 5227 998 5299 Augustinus
1028 5224 1353 5296 Anglorum
1395 5221 1715 5293 apostolus,
1748 5223 1844 5292 qui

213 5317 541 5389 Gregorium
575 5334 786 5389 papam
818 5316 947 5370 ideo
979 5312 1274 5370 censuluit
1292 5313 1445 5384 apud
1477 5311 1844 5380 Gratianum,

212 5404 333 5459 dist.
357 5408 412 5474 6,
441 5423 573 5477 cap.
622 5407 1037 5461 Testamentum.
1073 5404 1233 5457 Inter
1277 5401 1669 5458 Scholasticos
1700 5418 1843 5457 con-

208 5494 322 5550 auls
382 5495 710 5568 principem
763 5492 1257 5550 Scholasticorum
1304 5492 1504 5546 divum
1555 5490 1841 5546 Thomam

204 5587 571 5655 Aquinatem,
612 5602 675 5640 ιιι
702 5588 883 5656 parte,
914 5584 1005 5648 80,
1041 5588 1149 5637 art.
1184 5582 1238 5637 7.
1748 5578 1753 5581 ⁴

266 5681 468 5734 Pasca.
512 5674 869 5741 Heraclides,
902 5672 1093 5744 capite
1121 5672 1223 5728 25:
1260 5693 1286 5722 ι(
1327 5670 1497 5726 Olera
1524 5672 1758 5727 tantum
1790 5673 1848 5726 et

1958 4702 2115 4755 aqua
2144 4685 2357 4755 calida,
2390 4690 2448 4740 et
2479 4701 2589 4741 ova
2619 4685 2754 4740 duo.
2795 4707 2815 4733 ι
2854 4686 2944 4741 Ita
2974 4684 3210 4754 quidem
3244 4682 3343 4739 ille
3375 4700 3609 4754 poscam

1961 4780 2125 4847 aptat
2158 4792 2259 4845 pro
2292 4774 2548 4830 remedio
2581 4774 2766 4840 canis,
2801 4774 2902 4845 qui
2934 4772 3200 4829 incaluit.
3231 4772 3391 4828 Alias
3436 4789 3610 4845 posca

1958 4864 2305 4935 simpliciter
2327 4870 2415 4919 est
2438 4866 2592 4935 potio
2614 4881 2680 4919 ex
2706 4880 2869 4935 aquas
2893 4862 3161 4934 acetique
3181 4862 3439 4917 mixtura
3460 4866 3609 4917 tem-

1957 4958 2180 5025 perata,
2214 4970 2341 5025 quae
2376 4953 2664 5007 militibus
2688 4952 2745 5007 in
2785 4969 2918 5018 usu,
2944 4968 3097 5023 saepe
3129 4950 3313 5007 solius
3338 4951 3483 5007 aceti
3504 4967 3608 5006 no-

1960 5043 2118 5099 mine
2149 5042 2516 5113 exprimitur.
2552 5041 2818 5108 Plautus,
2856 5042 3157 5097 Rudente:
3195 5063 3221 5092 ς(
3255 5040 3366 5096 Sed
3394 5040 3490 5096 hic
3512 5054 3612 5095 rex

1965 5148 2096 5186 cum
2129 5136 2289 5186 aceto
2339 5148 2665 5203 pransurus
2695 5136 2782 5186 est
2811 5137 2869 5186 et
2892 5130 3034 5186 sale.
3066 5151 3090 5182 ι
3143 5130 3510 5202 Spartianus,
3543 5129 3605 5183 in

1967 5220 2284 5276 Pescennio
2310 5239 2324 5285 ;
2352 5220 2541 5276 Jussit
2567 5220 2770 5275 vinum
2803 5221 2862 5275 in
2894 5219 3257 5291 expeditione
3312 5218 3606 5275 neminem

1955 5310 2176 5375 bibere,
2210 5310 2313 5365 sed
2360 5314 2520 5365 aceto
2544 5310 2849 5365 universos
2880 5325 3009 5365 esse
3039 5312 3367 5364 contentos.
3397 5327 3425 5358 ι
3452 5304 3599 5360 Vul-

1958 5400 2233 5468 catius,in
2270 5401 2506 5457 Avidio:
2535 5421 2561 5452 α
2585 5396 3603 5465 Praeterlaridum,etbuccellatum,

1955 5495 2013 5547 et
2042 5493 2297 5547 acetum.
2336 5511 2363 5539 »

2026 5580 2201 5634 Aliud
2226 5579 2433 5650 opinor
2455 5581 2667 5655 φοῦσκα
2687 5577 3060 5649 Moschopulo
3084 5593 3097 5632 :
3120 5574 3333 5642 Φύσκη,
3357 5574 3391 5641 ἠ
3410 5573 3607 5630 κοινῶς

1957 5672 2163 5746 φοῦσκα
2188 5670 2451 5742 :Physca,
2466 5668 3010 5740 vulgariterphusca.
3044 5673 3131 5720 An
3152 5662 3430 5736 intelligit
3449 5659 3607 5731 quod
