3902 6170
382 320 487 374 487

1104 304 1607 365 ONOMASTICON
1644 303 1903 358 REBUM
1941 302 2034 354 ET
2069 300 2472 356 VERBORUM
2513 299 3064 358 DIFFICILIORUM.

3630 312 3721 367 488

381 444 602 518 Hesych
614 445 686 512 io,
703 438 877 518 φύσκη
891 482 902 505 ,
915 456 978 490 κο
990 432 1039 488 ιλ
1052 433 1120 501 ia,
1133 431 1223 487 καὶ
1236 431 1297 485 τὸ
1312 427 1461 504 παχὺ
1475 424 1684 503 ἔντερον
1706 445 1717 482 :
1738 449 1764 478 ί(
1779 427 2013 499 physca,

2147 441 2351 481 nomen
2386 442 2533 493 esse,
2569 428 2639 482 ab
2663 431 2823 483 hasta
2852 427 3199 491 derivatum,
3226 430 3383 500 quasi
3412 433 3503 502 qui
3522 432 3721 495 hastam

382 517 743 593 ventriculus
775 536 831 584 et
859 527 1113 583 crassius
1144 523 1511 585 intestinum,
1543 518 1627 574 vel
1662 518 1816 589 quod
1849 517 2022 571 Coro-

378 644 466 684 na:
502 625 781 695 pretiosae,
815 620 1042 679 φοῦσκα,
1074 614 1277 675 vesica,
1307 608 1461 677 κίστη
1485 609 1513 662 Ῡ

451 717 890 771 Pos'rmmmux.
936 705 1069 759 Vita
1112 700 1342 765 Malchi,
1390 715 1544 752 num.
1602 698 1669 750 4ε
1706 700 1821 767 Ego
1866 694 2020 749 enim

380 806 555 871 longo
582 796 944 872 postliminio
969 790 1372 847 hmreditarius
1406 802 1724 858 possessor.
1758 804 1782 835 ν
1818 784 1931 837 Vox
1959 800 2026 837 ea

386 894 729 958 Hieronymo
780 884 993 955 saepius
1042 884 1346 951 usurpata.
1400 878 1575 939 Idem,
1609 875 1777 944 epist.
1832 874 1917 938 12,
1953 873 2021 927 ad

380 977 803 1037 Gaudentium:
843 995 866 1025 (ι
893 978 955 1026 Et
981 975 1111 1043 post
1133 985 1301 1023 neces
1320 964 1657 1030 amicorum,
1683 962 2023 1030 luctumque

380 1073 752 1142 perpetuum,
774 1061 984 1117 infanti
1010 1073 1205 1122 senex,
1229 1056 1401 1126 longo
1424 1051 1779 1125 postliminio
1806 1050 2024 1105 scribe-

382 1140 576 1214 rem.»
610 1156 789 1217 Idem,
826 1150 1049 1221 praefat.
1085 1153 1393 1202 comment.
1430 1144 1489 1197 in
1518 1143 1758 1196 Jonam:
1790 1159 1814 1189 α
1847 1140 2026 1207 Igitur

381 1252 546 1302 tanto
562 1248 693 1316 post
712 1248 827 1296 tem
838 1255 994 1311 pore,
1010 1235 1177 1308 quasi
1194 1236 1441 1305 quodam
1461 1228 1816 1301 postliminio
1831 1246 1862 1282 a
1875 1228 2023 1283 Jona

380 1331 806 1405 interpretandi
849 1328 1074 1382 initium
1109 1338 1367 1379 sumens.
1404 1344 1423 1369 ι
1482 1319 1654 1386 Idem,
1689 1319 1746 1373 in
1782 1316 2019 1387 prologo

374 1428 593 1482 Josue:
632 1443 658 1471 ‹‹
692 1422 759 1475 Et
788 1418 1073 1472 omissum
1100 1414 1223 1482 jam
1260 1413 1357 1465 diu
1384 1426 1532 1480 opus
1563 1407 1731 1479 quasi
1766 1407 2021 1476 quodam

377 1509 740 1585 postliminio
759 1510 1034 1575 repetere.
1064 1524 1091 1551 ››
1114 1500 1377 1556 Occurrit
1399 1500 1732 1567 frequenter
1752 1495 1904 1565 apud
1919 1498 2021 1547 Ju-

377 1599 799 1658 risconsultos:
828 1595 969 1648 Vide
1001 1590 1244 1646 Lexicon
1267 1586 1564 1643 Brissonii.
1597 1585 1734 1652 Cic,
1758 1600 1860 1655 pro
1885 1588 2021 1637 Cor—

381 1691 533 1746 nelio
566 1688 781 1742 Balbo:
834 1682 978 1748 Quid
1014 1680 1061 1734 si
1095 1678 1203 1733 civi
1234 1679 1491 1731 Romano
1523 1674 1654 1729 licet
1684 1690 1812 1728 esse
1843 1672 2023 1727 Gadi-

377 1788 611 1840 tanum,
662 1775 781 1829 sive
820 1769 1046 1835 exsilio,
1098 1768 1216 1821 sive
1267 1764 1646 1835 postliminio,
1681 1762 1799 1817 sive
1841 1762 2018 1831 rejec-

377 1869 535 1925 tione
564 1865 743 1935 hujus
762 1859 1035 1917 civitatis.
1070 1854 1444 1919 Prudentius,
1466 1854 1525 1907 in
1544 1850 2016 1923 Hamartigenia:

526 1991 676 2039 Tunc
710 1983 1045 2040 postliminio
1076 1981 1391 2031 redeuntem
1424 1976 1648 2040 suscipit
1679 1976 1786 2025 alto

531 2002 676 2039 'l'uuc
705 2002 1045 2099 ίξιοεωιιῃιιιιο
1076 2002 1085 2030 ι

531 2056 681 2103 Cana
743 2052 834 2099 des
862 2047 1085 2111 gremio.

374 2169 730 2232 Lactantius,
764 2166 866 2219 lib.
918 2180 993 2227 IV,
1025 2178 1151 2231 cap.
1182 2160 1289 2214 22:
1321 2158 1378 2211 Si
1411 2157 1546 2229 quis
1590 2156 1661 2210 ab
1694 2154 1896 2211 inferis
1928 2171 2017 2210 re-

376 2262 544 2317 diens
576 2253 938 2327 postliminio
971 2252 1151 2305 vitam
1187 2248 1521 2319 recepisset.

451 2351 862 2404 PNEFECTIANI.
908 2341 1089 2395 Vetus
1126 2337 1361 2391 Palladii
1420 2334 1721 2401 Lausiaca;
1766 2350 1891 2404 cap.
1928 2334 2015 2403 15,

378 2440 449 2494 de
479 2433 721 2507 Evagrio
750 2449 761 2485 :
804 2452 824 2478 ι
858 2428 1058 2484 Adfuit
1086 2427 1136 2481 ei
1178 2424 1441 2496 angelica
1470 2422 1726 2477 visitatio
1758 2422 1815 2475 in
1851 2422 2015 2477 sche-

374 2531 528 2582 mate
574 2517 953 2594 praefectiani.
998 2540 1025 2566 ››
1085 2513 1380 2569 Palladius
1424 2512 1680 2577 Herveti,
1728 2526 1853 2580 cap.
1894 2511 1967 2564 25
1995 2528 2015 2565 :

371 2637 403 2671 κ
435 2612 675 2670 Adstitit
704 2609 755 2664 ei
808 2608 955 2662 visio
988 2603 1256 2677 angelica
1290 2619 1401 2673 praa
1439 2618 1500 2656 se
1534 2602 1723 2655 ferens
1764 2599 2015 2670 speciem

380 2703 631 2760 militum
657 2695 930 2771 praefecti.
966 2720 992 2745 υ
1020 2695 1326 2759 Grmceesl,
1345 2688 1574 2757 Ἐπέστη
1590 2686 1735 2758 αὐτῷ
1748 2684 2012 2760 ἀγγελική

372 2789 601 2847 (amunia
632 2788 684 2842 ἐν
718 2787 965 2859 σχήματι
999 2780 1331 2853 στρατιώτου
1360 2781 1456 2832 τοῦ
1487 2776 1753 2851 ἐπάρχου.
1781 2777 2016 2832 Novella

372 2884 494 2948 124,
534 2882 626 2935 172
652 2878 738 2932 Ἐν
767 2873 910 2944 τάξει
932 2877 1038 2925 τῶν
1064 2867 1422 2939 ἐνδοξοτάτων
1457 2866 1712 2941 ἐπάρχων
1752 2865 2013 2941 ἀναφερό-

373 2991 545 3045 μενοι.
582 2993 606 3018 ‹‹
644 2966 1019 3038 Apparitores
1048 2957 1617 3033 magniﬁcentissimi
1641 2962 1695 3011 et
1717 2956 2008 3024 gloriosis-

371 3062 503 3119 simi
541 3056 794 3131 praefecti
829 3052 1113 3126 przetorio.
1151 3074 1178 3101 ››
1228 3048 1441 3103 Concil.
1475 3046 1768 3113 Chalced,
1811 3049 1921 3099 act.
1960 3048 2007 3099 1.

443 3151 807 3214 Pamrsc'rus,
859 3140 1119 3215 ἔπαρχος.
1189 3138 1463 3194 Diversus
1536 3136 1629 3191 hic
1683 3152 1716 3189 a
1755 3133 2008 3204 prmxide.

363 3247 527 3310 Saape
557 3244 753 3291 tamen
788 3233 1138 3301 interpretes
1171 3226 1412 3301 ἔπαρχον
1444 3244 1557 3280 non
1584 3224 1692 3279 rite
1715 3222 2009 3293 praesidem

362 3333 619 3384 vertunt.
650 3322 969 3387 Palladius,
1004 3336 1133 3390 cap.
1168 3320 1221 3372 5.
1248 3340 1274 3366 «
1312 3318 1449 3371 Eam
1477 3315 1730 3369 traderet
1755 3313 2022 3383 prmfecto

368 3413 798 3479 Alexandrino;
830 3432 856 3460 ››
882 3411 939 3463 in
975 3408 1191 3468 Graeco,
1218 3404 1463 3479 ἐπάρχῳ.
1488 3404 1770 3458 Hervetus
1790 3390 2026 3472 prasidi

367 3508 644 3567 verterat,
677 3508 733 3555 et
767 3500 848 3554 sic
882 3500 1058 3551 ferme
1094 3511 1342 3566 semper,
1368 3492 1723 3548 Alexandriae
1748 3498 1939 3545 autem
1966 3495 2021 3544 et

369 3598 633 3665 Egypto,
661 3608 773 3645 non
801 3605 1036 3660 praeses,
1062 3588 1158 3641 sed
1184 3586 1486 3656 praefectus
1511 3582 1876 3654 praesidebat.
1902 3586 2016 3634 Sm-

370 3686 505 3755 pius
538 3695 772 3751 quoque
802 3678 859 3730 in
904 3677 995 3729 his
1023 3674 1188 3729 libris
1220 3674 1474 3727 occurrit
1500 3670 1589 3723 ἀπ’
1620 3668 1885 3743 ἐπάρχου,
1918 3686 2015 3724 ea:-

364 3774 682 3846 prat’fertus.
717 3766 875 3831 Quod
908 3764 999 3817 hic
1027 3769 1082 3818 et
1113 3763 1248 3818 alibi
1281 3780 1393 3816 non
1446 3762 1552 3815 rite
1584 3777 1837 3814 versum.
1872 3759 2015 3813 Vide

387 3862 733 3916 Frontonem
768 3858 1056 3917 nostrum,
1090 3853 1158 3905 ad
1193 3850 1692 3921 Chrysostomum.

439 3949 800 4002 Ppazrosrrus
816 3959 972 3997 SACRI
990 3958 1276 3996 cumcum.
1308 3938 1623 4003 Palladius,
1641 3939 1708 3991 de
1726 3938 1935 4003 Lauso,
1952 3941 2011 3995 in

365 4037 701 4111 praefatione
724 4033 1017 4089 Lausiacae
1038 4030 1294 4084 historia:
1322 4047 1333 4083 :
1362 4052 1387 4077 ‹‹
1414 4028 1496 4082 Ad
1516 4027 1768 4081 Lausum
1793 4047 2009 4102 praepo-

364 4130 568 4183 situm.
597 4148 623 4175 »
647 4125 823 4193 Cujus
848 4123 926 4177 rei
953 4120 1299 4193 praepositus
1330 4119 1501 4173 fuerit
1524 4116 1781 4173 declarat
1801 4120 1926 4190 ipse
1949 4121 2006 4173 in

362 4218 593 4290 epilogo
619 4215 774 4281 libri,
812 4212 909 4268 ubi
943 4228 1074 4265 eum
1109 4214 1273 4265 vocat
1294 4208 1647 4281 πραιπόσιτον
1665 4203 2007 4261 τοῦεὐσεϐεσ-

356 4306 521 4361 τάτου
547 4309 833 4373 κοιτῶνος,
858 4300 1218 4373 prmpositum
1256 4301 1402 4354 sacri
1429 4299 1691 4353 cubiculi.
1745 4299 2010 4354 Occurrit

360 4397 621 4452 ofﬁcium
650 4394 759 4449 hoc
799 4394 856 4446 in
893 4390 1157 4446 novelllis
1201 4391 1291 4458 ‘22,
1326 4390 1377 4453 3,
1412 4389 1441 4441 4
1473 4388 1532 4442 ;ὁ
1563 4390 1668 4440 τῶν
1708 4389 2004 4459 tium/imam

356 4481 948 4553 κοιτώνωνπροεστώς.
970 4481 1036 4534 Et
1060 4480 1211 4549 apud
1239 4478 1552 4533 Zosimum.
1580 4478 2007 4532 NotitiaOrien-

2135 531 2236 570 seu
2271 520 2509 571 contum
2545 518 2769 588 regium
2803 518 3015 585 ferret;
3050 533 3142 572 sec
3174 516 3443 588 imposuit
3472 521 3547 576 illi
3572 523 3726 582 libra-

2134 606 2351 659 riorum
2377 606 2664 677 sequioris
2684 607 2787 661 aevi
2814 623 2962 674 mos,
2989 606 3087 677 qui
3114 606 3382 678 pleraque
3408 611 3726 681 aspirabant.

2132 694 2396 764 Epistola
2425 694 2746 750 Justiniani
2770 696 2912 766 imp.
2935 696 3004 749 ad
3031 692 3347 750 Placidium
3375 714 3388 751 :
3413 720 3439 746 ‹‹
3467 699 3594 755 Cum
3618 720 3731 773 por-

2132 785 2333 851 tubus,
2360 786 2555 857 aquis,
2591 802 2946 855 aquarumve
2974 786 3334 852 decursibus,
3361 787 3533 857 silvis,
3556 807 3731 861 proas-

2132 874 2230 929 tiis
2296 897 2323 923 ›)
2374 876 2721 943 Germanus,
2772 876 2829 929 in
2882 875 3172 930 Sancitis:
3224 874 3325 927 Κᾶν
3366 881 3656 950 προάστειον
3701 882 3729 949 ἢ

2136 964 2503 1037 μοναστήριον
2520 1006 2531 1020 .

2204 1063 2409 1116 1049
2442 1062 2895 1119 Pao'rocom'res.
2919 1060 3382 1135 Πρωτοκωμίτης,
3419 1065 3618 1135 primus
3648 1085 3732 1123 seu

2126 1152 2383 1221 princeps
2408 1154 2565 1221 pagi.
2603 1152 2919 1219 Palladius,
2942 1152 3232 1206 Lausiacaa
3260 1152 3507 1208 historia:
3527 1172 3639 1226 cap.
3661 1158 3737 1222 64,

2130 1238 2189 1293 in
2225 1240 2587 1309 Paphnutio:
2624 1240 2725 1294 Καὶ
2749 1238 2911 1293 πάλιν
2946 1240 3098 1317 φωνή
3129 1261 3213 1300 τις
3245 1239 3426 1315 γέγονε
3453 1241 3579 1314 πρὸς
3600 1242 3737 1297 αὐτὸν

2130 1325 2245 1380 θεία
2262 1325 2510 1402 λέγουσα·
2526 1329 2748 1403 Ἒρικας
2763 1334 2841 1397 τῷ
2853 1336 2953 1398 τῆς
2972 1327 3208 1397 πλησίον
3229 1330 3422 1402 κώμης
3436 1351 3741 1405 πρωτοκωμ-

2135 1414 2240 1489 ίτῃ.
2276 1420 2407 1483 Quae
2437 1419 2518 1472 ita
2548 1420 2718 1475 vertit
2743 1420 3053 1474 Hervetus:
3082 1442 3108 1467 «
3135 1421 3203 1474 Et
3229 1436 3434 1475 rursus
3450 1437 3552 1475 vox
3572 1422 3743 1476 divina

2130 1506 2200 1559 ad
2225 1522 2357 1561 eum
2378 1507 2528 1561 facta
2549 1512 2669 1562 est:
2699 1512 2769 1563 Es
2788 1507 3183 1563 similisvicini
3207 1508 3335 1580 pagi
3354 1510 3743 1579 protocomiti.»

2130 1595 2303 1649 Recte
2338 1595 2626 1663 Rufﬁnus,
2662 1597 2759 1652 lib.
2794 1615 2855 1665 ιι,
2885 1615 3010 1669 cap.
3045 1599 3131 1665 16,
3164 1597 3597 1671 πρωτοκωμίτην
3624 1616 3739 1655 ver-

2129 1683 2201 1739 tit
2228 1686 2568 1754 primarium
2607 1689 2733 1742 vici.
2770 1688 2948 1753 Alius,
2979 1697 3337 1758 protocomcs,
3377 1686 3742 1762 πρωτοκόμης,

2123 1774 2360 1843 primus.
2382 1790 2484 1828 seu
2514 1778 2772 1846 princeps
2792 1776 3076 1841 comitum,
3110 1777 3507 1848 quaadignitas
3532 1783 3646 1832 erat
3664 1795 3744 1832 co-

2129 1861 2333 1916 mitiva
2362 1862 2420 1917 in
2456 1864 2696 1935 palatio,
2728 1866 3003 1933 exercitu,
3037 1866 3381 1937 provinciis.
3416 1866 3556 1921 Vide
3575 1867 3745 1921 Juris-

2126 1950 2527 2008 consultorum
2562 1954 2785 2009 Lexica.

2200 2050 2499 2121 Psu'raus,
2533 2054 2825 2108 Psu'rmus
2853 2054 2940 2109 vel
2965 2054 3297 2110 Psu'rmuu.
3324 2055 3549 2126 Saepius
3571 2070 3747 2109 occur-

2127 2138 2280 2193 ritin
2308 2139 2453 2195 Vitis
2474 2142 2732 2197 Patrum.
2757 2143 2886 2198 Vita
2912 2143 3237 2213 Pachomii,
3264 2144 3457 2214 capite
3483 2144 3549 2197 43
3573 2160 3585 2196 :
3607 2145 3675 2197 Ac
3696 2160 3754 2198 ne

2126 2228 2350 2283 otiosus
2376 2246 2588 2299 essem,
2615 2232 2874 2302 psiathos
2898 2232 3042 2304 elegi
3068 2250 3203 2289 cum
3231 2232 3516 2289 fratribus
3538 2238 3709 2287 texere
3731 2254 3751 2280 ››

2124 2317 2262 2388 Cap.
2298 2318 2365 2371 47
2392 2336 2404 2371 :
2438 2342 2465 2369 «
2489 2320 2653 2375 Venit
2679 2322 2748 2376 ad
2773 2321 3001 2385 fratres,
3036 2324 3137 2393 qui
3162 2321 3435 2393 psiathos
3459 2322 3757 2394 operahan-

2123 2410 2236 2460 tur.
2263 2428 2290 2455 ››
2313 2406 2449 2479 Cap.
2470 2410 2542 2463 52
2564 2427 2576 2464 :
2600 2432 2626 2459 ‹‹
2662 2413 2905 2481 Semper
2921 2415 3113 2465 autem
3141 2411 3435 2481 psiatbios
3457 2411 3755 2483 operaban-

2122 2498 2239 2549 tur.
2278 2518 2303 2543 »
2328 2497 2459 2551 Vita
2491 2498 2785 2553 Abraham
2819 2501 3094 2565 eremitm,
3120 2501 3319 2572 capite
3350 2501 3385 2553 3
3413 2516 3427 2553 :
3460 2522 3489 2549 ‹‹
3523 2503 3632 2554 Nec
3659 2515 3757 2553 non

2122 2588 2179 2637 et
2227 2600 2405 2639 unum
2441 2587 2784 2657 psiathium,
2819 2590 2875 2643 in
2911 2606 3025 2659 quo
3058 2591 3329 2644 cubitare
3363 2587 3607 2645 solebat.
3637 2610 3663 2638 ››
3704 2588 3758 2641 Et

2124 2688 2251 2743 cap.
2280 2674 2342 2727 14
2368 2691 2380 2728 :
2409 2696 2435 2723 ‹‹
2464 2675 3367 2749 Psiathiumsuum,sUperquod
3393 2676 3756 2743 subsistebat,

2122 2763 2293 2831 coepit
2323 2763 2635 2819 vehemens
2658 2765 2898 2821 ﬂamma
2928 2767 3299 2822 comburere.
3338 2787 3364 2819 ιι
3395 2767 3517 2823 Vita
3538 2766 3757 2821 Joannis

2121 2850 2573 2925 Eleemosynarii
2623 2872 2759 2925 cap.
2810 2856 2880 2909 20
2925 2874 2938 2910 :
2990 2857 3202 2920 Quanti
3259 2861 3407 2911 sunt
3457 2856 3627 2911 modo
3672 2853 3756 2925 qui

2121 2940 2418 3010 psiathum
2449 2943 2729 3000 habentes
2761 2945 2969 3000 subtus
3011 2945 3357 3015 dimidium,
3394 2951 3453 3001 et
3480 2962 3653 3015 supra
3688 2943 3760 2997 di-

2122 3029 2391 3097 midium,
2427 3049 2538 3087 non
2569 3039 2815 3103 possunt
2847 3035 3153 3089 extendere
3187 3036 3375 3107 pedes
3409 3051 3620 3090 suos.»
3650 3031 3762 3086 Vita

2120 3117 2538 3191 Euphrosyme,
2575 3139 2704 3193 cap.
2743 3125 2848 3177 15:
2886 3126 3000 3179 «In
3035 3125 3241 3178 eadem
3268 3124 3422 3179 cella
3448 3125 3764 3179 demoratus

2043 3186 2085 3254 C
2126 3186 2234 3277 est,
2272 3210 2327 3262 in
2359 3186 2559 3264 eodem
2594 3186 2848 3282 psiathio
2878 3213 3176 3268 dormiens
3209 3214 3271 3267 in
3309 3230 3428 3282 quo
3464 3210 3763 3283 Euphrosy-

2130 3313 2222 3351 na.
2258 3320 2284 3347 ››
2321 3297 2453 3353 Vita
2485 3301 2673 3354 Mariae
2721 3301 2914 3372 neptis
2946 3301 3207 3367 Abrahae,
3237 3318 3377 3374 cap.
3412 3302 3487 3356 8:
3524 3323 3552 3350 «
3603 3299 3766 3365 Quin-

2126 3386 2408 3457 quaginta
2422 3405 2605 3444 annos
2624 3390 3084 3446 conversationis
3106 3395 3244 3459 tuas,
3264 3408 3454 3463 super
3470 3388 3761 3462 psiathium

2126 3476 2516 3532 cubitaveras.
2551 3500 2577 3527 ››

2199 3576 2490 3647 Frequens
2517 3578 2633 3632 haec
2654 3594 2757 3631 vox
2786 3578 2843 3632 in
2867 3577 3234 3649 supellectile
3258 3580 3643 3649 antiquorum
3659 3591 3762 3630 mo-

2123 3666 2467 3720 nachorum.
2506 3667 2859 3721 Psiasthium
2883 3668 3097 3723 Gra-cis
3129 3672 3304 3740 teges
3340 3670 3470 3724 sive
3497 3673 3683 3724 stores
3708 3681 3762 3719 ex

2112 3755 2294 3825 junco
2317 3763 2413 3808 aut
2449 3772 2666 3826 papyro
2698 3757 2977 3811 confecta.
3016 3761 3091 3812 Ea
3115 3774 3219 3827 pro
3246 3757 3411 3813 lecto
3442 3764 3502 3813 et
3523 3753 3760 3826 stragulo

2122 3844 2435 3898 utebantur
2485 3846 2754 3900 monachi
2804 3846 3075 3917 Egyptii.
3129 3846 3573 3915 Glossarium;
3608 3846 3763 3915 Teges,

2119 3933 2370 3988 ιῐίἀθιον.
2403 3933 2546 3987 Vide
2579 3934 2863 3993 Cassian..
2900 3933 2998 3988 lib.
3038 3952 3095 3989 ιν
3126 3935 3364 4002 Instit.,
3401 3936 3595 4005 capite
3623 3934 3765 3995 13,9t

2117 4022 2309 4076 collat.
2334 4040 2371 4090 ι,
2397 4023 2584 4092 capite
2612 4024 2701 4079 23.
2732 4023 3050 4094 Hesychius
3077 4040 3089 4077 :
3117 4024 3339 4076 Ψιάθια
3361 4022 3431 4077 τὰ
3454 4022 3507 4076 ἐν
3531 4027 3643 4082 τοῖς
3665 4017 3767 4073 8m

2117 4110 2363 4183 στηρίοις
2384 4110 2468 4163 ἐπὶ
2498 4116 2576 4164 τῶ
2602 4108 2906 4183 νκοιθεδρων
2928 4112 3372 4185 επιστορνύμενα
3409 4131 3423 4168 :
3460 4135 3485 4165 α
3512 4110 3767 4169 Psiaihia,

2116 4216 2243 4269 quas
2260 4200 2271 4253 i
2286 4200 2683 4269 njudiciorum
2705 4199 2829 4255 loco
2844 4201 3043 4255 cathed
3057 4200 3607 4257 risinsternuntur.
3633 4200 3767 4255 Idem

2115 4288 2342 4353 Ψίαθος,
2377 4290 2411 4355 ἡ
2445 4288 2719 4362 χαμεύνῃ,
2738 4289 2827 4342 καὶ
2855 4288 2915 4341 τὸ
2938 4288 3183 4364 φυτὸν,ἐξ
3207 4290 3281 4343 οὗ
3308 4288 3582 4345 πλέκεται
3606 4287 3771 4360 ψίαθος

2120 4402 2139 4427 ιι
2192 4378 2491 4442 Psiathus,
2525 4377 2712 4433 lectus
2746 4377 2911 4432 humi
2944 4383 3185 4443 stratus,
3220 4385 3283 4434 et
3318 4381 3546 4446 frutex,
3590 4396 3654 4433 ex
3676 4390 3769 4448 quo

2112 4466 2396 4538 plectitur
2429 4466 2723 4537 psiathus.
2764 4490 2783 4516 ι
2846 4468 2985 4523 Vide
3030 4468 3317 4525 eumdem
3356 4470 3419 4525 in
3484 4468 3700 4533 Κάνναι,
3730 4469 3774 4517 et

366 4574 443 4628 tis
466 4590 478 4627 :
502 4592 525 4622 α
548 4572 669 4625 Sub
701 4570 1093 4640 dispositione
1126 4567 1233 4621 viri
1267 4567 1513 4621 illustris
1546 4568 1839 4638 praepositi
1866 4568 2013 4623 sacri
2042 4558 2087 4622 Ι)
2121 4553 2390 4629 Κάναθρα.

361 4659 616 4717 cubiculi
649 4659 861 4713 domus
893 4657 1088 4711 divina
1123 4673 1223 4727 per
1252 4656 1699 4727 Cappadociam.
1727 4678 1752 4703 η

432 4751 775 4805 ΡιιοΑετιοΝ.
832 4745 1182 4817 Προάστειον,
1233 4745 1616 4800 suburbanum
1658 4762 1759 4800 seu
1809 4762 2011 4815 prour—

365 4839 536 4894 bium.
570 4837 701 4891 Vita
732 4835 957 4902 Basilii,
991 4852 1117 4906 cap.
1150 4839 1221 4890 2:
1258 4858 1285 4883 ‹‹
1312 4835 1537 4889 Invenit
1564 4834 1746 4905 (eum)
1779 4834 1836 4888 in
1872 4852 2007 4904 pro-

360 4930 509 4985 astio
543 4944 675 4983 cum
728 4924 1118 4998 philosophis.
1156 4949 1175 4977 ι
1218 4925 1511 4992 Ruffinus,
1554 4924 1655 4979 lib.
1690 4940 1775 4991 ιιι,
1809 4941 1866 4978 n.
1904 4925 2003 4978 49:

359 5040 389 5067 ι(
420 5018 603 5089 Prope
635 5015 960 5088 proastiuzn
992 5016 1089 5083 qui
1126 5019 1365 5069 vocatur
1395 5014 1454 5067 in
1476 5013 1755 5085 Septimo.
1794 5037 1813 5061 ι
1845 5014 2005 5077 Quod

360 5108 419 5162 in
455 5107 656 5162 eadem
693 5120 751 5159 re
784 5105 935 5175 apud
998 5101 1314 5174 Pelagium,
1349 5101 1545 5157 libello
1567 5120 1659 5166 xv,
1693 5120 1749 5157 n.
1782 5103 1852 5157 66
1876 5104 2003 5157 sub—

359 5196 639 5251 urbanum
661 5192 895 5249 dicitur.
931 5190 1145 5245 Paulus
1174 5191 1484 5257 Diaconus,
1506 5190 1574 5243 de
1598 5196 1745 5258 gest.
1771 5192 2007 5261 Langob

361 5284 466 5339 lib.
499 5300 574 5351 v1,
624 5300 673 5337 ο.
708 5284 813 5335 58:
849 5282 965 5335 Rex
1013 5280 1404 5350 Luitprandus
1454 5279 1510 5332 in
1545 5279 1771 5333 Olonna
1822 5280 2006 5334 nihilo

366 5373 565 5429 minus
598 5390 705 5427 suo
739 5371 1017 5443 proastio,
1053 5370 1196 5423 miro
1220 5383 1391 5438 opere
1418 5368 1471 5420 in
1509 5367 1782 5421 honorem
1818 5370 2005 5423 sancti

361 5462 653 5518 Anastasii
679 5458 1193 5531 martyrisllhristo
1211 5456 1570 5511 domicilium
1589 5456 1810 5510 statuit.
1842 5478 1867 5505 ››
1887 5459 2007 5521 Quo

361 5552 486 5607 loco
531 5550 932 5606 hallucinatus
980 5553 1069 5602 est
1104 5547 1313 5600 Bonav.
1366 5544 1709 5610 Vulcanius,
1746 5546 1841 5614 qui
1875 5547 2010 5615 quia

352 5640 638 5714 prohmtio
662 5639 724 5697 in
755 5638 905 5695 libro
926 5653 1033 5695 suo
1066 5634 1304 5707 invenit,
1340 5632 1672 5691 existimavi
1703 5634 2010 5706 dignitatis

2192 4656 2453 4709 PTISANA.
2487 4654 2806 4719 Palladius,
2833 4655 3118 4709 Lausiaca
3136 4671 3202 4710 ex
3224 4659 3423 4713 veteri
3448 4658 3777 4729 interpreta-

2120 4747 2295 4813 tione,
2329 4761 2456 4814 cap.
2489 4745 2585 4797 15:
2624 4766 2650 4793 ‹‹
2676 4745 3358 4815 Propterinﬁrmitatem
3388 4745 3776 4803 stomachico-

2121 4840 2275 4890 ctum
2297 4834 2493 4888 cibum
2519 4833 2775 4905 accipere
2798 4832 3143 4904 compulsus
3165 4840 3281 4889 est.
3304 4837 3535 4893 Panem
3562 4832 3776 4907 quidem

2112 4927 2233 4996 jam
2270 4942 2381 4979 non
2417 4924 2700 4995 contigit;
2736 4924 2893 4978 olera
2922 4940 3055 4978 vero
3087 4929 3144 4980 et
3174 4926 3491 4997 ptisanae,
3526 4944 3591 4982 ac
3632 4925 3774 4993 legu-

2121 5032 2251 5070 men
2284 5030 2472 5084 usque
2499 5013 2567 5067 ad
2602 5014 2749 5067 duos
2778 5029 2962 5067 annos
2993 5012 3320 5083 accipiens,
3356 5016 3448 5072 ita
3483 5016 3779 5072 defunctus

2119 5109 2226 5159 est.
2256 5125 2283 5153 »
2318 5105 2441 5168 Quo
2473 5102 2597 5157 loco
2629 5101 2952 5156 Heraclidis
2984 5101 3305 5174 interpres,
3346 5122 3401 5159 c.
3437 5107 3548 5160 15:
3587 5126 3615 5154 «
3654 5103 3777 5155 Cum

2119 5208 2357 5249 necesse
2374 5196 2531 5246 esset
2551 5191 2776 5261 corpori
2804 5191 2929 5261 ejus
2952 5196 3188 5262 propter
3205 5194 3523 5249 stomachi
3548 5188 3780 5249 inﬁrmi-

2118 5288 2323 5347 tatem,
2358 5285 2423 5335 ut
2452 5286 2682 5335 coctum
2737 5284 2998 5334 sumeret
3029 5281 3255 5347 cibum,
3297 5300 3529 5353 panem
3560 5283 3779 5355 quidem

2119 5372 2311 5441 attigit
2326 5385 2651 5439 nunquam,
2669 5368 2826 5422 olera
2843 5374 3073 5423 tantum
3090 5376 3146 5424 et
3169 5377 3525 5441 poscam,et
3550 5368 3779 5427 lenticu-

2119 5461 2234 5515 lam
2259 5476 2359 5530 per
2380 5459 2569 5514 solum
2597 5458 2900 5513 biennium
2925 5463 3189 5529 gustaris.
3220 5481 3249 5505 ››
3281 5459 3628 5526 Palladius,
3656 5458 3780 5511 exin

2120 5547 2534 5618 terpretatione
2570 5546 2953 5617 Herveti,cap.
2977 5548 3048 5601 86
3072 5565 3082 5601 :
3106 5547 3309 5601 «Cum
3348 5551 3778 5621 caro,pr0pter-

2120 5635 2582 5694 imbecillitatem
2606 5636 2867 5708 corporis
2884 5643 2940 5693 et
2956 5634 3271 5708 stomachi,
3289 5655 3459 5710 opus
3478 5640 3713 5695 haberet
3734 5638 3785 5688 ut
