  <div class='ocr_page' id='page_1' title='image "/cluster/home/n/w/nwhite01/storage/ocr_20150623/74/hvd.32044054758792/254.png"; bbox 0 0 3902 6170; ppageno 0'>
   <div class='ocr_carea' id='block_1_1' title="bbox 169 351 250 402">
    <p class='ocr_par' dir='ltr' id='par_1_1' title="bbox 169 351 250 402">
     <span class='ocr_line' id='line_1_1' title="bbox 169 351 250 402; baseline -0.037 0"><span class='ocrx_word' id='word_1_1' title='bbox 169 351 250 402; x_wconf 71' lang='grc'><strong>497</strong></span> 
     </span>
    </p>
   </div>
   <div class='ocr_carea' id='block_1_2' title="bbox 166 463 1509 544">
    <p class='ocr_par' dir='ltr' id='par_1_2' title="bbox 166 463 1509 544">
     <span class='ocr_line' id='line_1_2' title="bbox 166 463 1509 544; baseline -0.01 -16"><span class='ocrx_word' id='word_1_2' title='bbox 166 480 234 528; x_wconf 82' lang='lat' dir='ltr'><strong>ter</strong></span> <span class='ocrx_word' id='word_1_3' title='bbox 261 477 441 528; x_wconf 88' lang='lat' dir='ltr'><strong>noster</strong></span> <span class='ocrx_word' id='word_1_4' title='bbox 468 470 731 544; x_wconf 88' lang='lat' dir='ltr'><strong>operitur</strong></span> <span class='ocrx_word' id='word_1_5' title='bbox 761 469 927 542; x_wconf 84' lang='lat' dir='ltr'><strong>galea</strong></span> <span class='ocrx_word' id='word_1_6' title='bbox 957 485 1062 524; x_wconf 87' lang='lat' dir='ltr'><strong>ceu</strong></span> <span class='ocrx_word' id='word_1_7' title='bbox 1097 484 1198 532; x_wconf 74' lang='lat' dir='ltr'><strong>spe</strong></span> <span class='ocrx_word' id='word_1_8' title='bbox 1228 463 1456 520; x_wconf 86' lang='lat' dir='ltr'><strong>salutis.</strong></span> <span class='ocrx_word' id='word_1_9' title='bbox 1482 485 1509 512; x_wconf 85' lang='lat'>»</span> 
     </span>
    </p>
   </div>
   <div class='ocr_carea' id='block_1_3' title="bbox 221 544 1790 634">
    <p class='ocr_par' dir='ltr' id='par_1_3' title="bbox 221 544 1790 634">
     <span class='ocr_line' id='line_1_3' title="bbox 221 544 1790 634; baseline -0.011 -18"><span class='ocrx_word' id='word_1_10' title='bbox 221 565 262 616; x_wconf 88' lang='grc'><strong>6.</strong></span> <span class='ocrx_word' id='word_1_11' title='bbox 295 555 558 634; x_wconf 74' lang='grc' dir='ltr'>Λαμϐάνει</span> <span class='ocrx_word' id='word_1_12' title='bbox 571 560 633 614; x_wconf 90' lang='grc' dir='ltr'>τὸ</span> <span class='ocrx_word' id='word_1_13' title='bbox 646 557 841 614; x_wconf 87' lang='grc' dir='ltr'>παλίον</span> <span class='ocrx_word' id='word_1_14' title='bbox 863 557 956 612; x_wconf 87' lang='grc' dir='ltr'><strong>τὸν</strong></span> <span class='ocrx_word' id='word_1_15' title='bbox 980 549 1274 631; x_wconf 73' lang='grc' dir='ltr'>ἀρραϐῶνα</span> <span class='ocrx_word' id='word_1_16' title='bbox 1293 555 1389 606; x_wconf 77' lang='grc' dir='ltr'><strong>τοῦ</strong></span> <span class='ocrx_word' id='word_1_17' title='bbox 1420 548 1662 625; x_wconf 80' lang='grc' dir='ltr'><strong>μεγάλου</strong></span> <span class='ocrx_word' id='word_1_18' title='bbox 1697 544 1790 600; x_wconf 86' lang='grc' dir='ltr'><strong>καὶ</strong></span> 
     </span>
    </p>
   </div>
   <div class='ocr_carea' id='block_1_4' title="bbox 168 633 1786 727">
    <p class='ocr_par' dir='ltr' id='par_1_4' title="bbox 168 633 1786 727">
     <span class='ocr_line' id='line_1_4' title="bbox 168 633 1786 727; baseline -0.012 -20"><span class='ocrx_word' id='word_1_19' title='bbox 168 651 422 727; x_wconf 77' lang='grc' dir='ltr'>ἀγγελικοῦ</span> <span class='ocrx_word' id='word_1_20' title='bbox 453 651 766 724; x_wconf 80' lang='grc' dir='ltr'>σχήματος,</span> <span class='ocrx_word' id='word_1_21' title='bbox 795 646 872 710; x_wconf 84' lang='grc' dir='ltr'>εἰς</span> <span class='ocrx_word' id='word_1_22' title='bbox 904 643 1105 713; x_wconf 79' lang='grc' dir='ltr'>στολὴν</span> <span class='ocrx_word' id='word_1_23' title='bbox 1142 641 1437 721; x_wconf 73' lang='grc' dir='ltr'><strong>ἀφθαρσίας</strong></span> <span class='ocrx_word' id='word_1_24' title='bbox 1467 638 1560 692; x_wconf 88' lang='grc' dir='ltr'><strong>καὶ</strong></span> <span class='ocrx_word' id='word_1_25' title='bbox 1583 633 1786 708; x_wconf 85' lang='grc' dir='ltr'>σεμνό-</span> 
     </span>
    </p>
   </div>
   <div class='ocr_carea' id='block_1_5' title="bbox 163 730 1785 812">
    <p class='ocr_par' dir='ltr' id='par_1_5' title="bbox 163 730 1785 812">
     <span class='ocr_line' id='line_1_5' title="bbox 163 730 1785 812; baseline -0.009 -16"><span class='ocrx_word' id='word_1_26' title='bbox 163 758 338 812; x_wconf 73' lang='grc' dir='ltr'>τητοςε</span> <span class='ocrx_word' id='word_1_27' title='bbox 373 764 400 790; x_wconf 89' lang='grc'><strong>‹‹</strong></span> <span class='ocrx_word' id='word_1_28' title='bbox 432 745 630 796; x_wconf 81' lang='lat' dir='ltr'><strong>Frater</strong></span> <span class='ocrx_word' id='word_1_29' title='bbox 661 743 863 795; x_wconf 87' lang='lat' dir='ltr'><strong>noster</strong></span> <span class='ocrx_word' id='word_1_30' title='bbox 890 737 1076 794; x_wconf 88' lang='lat' dir='ltr'><strong>sumit</strong></span> <span class='ocrx_word' id='word_1_31' title='bbox 1117 733 1359 807; x_wconf 80' lang='lat' dir='ltr'>pallium</span> <span class='ocrx_word' id='word_1_32' title='bbox 1395 730 1785 786; x_wconf 88' lang='lat' dir='ltr'><strong>arrhabonem</strong></span> 
     </span>
    </p>
   </div>
   <div class='ocr_carea' id='block_1_6' title="bbox 166 815 1781 904">
    <p class='ocr_par' dir='ltr' id='par_1_6' title="bbox 166 815 1781 904">
     <span class='ocr_line' id='line_1_6' title="bbox 166 815 1781 904; baseline -0.011 -16"><span class='ocrx_word' id='word_1_33' title='bbox 166 832 330 904; x_wconf 87' lang='lat' dir='ltr'><strong>magni</strong></span> <span class='ocrx_word' id='word_1_34' title='bbox 359 837 412 886; x_wconf 89' lang='lat' dir='ltr'><strong>et</strong></span> <span class='ocrx_word' id='word_1_35' title='bbox 443 829 691 903; x_wconf 81' lang='lat' dir='ltr'><strong>angelici</strong></span> <span class='ocrx_word' id='word_1_36' title='bbox 721 828 962 884; x_wconf 88' lang='lat' dir='ltr'><strong>habitus</strong></span> <span class='ocrx_word' id='word_1_37' title='bbox 996 827 1054 881; x_wconf 90' lang='lat' dir='ltr'><strong>in</strong></span> <span class='ocrx_word' id='word_1_38' title='bbox 1079 823 1293 881; x_wconf 79' lang='lat' dir='ltr'><strong>stolam</strong></span> <span class='ocrx_word' id='word_1_39' title='bbox 1315 815 1781 890; x_wconf 88' lang='lat' dir='ltr'><strong>incorruptionis</strong></span> 
     </span>
    </p>
   </div>
   <div class='ocr_carea' id='block_1_7' title="bbox 159 920 696 978">
    <p class='ocr_par' dir='ltr' id='par_1_7' title="bbox 159 920 696 978">
     <span class='ocr_line' id='line_1_7' title="bbox 159 920 696 978; baseline -0.015 0"><span class='ocrx_word' id='word_1_40' title='bbox 159 930 204 978; x_wconf 87' lang='lat' dir='ltr'><strong>et</strong></span> <span class='ocrx_word' id='word_1_41' title='bbox 242 920 645 978; x_wconf 60' lang='lat' dir='ltr'><strong>sanctimoniae.</strong></span> <span class='ocrx_word' id='word_1_42' title='bbox 669 937 696 970; x_wconf 73' lang='grc' dir='ltr'><strong>ι</strong></span> 
     </span>
    </p>
   </div>
   <div class='ocr_carea' id='block_1_8' title="bbox 213 995 1783 1073">
    <p class='ocr_par' dir='ltr' id='par_1_8' title="bbox 213 995 1783 1073">
     <span class='ocr_line' id='line_1_8' title="bbox 213 995 1783 1073; baseline -0.011 -8"><span class='ocrx_word' id='word_1_43' title='bbox 213 1015 258 1066; x_wconf 89' lang='grc'><strong>7.</strong></span> <span class='ocrx_word' id='word_1_44' title='bbox 286 1006 596 1063; x_wconf 75' lang='grc' dir='ltr'>Ὑποδύεται</span> <span class='ocrx_word' id='word_1_45' title='bbox 627 1006 693 1060; x_wconf 75' lang='grc' dir='ltr'>τὰ</span> <span class='ocrx_word' id='word_1_46' title='bbox 721 1003 990 1060; x_wconf 86' lang='grc' dir='ltr'>σανδάλια</span> <span class='ocrx_word' id='word_1_47' title='bbox 1020 1001 1099 1065; x_wconf 72' lang='grc' dir='ltr'><strong>είς</strong></span> <span class='ocrx_word' id='word_1_48' title='bbox 1127 999 1439 1073; x_wconf 74' lang='grc' dir='ltr'>ἑτοιμασίαν</span> <span class='ocrx_word' id='word_1_49' title='bbox 1489 1001 1586 1052; x_wconf 80' lang='grc' dir='ltr'>τοῦ</span> <span class='ocrx_word' id='word_1_50' title='bbox 1616 995 1783 1070; x_wconf 73' lang='grc' dir='ltr'>Εὐαγ-</span> 
     </span>
    </p>
   </div>
   <div class='ocr_carea' id='block_1_9' title="bbox 158 1086 1782 1173">
    <p class='ocr_par' dir='ltr' id='par_1_9' title="bbox 158 1086 1782 1173">
     <span class='ocr_line' id='line_1_9' title="bbox 158 1086 1782 1173; baseline -0.009 -19"><span class='ocrx_word' id='word_1_51' title='bbox 158 1097 318 1173; x_wconf 82' lang='grc' dir='ltr'>γελίου</span> <span class='ocrx_word' id='word_1_52' title='bbox 343 1100 438 1166; x_wconf 75' lang='grc' dir='ltr'>τῆς</span> <span class='ocrx_word' id='word_1_53' title='bbox 471 1097 698 1170; x_wconf 72' lang='grc' dir='ltr'>εἰρήνης</span> <span class='ocrx_word' id='word_1_54' title='bbox 725 1113 738 1151; x_wconf 89' lang='lat'>:</span> <span class='ocrx_word' id='word_1_55' title='bbox 765 1119 792 1147; x_wconf 87' lang='lat'><strong>«</strong></span> <span class='ocrx_word' id='word_1_56' title='bbox 816 1097 1018 1151; x_wconf 81' lang='lat' dir='ltr'><strong>Frater</strong></span> <span class='ocrx_word' id='word_1_57' title='bbox 1033 1098 1230 1149; x_wconf 90' lang='lat' dir='ltr'><strong>noster</strong></span> <span class='ocrx_word' id='word_1_58' title='bbox 1245 1092 1456 1147; x_wconf 87' lang='lat' dir='ltr'><strong>subind</strong></span> <span class='ocrx_word' id='word_1_59' title='bbox 1471 1089 1628 1143; x_wconf 87' lang='lat' dir='ltr'><strong>uitur</strong></span> <span class='ocrx_word' id='word_1_60' title='bbox 1662 1086 1782 1142; x_wconf 85' lang='lat' dir='ltr'><strong>cal-</strong></span> 
     </span>
    </p>
   </div>
   <div class='ocr_carea' id='block_1_10' title="bbox 157 1178 1640 1260">
    <p class='ocr_par' dir='ltr' id='par_1_10' title="bbox 157 1178 1640 1260">
     <span class='ocr_line' id='line_1_10' title="bbox 157 1178 1640 1260; baseline -0.009 -13"><span class='ocrx_word' id='word_1_61' title='bbox 157 1190 442 1247; x_wconf 88' lang='lat' dir='ltr'><strong>ceamentis</strong></span> <span class='ocrx_word' id='word_1_62' title='bbox 479 1189 533 1243; x_wconf 89' lang='lat' dir='ltr'><strong>in</strong></span> <span class='ocrx_word' id='word_1_63' title='bbox 563 1185 1052 1260; x_wconf 68' lang='lat' dir='ltr'><strong>praeparationem</strong></span> <span class='ocrx_word' id='word_1_64' title='bbox 1075 1181 1368 1253; x_wconf 64' lang='lat' dir='ltr'><strong>Evangelii</strong></span> <span class='ocrx_word' id='word_1_65' title='bbox 1407 1178 1586 1250; x_wconf 81' lang='lat' dir='ltr'><strong>pacis.</strong></span> <span class='ocrx_word' id='word_1_66' title='bbox 1613 1198 1640 1226; x_wconf 83' lang='lat'><strong>»</strong></span> 
     </span>
    </p>
   </div>
   <div class='ocr_carea' id='block_1_11' title="bbox 213 1260 1776 1343">
    <p class='ocr_par' dir='ltr' id='par_1_11' title="bbox 213 1260 1776 1343">
     <span class='ocr_line' id='line_1_11' title="bbox 213 1260 1776 1343; baseline -0.013 -8"><span class='ocrx_word' id='word_1_67' title='bbox 213 1280 407 1335; x_wconf 87' lang='lat' dir='ltr'><strong>Deinde</strong></span> <span class='ocrx_word' id='word_1_68' title='bbox 460 1277 864 1333; x_wconf 88' lang='lat' dir='ltr'><strong>concludunt:</strong></span> <span class='ocrx_word' id='word_1_69' title='bbox 913 1266 1119 1329; x_wconf 76' lang='grc' dir='ltr'>’Έλαϐε</span> <span class='ocrx_word' id='word_1_70' title='bbox 1159 1270 1251 1324; x_wconf 86' lang='grc' dir='ltr'>τὸν</span> <span class='ocrx_word' id='word_1_71' title='bbox 1309 1260 1600 1343; x_wconf 71' lang='grc' dir='ltr'>ἀρῥαϐῶνα</span> <span class='ocrx_word' id='word_1_72' title='bbox 1676 1267 1776 1318; x_wconf 77' lang='grc' dir='ltr'>τοῦ</span> 
     </span>
    </p>
   </div>
   <div class='ocr_carea' id='block_1_12' title="bbox 157 1359 1777 1444">
    <p class='ocr_par' dir='ltr' id='par_1_12' title="bbox 157 1359 1777 1444">
     <span class='ocr_line' id='line_1_12' title="bbox 157 1359 1777 1444; baseline -0.009 -21"><span class='ocrx_word' id='word_1_73' title='bbox 157 1367 362 1444; x_wconf 80' lang='grc' dir='ltr'>μεγάλου</span> <span class='ocrx_word' id='word_1_74' title='bbox 406 1364 498 1420; x_wconf 83' lang='grc' dir='ltr'><strong>καὶ</strong></span> <span class='ocrx_word' id='word_1_75' title='bbox 540 1365 830 1441; x_wconf 88' lang='grc' dir='ltr'>ἀγγελικοῦ</span> <span class='ocrx_word' id='word_1_76' title='bbox 861 1363 1150 1436; x_wconf 76' lang='grc' dir='ltr'>σχήματος</span> <span class='ocrx_word' id='word_1_77' title='bbox 1187 1378 1200 1416; x_wconf 86' lang='lat'><strong>:</strong></span> <span class='ocrx_word' id='word_1_78' title='bbox 1263 1382 1291 1410; x_wconf 88' lang='lat'><strong>«</strong></span> <span class='ocrx_word' id='word_1_79' title='bbox 1339 1362 1536 1413; x_wconf 78' lang='lat' dir='ltr'><strong>Frater</strong></span> <span class='ocrx_word' id='word_1_80' title='bbox 1579 1359 1777 1411; x_wconf 81' lang='lat' dir='ltr'><strong>noster</strong></span> 
     </span>
    </p>
   </div>
   <div class='ocr_carea' id='block_1_13' title="bbox 156 1447 1770 1531">
    <p class='ocr_par' dir='ltr' id='par_1_13' title="bbox 156 1447 1770 1531">
     <span class='ocr_line' id='line_1_13' title="bbox 156 1447 1770 1531; baseline -0.011 -16"><span class='ocrx_word' id='word_1_81' title='bbox 156 1459 374 1531; x_wconf 80' lang='lat' dir='ltr'><strong>sumpsit</strong></span> <span class='ocrx_word' id='word_1_82' title='bbox 392 1457 786 1512; x_wconf 87' lang='lat' dir='ltr'><strong>arrhabonem</strong></span> <span class='ocrx_word' id='word_1_83' title='bbox 816 1452 1012 1525; x_wconf 82' lang='lat' dir='ltr'><strong>magni</strong></span> <span class='ocrx_word' id='word_1_84' title='bbox 1043 1455 1101 1506; x_wconf 89' lang='lat' dir='ltr'><strong>et</strong></span> <span class='ocrx_word' id='word_1_85' title='bbox 1141 1448 1389 1522; x_wconf 81' lang='lat' dir='ltr'><strong>angelici</strong></span> <span class='ocrx_word' id='word_1_86' title='bbox 1447 1447 1707 1501; x_wconf 84' lang='lat' dir='ltr'><strong>habitus.</strong></span> <span class='ocrx_word' id='word_1_87' title='bbox 1742 1467 1770 1495; x_wconf 83' lang='grc'><strong>››</strong></span> 
     </span>
    </p>
   </div>
   <div class='ocr_carea' id='block_1_14' title="bbox 207 1532 1773 1617">
    <p class='ocr_par' dir='ltr' id='par_1_14' title="bbox 207 1532 1773 1617">
     <span class='ocr_line' id='line_1_14' title="bbox 207 1532 1773 1617; baseline -0.01 -16"><span class='ocrx_word' id='word_1_88' title='bbox 207 1550 251 1602; x_wconf 92' lang='lat'><strong>8.</strong></span> <span class='ocrx_word' id='word_1_89' title='bbox 278 1543 492 1600; x_wconf 83' lang='grc' dir='ltr'>Δίδοται</span> <span class='ocrx_word' id='word_1_90' title='bbox 515 1550 597 1617; x_wconf 76' lang='grc' dir='ltr'>τῷ</span> <span class='ocrx_word' id='word_1_91' title='bbox 625 1543 950 1613; x_wconf 71' lang='grc' dir='ltr'>ἀποκαρέντι</span> <span class='ocrx_word' id='word_1_92' title='bbox 989 1540 1160 1614; x_wconf 85' lang='grc' dir='ltr'>κηρὸς</span> <span class='ocrx_word' id='word_1_93' title='bbox 1190 1538 1279 1592; x_wconf 81' lang='grc' dir='ltr'><strong>καὶ</strong></span> <span class='ocrx_word' id='word_1_94' title='bbox 1311 1536 1374 1592; x_wconf 78' lang='grc' dir='ltr'>τὸ</span> <span class='ocrx_word' id='word_1_95' title='bbox 1407 1532 1557 1610; x_wconf 74' lang='grc' dir='ltr'>ἅγιον</span> <span class='ocrx_word' id='word_1_96' title='bbox 1595 1533 1773 1608; x_wconf 74' lang='grc' dir='ltr'>Εὐαγο</span> 
     </span>
    </p>
   </div>
   <div class='ocr_carea' id='block_1_15' title="bbox 154 1626 1769 1711">
    <p class='ocr_par' dir='ltr' id='par_1_15' title="bbox 154 1626 1769 1711">
     <span class='ocr_line' id='line_1_15' title="bbox 154 1626 1769 1711; baseline -0.007 -20"><span class='ocrx_word' id='word_1_97' title='bbox 154 1637 322 1711; x_wconf 78' lang='grc' dir='ltr'>γέλιον,</span> <span class='ocrx_word' id='word_1_98' title='bbox 351 1636 439 1690; x_wconf 85' lang='grc' dir='ltr'><strong>καί</strong></span> <span class='ocrx_word' id='word_1_99' title='bbox 475 1635 724 1709; x_wconf 81' lang='grc' dir='ltr'><strong>σταυρὸς,</strong></span> <span class='ocrx_word' id='word_1_100' title='bbox 756 1631 1067 1707; x_wconf 76' lang='grc' dir='ltr'><strong>καὶγίνεται</strong></span> <span class='ocrx_word' id='word_1_101' title='bbox 1103 1630 1131 1683; x_wconf 98' lang='lat'><strong>6</strong></span> <span class='ocrx_word' id='word_1_102' title='bbox 1163 1626 1447 1700; x_wconf 81' lang='grc' dir='ltr'>ἀσπασμός</span> <span class='ocrx_word' id='word_1_103' title='bbox 1485 1644 1497 1681; x_wconf 93' lang='lat'>:</span> <span class='ocrx_word' id='word_1_104' title='bbox 1535 1626 1769 1681; x_wconf 83' lang='lat' dir='ltr'><strong>«Datur</strong></span> 
     </span>
    </p>
   </div>
   <div class='ocr_carea' id='block_1_16' title="bbox 155 1718 1768 1790">
    <p class='ocr_par' dir='ltr' id='par_1_16' title="bbox 155 1718 1768 1790">
     <span class='ocr_line' id='line_1_16' title="bbox 155 1718 1768 1790; baseline -0.009 -7"><span class='ocrx_word' id='word_1_105' title='bbox 155 1730 363 1782; x_wconf 87' lang='lat' dir='ltr'><strong>detonso</strong></span> <span class='ocrx_word' id='word_1_106' title='bbox 394 1740 623 1788; x_wconf 85' lang='lat' dir='ltr'><strong>cereus,</strong></span> <span class='ocrx_word' id='word_1_107' title='bbox 653 1729 710 1780; x_wconf 89' lang='lat' dir='ltr'><strong>et</strong></span> <span class='ocrx_word' id='word_1_108' title='bbox 760 1727 1028 1780; x_wconf 90' lang='lat' dir='ltr'><strong>sanctum</strong></span> <span class='ocrx_word' id='word_1_109' title='bbox 1087 1718 1491 1790; x_wconf 85' lang='lat' dir='ltr'><strong>Evangelium,</strong></span> <span class='ocrx_word' id='word_1_110' title='bbox 1525 1719 1582 1770; x_wconf 90' lang='lat' dir='ltr'><strong>et</strong></span> <span class='ocrx_word' id='word_1_111' title='bbox 1627 1731 1768 1770; x_wconf 88' lang='lat' dir='ltr'><strong>crux</strong></span> 
     </span>
    </p>
   </div>
   <div class='ocr_carea' id='block_1_17' title="bbox 150 1815 729 1888">
    <p class='ocr_par' dir='ltr' id='par_1_17' title="bbox 150 1815 729 1888">
     <span class='ocr_line' id='line_1_17' title="bbox 150 1815 729 1888; baseline -0.01 -16"><span class='ocrx_word' id='word_1_112' title='bbox 150 1826 192 1872; x_wconf 84' lang='lat' dir='ltr'><strong>et</strong></span> <span class='ocrx_word' id='word_1_113' title='bbox 219 1819 276 1872; x_wconf 82' lang='lat' dir='ltr'><strong>fit</strong></span> <span class='ocrx_word' id='word_1_114' title='bbox 303 1815 668 1888; x_wconf 83' lang='lat' dir='ltr'><strong>amplexatio.</strong></span> <span class='ocrx_word' id='word_1_115' title='bbox 701 1833 729 1865; x_wconf 73' lang='grc' dir='ltr'>ι</span> 
     </span>
    </p>
   </div>
   <div class='ocr_carea' id='block_1_18' title="bbox 388 1944 1486 2021">
    <p class='ocr_par' dir='ltr' id='par_1_18' title="bbox 388 1944 1486 2021">
     <span class='ocr_line' id='line_1_18' title="bbox 388 1944 1486 2021; baseline -0.007 -13"><span class='ocrx_word' id='word_1_116' title='bbox 388 1948 718 2010; x_wconf 80' lang='grc' dir='ltr'>Ἀκολυυϐία</span> <span class='ocrx_word' id='word_1_117' title='bbox 746 1953 844 2002; x_wconf 77' lang='grc' dir='ltr'><strong>τοῦ</strong></span> <span class='ocrx_word' id='word_1_118' title='bbox 895 1944 1135 2021; x_wconf 85' lang='grc' dir='ltr'>μεγάλου</span> <span class='ocrx_word' id='word_1_119' title='bbox 1174 1945 1486 2020; x_wconf 76' lang='grc' dir='ltr'>σχήματος.</span> 
     </span>
    </p>
   </div>
   <div class='ocr_carea' id='block_1_19' title="bbox 439 2035 1439 2113">
    <p class='ocr_par' dir='ltr' id='par_1_19' title="bbox 439 2035 1439 2113">
     <span class='ocr_line' id='line_1_19' title="bbox 439 2035 1439 2113; baseline -0.012 -12"><span class='ocrx_word' id='word_1_120' title='bbox 439 2043 579 2101; x_wconf 84' lang='lat' dir='ltr'><strong>Ordo</strong></span> <span class='ocrx_word' id='word_1_121' title='bbox 603 2042 795 2113; x_wconf 82' lang='lat' dir='ltr'><strong>magni</strong></span> <span class='ocrx_word' id='word_1_122' title='bbox 835 2044 886 2095; x_wconf 78' lang='lat' dir='ltr'><strong>et</strong></span> <span class='ocrx_word' id='word_1_123' title='bbox 915 2035 1153 2108; x_wconf 78' lang='lat' dir='ltr'><strong>angelici</strong></span> <span class='ocrx_word' id='word_1_124' title='bbox 1199 2035 1439 2090; x_wconf 75' lang='lat' dir='ltr'><strong>habitus.</strong></span> 
     </span>
    </p>
   </div>
   <div class='ocr_carea' id='block_1_20' title="bbox 205 2169 1764 2263">
    <p class='ocr_par' dir='ltr' id='par_1_20' title="bbox 205 2169 1764 2263">
     <span class='ocr_line' id='line_1_20' title="bbox 205 2169 1764 2263; baseline -0.012 -17"><span class='ocrx_word' id='word_1_125' title='bbox 205 2195 247 2246; x_wconf 83' lang='grc'><strong>1.</strong></span> <span class='ocrx_word' id='word_1_126' title='bbox 277 2190 332 2246; x_wconf 82' lang='grc' dir='ltr'>Ὀ</span> <span class='ocrx_word' id='word_1_127' title='bbox 354 2185 529 2263; x_wconf 69' lang='grc' dir='ltr'>ἱερεὺς</span> <span class='ocrx_word' id='word_1_128' title='bbox 552 2181 798 2259; x_wconf 74' lang='grc' dir='ltr'>κουρεύει</span> <span class='ocrx_word' id='word_1_129' title='bbox 823 2181 986 2236; x_wconf 68' lang='grc' dir='ltr'>αὐτὸ)</span> <span class='ocrx_word' id='word_1_130' title='bbox 1010 2175 1372 2254; x_wconf 82' lang='grc' dir='ltr'>συαυροειδῶς</span> <span class='ocrx_word' id='word_1_131' title='bbox 1402 2175 1479 2239; x_wconf 80' lang='grc' dir='ltr'>εἷς</span> <span class='ocrx_word' id='word_1_132' title='bbox 1506 2175 1567 2230; x_wconf 90' lang='grc' dir='ltr'>τὸ</span> <span class='ocrx_word' id='word_1_133' title='bbox 1592 2169 1764 2247; x_wconf 72' lang='grc' dir='ltr'>ὄνομα</span> 
     </span>
    </p>
   </div>
   <div class='ocr_carea' id='block_1_21' title="bbox 146 2266 1761 2352">
    <p class='ocr_par' dir='ltr' id='par_1_21' title="bbox 146 2266 1761 2352">
     <span class='ocr_line' id='line_1_21' title="bbox 146 2266 1761 2352; baseline -0.008 -20"><span class='ocrx_word' id='word_1_134' title='bbox 146 2278 220 2333; x_wconf 71' lang='grc' dir='ltr'>τοῦ</span> <span class='ocrx_word' id='word_1_135' title='bbox 247 2278 472 2352; x_wconf 78' lang='grc' dir='ltr'>Ηατρὸς,</span> <span class='ocrx_word' id='word_1_136' title='bbox 505 2277 712 2334; x_wconf 76' lang='grc'><strong>1053</strong></span> <span class='ocrx_word' id='word_1_137' title='bbox 742 2279 880 2340; x_wconf 88' lang='lat' dir='ltr'><strong>etc.,</strong></span> <span class='ocrx_word' id='word_1_138' title='bbox 911 2271 1192 2328; x_wconf 84' lang='lat' dir='ltr'><strong>Sacerdos</strong></span> <span class='ocrx_word' id='word_1_139' title='bbox 1255 2269 1452 2324; x_wconf 84' lang='lat' dir='ltr'><strong>tondet</strong></span> <span class='ocrx_word' id='word_1_140' title='bbox 1508 2283 1644 2322; x_wconf 90' lang='lat' dir='ltr'><strong>eum</strong></span> <span class='ocrx_word' id='word_1_141' title='bbox 1703 2266 1761 2320; x_wconf 89' lang='lat' dir='ltr'><strong>in</strong></span> 
     </span>
    </p>
   </div>
   <div class='ocr_carea' id='block_1_22' title="bbox 148 2361 1405 2433">
    <p class='ocr_par' dir='ltr' id='par_1_22' title="bbox 148 2361 1405 2433">
     <span class='ocr_line' id='line_1_22' title="bbox 148 2361 1405 2433; baseline -0.012 -6"><span class='ocrx_word' id='word_1_142' title='bbox 148 2372 363 2426; x_wconf 88' lang='lat' dir='ltr'><strong>formam</strong></span> <span class='ocrx_word' id='word_1_143' title='bbox 387 2369 598 2433; x_wconf 89' lang='lat' dir='ltr'><strong>crucis,</strong></span> <span class='ocrx_word' id='word_1_144' title='bbox 629 2367 691 2421; x_wconf 90' lang='lat' dir='ltr'><strong>in</strong></span> <span class='ocrx_word' id='word_1_145' title='bbox 723 2363 959 2420; x_wconf 85' lang='lat' dir='ltr'><strong>nomine</strong></span> <span class='ocrx_word' id='word_1_146' title='bbox 991 2361 1199 2430; x_wconf 75' lang='lat' dir='ltr'><strong>PatriS,</strong></span> <span class='ocrx_word' id='word_1_147' title='bbox 1237 2382 1264 2409; x_wconf 83' lang='lat'><strong>»</strong></span> <span class='ocrx_word' id='word_1_148' title='bbox 1295 2363 1405 2414; x_wconf 89' lang='lat' dir='ltr'><strong>etc.</strong></span> 
     </span>
    </p>
   </div>
   <div class='ocr_carea' id='block_1_23' title="bbox 198 2441 1766 2534">
    <p class='ocr_par' dir='ltr' id='par_1_23' title="bbox 198 2441 1766 2534">
     <span class='ocr_line' id='line_1_23' title="bbox 198 2441 1766 2534; baseline -0.012 -19"><span class='ocrx_word' id='word_1_149' title='bbox 198 2465 245 2517; x_wconf 83' lang='grc'><strong>2.</strong></span> <span class='ocrx_word' id='word_1_150' title='bbox 274 2461 332 2515; x_wconf 78' lang='grc' dir='ltr'>Ὀ</span> <span class='ocrx_word' id='word_1_151' title='bbox 357 2455 592 2534; x_wconf 64' lang='grc' dir='ltr'>ἀδελφὸς</span> <span class='ocrx_word' id='word_1_152' title='bbox 619 2457 780 2526; x_wconf 82' lang='grc' dir='ltr'>ἡμῶν</span> <span class='ocrx_word' id='word_1_153' title='bbox 811 2453 839 2507; x_wconf 93' lang='lat'><strong>6</strong></span> <span class='ocrx_word' id='word_1_154' title='bbox 871 2449 1019 2506; x_wconf 78' lang='grc' dir='ltr'>δεῖνα</span> <span class='ocrx_word' id='word_1_155' title='bbox 1048 2446 1285 2503; x_wconf 79' lang='grc' dir='ltr'>ἐνδύεται</span> <span class='ocrx_word' id='word_1_156' title='bbox 1311 2450 1522 2520; x_wconf 82' lang='grc' dir='ltr'>χιτῶνα</span> <span class='ocrx_word' id='word_1_157' title='bbox 1561 2441 1766 2498; x_wconf 85' lang='grc' dir='ltr'>δικαιο-</span> 
     </span>
    </p>
   </div>
   <div class='ocr_carea' id='block_1_24' title="bbox 146 2533 1760 2620">
    <p class='ocr_par' dir='ltr' id='par_1_24' title="bbox 146 2533 1760 2620">
     <span class='ocr_line' id='line_1_24' title="bbox 146 2533 1760 2620; baseline -0.011 -18"><span class='ocrx_word' id='word_1_158' title='bbox 146 2548 285 2618; x_wconf 55' lang='lat' dir='ltr'><strong>siem</strong></span> <span class='ocrx_word' id='word_1_159' title='bbox 305 2547 384 2602; x_wconf 78' lang='grc' dir='ltr'><strong>καὶ</strong></span> <span class='ocrx_word' id='word_1_160' title='bbox 407 2542 787 2620; x_wconf 77' lang='grc' dir='ltr'><strong>ἀγαλλιάσεως</strong></span> <span class='ocrx_word' id='word_1_161' title='bbox 807 2545 904 2596; x_wconf 76' lang='grc' dir='ltr'><strong>τοῦ</strong></span> <span class='ocrx_word' id='word_1_162' title='bbox 926 2539 1164 2616; x_wconf 76' lang='grc' dir='ltr'>μεγάλου</span> <span class='ocrx_word' id='word_1_163' title='bbox 1184 2536 1272 2592; x_wconf 82' lang='grc' dir='ltr'><strong>καὶ</strong></span> <span class='ocrx_word' id='word_1_164' title='bbox 1296 2533 1588 2610; x_wconf 84' lang='grc' dir='ltr'>ἀγγελικοῦ</span> <span class='ocrx_word' id='word_1_165' title='bbox 1620 2534 1760 2607; x_wconf 80' lang='grc' dir='ltr'>σχή-</span> 
     </span>
    </p>
   </div>
   <div class='ocr_carea' id='block_1_25' title="bbox 148 2624 1764 2708">
    <p class='ocr_par' dir='ltr' id='par_1_25' title="bbox 148 2624 1764 2708">
     <span class='ocr_line' id='line_1_25' title="bbox 148 2624 1764 2708; baseline -0.009 -17"><span class='ocrx_word' id='word_1_166' title='bbox 148 2644 461 2708; x_wconf 72' lang='grc' dir='ltr'>ματος,8ὶο.ζ</span> <span class='ocrx_word' id='word_1_167' title='bbox 488 2637 688 2692; x_wconf 78' lang='lat' dir='ltr'><strong>Frater</strong></span> <span class='ocrx_word' id='word_1_168' title='bbox 717 2637 911 2688; x_wconf 87' lang='lat' dir='ltr'><strong>nsster</strong></span> <span class='ocrx_word' id='word_1_169' title='bbox 956 2629 1301 2686; x_wconf 85' lang='lat' dir='ltr'><strong>N.induitur</strong></span> <span class='ocrx_word' id='word_1_170' title='bbox 1339 2626 1538 2681; x_wconf 81' lang='lat' dir='ltr'><strong>tunica</strong></span> <span class='ocrx_word' id='word_1_171' title='bbox 1582 2624 1764 2695; x_wconf 80' lang='lat' dir='ltr'><strong>justi-</strong></span> 
     </span>
    </p>
   </div>
   <div class='ocr_carea' id='block_1_26' title="bbox 145 2717 1640 2794">
    <p class='ocr_par' dir='ltr' id='par_1_26' title="bbox 145 2717 1640 2794">
     <span class='ocr_line' id='line_1_26' title="bbox 145 2717 1640 2794; baseline -0.013 -11"><span class='ocrx_word' id='word_1_172' title='bbox 145 2733 218 2784; x_wconf 65' lang='lat' dir='ltr'><strong>tize</strong></span> <span class='ocrx_word' id='word_1_173' title='bbox 246 2737 304 2785; x_wconf 83' lang='lat' dir='ltr'><strong>et</strong></span> <span class='ocrx_word' id='word_1_174' title='bbox 322 2724 721 2784; x_wconf 79' lang='lat' dir='ltr'><strong>exsultationis</strong></span> <span class='ocrx_word' id='word_1_175' title='bbox 753 2721 945 2794; x_wconf 82' lang='lat' dir='ltr'><strong>magni</strong></span> <span class='ocrx_word' id='word_1_176' title='bbox 979 2725 1032 2776; x_wconf 90' lang='lat' dir='ltr'><strong>et</strong></span> <span class='ocrx_word' id='word_1_177' title='bbox 1059 2717 1308 2791; x_wconf 83' lang='lat' dir='ltr'><strong>angelici</strong></span> <span class='ocrx_word' id='word_1_178' title='bbox 1329 2717 1586 2772; x_wconf 87' lang='lat' dir='ltr'><strong>habitus.</strong></span> <span class='ocrx_word' id='word_1_179' title='bbox 1613 2738 1640 2765; x_wconf 82' lang='lat'>»</span> 
     </span>
    </p>
   </div>
   <div class='ocr_carea' id='block_1_27' title="bbox 195 2795 1761 2889">
    <p class='ocr_par' dir='ltr' id='par_1_27' title="bbox 195 2795 1761 2889">
     <span class='ocr_line' id='line_1_27' title="bbox 195 2795 1761 2889; baseline -0.011 -16"><span class='ocrx_word' id='word_1_180' title='bbox 195 2821 238 2873; x_wconf 91' lang='grc'><strong>3.</strong></span> <span class='ocrx_word' id='word_1_181' title='bbox 263 2827 338 2872; x_wconf 73' lang='grc' dir='ltr'>Λα</span> <span class='ocrx_word' id='word_1_182' title='bbox 347 2811 535 2889; x_wconf 78' lang='grc' dir='ltr'>μϐάνει</span> <span class='ocrx_word' id='word_1_183' title='bbox 550 2813 612 2867; x_wconf 86' lang='grc' dir='ltr'>τὸ</span> <span class='ocrx_word' id='word_1_184' title='bbox 625 2809 736 2866; x_wconf 87' lang='grc' dir='ltr'><strong>παλ</strong></span> <span class='ocrx_word' id='word_1_185' title='bbox 747 2810 826 2868; x_wconf 86' lang='grc' dir='ltr'><strong>ίον</strong></span> <span class='ocrx_word' id='word_1_186' title='bbox 838 2813 937 2864; x_wconf 79' lang='grc' dir='ltr'>τοῦ</span> <span class='ocrx_word' id='word_1_187' title='bbox 953 2805 1194 2884; x_wconf 85' lang='grc' dir='ltr'>μεγάλου</span> <span class='ocrx_word' id='word_1_188' title='bbox 1207 2805 1295 2860; x_wconf 79' lang='grc' dir='ltr'><strong>καὶ</strong></span> <span class='ocrx_word' id='word_1_189' title='bbox 1310 2795 1604 2880; x_wconf 78' lang='grc' dir='ltr'>ἀγγελικοῦ</span> <span class='ocrx_word' id='word_1_190' title='bbox 1620 2804 1728 2878; x_wconf 76' lang='grc' dir='ltr'>σχή</span> <span class='ocrx_word' id='word_1_191' title='bbox 1739 2836 1761 2846; x_wconf 89' lang='grc'><strong><em>-</em></strong></span> 
     </span>
    </p>
   </div>
   <div class='ocr_carea' id='block_1_28' title="bbox 145 2897 1762 2979">
    <p class='ocr_par' dir='ltr' id='par_1_28' title="bbox 145 2897 1762 2979">
     <span class='ocr_line' id='line_1_28' title="bbox 145 2897 1762 2979; baseline -0.007 -18"><span class='ocrx_word' id='word_1_192' title='bbox 145 2929 307 2979; x_wconf 70' lang='grc' dir='ltr'>ματος,</span> <span class='ocrx_word' id='word_1_193' title='bbox 328 2906 403 2967; x_wconf 79' lang='grc' dir='ltr'><strong>εἷς</strong></span> <span class='ocrx_word' id='word_1_194' title='bbox 425 2904 628 2973; x_wconf 75' lang='grc' dir='ltr'>στολὴν</span> <span class='ocrx_word' id='word_1_195' title='bbox 648 2901 949 2978; x_wconf 75' lang='grc' dir='ltr'><strong>ἀφθαρσίας</strong></span> <span class='ocrx_word' id='word_1_196' title='bbox 965 2898 1054 2953; x_wconf 74' lang='grc' dir='ltr'>καὶ</span> <span class='ocrx_word' id='word_1_197' title='bbox 1075 2897 1430 2970; x_wconf 84' lang='grc' dir='ltr'>σεμνότητος,</span> <span class='ocrx_word' id='word_1_198' title='bbox 1449 2901 1557 2950; x_wconf 86' lang='lat' dir='ltr'><strong>etc.</strong></span> <span class='ocrx_word' id='word_1_199' title='bbox 1579 2911 1592 2950; x_wconf 90' lang='lat'><strong>:</strong></span> <span class='ocrx_word' id='word_1_200' title='bbox 1617 2919 1644 2944; x_wconf 88' lang='lat'><strong>«</strong></span> <span class='ocrx_word' id='word_1_201' title='bbox 1661 2899 1762 2950; x_wconf 81' lang='lat' dir='ltr'><strong>Su-</strong></span> 
     </span>
    </p>
   </div>
   <div class='ocr_carea' id='block_1_29' title="bbox 139 2984 1758 3069">
    <p class='ocr_par' dir='ltr' id='par_1_29' title="bbox 139 2984 1758 3069">
     <span class='ocr_line' id='line_1_29' title="bbox 139 2984 1758 3069; baseline -0.009 -17"><span class='ocrx_word' id='word_1_202' title='bbox 139 3001 226 3052; x_wconf 84' lang='lat' dir='ltr'><strong>mit</strong></span> <span class='ocrx_word' id='word_1_203' title='bbox 256 2998 493 3069; x_wconf 85' lang='lat' dir='ltr'><strong>pallium</strong></span> <span class='ocrx_word' id='word_1_204' title='bbox 512 2994 710 3066; x_wconf 89' lang='lat' dir='ltr'><strong>magni</strong></span> <span class='ocrx_word' id='word_1_205' title='bbox 735 2997 790 3048; x_wconf 88' lang='lat' dir='ltr'><strong>et</strong></span> <span class='ocrx_word' id='word_1_206' title='bbox 811 2990 1058 3063; x_wconf 81' lang='lat' dir='ltr'><strong>angelici</strong></span> <span class='ocrx_word' id='word_1_207' title='bbox 1085 2988 1319 3044; x_wconf 88' lang='lat' dir='ltr'><strong>habitus</strong></span> <span class='ocrx_word' id='word_1_208' title='bbox 1351 2986 1406 3040; x_wconf 90' lang='lat' dir='ltr'><strong>in</strong></span> <span class='ocrx_word' id='word_1_209' title='bbox 1441 2984 1650 3040; x_wconf 82' lang='lat' dir='ltr'><strong>stolam</strong></span> <span class='ocrx_word' id='word_1_210' title='bbox 1672 2984 1758 3038; x_wconf 91' lang='lat' dir='ltr'><strong>in-</strong></span> 
     </span>
    </p>
   </div>
   <div class='ocr_carea' id='block_1_30' title="bbox 142 3081 1132 3161">
    <p class='ocr_par' dir='ltr' id='par_1_30' title="bbox 142 3081 1132 3161">
     <span class='ocr_line' id='line_1_30' title="bbox 142 3081 1132 3161; baseline -0.01 -17"><span class='ocrx_word' id='word_1_211' title='bbox 142 3089 536 3161; x_wconf 76' lang='lat' dir='ltr'><strong>rorrnptionis,</strong></span> <span class='ocrx_word' id='word_1_212' title='bbox 569 3091 626 3140; x_wconf 91' lang='lat' dir='ltr'><strong>et</strong></span> <span class='ocrx_word' id='word_1_213' title='bbox 655 3081 1078 3140; x_wconf 58' lang='lat' dir='ltr'><strong>sanctimonia).</strong></span> <span class='ocrx_word' id='word_1_214' title='bbox 1105 3103 1132 3129; x_wconf 84' lang='grc'><strong>››</strong></span> 
     </span>
    </p>
   </div>
   <div class='ocr_carea' id='block_1_31' title="bbox 189 3165 1825 3265">
    <p class='ocr_par' dir='ltr' id='par_1_31' title="bbox 189 3165 1825 3265">
     <span class='ocr_line' id='line_1_31' title="bbox 189 3165 1825 3265; baseline -0.01 -33"><span class='ocrx_word' id='word_1_215' title='bbox 189 3180 233 3232; x_wconf 66' lang='grc'><strong>4.</strong></span> <span class='ocrx_word' id='word_1_216' title='bbox 252 3175 524 3234; x_wconf 67' lang='grc' dir='ltr'>Ἐνόὖεται</span> <span class='ocrx_word' id='word_1_217' title='bbox 545 3175 610 3229; x_wconf 82' lang='grc' dir='ltr'>τὸ</span> <span class='ocrx_word' id='word_1_218' title='bbox 631 3170 957 3228; x_wconf 83' lang='grc' dir='ltr'>κουκούλιον</span> <span class='ocrx_word' id='word_1_219' title='bbox 979 3166 1338 3238; x_wconf 82' lang='grc' dir='ltr'>τῆςᾶκακίας,</span> <span class='ocrx_word' id='word_1_220' title='bbox 1365 3165 1441 3228; x_wconf 83' lang='grc' dir='ltr'><strong>εἷς</strong></span> <span class='ocrx_word' id='word_1_221' title='bbox 1460 3184 1750 3242; x_wconf 67' lang='grc' dir='ltr'>περικεφα-</span> <span class='ocrx_word' id='word_1_222' title='bbox 1781 3197 1825 3265; x_wconf 76' lang='lat' dir='ltr'>c</span> 
     </span>
    </p>
   </div>
   <div class='ocr_carea' id='block_1_32' title="bbox 134 3254 1754 3336">
    <p class='ocr_par' dir='ltr' id='par_1_32' title="bbox 134 3254 1754 3336">
     <span class='ocr_line' id='line_1_32' title="bbox 134 3254 1754 3336; baseline -0.006 -19"><span class='ocrx_word' id='word_1_223' title='bbox 134 3264 264 3320; x_wconf 61' lang='grc' dir='ltr'>λαίαν</span> <span class='ocrx_word' id='word_1_224' title='bbox 295 3264 522 3326; x_wconf 75' lang='grc' dir='ltr'>ἐλπίδος</span> <span class='ocrx_word' id='word_1_225' title='bbox 543 3263 845 3336; x_wconf 71' lang='grc' dir='ltr'>σωτηρίους</span> <span class='ocrx_word' id='word_1_226' title='bbox 880 3261 1151 3318; x_wconf 78' lang='lat' dir='ltr'><strong>Induitur</strong></span> <span class='ocrx_word' id='word_1_227' title='bbox 1198 3257 1489 3315; x_wconf 88' lang='lat' dir='ltr'><strong>cucullam</strong></span> <span class='ocrx_word' id='word_1_228' title='bbox 1523 3254 1754 3326; x_wconf 73' lang='lat' dir='ltr'><strong>simpli-</strong></span> 
     </span>
    </p>
   </div>
   <div class='ocr_carea' id='block_1_33' title="bbox 134 3351 1202 3428">
    <p class='ocr_par' dir='ltr' id='par_1_33' title="bbox 134 3351 1202 3428">
     <span class='ocr_line' id='line_1_33' title="bbox 134 3351 1202 3428; baseline -0.009 -17"><span class='ocrx_word' id='word_1_229' title='bbox 134 3356 299 3413; x_wconf 82' lang='lat' dir='ltr'><strong>citatis</strong></span> <span class='ocrx_word' id='word_1_230' title='bbox 330 3359 390 3412; x_wconf 89' lang='lat' dir='ltr'><strong>in</strong></span> <span class='ocrx_word' id='word_1_231' title='bbox 425 3357 652 3428; x_wconf 87' lang='lat' dir='ltr'><strong>galeam</strong></span> <span class='ocrx_word' id='word_1_232' title='bbox 686 3353 810 3426; x_wconf 90' lang='lat' dir='ltr'><strong>spei</strong></span> <span class='ocrx_word' id='word_1_233' title='bbox 842 3351 1139 3407; x_wconf 87' lang='lat' dir='ltr'><strong>salutaris.</strong></span> <span class='ocrx_word' id='word_1_234' title='bbox 1176 3371 1202 3398; x_wconf 87' lang='lat'><strong>»</strong></span> 
     </span>
    </p>
   </div>
   <div class='ocr_carea' id='block_1_34' title="bbox 190 3434 1757 3519">
    <p class='ocr_par' dir='ltr' id='par_1_34' title="bbox 190 3434 1757 3519">
     <span class='ocr_line' id='line_1_34' title="bbox 190 3434 1757 3519; baseline -0.011 -16"><span class='ocrx_word' id='word_1_235' title='bbox 190 3451 236 3503; x_wconf 86' lang='lat'><strong>5.</strong></span> <span class='ocrx_word' id='word_1_236' title='bbox 261 3440 537 3519; x_wconf 67' lang='grc' dir='ltr'>Λαμῧάνει</span> <span class='ocrx_word' id='word_1_237' title='bbox 554 3445 645 3497; x_wconf 80' lang='grc' dir='ltr'>τὸν</span> <span class='ocrx_word' id='word_1_238' title='bbox 675 3436 948 3496; x_wconf 74' lang='grc' dir='ltr'>ἀνάλαϐον</span> <span class='ocrx_word' id='word_1_239' title='bbox 975 3438 1026 3493; x_wconf 82' lang='grc' dir='ltr'>ἐν</span> <span class='ocrx_word' id='word_1_240' title='bbox 1043 3436 1271 3510; x_wconf 74' lang='grc' dir='ltr'>ὀνόματι</span> <span class='ocrx_word' id='word_1_241' title='bbox 1290 3439 1387 3490; x_wconf 79' lang='grc' dir='ltr'><strong>τοῦ</strong></span> <span class='ocrx_word' id='word_1_242' title='bbox 1411 3435 1640 3508; x_wconf 85' lang='grc' dir='ltr'>ΙΙατρὸς,</span> <span class='ocrx_word' id='word_1_243' title='bbox 1666 3434 1757 3487; x_wconf 86' lang='grc' dir='ltr'><strong>καὶ</strong></span> 
     </span>
    </p>
   </div>
   <div class='ocr_carea' id='block_1_35' title="bbox 131 3519 1753 3606">
    <p class='ocr_par' dir='ltr' id='par_1_35' title="bbox 131 3519 1753 3606">
     <span class='ocr_line' id='line_1_35' title="bbox 131 3519 1753 3606; baseline -0.007 -19"><span class='ocrx_word' id='word_1_244' title='bbox 131 3540 206 3589; x_wconf 60' lang='grc' dir='ltr'>τοῦ</span> <span class='ocrx_word' id='word_1_245' title='bbox 224 3535 367 3603; x_wconf 78' lang='grc' dir='ltr'><strong>Υίοῦ,</strong></span> <span class='ocrx_word' id='word_1_246' title='bbox 416 3534 504 3588; x_wconf 73' lang='grc' dir='ltr'><strong>καὶ</strong></span> <span class='ocrx_word' id='word_1_247' title='bbox 535 3537 634 3587; x_wconf 77' lang='grc' dir='ltr'><strong>τοῦ</strong></span> <span class='ocrx_word' id='word_1_248' title='bbox 670 3530 829 3606; x_wconf 81' lang='grc' dir='ltr'>ἁγίου</span> <span class='ocrx_word' id='word_1_249' title='bbox 858 3529 1190 3601; x_wconf 84' lang='grc' dir='ltr'>Ιῐνεύματος,</span> <span class='ocrx_word' id='word_1_250' title='bbox 1227 3519 1628 3597; x_wconf 70' lang='grc' dir='ltr'>ἀναλαμϐάνων</span> <span class='ocrx_word' id='word_1_251' title='bbox 1663 3524 1753 3576; x_wconf 87' lang='grc' dir='ltr'>τὸν</span> 
     </span>
    </p>
   </div>
   <div class='ocr_carea' id='block_1_36' title="bbox 134 3611 1757 3698">
    <p class='ocr_par' dir='ltr' id='par_1_36' title="bbox 134 3611 1757 3698">
     <span class='ocr_line' id='line_1_36' title="bbox 134 3611 1757 3698; baseline -0.009 -18"><span class='ocrx_word' id='word_1_252' title='bbox 134 3627 329 3698; x_wconf 62' lang='grc' dir='ltr'>ττι-»ρον</span> <span class='ocrx_word' id='word_1_253' title='bbox 350 3624 520 3679; x_wconf 72' lang='grc' dir='ltr'>αὐτοῦ</span> <span class='ocrx_word' id='word_1_254' title='bbox 534 3623 618 3677; x_wconf 81' lang='grc' dir='ltr'>ἐπὶ</span> <span class='ocrx_word' id='word_1_255' title='bbox 643 3625 751 3676; x_wconf 78' lang='grc' dir='ltr'>τῶν</span> <span class='ocrx_word' id='word_1_256' title='bbox 770 3615 812 3673; x_wconf 81' lang='grc' dir='ltr'>ὤ</span> <span class='ocrx_word' id='word_1_257' title='bbox 822 3640 960 3693; x_wconf 88' lang='grc' dir='ltr'>μων,</span> <span class='ocrx_word' id='word_1_258' title='bbox 975 3618 1063 3672; x_wconf 85' lang='grc' dir='ltr'><strong>καὶ</strong></span> <span class='ocrx_word' id='word_1_259' title='bbox 1090 3615 1404 3680; x_wconf 77' lang='grc' dir='ltr'>ἀκολουθῶν</span> <span class='ocrx_word' id='word_1_260' title='bbox 1427 3618 1507 3686; x_wconf 76' lang='grc' dir='ltr'>τῷ</span> <span class='ocrx_word' id='word_1_261' title='bbox 1527 3611 1757 3686; x_wconf 76' lang='grc' dir='ltr'><strong>δεσπότῃ</strong></span> 
     </span>
    </p>
   </div>
   <div class='ocr_carea' id='block_1_37' title="bbox 131 3702 1754 3787">
    <p class='ocr_par' dir='ltr' id='par_1_37' title="bbox 131 3702 1754 3787">
     <span class='ocr_line' id='line_1_37' title="bbox 131 3702 1754 3787; baseline -0.007 -20"><span class='ocrx_word' id='word_1_262' title='bbox 131 3712 336 3787; x_wconf 60' lang='grc' dir='ltr'>Χριστξκ</span> <span class='ocrx_word' id='word_1_263' title='bbox 364 3739 393 3763; x_wconf 88' lang='grc'><strong>‹‹</strong></span> <span class='ocrx_word' id='word_1_264' title='bbox 423 3712 649 3784; x_wconf 80' lang='lat' dir='ltr'><strong>Accipit</strong></span> <span class='ocrx_word' id='word_1_265' title='bbox 679 3709 985 3780; x_wconf 87' lang='lat' dir='ltr'><strong>scapulare</strong></span> <span class='ocrx_word' id='word_1_266' title='bbox 1004 3709 1061 3762; x_wconf 91' lang='lat' dir='ltr'><strong>in</strong></span> <span class='ocrx_word' id='word_1_267' title='bbox 1087 3706 1318 3762; x_wconf 78' lang='lat' dir='ltr'><strong>nomine</strong></span> <span class='ocrx_word' id='word_1_268' title='bbox 1344 3704 1529 3759; x_wconf 79' lang='lat' dir='ltr'><strong>Patris</strong></span> <span class='ocrx_word' id='word_1_269' title='bbox 1551 3707 1607 3758; x_wconf 84' lang='lat' dir='ltr'><strong>et</strong></span> <span class='ocrx_word' id='word_1_270' title='bbox 1630 3702 1754 3758; x_wconf 82' lang='lat' dir='ltr'><strong>Filii</strong></span> 
     </span>
    </p>
   </div>
   <div class='ocr_carea' id='block_1_38' title="bbox 128 3791 1755 3875">
    <p class='ocr_par' dir='ltr' id='par_1_38' title="bbox 128 3791 1755 3875">
     <span class='ocr_line' id='line_1_38' title="bbox 128 3791 1755 3875; baseline -0.006 -21"><span class='ocrx_word' id='word_1_271' title='bbox 128 3809 170 3853; x_wconf 70' lang='lat' dir='ltr'><strong>et</strong></span> <span class='ocrx_word' id='word_1_272' title='bbox 187 3804 432 3875; x_wconf 82' lang='lat' dir='ltr'><strong>Spiritus</strong></span> <span class='ocrx_word' id='word_1_273' title='bbox 454 3801 984 3868; x_wconf 84' lang='lat' dir='ltr'><strong>sancti,assumens</strong></span> <span class='ocrx_word' id='word_1_274' title='bbox 1007 3812 1236 3852; x_wconf 88' lang='lat' dir='ltr'><strong>crucem</strong></span> <span class='ocrx_word' id='word_1_275' title='bbox 1257 3810 1424 3849; x_wconf 89' lang='lat' dir='ltr'><strong>suam</strong></span> <span class='ocrx_word' id='word_1_276' title='bbox 1450 3793 1508 3847; x_wconf 89' lang='lat' dir='ltr'><strong>in</strong></span> <span class='ocrx_word' id='word_1_277' title='bbox 1548 3791 1755 3846; x_wconf 87' lang='lat' dir='ltr'><strong>hume-</strong></span> 
     </span>
    </p>
   </div>
   <div class='ocr_carea' id='block_1_39' title="bbox 131 3887 1266 3966">
    <p class='ocr_par' dir='ltr' id='par_1_39' title="bbox 131 3887 1266 3966">
     <span class='ocr_line' id='line_1_39' title="bbox 131 3887 1266 3966; baseline -0.007 -20"><span class='ocrx_word' id='word_1_278' title='bbox 131 3908 226 3959; x_wconf 81' lang='lat' dir='ltr'><strong>ros,</strong></span> <span class='ocrx_word' id='word_1_279' title='bbox 254 3909 514 3966; x_wconf 82' lang='lat' dir='ltr'><strong>sequens</strong></span> <span class='ocrx_word' id='word_1_280' title='bbox 551 3889 859 3946; x_wconf 87' lang='lat' dir='ltr'><strong>Dominum</strong></span> <span class='ocrx_word' id='word_1_281' title='bbox 883 3887 1203 3943; x_wconf 84' lang='lat' dir='ltr'><strong>Christum.</strong></span> <span class='ocrx_word' id='word_1_282' title='bbox 1239 3907 1266 3933; x_wconf 83' lang='lat'>»</span> 
     </span>
    </p>
   </div>
   <div class='ocr_carea' id='block_1_40' title="bbox 183 3969 1752 4058">
    <p class='ocr_par' dir='ltr' id='par_1_40' title="bbox 183 3969 1752 4058">
     <span class='ocr_line' id='line_1_40' title="bbox 183 3969 1752 4058; baseline -0.008 -24"><span class='ocrx_word' id='word_1_283' title='bbox 183 3985 230 4037; x_wconf 79' lang='grc'><strong>6.</strong></span> <span class='ocrx_word' id='word_1_284' title='bbox 267 3982 668 4058; x_wconf 79' lang='grc' dir='ltr'>ΙΙεριζώννυται</span> <span class='ocrx_word' id='word_1_285' title='bbox 697 3979 797 4046; x_wconf 82' lang='grc' dir='ltr'>τήν</span> <span class='ocrx_word' id='word_1_286' title='bbox 824 3975 989 4054; x_wconf 66' lang='grc' dir='ltr'>ὀσφὺν</span> <span class='ocrx_word' id='word_1_287' title='bbox 1014 3973 1180 4028; x_wconf 78' lang='grc' dir='ltr'>αὐτοῦ</span> <span class='ocrx_word' id='word_1_288' title='bbox 1211 3970 1433 4044; x_wconf 76' lang='grc' dir='ltr'>δύναμιν</span> <span class='ocrx_word' id='word_1_289' title='bbox 1465 3969 1752 4040; x_wconf 76' lang='grc' dir='ltr'>άληθείαςε</span> 
     </span>
    </p>
   </div>
   <div class='ocr_carea' id='block_1_41' title="bbox 134 4061 1755 4138">
    <p class='ocr_par' dir='ltr' id='par_1_41' title="bbox 134 4061 1755 4138">
     <span class='ocr_line' id='line_1_41' title="bbox 134 4061 1755 4138; baseline -0.006 -11"><span class='ocrx_word' id='word_1_290' title='bbox 134 4093 148 4118; x_wconf 84' lang='grc' dir='ltr'><strong>ι</strong></span> <span class='ocrx_word' id='word_1_291' title='bbox 173 4071 374 4128; x_wconf 83' lang='lat' dir='ltr'><strong>Fratris</strong></span> <span class='ocrx_word' id='word_1_292' title='bbox 404 4071 590 4128; x_wconf 88' lang='lat' dir='ltr'><strong>nostri</strong></span> <span class='ocrx_word' id='word_1_293' title='bbox 620 4069 805 4124; x_wconf 87' lang='lat' dir='ltr'><strong>lumbi</strong></span> <span class='ocrx_word' id='word_1_294' title='bbox 837 4068 1154 4138; x_wconf 88' lang='lat' dir='ltr'><strong>cinguntur</strong></span> <span class='ocrx_word' id='word_1_295' title='bbox 1185 4063 1397 4118; x_wconf 88' lang='lat' dir='ltr'><strong>virtute</strong></span> <span class='ocrx_word' id='word_1_296' title='bbox 1420 4061 1697 4117; x_wconf 87' lang='lat' dir='ltr'><strong>veritatis.</strong></span> <span class='ocrx_word' id='word_1_297' title='bbox 1730 4085 1755 4109; x_wconf 80' lang='grc'><strong>››</strong></span> 
     </span>
    </p>
   </div>
   <div class='ocr_carea' id='block_1_42' title="bbox 178 4148 1756 4224">
    <p class='ocr_par' dir='ltr' id='par_1_42' title="bbox 178 4148 1756 4224">
     <span class='ocr_line' id='line_1_42' title="bbox 178 4148 1756 4224; baseline -0.008 -11"><span class='ocrx_word' id='word_1_298' title='bbox 178 4163 225 4218; x_wconf 80' lang='lat'><strong>7&#39;.</strong></span> <span class='ocrx_word' id='word_1_299' title='bbox 255 4159 584 4216; x_wconf 73' lang='grc' dir='ltr'>Ὑποδόεται</span> <span class='ocrx_word' id='word_1_300' title='bbox 621 4157 689 4212; x_wconf 75' lang='grc' dir='ltr'><strong>τά</strong></span> <span class='ocrx_word' id='word_1_301' title='bbox 710 4153 968 4211; x_wconf 81' lang='grc' dir='ltr'>σανδάλια</span> <span class='ocrx_word' id='word_1_302' title='bbox 1009 4153 1084 4217; x_wconf 83' lang='grc' dir='ltr'><strong>είς</strong></span> <span class='ocrx_word' id='word_1_303' title='bbox 1103 4149 1416 4224; x_wconf 76' lang='grc' dir='ltr'>ὲτοιμασίαν</span> <span class='ocrx_word' id='word_1_304' title='bbox 1456 4153 1552 4204; x_wconf 79' lang='grc' dir='ltr'><strong>τοῦ</strong></span> <span class='ocrx_word' id='word_1_305' title='bbox 1583 4148 1756 4224; x_wconf 78' lang='grc' dir='ltr'>Εὐαγ-</span> 
     </span>
    </p>
   </div>
   <div class='ocr_carea' id='block_1_43' title="bbox 124 4240 1755 4322">
    <p class='ocr_par' dir='ltr' id='par_1_43' title="bbox 124 4240 1755 4322">
     <span class='ocr_line' id='line_1_43' title="bbox 124 4240 1755 4322; baseline -0.004 -22"><span class='ocrx_word' id='word_1_306' title='bbox 124 4249 286 4318; x_wconf 58' lang='grc' dir='ltr'>γεὶίου</span> <span class='ocrx_word' id='word_1_307' title='bbox 313 4258 417 4320; x_wconf 79' lang='grc' dir='ltr'>τῆς</span> <span class='ocrx_word' id='word_1_308' title='bbox 448 4249 675 4322; x_wconf 72' lang='grc' dir='ltr'>εἰρήνης</span> <span class='ocrx_word' id='word_1_309' title='bbox 706 4265 718 4303; x_wconf 89' lang='lat'><strong>:</strong></span> <span class='ocrx_word' id='word_1_310' title='bbox 751 4270 774 4300; x_wconf 75' lang='grc' dir='ltr'><strong>ιι</strong></span> <span class='ocrx_word' id='word_1_311' title='bbox 800 4245 1195 4303; x_wconf 88' lang='lat' dir='ltr'><strong>Subinduitur</strong></span> <span class='ocrx_word' id='word_1_312' title='bbox 1228 4240 1640 4298; x_wconf 76' lang='lat' dir='ltr'><strong>calceamentis</strong></span> <span class='ocrx_word' id='word_1_313' title='bbox 1699 4241 1755 4294; x_wconf 89' lang='lat' dir='ltr'><strong>in</strong></span> 
     </span>
    </p>
   </div>
   <div class='ocr_carea' id='block_1_44' title="bbox 123 4335 1186 4412">
    <p class='ocr_par' dir='ltr' id='par_1_44' title="bbox 123 4335 1186 4412">
     <span class='ocr_line' id='line_1_44' title="bbox 123 4335 1186 4412; baseline -0.024 -5"><span class='ocrx_word' id='word_1_314' title='bbox 123 4344 595 4412; x_wconf 53' lang='lat' dir='ltr'><strong>Paper-stionem</strong></span> <span class='ocrx_word' id='word_1_315' title='bbox 625 4336 914 4408; x_wconf 85' lang='lat' dir='ltr'><strong>Evangelii</strong></span> <span class='ocrx_word' id='word_1_316' title='bbox 953 4335 1132 4406; x_wconf 87' lang='lat' dir='ltr'><strong>pacis.</strong></span> <span class='ocrx_word' id='word_1_317' title='bbox 1159 4356 1186 4383; x_wconf 83' lang='grc'><strong>››</strong></span> 
     </span>
    </p>
   </div>
   <div class='ocr_carea' id='block_1_45' title="bbox 180 4417 1753 4497">
    <p class='ocr_par' dir='ltr' id='par_1_45' title="bbox 180 4417 1753 4497">
     <span class='ocr_line' id='line_1_45' title="bbox 180 4417 1753 4497; baseline -0.008 -13"><span class='ocrx_word' id='word_1_318' title='bbox 180 4431 522 4487; x_wconf 81' lang='lat' dir='ltr'><strong>Concludit:</strong></span> <span class='ocrx_word' id='word_1_319' title='bbox 547 4421 753 4482; x_wconf 74' lang='grc' dir='ltr'>’Έλαόε</span> <span class='ocrx_word' id='word_1_320' title='bbox 765 4426 826 4479; x_wconf 86' lang='grc' dir='ltr'>τὸ</span> <span class='ocrx_word' id='word_1_321' title='bbox 847 4422 1087 4497; x_wconf 85' lang='grc' dir='ltr'>μεγάλον</span> <span class='ocrx_word' id='word_1_322' title='bbox 1109 4420 1199 4476; x_wconf 81' lang='grc' dir='ltr'><strong>καὶ</strong></span> <span class='ocrx_word' id='word_1_323' title='bbox 1221 4417 1506 4496; x_wconf 84' lang='grc' dir='ltr'>ἀγγελικὸν</span> <span class='ocrx_word' id='word_1_324' title='bbox 1524 4424 1632 4492; x_wconf 79' lang='grc' dir='ltr'>σχῆ</span> <span class='ocrx_word' id='word_1_325' title='bbox 1647 4438 1720 4489; x_wconf 91' lang='grc' dir='ltr'><strong>μα</strong></span> <span class='ocrx_word' id='word_1_326' title='bbox 1741 4434 1753 4472; x_wconf 90' lang='lat'>:</span> 
     </span>
    </p>
   </div>
   <div class='ocr_carea' id='block_1_46' title="bbox 122 4511 1556 4594">
    <p class='ocr_par' dir='ltr' id='par_1_46' title="bbox 122 4511 1556 4594">
     <span class='ocr_line' id='line_1_46' title="bbox 122 4511 1556 4594; baseline -0.008 -19"><span class='ocrx_word' id='word_1_327' title='bbox 122 4540 138 4562; x_wconf 76' lang='grc' dir='ltr'>α</span> <span class='ocrx_word' id='word_1_328' title='bbox 161 4523 420 4594; x_wconf 76' lang='lat' dir='ltr'><strong>Snmpsit</strong></span> <span class='ocrx_word' id='word_1_329' title='bbox 442 4533 729 4591; x_wconf 86' lang='lat' dir='ltr'><strong>magnum</strong></span> <span class='ocrx_word' id='word_1_330' title='bbox 761 4521 816 4571; x_wconf 87' lang='lat' dir='ltr'><strong>et</strong></span> <span class='ocrx_word' id='word_1_331' title='bbox 844 4513 1175 4586; x_wconf 90' lang='lat' dir='ltr'><strong>angelicum</strong></span> <span class='ocrx_word' id='word_1_332' title='bbox 1209 4511 1498 4566; x_wconf 89' lang='lat' dir='ltr'><strong>habitum.</strong></span> <span class='ocrx_word' id='word_1_333' title='bbox 1529 4533 1556 4560; x_wconf 86' lang='grc'><strong>››</strong></span> 
     </span>
    </p>
   </div>
   <div class='ocr_carea' id='block_1_47' title="bbox 177 4599 1752 4681">
    <p class='ocr_par' dir='ltr' id='par_1_47' title="bbox 177 4599 1752 4681">
     <span class='ocr_line' id='line_1_47' title="bbox 177 4599 1752 4681; baseline -0.006 -19"><span class='ocrx_word' id='word_1_334' title='bbox 177 4612 302 4673; x_wconf 69' lang='lat' dir='ltr'><strong>Quae</strong></span> <span class='ocrx_word' id='word_1_335' title='bbox 335 4610 515 4681; x_wconf 82' lang='lat' dir='ltr'><strong>quasi</strong></span> <span class='ocrx_word' id='word_1_336' title='bbox 548 4612 815 4680; x_wconf 87' lang='lat' dir='ltr'><strong>repetens</strong></span> <span class='ocrx_word' id='word_1_337' title='bbox 855 4602 1295 4675; x_wconf 80' lang='lat' dir='ltr'><strong>recapitulatur,</strong></span> <span class='ocrx_word' id='word_1_338' title='bbox 1351 4605 1404 4654; x_wconf 85' lang='lat' dir='ltr'><strong>et</strong></span> <span class='ocrx_word' id='word_1_339' title='bbox 1454 4599 1752 4670; x_wconf 85' lang='lat' dir='ltr'><strong>explicans</strong></span> 
     </span>
    </p>
   </div>
   <div class='ocr_carea' id='block_1_48' title="bbox 120 4695 1043 4770">
    <p class='ocr_par' dir='ltr' id='par_1_48' title="bbox 120 4695 1043 4770">
     <span class='ocr_line' id='line_1_48' title="bbox 120 4695 1043 4770; baseline -0.002 -20"><span class='ocrx_word' id='word_1_340' title='bbox 120 4701 373 4770; x_wconf 74' lang='lat' dir='ltr'><strong>exprimit</strong></span> <span class='ocrx_word' id='word_1_341' title='bbox 405 4716 619 4756; x_wconf 84' lang='lat' dir='ltr'><strong>rursus</strong></span> <span class='ocrx_word' id='word_1_342' title='bbox 651 4699 707 4752; x_wconf 90' lang='lat' dir='ltr'><strong>in</strong></span> <span class='ocrx_word' id='word_1_343' title='bbox 741 4695 1003 4752; x_wconf 88' lang='lat' dir='ltr'><strong>oratione</strong></span> <span class='ocrx_word' id='word_1_344' title='bbox 1031 4711 1043 4749; x_wconf 88' lang='lat'>:</span> 
     </span>
    </p>
   </div>
   <div class='ocr_carea' id='block_1_49' title="bbox 175 4778 1751 4865">
    <p class='ocr_par' dir='ltr' id='par_1_49' title="bbox 175 4778 1751 4865">
     <span class='ocr_line' id='line_1_49' title="bbox 175 4778 1751 4865; baseline -0.007 -22"><span class='ocrx_word' id='word_1_345' title='bbox 175 4793 280 4844; x_wconf 78' lang='grc' dir='ltr'>Ἵνα</span> <span class='ocrx_word' id='word_1_346' title='bbox 299 4790 350 4845; x_wconf 77' lang='grc' dir='ltr'><strong>ἐν</strong></span> <span class='ocrx_word' id='word_1_347' title='bbox 376 4792 639 4865; x_wconf 74' lang='grc' dir='ltr'>ἁγιασμῷ</span> <span class='ocrx_word' id='word_1_348' title='bbox 665 4784 1127 4857; x_wconf 84' lang='grc' dir='ltr'>πολιτευσάμενος</span> <span class='ocrx_word' id='word_1_349' title='bbox 1159 4780 1388 4837; x_wconf 84' lang='grc' dir='ltr'>άσπιλον</span> <span class='ocrx_word' id='word_1_350' title='bbox 1420 4778 1751 4854; x_wconf 77' lang='grc' dir='ltr'>διατηρήση.</span> 
     </span>
    </p>
   </div>
   <div class='ocr_carea' id='block_1_50' title="bbox 119 4872 1254 4954">
    <p class='ocr_par' dir='ltr' id='par_1_50' title="bbox 119 4872 1254 4954">
     <span class='ocr_line' id='line_1_50' title="bbox 119 4872 1254 4954; baseline -0.003 -26"><span class='ocrx_word' id='word_1_351' title='bbox 119 4877 228 4952; x_wconf 67' lang='grc' dir='ltr'>ἱπερ</span> <span class='ocrx_word' id='word_1_352' title='bbox 253 4884 320 4954; x_wconf 77' lang='grc' dir='ltr'>τῇ</span> <span class='ocrx_word' id='word_1_353' title='bbox 345 4878 580 4951; x_wconf 73' lang='grc' dir='ltr'>δυνάμει</span> <span class='ocrx_word' id='word_1_354' title='bbox 615 4899 710 4931; x_wconf 84' lang='grc' dir='ltr'><strong>σου</strong></span> <span class='ocrx_word' id='word_1_355' title='bbox 733 4872 1013 4930; x_wconf 73' lang='grc' dir='ltr'>ἐνεδύσατο</span> <span class='ocrx_word' id='word_1_356' title='bbox 1040 4879 1254 4948; x_wconf 64' lang='grc' dir='ltr'>σχῆμου</span> 
     </span>
    </p>
   </div>
   <div class='ocr_carea' id='block_1_51' title="bbox 176 4959 1574 5044">
    <p class='ocr_par' dir='ltr' id='par_1_51' title="bbox 176 4959 1574 5044">
     <span class='ocr_line' id='line_1_51' title="bbox 176 4959 1574 5044; baseline -0.006 -21"><span class='ocrx_word' id='word_1_357' title='bbox 176 4973 264 5040; x_wconf 73' lang='grc' dir='ltr'><strong>Τῷ</strong></span> <span class='ocrx_word' id='word_1_358' title='bbox 298 4971 396 5041; x_wconf 74' lang='grc' dir='ltr'><strong>μὲν</strong></span> <span class='ocrx_word' id='word_1_359' title='bbox 430 4972 628 5044; x_wconf 81' lang='grc' dir='ltr'>χιτῶνι</span> <span class='ocrx_word' id='word_1_360' title='bbox 659 4968 759 5035; x_wconf 77' lang='grc' dir='ltr'>τήν</span> <span class='ocrx_word' id='word_1_361' title='bbox 793 4963 1136 5032; x_wconf 74' lang='grc' dir='ltr'>δικαιοσύνην</span> <span class='ocrx_word' id='word_1_362' title='bbox 1169 4959 1574 5034; x_wconf 76' lang='grc' dir='ltr'>ἀμπεχόμενος.</span> 
     </span>
    </p>
   </div>
   <div class='ocr_carea' id='block_1_52' title="bbox 174 5051 1754 5132">
    <p class='ocr_par' dir='ltr' id='par_1_52' title="bbox 174 5051 1754 5132">
     <span class='ocr_line' id='line_1_52' title="bbox 174 5051 1754 5132; baseline -0.008 -18"><span class='ocrx_word' id='word_1_363' title='bbox 174 5061 252 5132; x_wconf 71' lang='grc' dir='ltr'><strong>Τῇ</strong></span> <span class='ocrx_word' id='word_1_364' title='bbox 276 5058 343 5128; x_wconf 75' lang='grc' dir='ltr'><strong>δὴ</strong></span> <span class='ocrx_word' id='word_1_365' title='bbox 372 5059 508 5129; x_wconf 70' lang='grc' dir='ltr'>ζόνη</span> <span class='ocrx_word' id='word_1_366' title='bbox 537 5059 638 5126; x_wconf 72' lang='grc' dir='ltr'>τήν</span> <span class='ocrx_word' id='word_1_367' title='bbox 662 5057 919 5131; x_wconf 68' lang='grc' dir='ltr'>νέκρωσιν</span> <span class='ocrx_word' id='word_1_368' title='bbox 950 5059 1046 5110; x_wconf 77' lang='grc' dir='ltr'><strong>τοῦ</strong></span> <span class='ocrx_word' id='word_1_369' title='bbox 1080 5054 1364 5126; x_wconf 84' lang='grc' dir='ltr'>σώματος,</span> <span class='ocrx_word' id='word_1_370' title='bbox 1393 5051 1479 5104; x_wconf 73' lang='grc' dir='ltr'><strong>καὶ</strong></span> <span class='ocrx_word' id='word_1_371' title='bbox 1515 5051 1613 5119; x_wconf 80' lang='grc' dir='ltr'>τήν</span> <span class='ocrx_word' id='word_1_372' title='bbox 1645 5071 1754 5103; x_wconf 85' lang='grc' dir='ltr'>σω-</span> 
     </span>
    </p>
   </div>
   <div class='ocr_carea' id='block_1_53' title="bbox 121 5147 1040 5223">
    <p class='ocr_par' dir='ltr' id='par_1_53' title="bbox 121 5147 1040 5223">
     <span class='ocr_line' id='line_1_53' title="bbox 121 5147 1040 5223; baseline -0.004 -19"><span class='ocrx_word' id='word_1_373' title='bbox 121 5153 378 5223; x_wconf 54' lang='grc' dir='ltr'>ῖιροσνᾶνην</span> <span class='ocrx_word' id='word_1_374' title='bbox 413 5150 472 5205; x_wconf 78' lang='grc' dir='ltr'>ὲν</span> <span class='ocrx_word' id='word_1_375' title='bbox 503 5151 679 5204; x_wconf 75' lang='grc' dir='ltr'>ἒαυτῶ</span> <span class='ocrx_word' id='word_1_376' title='bbox 710 5147 1040 5223; x_wconf 71' lang='grc' dir='ltr'>περιφέρων.</span> 
     </span>
    </p>
   </div>
   <div class='ocr_carea' id='block_1_54' title="bbox 173 5233 1747 5312">
    <p class='ocr_par' dir='ltr' id='par_1_54' title="bbox 173 5233 1747 5312">
     <span class='ocr_line' id='line_1_54' title="bbox 173 5233 1747 5312; baseline -0.004 -19"><span class='ocrx_word' id='word_1_377' title='bbox 173 5247 259 5312; x_wconf 65' lang='grc' dir='ltr'><strong>’1ίῷ</strong></span> <span class='ocrx_word' id='word_1_378' title='bbox 290 5239 350 5296; x_wconf 73' lang='grc' dir='ltr'><em>δὲ</em></span> <span class='ocrx_word' id='word_1_379' title='bbox 383 5235 671 5311; x_wconf 70' lang='grc' dir='ltr'>ἀναλάϐω,</span> <span class='ocrx_word' id='word_1_380' title='bbox 703 5243 782 5309; x_wconf 79' lang='grc' dir='ltr'>τῷ</span> <span class='ocrx_word' id='word_1_381' title='bbox 813 5241 1030 5311; x_wconf 80' lang='grc' dir='ltr'>σταυρῷ</span> <span class='ocrx_word' id='word_1_382' title='bbox 1057 5238 1127 5308; x_wconf 76' lang='grc' dir='ltr'>τῇ</span> <span class='ocrx_word' id='word_1_383' title='bbox 1159 5233 1249 5290; x_wconf 80' lang='grc' dir='ltr'><strong>καὶ</strong></span> <span class='ocrx_word' id='word_1_384' title='bbox 1281 5233 1457 5288; x_wconf 83' lang='grc' dir='ltr'>πίστει</span> <span class='ocrx_word' id='word_1_385' title='bbox 1492 5254 1747 5288; x_wconf 76' lang='grc' dir='ltr'>κατακοσο</span> 
     </span>
    </p>
   </div>
   <div class='ocr_carea' id='block_1_55' title="bbox 123 5332 403 5402">
    <p class='ocr_par' dir='ltr' id='par_1_55' title="bbox 123 5332 403 5402">
     <span class='ocr_line' id='line_1_55' title="bbox 123 5332 403 5402; baseline 0.014 -20"><span class='ocrx_word' id='word_1_386' title='bbox 123 5332 403 5402; x_wconf 61' lang='grc' dir='ltr'>αοῦμενος.</span> 
     </span>
    </p>
   </div>
   <div class='ocr_carea' id='block_1_56' title="bbox 173 5413 1749 5494">
    <p class='ocr_par' dir='ltr' id='par_1_56' title="bbox 173 5413 1749 5494">
     <span class='ocr_line' id='line_1_56' title="bbox 173 5413 1749 5494; baseline -0.001 -20"><span class='ocrx_word' id='word_1_387' title='bbox 173 5422 260 5489; x_wconf 69' lang='grc' dir='ltr'><strong>Τῷ</strong></span> <span class='ocrx_word' id='word_1_388' title='bbox 282 5418 340 5474; x_wconf 73' lang='grc' dir='ltr'><strong>δὲ</strong></span> <span class='ocrx_word' id='word_1_389' title='bbox 368 5413 741 5492; x_wconf 75' lang='grc' dir='ltr'>περιϐολαίῳ,</span> <span class='ocrx_word' id='word_1_390' title='bbox 767 5415 969 5486; x_wconf 79' lang='grc' dir='ltr'>στολὴν</span> <span class='ocrx_word' id='word_1_391' title='bbox 984 5413 1274 5494; x_wconf 69' lang='grc' dir='ltr'>ἀφθαρσίας</span> <span class='ocrx_word' id='word_1_392' title='bbox 1289 5418 1749 5490; x_wconf 79' lang='grc' dir='ltr'>θωρακιζόμενος.</span> 
     </span>
    </p>
   </div>
   <div class='ocr_carea' id='block_1_57' title="bbox 176 5500 1751 5580">
    <p class='ocr_par' dir='ltr' id='par_1_57' title="bbox 176 5500 1751 5580">
     <span class='ocr_line' id='line_1_57' title="bbox 176 5500 1751 5580; baseline -0.004 -16"><span class='ocrx_word' id='word_1_393' title='bbox 176 5511 300 5571; x_wconf 78' lang='grc' dir='ltr'>Τοῖς</span> <span class='ocrx_word' id='word_1_394' title='bbox 334 5507 396 5564; x_wconf 73' lang='grc' dir='ltr'><em>δὲ</em></span> <span class='ocrx_word' id='word_1_395' title='bbox 433 5504 766 5574; x_wconf 74' lang='grc' dir='ltr'>σανδαλίοις,</span> <span class='ocrx_word' id='word_1_396' title='bbox 793 5504 881 5560; x_wconf 69' lang='grc' dir='ltr'>’ἶνα</span> <span class='ocrx_word' id='word_1_397' title='bbox 924 5500 1087 5579; x_wconf 72' lang='grc' dir='ltr'>ἐπιϐῇ</span> <span class='ocrx_word' id='word_1_398' title='bbox 1119 5504 1187 5579; x_wconf 76' lang='grc' dir='ltr'>τῇ</span> <span class='ocrx_word' id='word_1_399' title='bbox 1221 5503 1334 5578; x_wconf 72' lang='grc' dir='ltr'><strong>ὁδῷ</strong></span> <span class='ocrx_word' id='word_1_400' title='bbox 1381 5513 1479 5575; x_wconf 77' lang='grc' dir='ltr'>τῆς</span> <span class='ocrx_word' id='word_1_401' title='bbox 1505 5505 1751 5580; x_wconf 75' lang='grc' dir='ltr'>εἷρήνης,</span> 
     </span>
    </p>
   </div>
   <div class='ocr_carea' id='block_1_58' title="bbox 115 5597 652 5672">
    <p class='ocr_par' dir='ltr' id='par_1_58' title="bbox 115 5597 652 5672">
     <span class='ocr_line' id='line_1_58' title="bbox 115 5597 652 5672; baseline 0.013 -25"><span class='ocrx_word' id='word_1_402' title='bbox 115 5599 190 5650; x_wconf 75' lang='lat' dir='ltr'><strong>ui</strong></span> <span class='ocrx_word' id='word_1_403' title='bbox 209 5608 306 5668; x_wconf 77' lang='grc' dir='ltr'>τῆς</span> <span class='ocrx_word' id='word_1_404' title='bbox 351 5597 652 5672; x_wconf 82' lang='grc' dir='ltr'>σωτηρίας.</span> 
     </span>
    </p>
   </div>
   <div class='ocr_carea' id='block_1_59' title="bbox 119 5687 1751 5754">
    <p class='ocr_par' dir='ltr' id='par_1_59' title="bbox 119 5687 1751 5754">
     <span class='ocr_line' id='line_1_59' title="bbox 119 5687 1751 5754; baseline 0.001 -11"><span class='ocrx_word' id='word_1_405' title='bbox 119 5712 134 5734; x_wconf 79' lang='grc' dir='ltr'><strong>ι</strong></span> <span class='ocrx_word' id='word_1_406' title='bbox 170 5687 235 5745; x_wconf 83' lang='lat' dir='ltr'><strong>Ut</strong></span> <span class='ocrx_word' id='word_1_407' title='bbox 263 5692 321 5746; x_wconf 88' lang='lat' dir='ltr'><strong>in</strong></span> <span class='ocrx_word' id='word_1_408' title='bbox 346 5687 819 5745; x_wconf 76' lang='lat' dir='ltr'><strong>sanctiﬁcatione</strong></span> <span class='ocrx_word' id='word_1_409' title='bbox 840 5687 1016 5742; x_wconf 88' lang='lat' dir='ltr'><strong>vitam</strong></span> <span class='ocrx_word' id='word_1_410' title='bbox 1045 5687 1382 5754; x_wconf 88' lang='lat' dir='ltr'><strong>instituens,</strong></span> <span class='ocrx_word' id='word_1_411' title='bbox 1411 5689 1751 5745; x_wconf 87' lang='lat' dir='ltr'><strong>immacula-</strong></span> 
     </span>
    </p>
   </div>
   <div class='ocr_carea' id='block_1_60' title="bbox 851 339 2838 402">
    <p class='ocr_par' dir='ltr' id='par_1_60' title="bbox 851 339 2838 402">
     <span class='ocr_line' id='line_1_60' title="bbox 851 339 2838 402; baseline -0.004 -1"><span class='ocrx_word' id='word_1_412' title='bbox 851 343 1368 402; x_wconf 83' lang='lat' dir='ltr'><strong>ONOMASTICON</strong></span> <span class='ocrx_word' id='word_1_413' title='bbox 1407 339 1663 395; x_wconf 80' lang='lat' dir='ltr'><strong>RERUM</strong></span> <span class='ocrx_word' id='word_1_414' title='bbox 1705 339 1796 391; x_wconf 88' lang='lat' dir='ltr'><strong>ET</strong></span> <span class='ocrx_word' id='word_1_415' title='bbox 1837 339 2234 393; x_wconf 76' lang='lat' dir='ltr'><strong>VERBORUM</strong></span> <span class='ocrx_word' id='word_1_416' title='bbox 2275 341 2838 397; x_wconf 86' lang='lat' dir='ltr'><strong>DlFFlClLlORUM.</strong></span> 
     </span>
    </p>
   </div>
   <div class='ocr_carea' id='block_1_61' title="bbox 1807 459 1860 522">
    <p class='ocr_par' dir='ltr' id='par_1_61' title="bbox 1807 459 1860 522">
     <span class='ocr_line' id='line_1_61' title="bbox 1807 459 1860 522; baseline 0 0"><span class='ocrx_word' id='word_1_417' title='bbox 1807 459 1860 522; x_wconf 84' lang='grc' dir='ltr'><strong>Α</strong></span> 
     </span>
    </p>
   </div>
   <div class='ocr_carea' id='block_1_62' title="bbox 1787 4571 1830 4633">
    <p class='ocr_par' dir='ltr' id='par_1_62' title="bbox 1787 4571 1830 4633">
     <span class='ocr_line' id='line_1_62' title="bbox 1787 4571 1830 4633; baseline 0 0"><span class='ocrx_word' id='word_1_418' title='bbox 1787 4571 1830 4633; x_wconf 89' lang='lat' dir='ltr'>D</span> 
     </span>
    </p>
   </div>
   <div class='ocr_carea' id='block_1_63' title="bbox 3451 347 3556 403">
    <p class='ocr_par' dir='ltr' id='par_1_63' title="bbox 3451 347 3556 403">
     <span class='ocr_line' id='line_1_63' title="bbox 3451 347 3556 403; baseline 0.029 -4"><span class='ocrx_word' id='word_1_419' title='bbox 3451 347 3556 403; x_wconf 80' lang='grc'><strong>498</strong></span> 
     </span>
    </p>
   </div>
   <div class='ocr_carea' id='block_1_64' title="bbox 2033 464 3522 534">
    <p class='ocr_par' dir='ltr' id='par_1_64' title="bbox 2033 464 3522 534">
     <span class='ocr_line' id='line_1_64' title="bbox 2033 464 3522 534; baseline 0.007 -20"><span class='ocrx_word' id='word_1_420' title='bbox 2033 466 2156 515; x_wconf 89' lang='lat' dir='ltr'><strong>tum</strong></span> <span class='ocrx_word' id='word_1_421' title='bbox 2191 467 2512 530; x_wconf 75' lang='lat' dir='ltr'><strong>conservet,</strong></span> <span class='ocrx_word' id='word_1_422' title='bbox 2561 480 2734 534; x_wconf 83' lang='lat' dir='ltr'><strong>quem</strong></span> <span class='ocrx_word' id='word_1_423' title='bbox 2777 464 2834 518; x_wconf 91' lang='lat' dir='ltr'><strong>in</strong></span> <span class='ocrx_word' id='word_1_424' title='bbox 2893 465 3108 522; x_wconf 85' lang='lat' dir='ltr'><strong>virtute</strong></span> <span class='ocrx_word' id='word_1_425' title='bbox 3168 473 3266 523; x_wconf 86' lang='lat' dir='ltr'><strong>tua</strong></span> <span class='ocrx_word' id='word_1_426' title='bbox 3325 469 3522 526; x_wconf 79' lang='lat' dir='ltr'><strong>induit</strong></span> 
     </span>
    </p>
   </div>
   <div class='ocr_carea' id='block_1_65' title="bbox 2044 551 2354 606">
    <p class='ocr_par' dir='ltr' id='par_1_65' title="bbox 2044 551 2354 606">
     <span class='ocr_line' id='line_1_65' title="bbox 2044 551 2354 606; baseline 0.003 -1"><span class='ocrx_word' id='word_1_427' title='bbox 2044 551 2306 606; x_wconf 79' lang='lat' dir='ltr'><strong>habitum</strong></span> <span class='ocrx_word' id='word_1_428' title='bbox 2343 569 2354 606; x_wconf 90' lang='lat'><strong>:</strong></span> 
     </span>
    </p>
   </div>
   <div class='ocr_carea' id='block_1_66' title="bbox 1968 648 3200 722">
    <p class='ocr_par' dir='ltr' id='par_1_66' title="bbox 1968 648 3200 722">
     <span class='ocr_line' id='line_1_66' title="bbox 1968 648 3200 722; baseline 0.003 -19"><span class='ocrx_word' id='word_1_429' title='bbox 1968 649 2076 705; x_wconf 89' lang='lat' dir='ltr'><strong>Pro</strong></span> <span class='ocrx_word' id='word_1_430' title='bbox 2110 648 2308 704; x_wconf 85' lang='lat' dir='ltr'><strong>tunica</strong></span> <span class='ocrx_word' id='word_1_431' title='bbox 2340 649 2575 721; x_wconf 85' lang='lat' dir='ltr'><strong>quidem</strong></span> <span class='ocrx_word' id='word_1_432' title='bbox 2596 649 2889 720; x_wconf 86' lang='lat' dir='ltr'><strong>justitiam</strong></span> <span class='ocrx_word' id='word_1_433' title='bbox 2925 651 3200 722; x_wconf 89' lang='lat' dir='ltr'><strong>amictus,</strong></span> 
     </span>
    </p>
   </div>
   <div class='ocr_carea' id='block_1_67' title="bbox 1966 738 3548 817">
    <p class='ocr_par' dir='ltr' id='par_1_67' title="bbox 1966 738 3548 817">
     <span class='ocr_line' id='line_1_67' title="bbox 1966 738 3548 817; baseline 0.006 -25"><span class='ocrx_word' id='word_1_434' title='bbox 1966 738 2036 793; x_wconf 92' lang='lat' dir='ltr'><strong>Et</strong></span> <span class='ocrx_word' id='word_1_435' title='bbox 2067 755 2168 811; x_wconf 91' lang='lat' dir='ltr'><strong>pro</strong></span> <span class='ocrx_word' id='word_1_436' title='bbox 2202 756 2348 794; x_wconf 88' lang='lat' dir='ltr'><strong>zona</strong></span> <span class='ocrx_word' id='word_1_437' title='bbox 2381 739 2888 794; x_wconf 83' lang='lat' dir='ltr'><strong>mortificationem</strong></span> <span class='ocrx_word' id='word_1_438' title='bbox 2923 743 3184 811; x_wconf 89' lang='lat' dir='ltr'><strong>corporis</strong></span> <span class='ocrx_word' id='word_1_439' title='bbox 3229 746 3286 798; x_wconf 89' lang='lat' dir='ltr'><strong>et</strong></span> <span class='ocrx_word' id='word_1_440' title='bbox 3329 747 3548 817; x_wconf 88' lang='lat' dir='ltr'><strong>tempe-</strong></span> 
     </span>
    </p>
   </div>
   <div class='ocr_carea' id='block_1_68' title="bbox 2034 827 3078 900">
    <p class='ocr_par' dir='ltr' id='par_1_68' title="bbox 2034 827 3078 900">
     <span class='ocr_line' id='line_1_68' title="bbox 2034 827 3078 900; baseline 0.003 -19"><span class='ocrx_word' id='word_1_441' title='bbox 2034 827 2286 883; x_wconf 85' lang='lat' dir='ltr'><strong>rantiam</strong></span> <span class='ocrx_word' id='word_1_442' title='bbox 2322 829 2377 883; x_wconf 91' lang='lat' dir='ltr'><strong>in</strong></span> <span class='ocrx_word' id='word_1_443' title='bbox 2413 827 2606 900; x_wconf 88' lang='lat' dir='ltr'><strong>seipso</strong></span> <span class='ocrx_word' id='word_1_444' title='bbox 2639 829 3078 899; x_wconf 77' lang='lat' dir='ltr'><strong>circumferens,</strong></span> 
     </span>
    </p>
   </div>
   <div class='ocr_carea' id='block_1_69' title="bbox 1962 917 3334 989">
    <p class='ocr_par' dir='ltr' id='par_1_69' title="bbox 1962 917 3334 989">
     <span class='ocr_line' id='line_1_69' title="bbox 1962 917 3334 989; baseline 0.002 -17"><span class='ocrx_word' id='word_1_445' title='bbox 1962 917 2031 972; x_wconf 87' lang='lat' dir='ltr'><strong>Et</strong></span> <span class='ocrx_word' id='word_1_446' title='bbox 2060 934 2163 989; x_wconf 89' lang='lat' dir='ltr'><strong>pro</strong></span> <span class='ocrx_word' id='word_1_447' title='bbox 2191 917 2505 989; x_wconf 86' lang='lat' dir='ltr'><strong>scapulari,</strong></span> <span class='ocrx_word' id='word_1_448' title='bbox 2542 934 2713 972; x_wconf 87' lang='lat' dir='ltr'><strong>cruce</strong></span> <span class='ocrx_word' id='word_1_449' title='bbox 2742 923 2798 972; x_wconf 91' lang='lat' dir='ltr'><strong>et</strong></span> <span class='ocrx_word' id='word_1_450' title='bbox 2831 919 2942 973; x_wconf 79' lang='lat' dir='ltr'><strong>ﬁde</strong></span> <span class='ocrx_word' id='word_1_451' title='bbox 2973 920 3294 975; x_wconf 89' lang='lat' dir='ltr'><strong>adornatus</strong></span> <span class='ocrx_word' id='word_1_452' title='bbox 3320 938 3334 988; x_wconf 90' lang='lat'><strong>;</strong></span> 
     </span>
    </p>
   </div>
   <div class='ocr_carea' id='block_1_70' title="bbox 1960 1006 3396 1079">
    <p class='ocr_par' dir='ltr' id='par_1_70' title="bbox 1960 1006 3396 1079">
     <span class='ocr_line' id='line_1_70' title="bbox 1960 1006 3396 1079; baseline 0.002 -18"><span class='ocrx_word' id='word_1_453' title='bbox 1960 1008 2029 1061; x_wconf 89' lang='lat' dir='ltr'><strong>Et</strong></span> <span class='ocrx_word' id='word_1_454' title='bbox 2060 1023 2160 1077; x_wconf 89' lang='lat' dir='ltr'><strong>pro</strong></span> <span class='ocrx_word' id='word_1_455' title='bbox 2195 1006 2390 1077; x_wconf 89' lang='lat' dir='ltr'><strong>pallio,</strong></span> <span class='ocrx_word' id='word_1_456' title='bbox 2425 1006 2577 1063; x_wconf 87' lang='lat' dir='ltr'><strong>stola</strong></span> <span class='ocrx_word' id='word_1_457' title='bbox 2607 1006 3065 1077; x_wconf 87' lang='lat' dir='ltr'><strong>incorruptionis</strong></span> <span class='ocrx_word' id='word_1_458' title='bbox 3095 1009 3396 1079; x_wconf 89' lang='lat' dir='ltr'><strong>munitus;</strong></span> 
     </span>
    </p>
   </div>
   <div class='ocr_carea' id='block_1_71' title="bbox 1959 1095 3542 1172">
    <p class='ocr_par' dir='ltr' id='par_1_71' title="bbox 1959 1095 3542 1172">
     <span class='ocr_line' id='line_1_71' title="bbox 1959 1095 3542 1172; baseline 0.004 -22"><span class='ocrx_word' id='word_1_459' title='bbox 1959 1095 2378 1151; x_wconf 85' lang='lat' dir='ltr'><strong>Calceamentis</strong></span> <span class='ocrx_word' id='word_1_460' title='bbox 2408 1113 2562 1164; x_wconf 90' lang='lat' dir='ltr'><strong>vero,</strong></span> <span class='ocrx_word' id='word_1_461' title='bbox 2592 1102 2656 1152; x_wconf 91' lang='lat' dir='ltr'><strong>ut</strong></span> <span class='ocrx_word' id='word_1_462' title='bbox 2700 1099 2972 1168; x_wconf 87' lang='lat' dir='ltr'><strong>procedat</strong></span> <span class='ocrx_word' id='word_1_463' title='bbox 3001 1098 3060 1153; x_wconf 90' lang='lat' dir='ltr'><strong>in</strong></span> <span class='ocrx_word' id='word_1_464' title='bbox 3091 1099 3239 1154; x_wconf 90' lang='lat' dir='ltr'><strong>viam</strong></span> <span class='ocrx_word' id='word_1_465' title='bbox 3274 1099 3435 1172; x_wconf 88' lang='lat' dir='ltr'><strong>pacis</strong></span> <span class='ocrx_word' id='word_1_466' title='bbox 3486 1107 3542 1158; x_wconf 90' lang='lat' dir='ltr'><strong>et</strong></span> 
     </span>
    </p>
   </div>
   <div class='ocr_carea' id='block_1_72' title="bbox 1992 1185 2275 1241">
    <p class='ocr_par' dir='ltr' id='par_1_72' title="bbox 1992 1185 2275 1241">
     <span class='ocr_line' id='line_1_72' title="bbox 1992 1185 2275 1241; baseline -0.025 0"><span class='ocrx_word' id='word_1_467' title='bbox 1992 1185 2220 1241; x_wconf 86' lang='lat' dir='ltr'><strong>salutis.</strong></span> <span class='ocrx_word' id='word_1_468' title='bbox 2248 1208 2275 1235; x_wconf 75' lang='grc' dir='ltr'>υ</span> 
     </span>
    </p>
   </div>
   <div class='ocr_carea' id='block_1_73' title="bbox 1955 1283 3537 1358">
    <p class='ocr_par' dir='ltr' id='par_1_73' title="bbox 1955 1283 3537 1358">
     <span class='ocr_line' id='line_1_73' title="bbox 1955 1283 3537 1358; baseline 0.004 -20"><span class='ocrx_word' id='word_1_469' title='bbox 1955 1284 2837 1356; x_wconf 70' lang='lat' dir='ltr'><strong>Sequuntur,post,eademquze</strong></span> <span class='ocrx_word' id='word_1_470' title='bbox 2869 1285 2926 1340; x_wconf 89' lang='lat' dir='ltr'><strong>in</strong></span> <span class='ocrx_word' id='word_1_471' title='bbox 2961 1286 3162 1342; x_wconf 90' lang='lat' dir='ltr'><strong>ordine</strong></span> <span class='ocrx_word' id='word_1_472' title='bbox 3192 1283 3537 1358; x_wconf 81' lang='lat' dir='ltr'><strong>parvische-</strong></span> 
     </span>
    </p>
   </div>
   <div class='ocr_carea' id='block_1_74' title="bbox 1882 1373 3086 1446">
    <p class='ocr_par' dir='ltr' id='par_1_74' title="bbox 1882 1373 3086 1446">
     <span class='ocr_line' id='line_1_74' title="bbox 1882 1373 3086 1446; baseline 0.002 -18"><span class='ocrx_word' id='word_1_473' title='bbox 1882 1373 2057 1428; x_wconf 84' lang='lat' dir='ltr'><strong>matis</strong></span> <span class='ocrx_word' id='word_1_474' title='bbox 2087 1374 2158 1428; x_wconf 91' lang='lat' dir='ltr'><strong>de</strong></span> <span class='ocrx_word' id='word_1_475' title='bbox 2189 1390 2378 1443; x_wconf 83' lang='lat' dir='ltr'><strong>cruce,</strong></span> <span class='ocrx_word' id='word_1_476' title='bbox 2414 1390 2600 1442; x_wconf 87' lang='lat' dir='ltr'><strong>cereo,</strong></span> <span class='ocrx_word' id='word_1_477' title='bbox 2634 1374 3086 1446; x_wconf 88' lang='lat' dir='ltr'><strong>amplexatione.</strong></span> 
     </span>
    </p>
   </div>
   <div class='ocr_carea' id='block_1_75' title="bbox 1951 1471 3530 1545">
    <p class='ocr_par' dir='ltr' id='par_1_75' title="bbox 1951 1471 3530 1545">
     <span class='ocr_line' id='line_1_75' title="bbox 1951 1471 3530 1545; baseline 0.006 -21"><span class='ocrx_word' id='word_1_478' title='bbox 1951 1471 2149 1525; x_wconf 84' lang='lat' dir='ltr'><strong>Dictus</strong></span> <span class='ocrx_word' id='word_1_479' title='bbox 2183 1471 2411 1526; x_wconf 89' lang='lat' dir='ltr'><strong>videtur</strong></span> <span class='ocrx_word' id='word_1_480' title='bbox 2442 1472 2742 1544; x_wconf 87' lang='lat' dir='ltr'><strong>angelicus</strong></span> <span class='ocrx_word' id='word_1_481' title='bbox 2769 1473 3028 1542; x_wconf 88' lang='lat' dir='ltr'><strong>habitus,</strong></span> <span class='ocrx_word' id='word_1_482' title='bbox 3052 1475 3206 1545; x_wconf 89' lang='lat' dir='ltr'><strong>quod</strong></span> <span class='ocrx_word' id='word_1_483' title='bbox 3238 1491 3304 1530; x_wconf 87' lang='lat' dir='ltr'><strong>eo</strong></span> <span class='ocrx_word' id='word_1_484' title='bbox 3338 1475 3530 1533; x_wconf 89' lang='lat' dir='ltr'><strong>induti</strong></span> 
     </span>
    </p>
   </div>
   <div class='ocr_carea' id='block_1_76' title="bbox 1880 1561 3529 1635">
    <p class='ocr_par' dir='ltr' id='par_1_76' title="bbox 1880 1561 3529 1635">
     <span class='ocr_line' id='line_1_76' title="bbox 1880 1561 3529 1635; baseline 0.005 -21"><span class='ocrx_word' id='word_1_485' title='bbox 1880 1576 2170 1614; x_wconf 89' lang='lat' dir='ltr'><strong>memores</strong></span> <span class='ocrx_word' id='word_1_486' title='bbox 2188 1576 2316 1615; x_wconf 89' lang='lat' dir='ltr'><strong>esse</strong></span> <span class='ocrx_word' id='word_1_487' title='bbox 2339 1561 2635 1627; x_wconf 85' lang='lat' dir='ltr'><strong>deberent,</strong></span> <span class='ocrx_word' id='word_1_488' title='bbox 2659 1562 2849 1616; x_wconf 86' lang='lat' dir='ltr'><strong>vivere</strong></span> <span class='ocrx_word' id='word_1_489' title='bbox 2871 1578 2934 1616; x_wconf 91' lang='lat' dir='ltr'><strong>se</strong></span> <span class='ocrx_word' id='word_1_490' title='bbox 2965 1562 3172 1618; x_wconf 83' lang='lat' dir='ltr'><strong>debere</strong></span> <span class='ocrx_word' id='word_1_491' title='bbox 3205 1563 3529 1635; x_wconf 89' lang='lat' dir='ltr'><strong>angelicam</strong></span> 
     </span>
    </p>
   </div>
   <div class='ocr_carea' id='block_1_77' title="bbox 1873 1648 3528 1727">
    <p class='ocr_par' dir='ltr' id='par_1_77' title="bbox 1873 1648 3528 1727">
     <span class='ocr_line' id='line_1_77' title="bbox 1873 1648 3528 1727; baseline 0.003 -25"><span class='ocrx_word' id='word_1_492' title='bbox 1873 1650 2048 1703; x_wconf 87' lang='lat' dir='ltr'><strong>vitam</strong></span> <span class='ocrx_word' id='word_1_493' title='bbox 2073 1648 2340 1718; x_wconf 87' lang='lat' dir='ltr'><strong>Euchol.,</strong></span> <span class='ocrx_word' id='word_1_494' title='bbox 2365 1650 2560 1719; x_wconf 76' lang='lat' dir='ltr'><strong>p.102:</strong></span> <span class='ocrx_word' id='word_1_495' title='bbox 2581 1652 2660 1720; x_wconf 79' lang='grc' dir='ltr'><strong>Σῇ</strong></span> <span class='ocrx_word' id='word_1_496' title='bbox 2692 1650 2792 1722; x_wconf 77' lang='grc' dir='ltr'>γὰρ</span> <span class='ocrx_word' id='word_1_497' title='bbox 2824 1651 3105 1713; x_wconf 80' lang='grc' dir='ltr'>πεποιθὼς</span> <span class='ocrx_word' id='word_1_498' title='bbox 3143 1651 3528 1727; x_wconf 80' lang='grc' dir='ltr'>συνεργίᾳτήν.</span> 
     </span>
    </p>
   </div>
   <div class='ocr_carea' id='block_1_78' title="bbox 1871 1733 3525 1815">
    <p class='ocr_par' dir='ltr' id='par_1_78' title="bbox 1871 1733 3525 1815">
     <span class='ocr_line' id='line_1_78' title="bbox 1871 1733 3525 1815; baseline 0.005 -26"><span class='ocrx_word' id='word_1_499' title='bbox 1871 1733 2166 1810; x_wconf 74' lang='grc' dir='ltr'>ἀγγελικὴν</span> <span class='ocrx_word' id='word_1_500' title='bbox 2183 1735 2463 1791; x_wconf 84' lang='grc' dir='ltr'>πολιτείαν</span> <span class='ocrx_word' id='word_1_501' title='bbox 2481 1736 2681 1806; x_wconf 79' lang='grc' dir='ltr'>ταύτην</span> <span class='ocrx_word' id='word_1_502' title='bbox 2700 1735 3115 1813; x_wconf 70' lang='grc' dir='ltr'>ἐπεισέρχομαι,</span> <span class='ocrx_word' id='word_1_503' title='bbox 3143 1741 3525 1815; x_wconf 72' lang='grc' dir='ltr'>φιλάνθρωπεε</span> 
     </span>
    </p>
   </div>
   <div class='ocr_carea' id='block_1_79' title="bbox 1795 1828 3526 1900">
    <p class='ocr_par' dir='ltr' id='par_1_79' title="bbox 1795 1828 3526 1900">
     <span class='ocr_line' id='line_1_79' title="bbox 1795 1828 3526 1900; baseline 0.003 -18"><span class='ocrx_word' id='word_1_504' title='bbox 1795 1833 1840 1898; x_wconf 86' lang='grc' dir='ltr'>Β</span> <span class='ocrx_word' id='word_1_505' title='bbox 1877 1849 1896 1875; x_wconf 74' lang='grc' dir='ltr'>α</span> <span class='ocrx_word' id='word_1_506' title='bbox 1917 1828 2053 1882; x_wconf 70' lang='lat' dir='ltr'><strong>Tuae</strong></span> <span class='ocrx_word' id='word_1_507' title='bbox 2077 1828 2231 1883; x_wconf 88' lang='lat' dir='ltr'><strong>enim</strong></span> <span class='ocrx_word' id='word_1_508' title='bbox 2257 1828 2536 1883; x_wconf 89' lang='lat' dir='ltr'><strong>obediens</strong></span> <span class='ocrx_word' id='word_1_509' title='bbox 2563 1828 3310 1900; x_wconf 88' lang='lat' dir='ltr'><strong>cooperationi,angelicam</strong></span> <span class='ocrx_word' id='word_1_510' title='bbox 3335 1831 3526 1887; x_wconf 85' lang='lat' dir='ltr'><strong>viven-</strong></span> 
     </span>
    </p>
   </div>
   <div class='ocr_carea' id='block_1_80' title="bbox 1870 1916 3517 1986">
    <p class='ocr_par' dir='ltr' id='par_1_80' title="bbox 1870 1916 3517 1986">
     <span class='ocr_line' id='line_1_80' title="bbox 1870 1916 3517 1986; baseline 0.004 -16"><span class='ocrx_word' id='word_1_511' title='bbox 1870 1916 1927 1970; x_wconf 93' lang='lat' dir='ltr'><strong>di</strong></span> <span class='ocrx_word' id='word_1_512' title='bbox 1969 1917 2253 1972; x_wconf 90' lang='lat' dir='ltr'><strong>rationem</strong></span> <span class='ocrx_word' id='word_1_513' title='bbox 2279 1916 2430 1972; x_wconf 92' lang='lat' dir='ltr'><strong>hanc</strong></span> <span class='ocrx_word' id='word_1_514' title='bbox 2448 1917 2681 1986; x_wconf 88' lang='lat' dir='ltr'><strong>accedo,</strong></span> <span class='ocrx_word' id='word_1_515' title='bbox 2715 1922 2942 1972; x_wconf 89' lang='lat' dir='ltr'><strong>amator</strong></span> <span class='ocrx_word' id='word_1_516' title='bbox 2971 1917 3340 1973; x_wconf 86' lang='lat' dir='ltr'><strong>hominum.»</strong></span> <span class='ocrx_word' id='word_1_517' title='bbox 3376 1919 3517 1976; x_wconf 80' lang='lat' dir='ltr'><strong>Ruf-</strong></span> 
     </span>
    </p>
   </div>
   <div class='ocr_carea' id='block_1_81' title="bbox 1870 2005 3523 2077">
    <p class='ocr_par' dir='ltr' id='par_1_81' title="bbox 1870 2005 3523 2077">
     <span class='ocr_line' id='line_1_81' title="bbox 1870 2005 3523 2077; baseline 0.003 -17"><span class='ocrx_word' id='word_1_518' title='bbox 1870 2006 2048 2072; x_wconf 84' lang='lat' dir='ltr'><strong>tinns,</strong></span> <span class='ocrx_word' id='word_1_519' title='bbox 2082 2005 2180 2060; x_wconf 90' lang='lat' dir='ltr'><strong>lib.</strong></span> <span class='ocrx_word' id='word_1_520' title='bbox 2208 2023 2271 2060; x_wconf 87' lang='grc' dir='ltr'>ιι.</span> <span class='ocrx_word' id='word_1_521' title='bbox 2305 2022 2432 2077; x_wconf 91' lang='lat' dir='ltr'><strong>cap.</strong></span> <span class='ocrx_word' id='word_1_522' title='bbox 2470 2007 2528 2060; x_wconf 88' lang='grc'>11</span> <span class='ocrx_word' id='word_1_523' title='bbox 2565 2007 2636 2060; x_wconf 89' lang='lat' dir='ltr'><strong>de</strong></span> <span class='ocrx_word' id='word_1_524' title='bbox 2666 2010 2795 2060; x_wconf 81' lang='lat' dir='ltr'><strong>Hor:</strong></span> <span class='ocrx_word' id='word_1_525' title='bbox 2848 2027 2875 2053; x_wconf 90' lang='grc'><em>‹‹</em></span> <span class='ocrx_word' id='word_1_526' title='bbox 2910 2006 3012 2061; x_wconf 88' lang='lat' dir='ltr'><strong>Hic</strong></span> <span class='ocrx_word' id='word_1_527' title='bbox 3054 2005 3372 2062; x_wconf 91' lang='lat' dir='ltr'><strong>multorum</strong></span> <span class='ocrx_word' id='word_1_528' title='bbox 3397 2015 3523 2065; x_wconf 88' lang='lat' dir='ltr'><strong>erat</strong></span> 
     </span>
    </p>
   </div>
   <div class='ocr_carea' id='block_1_82' title="bbox 1869 2094 3521 2166">
    <p class='ocr_par' dir='ltr' id='par_1_82' title="bbox 1869 2094 3521 2166">
     <span class='ocr_line' id='line_1_82' title="bbox 1869 2094 3521 2166; baseline 0.001 -15"><span class='ocrx_word' id='word_1_529' title='bbox 1869 2096 2365 2151; x_wconf 87' lang='lat' dir='ltr'><strong>monasteriorum</strong></span> <span class='ocrx_word' id='word_1_530' title='bbox 2389 2095 2577 2164; x_wconf 84' lang='lat' dir='ltr'><strong>Pater,</strong></span> <span class='ocrx_word' id='word_1_531' title='bbox 2600 2094 2698 2164; x_wconf 90' lang='lat' dir='ltr'><strong>qui</strong></span> <span class='ocrx_word' id='word_1_532' title='bbox 2722 2095 2922 2150; x_wconf 91' lang='lat' dir='ltr'><strong>habitu</strong></span> <span class='ocrx_word' id='word_1_533' title='bbox 2947 2095 3074 2166; x_wconf 89' lang='lat' dir='ltr'><strong>ipso</strong></span> <span class='ocrx_word' id='word_1_534' title='bbox 3088 2094 3327 2152; x_wconf 89' lang='lat' dir='ltr'><strong>honoris</strong></span> <span class='ocrx_word' id='word_1_535' title='bbox 3361 2097 3521 2152; x_wconf 88' lang='lat' dir='ltr'><strong>vide-</strong></span> 
     </span>
    </p>
   </div>
   <div class='ocr_carea' id='block_1_83' title="bbox 1868 2183 3521 2256">
    <p class='ocr_par' dir='ltr' id='par_1_83' title="bbox 1868 2183 3521 2256">
     <span class='ocr_line' id='line_1_83' title="bbox 1868 2183 3521 2256; baseline 0.001 -16"><span class='ocrx_word' id='word_1_536' title='bbox 1868 2185 2042 2240; x_wconf 88' lang='lat' dir='ltr'><strong>batur</strong></span> <span class='ocrx_word' id='word_1_537' title='bbox 2073 2184 2376 2255; x_wconf 67' lang='lat' dir='ltr'><strong>angelici.»</strong></span> <span class='ocrx_word' id='word_1_538' title='bbox 2407 2188 2484 2239; x_wconf 89' lang='lat' dir='ltr'><strong>De</strong></span> <span class='ocrx_word' id='word_1_539' title='bbox 2511 2185 2718 2239; x_wconf 81' lang='lat' dir='ltr'><strong>eodem</strong></span> <span class='ocrx_word' id='word_1_540' title='bbox 2742 2183 3062 2250; x_wconf 89' lang='lat' dir='ltr'><strong>Palladius,</strong></span> <span class='ocrx_word' id='word_1_541' title='bbox 3095 2200 3224 2256; x_wconf 88' lang='lat' dir='ltr'><strong>cap.</strong></span> <span class='ocrx_word' id='word_1_542' title='bbox 3253 2186 3308 2240; x_wconf 86' lang='lat'><strong>9:</strong></span> <span class='ocrx_word' id='word_1_543' title='bbox 3356 2206 3385 2236; x_wconf 77' lang='grc' dir='ltr'>ι(</span> <span class='ocrx_word' id='word_1_544' title='bbox 3406 2190 3521 2241; x_wconf 89' lang='lat' dir='ltr'><strong>Ha-</strong></span> 
     </span>
    </p>
   </div>
   <div class='ocr_carea' id='block_1_84' title="bbox 1868 2271 3528 2346">
    <p class='ocr_par' dir='ltr' id='par_1_84' title="bbox 1868 2271 3528 2346">
     <span class='ocr_line' id='line_1_84' title="bbox 1868 2271 3528 2346; baseline 0.001 -19"><span class='ocrx_word' id='word_1_545' title='bbox 1868 2273 2014 2328; x_wconf 88' lang='lat' dir='ltr'><strong>bens</strong></span> <span class='ocrx_word' id='word_1_546' title='bbox 2039 2273 2400 2328; x_wconf 87' lang='lat' dir='ltr'><strong>monasteria</strong></span> <span class='ocrx_word' id='word_1_547' title='bbox 2421 2271 2580 2327; x_wconf 90' lang='lat' dir='ltr'><strong>mille</strong></span> <span class='ocrx_word' id='word_1_548' title='bbox 2597 2272 3076 2340; x_wconf 87' lang='lat' dir='ltr'><strong>fratrum,habitu</strong></span> <span class='ocrx_word' id='word_1_549' title='bbox 3102 2273 3365 2344; x_wconf 89' lang='lat' dir='ltr'><strong>angelico</strong></span> <span class='ocrx_word' id='word_1_550' title='bbox 3387 2291 3528 2346; x_wconf 74' lang='lat' dir='ltr'><strong>prae-</strong></span> 
     </span>
    </p>
   </div>
   <div class='ocr_carea' id='block_1_85' title="bbox 1870 2361 3528 2433">
    <p class='ocr_par' dir='ltr' id='par_1_85' title="bbox 1870 2361 3528 2433">
     <span class='ocr_line' id='line_1_85' title="bbox 1870 2361 3528 2433; baseline 0.001 -17"><span class='ocrx_word' id='word_1_551' title='bbox 1870 2363 2047 2417; x_wconf 90' lang='lat' dir='ltr'><strong>ditus.</strong></span> <span class='ocrx_word' id='word_1_552' title='bbox 2077 2384 2104 2411; x_wconf 84' lang='lat'>»</span> <span class='ocrx_word' id='word_1_553' title='bbox 2127 2362 2421 2431; x_wconf 79' lang='lat' dir='ltr'><strong>Rufﬁnus,</strong></span> <span class='ocrx_word' id='word_1_554' title='bbox 2456 2361 2554 2416; x_wconf 91' lang='lat' dir='ltr'><strong>lib.</strong></span> <span class='ocrx_word' id='word_1_555' title='bbox 2590 2378 2654 2430; x_wconf 88' lang='grc' dir='ltr'><strong>ιι,</strong></span> <span class='ocrx_word' id='word_1_556' title='bbox 2710 2379 2838 2433; x_wconf 88' lang='lat' dir='ltr'><strong>cap.</strong></span> <span class='ocrx_word' id='word_1_557' title='bbox 2890 2363 2944 2427; x_wconf 76' lang='grc'>4,</span> <span class='ocrx_word' id='word_1_558' title='bbox 3007 2363 3078 2418; x_wconf 89' lang='lat' dir='ltr'><strong>de</strong></span> <span class='ocrx_word' id='word_1_559' title='bbox 3134 2362 3309 2418; x_wconf 88' lang='lat' dir='ltr'><strong>Beno:</strong></span> <span class='ocrx_word' id='word_1_560' title='bbox 3365 2388 3386 2415; x_wconf 77' lang='grc' dir='ltr'><strong>ι</strong></span> <span class='ocrx_word' id='word_1_561' title='bbox 3422 2363 3528 2418; x_wconf 90' lang='lat' dir='ltr'><strong>Per</strong></span> 
     </span>
    </p>
   </div>
   <div class='ocr_carea' id='block_1_86' title="bbox 1869 2449 2987 2522">
    <p class='ocr_par' dir='ltr' id='par_1_86' title="bbox 1869 2449 2987 2522">
     <span class='ocr_line' id='line_1_86' title="bbox 1869 2449 2987 2522; baseline -0.005 -16"><span class='ocrx_word' id='word_1_562' title='bbox 1869 2451 2067 2506; x_wconf 88' lang='lat' dir='ltr'><strong>omnia</strong></span> <span class='ocrx_word' id='word_1_563' title='bbox 2096 2452 2265 2522; x_wconf 87' lang='lat' dir='ltr'><strong>quasi</strong></span> <span class='ocrx_word' id='word_1_564' title='bbox 2297 2449 2548 2522; x_wconf 82' lang='lat' dir='ltr'><strong>angelici</strong></span> <span class='ocrx_word' id='word_1_565' title='bbox 2573 2451 2797 2506; x_wconf 91' lang='lat' dir='ltr'><strong>ordinis</strong></span> <span class='ocrx_word' id='word_1_566' title='bbox 2829 2451 2933 2505; x_wconf 89' lang='lat' dir='ltr'><strong>vir.</strong></span> <span class='ocrx_word' id='word_1_567' title='bbox 2959 2473 2987 2500; x_wconf 83' lang='lat'>»</span> 
     </span>
    </p>
   </div>
   <div class='ocr_carea' id='block_1_87' title="bbox 1939 2547 3523 2621">
    <p class='ocr_par' dir='ltr' id='par_1_87' title="bbox 1939 2547 3523 2621">
     <span class='ocr_line' id='line_1_87' title="bbox 1939 2547 3523 2621; baseline 0.001 -19"><span class='ocrx_word' id='word_1_568' title='bbox 1939 2549 2102 2620; x_wconf 88' lang='lat' dir='ltr'><strong>Apud</strong></span> <span class='ocrx_word' id='word_1_569' title='bbox 2140 2547 2483 2620; x_wconf 86' lang='lat' dir='ltr'><strong>Dionysium</strong></span> <span class='ocrx_word' id='word_1_570' title='bbox 2536 2564 2767 2619; x_wconf 89' lang='lat' dir='ltr'><strong>quoque</strong></span> <span class='ocrx_word' id='word_1_571' title='bbox 2817 2549 3249 2620; x_wconf 84' lang='lat' dir='ltr'><strong>Areopagitam,</strong></span> <span class='ocrx_word' id='word_1_572' title='bbox 3307 2565 3433 2621; x_wconf 89' lang='lat' dir='ltr'><strong>cap.</strong></span> <span class='ocrx_word' id='word_1_573' title='bbox 3467 2550 3523 2618; x_wconf 88' lang='lat'><strong>6,</strong></span> 
     </span>
    </p>
   </div>
   <div class='ocr_carea' id='block_1_88' title="bbox 1870 2637 3523 2711">
    <p class='ocr_par' dir='ltr' id='par_1_88' title="bbox 1870 2637 3523 2711">
     <span class='ocr_line' id='line_1_88' title="bbox 1870 2637 3523 2711; baseline 0.001 -18"><span class='ocrx_word' id='word_1_574' title='bbox 1870 2646 2014 2709; x_wconf 86' lang='lat' dir='ltr'><strong>part.</strong></span> <span class='ocrx_word' id='word_1_575' title='bbox 2044 2655 2103 2705; x_wconf 90' lang='grc' dir='ltr'><strong>ιι,</strong></span> <span class='ocrx_word' id='word_1_576' title='bbox 2139 2637 2292 2693; x_wconf 88' lang='lat' dir='ltr'><strong>Eccl.</strong></span> <span class='ocrx_word' id='word_1_577' title='bbox 2323 2637 2561 2706; x_wconf 66' lang='lat' dir='ltr'><strong>hieran,</strong></span> <span class='ocrx_word' id='word_1_578' title='bbox 2596 2637 2695 2693; x_wconf 90' lang='lat' dir='ltr'><strong>ubi</strong></span> <span class='ocrx_word' id='word_1_579' title='bbox 2731 2637 2926 2710; x_wconf 87' lang='lat' dir='ltr'><strong>agitur</strong></span> <span class='ocrx_word' id='word_1_580' title='bbox 2957 2639 3028 2693; x_wconf 91' lang='lat' dir='ltr'><strong>de</strong></span> <span class='ocrx_word' id='word_1_581' title='bbox 3088 2638 3364 2711; x_wconf 85' lang='lat' dir='ltr'><strong>mysterio</strong></span> <span class='ocrx_word' id='word_1_582' title='bbox 3395 2655 3523 2695; x_wconf 83' lang='lat' dir='ltr'><strong>mo-</strong></span> 
     </span>
    </p>
   </div>
   <div class='ocr_carea' id='block_1_89' title="bbox 1870 2726 3518 2800">
    <p class='ocr_par' dir='ltr' id='par_1_89' title="bbox 1870 2726 3518 2800">
     <span class='ocr_line' id='line_1_89' title="bbox 1870 2726 3518 2800; baseline 0.002 -19"><span class='ocrx_word' id='word_1_583' title='bbox 1870 2726 2106 2782; x_wconf 69' lang='lat' dir='ltr'><strong>nasticaa</strong></span> <span class='ocrx_word' id='word_1_584' title='bbox 2123 2726 2671 2794; x_wconf 83' lang='lat' dir='ltr'><strong>consummationis,</strong></span> <span class='ocrx_word' id='word_1_585' title='bbox 2698 2727 2917 2782; x_wconf 91' lang='lat' dir='ltr'><strong>mentio</strong></span> <span class='ocrx_word' id='word_1_586' title='bbox 2930 2731 3185 2782; x_wconf 65' lang='lat' dir='ltr'><strong>tonsurae</strong></span> <span class='ocrx_word' id='word_1_587' title='bbox 3200 2744 3331 2782; x_wconf 91' lang='lat' dir='ltr'><strong>cum</strong></span> <span class='ocrx_word' id='word_1_588' title='bbox 3349 2728 3518 2800; x_wconf 90' lang='lat' dir='ltr'><strong>signo</strong></span> 
     </span>
    </p>
   </div>
   <div class='ocr_carea' id='block_1_90' title="bbox 1868 2815 3521 2884">
    <p class='ocr_par' dir='ltr' id='par_1_90' title="bbox 1868 2815 3521 2884">
     <span class='ocr_line' id='line_1_90' title="bbox 1868 2815 3521 2884; baseline 0.002 -16"><span class='ocrx_word' id='word_1_589' title='bbox 1868 2815 2060 2870; x_wconf 84' lang='lat' dir='ltr'><strong>crucis</strong></span> <span class='ocrx_word' id='word_1_590' title='bbox 2081 2815 2446 2870; x_wconf 85' lang='lat' dir='ltr'><strong>elTrinitatis</strong></span> <span class='ocrx_word' id='word_1_591' title='bbox 2472 2815 2860 2884; x_wconf 89' lang='lat' dir='ltr'><strong>invocatione,</strong></span> <span class='ocrx_word' id='word_1_592' title='bbox 2887 2815 3233 2871; x_wconf 86' lang='lat' dir='ltr'><strong>mutationis</strong></span> <span class='ocrx_word' id='word_1_593' title='bbox 3253 2816 3521 2883; x_wconf 88' lang='lat' dir='ltr'><strong>vestis,et</strong></span> 
     </span>
    </p>
   </div>
   <div class='ocr_carea' id='block_1_91' title="bbox 1868 2903 3516 2980">
    <p class='ocr_par' dir='ltr' id='par_1_91' title="bbox 1868 2903 3516 2980">
     <span class='ocr_line' id='line_1_91' title="bbox 1868 2903 3516 2980; baseline -0.001 -20"><span class='ocrx_word' id='word_1_594' title='bbox 1868 2905 2444 2977; x_wconf 82' lang='lat' dir='ltr'><strong>amplexationis,seu</strong></span> <span class='ocrx_word' id='word_1_595' title='bbox 2461 2905 2974 2978; x_wconf 61' lang='lat' dir='ltr'><strong>salutationisth&#39;p</strong></span> <span class='ocrx_word' id='word_1_596' title='bbox 2998 2903 3334 2980; x_wconf 86' lang='grc' dir='ltr'>σταυροειδεῖ</span> <span class='ocrx_word' id='word_1_597' title='bbox 3359 2906 3516 2978; x_wconf 72' lang='grc' dir='ltr'>τύπῳ</span> 
     </span>
    </p>
   </div>
   <div class='ocr_carea' id='block_1_92' title="bbox 1868 2993 3518 3072">
    <p class='ocr_par' dir='ltr' id='par_1_92' title="bbox 1868 2993 3518 3072">
     <span class='ocr_line' id='line_1_92' title="bbox 1868 2993 3518 3072; baseline 0.001 -24"><span class='ocrx_word' id='word_1_598' title='bbox 1868 2994 2299 3072; x_wconf 70' lang='grc' dir='ltr'>σφραγισάμενος</span> <span class='ocrx_word' id='word_1_599' title='bbox 2342 2993 2502 3048; x_wconf 84' lang='grc' dir='ltr'>αὐτὸν</span> <span class='ocrx_word' id='word_1_600' title='bbox 2525 2995 2552 3048; x_wconf 96' lang='lat'><strong>6</strong></span> <span class='ocrx_word' id='word_1_601' title='bbox 2582 2995 2782 3068; x_wconf 72' lang='grc' dir='ltr'>ἱερεὺς,</span> <span class='ocrx_word' id='word_1_602' title='bbox 2807 2995 3107 3069; x_wconf 82' lang='grc' dir='ltr'>ἀποκείρει,</span> <span class='ocrx_word' id='word_1_603' title='bbox 3151 2997 3253 3064; x_wconf 79' lang='grc' dir='ltr'>τήν</span> <span class='ocrx_word' id='word_1_604' title='bbox 3291 2997 3518 3071; x_wconf 80' lang='grc' dir='ltr'>τρισσήν</span> 
     </span>
    </p>
   </div>
   <div class='ocr_carea' id='block_1_93' title="bbox 1865 3077 3514 3157">
    <p class='ocr_par' dir='ltr' id='par_1_93' title="bbox 1865 3077 3514 3157">
     <span class='ocr_line' id='line_1_93' title="bbox 1865 3077 3514 3157; baseline -0.001 -19"><span class='ocrx_word' id='word_1_605' title='bbox 1865 3089 1963 3152; x_wconf 82' lang='grc' dir='ltr'>τῆς</span> <span class='ocrx_word' id='word_1_606' title='bbox 1997 3082 2140 3146; x_wconf 82' lang='grc' dir='ltr'>θείας</span> <span class='ocrx_word' id='word_1_607' title='bbox 2176 3077 2910 3157; x_wconf 79' lang='grc' dir='ltr'>μακαριότητοςὲπιϐοήσας</span> <span class='ocrx_word' id='word_1_608' title='bbox 2944 3083 3262 3150; x_wconf 79' lang='grc' dir='ltr'>ὑπόστασιν,</span> <span class='ocrx_word' id='word_1_609' title='bbox 3292 3084 3383 3138; x_wconf 83' lang='grc' dir='ltr'><strong>καὶ</strong></span> <span class='ocrx_word' id='word_1_610' title='bbox 3412 3086 3514 3152; x_wconf 76' lang='grc' dir='ltr'>τήν</span> 
     </span>
    </p>
   </div>
   <div class='ocr_carea' id='block_1_94' title="bbox 1867 3169 3518 3248">
    <p class='ocr_par' dir='ltr' id='par_1_94' title="bbox 1867 3169 3518 3248">
     <span class='ocr_line' id='line_1_94' title="bbox 1867 3169 3518 3248; baseline 0.001 -24"><span class='ocrx_word' id='word_1_611' title='bbox 1867 3170 2065 3239; x_wconf 76' lang='grc' dir='ltr'>ἐσθῆτα</span> <span class='ocrx_word' id='word_1_612' title='bbox 2095 3175 2265 3224; x_wconf 78' lang='grc' dir='ltr'>πᾶσαν</span> <span class='ocrx_word' id='word_1_613' title='bbox 2301 3169 2662 3247; x_wconf 76' lang='grc' dir='ltr'>ἀπαμφιέσας,</span> <span class='ocrx_word' id='word_1_614' title='bbox 2688 3170 2870 3246; x_wconf 78' lang='grc' dir='ltr'>ἒτέραν</span> <span class='ocrx_word' id='word_1_615' title='bbox 2893 3172 3233 3248; x_wconf 74' lang='grc' dir='ltr'>ἀμφιέννυσι,</span> <span class='ocrx_word' id='word_1_616' title='bbox 3258 3171 3348 3226; x_wconf 80' lang='grc' dir='ltr'><strong>καὶ</strong></span> <span class='ocrx_word' id='word_1_617' title='bbox 3384 3171 3518 3244; x_wconf 85' lang='grc' dir='ltr'><strong>μετά</strong></span> 
     </span>
    </p>
   </div>
   <div class='ocr_carea' id='block_1_95' title="bbox 1864 3256 3516 3335">
    <p class='ocr_par' dir='ltr' id='par_1_95' title="bbox 1864 3256 3516 3335">
     <span class='ocr_line' id='line_1_95' title="bbox 1864 3256 3516 3335; baseline 0 -21"><span class='ocrx_word' id='word_1_618' title='bbox 1864 3265 1972 3314; x_wconf 82' lang='grc' dir='ltr'><strong>τῶν</strong></span> <span class='ocrx_word' id='word_1_619' title='bbox 1999 3256 2184 3313; x_wconf 76' lang='grc' dir='ltr'>ἄλλων</span> <span class='ocrx_word' id='word_1_620' title='bbox 2216 3261 2378 3332; x_wconf 73' lang='grc' dir='ltr'>ἰερῶν</span> <span class='ocrx_word' id='word_1_621' title='bbox 2404 3258 2638 3332; x_wconf 80' lang='grc' dir='ltr'>ἀνδρῶν,</span> <span class='ocrx_word' id='word_1_622' title='bbox 2679 3261 2795 3314; x_wconf 80' lang='grc' dir='ltr'>ὅσοι</span> <span class='ocrx_word' id='word_1_623' title='bbox 2824 3259 3092 3335; x_wconf 84' lang='grc' dir='ltr'>πάρεισιν,</span> <span class='ocrx_word' id='word_1_624' title='bbox 3135 3259 3516 3333; x_wconf 72' lang='grc' dir='ltr'>ἀσπασάμενος</span> 
     </span>
    </p>
   </div>
   <div class='ocr_carea' id='block_1_96' title="bbox 1860 3348 3506 3424">
    <p class='ocr_par' dir='ltr' id='par_1_96' title="bbox 1860 3348 3506 3424">
     <span class='ocr_line' id='line_1_96' title="bbox 1860 3348 3506 3424; baseline 0.002 -21"><span class='ocrx_word' id='word_1_625' title='bbox 1860 3348 2018 3404; x_wconf 77' lang='grc' dir='ltr'>αὐτὸν</span> <span class='ocrx_word' id='word_1_626' title='bbox 2050 3350 2312 3403; x_wconf 87' lang='grc' dir='ltr'>κοινωνὸν</span> <span class='ocrx_word' id='word_1_627' title='bbox 2346 3349 2612 3404; x_wconf 79' lang='grc' dir='ltr'>ἀποτελεῖ</span> <span class='ocrx_word' id='word_1_628' title='bbox 2655 3353 2763 3402; x_wconf 82' lang='grc' dir='ltr'><strong>τῶν</strong></span> <span class='ocrx_word' id='word_1_629' title='bbox 2799 3349 3104 3424; x_wconf 75' lang='grc' dir='ltr'>θεαρχικῶν</span> <span class='ocrx_word' id='word_1_630' title='bbox 3143 3349 3456 3424; x_wconf 88' lang='grc' dir='ltr'>μυστηρίων</span> <span class='ocrx_word' id='word_1_631' title='bbox 3492 3368 3506 3407; x_wconf 87' lang='lat'><strong>:</strong></span> 
     </span>
    </p>
   </div>
   <div class='ocr_carea' id='block_1_97' title="bbox 1860 3440 3514 3511">
    <p class='ocr_par' dir='ltr' id='par_1_97' title="bbox 1860 3440 3514 3511">
     <span class='ocr_line' id='line_1_97' title="bbox 1860 3440 3514 3511; baseline -0.001 -16"><span class='ocrx_word' id='word_1_632' title='bbox 1860 3463 1888 3490; x_wconf 87' lang='lat'>«</span> <span class='ocrx_word' id='word_1_633' title='bbox 1917 3440 2286 3511; x_wconf 84' lang='lat' dir='ltr'><strong>Consignans</strong></span> <span class='ocrx_word' id='word_1_634' title='bbox 2318 3457 2450 3495; x_wconf 87' lang='lat' dir='ltr'><strong>eum</strong></span> <span class='ocrx_word' id='word_1_635' title='bbox 2485 3440 2650 3510; x_wconf 79' lang='lat' dir='ltr'><strong>signo</strong></span> <span class='ocrx_word' id='word_1_636' title='bbox 2681 3441 2875 3496; x_wconf 88' lang='lat' dir='ltr'><strong>crucis</strong></span> <span class='ocrx_word' id='word_1_637' title='bbox 2928 3440 3230 3506; x_wconf 82' lang='lat' dir='ltr'><strong>sacerdos,</strong></span> <span class='ocrx_word' id='word_1_638' title='bbox 3290 3441 3514 3508; x_wconf 87' lang='lat' dir='ltr'><strong>tondet,</strong></span> 
     </span>
    </p>
   </div>
   <div class='ocr_carea' id='block_1_98' title="bbox 1860 3527 3511 3599">
    <p class='ocr_par' dir='ltr' id='par_1_98' title="bbox 1860 3527 3511 3599">
     <span class='ocr_line' id='line_1_98' title="bbox 1860 3527 3511 3599; baseline 0.001 -17"><span class='ocrx_word' id='word_1_639' title='bbox 1860 3528 2048 3582; x_wconf 87' lang='lat' dir='ltr'><strong>trinas</strong></span> <span class='ocrx_word' id='word_1_640' title='bbox 2071 3528 2280 3583; x_wconf 68' lang='lat' dir='ltr'><strong>divinas</strong></span> <span class='ocrx_word' id='word_1_641' title='bbox 2311 3527 2688 3582; x_wconf 83' lang='lat' dir='ltr'><strong>beatitudinis</strong></span> <span class='ocrx_word' id='word_1_642' title='bbox 2719 3545 3000 3599; x_wconf 88' lang='lat' dir='ltr'><strong>personas</strong></span> <span class='ocrx_word' id='word_1_643' title='bbox 3023 3527 3511 3595; x_wconf 81' lang='lat' dir='ltr'><strong>inclamans;exu-</strong></span> 
     </span>
    </p>
   </div>
   <div class='ocr_carea' id='block_1_99' title="bbox 1860 3616 3511 3688">
    <p class='ocr_par' dir='ltr' id='par_1_99' title="bbox 1860 3616 3511 3688">
     <span class='ocr_line' id='line_1_99' title="bbox 1860 3616 3511 3688; baseline 0.001 -17"><span class='ocrx_word' id='word_1_644' title='bbox 1860 3621 2106 3688; x_wconf 86' lang='lat' dir='ltr'><strong>tumque</strong></span> <span class='ocrx_word' id='word_1_645' title='bbox 2141 3621 2294 3672; x_wconf 86' lang='lat' dir='ltr'><strong>veste</strong></span> <span class='ocrx_word' id='word_1_646' title='bbox 2325 3617 2506 3684; x_wconf 92' lang='lat' dir='ltr'><strong>omni,</strong></span> <span class='ocrx_word' id='word_1_647' title='bbox 2540 3616 2714 3671; x_wconf 88' lang='lat' dir='ltr'><strong>aliam</strong></span> <span class='ocrx_word' id='word_1_648' title='bbox 2739 3617 2950 3688; x_wconf 82' lang='lat' dir='ltr'><strong>inquit,</strong></span> <span class='ocrx_word' id='word_1_649' title='bbox 3010 3623 3067 3672; x_wconf 85' lang='lat' dir='ltr'><strong>et</strong></span> <span class='ocrx_word' id='word_1_650' title='bbox 3097 3633 3230 3672; x_wconf 91' lang='lat' dir='ltr'><strong>cum</strong></span> <span class='ocrx_word' id='word_1_651' title='bbox 3290 3617 3511 3672; x_wconf 81' lang='lat' dir='ltr'><strong>sanctis</strong></span> 
     </span>
    </p>
   </div>
   <div class='ocr_carea' id='block_1_100' title="bbox 1860 3704 3508 3776">
    <p class='ocr_par' dir='ltr' id='par_1_100' title="bbox 1860 3704 3508 3776">
     <span class='ocr_line' id='line_1_100' title="bbox 1860 3704 3508 3776; baseline 0.001 -16"><span class='ocrx_word' id='word_1_652' title='bbox 1860 3704 1992 3761; x_wconf 90' lang='lat' dir='ltr'><strong>aliis</strong></span> <span class='ocrx_word' id='word_1_653' title='bbox 2021 3705 2119 3775; x_wconf 87' lang='lat' dir='ltr'><strong>qui</strong></span> <span class='ocrx_word' id='word_1_654' title='bbox 2155 3709 2352 3760; x_wconf 89' lang='lat' dir='ltr'><strong>astant</strong></span> <span class='ocrx_word' id='word_1_655' title='bbox 2390 3704 2528 3760; x_wconf 84' lang='lat' dir='ltr'><strong>viris</strong></span> <span class='ocrx_word' id='word_1_656' title='bbox 2575 3706 2772 3776; x_wconf 91' lang='lat' dir='ltr'><strong>ipsum</strong></span> <span class='ocrx_word' id='word_1_657' title='bbox 2831 3705 3118 3774; x_wconf 88' lang='lat' dir='ltr'><strong>salutans,</strong></span> <span class='ocrx_word' id='word_1_658' title='bbox 3177 3705 3508 3761; x_wconf 89' lang='lat' dir='ltr'><strong>divinorum</strong></span> 
     </span>
    </p>
   </div>
   <div class='ocr_carea' id='block_1_101' title="bbox 1863 3793 3511 3868">
    <p class='ocr_par' dir='ltr' id='par_1_101' title="bbox 1863 3793 3511 3868">
     <span class='ocr_line' id='line_1_101' title="bbox 1863 3793 3511 3868; baseline 0 -19"><span class='ocrx_word' id='word_1_659' title='bbox 1863 3794 2274 3867; x_wconf 80' lang='lat' dir='ltr'><strong>mysteriorum</strong></span> <span class='ocrx_word' id='word_1_660' title='bbox 2308 3794 2646 3866; x_wconf 83' lang='lat' dir='ltr'><strong>participem</strong></span> <span class='ocrx_word' id='word_1_661' title='bbox 2681 3795 2881 3852; x_wconf 81' lang='lat' dir='ltr'><strong>efficit.</strong></span> <span class='ocrx_word' id='word_1_662' title='bbox 2901 3818 2928 3844; x_wconf 86' lang='lat'>»</span> <span class='ocrx_word' id='word_1_663' title='bbox 2953 3796 3021 3850; x_wconf 88' lang='lat' dir='ltr'><strong>Et</strong></span> <span class='ocrx_word' id='word_1_664' title='bbox 3045 3795 3306 3868; x_wconf 84' lang='lat' dir='ltr'><strong>mysterii</strong></span> <span class='ocrx_word' id='word_1_665' title='bbox 3329 3793 3511 3867; x_wconf 84' lang='lat' dir='ltr'><strong>expli-</strong></span> 
     </span>
    </p>
   </div>
   <div class='ocr_carea' id='block_1_102' title="bbox 1859 3884 2529 3955">
    <p class='ocr_par' dir='ltr' id='par_1_102' title="bbox 1859 3884 2529 3955">
     <span class='ocr_line' id='line_1_102' title="bbox 1859 3884 2529 3955; baseline 0 -15"><span class='ocrx_word' id='word_1_666' title='bbox 1859 3885 2146 3940; x_wconf 86' lang='lat' dir='ltr'><strong>cationem</strong></span> <span class='ocrx_word' id='word_1_667' title='bbox 2179 3884 2529 3955; x_wconf 87' lang='lat' dir='ltr'><strong>subjungit:</strong></span> 
     </span>
    </p>
   </div>
   <div class='ocr_carea' id='block_1_103' title="bbox 1927 3977 3511 4058">
    <p class='ocr_par' dir='ltr' id='par_1_103' title="bbox 1927 3977 3511 4058">
     <span class='ocr_line' id='line_1_103' title="bbox 1927 3977 3511 4058; baseline -0.002 -23"><span class='ocrx_word' id='word_1_668' title='bbox 1927 3981 1987 4035; x_wconf 86' lang='lat' dir='ltr'><strong>&#39;H</strong></span> <span class='ocrx_word' id='word_1_669' title='bbox 2020 3977 2078 4033; x_wconf 71' lang='grc' dir='ltr'><em>δὲ</em></span> <span class='ocrx_word' id='word_1_670' title='bbox 2105 3983 2202 4033; x_wconf 78' lang='grc' dir='ltr'><strong>τοῦ</strong></span> <span class='ocrx_word' id='word_1_671' title='bbox 2234 3977 2616 4053; x_wconf 75' lang='grc' dir='ltr'>σταυροειδοῦς</span> <span class='ocrx_word' id='word_1_672' title='bbox 2647 3979 2821 4034; x_wconf 79' lang='grc' dir='ltr'>τύπου</span> <span class='ocrx_word' id='word_1_673' title='bbox 2852 3981 3100 4058; x_wconf 69' lang='grc' dir='ltr'>σφραγὶς,</span> <span class='ocrx_word' id='word_1_674' title='bbox 3136 3980 3208 4040; x_wconf 83' lang='grc' dir='ltr'>ὡς</span> <span class='ocrx_word' id='word_1_675' title='bbox 3238 3977 3345 4048; x_wconf 77' lang='grc' dir='ltr'>ἤδη</span> <span class='ocrx_word' id='word_1_676' title='bbox 3382 3982 3511 4054; x_wconf 88' lang='grc' dir='ltr'>παρ’</span> 
     </span>
    </p>
   </div>
   <div class='ocr_carea' id='block_1_104' title="bbox 1857 4065 3514 4142">
    <p class='ocr_par' dir='ltr' id='par_1_104' title="bbox 1857 4065 3514 4142">
     <span class='ocr_line' id='line_1_104' title="bbox 1857 4065 3514 4142; baseline -0.001 -20"><span class='ocrx_word' id='word_1_677' title='bbox 1857 4070 2018 4140; x_wconf 75' lang='grc' dir='ltr'>ἡμῶν</span> <span class='ocrx_word' id='word_1_678' title='bbox 2040 4065 2274 4140; x_wconf 77' lang='grc' dir='ltr'>εἶ’ρηται,</span> <span class='ocrx_word' id='word_1_679' title='bbox 2309 4066 2582 4138; x_wconf 81' lang='grc' dir='ltr'>δηλοῖτὴν</span> <span class='ocrx_word' id='word_1_680' title='bbox 2603 4073 2785 4122; x_wconf 77' lang='grc' dir='ltr'>πασῶν</span> <span class='ocrx_word' id='word_1_681' title='bbox 2805 4070 2945 4140; x_wconf 79' lang='grc' dir='ltr'>ὁμοῦ</span> <span class='ocrx_word' id='word_1_682' title='bbox 2975 4074 3086 4123; x_wconf 80' lang='grc' dir='ltr'><strong>τῶν</strong></span> <span class='ocrx_word' id='word_1_683' title='bbox 3106 4072 3379 4142; x_wconf 78' lang='grc' dir='ltr'>σαρκικῶν</span> <span class='ocrx_word' id='word_1_684' title='bbox 3401 4067 3514 4141; x_wconf 70' lang='grc' dir='ltr'><strong>ὀρέο</strong></span> 
     </span>
    </p>
   </div>
   <div class='ocr_carea' id='block_1_105' title="bbox 1858 4158 3513 4234">
    <p class='ocr_par' dir='ltr' id='par_1_105' title="bbox 1858 4158 3513 4234">
     <span class='ocr_line' id='line_1_105' title="bbox 1858 4158 3513 4234; baseline 0 -22"><span class='ocrx_word' id='word_1_685' title='bbox 1858 4160 1987 4230; x_wconf 84' lang='grc' dir='ltr'>εεων</span> <span class='ocrx_word' id='word_1_686' title='bbox 2022 4158 2426 4234; x_wconf 75' lang='grc' dir='ltr'>ἀνενεργησίανε</span> <span class='ocrx_word' id='word_1_687' title='bbox 2460 4163 2532 4214; x_wconf 91' lang='lat' dir='ltr'><strong>At</strong></span> <span class='ocrx_word' id='word_1_688' title='bbox 2561 4177 2693 4216; x_wconf 91' lang='lat' dir='ltr'><strong>vero</strong></span> <span class='ocrx_word' id='word_1_689' title='bbox 2725 4160 2916 4216; x_wconf 87' lang='lat' dir='ltr'><strong>crucis</strong></span> <span class='ocrx_word' id='word_1_690' title='bbox 2969 4166 3182 4216; x_wconf 60' lang='lat' dir='ltr'><strong>sancta)</strong></span> <span class='ocrx_word' id='word_1_691' title='bbox 3231 4160 3513 4231; x_wconf 88' lang='lat' dir='ltr'><strong>signacu-</strong></span> 
     </span>
    </p>
   </div>
   <div class='ocr_carea' id='block_1_106' title="bbox 1859 4247 3512 4318">
    <p class='ocr_par' dir='ltr' id='par_1_106' title="bbox 1859 4247 3512 4318">
     <span class='ocr_line' id='line_1_106' title="bbox 1859 4247 3512 4318; baseline -0.001 -16"><span class='ocrx_word' id='word_1_692' title='bbox 1859 4249 2006 4314; x_wconf 87' lang='lat' dir='ltr'><strong>lum,</strong></span> <span class='ocrx_word' id='word_1_693' title='bbox 2040 4251 2250 4318; x_wconf 87' lang='lat' dir='ltr'><strong>utjam</strong></span> <span class='ocrx_word' id='word_1_694' title='bbox 2283 4251 2506 4304; x_wconf 91' lang='lat' dir='ltr'><strong>dictum</strong></span> <span class='ocrx_word' id='word_1_695' title='bbox 2537 4255 2650 4313; x_wconf 90' lang='lat' dir='ltr'><strong>est,</strong></span> <span class='ocrx_word' id='word_1_696' title='bbox 2687 4249 3195 4304; x_wconf 80' lang='lat' dir='ltr'><strong>mortificationem</strong></span> <span class='ocrx_word' id='word_1_697' title='bbox 3245 4247 3512 4302; x_wconf 90' lang='lat' dir='ltr'><strong>omnium</strong></span> 
     </span>
    </p>
   </div>
   <div class='ocr_carea' id='block_1_107' title="bbox 1861 4337 3118 4410">
    <p class='ocr_par' dir='ltr' id='par_1_107' title="bbox 1861 4337 3118 4410">
     <span class='ocr_line' id='line_1_107' title="bbox 1861 4337 3118 4410; baseline -0.006 -17"><span class='ocrx_word' id='word_1_698' title='bbox 1861 4337 2036 4393; x_wconf 91' lang='lat' dir='ltr'><strong>simul</strong></span> <span class='ocrx_word' id='word_1_699' title='bbox 2072 4337 2394 4392; x_wconf 85' lang='lat' dir='ltr'><strong>carnalium</strong></span> <span class='ocrx_word' id='word_1_700' title='bbox 2431 4337 2822 4410; x_wconf 88' lang='lat' dir='ltr'><strong>cupiditatum</strong></span> <span class='ocrx_word' id='word_1_701' title='bbox 2853 4338 3066 4408; x_wconf 83' lang='lat' dir='ltr'><strong>signat.</strong></span> <span class='ocrx_word' id='word_1_702' title='bbox 3091 4360 3118 4388; x_wconf 82' lang='lat'>»</span> 
     </span>
    </p>
   </div>
   <div class='ocr_carea' id='block_1_108' title="bbox 1929 4431 3510 4510">
    <p class='ocr_par' dir='ltr' id='par_1_108' title="bbox 1929 4431 3510 4510">
     <span class='ocr_line' id='line_1_108' title="bbox 1929 4431 3510 4510; baseline -0.001 -22"><span class='ocrx_word' id='word_1_703' title='bbox 1929 4435 1990 4488; x_wconf 84' lang='grc' dir='ltr'><strong>ἹἸ</strong></span> <span class='ocrx_word' id='word_1_704' title='bbox 2021 4432 2078 4488; x_wconf 76' lang='grc' dir='ltr'>δὲ</span> <span class='ocrx_word' id='word_1_705' title='bbox 2109 4439 2216 4488; x_wconf 80' lang='grc' dir='ltr'><strong>τῶν</strong></span> <span class='ocrx_word' id='word_1_706' title='bbox 2249 4439 2462 4508; x_wconf 75' lang='grc' dir='ltr'>τριχῶν</span> <span class='ocrx_word' id='word_1_707' title='bbox 2495 4435 2810 4504; x_wconf 75' lang='grc' dir='ltr'>ἀπόκαρσις,</span> <span class='ocrx_word' id='word_1_708' title='bbox 2845 4433 3089 4510; x_wconf 75' lang='grc' dir='ltr'>ἐμφαίνει</span> <span class='ocrx_word' id='word_1_709' title='bbox 3132 4433 3230 4502; x_wconf 72' lang='grc' dir='ltr'>τήν</span> <span class='ocrx_word' id='word_1_710' title='bbox 3277 4431 3510 4506; x_wconf 79' lang='grc' dir='ltr'>καθαράν</span> 
     </span>
    </p>
   </div>
   <div class='ocr_carea' id='block_1_109' title="bbox 1859 4523 3512 4599">
    <p class='ocr_par' dir='ltr' id='par_1_109' title="bbox 1859 4523 3512 4599">
     <span class='ocr_line' id='line_1_109' title="bbox 1859 4523 3512 4599; baseline -0.003 -18"><span class='ocrx_word' id='word_1_711' title='bbox 1859 4526 1948 4581; x_wconf 78' lang='grc' dir='ltr'><strong>καὶ</strong></span> <span class='ocrx_word' id='word_1_712' title='bbox 1981 4523 2392 4599; x_wconf 78' lang='grc' dir='ltr'>ἀσχημάτιστον</span> <span class='ocrx_word' id='word_1_713' title='bbox 2430 4525 2598 4593; x_wconf 69' lang='grc' dir='ltr'>ζωήν,</span> <span class='ocrx_word' id='word_1_714' title='bbox 2629 4523 2727 4579; x_wconf 75' lang='grc' dir='ltr'><strong>οὐκ</strong></span> <span class='ocrx_word' id='word_1_715' title='bbox 2777 4523 3132 4586; x_wconf 83' lang='grc' dir='ltr'>ἐπιπλάστοις</span> <span class='ocrx_word' id='word_1_716' title='bbox 3172 4525 3419 4599; x_wconf 70' lang='grc' dir='ltr'>σχήμασι</span> <span class='ocrx_word' id='word_1_717' title='bbox 3451 4523 3512 4576; x_wconf 87' lang='grc' dir='ltr'>τὸ</span> 
     </span>
    </p>
   </div>
   <div class='ocr_carea' id='block_1_110' title="bbox 1861 4609 3511 4683">
    <p class='ocr_par' dir='ltr' id='par_1_110' title="bbox 1861 4609 3511 4683">
     <span class='ocr_line' id='line_1_110' title="bbox 1861 4609 3511 4683; baseline -0.002 -14"><span class='ocrx_word' id='word_1_718' title='bbox 1861 4615 2137 4669; x_wconf 74' lang='grc' dir='ltr'>κατάνοῦν</span> <span class='ocrx_word' id='word_1_719' title='bbox 2163 4609 2398 4673; x_wconf 74' lang='grc' dir='ltr'>δυσειδὲς</span> <span class='ocrx_word' id='word_1_720' title='bbox 2423 4611 2740 4677; x_wconf 78' lang='grc' dir='ltr'>ἐπιθετικῶς</span> <span class='ocrx_word' id='word_1_721' title='bbox 2755 4612 3231 4683; x_wconf 80' lang='grc' dir='ltr'>καλλωπίζουσαν,</span> <span class='ocrx_word' id='word_1_722' title='bbox 3261 4610 3389 4665; x_wconf 82' lang='grc' dir='ltr'>ἀλλ’</span> <span class='ocrx_word' id='word_1_723' title='bbox 3419 4611 3511 4666; x_wconf 82' lang='grc' dir='ltr'>αὐ-</span> 
     </span>
    </p>
   </div>
   <div class='ocr_carea' id='block_1_111' title="bbox 1861 4701 3511 4779">
    <p class='ocr_par' dir='ltr' id='par_1_111' title="bbox 1861 4701 3511 4779">
     <span class='ocr_line' id='line_1_111' title="bbox 1861 4701 3511 4779; baseline -0.002 -21"><span class='ocrx_word' id='word_1_724' title='bbox 1861 4707 1961 4773; x_wconf 69' lang='grc' dir='ltr'>τὴν</span> <span class='ocrx_word' id='word_1_725' title='bbox 1995 4703 2075 4779; x_wconf 75' lang='grc' dir='ltr'><strong>ἐφ’</strong></span> <span class='ocrx_word' id='word_1_726' title='bbox 2098 4704 2292 4773; x_wconf 71' lang='grc' dir='ltr'>ἑαυτῆς</span> <span class='ocrx_word' id='word_1_727' title='bbox 2315 4703 2414 4757; x_wconf 75' lang='grc' dir='ltr'>οὸκ</span> <span class='ocrx_word' id='word_1_728' title='bbox 2436 4703 2798 4776; x_wconf 68' lang='grc' dir='ltr'>ἀνθρωπικοῖς</span> <span class='ocrx_word' id='word_1_729' title='bbox 2821 4701 3103 4775; x_wconf 81' lang='grc' dir='ltr'>κάλλεσιν,</span> <span class='ocrx_word' id='word_1_730' title='bbox 3137 4701 3262 4758; x_wconf 84' lang='grc' dir='ltr'>ἀλλ’</span> <span class='ocrx_word' id='word_1_731' title='bbox 3289 4701 3511 4763; x_wconf 76' lang='grc' dir='ltr'>ἒνιαίοις</span> 
     </span>
    </p>
   </div>
   <div class='ocr_carea' id='block_1_112' title="bbox 1861 4791 3513 4868">
    <p class='ocr_par' dir='ltr' id='par_1_112' title="bbox 1861 4791 3513 4868">
     <span class='ocr_line' id='line_1_112' title="bbox 1861 4791 3513 4868; baseline 0.001 -19"><span class='ocrx_word' id='word_1_732' title='bbox 1861 4796 1950 4849; x_wconf 81' lang='grc' dir='ltr'><strong>καὶ</strong></span> <span class='ocrx_word' id='word_1_733' title='bbox 1979 4801 2245 4868; x_wconf 76' lang='grc' dir='ltr'>μοναχοῖς</span> <span class='ocrx_word' id='word_1_734' title='bbox 2266 4793 2342 4858; x_wconf 86' lang='grc' dir='ltr'>εἰς</span> <span class='ocrx_word' id='word_1_735' title='bbox 2370 4795 2431 4848; x_wconf 87' lang='grc' dir='ltr'>τὸ</span> <span class='ocrx_word' id='word_1_736' title='bbox 2455 4791 2856 4856; x_wconf 72' lang='grc' dir='ltr'>θεοειδὲστατον</span> <span class='ocrx_word' id='word_1_737' title='bbox 2875 4794 3217 4868; x_wconf 71' lang='grc' dir='ltr'>ἀναγομένην</span> <span class='ocrx_word' id='word_1_738' title='bbox 3246 4813 3258 4851; x_wconf 88' lang='lat'><strong>:</strong></span> <span class='ocrx_word' id='word_1_739' title='bbox 3287 4818 3311 4842; x_wconf 89' lang='grc'><strong><em>‹‹</em></strong></span> <span class='ocrx_word' id='word_1_740' title='bbox 3342 4795 3513 4850; x_wconf 76' lang='lat' dir='ltr'><strong>Porro</strong></span> 
     </span>
    </p>
   </div>
   <div class='ocr_carea' id='block_1_113' title="bbox 1863 4884 3516 4949">
    <p class='ocr_par' dir='ltr' id='par_1_113' title="bbox 1863 4884 3516 4949">
     <span class='ocr_line' id='line_1_113' title="bbox 1863 4884 3516 4949; baseline -0.002 -8"><span class='ocrx_word' id='word_1_741' title='bbox 1863 4891 2106 4941; x_wconf 83' lang='lat' dir='ltr'><strong>tonsura</strong></span> <span class='ocrx_word' id='word_1_742' title='bbox 2136 4885 2386 4940; x_wconf 90' lang='lat' dir='ltr'><strong>crinium</strong></span> <span class='ocrx_word' id='word_1_743' title='bbox 2439 4886 2614 4940; x_wconf 82' lang='lat' dir='ltr'><strong>vitam</strong></span> <span class='ocrx_word' id='word_1_744' title='bbox 2669 4885 3121 4940; x_wconf 88' lang='lat' dir='ltr'><strong>mundissimam</strong></span> <span class='ocrx_word' id='word_1_745' title='bbox 3183 4884 3427 4949; x_wconf 83' lang='lat' dir='ltr'><strong>indicat,</strong></span> <span class='ocrx_word' id='word_1_746' title='bbox 3459 4890 3516 4940; x_wconf 89' lang='lat' dir='ltr'><strong>ct</strong></span> 
     </span>
    </p>
   </div>
   <div class='ocr_carea' id='block_1_114' title="bbox 1864 4973 3513 5047">
    <p class='ocr_par' dir='ltr' id='par_1_114' title="bbox 1864 4973 3513 5047">
     <span class='ocr_line' id='line_1_114' title="bbox 1864 4973 3513 5047; baseline -0.001 -17"><span class='ocrx_word' id='word_1_747' title='bbox 1864 4975 2025 5030; x_wconf 91' lang='lat' dir='ltr'><strong>nulla</strong></span> <span class='ocrx_word' id='word_1_748' title='bbox 2058 4977 2245 5047; x_wconf 82' lang='lat' dir='ltr'><strong>figura</strong></span> <span class='ocrx_word' id='word_1_749' title='bbox 2277 4976 2554 5040; x_wconf 78' lang='lat' dir='ltr'><strong>fucatam,</strong></span> <span class='ocrx_word' id='word_1_750' title='bbox 2589 4981 2792 5046; x_wconf 71' lang='lat' dir='ltr'><strong>etqum</strong></span> <span class='ocrx_word' id='word_1_751' title='bbox 2829 4973 3008 5029; x_wconf 87' lang='lat' dir='ltr'><strong>nullis</strong></span> <span class='ocrx_word' id='word_1_752' title='bbox 3040 4976 3192 5031; x_wconf 81' lang='lat' dir='ltr'><strong>fictis</strong></span> <span class='ocrx_word' id='word_1_753' title='bbox 3216 4973 3513 5030; x_wconf 86' lang='lat' dir='ltr'><strong>coloribus</strong></span> 
     </span>
    </p>
   </div>
   <div class='ocr_carea' id='block_1_115' title="bbox 1861 5062 3515 5134">
    <p class='ocr_par' dir='ltr' id='par_1_115' title="bbox 1861 5062 3515 5134">
     <span class='ocr_line' id='line_1_115' title="bbox 1861 5062 3515 5134; baseline -0.001 -16"><span class='ocrx_word' id='word_1_754' title='bbox 1861 5064 2119 5118; x_wconf 88' lang='lat' dir='ltr'><strong>inductis</strong></span> <span class='ocrx_word' id='word_1_755' title='bbox 2151 5063 2334 5118; x_wconf 87' lang='lat' dir='ltr'><strong>animi</strong></span> <span class='ocrx_word' id='word_1_756' title='bbox 2363 5063 2792 5118; x_wconf 83' lang='lat' dir='ltr'><strong>deformitatem</strong></span> <span class='ocrx_word' id='word_1_757' title='bbox 2825 5067 3104 5131; x_wconf 84' lang='lat' dir='ltr'><strong>exornet;</strong></span> <span class='ocrx_word' id='word_1_758' title='bbox 3151 5064 3251 5118; x_wconf 88' lang='lat' dir='ltr'><strong>sed</strong></span> <span class='ocrx_word' id='word_1_759' title='bbox 3300 5062 3430 5134; x_wconf 83' lang='lat' dir='ltr'><strong>ipsa</strong></span> <span class='ocrx_word' id='word_1_760' title='bbox 3455 5063 3515 5117; x_wconf 90' lang='lat' dir='ltr'><strong>in</strong></span> 
     </span>
    </p>
   </div>
   <div class='ocr_carea' id='block_1_116' title="bbox 1863 5151 3516 5223">
    <p class='ocr_par' dir='ltr' id='par_1_116' title="bbox 1863 5151 3516 5223">
     <span class='ocr_line' id='line_1_116' title="bbox 1863 5151 3516 5223; baseline -0.001 -15"><span class='ocrx_word' id='word_1_761' title='bbox 1863 5152 2058 5223; x_wconf 87' lang='lat' dir='ltr'><strong>seipsa</strong></span> <span class='ocrx_word' id='word_1_762' title='bbox 2083 5169 2194 5206; x_wconf 90' lang='lat' dir='ltr'><strong>non</strong></span> <span class='ocrx_word' id='word_1_763' title='bbox 2223 5152 2501 5207; x_wconf 85' lang='lat' dir='ltr'><strong>humanis</strong></span> <span class='ocrx_word' id='word_1_764' title='bbox 2519 5153 2952 5219; x_wconf 82' lang='lat' dir='ltr'><strong>venustatibus,</strong></span> <span class='ocrx_word' id='word_1_765' title='bbox 2978 5153 3078 5207; x_wconf 87' lang='lat' dir='ltr'><strong>sed</strong></span> <span class='ocrx_word' id='word_1_766' title='bbox 3113 5151 3516 5223; x_wconf 83' lang='lat' dir='ltr'><strong>singularibus</strong></span> 
     </span>
    </p>
   </div>
   <div class='ocr_carea' id='block_1_117' title="bbox 1863 5240 3516 5312">
    <p class='ocr_par' dir='ltr' id='par_1_117' title="bbox 1863 5240 3516 5312">
     <span class='ocr_line' id='line_1_117' title="bbox 1863 5240 3516 5312; baseline -0.001 -16"><span class='ocrx_word' id='word_1_767' title='bbox 1863 5249 1920 5296; x_wconf 89' lang='lat' dir='ltr'><strong>et</strong></span> <span class='ocrx_word' id='word_1_768' title='bbox 1951 5240 2161 5303; x_wconf 86' lang='lat' dir='ltr'><strong>unicis,</strong></span> <span class='ocrx_word' id='word_1_769' title='bbox 2197 5241 2266 5294; x_wconf 87' lang='lat' dir='ltr'><strong>ad</strong></span> <span class='ocrx_word' id='word_1_770' title='bbox 2291 5240 2392 5295; x_wconf 80' lang='lat' dir='ltr'><strong>Dei</strong></span> <span class='ocrx_word' id='word_1_771' title='bbox 2422 5241 2858 5297; x_wconf 85' lang='lat' dir='ltr'><strong>exactissimam</strong></span> <span class='ocrx_word' id='word_1_772' title='bbox 2909 5240 3361 5296; x_wconf 80' lang='lat' dir='ltr'><strong>similitudinem</strong></span> <span class='ocrx_word' id='word_1_773' title='bbox 3386 5255 3516 5312; x_wconf 87' lang='lat' dir='ltr'><strong>pro-</strong></span> 
     </span>
    </p>
   </div>
   <div class='ocr_carea' id='block_1_118' title="bbox 1863 5337 2095 5404">
    <p class='ocr_par' dir='ltr' id='par_1_118' title="bbox 1863 5337 2095 5404">
     <span class='ocr_line' id='line_1_118' title="bbox 1863 5337 2095 5404; baseline -0.03 -17"><span class='ocrx_word' id='word_1_774' title='bbox 1863 5337 2040 5404; x_wconf 86' lang='lat' dir='ltr'><strong>peret.</strong></span> <span class='ocrx_word' id='word_1_775' title='bbox 2067 5353 2095 5381; x_wconf 85' lang='grc'><strong>››</strong></span> 
     </span>
    </p>
   </div>
   <div class='ocr_carea' id='block_1_119' title="bbox 1931 5413 3516 5494">
    <p class='ocr_par' dir='ltr' id='par_1_119' title="bbox 1931 5413 3516 5494">
     <span class='ocr_line' id='line_1_119' title="bbox 1931 5413 3516 5494; baseline -0.001 -21"><span class='ocrx_word' id='word_1_776' title='bbox 1931 5425 1987 5473; x_wconf 75' lang='grc' dir='ltr'><strong>’Π</strong></span> <span class='ocrx_word' id='word_1_777' title='bbox 2016 5415 2072 5472; x_wconf 72' lang='grc' dir='ltr'><strong>δὲ</strong></span> <span class='ocrx_word' id='word_1_778' title='bbox 2091 5425 2192 5488; x_wconf 74' lang='grc' dir='ltr'>τῆς</span> <span class='ocrx_word' id='word_1_779' title='bbox 2211 5417 2476 5494; x_wconf 73' lang='grc' dir='ltr'>προτέρας</span> <span class='ocrx_word' id='word_1_780' title='bbox 2502 5417 2727 5491; x_wconf 80' lang='grc' dir='ltr'>ἐσοῇτος</span> <span class='ocrx_word' id='word_1_781' title='bbox 2772 5413 3049 5487; x_wconf 66' lang='grc' dir='ltr'>ἀποϐολὴ,</span> <span class='ocrx_word' id='word_1_782' title='bbox 3074 5418 3164 5472; x_wconf 82' lang='grc' dir='ltr'><strong>καὶ</strong></span> <span class='ocrx_word' id='word_1_783' title='bbox 3204 5424 3302 5487; x_wconf 83' lang='grc' dir='ltr'>τῆς</span> <span class='ocrx_word' id='word_1_784' title='bbox 3336 5417 3516 5491; x_wconf 71' lang='grc' dir='ltr'>ἑτέρας</span> 
     </span>
    </p>
   </div>
   <div class='ocr_carea' id='block_1_120' title="bbox 1864 5506 3511 5581">
    <p class='ocr_par' dir='ltr' id='par_1_120' title="bbox 1864 5506 3511 5581">
     <span class='ocr_line' id='line_1_120' title="bbox 1864 5506 3511 5581; baseline -0.005 -16"><span class='ocrx_word' id='word_1_785' title='bbox 1864 5508 2058 5581; x_wconf 74' lang='grc' dir='ltr'>λῆψις,</span> <span class='ocrx_word' id='word_1_786' title='bbox 2077 5511 2174 5577; x_wconf 70' lang='grc' dir='ltr'>τὴν</span> <span class='ocrx_word' id='word_1_787' title='bbox 2192 5509 2297 5562; x_wconf 82' lang='grc' dir='ltr'>ἀπὸ</span> <span class='ocrx_word' id='word_1_788' title='bbox 2315 5507 2482 5580; x_wconf 72' lang='grc' dir='ltr'>μέσης</span> <span class='ocrx_word' id='word_1_789' title='bbox 2498 5506 2646 5581; x_wconf 74' lang='grc' dir='ltr'>ἱερὰς</span> <span class='ocrx_word' id='word_1_790' title='bbox 2679 5512 2822 5576; x_wconf 79' lang='grc' dir='ltr'>ζωῆς</span> <span class='ocrx_word' id='word_1_791' title='bbox 2841 5506 2924 5561; x_wconf 81' lang='grc' dir='ltr'>ἐπὶ</span> <span class='ocrx_word' id='word_1_792' title='bbox 2948 5509 3048 5576; x_wconf 77' lang='grc' dir='ltr'>τήν</span> <span class='ocrx_word' id='word_1_793' title='bbox 3067 5507 3395 5579; x_wconf 72' lang='grc' dir='ltr'>τελεωτέραν</span> <span class='ocrx_word' id='word_1_794' title='bbox 3415 5526 3511 5576; x_wconf 79' lang='grc' dir='ltr'>με·</span> 
     </span>
    </p>
   </div>
   <div class='ocr_carea' id='block_1_121' title="bbox 1860 5593 3506 5672">
    <p class='ocr_par' dir='ltr' id='par_1_121' title="bbox 1860 5593 3506 5672">
     <span class='ocr_line' id='line_1_121' title="bbox 1860 5593 3506 5672; baseline -0.005 -19"><span class='ocrx_word' id='word_1_795' title='bbox 1860 5599 2074 5670; x_wconf 78' lang='grc' dir='ltr'>τάταξιν</span> <span class='ocrx_word' id='word_1_796' title='bbox 2106 5597 2374 5672; x_wconf 61' lang='grc' dir='ltr'>ἐμφαίνεν</span> <span class='ocrx_word' id='word_1_797' title='bbox 2419 5595 2658 5670; x_wconf 80' lang='grc' dir='ltr'>καθάπερ</span> <span class='ocrx_word' id='word_1_798' title='bbox 2695 5596 2781 5650; x_wconf 75' lang='grc' dir='ltr'>ἐπὶ</span> <span class='ocrx_word' id='word_1_799' title='bbox 2811 5603 2910 5666; x_wconf 80' lang='grc' dir='ltr'>τῆς</span> <span class='ocrx_word' id='word_1_800' title='bbox 2939 5597 3085 5671; x_wconf 71' lang='grc' dir='ltr'>ἱερᾶς</span> <span class='ocrx_word' id='word_1_801' title='bbox 3115 5593 3441 5668; x_wconf 80' lang='grc' dir='ltr'>Θεογενεσίας</span> <span class='ocrx_word' id='word_1_802' title='bbox 3472 5596 3506 5661; x_wconf 78' lang='grc' dir='ltr'><strong>ἡ</strong></span> 
     </span>
    </p>
   </div>
   <div class='ocr_carea' id='block_1_122' title="bbox 1838 5682 3528 5759">
    <p class='ocr_par' dir='ltr' id='par_1_122' title="bbox 1838 5682 3528 5759">
     <span class='ocr_line' id='line_1_122' title="bbox 1838 5682 3528 5759; baseline -0.004 -20"><span class='ocrx_word' id='word_1_803' title='bbox 1838 5695 1964 5758; x_wconf 80' lang='grc' dir='ltr'>,τῆς</span> <span class='ocrx_word' id='word_1_804' title='bbox 1991 5687 2217 5756; x_wconf 77' lang='grc' dir='ltr'>ἐσθῆτος</span> <span class='ocrx_word' id='word_1_805' title='bbox 2243 5687 2463 5759; x_wconf 79' lang='grc' dir='ltr'>ἄμειψις</span> <span class='ocrx_word' id='word_1_806' title='bbox 2489 5683 2692 5756; x_wconf 76' lang='grc' dir='ltr'>ἐδήλου</span> <span class='ocrx_word' id='word_1_807' title='bbox 2713 5686 2811 5751; x_wconf 78' lang='grc' dir='ltr'>τήν</span> <span class='ocrx_word' id='word_1_808' title='bbox 2832 5682 3470 5758; x_wconf 71' lang='grc' dir='ltr'>ἀποκαθαιρομένηςζωῆ</span> <span class='ocrx_word' id='word_1_809' title='bbox 3497 5699 3528 5734; x_wconf 76' lang='grc' dir='ltr'><strong>ε..</strong></span> 
     </span>
    </p>
   </div>
  </div>
