3996 6170
446 318 552 372 499

1159 320 1667 376 ONOMASTICON
1709 321 1967 374 RERUM
2003 318 2098 370 ET
2137 317 2540 370 VERBORUM
2580 315 3139 372 DIFF‘ICILIORUM.

3703 323 3794 377 500

448 442 524 505 εἷς
545 443 886 514 θεωρητικὴν
905 441 995 495 καὶ
1011 443 1343 518 φωτιστικήν
1364 438 1470 511 ἕξιν
1488 443 1770 517 ἀναγωγὴν
1790 459 1844 495 ;‹‹
1877 439 2093 495 Prioris

2227 461 2239 486 ‹
2273 438 2373 494 Hic
2404 439 2684 509 Eulogius
2711 438 3282 510 fuitdisciplinarum
3315 439 3624 498 liberalium
3652 446 3799 502 scho-

450 538 645 588 autem
675 534 851 587 vestis
879 533 1477 603 positio,a1teriusque
1500 533 1848 603 assumptio,
1876 531 2092 601 migra-

448 621 666 676 tionem
700 620 858 678 illain
886 640 916 674 a
942 621 1133 676 media
1155 623 1276 676 vita
1301 624 1492 692 (sacra
1517 622 1670 692 licet)
1694 622 1762 674 ad
1790 620 2096 690 perfectio-

448 728 571 766 rem
605 710 919 781 significat:
961 711 1114 764 sicut
1141 711 1196 764 in
1241 712 1437 766 divina
1473 711 1928 782 regeneratione,
1963 725 2093 778 pro-

451 803 772 856 motionem
802 801 1098 857 indicabat
1119 818 1151 857 a
1175 806 1418 873 purgata
1440 801 1557 857 vita
1579 803 1646 856 ad
1693 799 2096 871 contemplan-

449 897 564 945 tem
601 889 1152 961 illuminantemque
1187 891 1479 957 habitum,
1510 890 1611 948 illa
1641 895 1817 946 vestis
1847 891 2099 945 canden-

450 980 520 1033 tis
555 979 904 1034 immutatio.
934 1003 953 1027 »

522 1074 587 1130 Ei
620 1071 676 1128 δὲ
703 1073 792 1128 καὶ
823 1078 909 1128 νῦν
944 1076 971 1128 ὁ
1003 1075 1178 1147 ἱερεὺς
1227 1097 1284 1130 τε
1312 1075 1401 1130 καὶ
1432 1074 1625 1137 πάντες
1683 1076 1799 1130 ὃσοι
1856 1079 2099 1149 πάρεισιν

449 1162 611 1235 ἱεροὶ,
639 1163 728 1215 τὸν
750 1161 1131 1236 τετελεσμένον
1156 1163 1504 1233 ὰσπάζονται,
1526 1166 1628 1233 τὴν
1649 1165 1794 1237 ἱερὰν
1817 1168 1922 1218 τῶν
1940 1175 2104 1226 θεοει-

454 1249 559 1305 δῶν
594 1250 847 1320 ἐννόησον
870 1253 1181 1320 κοινωνίαν,
1203 1252 1556 1327 ἀγαπητικῶς
1588 1253 1637 1308 ἐν
1664 1252 1964 1331 εὐφροσύνη
1991 1251 2105 1322 θείᾳ

454 1337 836 1413 συνηδομένων
862 1338 1166 1411 ἀλλήλοιςε
1199 1364 1224 1394 α
1247 1345 1409 1408 Quod
1442 1344 1489 1399 si
1526 1347 1697 1400 modo
1728 1361 1963 1415 quoque
1986 1349 2102 1400 tam

455 1432 728 1486 sacerdos
779 1448 954 1503 quam
1001 1432 1455 1488 circumstantes
1505 1433 1717 1504 reliqui
1765 1434 1869 1486 viri
1921 1431 2108 1488 sancti

454 1520 538 1575 sic
571 1521 828 1575 dicatum
860 1519 1254 1587 consalutant,
1297 1539 1522 1577 sacram
1547 1521 1808 1593 intellige
1840 1521 1933 1576 Dei
1959 1538 2104 1592 prae-

457 1609 766 1666 ferentium
828 1610 1081 1680 speciem
1135 1613 1498 1677 societatem,
1533 1629 1646 1682 qua
1697 1611 1812 1667 sibi
1860 1612 2107 1668 invicem

457 1713 591 1751 cum
624 1696 827 1752 latitia
857 1704 912 1753 et
944 1698 1227 1755 charitate
1256 1700 1653 1771 gratulantur.
1681 1723 1709 1751 »

2201 528 2503 583 lasticus.»
2529 526 3144 584 PalladiiLausiacaex
3158 530 3328 586 veteri
3354 531 3796 606 interpretatione,

2201 617 2258 672 in
2293 619 2633 689 appendice,
2669 634 2795 688 cap.
2824 619 2890 671 16
2918 633 2930 672 :
2960 639 2986 666 ‹‹
3011 617 3111 673 Hic
3135 618 3408 690 Eulogius
3455 622 3798 682 scholasticus

2203 710 2328 762 erat
2351 712 2407 762 et
2427 707 2699 762 eruditus
2722 705 2827 762 vir.
2855 728 2882 754 ››
2919 707 3304 779 Hieronymus
3332 708 3588 779 Catalogo
3609 710 3797 768 lllustr.

2204 795 2358 850 Eccl.
2415 795 2712 866 scriptor.,
2769 812 2897 865 cap.
2949 795 3042 864 99,
3089 795 3161 851 de
3208 795 3507 866 Serapione
3548 798 3800 855 Thmueos

2207 885 2478 956 episcopo
2505 901 2516 938 :
2552 907 2578 934 «
2602 884 2880 954 Serapion
2909 885 2982 938 ob
3004 885 3351 955 elegantiam
3374 885 3602 956 ingenii,
3623 903 3803 959 cogno-

2211 989 2342 1028 men
2367 971 2701 1029 scholastici
2717 973 2950 1030 meruil.
2971 996 2996 1022 ι)
3013 973 3478 1045 Martyrologium
3496 975 3803 1048 Romanum,

2206 1063 2243 1117 5
2267 1063 2588 1117 Februarii:
2606 1084 2633 1111 ‹‹
2659 1063 2719 1116 In
2743 1062 2913 1131 cujus
2931 1062 3275 1133 (Dorotheaa)
3291 1064 3637 1119 confessione
3653 1065 3807 1122 Theo-

2212 1151 2405 1222 philus
2435 1151 2675 1222 quidam
2702 1151 3092 1207 scholasticus
3113 1153 3181 1208 ad
3199 1151 3414 1207 Christi
3435 1152 3593 1210 (idem
3615 1169 3809 1212 conver-

2212 1257 2334 1294 sus.
2362 1261 2391 1289 ››
2424 1240 2586 1295 Idem
2615 1241 2768 1311 apud
2802 1240 3017 1296 Bedam
3049 1245 3107 1294 et
3137 1239 3487 1298 Usuardum.

2284 1339 2588 1393 Estautem
2604 1337 2960 1395 scholasticus
2981 1338 3290 1409 posteriori
3312 1337 3519 1395 saeculo
3530 1340 3809 1397 advocatus.

2213 1427 2367 1480 unde
2397 1425 2452 1480 in
2485 1426 2642 1480 Actis
2671 1425 2970 1482 Dorotbea:
3002 1425 3362 1496 Theophilus
3387 1443 3535 1484 nunc
3572 1428 3808 1484 scholasti-

2212 1531 2326 1585 cus,
2358 1531 2514 1570 nunc
2545 1513 2838 1570 advocatus
2860 1514 3091 1571 dicitur.
3126 1515 3258 1572 Vita
3287 1516 3471 1573 sancti
3508 1515 3808 1584 Sebastiani,

2215 1605 2255 1659 ι.
2287 1621 2329 1660 ιι
2353 1619 2367 1660 :
2393 1626 2420 1653 ‹‹
2446 1604 2595 1660 Dum
2629 1620 2662 1660 a
2692 1604 2858 1660 beato
2883 1602 3146 1662 Tiburtio
3175 1604 3300 1663 viro
3317 1603 3809 1676 scholasticissimo,

2214 1698 2272 1750 et
2304 1692 2481 1749 nobili
2516 1698 2572 1748 et
2603 1697 2824 1749 sancto.
2858 1713 2885 1745 ιι
2939 1692 3046 1756 Qui
3078 1697 3214 1750 ante
3265 1693 3547 1750 advocatus
3599 1695 3809 1752 dicitur:

529 1798 762 1853 Vestem
811 1815 961 1868 eam,
991 1816 1105 1870 qua
1148 1800 1414 1856 induitur
1477 1802 1820 1867 monachus,
1879 1802 2105 1872 nigram
2139 1793 2185 1864 Β
2219 1805 2246 1833 (ί
2276 1783 2456 1872 Είίῖβᾲί
2478 1782 2712 1872 “limuls
2736 1798 2894 1872 erili“
2921 1782 3241 1837 advocatus
3271 1783 3617 1872 δάίαεθιιάαβ
3639 1800 3811 1840 οιυθθλε

460 1889 641 1945 fuisse
668 1895 830 1944 notat
862 1890 1263 1961 Pacbymeres,
1289 1897 1346 1948 et
1367 1891 1854 1964 signiﬁcationem
1878 1894 2006 1962 ejus
2028 1892 2110 1947 ita

455 1978 735 2050 explicat:
756 1979 1046 2052 Μοναχική
1059 1977 1225 2048 τάξις,
1246 1979 1326 2034 ὃτι
1345 1985 1607 2054 μοναχῶς
1627 1980 1712 2034 καὶ
1733 1977 2005 2048 ἑνοειὸῶς,
2019 1979 2108 2034 καὶ

459 2064 519 2119 οὐ
543 2062 782 2138 ὃιχῶς,ἣ
802 2065 1075 2140 τριχῶς,ἢ
1098 2065 1405 2141 πολλαχῶς
1437 2067 1984 2124 πολιτεύεται,Τούτο
2005 2073 2108 2142 γὰρ

459 2151 624 2224 δηλοῖ
651 2152 706 2208 δὲ,
727 2156 786 2208 τὸ
809 2153 1240 2228 ἁμφιεννύμενον
1269 2155 1458 2228 μὲλαν.
1487 2157 1567 2213 Τὰ
1591 2158 1685 2228 μὶν
1709 2159 1812 2232 γὰρ
1835 2155 1981 2212 ἄλλα
2000 2162 2106 2211 τῶν

460 2244 772 2316 χρωμάτων
805 2242 881 2297 εἷς
914 2237 1066 2317 ἔτερα
1102 2249 1524 2315 μεταπεσοῦνται
1560 2243 1784 2320 ῥᾳδίως,
1816 2246 1906 2300 καὶ
1939 2244 2110 2300 πάντα

459 2331 533 2393 εἰς
556 2332 616 2384 τὸ
639 2330 830 2402 μέλαν,
853 2332 915 2385 τὸ
938 2328 994 2384 δὲ
1019 2329 1185 2404 μέλαν
1211 2331 1311 2386 οὐκ
1332 2329 1441 2388 ἔστι
1469 2329 1714 2405 μεταϐλη
1727 2341 1883 2403 θῆναι
1907 2335 1982 2396 εἰς
2007 2332 2111 2388 ἔτεο

461 2441 551 2494 ρον
575 2424 780 2494 χρῶμα
812 2421 1036 2476 πώποτε
1062 2440 1074 2476 :
1109 2445 1136 2472 ‹‹
1163 2423 1506 2479 Monachica
1535 2425 1848 2490 ordinatio,
1883 2430 1947 2480 ut
1977 2425 2109 2480 soli-

460 2511 606 2568 tarie
638 2515 695 2566 et
728 2511 917 2579 unice,
951 2528 1066 2566 non
1129 2511 1440 2583 dupliciter
1493 2512 1579 2567 vel
1636 2512 1962 2583 tripliciter,
2018 2513 2108 2568 vel

463 2598 866 2670 multipliciter
887 2601 1415 2657 conversetur.Hoc
1438 2601 1592 2656 enim
1620 2601 1914 2673 signiﬁcat
1949 2603 2110 2673 nigra

463 2688 873 2760 quainduitur
922 2688 1121 2744 vestis.
1184 2689 1296 2743 Alii
1358 2691 1511 2744 enim
1575 2690 1798 2746 colores
1858 2691 2023 2747 facile
2049 2691 2108 2745 in

465 2777 612 2832 alios
638 2782 948 2832 transeunt
978 2784 1035 2833 et
1080 2783 1404 2847 mutantur,
1436 2783 1494 2836 et
1532 2795 1736 2835 omnes
1782 2780 2020 2851 quidem
2051 2780 2110 2834 in

468 2864 701 2936 nigrum
737 2866 953 2922 mutari
979 2871 1246 2937 possunt:
1272 2867 1431 2937 niger
1452 2884 1584 2922 vero
1615 2869 1775 2924 color
1819 2869 1980 2924 nullo
2003 2887 2111 2926 un-

467 2972 644 3026 quam
671 2956 841 3012 modo
875 2956 928 3011 in
964 2955 1144 3013 alium
1181 2957 1560 3012 transmutari
1598 2961 1808 3029 potest.
1835 2978 1859 3009 ι

535 3057 667 3108 Haec
715 3068 872 3108 nunc
925 3053 996 3108 de
1039 3051 1256 3124 duplici
1326 3052 1748 3111 monachorum
1817 3055 2114 3116 schemate

464 3142 780 3200 sufﬁciant.

535 3236 913 3287 Scaouaws.
949 3231 1184 3286 Pratum
1218 3230 1522 3302 spirituale
1577 3232 1823 3289 Joannis
1866 3233 2110 3304 Moschi,

467 3337 595 3392 cap.
626 3321 716 3373 25:
743 3342 770 3370 ‹‹
799 3319 867 3374 Ut
899 3319 1066 3374 nobis
1096 3321 1278 3376 abbas
1297 3321 1614 3391 Gregorius
1653 3338 1720 3377 ex
1741 3321 2117 3380 Scholaribus

463 3409 682 3465 retulit.
720 3430 744 3459 »
781 3409 975 3464 Graece
1005 3415 1112 3478 est,
1147 3407 1207 3461 ἐκ
1235 3407 1585 3483 Σχολαρίων,
1619 3412 1770 3481 quod
1819 3430 1932 3466 non
1965 3418 2120 3468 recte

463 3502 748 3553 Hervetus
768 3498 1124 3553 scholasticus
1138 3503 1403 3552 verterat.
1417 3499 1558 3554 Nam
1575 3499 1908 3558 scholastici
1923 3500 2120 3556 causis

465 3587 727 3642 dicendis
757 3591 944 3650 erant,
972 3585 1267 3641 scbolares
1299 3603 1433 3642 vero
1466 3586 1737 3656 palatinas
1792 3587 2013 3643 militiai
2048 3589 2119 3645 ad

465 3675 715 3730 tutelam
733 3674 1358 3745 principis.Gregorius
1376 3675 1554 3745 igitur
1570 3675 1660 3730 hic
1674 3692 1742 3730 ex
1755 3675 2122 3734 scholaribus

468 3781 569 3819 seu
603 3762 986 3826 exscholaris,
1021 3763 1077 3817 id
1111 3768 1201 3818 est
1261 3763 1398 3817 elim
1450 3763 1757 3829 scholaris,
1806 3782 1960 3820 nunc
1990 3782 2124 3822 vero

471 3853 671 3907 abbas.
705 3851 911 3905 Suidas
937 3868 949 3904 :
979 3847 1304 3922 Σχολαριοι,
1333 3849 1636 3924 τρισχίλιοι
1668 3852 2012 3908 πεντακόσιοι
2037 3852 2125 3909 ἐπὶ

469 3938 688 4016 φυλακῇ
719 3943 814 3993 τοῦ
847 3935 1164 4001 Πάλλαντος
1196 3939 1331 4007 ἦσαν
1353 3938 1984 4015 τεταγμένοι,ἀριστίδην
2006 3941 2126 3997 ἐπὶ·

469 4027 756 4102 λεχθέντες
782 4025 832 4097 ἐξ
866 4027 1185 4100 Ἀρμενίων,
1209 4030 1290 4088 οἷς
1320 4029 1592 4099 συντάξεις
1624 4029 1872 4093 ἀνέκαθεν
1899 4028 2128 4093 πλείους

469 4120 502 4190 ἢ
533 4122 652 4179 τοῖς
687 4114 881 4178 ἄλλοις
913 4116 1077 4170 ἅπασι
1099 4117 1158 4171 τὸ
1185 4113 1450 4189 δημόσιον
1480 4116 1761 4194 ἐχορήγει.
1793 4144 1821 4170 ‹‹
1843 4120 2126 4179 Scholarii

469 4214 556 4264 ter
581 4208 789 4263 1054
813 4207 974 4262 mille
1003 4207 1302 4278 quingenti
1339 4207 1409 4261 ad
1459 4209 1786 4262 custodiam
1848 4209 2127 4266 Pallantis

470 4295 981 4365 erantconstituti,
1015 4313 1082 4350 ex
1113 4295 1499 4368 Optimatibus
1558 4298 1967 4353 Armeniorum
2029 4301 2126 4355 de-

469 4387 623 4456 lecti,
649 4386 865 4457 quibus
884 4385 1215 4456 antiquitus
1239 4385 1573 4458 respublica
1596 4388 1818 4457 majora
1837 4388 2130 4460 stipendia

2219 1870 2575 1937 mortalium,
2610 1890 2633 1920 ι)
2664 1870 2888 1928 Sardic.
2922 1887 3108 1936 conc.,
3144 1887 3274 1925 can.
3313 1871 3394 1926 l3:
3416 1872 3518 1926 «Si
3550 1870 3812 1927 scholasti-

2217 1977 2321 2017 cus
2352 1961 2421 2014 de
2454 1961 2574 2014 foro
2599 1959 2908 2030 episcopus
2924 1958 3813 2031 fueritpostulatus.nGrzecusin-

2215 2055 2438 2120 terpres
2467 2047 2830 2122 σχολαστικὸς
2861 2045 2968 2100 ἀπὸ
2998 2053 3097 2115 τῆς
3131 2047 3359 2122 ἀγορᾶς.
3411 2050 3477 2103 Et
3525 2050 3581 2104 L.
3621 2067 3656 2104 ιι
3703 2051 3813 2105 Cod.

2215 2139 2346 2204 Th.,
2380 2138 2457 2194 De
2479 2143 2763 2196 Concuss.
2798 2139 3062 2194 advocat.
3085 2159 3113 2188 ‹‹
3141 2142 3352 2194 Praeter
3384 2139 3659 2197 solemnes
3679 2143 3815 2193 etca-

2218 2227 2459 2282 nouicas
2491 2228 2914 2298 pensitationes
2949 2226 3131 2283 multo
3164 2246 3196 2284 a
3225 2227 3662 2300 provincialibus
3688 2227 3817 2284 Afris

2216 2315 2628 2386 indignissime
2641 2315 3016 2388 postulantur
3029 2316 3101 2371 ab
3124 2317 3478 2372 officialibus
3490 2322 3544 2374 et
3557 2316 3815 2372 scholasti-

2217 2404 2322 2460 cis.
2356 2409 2472 2461 Nec
2504 2405 2642 2460 latet
2672 2405 3191 2466 mansuetudinem
3232 2412 3511 2477 nostram,
3543 2405 3815 2478 sepissime

2217 2493 2601 2551 scholasticos
2635 2493 2784 2550 ultra
2809 2495 3650 2568 modumacceptishonorariis
3669 2495 3716 2552 in
3735 2495 3814 2552 de-

2219 2582 2478 2640 iensione
2506 2600 2817 2638 causarum
2843 2583 3109 2640 omnium
3131 2590 3187 2640 et
3214 2602 3478 2644 annonas
3507 2589 3560 2642 et
3585 2588 3813 2656 sumptus

2219 2673 2480 2744 accipere
2513 2689 2848 2729 consuesse.
2877 2695 2904 2722 »

2288 2771 2380 2828 Sic
2410 2788 2630 2829 canone
2657 2773 2749 2839 97,
2782 2772 2840 2826 in
2873 2771 3084 2828 Codice
3106 2789 3402 2830 canonum
3427 2773 3813 2831 Africanorum:

2217 2855 2614 2926 ’Ὼστεδοθῆναι
2638 2855 2814 2913 ἄδειαν
2838 2862 2934 2913 τοῦ
2953 2867 3290 2931 καταστῆσαι
3310 2859 3548 2924 ἐκδίκους
3567 2859 3817 2934 σχολαστι-

2217 2945 2366 3010 κούς
2393 2947 2514 3004 «Ut
2541 2949 2680 3003 dent
2709 2948 3044 3006 facultatem
3094 2951 3435 3008 defensores
3479 2947 3816 3011 constituendi

2219 3036 2614 3092 scholasticos.
2639 3058 2666 3086 ››
2692 3037 2799 3092 Ubi
2823 3037 3204 3111 intelliguntu
3218 3057 3247 3094 r
3267 3040 3540 3096 advocati.
3554 3043 3681 3096 Nam
3701 3036 3816 3091 sub-

2142 3153 2186 3226 ο
2223 3126 2410 3182 ditur:
2435 3122 2646 3185 Οἵτινες
2680 3125 2812 3181 αὐτὸ
2842 3129 3003 3180 τοῦτο
3032 3127 3096 3181 τὸ
3127 3125 3502 3204 λειτουργημα
3523 3131 3610 3184 τοῦ
3629 3123 3813 3184 ἐκδικεῖν

2220 3213 2288 3268 τὰ
2326 3215 2619 3288 πράγματα
2647 3211 2985 3286 ἐπιτήδευμα
3016 3213 3206 3291 ἔχουσι
3241 3236 3253 3274 :
3289 3242 3317 3272 «
3341 3220 3445 3284 Qui
3467 3218 3522 3276 in
3555 3221 3672 3276 actu
3707 3215 3815 3272 sunt

2222 3303 2311 3360 vel
2328 3321 2569 3359 munere
2591 3305 2950 3362 defensionis
2963 3323 3204 3362 causaru
3218 3325 3298 3364 m.
3325 3332 3353 3360 ››
3377 3308 3552 3372 Quare
3577 3323 3678 3362 non
3693 3308 3813 3360 recte

2226 3392 2516 3460 Molanus,
2541 3394 2611 3450 ad
2630 3393 2880 3452 Usuardi
2900 3395 3400 3468 Martyrologium,
3419 3398 3452 3450 6
3472 3391 3810 3460 Febr.,existi-

2229 3484 2409 3539 mavit
2429 3482 2487 3540 in
2507 3483 2666 3540 Actis
2699 3483 3000 3540 Dorotheae
3028 3485 3420 3557 Theophilum
3453 3487 3654 3542 dictum
3679 3482 3810 3538 scho-

2228 3573 2501 3628 lasticum
2537 3589 2639 3644 per
2667 3577 3091 3645 contemptum.
3125 3575 3276 3638 Nam
3302 3593 3369 3632 eo
3399 3581 3643 3650 tempore
3681 3570 3814 3626 scho-

2229 3663 2469 3722 lasticus
2500 3679 2661 3735 aeque
2687 3668 2862 3735 atque
2889 3664 3207 3722 advocatus
3235 3667 3291 3726 in
3318 3666 3521 3724 bonam
3553 3671 3746 3737 partem
3772 3658 3818 3712 in

2231 3769 2339 3808 usu
2375 3757 2519 3808 erat.

2301 3849 2450 3906 Olim
2468 3849 3065 3908 scbolasticusdictus
3085 3850 3820 3924 declamator,quicunquese

2230 3940 2289 3996 in
2322 3940 2518 3996 causis
2548 3940 2698 3998 lictis
2714 3941 3035 3998 exercebat.
3068 3939 3322 4008 Plinius,
3356 3941 3456 3997 lib.
3491 3958 3547 4008 ιι,
3603 3933 3818 4009 epist.32

2233 4053 2259 4079 «
2285 4032 2516 4084 Annum
2549 4029 2976 4100 sexagesimum
3001 4030 3334 4100 excessit,et
3355 4032 3541 4086 adhuc
3568 4020 3820 4086 scholasti-

2233 4135 2337 4174 cus
2359 4123 2586 4173 tantum
2608 4123 2717 4185 est,
2747 4134 2863 4188 quo
2885 4133 3096 4190 genere
3118 4117 3427 4178 hominum
3450 4117 3588 4176 nihil
3608 4111 3818 4170 autsim-

2233 4207 2466 4278 plicius,
2490 4212 2592 4262 aut
2611 4207 2917 4273 sincerius,
2953 4211 3055 4262 aut
3087 4207 3326 4264 melius.
3358 4212 3471 4264 Nos
3489 4207 3652 4273 enim,
3675 4197 3816 4273 quiin

2234 4297 2358 4350 foro
2406 4296 2674 4364 verisque
2726 4294 2928 4352 litibus
2976 4296 3264 4365 terimur,
3321 4297 3561 4352 multum
3608 4287 3816 4353 malitiae,

2234 4384 2499 4455 quamvis
2520 4383 2797 4448 nolimus,
2832 4384 3210 4439 addiscimus.
3241 4408 3269 4434 ››
3299 4388 3391 4441 Sic
3439 4401 3572 4456 cape
3592 4381 3818 4445 Hierony-

471 4491 648 4545 quam
684 4474 908 4529 cmteris
931 4475 1206 4529 omnibus
1229 4475 1665 4546 suppeditabat.
1693 4499 1720 4525 »
1748 4476 1936 4532 Idem:
1962 4483 2126 4552 Υπερ-
2159 4518 2202 4582 D
2237 4473 2611 4544 n1um,epist.
2638 4473 2728 4540 26,
2758 4475 2828 4528 ad
2854 4473 3567 4545 Pammachium,deobitu
3583 4467 3816 4582 JPaulinze:

474 4564 725 4636 ἀριθμος,
758 4561 913 4620 οὗτος
944 4561 971 4614 ὁ
1004 4560 1236 4637 ἀριθμὸς
1265 4566 1372 4615 τῶν
1407 4563 1723 4637 σχολαρίων
1769 4561 2125 4637 καλουμένων

469 4647 796 4722 τρισχιλίων
819 4648 1179 4702 πεντακοσίων
1201 4645 1622 4724 ὅντων,ἒτέρους
1647 4650 1959 4726 δισγιλίους
1982 4653 2121 4708 ἐντε-

472 4750 641 4800 θεικεν
677 4738 1066 4805 Ἰουστινιανὸς,
1091 4736 1184 4798 οὓς
1207 4736 1380 4799 οὕτως
1405 4738 1667 4794 ἐκάλεσιν.
1699 4764 1726 4791 (ι
1755 4747 2118 4813 Supernume

475 4828 685 4895 rarius,
719 4833 782 4882 ut
813 4845 943 4882 cum
971 4845 1253 4883 numerus
1275 4828 1721 4885 scholiariorum
1746 4840 1898 4886 esset
1927 4832 2114 4888 homi-

474 4935 613 4972 num
631 4923 716 4972 ter
738 4916 896 4971 mille
914 4922 968 4971 et
991 4917 1843 4987 quingentorum,Justinianus
1864 4920 2009 4976 alios
2030 4922 2118 4978 bis

472 5005 632 5062 mille
662 5005 710 5060 ei
739 5006 971 5075 adjecit,
1007 5023 1155 5078 quos
1185 5006 1265 5059 ita
1288 5009 1536 5063 vocavit.
1567 5031 1586 5056 ι
1641 5009 1884 5063 Severus
1924 5009 2115 5082 Sulpi-

470 5096 618 5161 cius,
640 5094 679 5149 Ι·
709 5111 749 5161 ι,
784 5096 892 5161 0.1,
922 5099 995 5148 De
1017 5094 1147 5149 Vita
1172 5096 1359 5150 sancti
1387 5097 1614 5151 Martini
1647 5114 1658 5151 :
1715 5099 1889 5168 «Ipse
1927 5116 2114 5154 arma-

471 5189 587 5236 tam
624 5183 892 5237 militiam
928 5183 984 5236 in
1015 5183 1423 5254 adolescentia,
1448 5190 1705 5252 secutus,
1750 5187 1902 5242 inter
1949 5187 2116 5263 scho-

470 5272 622 5326 lares
649 5271 769 5326 alas
801 5272 912 5325 sub
938 5288 1065 5340 rege
1088 5271 1449 5339 Constantio,
1501 5275 1712 5329 deinde
1751 5276 1860 5330 sub
1880 5276 2114 5332 Juliano

469 5362 691 5415 Caesare
722 5359 1072 5413 militavit.»

541 5459 981 5526 SCHOLASTICUS,
1010 5459 1386 5524 Paschasius,
1411 5461 1522 5528 hic,
1563 5460 1666 5517 lib.
1704 5479 1801 5527 vn,
1862 5479 1990 5534 cap.
2024 5465 2112 5532 19,

471 5567 632 5605 num.
665 5550 718 5602 3:
746 5571 770 5595 ‹‹
797 5547 898 5600 Hic
933 5546 1205 5616 Eulogius
1237 5547 1622 5606 scholasticus
1644 5556 1787 5622 erat,
1817 5551 2111 5609 saeculari-

471 5640 580 5694 bus
605 5635 1111 5693 litteriscruditus.
1141 5658 1168 5685 »
1191 5636 1510 5704 Palladius,
1537 5639 1753 5710 hic,lib.
1779 5656 1901 5708 vm,
1925 5657 1974 5696 c.
1998 5643 2104 5700 26:

2238 4586 2265 4613 «
2300 4563 2700 4619 Meminissete
2741 4566 2879 4631 puto
2919 4563 3133 4617 erroris
3175 4563 3393 4631 mutui,
3425 4561 3639 4635 quando
3684 4565 3817 4610 omne

2232 4653 2573 4707 Athenaeum
2591 4650 3072 4706 scholasticorum
3109 4654 3354 4710 vocibus
3405 4650 3738 4710 resonabat.»
3758 4642 3816 4696 De

2230 4758 2341 4812 quo
2373 4758 2480 4796 suo
2513 4741 2707 4794 studio
2740 4740 2861 4811 ipse
2888 4741 3008 4811 agit
3029 4740 3087 4795 in
3113 4741 3370 4811 Epist.ad
3387 4741 3586 4805 Galat.,
3631 4751 3735 4806 cap.
3755 4741 3813 4783 ιιι

2231 4854 2256 4879 «
2283 4829 2606 4901 Aliquoties
2629 4845 2761 4884 cum
2785 4828 3260 4887 adolescentulus
3303 4832 3491 4888 Romae
3538 4830 3814 4883 controver-

2229 4921 2347 4975 sias
2373 4919 2787 4988 declamarem,
2816 4923 2872 4972 et
2898 4919 2966 4974 ad
3002 4935 3136 4976 vera
3164 4921 3483 4980 certamina
3515 4916 3650 4974 ﬁctis
3669 4913 3718 4968 in
3757 4904 3811 4959 li-

2226 5011 2387 5066 tibus
2418 5025 2731 5064 exercerer.
2759 5028 2786 5057 »

2297 5109 2498 5164 Dictus
2529 5107 2702 5160 etiam
2737 5105 3124 5162 scholasticus
3152 5107 3238 5162 vir
3257 5107 3547 5178 eloquens.
3571 5094 3811 5158 eruditus.

2226 5199 2336 5252 etsi
2366 5214 2468 5252 nec
2491 5212 2700 5252 causas
2733 5195 2896 5250 {ictas
2928 5201 3144 5266 ageret,
3163 5203 3226 5252 ut
3248 5195 3610 5262 declamator,
3632 5201 3720 5243 nec
3737 5194 3809 5233 ve-

2226 5304 2320 5341 ras
2345 5291 2407 5339 ut
2438 5284 2791 5349 advocatus;
2846 5283 2982 5336 talis
3013 5285 3230 5339 dicitur
3273 5282 3625 5338 Prudentius.
3657 5269 3810 5326 Wala-

2228 5375 2414 5430 t'ridus
2444 5372 2674 5441 Strabo,
2708 5377 2784 5426 De
2820 5372 2993 5427 rebus
3016 5373 3189 5442 Eccl.,
3211 5375 3381 5426 0.25:
3423 5367 3664 5432 «Quales
3684 5371 3808 5416 com-

2225 5465 2551 5536 posuerunt
2579 5461 2945 5524 Ambrosius,
2975 5461 3246 5532 Hilarius,
3278 5467 3330 5515 et
3364 5461 3512 5515 Beda
3534 5452 3804 5524 Anglorum

2226 5555 2409 5623 pater,
2442 5556 2497 5604 et
2536 5548 2888 5604 Prudentius
2934 5549 3320 5606 scholasticus
3373 5546 3805 5619 Hispaniarum.»

2223 5638 2647 5714 Sigebcrtus,in
2668 5638 2973 5709 Chronico,
2998 5655 3148 5694 anno
3164 5637 3375 5700 Christi
3396 5635 3523 5691 10i8
3547 5649 3560 5692 ι
3582 5655 3606 5682 υ
3631 5629 3807 5683 FranCO
