3996 6170
403 353 511 408 515
1127 346 1631 406 ΟΝΟΜΑΒΤΙΟΟΝ
1669 344 1927 403 RBRUM
1960 344 2052 400 ΕΤ

2177 348 2491 404 lRBORUM
2532 348 3071 404 DlFFIClLIORUM
3658 351 3712 404 51
3724 354 3753 405 ti

480 477 800 535 VOLUMINA.
825 475 883 529 id
904 477 993 529 est
1011 488 1252 529 cameras
1276 472 1361 527 vel
1392 472 1661 528 fornices.
1691 471 2054 538 Heraclides,
2086 489 2137 554 Α
2170 472 2278 527 Ms.
2315 494 2341 522 ‹‹
2374 475 2629 528 Zabsrna
2660 473 2875 528 dicitur
2906 472 3006 527 ubi
3038 475 3226 527 vestes
3257 476 3617 542 reponuntur,
3644 490 3757 529 arca

402 582 526 637 cap.
558 566 592 618 2
623 565 1025 636 deAmmone
1059 579 1071 617 :
1115 583 1141 615 ι
1175 561 1447 633 Fecitque
1499 560 1613 615 sibi
1664 562 1921 616 duarum
1945 574 2047 614 vo-

403 654 634 710 lumina
667 652 969 708 cellarum.
1005 650 1323 720 Palladius,
1358 666 1486 721 cap.
1521 652 1554 703 8
1587 666 1599 705 :
1638 666 1665 699 ‹‹
1702 651 1768 704 Et
1807 650 1918 704 sibi
1970 650 2053 703 fe»

404 744 483 798 cit
513 744 661 797 duos
712 740 990 796 cellarum
1039 740 1252 806 tholos,
1286 760 1314 789 ››
1365 734 1667 809 Οῗκοδομεῖ
1724 737 1899 807 ἑαυτῷ
1959 733 2055 789 δύο

2161 561 2247 615 vel
2280 562 2681 618 armariolum.
2718 584 2745 611 »
2776 562 2910 617 Vita
2954 560 3143 617 sancti
3176 560 3418 617 Udalrici
3454 577 3466 615 :
3503 580 3521 608 ι
3553 561 3757 619 interim

2161 649 2337 705 etiam
2372 648 2640 722 quaesivit
2671 652 2952 707 zabernas
2987 654 3042 705 et
3072 649 3478 705 caloeamente.
3513 672 3537 699 ι)

2231 740 2412 793 Zama.
2447 740 2609 802 Quod
2644 740 2787 793 Vite!
2831 738 3053 807 Basilii,
3094 754 3220 810 cap.
3250 740 3303 804 5,
3356 746 3439 793 est
3485 738 3550 793 ad
3578 740 3763 812 insigne

403 828 602 895 ϐόλους
629 827 890 883 mnam.
926 832 1070 883 Hinc
1118 829 1484 892 transolvere,
1526 828 1583 883 id
1634 833 1723 883 est
1777 827 2052 882 fornicem

2177 830 2563 898 tabilaculum,
2597 830 2790 885 Grtece
2820 834 2929 896 est,
2953 825 3035 881 ἐνέ
3056 828 3288 899 πισήμῳ
3319 822 3508 900 διαίτῃ,
3532 832 3668 899 quod
3694 831 3762 885 al-

400 922 609 975 facere.
645 919 961 990 Gregorius
993 917 1370 985 Turonensis,
1406 918 1507 972 lib.
1548 934 1668 972 vm.
1705 938 1729 968 α
1764 917 1901 971 Erat
1948 930 2056 971 au-

2164 922 2252 973 ter
2308 918 2449 973 Vita:
2508 918 2707 975 Basilii
2762 919 3053 989 interpres
3104 918 3164 972 in
3221 922 3413 974 metam
3456 918 3682 973 deﬂexit.
3711 920 3765 973 Et

399 1014 517 1065 tem
552 1009 630 1063 ibi
658 1013 859 1080 crypta
890 1008 961 1062 ab
992 1007 1256 1077 antiquis
1289 1005 1653 1061 transvoluto
1685 1004 2059 1076 elegantique
2163 1007 2333 1064 diaeta
2368 1013 2424 1063 et
2454 1014 2600 1065 saeta
2628 1009 2951 1063 dicebatur.
2984 1008 3318 1072 Suetonius,
3363 1006 3614 1073 Claudio,
3656 1023 3763 1079 cap.

401 1113 575 1168 opere
601 1098 886 1168 exposita.
922 1096 1082 1152 Idem
1115 1095 1263 1151 libro
1313 1097 1385 1151 de
1436 1095 1576 1151 Vitis
1623 1099 1861 1149 Patrum
1918 1112 1968 1149 c.
2000 1094 2058 1160 7,

405 1187 463 1241 in
497 1186 776 1257 Gregorio
809 1184 1200 1256 Lingonensi:
1238 1205 1267 1235 κ
1298 1187 1441 1239 Ante
1467 1184 1649 1239 altare
1681 1184 2062 1238 fundamenta

396 1276 565 1345 jacit,
599 1279 911 1345 erectaque
964 1274 1171 1328 absida
1222 1272 1371 1328 miro
1419 1288 1592 1343 opere
1648 1272 1962 1338 construit,
2005 1276 2061 1326 et

403 1362 771 1418 transvolvit.
808 1385 828 1412 ι
866 1362 1116 1417 Videtur
1142 1366 1394 1417 tractum
1446 1378 1480 1415 a
1531 1360 1922 1432 serpentibus,
1957 1359 2058 1430 qui

407 1451 642 1522 proprie
675 1452 1069 1522 promovendo
1101 1466 1163 1505 se
1184 1450 1486 1505 volumina
1517 1449 1757 1504 faciunt.
1791 1448 2059 1504 Claudia-

405 1558 538 1609 nus,
573 1540 852 1612 panegyri
881 1540 939 1595 in
972 1545 1250 1611 quartum
1282 1538 1653 1595 consulatum
1688 1536 1921 1593 Honorii
1956 1554 1969 1591 :

498 1664 769 1714 Cmruleus
798 1664 890 1713 tali
925 1666 1225 1727 prostratus
1256 1662 1539 1727 Appelline
1570 1662 1781 1727 Python

496 1727 767 1790 Implicuit
797 1726 978 1775 fractis
1011 1726 1274 1776 moritura
1303 1726 1583 1775 volumina
1610 1726 1781 1773 slivis.

406 1851 684 1908 Sidonius
718 1850 1071 1922 Apollinaris
1100 1864 1113 1906 :

499 1958 708 2022 Figeret
736 1956 1035 2007 innumeris
1066 1970 1354 2006 numerosa
1385 1952 1657 2006 volumina
1692 1955 1827 2005 telis.

412 2074 559 2145 Vide,
593 2091 797 2146 supra,
830 2075 1074 2130 THOLUS.

475 2164 735 2219 Xemuu.
776 2164 914 2220 Vide
944 2167 1233 2218 EXENIUM.

478 2258 736 2309 Zansam
766 2251 997 2307 videtur
1044 2252 1173 2321 capi
1220 2268 1325 2321 pro
1374 2249 1649 2316 armario,
1697 2247 2061 2319 repositorio,

407 2358 600 2398 sacco.
636 2340 880 2397 Palladii
915 2340 1216 2406 Lausiaca,
1248 2356 1316 2394 ex
1354 2338 1534 2394 veteri
1562 2336 1898 2409 interprete,
1932 2354 2059 2407 cap.

412 2433 475 2484 14
508 2448 520 2485 :
556 2453 583 2480 «
620 2434 773 2497 Quos
808 2430 1107 2500 (latrones)
1166 2428 1364 2499 ligavit
1416 2426 1615 2493 simul,
1673 2427 1827 2481 sicut
1857 2428 2058 2480 zaber-

408 2537 542 2574 nam
574 2521 641 2575 de
674 2519 879 2575 Paleis.
919 2542 945 2567 ››
978 2522 1329 2589 Interpretes
1361 2516 1703 2585 Heraclidis,
1738 2532 1865 2585 cap.
1898 2516 1931 2565 7
1967 2515 2062 2569 ba-

406 2609 507 2664 bet
554 2625 773 2664 saccum
827 2609 1135 2680 palearum.
1177 2606 1259 2661 Ita
1287 2612 1340 2659 et
1371 2609 1672 2674 Hervetus,
1710 2620 1909 2658 recens
1944 2604 2064 2657 Pal-

406 2698 545 2753 ladii
580 2696 887 2770 interpres.
925 2697 1208 2767 Excerpta
1243 2711 1373 2747 mea
1404 2688 1513 2747 Ms.
1548 2690 1771 2747 Veneta
1817 2688 1905 2747 hic
1957 2693 2062 2746 lia—

2167 1095 2233 1147 10
2266 1111 2277 1147 :
2315 1115 2343 1142 ‹‹
2379 1095 2441 1147 In
2475 1094 2729 1162 ditatem,
2790 1093 2884 1148 cui
2946 1109 3158 1148 nomen
3210 1098 3298 1149 est
3336 1092 3662 1158 Hermaeum,
3693 1108 3766 1146 re-

2166 1186 2618 1254 cesserat.8a3pe
2651 1188 2708 1237 et
2736 1182 2904 1237 diaeta
2936 1187 2992 1237 et
3019 1192 3159 1237 sata
3177 1186 3485 1237 occurrunt
3513 1183 3652 1251 apud
3682 1199 3766 1236 au.

2166 1271 2527 1329 ctores.Vide
2544 1273 2751 1327 Lexica
2767 1271 3317 1327 Juris.Gloesarium
3339 1271 3767 1327 Camberonsnss

2167 1364 2274 1419 Ms.
2346 1388 2372 1414 «
2426 1365 2605 1433 laetis,
2669 1366 2881 1419 domus
2940 1377 3069 1435 quas
3116 1363 3327 1419 subtus
3385 1362 3553 1433 pedes
3606 1361 3766 1416 haben

2168 1470 2373 1525 aquas.
2413 1476 2438 1502 υ
2463 1453 2682 1509 Ibidem
2723 1469 2735 1507 :
2774 1475 2794 1501 ιι
2828 1457 2987 1508 Zetes
3023 1451 3328 1518 hiemales,
3380 1452 3600 1512 domus.
3647 1466 3771 1520 quas

2168 1543 2435 1598 calefacit
2484 1543 2815 1598 subductus
2865 1543 3061 1614 ignis:
3112 1545 3265 1596 saetas
3316 1536 3592 1595 aestivales
3637 1543 3770 1608 sunt,

2168 1647 2316 1701 quas
2347 1631 2649 1704 infrigidat
2670 1646 2823 1703 aqua
2862 1632 3174 1686 subducta.
3212 1652 3239 1679 »
3272 1625 3480 1684 Eadem
3515 1626 3621 1682 fere
3647 1628 3770 1698 apud

2170 1720 2430 1792 Papiam.

2242 1808 2418 1860 ΖΕΜΑ.
2478 1806 2611 1861 Vita
2658 1806 2905 1861 Joannis
2965 1805 3443 1878 Eleemosynarii,
3508 1820 3625 1875 cap.
3674 1804 3772 1857 20:

2179 1917 2203 1945 ι
2232 1896 2445 1959 Quanti
2503 1895 2716 1951 vellent
2763 1895 2987 1967 tingere
3032 1912 3245 1967 panem
3280 1911 3448 1950 suum
3486 1893 3539 1948 in
3568 1895 3773 1960 acmate,

2171 1987 2326 2056 quod
2367 1986 2680 2057 proiioiunt
2724 1987 2894 2058 coqui
2952 1988 3087 2041 mei.
3121 2008 3150 2036 ››
3176 1987 3322 2041 Hinc
3352 1981 3567 2055 ἐοίζιμα
3597 1981 3774 2038 ebulli-

2169 2076 2249 2129 tio
2281 2075 2339 2129 in
2370 2092 2605 2131 summa
2635 2076 2750 2132 olla
2785 2076 3055 2132 fervente.
3110 2080 3359 2131 Sanctus
3408 2074 3773 2144 Hieronymus.

2167 2163 2266 2219 lib.
2304 2180 2387 2231 ιιι,
2423 2164 2479 2219 in
2500 2168 2708 2221 Ossam
2746 2183 2758 2221 :
2794 2189 2821 2215 (ι
2857 2165 2965 2222 Pro
2995 2180 3192 2233 spuma
3223 2163 3614 2235 Septuaginta,
3644 2160 3773 2215 The-

2169 2253 2363 2309 odotio
2396 2252 2687 2328 φρύγανον,
2725 2254 2778 2308 id
2813 2260 2903 2310 est
2930 2256 3198 2309 cremium
3249 2252 3563 2317 transtulit,
3613 2250 3776 2303 aridas

2170 2342 2390 2396 scilicet
2422 2342 2656 2409 herbas,
2715 2360 2845 2413 quae
2890 2342 3120 2399 camino
3170 2348 3229 2397 et
3287 2342 3548 2396 incendio
3588 2354 3771 2409 praepa-

2171 2437 2391 2485 rantur.
2425 2431 2811 2503 Symmachus
2847 2432 3042 2503 posuit
3090 2428 3343 2502 ἐπίζεμα,
3381 2429 3568 2484 volens
3610 2432 3774 2483 osten-

2168 2520 2303 2573 dere
2337 2519 2611 2575 ferventis
2671 2519 2797 2575 ollis
2863 2520 3197 2591 superiores
3228 2537 3432 2592 aquas,
3461 2523 3515 2574 et
3558 2518 3609 2572 in
3656 2532 3770 2586 spu-

2168 2624 2321 2662 mam
2358 2607 2669 2680 bullasque
2701 2615 3029 2679 surgentes,
3066 2626 3215 2681 quas
3249 2609 3428 2665 Graeci
3460 2603 3777 2680 πομφολυγας

2172 2701 2458 2751 vocant..

406 2788 549 2842 bent
582 2778 859 2859 ζάϐερνον,
891 2785 989 2840 alii
1022 2783 1240 2837 σάκκον.
1270 2782 1377 2837 Sed
1411 2782 1657 2835 zaberna
1703 2779 1877 2836 etiam
1932 2776 2063 2837 aliis

410 2876 753 2932 auctoribus
787 2879 1090 2947 usurpata.
1128 2874 1365 2938 Abdias,
1393 2871 1494 2926 lib.
1547 2888 1602 2925 ιν
1635 2871 1775 2926 Hist.
1832 2877 2061 2943 Apost.,

408 2964 468 3019 in
498 2964 718 3020 Jacoho
772 2964 1019 3020 Joannis
1053 2964 1226 3018 fratre
1262 2979 1273 3019 :
1310 2985 1335 3011 ‹‹
1368 2954 1637 3016 Collectis
1693 2959 1826 3015 libri
1886 2961 2060 3034 magi-
2170 2964 2444 3021 Rufﬁnus
2469 2965 2569 3020 lib.
2606 2982 2668 3020 ιιι
2700 2983 2756 3022 n.
2788 2966 2879 3036 51,
2913 2966 2971 3021 in
3005 2967 3210 3022 eadem
3266 2983 3324 3021 re
3375 2965 3539 3020 habet
3572 2964 3770 3034 placea-

410 3053 514 3121 cis,
549 3054 832 3110 zabernas
862 3054 1066 3125 plenas
1098 3053 1172 3107 ad
1203 3049 1537 3123 apostolum
1581 3046 1777 3104 attulit
1822 3050 2060 3108 cervici-
2167 3058 2270 3108 tas.
2333 3054 2557 3111 Rursus
2613 3055 2768 3125 apud
2827 3054 3145 3127 Pelagium,
3178 3054 3378 3112 libello
3428 3070 3546 3123 νιιι,
3577 3069 3627 3107 ιι.
3672 3050 3765 3105 15ι

409 3143 528 3200 bus
559 3147 617 3198 et
649 3142 774 3199 suis
832 3148 887 3198 et
946 3141 1370 3213 discipulorum
1434 3136 1764 3211 impositas.
1802 3161 1829 3189 »
1867 3136 2009 3196 Item
2044 3156 2057 3195 :
2106 3213 2131 3215 _7
2168 3142 2251 3196 Da
2303 3143 2386 3197 eis
2446 3142 2704 3198 modicas
2753 3143 3038 3215 zippulas,
3074 3144 3215 3215 quia
3246 3145 3316 3199 de
3349 3144 3539 3199 labore
3584 3145 3720 3196 sunt.
3746 3157 3767 3187 ι

413 3255 433 3281 α
468 3233 746 3305 Appende
774 3232 1047 3288 zahernis
1076 3230 1304 3303 lapides
1336 3236 1388 3284 et
1422 3222 1748 3301 plumbum,
1793 3233 1848 3283 et
1896 3230 2062 3284 mitte
2092 3213 2133 3278 (Ζ
2174 3234 2254 3289 Ita
2284 3250 2351 3289 eo
2384 3233 2507 3289 loco
2540 3234 2760 3290 habent
2789 3213 2929 3290 Mes.
2982 3239 3039 3291 et
3083 3213 3309 3291 veteres
3353 3234 3648 3289 Editiones.
3676 3227 3774 3284 Ali-

404 3323 464 3376 in
498 3338 678 3377 mare.
715 3340 740 3373 ν
776 3323 861 3378 Ita
890 3321 970 3376 ibi
1004 3321 1111 3376 Ms.
1171 3316 1466 3387 exhibent,
1529 3316 1711 3390 Vulgo
1743 3314 1979 3389 z-abyras
2010 3324 2067 3373 et
2179 3322 2278 3393 qui
2309 3328 2746 3394 supposuerant
2789 3325 2968 3396 pultes
3015 3342 3120 3396 pro
3168 3324 3446 3396 zippulas.
3485 3324 3618 3379 Cum
3648 3332 3774 3373 nunc

408 3410 637 3482 zabyris
693 3410 931 3481 legitur,
990 3410 1141 3465 unde
1194 3408 1451 3463 Joannes
1508 3404 1801 3461 Meursius
1861 3406 2065 3463 Lexico
2175 3411 2422 3483 zippula,
2456 3426 2612 3467 nunc
2642 3414 2867 3485 sippula
2915 3414 3232 3483 scribatur,
3284 3413 3589 3470 videndum
3618 3424 3683 3463 an
3709 3404 3771 3461 sit

408 3500 862 3555 Graecobarbaro
917 3498 1167 3553 faciebat
1214 3496 1492 3561 sabarias,
1541 3496 1695 3565 quod
1748 3492 2063 3568 sabariam,
2175 3518 2209 3556 a
2238 3501 2412 3557 verbo
2439 3518 2657 3573 supera,
2703 3502 2788 3557 vel
2818 3503 3019 3571 sinere,
3051 3502 3137 3558 vel
3168 3505 3373 3575 sipara.
3405 3501 3543 3556 Vide
3572 3499 3779 3554 Festum

406 3581 722 3661 σαϐαρεῑον,
782 3586 860 3640 sit
918 3580 1336 3656 repositorium
1393 3578 1673 3637 zabarum
1709 3599 1810 3638 seu
1863 3583 2064 3642 lorica-
2174 3594 2231 3644 et
2260 3590 2531 3658 Paulum,
2565 3591 2720 3663 apud
2753 3608 2900 3663 quos
2955 3590 3139 3647 habes
3188 3592 3502 3662 farinulam
3531 3592 3583 3643 et
3616 3584 3774 3657 pulmo

406 3691 560 3730 rum.
2174 3678 2339 3742 Quod
2398 3679 2579 3750 igitur
2632 3680 2869 3751 vulgata
2928 3680 3021 3736 hic
3078 3679 3254 3736 lectio
3318 3679 3563 3736 habebat
3614 3673 3774 3746 puli“.

477 3766 588 3821 Sed
625 3763 807 3836 proba
837 3762 1007 3818 lectio
1038 3761 1193 3833 apud
1224 3758 1471 3815 Abdiam
1522 3763 1613 3816 est
1657 3760 1916 3816 zabema.
1953 3762 2062 3819 Pa-
2172 3771 2298 3822 erat
2330 3767 2448 3823 haec
2476 3769 2852 3840 sippularum,
2887 3785 3014 3840 quas
3044 3784 3179 3823 vera
3208 3774 3267 3825 et
3297 3769 3535 3840 antique
3563 3763 3660 3820 fuit
3682 3759 3774 3815 lec-

406 3854 537 3926 pias
569 3850 1011 3910 Vocabularista
1044 3867 1057 3905 :
1096 3870 1122 3901 α
1152 3849 1429 3917 Zaberna,
1462 3865 1595 3903 arca
1641 3848 1731 3902 vel
1784 3855 2061 3908 armario-
2170 3856 2271 3923 tio,
2323 3856 2937 3928 interpretamentum.
2983 3857 3307 3925 Palladius,
3341 3872 3467 3930 cap.
3496 3855 3561 3909 74
3590 3872 3601 3909 :
3633 3875 3656 3901 ‹‹
3689 3849 3769 3919 Py-

407 3949 552 3999 tum.
588 3962 613 3994 ι
651 3942 804 3998 Item
859 3956 872 3996 :
925 3962 951 3987 ‹‹
1002 3939 1283 4005 Zaberna,
1316 3935 1415 3993 ubi
1444 3941 1633 3993 vestes
1666 3946 2057 4011 reponuntur,
2170 3946 2349 4002 tirioa
2423 3949 2830 4004 commodabat
2887 3965 3123 4020 parvam
3183 3949 3405 4020 pultem
3475 3963 3541 4002 ex
3590 3940 3766 3997 farina.

408 4034 501 4091 vel
542 4032 836 4105 quidlibet
879 4029 1063 4088 aliud.
1101 4052 1123 4082 ι
1179 4027 1545 4085 Glossarium
1595 4023 2059 4091 Camberonense
2169 4059 2197 4087 «
2231 4034 2638 4109 Graece,Cmp6v
2670 4035 2924 4111 ἀλεύρου.
2959 4042 3107 4094 Puto
3135 4039 3389 4110 sippulas
3419 4036 3524 4093 bas
3560 4046 3691 4091 esse.

2238 2786 2523 2854 ZIPPULIE,
2557 2803 2657 2841 seu
2690 2787 2979 2842 SIPPULE.
3041 2786 3332 2858 Pelagius,
3391 2784 3576 2841 libello
3623 2799 3687 2850 iV,
3726 2799 3775 2835 ιι.

2167 2875 2238 2928 59
2272 2891 2283 2931 :
2319 2899 2345 2924 α
2388 2877 2539 2932 Fecit
2582 2877 2652 2932 de
2694 2875 2948 2932 farinula
2999 2875 3341 2932 lenticulam
3375 2880 3430 2932 et
3459 2872 3713 2946 zippulas.
3744 2895 3759 2922 ι
