3996 6170
433 324 539 377 527
1268 316 1315 370 Α
1329 320 1617 373 DDENDA
1659 320 1753 373 AD
1792 316 2132 383 QUOSDAM
2170 314 2704 368 PRECEDENTES
2740 313 2996 368 TOMOS.
3659 324 3744 380 523

1017 464 1229 503 INCIPIT
1266 466 1496 505 CARMEN
2102 440 2149 505 A
2186 438 2249 492 Et
2283 436 2595 493 maculam‘

2102 440 2149 505 Α
2186 438 2249 492 Et
2283 436 2572 493 maculam
2593 437 2811 493 ventris
2845 436 3061 509 pullam
3094 436 3164 491 de
3193 437 3354 494 corde
3384 439 3660 512 fugassent.

1221 570 1286 580 _
2188 532 2322 584 Post
2350 527 2469 583 haec
2502 526 2779 599 baptismi
2810 526 3054 582 sacratis
3088 525 3327 597 tingitur
3352 530 3509 585 undis

506 632 613 684 Nec
646 625 985 683 meminisse
1016 642 1213 682 moror
1243 626 1533 698 praeconia
1562 624 1717 680 clara
1748 621 2075 695 Chrysanti,
2188 618 2475 681 Quatinus
2505 616 2737 672 exuvias
2769 615 3046 688 spoliaret
3078 621 3265 671 mente
3293 622 3526 675 vetustas

432 715 613 779 Quem
648 714 854 770 merito
886 714 1145 769 mundus
1177 713 1402 771 famosa
1433 716 1606 772 laude
1640 716 1990 784 frequentat.
2188 708 2253 762 Et
2284 726 2429 763 nova
2454 708 2523 763 de
2553 707 2778 780 liquido
2809 712 3082 763 sumatur
3109 708 3331 779 gurgite
3358 709 3519 765 lodix.

431 804 597 859 Hunc
626 804 809 875 igitur
838 803 1067 875 genitor
1098 808 1399 860 ﬂorentem
1432 809 1694 875 tempore
1727 802 1803 874 (a)
1832 805 2020 874 proto,
2186 797 2327 851 Sum
2356 797 2518 868 virgo
2550 802 2810 853 veterum
2845 797 3061 869 sprevit
3090 797 3429 853 documenta
3456 799 3698 857 librorum

430 892 762 947 Tradiditin
780 896 1000 946 vestem
1018 891 1563 965 rhetorum(sic)sub
1579 897 1734 947 sorte
1750 891 2073 962 magistris,
2184 887 2249 941 Et
2284 887 2553 959 sequitur
2582 887 2796 941 Christi
2831 887 3134 957 quadratis
3166 888 3427 957 dogmata
3455 889 3627 944 biblis.

430 981 499 1037 Ut
530 998 673 1051 puer
703 980 922 1035 indolis
954 980 1076 1051 (sic)
1112 981 1393 1036 librorum
1430 982 1678 1037 disceret
1710 986 1862 1035 artes
2185 975 2325 1040 Quis
2359 976 2569 1046 poterit
2598 976 2755 1047 vulgi
2783 981 2976 1031 tantas
3008 993 3313 1031 numerare
3342 983 3580 1032 catervas

427 1072 582 1135 Quas
615 1070 916 1124 mundana
949 1070 1084 1124 colit
1115 1070 1325 1126 stolido
1358 1071 1647 1142 sapientia
1678 1087 1877 1125 sensu.
2184 1067 2440 1128 Quantas
2471 1065 2752 1136 exemplis
2783 1071 3021 1136 egerent
3049 1066 3279 1120 credere
3306 1066 3563 1120 Christo?

425 1160 532 1223 Qui
568 1160 696 1227 fuit,
728 1167 788 1213 ut
818 1158 1024 1229 fertur,
1060 1160 1315 1214 donatus
1348 1165 1541 1215 mente
1572 1158 1789 1230 sagaci,
2184 1154 2457 1209 Traditur
2486 1155 2701 1209 idcirco
2734 1155 2921 1225 pcenis
2948 1155 3307 1225 torquendus
3337 1155 3545 1209 acerbis

424 1248 650 1303 Ardens
682 1248 913 1319 ingenio
945 1254 1001 1303 et
1034 1249 1313 1319 prudens,
1346 1266 1412 1304 ac
1442 1260 1667 1320 pectore
1699 1249 1901 1319 pubes.
2182 1243 2562 1314 Septuaginta
2589 1243 2730 1299 viris
2761 1243 2885 1316 (sic)
2918 1260 3091 1315 quem
3126 1244 3305 1299 denso
3336 1243 3508 1299 milite
3552 1248 3760 1311 servant,

424 1341 564 1393 Post
592 1337 700 1394 hac
731 1337 1015 1392 industria
1045 1354 1179 1391 cum
1212 1354 1381 1392 sacra
1413 1337 1711 1393 volumina
1740 1336 1920 1391 lector
2184 1331 2445 1387 Herculis
2476 1334 2535 1388 in
2571 1334 2702 1389 fano
2737 1334 2797 1388 ni
2829 1334 3024 1389 forsan
3051 1338 3183 1389 tura
3213 1333 3420 1389 litaret.

425 1426 684 1482 Auribus
714 1425 1012 1482 hausisset
1040 1426 1256 1482 caelesti
1287 1431 1607 1497 grammate
1638 1426 1879 1498 scripta,
2184 1422 2348 1476 Tunc
2381 1420 2549 1477 miles
2580 1422 2754 1494 coepit
2783 1422 2949 1479 dirus
2982 1438 3188 1478 vexare
3219 1428 3513 1492 negantem

422 1515 698 1572 Protinus
728 1517 981 1587 antiquae
1012 1521 1395 1571 contemnens
1427 1517 1703 1588 dogmata
1731 1522 1920 1587 sectae,
2182 1508 2475 1566 Athletam
2507 1510 2735 1566 Domini
2768 1511 2980 1567 fretum
3012 1511 3226 1566 virtute
3254 1526 3517 1583 superna,

426 1606 595 1660 Falso
626 1608 995 1659 vetustarum
1028 1603 1273 1659 calcavit
1303 1604 1505 1659 frivola
1535 1605 1753 1676 legum,
2184 1598 2324 1653 Udis
2350 1605 2405 1654 et
2431 1601 2629 1655 crudis
2663 1617 2969 1657 nervorum
3004 1601 3251 1656 nexibus
3281 1616 3491 1672 angens

425 1693 494 1748 Et
522 1693 675 1749 dicto
712 1693 884 1748 citius
915 1697 1123 1749 nactus
1158 1692 1492 1748 rudimenta
1521 1694 1655 1749 ﬁdei
2181 1687 2424 1743 Torrida
2456 1690 2817 1745 ﬂammantis
2845 1690 3102 1746 laturum
3134 1695 3397 1746 caumata
3422 1688 3571 1744 solis.

428 1781 735 1851 Flagitium
769 1781 1004 1837 sceleris
1038 1782 1313 1853 baptismi
1346 1781 1529 1837 deluit
1561 1783 1734 1838 unda.
2108 1767 2153 1830 Β
2184 1780 2294 1835 Sed
2328 1787 2545 1852 puncto
2579 1780 2756 1836 citius
2784 1779 3055 1836 laxantur
3087 1780 3210 1835 lora
3244 1778 3467 1835 lacertis

424 1875 555 1927 Mox
588 1870 820 1941 publice
850 1870 1150 1926 Christum
1184 1870 1430 1943 paganis
1461 1871 1740 1942 praedicat
1769 1870 1923 1927 ultro
2184 1870 2598 1942 Omnipotente
2628 1870 2744 1926 Deo
2776 1874 2961 1925 restes
2992 1869 3248 1925 solvente
3280 1868 3549 1924 nefandos

424 1959 565 2014 Dira
589 1960 978 2030 superbarum
1010 1974 1295 2030 spernens
1325 1964 1617 2016 tormenta
1649 1960 1966 2017 minarum.
2184 1959 2328 2014 Ecce
2358 1960 2533 2016 sudes
2559 1959 2773 2015 iterum
2807 1959 3113 2031 cipporum
3146 1958 3376 2013 vincula
3403 1956 3629 2013 cludunt

425 2048 572 2103 Tum
600 2048 831 2121 genitor
859 2048 1144 2113 sobolem,
1177 2054 1396 2104 natura;
1419 2049 1557 2120 jura
1585 2049 1903 2117 resolvens,
2182 2050 2472 2118 Cruraque
2504 2064 2636 2103 cum
2671 2048 2877 2121 rigidis
2910 2049 3222 2104 nectebant
3252 2047 3477 2119 turgida
3505 2044 3678 2116 lignis,

429 2140 711 2194 Truserat
740 2139 797 2193 in
829 2140 1103 2195 tenebras
1133 2139 1394 2195 conclusi
1428 2141 1675 2196 carceris
1705 2146 1861 2197 atras
2183 2134 2485 2207 Extemplo
2510 2135 2749 2207 cippum
2786 2136 2959 2190 findit
2990 2137 3283 2207 Regnator
3311 2132 3519 2207 olympi

426 2235 777 2302 Magnopere
811 2234 1080 2285 metuens
1111 2230 1236 2285 fisci
1268 2231 1501 2285 decreta
1534 2231 1803 2298 nefandi;
2182 2226 2457 2291 Quamvis
2488 2224 2644 2279 hunc
2675 2223 2871 2280 stolidi
2903 2231 3101 2280 cacata
3134 2230 3327 2281 mente
3360 2223 3604 2295 ligarem.

426 2318 672 2389 Insuper
701 2322 756 2374 et
785 2318 997 2390 capital
1021 2318 1308 2373 tremulus
1342 2320 1618 2375 formidat
1647 2321 1945 2377 acerbum.
2183 2314 2348 2369 Lotia
2376 2318 2514 2368 tunc
2546 2313 2715 2369 lictor
2736 2312 2992 2369 crudelis
3015 2330 3290 2385 spargere
3311 2312 3490 2384 jussit

424 2407 536 2463 Sed
568 2425 702 2463 cum
734 2424 899 2463 mens
923 2408 1160 2478 juvenis
1192 2408 1366 2463 ferret
1397 2413 1689 2465 tormenta
1719 2410 1985 2477 libenter,
2179 2404 2383 2458 Sacros
2415 2403 2766 2458 humectans
2797 2410 2960 2459 artus
2992 2403 3195 2459 fmtore
3226 2401 3449 2475 putenti
3481 2417 3493 2455 :

424 2497 557 2552 Mox
580 2496 752 2552 aliam
778 2497 1007 2566 genitor
1024 2496 1386 2553 concinnans
1404 2496 1814 2570 machina(sic)
1834 2516 2070 2555 scenam
2180 2492 2285 2558 Ουὶ
2316 2492 2530 2564 liquor,
2568 2498 2631 2548 αἱ
2661 2493 2888 2563 dicunt,
2921 2497 3116 2548 atrum
3150 2494 3440 2548 Γᾶηιᾶδῐηᾶ
3471 2487 3677 2559 fugam“

423 2585 672 2641 Lubrica
704 2586 1023 2641 mundanis
1055 2586 1315 2642 admovit
1342 2587 1555 2658 gaudia
1588 2588 1843 2659 pompis,
2181 2591 2326 2641 Dum
2359 2602 2595 2641 vernam
2630 2586 2862 2641 Domini
2895 2591 3093 2657 sperat
3122 2583 3507 2642 nicromantia
3561 2582 3771 2640 fretum;

421 2674 619 2730 Serica
647 2676 961 2747 purpureis
994 2675 1257 2747 praebens
1288 2675 1576 2732 velamina
1608 2677 1794 2749 peplis
2180 2676 2290 2731 Sed
2322 2680 2494 2747 putor
2525 2676 2881 2731 ambrosiam
2915 2676 3201 2747 ﬂagrabat
3233 2680 3458 2731 nectare
3486 2668 3652 2726 suavi.

420 2767 555 2829 Quae
590 2764 801 2819 merita
824 2763 961 2818 facit
994 2763 1139 2819 festo
1171 2763 1389 2820 viscere
1421 2766 1679 2835 bombix,
2182 2764 2320 2821 Exin
2354 2770 2600 2820 tortores
2633 2764 2845 2819 bucula
2875 2764 2946 2819 de
2977 2763 3149 2835 globo
3184 2764 3422 2835 rebyrsa
3451 2760 3562 2832 (sic)

425 2853 624 2909 Induit
647 2855 949 2925 egregium
983 2853 1241 2925 pretiosa
1270 2860 1326 2908 et
1354 2859 1514 2910 veste
1544 2856 1782 2912 nitente.
2180 2855 2460 2910 Mandant
2496 2858 2559 2909 ut
2588 2855 2771 2909 crudo
2801 2853 3174 2924 stringantur
3206 2857 3431 2925 tergore
3461 2845 3697 2904 membra

420 2942 585 3000 Tunc
609 2945 786 3015 jussu
819 2944 1001 3015 patris
1032 2944 1237 3000 convia
1267 2944 1426 3017 larga
1460 2945 1667 3017 puellae
2180 2945 2496 3017 Martbyris
2527 2946 2827 3000 ardentem
2859 2944 3089 3014 passuri
3123 2942 3351 2998 lumine
3382 2940 3571 2997 solem.

418 3032 784 3104 Deliciasque
816 3034 1010 3088 ferunt
1039 3033 1229 3105 epulis
1257 3033 1548 3106 luxusque
1579 3037 1788 3092 culinae
2178 3034 2418 3091 Torrida
2443 3034 2543 3090 sed
2568 3034 2740 3089 Titan
2772 3032 3120 3104 compressit
3144 3032 3399 3089 fulmina
3429 3031 3639 3084 fervens

422 3122 690 3178 Vestibus
721 3128 937 3178 ornatas
967 3123 1145 3178 variis
1175 3127 1231 3178 et
1261 3124 1449 3179 fronte
1479 3132 1745 3194 venusta,
2097 3130 2140 3198 α
2181 3124 2252 3181 Ut
2284 3122 2449 3179 nulla
2481 3123 2732 3179 insontis
2762 3124 2958 3178 ferunt
2986 3123 3263 3179 incendia
3289 3120 3576 3183 membra;

422 3210 665 3267 Talibus
698 3216 761 3266 ut
792 3211 1024 3283 pompis
1056 3211 1228 3268 miles
1260 3212 1626 3269 mollesceret
1654 3217 1847 3271 audax
2172 3220 2436 3285 Tumque
2469 3213 2764 3285 reciproca
2793 3212 3155 3268 concludunt
3186 3209 3483 3285 ergastula
3512 3206 3772 3263 sanctum;

418 3298 770 3371 Ferreaquis
794 3300 1081 3371 (b)crebro
1100 3302 2061 3379 czedunt(c)praecordiavirum(d).
2175 3309 2313 3360 Arta
2344 3307 2685 3358 catenarum
2719 3302 3135 3373 constringunt
3160 3300 3354 3356 vincla
3382 3298 3633 3361 lacertos,

415 3390 525 3445 Sed
558 3395 755 3446 tamen
788 3394 1049 3445 armatus
1079 3390 1297 3446 Christi
1330 3393 1622 3448 testudine
1658 3398 1781 3467 tyro
2172 3393 2405 3449 Necnon
2438 3396 2495 3447 et
2524 3390 2737 3446 collum
2775 3396 3017 3446 nectunt
3045 3406 3172 3445 cum
3204 3405 3374 3446 crure
3404 3382 3649 3460 gemello.

416 3479 631 3535 Oscula
658 3478 940 3547 virgineis
975 3480 1239 3550 despexit
1271 3479 1496 3535 lubrica
1522 3480 1725 3548 labris,
2174 3484 2318 3538 Ecce
2349 3486 2586 3553 repente
2618 3481 2751 3552 pius
2779 3481 3029 3536 nodatos
3056 3479 3280 3536 arbiter
3309 3483 3469 3536 artus

415 3572 532 3621 Nec
565 3571 871 3637 penetrare
900 3565 1042 3621 sinit
1072 3572 1409 3639 stuprorum
1442 3569 1669 3639 spicula
1702 3576 1937 3642 pectus;
2173 3571 2358 3644 Eripit
2382 3577 2438 3627 et
2470 3570 2719 3626 chalibis
2752 3586 2881 3625 mox
2911 3568 3115 3624 stricta
3146 3568 3431 3641 ligamina
3461 3562 3680 3633 rumpit.

421 3655 533 3709 Sed
564 3653 765 3725 procul
798 3655 1053 3709 excussit
1076 3655 1369 3723 jaculatas
1401 3658 1605 3713 fraude
1634 3662 1901 3730 sagittas.
2178 3667 2346 3717 Porro
2377 3677 2512 3716 cum
2540 3664 2810 3715 sanctum
2844 3658 3065 3714 nodoso
3092 3658 3312 3713 vimine
3346 3655 3512 3711 miles

415 3742 542 3797 Non
575 3759 745 3797 secus
778 3748 838 3795 ut
868 3744 1078 3797 cecinit
1108 3744 1369 3813 sponsali
1403 3748 1663 3802 carmine
1696 3754 1853 3804 vates
2172 3752 2414 3807 Cederet
2446 3750 2741 3805 infaustus
2773 3749 2948 3803 rubro
2980 3747 3075 3819 qui
3104 3747 3396 3819 sanguine
3426 3743 3647 3817 gaudet,

418 3830 626 3886 Dulcia
654 3832 756 3887 sed
788 3830 1000 3885 Christi
1035 3832 1330 3888 leniscunt
1360 3832 1523 3890 labra
1554 3836 1801 3907 labellis,
2172 3842 2280 3896 Sed
2312 3842 2529 3895 mirum
2565 3838 2722 3894 dictu
2752 3843 3115 3909 sceptrorum
3150 3838 3337 3910 ﬂagra
3368 3836 3570 3891 beatus

420 3919 621 3976 Mellea
657 3925 794 3976 tunc
825 3920 1010 3976 roseis
1038 3921 1376 3991 nigrescunt
1400 3923 1563 3980 labra
1593 3926 1838 3983 labellis.
2175 3930 2399 3985 Ictibus
2431 3929 2656 4001 argutis
2688 3932 2910 4000 martyr
2940 3944 3053 3982 non
3088 3927 3279 3983 sensit
3309 3925 3533 3981 acerba.

418 4008 591 4064 Venit
617 4010 688 4064 ad
719 4013 1040 4066 extremum
1073 4010 1229 4081 virgo
1260 4016 1550 4068 certamen
1584 4014 1802 4086 adulta,
2172 4019 2320 4085 Quin
2346 4018 2522 4074 immo
2546 4022 2610 4073 ut
2632 4017 2843 4089 plumae
2874 4016 3222 4073 mollescunt
3245 4014 3463 4071 vimina
3484 4005 3775 4079 (siclsauclo

418 4098 592 4154 Daria
621 4098 860 4155 vestalis
892 4099 1147 4155 formosa
1179 4100 1365 4156 fronte
1398 4104 1735 4173 rubescens,
2173 4108 2287 4164 Ceu
2319 4107 2522 4163 viridis
2553 4106 2819 4163 lentescit
2847 4107 2975 4160 lene
3009 4122 3267 4178 papyrus
3300 4106 3360 4160 in
3391 4117 3577 4165 amne,

416 4193 608 4245 Aurea
637 4205 771 4243 cum
803 4187 1029 4261 glaucis
1060 4205 1235 4261 quam
1266 4190 1443 4245 comit
1474 4191 1679 4248 lunula
1707 4195 1979 4266 gemmis.
2171 4198 2449 4255 Claudius
2480 4196 2733 4268 insignis
2764 4200 3152 4267 compunctus
3186 4195 3435 4251 credidit
3467 4190 3608 4246 ultro

414 4276 1056 4347 Nititurhacjuvenem
1074 4277 1335 4334 muneris
1359 4280 1475 4350 (sic)
1492 4283 1890 4355 constringere
1914 4304 2063 4342 nexu
2168 4287 2549 4360 Septuaginta
2578 4287 2734 4342 viros
2765 4294 3105 4341 convertens
3138 4285 3417 4357 dogmate
3447 4281 3595 4337 claro

415 4367 704 4430 Quatinus
736 4368 808 4422 ad
840 4366 1086 4423 thalami
1118 4368 1312 4423 ﬂectat
1343 4371 1637 4427 connubia
1669 4378 1943 4432 mentem.
2171 4377 2327 4432 Fecit
2354 4376 2631 4447 baptismi
2666 4373 2902 4447 purgari
2930 4375 3154 4445 gurgite
3187 4389 3451 4439 mersos;

414 4455 554 4567 Esse.
574 4455 813 4567 falerata
844 4456 955 4567 fuit
978 4456 1250 4567 facundis
1283 4457 1440 4567 freta‘
1460 4458 1727 4561 loquelis,
1765 4552 1775 4562 ‘
2094 4504 2139 4567 Β
2172 4466 2534 4537 Quapropter
2564 4464 2739 4567 rubro
2772 4465 3040 4535 perfusos
3066 4462 3381 4534 sanguinis
3410 4462 3562 4567 ostro

409 4542 677 4615 Denique
708 4544 912 4599 diserti
944 4550 1305 4618 stupuerunt
1336 4548 1482 4603 forte
1513 4551 1779 4619 magistri
2094 4542 2137 4567 υ
2170 4554 2335 4610 Miles
2367 4554 2489 4608 Ada
2518 4552 2816 4608 el'nereum
2848 4553 3075 4608 faustus
3106 4552 3381 4622 perduxit
3415 4547 3677 4615 olimpum

411 4631 670 4703 Virginis
700 4632 1004 4704 ingenium
1038 4636 1330 4691 biblorum
1366 4638 1581 4694 famine
1618 4641 1824 4697 fultum
1856 4659 1868 4698 :
2170 4644 2323 4707 Quos
2356 4642 2533 4697 simul
2568 4642 2859 4697 obstruxit
2883 4640 3022 4696 felix
3052 4642 3336 4712 spelunca
3363 4634 3615 4710 sepultos

412 4720 633 4793 Nempe
666 4727 833 4777 tenax
865 4724 1064 4794 scripti
1100 4725 1287 4780 fuerat
1316 4726 1595 4799 veloxque
1625 4728 1875 4802 legendi.
2171 4730 2390 4786 Lucida
2421 4736 2711 4803 perpetuae
2742 4730 2971 4785 visuros
3000 4730 3241 4801 praemia
3270 4728 3425 4784 vitae.

408 4810 518 4865 Sed
549 4827 719 4867 secus
751 4812 940 4867 evenit
971 4814 1212 4869 fortunae
1245 4831 1419 4872 casus
1449 4834 1661 4888 Opacsa.
2166 4820 2268 4875 His
2298 4836 2552 4876 convexa
2584 4820 2698 4892 poli
2731 4820 2939 4874 merito
2971 4819 3368 4874 lustrantibus
3399 4816 3514 4871 alto

409 4903 557 4955 Dum
592 4900 723 4972 pius
755 4902 1031 4973 obposuit
1060 4904 1194 4959 fatis
1224 4908 1518 4961 contraria
1551 4908 1689 4977 fata,
2165 4908 2336 4964 Daria
2366 4926 2499 4966 cum
2534 4911 2679 4964 duro
2712 4909 2932 4980 patitur
2960 4912 3256 4964 tormenta
3284 4904 3619 4978 Cbrysanto.

406 4988 579 5045 Daria
610 5006 735 5061 qua:
767 4991 993 5045 dudum
1027 4995 1299 5050 servabat
1330 4995 1579 5051 numina
1607 4997 1814 5069 Vestae,
2167 4998 2422 5070 Impiger
2452 5007 2541 5054 ast
2574 4997 2669 5052 ille
2700 4997 2940 5052 strictus
2973 4995 3277 5051 molimine
3312 4992 3447 5050 ferri

401 5078 661 5134 Credidit
692 5078 1022 5135 Altithrono
1055 5081 1180 5136 eceli
1214 5085 1313 5154 qui
1345 5094 1573 5155 sceptra
1602 5088 1893 5158 gubernat
2162 5088 2447 5143 Truditur
2477 5087 2533 5142 in
2566 5087 2836 5142 tenebras
2868 5085 3100 5141 laturus
3130 5084 3387 5141 carceris
3417 5086 3575 5137 atrus

399 5166 691 5224 Facundia
722 5168 883 5240 virgo
915 5168 1108 5225 verbis
1141 5186 1421 5228 conversa
1450 5174 1782 5247 Chrysanti.
2160 5177 2380 5232 Luaida
2410 5192 2526 5247 quo
2561 5175 2777 5247 putidis
2806 5174 3100 5230 ﬂuxerunt
3130 5180 3394 5230 stercora
3423 5164 3651 5239 criptis;

395 5255 561 5311 Tunc
592 5256 871 5312 simulata
898 5256 1054 5312 thori
1087 5258 1317 5330 ﬁngunt
1349 5264 1643 5319 consortia
1675 5265 1813 5335 fata,
2157 5267 2397 5322 Nectare
2428 5267 2530 5321 sed
2563 5266 2731 5321 fmtor
2760 5265 2916 5321 cedit
2945 5281 3049 5320 ceu
3072 5263 3202 5320 luce
3233 5262 3494 5319 latebrae.

386 5344 645 5400 Moribus
678 5350 735 5401 et
762 5347 943 5401 castis
969 5347 1169 5402 vivunt
1198 5350 1560 5406 concorditer
1589 5354 1784 5423 ambo,
2157 5355 2435 5410 Traditur
2466 5356 2686 5411 interea
2714 5362 2773 5410 et
2803 5352 3103 5410 sceleratis
3134 5352 3309 5409 Daria
3340 5345 3546 5406 scortis

388 5430 462 5489 Ut
492 5450 773 5505 spurcum
809 5436 1045 5506 penitus
1076 5437 1329 5493 vitarent
1360 5446 1588 5510 pectore
1623 5459 1849 5499 naevum
2158 5443 2557 5499 Prostibulum
2592 5444 2809 5500 mecbae
2834 5448 3150 5514 penetrans
3181 5442 3310 5498 sine
3339 5435 3584 5495 crimine
3610 5440 3743 5485 sevo.

455 5588 535 5658 (a)
571 5590 718 5643 Pour
750 5586 975 5660 πρώτω,
1008 5605 1122 5659 que
1166 5588 1218 5645 le
1268 5594 1432 5661 poéte
1465 5610 1499 5647 a
1529 5592 1782 5651 latinisé.
1820 5597 1950 5653 MIL.
1986 5602 2042 5653 et
2224 5596 2294 5666 (ο)
2329 5594 2493 5649 Lisez
2522 5596 2741 5650 cedunt.
2775 5596 2939 5650 MiLL.
2973 5598 3029 5648 et
3056 5597 3201 5649 AUB.

385 5656 535 5738 Ausi.
568 5731 603 5738 _
793 5656 802 5660 ’
865 5731 874 5738 ι
958 5656 974 5738 ⁷-
1024 5656 1060 5738 ί
1106 5735 1117 5738 ἓ
1191 5731 1228 5738 __
1268 5656 1285 5661 ”
1445 5735 1472 5738 __
1607 5736 1654 5738 υ
2225 5656 2483 5738 (d'lPour
2510 5669 2756 5723 virorum
2784 5686 2805 5721 .’
2836 5666 2986 5723 mais
3020 5666 3295 5737 ilyaune
3328 5663 3482 5719 faulo
3511 5656 3576 5712 d0
3608 5661 3765 5721 qum’

460 5730 534 5801 (b)
568 5731 721 5788 Pour
748 5731 899 5804 queis
928 5731 1297 5789 c’est-a-dire
1352 5735 1569 5806 quibus.
1605 5736 1773 5795 MILL.
1805 5745 1860 5797 et
1893 5742 2036 5799 Aes.
2150 5730 2474 5798 titéfoLL.
2505 5744 2562 5796 et
2590 5740 2734 5797 Aes.
