  <div class='ocr_page' id='page_1' title='image "/cluster/home/n/w/nwhite01/storage/ocr_20150623/74/hvd.32044054758792/273.png"; bbox 0 0 3902 6170; ppageno 0'>
   <div class='ocr_carea' id='block_1_1' title="bbox 328 243 1993 312">
    <p class='ocr_par' dir='ltr' id='par_1_1' title="bbox 328 245 1993 312">
     <span class='ocr_line' id='line_1_1' title="bbox 328 245 1993 312; baseline -0.005 -5"><span class='ocrx_word' id='word_1_1' title='bbox 328 254 437 307; x_wconf 87' lang='grc'><strong>535</strong></span> <span class='ocrx_word' id='word_1_2' title='bbox 1173 248 1516 304; x_wconf 78' lang='grc' dir='ltr'><strong>ΔΒΒΕΝΒΑ</strong></span> <span class='ocrx_word' id='word_1_3' title='bbox 1552 248 1651 304; x_wconf 85' lang='grc' dir='ltr'><strong>ΔΙ)</strong></span> <span class='ocrx_word' id='word_1_4' title='bbox 1689 246 1877 312; x_wconf 82' lang='lat' dir='ltr'><strong>QUOS</strong></span> <span class='ocrx_word' id='word_1_5' title='bbox 1887 245 1993 301; x_wconf 78' lang='lat' dir='ltr'><strong>DA]</strong></span> 
     </span>
    </p>
   </div>
   <div class='ocr_carea' id='block_1_2' title="bbox 2142 243 3667 312">
    <p class='ocr_par' dir='ltr' id='par_1_2' title="bbox 2142 243 3667 309">
     <span class='ocr_line' id='line_1_2' title="bbox 2142 243 3667 309; baseline 0.005 -8"><span class='ocrx_word' id='word_1_6' title='bbox 2142 247 2612 303; x_wconf 57' lang='lat' dir='ltr'><strong>{ECEDENTBS</strong></span> <span class='ocrx_word' id='word_1_7' title='bbox 2646 243 2903 302; x_wconf 79' lang='lat' dir='ltr'><strong>TOMOS.</strong></span> <span class='ocrx_word' id='word_1_8' title='bbox 3577 254 3667 309; x_wconf 75' lang='lat'><strong>536</strong></span> 
     </span>
    </p>
   </div>
   <div class='ocr_carea' id='block_1_3' title="bbox 317 367 3670 448">
    <p class='ocr_par' dir='ltr' id='par_1_3' title="bbox 317 367 3670 448">
     <span class='ocr_line' id='line_1_3' title="bbox 317 367 3670 448; baseline 0 -16"><span class='ocrx_word' id='word_1_9' title='bbox 317 377 461 447; x_wconf 83' lang='lat' dir='ltr'><strong>jeci,</strong></span> <span class='ocrx_word' id='word_1_10' title='bbox 494 378 560 431; x_wconf 92' lang='lat' dir='ltr'><strong>ut</strong></span> <span class='ocrx_word' id='word_1_11' title='bbox 589 390 739 448; x_wconf 91' lang='lat' dir='ltr'><strong>quos</strong></span> <span class='ocrx_word' id='word_1_12' title='bbox 772 374 985 446; x_wconf 88' lang='lat' dir='ltr'><strong>peitate</strong></span> <span class='ocrx_word' id='word_1_13' title='bbox 1004 373 1386 443; x_wconf 81' lang='lat' dir='ltr'><strong>doctrinaque</strong></span> <span class='ocrx_word' id='word_1_14' title='bbox 1407 375 1751 441; x_wconf 78' lang='lat' dir='ltr'><strong>praestantes</strong></span> <span class='ocrx_word' id='word_1_15' title='bbox 1776 369 1980 436; x_wconf 80' lang='lat' dir='ltr'><strong>fuisse,</strong></span> <span class='ocrx_word' id='word_1_16' title='bbox 2011 372 2062 435; x_wconf 82' lang='grc' dir='ltr'><strong>Α</strong></span> <span class='ocrx_word' id='word_1_17' title='bbox 2095 370 2505 438; x_wconf 88' lang='lat' dir='ltr'><strong>obtestari,neo</strong></span> <span class='ocrx_word' id='word_1_18' title='bbox 2529 370 2693 443; x_wconf 89' lang='lat' dir='ltr'><strong>prius</strong></span> <span class='ocrx_word' id='word_1_19' title='bbox 2723 367 2930 425; x_wconf 87' lang='lat' dir='ltr'><strong>orandi</strong></span> <span class='ocrx_word' id='word_1_20' title='bbox 2955 368 3128 423; x_wconf 84' lang='lat' dir='ltr'><strong>finem</strong></span> <span class='ocrx_word' id='word_1_21' title='bbox 3152 367 3327 425; x_wconf 85' lang='lat' dir='ltr'><strong>tacere</strong></span> <span class='ocrx_word' id='word_1_22' title='bbox 3347 387 3503 442; x_wconf 87' lang='lat' dir='ltr'><strong>quam</strong></span> <span class='ocrx_word' id='word_1_23' title='bbox 3524 376 3670 432; x_wconf 83' lang='lat' dir='ltr'><strong>ﬁdem</strong></span> 
     </span>
    </p>
   </div>
   <div class='ocr_carea' id='block_1_4' title="bbox 329 458 3673 539">
    <p class='ocr_par' dir='ltr' id='par_1_4' title="bbox 329 458 3673 539">
     <span class='ocr_line' id='line_1_4' title="bbox 329 458 3673 539; baseline 0 -19"><span class='ocrx_word' id='word_1_24' title='bbox 329 464 706 539; x_wconf 73' lang='lat' dir='ltr'><strong>publicisque</strong></span> <span class='ocrx_word' id='word_1_25' title='bbox 726 462 1713 534; x_wconf 80' lang='lat' dir='ltr'><strong>muneribusegregiefunctos,tum</strong></span> <span class='ocrx_word' id='word_1_26' title='bbox 1732 460 1982 514; x_wconf 82' lang='lat' dir='ltr'><strong>maxime</strong></span> <span class='ocrx_word' id='word_1_27' title='bbox 2092 460 2152 515; x_wconf 89' lang='lat' dir='ltr'><strong>in</strong></span> <span class='ocrx_word' id='word_1_28' title='bbox 2184 461 2239 515; x_wconf 91' lang='lat' dir='ltr'><strong>id</strong></span> <span class='ocrx_word' id='word_1_29' title='bbox 2268 477 2454 516; x_wconf 83' lang='lat' dir='ltr'><strong>meam</strong></span> <span class='ocrx_word' id='word_1_30' title='bbox 2471 460 2943 517; x_wconf 84' lang='lat' dir='ltr'><strong>obstrinxissem.</strong></span> <span class='ocrx_word' id='word_1_31' title='bbox 2965 458 3106 512; x_wconf 89' lang='lat' dir='ltr'><strong>Eam</strong></span> <span class='ocrx_word' id='word_1_32' title='bbox 3139 474 3269 530; x_wconf 86' lang='lat' dir='ltr'><strong>ergo</strong></span> <span class='ocrx_word' id='word_1_33' title='bbox 3292 476 3430 516; x_wconf 88' lang='lat' dir='ltr'><strong>nunc</strong></span> <span class='ocrx_word' id='word_1_34' title='bbox 3455 463 3673 533; x_wconf 89' lang='lat' dir='ltr'><strong>primum</strong></span> 
     </span>
    </p>
   </div>
   <div class='ocr_carea' id='block_1_5' title="bbox 327 547 3681 626">
    <p class='ocr_par' dir='ltr' id='par_1_5' title="bbox 327 547 3681 626">
     <span class='ocr_line' id='line_1_5' title="bbox 327 547 3681 626; baseline 0 -18"><span class='ocrx_word' id='word_1_35' title='bbox 327 570 577 626; x_wconf 85' lang='lat' dir='ltr'><strong>quorum</strong></span> <span class='ocrx_word' id='word_1_36' title='bbox 599 552 940 609; x_wconf 82' lang='lat' dir='ltr'><strong>memoriam</strong></span> <span class='ocrx_word' id='word_1_37' title='bbox 958 549 1728 606; x_wconf 87' lang='lat' dir='ltr'><strong>cineribuscontumulatam</strong></span> <span class='ocrx_word' id='word_1_38' title='bbox 1748 564 1981 604; x_wconf 89' lang='lat' dir='ltr'><strong>nossem</strong></span> <span class='ocrx_word' id='word_1_39' title='bbox 2094 554 2207 605; x_wconf 74' lang='lat' dir='ltr'><strong>Pco</strong></span> <span class='ocrx_word' id='word_1_40' title='bbox 2237 552 2496 622; x_wconf 80' lang='lat' dir='ltr'><strong>auspice,</strong></span> <span class='ocrx_word' id='word_1_41' title='bbox 2530 554 2705 620; x_wconf 88' lang='lat' dir='ltr'><strong>atque</strong></span> <span class='ocrx_word' id='word_1_42' title='bbox 2736 548 2959 603; x_wconf 90' lang='lat' dir='ltr'><strong>utinam</strong></span> <span class='ocrx_word' id='word_1_43' title='bbox 2993 547 3185 601; x_wconf 82' lang='lat' dir='ltr'><strong>fausto</strong></span> <span class='ocrx_word' id='word_1_44' title='bbox 3231 554 3423 604; x_wconf 81' lang='lat' dir='ltr'><strong>eventu</strong></span> <span class='ocrx_word' id='word_1_45' title='bbox 3469 552 3681 609; x_wconf 87' lang='lat' dir='ltr'><strong>liberare</strong></span> 
     </span>
    </p>
   </div>
   <div class='ocr_carea' id='block_1_6' title="bbox 328 638 2432 714">
    <p class='ocr_par' dir='ltr' id='par_1_6' title="bbox 328 638 2432 714">
     <span class='ocr_line' id='line_1_6' title="bbox 328 638 2432 714; baseline -0.002 -15"><span class='ocrx_word' id='word_1_46' title='bbox 328 645 399 699; x_wconf 92' lang='lat' dir='ltr'><strong>de</strong></span> <span class='ocrx_word' id='word_1_47' title='bbox 430 659 633 699; x_wconf 85' lang='lat' dir='ltr'><strong>eorum</strong></span> <span class='ocrx_word' id='word_1_48' title='bbox 658 640 864 714; x_wconf 88' lang='lat' dir='ltr'><strong>patria,</strong></span> <span class='ocrx_word' id='word_1_49' title='bbox 894 639 1128 707; x_wconf 90' lang='lat' dir='ltr'><strong>studiis,</strong></span> <span class='ocrx_word' id='word_1_50' title='bbox 1153 655 1218 694; x_wconf 89' lang='lat' dir='ltr'><strong>ac</strong></span> <span class='ocrx_word' id='word_1_51' title='bbox 1242 638 1548 712; x_wconf 70' lang='lat' dir='ltr'><strong>praecipuis</strong></span> <span class='ocrx_word' id='word_1_52' title='bbox 1578 639 1759 711; x_wconf 90' lang='lat' dir='ltr'><strong>gestis</strong></span> <span class='ocrx_word' id='word_1_53' title='bbox 1800 654 1986 709; x_wconf 89' lang='lat' dir='ltr'><strong>pauca</strong></span> <span class='ocrx_word' id='word_1_54' title='bbox 2091 640 2432 713; x_wconf 79' lang='lat' dir='ltr'><strong>incipimus.</strong></span> 
     </span>
    </p>
   </div>
   <div class='ocr_carea' id='block_1_7' title="bbox 327 727 3687 805">
    <p class='ocr_par' dir='ltr' id='par_1_7' title="bbox 327 727 3687 805">
     <span class='ocr_line' id='line_1_7' title="bbox 327 727 3687 805; baseline -0 -16"><span class='ocrx_word' id='word_1_55' title='bbox 327 731 639 805; x_wconf 83' lang='lat' dir='ltr'><strong>sepulcrali</strong></span> <span class='ocrx_word' id='word_1_56' title='bbox 673 729 862 802; x_wconf 89' lang='lat' dir='ltr'><strong>elogio</strong></span> <span class='ocrx_word' id='word_1_57' title='bbox 893 729 1638 801; x_wconf 87' lang='lat' dir='ltr'><strong>subnecterem,tontesque</strong></span> <span class='ocrx_word' id='word_1_58' title='bbox 1671 728 1827 783; x_wconf 90' lang='lat' dir='ltr'><strong>unde</strong></span> <span class='ocrx_word' id='word_1_59' title='bbox 1859 727 1981 800; x_wconf 87' lang='lat' dir='ltr'><strong>ple-</strong></span> <span class='ocrx_word' id='word_1_60' title='bbox 2165 730 2398 785; x_wconf 82' lang='lat' dir='ltr'><strong>Primus</strong></span> <span class='ocrx_word' id='word_1_61' title='bbox 2429 729 2613 802; x_wconf 82' lang='lat' dir='ltr'><strong>igitur</strong></span> <span class='ocrx_word' id='word_1_62' title='bbox 2642 727 2907 784; x_wconf 91' lang='lat' dir='ltr'><strong>omnium</strong></span> <span class='ocrx_word' id='word_1_63' title='bbox 2942 730 3043 799; x_wconf 90' lang='lat' dir='ltr'><strong>qui</strong></span> <span class='ocrx_word' id='word_1_64' title='bbox 3094 730 3352 782; x_wconf 83' lang='lat' dir='ltr'><strong>sanctum</strong></span> <span class='ocrx_word' id='word_1_65' title='bbox 3406 728 3687 788; x_wconf 77' lang='lat' dir='ltr'><strong>Damasum</strong></span> 
     </span>
    </p>
   </div>
   <div class='ocr_carea' id='block_1_8' title="bbox 334 816 3689 893">
    <p class='ocr_par' dir='ltr' id='par_1_8' title="bbox 334 816 3689 893">
     <span class='ocr_line' id='line_1_8' title="bbox 334 816 3689 893; baseline 0 -16"><span class='ocrx_word' id='word_1_66' title='bbox 334 822 463 877; x_wconf 89' lang='lat' dir='ltr'><strong>nior</strong></span> <span class='ocrx_word' id='word_1_67' title='bbox 492 821 756 893; x_wconf 88' lang='lat' dir='ltr'><strong>ipsorum</strong></span> <span class='ocrx_word' id='word_1_68' title='bbox 781 818 989 876; x_wconf 80' lang='lat' dir='ltr'><strong>notitia</strong></span> <span class='ocrx_word' id='word_1_69' title='bbox 1010 819 1231 875; x_wconf 92' lang='lat' dir='ltr'><strong>hauriri</strong></span> <span class='ocrx_word' id='word_1_70' title='bbox 1265 822 1461 890; x_wconf 87' lang='lat' dir='ltr'><strong>posset</strong></span> <span class='ocrx_word' id='word_1_71' title='bbox 1481 818 1825 874; x_wconf 88' lang='lat' dir='ltr'><strong>indicarem.</strong></span> <span class='ocrx_word' id='word_1_72' title='bbox 2092 818 2617 891; x_wconf 74' lang='lat' dir='ltr'><strong>pontiﬁcemlonga</strong></span> <span class='ocrx_word' id='word_1_73' title='bbox 2639 816 2989 874; x_wconf 63' lang='lat' dir='ltr'><strong>saeculorum</strong></span> <span class='ocrx_word' id='word_1_74' title='bbox 3013 819 3387 873; x_wconf 86' lang='lat' dir='ltr'><strong>consensione</strong></span> <span class='ocrx_word' id='word_1_75' title='bbox 3400 834 3493 889; x_wconf 89' lang='lat' dir='ltr'><strong>pro</strong></span> <span class='ocrx_word' id='word_1_76' title='bbox 3515 818 3689 893; x_wconf 87' lang='lat' dir='ltr'><strong>Hispa-</strong></span> 
     </span>
    </p>
   </div>
   <div class='ocr_carea' id='block_1_9' title="bbox 2094 905 3692 977">
    <p class='ocr_par' dir='ltr' id='par_1_9' title="bbox 2094 905 3692 977">
     <span class='ocr_line' id='line_1_9' title="bbox 2094 905 3692 977; baseline -0.001 -12"><span class='ocrx_word' id='word_1_77' title='bbox 2094 926 2166 965; x_wconf 82' lang='lat' dir='ltr'><strong>no</strong></span> <span class='ocrx_word' id='word_1_78' title='bbox 2199 909 2467 965; x_wconf 90' lang='lat' dir='ltr'><strong>habitum</strong></span> <span class='ocrx_word' id='word_1_79' title='bbox 2502 908 2784 963; x_wconf 82' lang='lat' dir='ltr'><strong>Romanis</strong></span> <span class='ocrx_word' id='word_1_80' title='bbox 2816 906 3102 973; x_wconf 80' lang='lat' dir='ltr'><strong>attribuit,</strong></span> <span class='ocrx_word' id='word_1_81' title='bbox 3158 905 3365 977; x_wconf 80' lang='lat' dir='ltr'><strong>quique</strong></span> <span class='ocrx_word' id='word_1_82' title='bbox 3407 908 3692 965; x_wconf 85' lang='lat' dir='ltr'><strong>recentium</strong></span> 
     </span>
    </p>
   </div>
   <div class='ocr_carea' id='block_1_10' title="bbox 2091 995 3695 1070">
    <p class='ocr_par' dir='ltr' id='par_1_10' title="bbox 2091 995 3695 1070">
     <span class='ocr_line' id='line_1_10' title="bbox 2091 995 3695 1070; baseline 0 -17"><span class='ocrx_word' id='word_1_83' title='bbox 2091 1004 2474 1070; x_wconf 82' lang='lat' dir='ltr'><strong>veterumque</strong></span> <span class='ocrx_word' id='word_1_84' title='bbox 2505 996 2856 1068; x_wconf 90' lang='lat' dir='ltr'><strong>scriptorum</strong></span> <span class='ocrx_word' id='word_1_85' title='bbox 2892 995 3066 1050; x_wconf 81' lang='lat' dir='ltr'><strong>fidem</strong></span> <span class='ocrx_word' id='word_1_86' title='bbox 3096 1011 3163 1050; x_wconf 89' lang='lat' dir='ltr'><strong>ac</strong></span> <span class='ocrx_word' id='word_1_87' title='bbox 3206 995 3695 1053; x_wconf 89' lang='lat' dir='ltr'><strong>vetustissimorum</strong></span> 
     </span>
    </p>
   </div>
   <div class='ocr_carea' id='block_1_11' title="bbox 2095 1083 3698 1156">
    <p class='ocr_par' dir='ltr' id='par_1_11' title="bbox 2095 1083 3698 1156">
     <span class='ocr_line' id='line_1_11' title="bbox 2095 1083 3698 1156; baseline -0.001 -13"><span class='ocrx_word' id='word_1_88' title='bbox 2095 1088 2371 1144; x_wconf 89' lang='lat' dir='ltr'><strong>Codicum</strong></span> <span class='ocrx_word' id='word_1_89' title='bbox 2406 1086 2813 1143; x_wconf 88' lang='lat' dir='ltr'><strong>auctoritatem</strong></span> <span class='ocrx_word' id='word_1_90' title='bbox 2848 1083 2989 1140; x_wconf 87' lang='lat' dir='ltr'><strong>solis</strong></span> <span class='ocrx_word' id='word_1_91' title='bbox 3030 1083 3219 1156; x_wconf 92' lang='lat' dir='ltr'><strong>iisque</strong></span> <span class='ocrx_word' id='word_1_92' title='bbox 3248 1100 3358 1140; x_wconf 92' lang='lat' dir='ltr'><strong>non</strong></span> <span class='ocrx_word' id='word_1_93' title='bbox 3415 1086 3698 1142; x_wconf 87' lang='lat' dir='ltr'><strong>admodum</strong></span> 
     </span>
    </p>
   </div>
   <div class='ocr_carea' id='block_1_12' title="bbox 2097 1173 3703 1249">
    <p class='ocr_par' dir='ltr' id='par_1_12' title="bbox 2097 1173 3703 1249">
     <span class='ocr_line' id='line_1_12' title="bbox 2097 1173 3703 1249; baseline -0.002 -15"><span class='ocrx_word' id='word_1_94' title='bbox 2097 1178 2285 1233; x_wconf 83' lang='lat' dir='ltr'><strong>firmis</strong></span> <span class='ocrx_word' id='word_1_95' title='bbox 2304 1175 2659 1249; x_wconf 89' lang='lat' dir='ltr'><strong>conjecturis</strong></span> <span class='ocrx_word' id='word_1_96' title='bbox 2683 1173 3122 1245; x_wconf 90' lang='lat' dir='ltr'><strong>posthabendas</strong></span> <span class='ocrx_word' id='word_1_97' title='bbox 3144 1174 3388 1239; x_wconf 89' lang='lat' dir='ltr'><strong>censuit,</strong></span> <span class='ocrx_word' id='word_1_98' title='bbox 3415 1173 3703 1231; x_wconf 90' lang='lat' dir='ltr'><strong>Tillemon-</strong></span> 
     </span>
    </p>
   </div>
   <div class='ocr_carea' id='block_1_13' title="bbox 404 933 1982 1007">
    <p class='ocr_par' dir='ltr' id='par_1_13' title="bbox 404 933 1982 1007">
     <span class='ocr_line' id='line_1_13' title="bbox 404 933 1982 1007; baseline -0.002 -14"><span class='ocrx_word' id='word_1_99' title='bbox 404 942 536 993; x_wconf 74' lang='lat' dir='ltr'><strong>Hiec</strong></span> <span class='ocrx_word' id='word_1_100' title='bbox 569 936 757 991; x_wconf 81' lang='lat' dir='ltr'><strong>fuerat</strong></span> <span class='ocrx_word' id='word_1_101' title='bbox 787 934 1060 991; x_wconf 85' lang='lat' dir='ltr'><strong>universa</strong></span> <span class='ocrx_word' id='word_1_102' title='bbox 1082 933 1365 1007; x_wconf 89' lang='lat' dir='ltr'><strong>propositi</strong></span> <span class='ocrx_word' id='word_1_103' title='bbox 1389 934 1573 990; x_wconf 89' lang='lat' dir='ltr'><strong>nostri</strong></span> <span class='ocrx_word' id='word_1_104' title='bbox 1606 935 1775 1000; x_wconf 90' lang='lat' dir='ltr'><strong>ratio,</strong></span> <span class='ocrx_word' id='word_1_105' title='bbox 1804 950 1982 1006; x_wconf 91' lang='lat' dir='ltr'><strong>quam</strong></span> 
     </span>
    </p>
   </div>
   <div class='ocr_carea' id='block_1_14' title="bbox 334 1023 1985 1097">
    <p class='ocr_par' dir='ltr' id='par_1_14' title="bbox 334 1023 1985 1097">
     <span class='ocr_line' id='line_1_14' title="bbox 334 1023 1985 1097; baseline -0.002 -16"><span class='ocrx_word' id='word_1_106' title='bbox 334 1028 473 1081; x_wconf 91' lang='lat' dir='ltr'><strong>dum</strong></span> <span class='ocrx_word' id='word_1_107' title='bbox 491 1025 733 1097; x_wconf 90' lang='lat' dir='ltr'><strong>propius</strong></span> <span class='ocrx_word' id='word_1_108' title='bbox 752 1024 1467 1097; x_wconf 89' lang='lat' dir='ltr'><strong>urgereincipimus,aqua</strong></span> <span class='ocrx_word' id='word_1_109' title='bbox 1482 1024 1673 1079; x_wconf 89' lang='lat' dir='ltr'><strong>denuo</strong></span> <span class='ocrx_word' id='word_1_110' title='bbox 1692 1024 1861 1079; x_wconf 90' lang='lat' dir='ltr'><strong>nobis</strong></span> <span class='ocrx_word' id='word_1_111' title='bbox 1874 1023 1985 1078; x_wconf 70' lang='lat' dir='ltr'><strong>hae-</strong></span> 
     </span>
    </p>
   </div>
   <div class='ocr_carea' id='block_1_15' title="bbox 331 1112 1986 1183">
    <p class='ocr_par' dir='ltr' id='par_1_15' title="bbox 331 1112 1986 1183">
     <span class='ocr_line' id='line_1_15' title="bbox 331 1112 1986 1183; baseline -0.001 -14"><span class='ocrx_word' id='word_1_112' title='bbox 331 1116 425 1171; x_wconf 90' lang='lat' dir='ltr'><strong>sit.</strong></span> <span class='ocrx_word' id='word_1_113' title='bbox 450 1114 595 1169; x_wconf 85' lang='lat' dir='ltr'><strong>Eum</strong></span> <span class='ocrx_word' id='word_1_114' title='bbox 617 1114 832 1169; x_wconf 88' lang='lat' dir='ltr'><strong>etenim</strong></span> <span class='ocrx_word' id='word_1_115' title='bbox 858 1129 1157 1169; x_wconf 90' lang='lat' dir='ltr'><strong>summum</strong></span> <span class='ocrx_word' id='word_1_116' title='bbox 1173 1113 1496 1168; x_wconf 86' lang='lat' dir='ltr'><strong>antistitem</strong></span> <span class='ocrx_word' id='word_1_117' title='bbox 1525 1112 1986 1183; x_wconf 65' lang='lat' dir='ltr'><strong>Damasumldoc-</strong></span> 
     </span>
    </p>
   </div>
   <div class='ocr_carea' id='block_1_16' title="bbox 331 1201 1987 1274">
    <p class='ocr_par' dir='ltr' id='par_1_16' title="bbox 331 1201 1987 1274">
     <span class='ocr_line' id='line_1_16' title="bbox 331 1201 1987 1274; baseline -0.002 -15"><span class='ocrx_word' id='word_1_118' title='bbox 331 1205 495 1259; x_wconf 74' lang='lat' dir='ltr'><strong>trinis</strong></span> <span class='ocrx_word' id='word_1_119' title='bbox 530 1220 597 1259; x_wconf 88' lang='lat' dir='ltr'><strong>ac</strong></span> <span class='ocrx_word' id='word_1_120' title='bbox 630 1202 937 1274; x_wconf 86' lang='lat' dir='ltr'><strong>dignitatis</strong></span> <span class='ocrx_word' id='word_1_121' title='bbox 966 1201 1159 1268; x_wconf 87' lang='lat' dir='ltr'><strong>laude,</strong></span> <span class='ocrx_word' id='word_1_122' title='bbox 1195 1201 1525 1274; x_wconf 82' lang='lat' dir='ltr'><strong>archetypis</strong></span> <span class='ocrx_word' id='word_1_123' title='bbox 1556 1206 1831 1273; x_wconf 68' lang='lat' dir='ltr'><strong>praeterea</strong></span> <span class='ocrx_word' id='word_1_124' title='bbox 1864 1218 1987 1256; x_wconf 89' lang='lat' dir='ltr'><strong>mo-</strong></span> 
     </span>
    </p>
   </div>
   <div class='ocr_carea' id='block_1_17' title="bbox 337 1264 3705 1363">
    <p class='ocr_par' dir='ltr' id='par_1_17' title="bbox 337 1264 3705 1363">
     <span class='ocr_line' id='line_1_17' title="bbox 337 1264 3705 1363; baseline -0.002 -15"><span class='ocrx_word' id='word_1_125' title='bbox 337 1293 639 1348; x_wconf 91' lang='lat' dir='ltr'><strong>numentis</strong></span> <span class='ocrx_word' id='word_1_126' title='bbox 669 1264 857 1363; x_wconf 71' lang='lat' dir='ltr'><strong>ipsius</strong></span> <span class='ocrx_word' id='word_1_127' title='bbox 881 1292 1119 1347; x_wconf 88' lang='lat' dir='ltr'><strong>nomine</strong></span> <span class='ocrx_word' id='word_1_128' title='bbox 1141 1264 1464 1362; x_wconf 55' lang='lat' dir='ltr'><strong>inscriptis,</strong></span> <span class='ocrx_word' id='word_1_129' title='bbox 1498 1264 1770 1361; x_wconf 55' lang='lat' dir='ltr'><strong>etusque</strong></span> <span class='ocrx_word' id='word_1_130' title='bbox 1794 1291 1989 1346; x_wconf 67' lang='lat' dir='ltr'><strong>Roma</strong></span> <span class='ocrx_word' id='word_1_131' title='bbox 2098 1268 2219 1322; x_wconf 66' lang='grc' dir='ltr'>ίίυθ</span> <span class='ocrx_word' id='word_1_132' title='bbox 2245 1267 2355 1322; x_wconf 52' lang='lat' dir='ltr'><strong>(“it</strong></span> <span class='ocrx_word' id='word_1_133' title='bbox 2385 1267 2593 1363; x_wconf 36' lang='lat' dir='ltr'><strong>(“if-{3’</strong></span> <span class='ocrx_word' id='word_1_134' title='bbox 2616 1264 2980 1363; x_wconf 54' lang='lat' dir='ltr'><strong>qP°d_9‘?ir°t</strong></span> <span class='ocrx_word' id='word_1_135' title='bbox 3006 1264 3317 1363; x_wconf 55' lang='lat' dir='ltr'><strong>Damfisum</strong></span> <span class='ocrx_word' id='word_1_136' title='bbox 3337 1264 3521 1319; x_wconf 49' lang='lat' dir='ltr'><strong>Roma</strong></span> <span class='ocrx_word' id='word_1_137' title='bbox 3542 1282 3571 1319; x_wconf 72' lang='grc'>⁸</span> <span class='ocrx_word' id='word_1_138' title='bbox 3591 1281 3705 1336; x_wconf 70' lang='grc' dir='ltr'><strong>Ρυθ·</strong></span> 
     </span>
    </p>
   </div>
   <div class='ocr_carea' id='block_1_18' title="bbox 337 1352 1993 1453">
    <p class='ocr_par' dir='ltr' id='par_1_18' title="bbox 337 1352 1989 1453">
     <span class='ocr_line' id='line_1_18' title="bbox 337 1352 1989 1453; baseline -0.002 -14"><span class='ocrx_word' id='word_1_139' title='bbox 337 1352 760 1453; x_wconf 80' lang='lat' dir='ltr'><strong>superstitibus</strong></span> <span class='ocrx_word' id='word_1_140' title='bbox 790 1386 924 1437; x_wconf 88' lang='lat' dir='ltr'><strong>ante</strong></span> <span class='ocrx_word' id='word_1_141' title='bbox 955 1379 1102 1435; x_wconf 90' lang='lat' dir='ltr'><strong>alios</strong></span> <span class='ocrx_word' id='word_1_142' title='bbox 1122 1352 1527 1447; x_wconf 83' lang='lat' dir='ltr'><strong>illustriorem,</strong></span> <span class='ocrx_word' id='word_1_143' title='bbox 1584 1352 1831 1451; x_wconf 77' lang='lat' dir='ltr'><strong>dignum</strong></span> <span class='ocrx_word' id='word_1_144' title='bbox 1875 1397 1989 1452; x_wconf 69' lang='lat' dir='ltr'><strong>pra)</strong></span> 
     </span>
    </p>
   </div>
   <div class='ocr_carea' id='block_1_19' title="bbox 2142 1352 3711 1453">
    <p class='ocr_par' dir='ltr' id='par_1_19' title="bbox 2142 1352 3711 1425">
     <span class='ocr_line' id='line_1_19' title="bbox 2142 1352 3711 1425; baseline -0.002 -13"><span class='ocrx_word' id='word_1_145' title='bbox 2142 1373 2357 1412; x_wconf 65' lang='lat' dir='ltr'><strong>)sacrm</strong></span> <span class='ocrx_word' id='word_1_146' title='bbox 2384 1354 2605 1410; x_wconf 70' lang='lat' dir='ltr'><strong>militiae</strong></span> <span class='ocrx_word' id='word_1_147' title='bbox 2630 1353 2967 1409; x_wconf 89' lang='lat' dir='ltr'><strong>tirocinium</strong></span> <span class='ocrx_word' id='word_1_148' title='bbox 2994 1352 3509 1425; x_wconf 86' lang='lat' dir='ltr'><strong>posuisse,perque</strong></span> <span class='ocrx_word' id='word_1_149' title='bbox 3538 1370 3711 1409; x_wconf 90' lang='lat' dir='ltr'><strong>omnes</strong></span> 
     </span>
    </p>
   </div>
   <div class='ocr_carea' id='block_1_20' title="bbox 337 1441 3713 1543">
    <p class='ocr_par' dir='ltr' id='par_1_20' title="bbox 337 1441 3713 1542">
     <span class='ocr_line' id='line_1_20' title="bbox 337 1441 3713 1542; baseline -0.002 -39"><span class='ocrx_word' id='word_1_150' title='bbox 337 1441 562 1527; x_wconf 61' lang='grc' dir='ltr'><strong>οωὶθτίε</strong></span> <span class='ocrx_word' id='word_1_151' title='bbox 583 1470 942 1525; x_wconf 59' lang='lat' dir='ltr'><strong>arbitramur</strong></span> <span class='ocrx_word' id='word_1_152' title='bbox 963 1470 1065 1541; x_wconf 63' lang='lat' dir='ltr'><strong>qu;</strong></span> <span class='ocrx_word' id='word_1_153' title='bbox 1084 1468 1476 1540; x_wconf 61' lang='lat' dir='ltr'><strong>Hispanorum</strong></span> <span class='ocrx_word' id='word_1_154' title='bbox 1510 1441 1718 1541; x_wconf 54' lang='lat' dir='ltr'><strong>,1ng,,</strong></span> <span class='ocrx_word' id='word_1_155' title='bbox 1738 1469 1793 1524; x_wconf 67' lang='lat' dir='ltr'><strong>in</strong></span> <span class='ocrx_word' id='word_1_156' title='bbox 1819 1441 1994 1541; x_wconf 61' lang='grc' dir='ltr'><strong>ορθτθ</strong></span> <span class='ocrx_word' id='word_1_157' title='bbox 2102 1444 2661 1517; x_wconf 89' lang='lat' dir='ltr'><strong>gradusalectoratu</strong></span> <span class='ocrx_word' id='word_1_158' title='bbox 2676 1458 2967 1498; x_wconf 88' lang='lat' dir='ltr'><strong>summam</strong></span> <span class='ocrx_word' id='word_1_159' title='bbox 2983 1442 3220 1497; x_wconf 88' lang='lat' dir='ltr'><strong>tandem</strong></span> <span class='ocrx_word' id='word_1_160' title='bbox 3234 1441 3713 1542; x_wconf 75' lang='lat' dir='ltr'><strong>ecclesiasticarum</strong></span> 
     </span>
    </p>
   </div>
   <div class='ocr_carea' id='block_1_21' title="bbox 338 1534 3716 1635">
    <p class='ocr_par' dir='ltr' id='par_1_21' title="bbox 338 1534 3716 1635">
     <span class='ocr_line' id='line_1_21' title="bbox 338 1534 3716 1635; baseline -0.001 -17"><span class='ocrx_word' id='word_1_161' title='bbox 338 1568 537 1619; x_wconf 89' lang='lat' dir='ltr'><strong>nostro</strong></span> <span class='ocrx_word' id='word_1_162' title='bbox 560 1563 821 1630; x_wconf 90' lang='lat' dir='ltr'><strong>duceret,</strong></span> <span class='ocrx_word' id='word_1_163' title='bbox 856 1560 1274 1616; x_wconf 90' lang='lat' dir='ltr'><strong>nonnullorum</strong></span> <span class='ocrx_word' id='word_1_164' title='bbox 1314 1561 1637 1617; x_wconf 88' lang='lat' dir='ltr'><strong>recentium</strong></span> <span class='ocrx_word' id='word_1_165' title='bbox 1673 1562 1995 1617; x_wconf 88' lang='lat' dir='ltr'><strong>auctoritas</strong></span> <span class='ocrx_word' id='word_1_166' title='bbox 2106 1551 2300 1635; x_wconf 54' lang='grc' dir='ltr'><strong>Γθῗυω</strong></span> <span class='ocrx_word' id='word_1_167' title='bbox 2337 1535 2639 1635; x_wconf 42' lang='lat' dir='ltr'><strong>“demum;</strong></span> <span class='ocrx_word' id='word_1_168' title='bbox 2674 1537 2914 1635; x_wconf 44' lang='lat' dir='ltr'><strong>patrem,</strong></span> <span class='ocrx_word' id='word_1_169' title='bbox 2951 1547 3194 1635; x_wconf 44' lang='lat' dir='ltr'><strong>“33°F”</strong></span> <span class='ocrx_word' id='word_1_170' title='bbox 3224 1547 3379 1635; x_wconf 54' lang='grc' dir='ltr'><strong>,θλξξθ</strong></span> <span class='ocrx_word' id='word_1_171' title='bbox 3430 1534 3716 1635; x_wconf 54' lang='grc' dir='ltr'><strong>Αίξδθωυω</strong></span> 
     </span>
    </p>
   </div>
   <div class='ocr_carea' id='block_1_22' title="bbox 334 1619 1993 1724">
    <p class='ocr_par' dir='ltr' id='par_1_22' title="bbox 334 1648 1993 1722">
     <span class='ocr_line' id='line_1_22' title="bbox 334 1648 1993 1722; baseline -0.001 -15"><span class='ocrx_word' id='word_1_172' title='bbox 334 1650 683 1717; x_wconf 89' lang='lat' dir='ltr'><strong>intercessit,</strong></span> <span class='ocrx_word' id='word_1_173' title='bbox 718 1650 819 1722; x_wconf 89' lang='lat' dir='ltr'><strong>qui</strong></span> <span class='ocrx_word' id='word_1_174' title='bbox 850 1654 1109 1705; x_wconf 88' lang='lat' dir='ltr'><strong>veterum</strong></span> <span class='ocrx_word' id='word_1_175' title='bbox 1152 1650 1328 1704; x_wconf 82' lang='lat' dir='ltr'><strong>ﬁdem</strong></span> <span class='ocrx_word' id='word_1_176' title='bbox 1366 1648 1609 1705; x_wconf 90' lang='lat' dir='ltr'><strong>lubricis</strong></span> <span class='ocrx_word' id='word_1_177' title='bbox 1640 1650 1993 1719; x_wconf 83' lang='lat' dir='ltr'><strong>conjecturis</strong></span> 
     </span>
    </p>
   </div>
   <div class='ocr_carea' id='block_1_23' title="bbox 2142 1619 3718 1724">
    <p class='ocr_par' dir='ltr' id='par_1_23' title="bbox 2150 1619 3718 1695">
     <span class='ocr_line' id='line_1_23' title="bbox 2150 1619 3718 1695; baseline -0.004 -16"><span class='ocrx_word' id='word_1_178' title='bbox 2150 1624 2295 1680; x_wconf 90' lang='lat' dir='ltr'><strong>rimo</strong></span> <span class='ocrx_word' id='word_1_179' title='bbox 2322 1628 2713 1695; x_wconf 81' lang='lat' dir='ltr'><strong>exceptorem,</strong></span> <span class='ocrx_word' id='word_1_180' title='bbox 2745 1637 2880 1676; x_wconf 83' lang='lat' dir='ltr'><strong>mox</strong></span> <span class='ocrx_word' id='word_1_181' title='bbox 2899 1619 3200 1687; x_wconf 86' lang='lat' dir='ltr'><strong>lectorem,</strong></span> <span class='ocrx_word' id='word_1_182' title='bbox 3224 1619 3449 1675; x_wconf 84' lang='lat' dir='ltr'><strong>levitam</strong></span> <span class='ocrx_word' id='word_1_183' title='bbox 3471 1623 3526 1673; x_wconf 89' lang='lat' dir='ltr'><strong>et</strong></span> <span class='ocrx_word' id='word_1_184' title='bbox 3552 1634 3718 1673; x_wconf 87' lang='lat' dir='ltr'><strong>sacer-</strong></span> 
     </span>
    </p>
   </div>
   <div class='ocr_carea' id='block_1_24' title="bbox 340 1710 1993 1814">
    <p class='ocr_par' dir='ltr' id='par_1_24' title="bbox 340 1710 1993 1814">
     <span class='ocr_line' id='line_1_24' title="bbox 340 1710 1993 1814; baseline -0.001 -17"><span class='ocrx_word' id='word_1_185' title='bbox 340 1710 1304 1814; x_wconf 74' lang='lat' dir='ltr'><strong>posthabentes,Damasum,seous</strong></span> <span class='ocrx_word' id='word_1_186' title='bbox 1321 1742 1499 1810; x_wconf 92' lang='lat' dir='ltr'><strong>atque</strong></span> <span class='ocrx_word' id='word_1_187' title='bbox 1514 1710 1799 1795; x_wconf 68' lang='lat' dir='ltr'><strong>hactenus</strong></span> <span class='ocrx_word' id='word_1_188' title='bbox 1811 1741 1993 1795; x_wconf 92' lang='lat' dir='ltr'><strong>credi-</strong></span> 
     </span>
    </p>
   </div>
   <div class='ocr_carea' id='block_1_25' title="bbox 2142 1710 3721 1814">
    <p class='ocr_par' dir='ltr' id='par_1_25' title="bbox 2149 1710 3721 1783">
     <span class='ocr_line' id='line_1_25' title="bbox 2149 1710 3721 1783; baseline -0.004 -14"><span class='ocrx_word' id='word_1_189' title='bbox 2149 1719 2301 1769; x_wconf 92' lang='lat' dir='ltr'><strong>otem</strong></span> <span class='ocrx_word' id='word_1_190' title='bbox 2335 1712 2538 1780; x_wconf 84' lang='lat' dir='ltr'><strong>fuisse,</strong></span> <span class='ocrx_word' id='word_1_191' title='bbox 2560 1712 2734 1783; x_wconf 92' lang='lat' dir='ltr'><strong>idque</strong></span> <span class='ocrx_word' id='word_1_192' title='bbox 2766 1711 2822 1766; x_wconf 93' lang='lat' dir='ltr'><strong>in</strong></span> <span class='ocrx_word' id='word_1_193' title='bbox 2844 1710 3086 1766; x_wconf 88' lang='lat' dir='ltr'><strong>basilica</strong></span> <span class='ocrx_word' id='word_1_194' title='bbox 3106 1714 3310 1765; x_wconf 87' lang='lat' dir='ltr'><strong>sancto</strong></span> <span class='ocrx_word' id='word_1_195' title='bbox 3334 1713 3625 1764; x_wconf 75' lang='lat' dir='ltr'><strong>Laurentio</strong></span> <span class='ocrx_word' id='word_1_196' title='bbox 3644 1724 3721 1763; x_wconf 88' lang='lat' dir='ltr'><strong>sa-</strong></span> 
     </span>
    </p>
   </div>
   <div class='ocr_carea' id='block_1_26' title="bbox 338 1798 1993 1901">
    <p class='ocr_par' dir='ltr' id='par_1_26' title="bbox 338 1829 1993 1899">
     <span class='ocr_line' id='line_1_26' title="bbox 338 1829 1993 1899; baseline -0.002 -11"><span class='ocrx_word' id='word_1_197' title='bbox 338 1838 466 1888; x_wconf 91' lang='lat' dir='ltr'><strong>tum</strong></span> <span class='ocrx_word' id='word_1_198' title='bbox 496 1832 706 1899; x_wconf 84' lang='lat' dir='ltr'><strong>fuerat,</strong></span> <span class='ocrx_word' id='word_1_199' title='bbox 733 1829 1015 1887; x_wconf 85' lang='lat' dir='ltr'><strong>Romanis</strong></span> <span class='ocrx_word' id='word_1_200' title='bbox 1036 1829 1264 1885; x_wconf 88' lang='lat' dir='ltr'><strong>civibus</strong></span> <span class='ocrx_word' id='word_1_201' title='bbox 1297 1832 1811 1885; x_wconf 89' lang='lat' dir='ltr'><strong>annumerandum</strong></span> <span class='ocrx_word' id='word_1_202' title='bbox 1862 1846 1993 1885; x_wconf 87' lang='lat' dir='ltr'><strong>cen-</strong></span> 
     </span>
    </p>
   </div>
   <div class='ocr_carea' id='block_1_27' title="bbox 2142 1798 3722 1901">
    <p class='ocr_par' dir='ltr' id='par_1_27' title="bbox 2147 1798 3722 1874">
     <span class='ocr_line' id='line_1_27' title="bbox 2147 1798 3722 1874; baseline -0.005 -15"><span class='ocrx_word' id='word_1_203' title='bbox 2147 1821 2230 1868; x_wconf 86' lang='lat' dir='ltr'><strong>ra,</strong></span> <span class='ocrx_word' id='word_1_204' title='bbox 2255 1819 2382 1874; x_wconf 61' lang='lat' dir='ltr'><strong>quae</strong></span> <span class='ocrx_word' id='word_1_205' title='bbox 2401 1800 2541 1856; x_wconf 92' lang='lat' dir='ltr'><strong>olim</strong></span> <span class='ocrx_word' id='word_1_206' title='bbox 2564 1800 2633 1855; x_wconf 89' lang='lat' dir='ltr'><strong>ad</strong></span> <span class='ocrx_word' id='word_1_207' title='bbox 2678 1800 2967 1855; x_wconf 75' lang='lat' dir='ltr'><strong>Theatrum</strong></span> <span class='ocrx_word' id='word_1_208' title='bbox 2997 1798 3253 1871; x_wconf 79' lang='lat' dir='ltr'><strong>Pompeii</strong></span> <span class='ocrx_word' id='word_1_209' title='bbox 3273 1800 3449 1864; x_wconf 91' lang='lat' dir='ltr'><strong>dicta,</strong></span> <span class='ocrx_word' id='word_1_210' title='bbox 3506 1814 3648 1853; x_wconf 89' lang='lat' dir='ltr'><strong>nunc</strong></span> <span class='ocrx_word' id='word_1_211' title='bbox 3673 1798 3722 1851; x_wconf 85' lang='lat' dir='ltr'><strong>in</strong></span> 
     </span>
    </p>
   </div>
   <div class='ocr_carea' id='block_1_28' title="bbox 345 1891 3727 1993">
    <p class='ocr_par' dir='ltr' id='par_1_28' title="bbox 345 1891 3727 1993">
     <span class='ocr_line' id='line_1_28' title="bbox 345 1891 3727 1993; baseline -0.002 -15"><span class='ocrx_word' id='word_1_212' title='bbox 345 1938 535 1989; x_wconf 90' lang='lat' dir='ltr'><strong>suere,</strong></span> <span class='ocrx_word' id='word_1_213' title='bbox 569 1920 885 1993; x_wconf 90' lang='lat' dir='ltr'><strong>ipsumque</strong></span> <span class='ocrx_word' id='word_1_214' title='bbox 917 1918 1117 1986; x_wconf 88' lang='lat' dir='ltr'><strong>etiam,</strong></span> <span class='ocrx_word' id='word_1_215' title='bbox 1142 1919 1191 1973; x_wconf 91' lang='lat' dir='ltr'><strong>si</strong></span> <span class='ocrx_word' id='word_1_216' title='bbox 1214 1918 1445 1990; x_wconf 88' lang='lat' dir='ltr'><strong>superis</strong></span> <span class='ocrx_word' id='word_1_217' title='bbox 1497 1919 1706 1991; x_wconf 87' lang='lat' dir='ltr'><strong>placet,</strong></span> <span class='ocrx_word' id='word_1_218' title='bbox 1745 1921 1997 1976; x_wconf 76' lang='lat' dir='ltr'><strong>Lauren~</strong></span> <span class='ocrx_word' id='word_1_219' title='bbox 2115 1898 2351 1993; x_wconf 48' lang='lat' dir='ltr'><strong>Dama?”</strong></span> <span class='ocrx_word' id='word_1_220' title='bbox 2382 1909 2416 1947; x_wconf 71' lang='grc'>⁸</span> <span class='ocrx_word' id='word_1_221' title='bbox 2445 1891 2762 1993; x_wconf 54' lang='grc' dir='ltr'><strong>θοξξξίηοηδ</strong></span> <span class='ocrx_word' id='word_1_222' title='bbox 2785 1905 2890 1993; x_wconf 47' lang='grc' dir='ltr'><strong>δέη</strong></span> <span class='ocrx_word' id='word_1_223' title='bbox 2914 1892 3727 1993; x_wconf 49' lang='lat' dir='ltr'><strong>V8“&quot;£}‘13‘P‘{m§°“3nn°m‘j</strong></span> 
     </span>
    </p>
   </div>
   <div class='ocr_carea' id='block_1_29' title="bbox 343 1976 3731 2080">
    <p class='ocr_par' dir='ltr' id='par_1_29' title="bbox 343 1976 3731 2080">
     <span class='ocr_line' id='line_1_29' title="bbox 343 1976 3731 2080; baseline -0.003 -40"><span class='ocrx_word' id='word_1_224' title='bbox 343 1976 501 2065; x_wconf 13' lang='lat' dir='ltr'><strong>ii’u&#39;m’</strong></span> <span class='ocrx_word' id='word_1_225' title='bbox 523 1976 759 2065; x_wconf 51' lang='grc' dir='ltr'><strong>ᾖθξίιαω</strong></span> <span class='ocrx_word' id='word_1_226' title='bbox 788 1976 849 2064; x_wconf 62' lang='lat' dir='ltr'><strong>&#39;et</strong></span> <span class='ocrx_word' id='word_1_227' title='bbox 880 1976 1192 2080; x_wconf 48' lang='lat' dir='ltr'><strong>martyrém</strong></span> <span class='ocrx_word' id='word_1_228' title='bbox 1225 1976 1711 2063; x_wconf 48' lang='lat' dir='ltr'><strong>in;ictiss}mum:</strong></span> <span class='ocrx_word' id='word_1_229' title='bbox 2112 1999 2183 2037; x_wconf 92' lang='lat' dir='ltr'><strong>ne</strong></span> <span class='ocrx_word' id='word_1_230' title='bbox 2214 1981 2386 2054; x_wconf 83' lang='lat' dir='ltr'><strong>vulgo</strong></span> <span class='ocrx_word' id='word_1_231' title='bbox 2408 1981 2595 2047; x_wconf 90' lang='lat' dir='ltr'><strong>audit,</strong></span> <span class='ocrx_word' id='word_1_232' title='bbox 2630 1997 2734 2035; x_wconf 91' lang='lat' dir='ltr'><strong>ceu</strong></span> <span class='ocrx_word' id='word_1_233' title='bbox 2760 1984 2932 2035; x_wconf 88' lang='lat' dir='ltr'><strong>vetus</strong></span> <span class='ocrx_word' id='word_1_234' title='bbox 2965 1996 3070 2034; x_wconf 88' lang='lat' dir='ltr'><strong>nos</strong></span> <span class='ocrx_word' id='word_1_235' title='bbox 3098 1979 3268 2034; x_wconf 90' lang='lat' dir='ltr'><strong>docet</strong></span> <span class='ocrx_word' id='word_1_236' title='bbox 3312 1978 3498 2050; x_wconf 89' lang='lat' dir='ltr'><strong>ipsius</strong></span> <span class='ocrx_word' id='word_1_237' title='bbox 3530 1976 3731 2032; x_wconf 87' lang='lat' dir='ltr'><strong>Damasi</strong></span> 
     </span>
    </p>
   </div>
   <div class='ocr_carea' id='block_1_30' title="bbox 2112 2068 3733 2143">
    <p class='ocr_par' dir='ltr' id='par_1_30' title="bbox 2112 2068 3733 2143">
     <span class='ocr_line' id='line_1_30' title="bbox 2112 2068 3733 2143; baseline -0.004 -17"><span class='ocrx_word' id='word_1_238' title='bbox 2112 2072 2478 2143; x_wconf 85' lang='lat' dir='ltr'><strong>epigramma</strong></span> <span class='ocrx_word' id='word_1_239' title='bbox 2506 2070 2606 2141; x_wconf 87' lang='lat' dir='ltr'><strong>(b);</strong></span> <span class='ocrx_word' id='word_1_240' title='bbox 2630 2069 2856 2142; x_wconf 85' lang='lat' dir='ltr'><strong>putavit</strong></span> <span class='ocrx_word' id='word_1_241' title='bbox 2885 2085 2998 2123; x_wconf 92' lang='lat' dir='ltr'><strong>non</strong></span> <span class='ocrx_word' id='word_1_242' title='bbox 3035 2068 3235 2123; x_wconf 90' lang='lat' dir='ltr'><strong>minus</strong></span> <span class='ocrx_word' id='word_1_243' title='bbox 3262 2073 3551 2141; x_wconf 89' lang='lat' dir='ltr'><strong>parentem</strong></span> <span class='ocrx_word' id='word_1_244' title='bbox 3583 2080 3733 2138; x_wconf 84' lang='lat' dir='ltr'><strong>quam</strong></span> 
     </span>
    </p>
   </div>
   <div class='ocr_carea' id='block_1_31' title="bbox 420 2115 1993 2189">
    <p class='ocr_par' dir='ltr' id='par_1_31' title="bbox 420 2115 1993 2189">
     <span class='ocr_line' id='line_1_31' title="bbox 420 2115 1993 2189; baseline -0.002 -17"><span class='ocrx_word' id='word_1_245' title='bbox 420 2115 711 2189; x_wconf 90' lang='lat' dir='ltr'><strong>Conqueri</strong></span> <span class='ocrx_word' id='word_1_246' title='bbox 734 2116 989 2188; x_wconf 91' lang='lat' dir='ltr'><strong>primum</strong></span> <span class='ocrx_word' id='word_1_247' title='bbox 1024 2132 1130 2187; x_wconf 91' lang='lat' dir='ltr'><strong>ego</strong></span> <span class='ocrx_word' id='word_1_248' title='bbox 1153 2119 1487 2186; x_wconf 89' lang='lat' dir='ltr'><strong>temporum</strong></span> <span class='ocrx_word' id='word_1_249' title='bbox 1521 2120 1853 2171; x_wconf 90' lang='lat' dir='ltr'><strong>nostrorum</strong></span> <span class='ocrx_word' id='word_1_250' title='bbox 1887 2116 1993 2170; x_wconf 87' lang='lat' dir='ltr'><strong>ini-</strong></span> 
     </span>
    </p>
   </div>
   <div class='ocr_carea' id='block_1_32' title="bbox 350 2203 2002 2276">
    <p class='ocr_par' dir='ltr' id='par_1_32' title="bbox 350 2203 2002 2276">
     <span class='ocr_line' id='line_1_32' title="bbox 350 2203 2002 2276; baseline 0 -17"><span class='ocrx_word' id='word_1_251' title='bbox 350 2206 656 2276; x_wconf 83' lang='lat' dir='ltr'><strong>quitatem,</strong></span> <span class='ocrx_word' id='word_1_252' title='bbox 686 2206 840 2275; x_wconf 91' lang='lat' dir='ltr'><strong>quod</strong></span> <span class='ocrx_word' id='word_1_253' title='bbox 878 2207 1104 2258; x_wconf 90' lang='lat' dir='ltr'><strong>tantum</strong></span> <span class='ocrx_word' id='word_1_254' title='bbox 1140 2203 1453 2257; x_wconf 71' lang='lat' dir='ltr'><strong>tribunitize</strong></span> <span class='ocrx_word' id='word_1_255' title='bbox 1487 2204 2002 2275; x_wconf 87' lang='lat' dir='ltr'><strong>hypercriticorum</strong></span> 
     </span>
    </p>
   </div>
   <div class='ocr_carea' id='block_1_33' title="bbox 354 2292 2005 2366">
    <p class='ocr_par' dir='ltr' id='par_1_33' title="bbox 354 2292 2005 2366">
     <span class='ocr_line' id='line_1_33' title="bbox 354 2292 2005 2366; baseline -0.002 -17"><span class='ocrx_word' id='word_1_256' title='bbox 354 2294 628 2366; x_wconf 85' lang='lat' dir='ltr'><strong>potestati</strong></span> <span class='ocrx_word' id='word_1_257' title='bbox 653 2294 805 2363; x_wconf 90' lang='lat' dir='ltr'><strong>juris</strong></span> <span class='ocrx_word' id='word_1_258' title='bbox 840 2292 1190 2364; x_wconf 84' lang='lat' dir='ltr'><strong>permiserit;</strong></span> <span class='ocrx_word' id='word_1_259' title='bbox 1216 2296 1342 2346; x_wconf 91' lang='lat' dir='ltr'><strong>tum</strong></span> <span class='ocrx_word' id='word_1_260' title='bbox 1372 2292 1607 2347; x_wconf 65' lang='lat' dir='ltr'><strong>taedium</strong></span> <span class='ocrx_word' id='word_1_261' title='bbox 1632 2310 1697 2347; x_wconf 90' lang='lat' dir='ltr'><strong>ac</strong></span> <span class='ocrx_word' id='word_1_262' title='bbox 1725 2293 2005 2365; x_wconf 89' lang='lat' dir='ltr'><strong>propositi</strong></span> 
     </span>
    </p>
   </div>
   <div class='ocr_carea' id='block_1_34' title="bbox 356 2380 2007 2453">
    <p class='ocr_par' dir='ltr' id='par_1_34' title="bbox 356 2380 2007 2453">
     <span class='ocr_line' id='line_1_34' title="bbox 356 2380 2007 2453; baseline -0.001 -15"><span class='ocrx_word' id='word_1_263' title='bbox 356 2384 597 2438; x_wconf 86' lang='lat' dir='ltr'><strong>satietas</strong></span> <span class='ocrx_word' id='word_1_264' title='bbox 614 2386 927 2437; x_wconf 89' lang='lat' dir='ltr'><strong>consecuta</strong></span> <span class='ocrx_word' id='word_1_265' title='bbox 957 2386 1047 2435; x_wconf 90' lang='lat' dir='ltr'><strong>est</strong></span> <span class='ocrx_word' id='word_1_266' title='bbox 1078 2380 1461 2451; x_wconf 85' lang='lat' dir='ltr'><strong>incredibilis,</strong></span> <span class='ocrx_word' id='word_1_267' title='bbox 1523 2387 1588 2436; x_wconf 91' lang='lat' dir='ltr'><strong>ut</strong></span> <span class='ocrx_word' id='word_1_268' title='bbox 1620 2381 1731 2437; x_wconf 89' lang='lat' dir='ltr'><strong>nisi</strong></span> <span class='ocrx_word' id='word_1_269' title='bbox 1783 2384 1907 2453; x_wconf 88' lang='lat' dir='ltr'><strong>jam</strong></span> <span class='ocrx_word' id='word_1_270' title='bbox 1940 2399 2007 2437; x_wconf 82' lang='lat' dir='ltr'><strong>eo</strong></span> 
     </span>
    </p>
   </div>
   <div class='ocr_carea' id='block_1_35' title="bbox 358 2469 2008 2545">
    <p class='ocr_par' dir='ltr' id='par_1_35' title="bbox 358 2469 2008 2545">
     <span class='ocr_line' id='line_1_35' title="bbox 358 2469 2008 2545; baseline 0.001 -19"><span class='ocrx_word' id='word_1_271' title='bbox 358 2472 776 2545; x_wconf 90' lang='lat' dir='ltr'><strong>processissem</strong></span> <span class='ocrx_word' id='word_1_272' title='bbox 810 2470 964 2525; x_wconf 90' lang='lat' dir='ltr'><strong>unde</strong></span> <span class='ocrx_word' id='word_1_273' title='bbox 998 2470 1184 2540; x_wconf 92' lang='lat' dir='ltr'><strong>pudor</strong></span> <span class='ocrx_word' id='word_1_274' title='bbox 1210 2469 1413 2539; x_wconf 83' lang='lat' dir='ltr'><strong>lexque</strong></span> <span class='ocrx_word' id='word_1_275' title='bbox 1444 2471 1635 2542; x_wconf 89' lang='lat' dir='ltr'><strong>operis</strong></span> <span class='ocrx_word' id='word_1_276' title='bbox 1678 2473 1883 2543; x_wconf 89' lang='lat' dir='ltr'><strong>pedem</strong></span> <span class='ocrx_word' id='word_1_277' title='bbox 1917 2489 2008 2528; x_wconf 82' lang='lat' dir='ltr'><strong>re-</strong></span> 
     </span>
    </p>
   </div>
   <div class='ocr_carea' id='block_1_36' title="bbox 367 2557 2009 2632">
    <p class='ocr_par' dir='ltr' id='par_1_36' title="bbox 367 2557 2009 2632">
     <span class='ocr_line' id='line_1_36' title="bbox 367 2557 2009 2632; baseline -0.001 -15"><span class='ocrx_word' id='word_1_278' title='bbox 367 2563 516 2618; x_wconf 82' lang='lat' dir='ltr'><strong>ferre</strong></span> <span class='ocrx_word' id='word_1_279' title='bbox 546 2559 953 2632; x_wconf 89' lang='lat' dir='ltr'><strong>prohibebant,</strong></span> <span class='ocrx_word' id='word_1_280' title='bbox 1008 2575 1079 2613; x_wconf 91' lang='lat' dir='ltr'><strong>ne</strong></span> <span class='ocrx_word' id='word_1_281' title='bbox 1111 2557 1295 2613; x_wconf 88' lang='lat' dir='ltr'><strong>hilum</strong></span> <span class='ocrx_word' id='word_1_282' title='bbox 1354 2559 1589 2631; x_wconf 90' lang='lat' dir='ltr'><strong>quidem</strong></span> <span class='ocrx_word' id='word_1_283' title='bbox 1649 2561 1719 2616; x_wconf 92' lang='lat' dir='ltr'><strong>de</strong></span> <span class='ocrx_word' id='word_1_284' title='bbox 1778 2562 2009 2632; x_wconf 85' lang='lat' dir='ltr'><strong>penitus</strong></span> 
     </span>
    </p>
   </div>
   <div class='ocr_carea' id='block_1_37' title="bbox 370 2648 2011 2722">
    <p class='ocr_par' dir='ltr' id='par_1_37' title="bbox 370 2648 2011 2722">
     <span class='ocr_line' id='line_1_37' title="bbox 370 2648 2011 2722; baseline 0 -16"><span class='ocrx_word' id='word_1_285' title='bbox 370 2649 699 2720; x_wconf 82' lang='lat' dir='ltr'><strong>abjiciendo</strong></span> <span class='ocrx_word' id='word_1_286' title='bbox 728 2648 1111 2703; x_wconf 87' lang='lat' dir='ltr'><strong>dubitassem.</strong></span> <span class='ocrx_word' id='word_1_287' title='bbox 1146 2649 1300 2703; x_wconf 89' lang='lat' dir='ltr'><strong>Satis</strong></span> <span class='ocrx_word' id='word_1_288' title='bbox 1333 2649 1486 2703; x_wconf 88' lang='lat' dir='ltr'><strong>enim</strong></span> <span class='ocrx_word' id='word_1_289' title='bbox 1517 2665 1654 2704; x_wconf 89' lang='lat' dir='ltr'><strong>ame</strong></span> <span class='ocrx_word' id='word_1_290' title='bbox 1686 2650 2011 2722; x_wconf 87' lang='lat' dir='ltr'><strong>imparatus</strong></span> 
     </span>
    </p>
   </div>
   <div class='ocr_carea' id='block_1_38' title="bbox 366 2738 2013 2811">
    <p class='ocr_par' dir='ltr' id='par_1_38' title="bbox 366 2738 2013 2811">
     <span class='ocr_line' id='line_1_38' title="bbox 366 2738 2013 2811; baseline -0.001 -15"><span class='ocrx_word' id='word_1_291' title='bbox 366 2741 435 2797; x_wconf 90' lang='lat' dir='ltr'><strong>ad</strong></span> <span class='ocrx_word' id='word_1_292' title='bbox 454 2740 559 2795; x_wconf 91' lang='lat' dir='ltr'><strong>has</strong></span> <span class='ocrx_word' id='word_1_293' title='bbox 577 2738 957 2794; x_wconf 74' lang='lat' dir='ltr'><strong>difficultates</strong></span> <span class='ocrx_word' id='word_1_294' title='bbox 978 2738 1532 2809; x_wconf 84' lang='lat' dir='ltr'><strong>superandas,nullo</strong></span> <span class='ocrx_word' id='word_1_295' title='bbox 1554 2740 2013 2811; x_wconf 71' lang='lat' dir='ltr'><strong>praeterealibro-</strong></span> 
     </span>
    </p>
   </div>
   <div class='ocr_carea' id='block_1_39' title="bbox 365 2828 2011 2901">
    <p class='ocr_par' dir='ltr' id='par_1_39' title="bbox 365 2828 2011 2901">
     <span class='ocr_line' id='line_1_39' title="bbox 365 2828 2011 2901; baseline 0.001 -17"><span class='ocrx_word' id='word_1_296' title='bbox 365 2845 497 2885; x_wconf 90' lang='lat' dir='ltr'><strong>rum</strong></span> <span class='ocrx_word' id='word_1_297' title='bbox 524 2828 621 2899; x_wconf 91' lang='lat' dir='ltr'><strong>qui</strong></span> <span class='ocrx_word' id='word_1_298' title='bbox 655 2828 725 2881; x_wconf 90' lang='lat' dir='ltr'><strong>ad</strong></span> <span class='ocrx_word' id='word_1_299' title='bbox 760 2844 971 2882; x_wconf 89' lang='lat' dir='ltr'><strong>manus</strong></span> <span class='ocrx_word' id='word_1_300' title='bbox 993 2832 1188 2882; x_wconf 89' lang='lat' dir='ltr'><strong>essent</strong></span> <span class='ocrx_word' id='word_1_301' title='bbox 1214 2828 1505 2899; x_wconf 67' lang='lat' dir='ltr'><strong>praesidio,</strong></span> <span class='ocrx_word' id='word_1_302' title='bbox 1530 2846 1718 2900; x_wconf 89' lang='lat' dir='ltr'><strong>neque</strong></span> <span class='ocrx_word' id='word_1_303' title='bbox 1753 2836 1815 2884; x_wconf 92' lang='lat' dir='ltr'><strong>ut</strong></span> <span class='ocrx_word' id='word_1_304' title='bbox 1844 2848 2011 2901; x_wconf 89' lang='lat' dir='ltr'><strong>opor-</strong></span> 
     </span>
    </p>
   </div>
   <div class='ocr_carea' id='block_1_40' title="bbox 365 2916 2017 2989">
    <p class='ocr_par' dir='ltr' id='par_1_40' title="bbox 365 2916 2017 2989">
     <span class='ocr_line' id='line_1_40' title="bbox 365 2916 2017 2989; baseline 0.001 -15"><span class='ocrx_word' id='word_1_305' title='bbox 365 2920 531 2974; x_wconf 86' lang='lat' dir='ltr'><strong>tebat</strong></span> <span class='ocrx_word' id='word_1_306' title='bbox 561 2917 806 2980; x_wconf 89' lang='lat' dir='ltr'><strong>otiosus,</strong></span> <span class='ocrx_word' id='word_1_307' title='bbox 834 2916 933 2989; x_wconf 88' lang='lat' dir='ltr'><strong>qui</strong></span> <span class='ocrx_word' id='word_1_308' title='bbox 966 2916 1286 2972; x_wconf 89' lang='lat' dir='ltr'><strong>concitatos</strong></span> <span class='ocrx_word' id='word_1_309' title='bbox 1318 2918 1388 2971; x_wconf 94' lang='lat' dir='ltr'><strong>ab</strong></span> <span class='ocrx_word' id='word_1_310' title='bbox 1432 2918 1563 2973; x_wconf 92' lang='lat' dir='ltr'><strong>aliis</strong></span> <span class='ocrx_word' id='word_1_311' title='bbox 1594 2918 1886 2974; x_wconf 91' lang='lat' dir='ltr'><strong>tumultus</strong></span> <span class='ocrx_word' id='word_1_312' title='bbox 1917 2925 2017 2975; x_wconf 93' lang='lat' dir='ltr'><strong>aut</strong></span> 
     </span>
    </p>
   </div>
   <div class='ocr_carea' id='block_1_41' title="bbox 370 3008 2017 3078">
    <p class='ocr_par' dir='ltr' id='par_1_41' title="bbox 370 3008 2017 3078">
     <span class='ocr_line' id='line_1_41' title="bbox 370 3008 2017 3078; baseline 0.001 -15"><span class='ocrx_word' id='word_1_313' title='bbox 370 3008 722 3078; x_wconf 85' lang='lat' dir='ltr'><strong>sedareipse</strong></span> <span class='ocrx_word' id='word_1_314' title='bbox 771 3023 1024 3077; x_wconf 90' lang='lat' dir='ltr'><strong>possem,</strong></span> <span class='ocrx_word' id='word_1_315' title='bbox 1061 3012 1162 3061; x_wconf 89' lang='lat' dir='ltr'><strong>aut</strong></span> <span class='ocrx_word' id='word_1_316' title='bbox 1192 3023 1369 3062; x_wconf 88' lang='lat' dir='ltr'><strong>novos</strong></span> <span class='ocrx_word' id='word_1_317' title='bbox 1419 3008 1711 3063; x_wconf 91' lang='lat' dir='ltr'><strong>concitare</strong></span> <span class='ocrx_word' id='word_1_318' title='bbox 1767 3010 2017 3065; x_wconf 81' lang='lat' dir='ltr'><strong>subinde</strong></span> 
     </span>
    </p>
   </div>
   <div class='ocr_carea' id='block_1_42' title="bbox 366 3096 619 3153">
    <p class='ocr_par' dir='ltr' id='par_1_42' title="bbox 366 3096 619 3153">
     <span class='ocr_line' id='line_1_42' title="bbox 366 3096 619 3153; baseline -0.004 -2"><span class='ocrx_word' id='word_1_319' title='bbox 366 3096 572 3153; x_wconf 88' lang='lat' dir='ltr'><strong>vellem</strong></span> <span class='ocrx_word' id='word_1_320' title='bbox 591 3096 619 3150; x_wconf 86' lang='lat'><strong>?</strong></span> 
     </span>
    </p>
   </div>
   <div class='ocr_carea' id='block_1_43' title="bbox 440 3202 2015 3275">
    <p class='ocr_par' dir='ltr' id='par_1_43' title="bbox 440 3202 2015 3275">
     <span class='ocr_line' id='line_1_43' title="bbox 440 3202 2015 3275; baseline 0.002 -15"><span class='ocrx_word' id='word_1_321' title='bbox 440 3204 632 3260; x_wconf 87' lang='lat' dir='ltr'><strong>Unum</strong></span> <span class='ocrx_word' id='word_1_322' title='bbox 656 3202 799 3258; x_wconf 90' lang='lat' dir='ltr'><strong>illud</strong></span> <span class='ocrx_word' id='word_1_323' title='bbox 824 3207 1143 3275; x_wconf 85' lang='lat' dir='ltr'><strong>supererat,</strong></span> <span class='ocrx_word' id='word_1_324' title='bbox 1175 3202 1221 3258; x_wconf 89' lang='lat' dir='ltr'><strong>si</strong></span> <span class='ocrx_word' id='word_1_325' title='bbox 1242 3220 1358 3275; x_wconf 92' lang='lat' dir='ltr'><strong>quo</strong></span> <span class='ocrx_word' id='word_1_326' title='bbox 1386 3208 1515 3259; x_wconf 91' lang='lat' dir='ltr'><strong>astu</strong></span> <span class='ocrx_word' id='word_1_327' title='bbox 1551 3206 2015 3263; x_wconf 86' lang='lat' dir='ltr'><strong>adversariorum</strong></span> 
     </span>
    </p>
   </div>
   <div class='ocr_carea' id='block_1_44' title="bbox 366 3292 2019 3366">
    <p class='ocr_par' dir='ltr' id='par_1_44' title="bbox 366 3292 2019 3366">
     <span class='ocr_line' id='line_1_44' title="bbox 366 3292 2019 3366; baseline 0 -15"><span class='ocrx_word' id='word_1_328' title='bbox 366 3296 627 3366; x_wconf 87' lang='lat' dir='ltr'><strong>impetus</strong></span> <span class='ocrx_word' id='word_1_329' title='bbox 649 3292 1016 3362; x_wconf 90' lang='lat' dir='ltr'><strong>declinando,</strong></span> <span class='ocrx_word' id='word_1_330' title='bbox 1036 3309 1355 3364; x_wconf 89' lang='lat' dir='ltr'><strong>eorumque</strong></span> <span class='ocrx_word' id='word_1_331' title='bbox 1379 3300 1671 3365; x_wconf 90' lang='lat' dir='ltr'><strong>utcunque</strong></span> <span class='ocrx_word' id='word_1_332' title='bbox 1689 3296 1802 3350; x_wconf 89' lang='lat' dir='ltr'><strong>tela</strong></span> <span class='ocrx_word' id='word_1_333' title='bbox 1821 3302 2019 3352; x_wconf 87' lang='lat' dir='ltr'><strong>retun-</strong></span> 
     </span>
    </p>
   </div>
   <div class='ocr_carea' id='block_1_45' title="bbox 370 3382 2017 3452">
    <p class='ocr_par' dir='ltr' id='par_1_45' title="bbox 370 3382 2017 3452">
     <span class='ocr_line' id='line_1_45' title="bbox 370 3382 2017 3452; baseline 0.001 -13"><span class='ocrx_word' id='word_1_334' title='bbox 370 3384 564 3439; x_wconf 89' lang='lat' dir='ltr'><strong>dendo</strong></span> <span class='ocrx_word' id='word_1_335' title='bbox 595 3382 748 3437; x_wconf 90' lang='lat' dir='ltr'><strong>viam</strong></span> <span class='ocrx_word' id='word_1_336' title='bbox 781 3382 924 3437; x_wconf 91' lang='lat' dir='ltr'><strong>mihi</strong></span> <span class='ocrx_word' id='word_1_337' title='bbox 983 3383 1417 3452; x_wconf 87' lang='lat' dir='ltr'><strong>quodammodo</strong></span> <span class='ocrx_word' id='word_1_338' title='bbox 1450 3384 1519 3437; x_wconf 91' lang='lat' dir='ltr'><strong>ad</strong></span> <span class='ocrx_word' id='word_1_339' title='bbox 1581 3400 1703 3438; x_wconf 90' lang='lat' dir='ltr'><strong>rem</strong></span> <span class='ocrx_word' id='word_1_340' title='bbox 1760 3391 2017 3441; x_wconf 88' lang='lat' dir='ltr'><strong>nostram</strong></span> 
     </span>
    </p>
   </div>
   <div class='ocr_carea' id='block_1_46' title="bbox 369 3471 2021 3545">
    <p class='ocr_par' dir='ltr' id='par_1_46' title="bbox 369 3471 2021 3545">
     <span class='ocr_line' id='line_1_46' title="bbox 369 3471 2021 3545; baseline 0.001 -17"><span class='ocrx_word' id='word_1_341' title='bbox 369 3472 680 3542; x_wconf 86' lang='lat' dir='ltr'><strong>aperirem,</strong></span> <span class='ocrx_word' id='word_1_342' title='bbox 715 3472 896 3526; x_wconf 89' lang='lat' dir='ltr'><strong>donec</strong></span> <span class='ocrx_word' id='word_1_343' title='bbox 927 3471 1271 3527; x_wconf 89' lang='lat' dir='ltr'><strong>instructior</strong></span> <span class='ocrx_word' id='word_1_344' title='bbox 1300 3472 1754 3527; x_wconf 90' lang='lat' dir='ltr'><strong>domesticorum</strong></span> <span class='ocrx_word' id='word_1_345' title='bbox 1808 3474 2021 3545; x_wconf 86' lang='lat' dir='ltr'><strong>aliquis</strong></span> 
     </span>
    </p>
   </div>
   <div class='ocr_carea' id='block_1_47' title="bbox 367 3559 2026 3630">
    <p class='ocr_par' dir='ltr' id='par_1_47' title="bbox 367 3559 2026 3630">
     <span class='ocr_line' id='line_1_47' title="bbox 367 3559 2026 3630; baseline 0.002 -15"><span class='ocrx_word' id='word_1_346' title='bbox 367 3560 619 3630; x_wconf 80' lang='lat' dir='ltr'><strong>aequiore</strong></span> <span class='ocrx_word' id='word_1_347' title='bbox 632 3559 759 3614; x_wconf 90' lang='lat' dir='ltr'><strong>loco</strong></span> <span class='ocrx_word' id='word_1_348' title='bbox 775 3574 1031 3629; x_wconf 91' lang='lat' dir='ltr'><strong>puguam</strong></span> <span class='ocrx_word' id='word_1_349' title='bbox 1046 3563 1375 3629; x_wconf 89' lang='lat' dir='ltr'><strong>capesseret</strong></span> <span class='ocrx_word' id='word_1_350' title='bbox 1388 3560 1575 3630; x_wconf 88' lang='lat' dir='ltr'><strong>deque</strong></span> <span class='ocrx_word' id='word_1_351' title='bbox 1588 3577 1823 3615; x_wconf 88' lang='lat' dir='ltr'><strong>summa</strong></span> <span class='ocrx_word' id='word_1_352' title='bbox 1838 3579 1962 3616; x_wconf 89' lang='lat' dir='ltr'><strong>reru</strong></span> <span class='ocrx_word' id='word_1_353' title='bbox 1977 3580 2026 3618; x_wconf 90' lang='lat' dir='ltr'><strong>m</strong></span> 
     </span>
    </p>
   </div>
   <div class='ocr_carea' id='block_1_48' title="bbox 371 3646 2023 3707">
    <p class='ocr_par' dir='ltr' id='par_1_48' title="bbox 371 3646 2023 3707">
     <span class='ocr_line' id='line_1_48' title="bbox 371 3646 2023 3707; baseline 0.002 -3"><span class='ocrx_word' id='word_1_354' title='bbox 371 3648 495 3704; x_wconf 91' lang='lat' dir='ltr'><strong>acie</strong></span> <span class='ocrx_word' id='word_1_355' title='bbox 526 3663 659 3701; x_wconf 92' lang='lat' dir='ltr'><strong>cum</strong></span> <span class='ocrx_word' id='word_1_356' title='bbox 694 3646 859 3700; x_wconf 84' lang='lat' dir='ltr'><strong>hoste</strong></span> <span class='ocrx_word' id='word_1_357' title='bbox 904 3646 1241 3700; x_wconf 85' lang='lat' dir='ltr'><strong>decertaret.</strong></span> <span class='ocrx_word' id='word_1_358' title='bbox 1294 3646 1440 3702; x_wconf 87' lang='lat' dir='ltr'><strong>Hinc</strong></span> <span class='ocrx_word' id='word_1_359' title='bbox 1503 3648 1642 3702; x_wconf 88' lang='lat' dir='ltr'><strong>mihi</strong></span> <span class='ocrx_word' id='word_1_360' title='bbox 1696 3649 2023 3707; x_wconf 89' lang='lat' dir='ltr'><strong>disserendi</strong></span> 
     </span>
    </p>
   </div>
   <div class='ocr_carea' id='block_1_49' title="bbox 374 3732 2027 3807">
    <p class='ocr_par' dir='ltr' id='par_1_49' title="bbox 374 3732 2027 3807">
     <span class='ocr_line' id='line_1_49' title="bbox 374 3732 2027 3807; baseline 0.004 -17"><span class='ocrx_word' id='word_1_361' title='bbox 374 3735 649 3790; x_wconf 89' lang='lat' dir='ltr'><strong>materies</strong></span> <span class='ocrx_word' id='word_1_362' title='bbox 674 3732 971 3804; x_wconf 87' lang='lat' dir='ltr'><strong>hujusque</strong></span> <span class='ocrx_word' id='word_1_363' title='bbox 993 3734 1185 3805; x_wconf 89' lang='lat' dir='ltr'><strong>operis</strong></span> <span class='ocrx_word' id='word_1_364' title='bbox 1203 3740 1615 3807; x_wconf 88' lang='lat' dir='ltr'><strong>argumentum</strong></span> <span class='ocrx_word' id='word_1_365' title='bbox 1655 3742 1891 3793; x_wconf 90' lang='lat' dir='ltr'><strong>enatum</strong></span> <span class='ocrx_word' id='word_1_366' title='bbox 1916 3741 2027 3796; x_wconf 81' lang='lat' dir='ltr'><strong>fuit</strong></span> 
     </span>
    </p>
   </div>
   <div class='ocr_carea' id='block_1_50' title="bbox 368 3822 2027 3896">
    <p class='ocr_par' dir='ltr' id='par_1_50' title="bbox 368 3822 2027 3896">
     <span class='ocr_line' id='line_1_50' title="bbox 368 3822 2027 3896; baseline 0.005 -20"><span class='ocrx_word' id='word_1_367' title='bbox 368 3825 526 3896; x_wconf 89' lang='lat' dir='ltr'><strong>quod</strong></span> <span class='ocrx_word' id='word_1_368' title='bbox 557 3823 696 3877; x_wconf 92' lang='lat' dir='ltr'><strong>dum</strong></span> <span class='ocrx_word' id='word_1_369' title='bbox 722 3822 779 3876; x_wconf 92' lang='lat' dir='ltr'><strong>in</strong></span> <span class='ocrx_word' id='word_1_370' title='bbox 807 3823 1199 3894; x_wconf 89' lang='lat' dir='ltr'><strong>Hispanorum</strong></span> <span class='ocrx_word' id='word_1_371' title='bbox 1226 3825 1473 3896; x_wconf 84' lang='lat' dir='ltr'><strong>gratiam</strong></span> <span class='ocrx_word' id='word_1_372' title='bbox 1488 3827 2027 3885; x_wconf 88' lang='lat' dir='ltr'><strong>vernaculosermo-</strong></span> 
     </span>
    </p>
   </div>
   <div class='ocr_carea' id='block_1_51' title="bbox 372 3911 2025 3990">
    <p class='ocr_par' dir='ltr' id='par_1_51' title="bbox 372 3911 2025 3990">
     <span class='ocr_line' id='line_1_51' title="bbox 372 3911 2025 3990; baseline 0.003 -22"><span class='ocrx_word' id='word_1_373' title='bbox 372 3930 445 3969; x_wconf 91' lang='lat' dir='ltr'><strong>ne</strong></span> <span class='ocrx_word' id='word_1_374' title='bbox 469 3911 639 3983; x_wconf 92' lang='lat' dir='ltr'><strong>paulo</strong></span> <span class='ocrx_word' id='word_1_375' title='bbox 667 3912 843 3967; x_wconf 84' lang='lat' dir='ltr'><strong>latius</strong></span> <span class='ocrx_word' id='word_1_376' title='bbox 878 3912 1144 3983; x_wconf 86' lang='lat' dir='ltr'><strong>persequi</strong></span> <span class='ocrx_word' id='word_1_377' title='bbox 1178 3914 1405 3980; x_wconf 86' lang='lat' dir='ltr'><strong>studeo,</strong></span> <span class='ocrx_word' id='word_1_378' title='bbox 1432 3915 1663 3970; x_wconf 91' lang='lat' dir='ltr'><strong>libellus</strong></span> <span class='ocrx_word' id='word_1_379' title='bbox 1685 3916 1817 3984; x_wconf 90' lang='lat' dir='ltr'><strong>iste,</strong></span> <span class='ocrx_word' id='word_1_380' title='bbox 1869 3919 2025 3990; x_wconf 90' lang='lat' dir='ltr'><strong>quod</strong></span> 
     </span>
    </p>
   </div>
   <div class='ocr_carea' id='block_1_52' title="bbox 372 4001 1933 4075">
    <p class='ocr_par' dir='ltr' id='par_1_52' title="bbox 372 4001 1933 4075">
     <span class='ocr_line' id='line_1_52' title="bbox 372 4001 1933 4075; baseline 0.003 -16"><span class='ocrx_word' id='word_1_381' title='bbox 372 4020 444 4059; x_wconf 89' lang='lat' dir='ltr'><strong>ne</strong></span> <span class='ocrx_word' id='word_1_382' title='bbox 467 4001 783 4075; x_wconf 87' lang='lat' dir='ltr'><strong>cogitaram</strong></span> <span class='ocrx_word' id='word_1_383' title='bbox 820 4001 1081 4072; x_wconf 87' lang='lat' dir='ltr'><strong>quidem,</strong></span> <span class='ocrx_word' id='word_1_384' title='bbox 1116 4018 1144 4057; x_wconf 88' lang='lat' dir='ltr'><strong>e</strong></span> <span class='ocrx_word' id='word_1_385' title='bbox 1179 4003 1452 4060; x_wconf 79' lang='lat' dir='ltr'><strong>manibus</strong></span> <span class='ocrx_word' id='word_1_386' title='bbox 1484 4006 1736 4061; x_wconf 88' lang='lat' dir='ltr'><strong>elabitur</strong></span> <span class='ocrx_word' id='word_1_387' title='bbox 1769 4008 1933 4064; x_wconf 91' lang='lat' dir='ltr'><strong>meis.</strong></span> 
     </span>
    </p>
   </div>
   <div class='ocr_carea' id='block_1_53' title="bbox 442 4118 2024 4195">
    <p class='ocr_par' dir='ltr' id='par_1_53' title="bbox 442 4118 2024 4195">
     <span class='ocr_line' id='line_1_53' title="bbox 442 4118 2024 4195; baseline 0.003 -21"><span class='ocrx_word' id='word_1_388' title='bbox 442 4120 498 4174; x_wconf 88' lang='lat' dir='ltr'><strong>Is</strong></span> <span class='ocrx_word' id='word_1_389' title='bbox 531 4135 662 4173; x_wconf 91' lang='lat' dir='ltr'><strong>cum</strong></span> <span class='ocrx_word' id='word_1_390' title='bbox 689 4118 913 4173; x_wconf 89' lang='lat' dir='ltr'><strong>interea</strong></span> <span class='ocrx_word' id='word_1_391' title='bbox 945 4119 1269 4174; x_wconf 90' lang='lat' dir='ltr'><strong>amicorum</strong></span> <span class='ocrx_word' id='word_1_392' title='bbox 1296 4120 1597 4177; x_wconf 90' lang='lat' dir='ltr'><strong>nonnullis</strong></span> <span class='ocrx_word' id='word_1_393' title='bbox 1622 4140 1872 4194; x_wconf 89' lang='lat' dir='ltr'><strong>quorum</strong></span> <span class='ocrx_word' id='word_1_394' title='bbox 1899 4124 2024 4195; x_wconf 91' lang='lat' dir='ltr'><strong>plu-</strong></span> 
     </span>
    </p>
   </div>
   <div class='ocr_carea' id='block_1_54' title="bbox 370 4207 2029 4282">
    <p class='ocr_par' dir='ltr' id='par_1_54' title="bbox 370 4207 2029 4282">
     <span class='ocr_line' id='line_1_54' title="bbox 370 4207 2029 4282; baseline 0.004 -19"><span class='ocrx_word' id='word_1_395' title='bbox 370 4208 588 4264; x_wconf 90' lang='lat' dir='ltr'><strong>rimum</strong></span> <span class='ocrx_word' id='word_1_396' title='bbox 604 4208 759 4279; x_wconf 88' lang='lat' dir='ltr'><strong>apud</strong></span> <span class='ocrx_word' id='word_1_397' title='bbox 784 4224 877 4263; x_wconf 91' lang='lat' dir='ltr'><strong>me</strong></span> <span class='ocrx_word' id='word_1_398' title='bbox 900 4207 1051 4262; x_wconf 79' lang='lat' dir='ltr'><strong>valet</strong></span> <span class='ocrx_word' id='word_1_399' title='bbox 1065 4209 2029 4282; x_wconf 87' lang='lat' dir='ltr'><strong>auctoritaslegendustraderetur</strong></span> 
     </span>
    </p>
   </div>
   <div class='ocr_carea' id='block_1_55' title="bbox 372 4297 2026 4369">
    <p class='ocr_par' dir='ltr' id='par_1_55' title="bbox 372 4297 2026 4369">
     <span class='ocr_line' id='line_1_55' title="bbox 372 4297 2026 4369; baseline 0.004 -16"><span class='ocrx_word' id='word_1_400' title='bbox 372 4315 561 4369; x_wconf 91' lang='lat' dir='ltr'><strong>neque</strong></span> <span class='ocrx_word' id='word_1_401' title='bbox 583 4298 728 4353; x_wconf 91' lang='lat' dir='ltr'><strong>adeo</strong></span> <span class='ocrx_word' id='word_1_402' title='bbox 748 4297 908 4353; x_wconf 89' lang='lat' dir='ltr'><strong>visus</strong></span> <span class='ocrx_word' id='word_1_403' title='bbox 931 4299 1608 4365; x_wconf 82' lang='lat' dir='ltr'><strong>essetintormis,obnixe</strong></span> <span class='ocrx_word' id='word_1_404' title='bbox 1630 4319 1663 4357; x_wconf 90' lang='lat' dir='ltr'><strong>a</strong></span> <span class='ocrx_word' id='word_1_405' title='bbox 1687 4320 1777 4359; x_wconf 90' lang='lat' dir='ltr'><strong>me</strong></span> <span class='ocrx_word' id='word_1_406' title='bbox 1795 4308 2026 4359; x_wconf 84' lang='lat' dir='ltr'><strong>oratum</strong></span> 
     </span>
    </p>
   </div>
   <div class='ocr_carea' id='block_1_56' title="bbox 368 4387 2026 4463">
    <p class='ocr_par' dir='ltr' id='par_1_56' title="bbox 368 4387 2026 4463">
     <span class='ocr_line' id='line_1_56' title="bbox 368 4387 2026 4463; baseline 0.005 -22"><span class='ocrx_word' id='word_1_407' title='bbox 368 4388 628 4453; x_wconf 90' lang='lat' dir='ltr'><strong>veniunt,</strong></span> <span class='ocrx_word' id='word_1_408' title='bbox 659 4391 722 4442; x_wconf 91' lang='lat' dir='ltr'><strong>ut</strong></span> <span class='ocrx_word' id='word_1_409' title='bbox 752 4387 913 4442; x_wconf 87' lang='lat' dir='ltr'><strong>Latio</strong></span> <span class='ocrx_word' id='word_1_410' title='bbox 939 4388 1291 4459; x_wconf 89' lang='lat' dir='ltr'><strong>quantocius</strong></span> <span class='ocrx_word' id='word_1_411' title='bbox 1312 4388 1591 4445; x_wconf 88' lang='lat' dir='ltr'><strong>donatum</strong></span> <span class='ocrx_word' id='word_1_412' title='bbox 1624 4392 1848 4463; x_wconf 92' lang='lat' dir='ltr'><strong>publici</strong></span> <span class='ocrx_word' id='word_1_413' title='bbox 1874 4394 2026 4463; x_wconf 90' lang='lat' dir='ltr'><strong>juris</strong></span> 
     </span>
    </p>
   </div>
   <div class='ocr_carea' id='block_1_57' title="bbox 2114 2156 3739 2231">
    <p class='ocr_par' dir='ltr' id='par_1_57' title="bbox 2114 2156 3739 2231">
     <span class='ocr_line' id='line_1_57' title="bbox 2114 2156 3739 2231; baseline -0.004 -15"><span class='ocrx_word' id='word_1_414' title='bbox 2114 2161 2300 2217; x_wconf 81' lang='lat' dir='ltr'><strong>tilium</strong></span> <span class='ocrx_word' id='word_1_415' title='bbox 2337 2162 2530 2216; x_wconf 76' lang='lat' dir='ltr'><strong>Romae</strong></span> <span class='ocrx_word' id='word_1_416' title='bbox 2565 2162 2873 2231; x_wconf 75' lang='lat' dir='ltr'><strong>pueritiam</strong></span> <span class='ocrx_word' id='word_1_417' title='bbox 2908 2156 3739 2230; x_wconf 87' lang='lat' dir='ltr'><strong>transegisse,quandoquidem</strong></span> 
     </span>
    </p>
   </div>
   <div class='ocr_carea' id='block_1_58' title="bbox 2116 2246 3742 2322">
    <p class='ocr_par' dir='ltr' id='par_1_58' title="bbox 2116 2246 3742 2322">
     <span class='ocr_line' id='line_1_58' title="bbox 2116 2246 3742 2322; baseline -0.006 -16"><span class='ocrx_word' id='word_1_418' title='bbox 2116 2256 2361 2322; x_wconf 80' lang='lat' dir='ltr'><strong>uterque</strong></span> <span class='ocrx_word' id='word_1_419' title='bbox 2385 2249 2615 2305; x_wconf 89' lang='lat' dir='ltr'><strong>lectoris</strong></span> <span class='ocrx_word' id='word_1_420' title='bbox 2639 2249 2781 2303; x_wconf 90' lang='lat' dir='ltr'><strong>inibi</strong></span> <span class='ocrx_word' id='word_1_421' title='bbox 2805 2250 3054 2321; x_wconf 87' lang='lat' dir='ltr'><strong>gradum</strong></span> <span class='ocrx_word' id='word_1_422' title='bbox 3075 2249 3334 2304; x_wconf 89' lang='lat' dir='ltr'><strong>obtinuit</strong></span> <span class='ocrx_word' id='word_1_423' title='bbox 3356 2248 3455 2320; x_wconf 90' lang='lat' dir='ltr'><strong>qui</strong></span> <span class='ocrx_word' id='word_1_424' title='bbox 3488 2246 3667 2317; x_wconf 88' lang='lat' dir='ltr'><strong>pueris</strong></span> <span class='ocrx_word' id='word_1_425' title='bbox 3686 2260 3742 2298; x_wconf 78' lang='lat' dir='ltr'><strong>ex</strong></span> 
     </span>
    </p>
   </div>
   <div class='ocr_carea' id='block_1_59' title="bbox 2117 2336 3742 2410">
    <p class='ocr_par' dir='ltr' id='par_1_59' title="bbox 2117 2336 3742 2410">
     <span class='ocr_line' id='line_1_59' title="bbox 2117 2336 3742 2410; baseline -0.005 -15"><span class='ocrx_word' id='word_1_426' title='bbox 2117 2341 2218 2395; x_wconf 67' lang='lat' dir='ltr'><strong>arvi</strong></span> <span class='ocrx_word' id='word_1_427' title='bbox 2246 2339 2558 2410; x_wconf 88' lang='lat' dir='ltr'><strong>disciplina</strong></span> <span class='ocrx_word' id='word_1_428' title='bbox 2579 2338 3065 2405; x_wconf 86' lang='lat' dir='ltr'><strong>demandabatur;</strong></span> <span class='ocrx_word' id='word_1_429' title='bbox 3088 2353 3281 2409; x_wconf 88' lang='lat' dir='ltr'><strong>neque</strong></span> <span class='ocrx_word' id='word_1_430' title='bbox 3297 2336 3616 2410; x_wconf 87' lang='lat' dir='ltr'><strong>proximum</strong></span> <span class='ocrx_word' id='word_1_431' title='bbox 3632 2350 3742 2389; x_wconf 88' lang='lat' dir='ltr'><strong>vero</strong></span> 
     </span>
    </p>
   </div>
   <div class='ocr_carea' id='block_1_60' title="bbox 2117 2423 3743 2500">
    <p class='ocr_par' dir='ltr' id='par_1_60' title="bbox 2117 2423 3743 2500">
     <span class='ocr_line' id='line_1_60' title="bbox 2117 2423 3743 2500; baseline -0.006 -16"><span class='ocrx_word' id='word_1_432' title='bbox 2117 2430 2368 2485; x_wconf 88' lang='lat' dir='ltr'><strong>credidit</strong></span> <span class='ocrx_word' id='word_1_433' title='bbox 2398 2429 2549 2500; x_wconf 87' lang='lat' dir='ltr'><strong>quod</strong></span> <span class='ocrx_word' id='word_1_434' title='bbox 2588 2427 2821 2483; x_wconf 88' lang='lat' dir='ltr'><strong>Damasi</strong></span> <span class='ocrx_word' id='word_1_435' title='bbox 2854 2443 3065 2499; x_wconf 89' lang='lat' dir='ltr'><strong>parens</strong></span> <span class='ocrx_word' id='word_1_436' title='bbox 3099 2431 3349 2482; x_wconf 81' lang='lat' dir='ltr'><strong>Romam</strong></span> <span class='ocrx_word' id='word_1_437' title='bbox 3382 2443 3451 2480; x_wconf 80' lang='lat' dir='ltr'><strong>ex</strong></span> <span class='ocrx_word' id='word_1_438' title='bbox 3490 2423 3743 2495; x_wconf 83' lang='lat' dir='ltr'><strong>Hispania</strong></span> 
     </span>
    </p>
   </div>
   <div class='ocr_carea' id='block_1_61' title="bbox 2120 2511 3739 2584">
    <p class='ocr_par' dir='ltr' id='par_1_61' title="bbox 2120 2511 3739 2584">
     <span class='ocr_line' id='line_1_61' title="bbox 2120 2511 3739 2584; baseline -0.006 -10"><span class='ocrx_word' id='word_1_439' title='bbox 2120 2532 2251 2574; x_wconf 88' lang='lat' dir='ltr'><strong>cum</strong></span> <span class='ocrx_word' id='word_1_440' title='bbox 2281 2534 2454 2573; x_wconf 87' lang='lat' dir='ltr'><strong>uxore</strong></span> <span class='ocrx_word' id='word_1_441' title='bbox 2477 2525 2529 2573; x_wconf 88' lang='lat' dir='ltr'><strong>et</strong></span> <span class='ocrx_word' id='word_1_442' title='bbox 2561 2516 2762 2571; x_wconf 90' lang='lat' dir='ltr'><strong>liberis</strong></span> <span class='ocrx_word' id='word_1_443' title='bbox 2804 2516 3216 2572; x_wconf 85' lang='lat' dir='ltr'><strong>concessisset:</strong></span> <span class='ocrx_word' id='word_1_444' title='bbox 3281 2514 3489 2571; x_wconf 87' lang='lat' dir='ltr'><strong>saltem</strong></span> <span class='ocrx_word' id='word_1_445' title='bbox 3550 2528 3655 2584; x_wconf 90' lang='lat' dir='ltr'><strong>quo</strong></span> <span class='ocrx_word' id='word_1_446' title='bbox 3693 2511 3739 2565; x_wconf 92' lang='lat' dir='ltr'><strong>id</strong></span> 
     </span>
    </p>
   </div>
   <div class='ocr_carea' id='block_1_62' title="bbox 2122 2604 3535 2681">
    <p class='ocr_par' dir='ltr' id='par_1_62' title="bbox 2122 2604 3535 2681">
     <span class='ocr_line' id='line_1_62' title="bbox 2122 2604 3535 2681; baseline -0.005 -18"><span class='ocrx_word' id='word_1_447' title='bbox 2122 2612 2290 2681; x_wconf 85' lang='lat' dir='ltr'><strong>pacto</strong></span> <span class='ocrx_word' id='word_1_448' title='bbox 2326 2608 2449 2661; x_wconf 79' lang='lat' dir='ltr'><strong>fieri</strong></span> <span class='ocrx_word' id='word_1_449' title='bbox 2486 2606 2740 2678; x_wconf 86' lang='lat' dir='ltr'><strong>potuerit</strong></span> <span class='ocrx_word' id='word_1_450' title='bbox 2771 2606 3107 2677; x_wconf 84' lang='lat' dir='ltr'><strong>expeditum</strong></span> <span class='ocrx_word' id='word_1_451' title='bbox 3151 2622 3269 2661; x_wconf 89' lang='lat' dir='ltr'><strong>non</strong></span> <span class='ocrx_word' id='word_1_452' title='bbox 3306 2604 3535 2659; x_wconf 84' lang='lat' dir='ltr'><strong>habuit.</strong></span> 
     </span>
    </p>
   </div>
   <div class='ocr_carea' id='block_1_63' title="bbox 2195 2689 3750 2751">
    <p class='ocr_par' dir='ltr' id='par_1_63' title="bbox 2195 2689 3750 2751">
     <span class='ocr_line' id='line_1_63' title="bbox 2195 2689 3750 2751; baseline -0.006 0"><span class='ocrx_word' id='word_1_453' title='bbox 2195 2696 2462 2751; x_wconf 89' lang='lat' dir='ltr'><strong>Concinit</strong></span> <span class='ocrx_word' id='word_1_454' title='bbox 2489 2695 2858 2750; x_wconf 86' lang='lat' dir='ltr'><strong>Tlllemontio</strong></span> <span class='ocrx_word' id='word_1_455' title='bbox 2881 2694 2952 2750; x_wconf 92' lang='lat' dir='ltr'><strong>cl.</strong></span> <span class='ocrx_word' id='word_1_456' title='bbox 2978 2694 3272 2750; x_wconf 88' lang='lat' dir='ltr'><strong>Antonius</strong></span> <span class='ocrx_word' id='word_1_457' title='bbox 3295 2694 3480 2749; x_wconf 83' lang='lat' dir='ltr'><strong>Maria</strong></span> <span class='ocrx_word' id='word_1_458' title='bbox 3501 2689 3750 2747; x_wconf 80' lang='lat' dir='ltr'><strong>Merenda</strong></span> 
     </span>
    </p>
   </div>
   <div class='ocr_carea' id='block_1_64' title="bbox 2123 2778 3750 2859">
    <p class='ocr_par' dir='ltr' id='par_1_64' title="bbox 2123 2778 3750 2859">
     <span class='ocr_line' id='line_1_64' title="bbox 2123 2778 3750 2859; baseline -0.007 -16"><span class='ocrx_word' id='word_1_459' title='bbox 2123 2786 2551 2859; x_wconf 86' lang='lat' dir='ltr'><strong>nuperrime,ut</strong></span> <span class='ocrx_word' id='word_1_460' title='bbox 2581 2784 2777 2850; x_wconf 90' lang='lat' dir='ltr'><strong>audio,</strong></span> <span class='ocrx_word' id='word_1_461' title='bbox 2801 2784 2870 2839; x_wconf 88' lang='lat' dir='ltr'><strong>ad</strong></span> <span class='ocrx_word' id='word_1_462' title='bbox 2896 2783 3311 2839; x_wconf 89' lang='lat' dir='ltr'><strong>canonicatum</strong></span> <span class='ocrx_word' id='word_1_463' title='bbox 3334 2782 3592 2853; x_wconf 80' lang='lat' dir='ltr'><strong>ejusdem</strong></span> <span class='ocrx_word' id='word_1_464' title='bbox 3620 2778 3750 2833; x_wconf 85' lang='lat' dir='ltr'><strong>basi-</strong></span> 
     </span>
    </p>
   </div>
   <div class='ocr_carea' id='block_1_65' title="bbox 2126 2869 3752 2943">
    <p class='ocr_par' dir='ltr' id='par_1_65' title="bbox 2126 2869 3752 2943">
     <span class='ocr_line' id='line_1_65' title="bbox 2126 2869 3752 2943; baseline -0.007 -12"><span class='ocrx_word' id='word_1_465' title='bbox 2126 2877 2249 2931; x_wconf 78' lang='lat' dir='ltr'><strong>licae</strong></span> <span class='ocrx_word' id='word_1_466' title='bbox 2264 2874 2450 2930; x_wconf 89' lang='lat' dir='ltr'><strong>sancti</strong></span> <span class='ocrx_word' id='word_1_467' title='bbox 2465 2873 2760 2928; x_wconf 91' lang='lat' dir='ltr'><strong>Laurentii</strong></span> <span class='ocrx_word' id='word_1_468' title='bbox 2778 2873 2837 2927; x_wconf 88' lang='lat' dir='ltr'><strong>in</strong></span> <span class='ocrx_word' id='word_1_469' title='bbox 2853 2873 3102 2929; x_wconf 85' lang='lat' dir='ltr'><strong>Damaso</strong></span> <span class='ocrx_word' id='word_1_470' title='bbox 3119 2869 3558 2943; x_wconf 87' lang='lat' dir='ltr'><strong>promotus,qui</strong></span> <span class='ocrx_word' id='word_1_471' title='bbox 3579 2869 3752 2939; x_wconf 85' lang='lat' dir='ltr'><strong>elapso</strong></span> 
     </span>
    </p>
   </div>
   <div class='ocr_carea' id='block_1_66' title="bbox 2128 2958 3752 3038">
    <p class='ocr_par' dir='ltr' id='par_1_66' title="bbox 2128 2958 3752 3038">
     <span class='ocr_line' id='line_1_66' title="bbox 2128 2958 3752 3038; baseline -0.008 -18"><span class='ocrx_word' id='word_1_472' title='bbox 2128 2964 2388 3038; x_wconf 85' lang='lat' dir='ltr'><strong>proxime</strong></span> <span class='ocrx_word' id='word_1_473' title='bbox 2413 2980 2566 3019; x_wconf 92' lang='lat' dir='ltr'><strong>anno</strong></span> <span class='ocrx_word' id='word_1_474' title='bbox 2627 2964 2763 3017; x_wconf 79' lang='grc'><strong>1754</strong></span> <span class='ocrx_word' id='word_1_475' title='bbox 2796 2980 3004 3018; x_wconf 86' lang='lat' dir='ltr'><strong>novam</strong></span> <span class='ocrx_word' id='word_1_476' title='bbox 3053 2962 3485 3034; x_wconf 87' lang='lat' dir='ltr'><strong>opusculorum</strong></span> <span class='ocrx_word' id='word_1_477' title='bbox 3518 2958 3752 3030; x_wconf 84' lang='lat' dir='ltr'><strong>ejusdem</strong></span> 
     </span>
    </p>
   </div>
   <div class='ocr_carea' id='block_1_67' title="bbox 2130 3049 3759 3126">
    <p class='ocr_par' dir='ltr' id='par_1_67' title="bbox 2130 3049 3759 3126">
     <span class='ocr_line' id='line_1_67' title="bbox 2130 3049 3759 3126; baseline -0.009 -14"><span class='ocrx_word' id='word_1_478' title='bbox 2130 3056 2318 3112; x_wconf 85' lang='lat' dir='ltr'><strong>sancti</strong></span> <span class='ocrx_word' id='word_1_479' title='bbox 2347 3054 2636 3126; x_wconf 82' lang='lat' dir='ltr'><strong>pontiﬁcis</strong></span> <span class='ocrx_word' id='word_1_480' title='bbox 2670 3053 3069 3110; x_wconf 90' lang='lat' dir='ltr'><strong>collectionem</strong></span> <span class='ocrx_word' id='word_1_481' title='bbox 3104 3052 3442 3120; x_wconf 89' lang='lat' dir='ltr'><strong>adornavit,</strong></span> <span class='ocrx_word' id='word_1_482' title='bbox 3502 3049 3759 3117; x_wconf 85' lang='lat' dir='ltr'><strong>nobisque</strong></span> 
     </span>
    </p>
   </div>
   <div class='ocr_carea' id='block_1_68' title="bbox 2051 3120 3760 3217">
    <p class='ocr_par' dir='ltr' id='par_1_68' title="bbox 2051 3120 3760 3217">
     <span class='ocr_line' id='line_1_68' title="bbox 2051 3120 3760 3217; baseline -0.008 -18"><span class='ocrx_word' id='word_1_483' title='bbox 2051 3120 2092 3185; x_wconf 57' lang='grc' dir='ltr'><strong>(ἶ</strong></span> <span class='ocrx_word' id='word_1_484' title='bbox 2129 3120 2367 3217; x_wconf 79' lang='lat' dir='ltr'><strong>(quibus</strong></span> <span class='ocrx_word' id='word_1_485' title='bbox 2398 3145 2557 3215; x_wconf 92' lang='lat' dir='ltr'><strong>prior</strong></span> <span class='ocrx_word' id='word_1_486' title='bbox 2580 3143 2678 3197; x_wconf 90' lang='lat' dir='ltr'><strong>illa</strong></span> <span class='ocrx_word' id='word_1_487' title='bbox 2699 3143 3057 3199; x_wconf 91' lang='lat' dir='ltr'><strong>Tillemontii</strong></span> <span class='ocrx_word' id='word_1_488' title='bbox 3081 3142 3284 3213; x_wconf 89' lang='lat' dir='ltr'><strong>opinio</strong></span> <span class='ocrx_word' id='word_1_489' title='bbox 3309 3157 3519 3213; x_wconf 91' lang='lat' dir='ltr'><strong>parum</strong></span> <span class='ocrx_word' id='word_1_490' title='bbox 3549 3137 3760 3209; x_wconf 88' lang='lat' dir='ltr'><strong>quidem</strong></span> 
     </span>
    </p>
   </div>
   <div class='ocr_carea' id='block_1_69' title="bbox 2131 3222 3765 3306">
    <p class='ocr_par' dir='ltr' id='par_1_69' title="bbox 2131 3222 3765 3306">
     <span class='ocr_line' id='line_1_69' title="bbox 2131 3222 3765 3306; baseline -0.009 -17"><span class='ocrx_word' id='word_1_491' title='bbox 2131 3236 2374 3306; x_wconf 87' lang='lat' dir='ltr'><strong>probata</strong></span> <span class='ocrx_word' id='word_1_492' title='bbox 2405 3232 2540 3289; x_wconf 86' lang='lat' dir='ltr'><strong>viris</strong></span> <span class='ocrx_word' id='word_1_493' title='bbox 2563 3233 2749 3288; x_wconf 92' lang='lat' dir='ltr'><strong>doctis</strong></span> <span class='ocrx_word' id='word_1_494' title='bbox 2787 3234 2906 3302; x_wconf 88' lang='lat' dir='ltr'><strong>jam</strong></span> <span class='ocrx_word' id='word_1_495' title='bbox 2963 3233 3061 3287; x_wconf 93' lang='lat' dir='ltr'><strong>diu</strong></span> <span class='ocrx_word' id='word_1_496' title='bbox 3120 3232 3413 3288; x_wconf 81' lang='lat' dir='ltr'><strong>exolvisse</strong></span> <span class='ocrx_word' id='word_1_497' title='bbox 3468 3222 3765 3292; x_wconf 87' lang='lat' dir='ltr'><strong>videbatur)</strong></span> 
     </span>
    </p>
   </div>
   <div class='ocr_carea' id='block_1_70' title="bbox 2132 3316 3767 3395">
    <p class='ocr_par' dir='ltr' id='par_1_70' title="bbox 2132 3316 3767 3395">
     <span class='ocr_line' id='line_1_70' title="bbox 2132 3316 3767 3395; baseline -0.009 -15"><span class='ocrx_word' id='word_1_498' title='bbox 2132 3325 2309 3394; x_wconf 85' lang='lat' dir='ltr'><strong>hujus</strong></span> <span class='ocrx_word' id='word_1_499' title='bbox 2332 3323 2534 3395; x_wconf 87' lang='lat' dir='ltr'><strong>scripti</strong></span> <span class='ocrx_word' id='word_1_500' title='bbox 2568 3322 2795 3377; x_wconf 89' lang='lat' dir='ltr'><strong>occasio</strong></span> <span class='ocrx_word' id='word_1_501' title='bbox 2822 3321 3261 3392; x_wconf 85' lang='lat' dir='ltr'><strong>tuit.Hicigitur</strong></span> <span class='ocrx_word' id='word_1_502' title='bbox 3279 3316 3636 3375; x_wconf 87' lang='lat' dir='ltr'><strong>Tillemontii</strong></span> <span class='ocrx_word' id='word_1_503' title='bbox 3656 3328 3767 3368; x_wconf 91' lang='lat' dir='ltr'><strong>con-</strong></span> 
     </span>
    </p>
   </div>
   <div class='ocr_carea' id='block_1_71' title="bbox 2120 3407 3766 3485">
    <p class='ocr_par' dir='ltr' id='par_1_71' title="bbox 2120 3407 3766 3485">
     <span class='ocr_line' id='line_1_71' title="bbox 2120 3407 3766 3485; baseline -0.009 -16"><span class='ocrx_word' id='word_1_504' title='bbox 2120 3412 2372 3485; x_wconf 87' lang='lat' dir='ltr'><strong>jecturis</strong></span> <span class='ocrx_word' id='word_1_505' title='bbox 2406 3429 2583 3467; x_wconf 90' lang='lat' dir='ltr'><strong>novas</strong></span> <span class='ocrx_word' id='word_1_506' title='bbox 2618 3413 2686 3466; x_wconf 92' lang='lat' dir='ltr'><strong>de</strong></span> <span class='ocrx_word' id='word_1_507' title='bbox 2717 3428 2824 3466; x_wconf 92' lang='lat' dir='ltr'><strong>suo</strong></span> <span class='ocrx_word' id='word_1_508' title='bbox 2848 3410 3071 3481; x_wconf 90' lang='lat' dir='ltr'><strong>adjicit;</strong></span> <span class='ocrx_word' id='word_1_509' title='bbox 3098 3411 3201 3466; x_wconf 90' lang='lat' dir='ltr'><strong>sed</strong></span> <span class='ocrx_word' id='word_1_510' title='bbox 3254 3410 3626 3480; x_wconf 87' lang='lat' dir='ltr'><strong>conjecturas</strong></span> <span class='ocrx_word' id='word_1_511' title='bbox 3654 3407 3766 3457; x_wconf 86' lang='lat' dir='ltr'><strong>tan-</strong></span> 
     </span>
    </p>
   </div>
   <div class='ocr_carea' id='block_1_72' title="bbox 2130 3496 3768 3575">
    <p class='ocr_par' dir='ltr' id='par_1_72' title="bbox 2130 3496 3768 3575">
     <span class='ocr_line' id='line_1_72' title="bbox 2130 3496 3768 3575; baseline -0.009 -16"><span class='ocrx_word' id='word_1_512' title='bbox 2130 3508 2282 3573; x_wconf 89' lang='lat' dir='ltr'><strong>tum,</strong></span> <span class='ocrx_word' id='word_1_513' title='bbox 2308 3502 2475 3575; x_wconf 91' lang='lat' dir='ltr'><strong>queis</strong></span> <span class='ocrx_word' id='word_1_514' title='bbox 2498 3519 2564 3557; x_wconf 85' lang='lat' dir='ltr'><strong>ex</strong></span> <span class='ocrx_word' id='word_1_515' title='bbox 2581 3500 3141 3571; x_wconf 88' lang='lat' dir='ltr'><strong>jurisconsultorum</strong></span> <span class='ocrx_word' id='word_1_516' title='bbox 3181 3500 3404 3570; x_wconf 84' lang='lat' dir='ltr'><strong>placito</strong></span> <span class='ocrx_word' id='word_1_517' title='bbox 3428 3501 3503 3565; x_wconf 82' lang='grc' dir='ltr'><strong>(ε)</strong></span> <span class='ocrx_word' id='word_1_518' title='bbox 3524 3496 3581 3551; x_wconf 91' lang='lat' dir='ltr'><strong>in</strong></span> <span class='ocrx_word' id='word_1_519' title='bbox 3598 3511 3653 3549; x_wconf 86' lang='lat' dir='ltr'><strong>re</strong></span> <span class='ocrx_word' id='word_1_520' title='bbox 3672 3507 3768 3547; x_wconf 84' lang='lat' dir='ltr'><strong>non</strong></span> 
     </span>
    </p>
   </div>
   <div class='ocr_carea' id='block_1_73' title="bbox 2132 3581 3766 3661">
    <p class='ocr_par' dir='ltr' id='par_1_73' title="bbox 2132 3581 3766 3661">
     <span class='ocr_line' id='line_1_73' title="bbox 2132 3581 3766 3661; baseline -0.009 -13"><span class='ocrx_word' id='word_1_521' title='bbox 2132 3593 2312 3649; x_wconf 92' lang='lat' dir='ltr'><strong>dubia</strong></span> <span class='ocrx_word' id='word_1_522' title='bbox 2338 3592 2581 3647; x_wconf 89' lang='lat' dir='ltr'><strong>minime</strong></span> <span class='ocrx_word' id='word_1_523' title='bbox 2613 3591 2776 3646; x_wconf 91' lang='lat' dir='ltr'><strong>locus</strong></span> <span class='ocrx_word' id='word_1_524' title='bbox 2806 3596 2911 3646; x_wconf 89' lang='lat' dir='ltr'><strong>est.</strong></span> <span class='ocrx_word' id='word_1_525' title='bbox 2938 3591 3266 3661; x_wconf 81' lang='lat' dir='ltr'><strong>Exaggerat</strong></span> <span class='ocrx_word' id='word_1_526' title='bbox 3294 3589 3499 3661; x_wconf 88' lang='lat' dir='ltr'><strong>itaque</strong></span> <span class='ocrx_word' id='word_1_527' title='bbox 3522 3581 3766 3655; x_wconf 87' lang='lat' dir='ltr'><strong>longissi-</strong></span> 
     </span>
    </p>
   </div>
   <div class='ocr_carea' id='block_1_74' title="bbox 2133 3676 3772 3752">
    <p class='ocr_par' dir='ltr' id='par_1_74' title="bbox 2133 3676 3772 3752">
     <span class='ocr_line' id='line_1_74' title="bbox 2133 3676 3772 3752; baseline -0.007 -14"><span class='ocrx_word' id='word_1_528' title='bbox 2133 3681 2212 3738; x_wconf 91' lang='lat' dir='ltr'><strong>mi</strong></span> <span class='ocrx_word' id='word_1_529' title='bbox 2236 3700 2302 3737; x_wconf 85' lang='lat' dir='ltr'><strong>ex</strong></span> <span class='ocrx_word' id='word_1_530' title='bbox 2322 3680 2601 3752; x_wconf 86' lang='lat' dir='ltr'><strong>Hispania</strong></span> <span class='ocrx_word' id='word_1_531' title='bbox 2616 3679 2840 3735; x_wconf 87' lang='lat' dir='ltr'><strong>itineris</strong></span> <span class='ocrx_word' id='word_1_532' title='bbox 2855 3676 3623 3746; x_wconf 82' lang='lat' dir='ltr'><strong>difﬁcultatem,infantium</strong></span> <span class='ocrx_word' id='word_1_533' title='bbox 3648 3685 3772 3744; x_wconf 87' lang='lat' dir='ltr'><strong>pene</strong></span> 
     </span>
    </p>
   </div>
   <div class='ocr_carea' id='block_1_75' title="bbox 2133 3764 3769 3841">
    <p class='ocr_par' dir='ltr' id='par_1_75' title="bbox 2133 3764 3769 3841">
     <span class='ocr_line' id='line_1_75' title="bbox 2133 3764 3769 3841; baseline -0.009 -15"><span class='ocrx_word' id='word_1_534' title='bbox 2133 3771 2447 3827; x_wconf 92' lang='lat' dir='ltr'><strong>liberorum</strong></span> <span class='ocrx_word' id='word_1_535' title='bbox 2481 3769 2755 3841; x_wconf 86' lang='lat' dir='ltr'><strong>vixqueei</strong></span> <span class='ocrx_word' id='word_1_536' title='bbox 2801 3769 3036 3824; x_wconf 87' lang='lat' dir='ltr'><strong>terendo</strong></span> <span class='ocrx_word' id='word_1_537' title='bbox 3058 3769 3296 3839; x_wconf 88' lang='lat' dir='ltr'><strong>parium</strong></span> <span class='ocrx_word' id='word_1_538' title='bbox 3348 3764 3769 3838; x_wconf 87' lang='lat' dir='ltr'><strong>impedimenta;</strong></span> 
     </span>
    </p>
   </div>
   <div class='ocr_carea' id='block_1_76' title="bbox 2133 3856 3773 3932">
    <p class='ocr_par' dir='ltr' id='par_1_76' title="bbox 2133 3856 3773 3932">
     <span class='ocr_line' id='line_1_76' title="bbox 2133 3856 3773 3932; baseline -0.007 -17"><span class='ocrx_word' id='word_1_539' title='bbox 2133 3866 2259 3915; x_wconf 89' lang='lat' dir='ltr'><strong>tum</strong></span> <span class='ocrx_word' id='word_1_540' title='bbox 2284 3860 2437 3932; x_wconf 92' lang='lat' dir='ltr'><strong>quod</strong></span> <span class='ocrx_word' id='word_1_541' title='bbox 2464 3859 2701 3914; x_wconf 91' lang='lat' dir='ltr'><strong>Damasi</strong></span> <span class='ocrx_word' id='word_1_542' title='bbox 2716 3875 2925 3929; x_wconf 89' lang='lat' dir='ltr'><strong>parens</strong></span> <span class='ocrx_word' id='word_1_543' title='bbox 2951 3874 3134 3913; x_wconf 88' lang='lat' dir='ltr'><strong>novus</strong></span> <span class='ocrx_word' id='word_1_544' title='bbox 3160 3874 3419 3929; x_wconf 89' lang='lat' dir='ltr'><strong>prorsus</strong></span> <span class='ocrx_word' id='word_1_545' title='bbox 3443 3856 3773 3927; x_wconf 84' lang='lat' dir='ltr'><strong>ignotusque</strong></span> 
     </span>
    </p>
   </div>
   <div class='ocr_carea' id='block_1_77' title="bbox 2134 3942 3773 4007">
    <p class='ocr_par' dir='ltr' id='par_1_77' title="bbox 2134 3942 3773 4007">
     <span class='ocr_line' id='line_1_77' title="bbox 2134 3942 3773 4007; baseline -0.01 0"><span class='ocrx_word' id='word_1_546' title='bbox 2134 3952 2322 4007; x_wconf 68' lang='lat' dir='ltr'><strong>Romae</strong></span> <span class='ocrx_word' id='word_1_547' title='bbox 2342 3949 2539 4005; x_wconf 87' lang='lat' dir='ltr'><strong>statim</strong></span> <span class='ocrx_word' id='word_1_548' title='bbox 2568 3948 2640 4003; x_wconf 89' lang='lat' dir='ltr'><strong>ab</strong></span> <span class='ocrx_word' id='word_1_549' title='bbox 2663 3949 2916 4004; x_wconf 90' lang='lat' dir='ltr'><strong>adventu</strong></span> <span class='ocrx_word' id='word_1_550' title='bbox 2942 3963 3151 4002; x_wconf 84' lang='lat' dir='ltr'><strong>nomen</strong></span> <span class='ocrx_word' id='word_1_551' title='bbox 3182 3946 3471 4002; x_wconf 67' lang='lat' dir='ltr'><strong>Ecclesia:</strong></span> <span class='ocrx_word' id='word_1_552' title='bbox 3521 3942 3773 4001; x_wconf 85' lang='lat' dir='ltr'><strong>dedisset,</strong></span> 
     </span>
    </p>
   </div>
   <div class='ocr_carea' id='block_1_78' title="bbox 2134 4028 3779 4111">
    <p class='ocr_par' dir='ltr' id='par_1_78' title="bbox 2134 4028 3779 4111">
     <span class='ocr_line' id='line_1_78' title="bbox 2134 4028 3779 4111; baseline -0.009 -18"><span class='ocrx_word' id='word_1_553' title='bbox 2134 4041 2347 4095; x_wconf 85' lang='lat' dir='ltr'><strong>notarii</strong></span> <span class='ocrx_word' id='word_1_554' title='bbox 2378 4038 2656 4111; x_wconf 89' lang='lat' dir='ltr'><strong>primum,</strong></span> <span class='ocrx_word' id='word_1_555' title='bbox 2692 4053 2824 4091; x_wconf 84' lang='lat' dir='ltr'><strong>mox</strong></span> <span class='ocrx_word' id='word_1_556' title='bbox 2848 4035 3083 4092; x_wconf 90' lang='lat' dir='ltr'><strong>lectoris</strong></span> <span class='ocrx_word' id='word_1_557' title='bbox 3114 4034 3292 4090; x_wconf 91' lang='lat' dir='ltr'><strong>titulo</strong></span> <span class='ocrx_word' id='word_1_558' title='bbox 3326 4036 3389 4089; x_wconf 89' lang='lat' dir='ltr'><strong>in</strong></span> <span class='ocrx_word' id='word_1_559' title='bbox 3442 4030 3630 4089; x_wconf 85' lang='lat' dir='ltr'><strong>sancti</strong></span> <span class='ocrx_word' id='word_1_560' title='bbox 3659 4028 3779 4083; x_wconf 81' lang='lat' dir='ltr'><strong>Lau-</strong></span> 
     </span>
    </p>
   </div>
   <div class='ocr_carea' id='block_1_79' title="bbox 2137 4113 3776 4196">
    <p class='ocr_par' dir='ltr' id='par_1_79' title="bbox 2137 4113 3776 4196">
     <span class='ocr_line' id='line_1_79' title="bbox 2137 4113 3776 4196; baseline -0.012 -11"><span class='ocrx_word' id='word_1_561' title='bbox 2137 4129 2309 4185; x_wconf 91' lang='lat' dir='ltr'><strong>rentii</strong></span> <span class='ocrx_word' id='word_1_562' title='bbox 2344 4127 2583 4183; x_wconf 80' lang='lat' dir='ltr'><strong>basilica</strong></span> <span class='ocrx_word' id='word_1_563' title='bbox 2615 4142 2646 4180; x_wconf 92' lang='lat' dir='ltr'><strong>e</strong></span> <span class='ocrx_word' id='word_1_564' title='bbox 2685 4124 2929 4196; x_wconf 85' lang='lat' dir='ltr'><strong>vestigio</strong></span> <span class='ocrx_word' id='word_1_565' title='bbox 2962 4124 3320 4180; x_wconf 87' lang='lat' dir='ltr'><strong>honestatus</strong></span> <span class='ocrx_word' id='word_1_566' title='bbox 3365 4123 3599 4187; x_wconf 81' lang='lat' dir='ltr'><strong>fuisset;</strong></span> <span class='ocrx_word' id='word_1_567' title='bbox 3645 4113 3776 4187; x_wconf 90' lang='lat' dir='ltr'><strong>quod</strong></span> 
     </span>
    </p>
   </div>
   <div class='ocr_carea' id='block_1_80' title="bbox 2137 4207 3781 4288">
    <p class='ocr_par' dir='ltr' id='par_1_80' title="bbox 2137 4207 3781 4288">
     <span class='ocr_line' id='line_1_80' title="bbox 2137 4207 3781 4288; baseline -0.009 -15"><span class='ocrx_word' id='word_1_568' title='bbox 2137 4224 2455 4288; x_wconf 90' lang='lat' dir='ltr'><strong>utrumque</strong></span> <span class='ocrx_word' id='word_1_569' title='bbox 2491 4233 2603 4270; x_wconf 90' lang='lat' dir='ltr'><strong>non</strong></span> <span class='ocrx_word' id='word_1_570' title='bbox 2636 4214 2779 4269; x_wconf 86' lang='lat' dir='ltr'><strong>satis</strong></span> <span class='ocrx_word' id='word_1_571' title='bbox 2812 4230 3161 4282; x_wconf 88' lang='lat' dir='ltr'><strong>consonum,</strong></span> <span class='ocrx_word' id='word_1_572' title='bbox 3194 4214 3322 4269; x_wconf 89' lang='lat' dir='ltr'><strong>imo</strong></span> <span class='ocrx_word' id='word_1_573' title='bbox 3358 4212 3621 4267; x_wconf 90' lang='lat' dir='ltr'><strong>alienum</strong></span> <span class='ocrx_word' id='word_1_574' title='bbox 3640 4207 3781 4279; x_wconf 84' lang='lat' dir='ltr'><strong>putat</strong></span> 
     </span>
    </p>
   </div>
   <div class='ocr_carea' id='block_1_81' title="bbox 2136 4302 3778 4375">
    <p class='ocr_par' dir='ltr' id='par_1_81' title="bbox 2136 4302 3778 4375">
     <span class='ocr_line' id='line_1_81' title="bbox 2136 4302 3778 4375; baseline -0.01 -13"><span class='ocrx_word' id='word_1_575' title='bbox 2136 4309 2207 4363; x_wconf 89' lang='lat' dir='ltr'><strong>ab</strong></span> <span class='ocrx_word' id='word_1_576' title='bbox 2240 4307 2473 4361; x_wconf 90' lang='lat' dir='ltr'><strong>illorum</strong></span> <span class='ocrx_word' id='word_1_577' title='bbox 2508 4308 2838 4374; x_wconf 89' lang='lat' dir='ltr'><strong>temporum</strong></span> <span class='ocrx_word' id='word_1_578' title='bbox 2862 4302 3195 4375; x_wconf 88' lang='lat' dir='ltr'><strong>disciplina.</strong></span> <span class='ocrx_word' id='word_1_579' title='bbox 3218 4302 3301 4374; x_wconf 85' lang='lat' dir='ltr'><strong>(d)</strong></span> <span class='ocrx_word' id='word_1_580' title='bbox 3338 4302 3778 4358; x_wconf 78' lang='lat' dir='ltr'><strong>Secundumcam</strong></span> 
     </span>
    </p>
   </div>
   <div class='ocr_carea' id='block_1_82' title="bbox 2135 4383 3781 4467">
    <p class='ocr_par' dir='ltr' id='par_1_82' title="bbox 2135 4383 3781 4467">
     <span class='ocr_line' id='line_1_82' title="bbox 2135 4383 3781 4467; baseline -0.012 -15"><span class='ocrx_word' id='word_1_581' title='bbox 2135 4398 2335 4453; x_wconf 86' lang='lat' dir='ltr'><strong>etenim</strong></span> <span class='ocrx_word' id='word_1_582' title='bbox 2364 4394 2602 4467; x_wconf 90' lang='lat' dir='ltr'><strong>(inquit)</strong></span> <span class='ocrx_word' id='word_1_583' title='bbox 2634 4395 2815 4463; x_wconf 85' lang='lat' dir='ltr'><strong>primo</strong></span> <span class='ocrx_word' id='word_1_584' title='bbox 2847 4393 3144 4463; x_wconf 65' lang='lat' dir='ltr'><strong>baptizari,</strong></span> <span class='ocrx_word' id='word_1_585' title='bbox 3167 4391 3383 4447; x_wconf 78' lang='lat' dir='ltr'><strong>deinde</strong></span> <span class='ocrx_word' id='word_1_586' title='bbox 3403 4408 3478 4447; x_wconf 76' lang='lat' dir='ltr'><strong>ea:</strong></span> <span class='ocrx_word' id='word_1_587' title='bbox 3512 4383 3781 4443; x_wconf 77' lang='lat' dir='ltr'><strong>intervallo</strong></span> 
     </span>
    </p>
   </div>
   <div class='ocr_carea' id='block_1_83' title="bbox 371 4474 3783 4558">
    <p class='ocr_par' dir='ltr' id='par_1_83' title="bbox 371 4474 3783 4558">
     <span class='ocr_line' id='line_1_83' title="bbox 371 4474 3783 4558; baseline -0.001 -28"><span class='ocrx_word' id='word_1_588' title='bbox 371 4478 643 4531; x_wconf 86' lang='lat' dir='ltr'><strong>facerem.</strong></span> <span class='ocrx_word' id='word_1_589' title='bbox 663 4475 935 4530; x_wconf 89' lang='lat' dir='ltr'><strong>Abnuere</strong></span> <span class='ocrx_word' id='word_1_590' title='bbox 952 4477 1075 4547; x_wconf 84' lang='lat' dir='ltr'><strong>ipse</strong></span> <span class='ocrx_word' id='word_1_591' title='bbox 1090 4476 1345 4548; x_wconf 91' lang='lat' dir='ltr'><strong>primum</strong></span> <span class='ocrx_word' id='word_1_592' title='bbox 1365 4480 1787 4552; x_wconf 86' lang='lat' dir='ltr'><strong>angustiasque</strong></span> <span class='ocrx_word' id='word_1_593' title='bbox 1801 4487 2024 4554; x_wconf 84' lang='lat' dir='ltr'><strong>tempo-</strong></span> <span class='ocrx_word' id='word_1_594' title='bbox 2058 4494 2104 4556; x_wconf 77' lang='grc' dir='ltr'>υ</span> <span class='ocrx_word' id='word_1_595' title='bbox 2132 4486 2357 4558; x_wconf 87' lang='lat' dir='ltr'><strong>probari</strong></span> <span class='ocrx_word' id='word_1_596' title='bbox 2375 4483 2580 4551; x_wconf 82' lang='lat' dir='ltr'><strong>debuit,</strong></span> <span class='ocrx_word' id='word_1_597' title='bbox 2612 4481 2881 4552; x_wconf 80' lang='lat' dir='ltr'><strong>dignusne</strong></span> <span class='ocrx_word' id='word_1_598' title='bbox 2900 4490 3034 4537; x_wconf 80' lang='lat' dir='ltr'><strong>esset</strong></span> <span class='ocrx_word' id='word_1_599' title='bbox 3051 4483 3150 4552; x_wconf 90' lang='lat' dir='ltr'><strong>qui</strong></span> <span class='ocrx_word' id='word_1_600' title='bbox 3167 4496 3358 4538; x_wconf 66' lang='lat' dir='ltr'><strong>sacra?</strong></span> <span class='ocrx_word' id='word_1_601' title='bbox 3381 4482 3608 4535; x_wconf 71' lang='lat' dir='ltr'><strong>militiae</strong></span> <span class='ocrx_word' id='word_1_602' title='bbox 3627 4474 3783 4531; x_wconf 81' lang='lat' dir='ltr'><strong>ascri-</strong></span> 
     </span>
    </p>
   </div>
   <div class='ocr_carea' id='block_1_84' title="bbox 368 4565 2025 4642">
    <p class='ocr_par' dir='ltr' id='par_1_84' title="bbox 368 4565 2025 4642">
     <span class='ocr_line' id='line_1_84' title="bbox 368 4565 2025 4642; baseline 0.003 -21"><span class='ocrx_word' id='word_1_603' title='bbox 368 4566 454 4621; x_wconf 89' lang='lat' dir='ltr'><strong>ris</strong></span> <span class='ocrx_word' id='word_1_604' title='bbox 477 4566 629 4637; x_wconf 91' lang='lat' dir='ltr'><strong>apud</strong></span> <span class='ocrx_word' id='word_1_605' title='bbox 655 4582 753 4620; x_wconf 91' lang='lat' dir='ltr'><strong>eos</strong></span> <span class='ocrx_word' id='word_1_606' title='bbox 775 4565 1025 4632; x_wconf 90' lang='lat' dir='ltr'><strong>causari,</strong></span> <span class='ocrx_word' id='word_1_607' title='bbox 1049 4582 1251 4622; x_wconf 85' lang='lat' dir='ltr'><strong>verum</strong></span> <span class='ocrx_word' id='word_1_608' title='bbox 1275 4566 1331 4621; x_wconf 88' lang='lat' dir='ltr'><strong>id</strong></span> <span class='ocrx_word' id='word_1_609' title='bbox 1368 4584 1470 4639; x_wconf 90' lang='lat' dir='ltr'><strong>per</strong></span> <span class='ocrx_word' id='word_1_610' title='bbox 1504 4569 1778 4641; x_wconf 88' lang='lat' dir='ltr'><strong>speciem;</strong></span> <span class='ocrx_word' id='word_1_611' title='bbox 1811 4588 1870 4626; x_wconf 89' lang='lat' dir='ltr'><strong>re</strong></span> <span class='ocrx_word' id='word_1_612' title='bbox 1895 4571 2025 4642; x_wconf 90' lang='lat' dir='ltr'><strong>ipsa</strong></span> 
     </span>
    </p>
   </div>
   <div class='ocr_carea' id='block_1_85' title="bbox 376 4656 2020 4730">
    <p class='ocr_par' dir='ltr' id='par_1_85' title="bbox 376 4656 2020 4730">
     <span class='ocr_line' id='line_1_85' title="bbox 376 4656 2020 4730; baseline 0.003 -19"><span class='ocrx_word' id='word_1_613' title='bbox 376 4656 808 4711; x_wconf 84' lang='lat' dir='ltr'><strong>contentiosum</strong></span> <span class='ocrx_word' id='word_1_614' title='bbox 837 4656 1161 4725; x_wconf 89' lang='lat' dir='ltr'><strong>argumenti</strong></span> <span class='ocrx_word' id='word_1_615' title='bbox 1189 4671 1370 4723; x_wconf 75' lang='lat' dir='ltr'><strong>genus</strong></span> <span class='ocrx_word' id='word_1_616' title='bbox 1401 4660 1456 4711; x_wconf 90' lang='lat' dir='ltr'><strong>et</strong></span> <span class='ocrx_word' id='word_1_617' title='bbox 1479 4656 1648 4728; x_wconf 89' lang='lat' dir='ltr'><strong>plane</strong></span> <span class='ocrx_word' id='word_1_618' title='bbox 1668 4658 2020 4730; x_wconf 90' lang='lat' dir='ltr'><strong>polemicum</strong></span> 
     </span>
    </p>
   </div>
   <div class='ocr_carea' id='block_1_86' title="bbox 373 4742 2018 4817">
    <p class='ocr_par' dir='ltr' id='par_1_86' title="bbox 373 4742 2018 4817">
     <span class='ocr_line' id='line_1_86' title="bbox 373 4742 2018 4817; baseline 0.004 -20"><span class='ocrx_word' id='word_1_619' title='bbox 373 4742 759 4813; x_wconf 84' lang='lat' dir='ltr'><strong>refugiebam,</strong></span> <span class='ocrx_word' id='word_1_620' title='bbox 794 4742 851 4797; x_wconf 91' lang='lat' dir='ltr'><strong>in</strong></span> <span class='ocrx_word' id='word_1_621' title='bbox 878 4760 992 4814; x_wconf 91' lang='lat' dir='ltr'><strong>quo</strong></span> <span class='ocrx_word' id='word_1_622' title='bbox 1026 4759 1130 4799; x_wconf 89' lang='lat' dir='ltr'><strong>nec</strong></span> <span class='ocrx_word' id='word_1_623' title='bbox 1154 4744 1331 4799; x_wconf 88' lang='lat' dir='ltr'><strong>libere</strong></span> <span class='ocrx_word' id='word_1_624' title='bbox 1366 4745 1667 4817; x_wconf 86' lang='lat' dir='ltr'><strong>ingenium</strong></span> <span class='ocrx_word' id='word_1_625' title='bbox 1699 4754 2018 4817; x_wconf 85' lang='lat' dir='ltr'><strong>exercetur,</strong></span> 
     </span>
    </p>
   </div>
   <div class='ocr_carea' id='block_1_87' title="bbox 373 4830 2018 4909">
    <p class='ocr_par' dir='ltr' id='par_1_87' title="bbox 373 4830 2018 4909">
     <span class='ocr_line' id='line_1_87' title="bbox 373 4830 2018 4909; baseline 0.005 -24"><span class='ocrx_word' id='word_1_626' title='bbox 373 4835 430 4886; x_wconf 92' lang='lat' dir='ltr'><strong>et</strong></span> <span class='ocrx_word' id='word_1_627' title='bbox 461 4832 558 4885; x_wconf 92' lang='lat' dir='ltr'><strong>ubi</strong></span> <span class='ocrx_word' id='word_1_628' title='bbox 594 4830 839 4886; x_wconf 91' lang='lat' dir='ltr'><strong>aliorum</strong></span> <span class='ocrx_word' id='word_1_629' title='bbox 875 4837 1066 4887; x_wconf 91' lang='lat' dir='ltr'><strong>errata</strong></span> <span class='ocrx_word' id='word_1_630' title='bbox 1092 4832 1570 4904; x_wconf 87' lang='lat' dir='ltr'><strong>deprehenderis,</strong></span> <span class='ocrx_word' id='word_1_631' title='bbox 1607 4841 1710 4890; x_wconf 90' lang='lat' dir='ltr'><strong>aut</strong></span> <span class='ocrx_word' id='word_1_632' title='bbox 1750 4838 1851 4907; x_wconf 91' lang='lat' dir='ltr'><strong>jus</strong></span> <span class='ocrx_word' id='word_1_633' title='bbox 1886 4856 2018 4909; x_wconf 89' lang='lat' dir='ltr'><strong>pro-</strong></span> 
     </span>
    </p>
   </div>
   <div class='ocr_carea' id='block_1_88' title="bbox 373 4920 2021 4998">
    <p class='ocr_par' dir='ltr' id='par_1_88' title="bbox 373 4920 2021 4998">
     <span class='ocr_line' id='line_1_88' title="bbox 373 4920 2021 4998; baseline 0.005 -24"><span class='ocrx_word' id='word_1_634' title='bbox 373 4920 567 4991; x_wconf 90' lang='lat' dir='ltr'><strong>prium</strong></span> <span class='ocrx_word' id='word_1_635' title='bbox 584 4920 755 4992; x_wconf 89' lang='lat' dir='ltr'><strong>paulo</strong></span> <span class='ocrx_word' id='word_1_636' title='bbox 770 4920 995 4975; x_wconf 85' lang='lat' dir='ltr'><strong>enixius</strong></span> <span class='ocrx_word' id='word_1_637' title='bbox 1012 4925 1211 4977; x_wconf 77' lang='lat' dir='ltr'><strong>tueare</strong></span> <span class='ocrx_word' id='word_1_638' title='bbox 1231 4923 1637 4979; x_wconf 84' lang='lat' dir='ltr'><strong>malevolentia</strong></span> <span class='ocrx_word' id='word_1_639' title='bbox 1650 4927 2021 4998; x_wconf 87' lang='lat' dir='ltr'><strong>partiumque</strong></span> 
     </span>
    </p>
   </div>
   <div class='ocr_carea' id='block_1_89' title="bbox 372 5010 2015 5082">
    <p class='ocr_par' dir='ltr' id='par_1_89' title="bbox 372 5010 2015 5082">
     <span class='ocr_line' id='line_1_89' title="bbox 372 5010 2015 5082; baseline 0.004 -18"><span class='ocrx_word' id='word_1_640' title='bbox 372 5010 569 5065; x_wconf 89' lang='lat' dir='ltr'><strong>studio</strong></span> <span class='ocrx_word' id='word_1_641' title='bbox 593 5010 809 5064; x_wconf 80' lang='lat' dir='ltr'><strong>factum</strong></span> <span class='ocrx_word' id='word_1_642' title='bbox 833 5014 1060 5081; x_wconf 89' lang='lat' dir='ltr'><strong>putant.</strong></span> <span class='ocrx_word' id='word_1_643' title='bbox 1085 5016 1297 5067; x_wconf 82' lang='lat' dir='ltr'><strong>Contra</strong></span> <span class='ocrx_word' id='word_1_644' title='bbox 1322 5012 1406 5067; x_wconf 90' lang='lat' dir='ltr'><strong>illi</strong></span> <span class='ocrx_word' id='word_1_645' title='bbox 1432 5014 1603 5069; x_wconf 79' lang='lat' dir='ltr'><strong>{idem</strong></span> <span class='ocrx_word' id='word_1_646' title='bbox 1627 5031 1816 5082; x_wconf 87' lang='lat' dir='ltr'><strong>suam,</strong></span> <span class='ocrx_word' id='word_1_647' title='bbox 1860 5033 2015 5071; x_wconf 93' lang='lat' dir='ltr'><strong>com-</strong></span> 
     </span>
    </p>
   </div>
   <div class='ocr_carea' id='block_1_90' title="bbox 374 5098 2016 5176">
    <p class='ocr_par' dir='ltr' id='par_1_90' title="bbox 374 5098 2016 5176">
     <span class='ocr_line' id='line_1_90' title="bbox 374 5098 2016 5176; baseline 0.004 -22"><span class='ocrx_word' id='word_1_648' title='bbox 374 5114 611 5154; x_wconf 89' lang='lat' dir='ltr'><strong>munem</strong></span> <span class='ocrx_word' id='word_1_649' title='bbox 645 5098 986 5169; x_wconf 89' lang='lat' dir='ltr'><strong>amicitiam,</strong></span> <span class='ocrx_word' id='word_1_650' title='bbox 1018 5098 1263 5171; x_wconf 83' lang='lat' dir='ltr'><strong>gloriam</strong></span> <span class='ocrx_word' id='word_1_651' title='bbox 1294 5102 1543 5173; x_wconf 77' lang='lat' dir='ltr'><strong>denique</strong></span> <span class='ocrx_word' id='word_1_652' title='bbox 1561 5105 1803 5176; x_wconf 79' lang='lat' dir='ltr'><strong>Hispani</strong></span> <span class='ocrx_word' id='word_1_653' title='bbox 1832 5106 2016 5161; x_wconf 76' lang='lat' dir='ltr'><strong>nomi~</strong></span> 
     </span>
    </p>
   </div>
   <div class='ocr_carea' id='block_1_91' title="bbox 370 5187 2015 5265">
    <p class='ocr_par' dir='ltr' id='par_1_91' title="bbox 370 5187 2015 5265">
     <span class='ocr_line' id='line_1_91' title="bbox 370 5187 2015 5265; baseline 0.004 -22"><span class='ocrx_word' id='word_1_654' title='bbox 370 5187 844 5260; x_wconf 88' lang='lat' dir='ltr'><strong>nis,cuireliqua</strong></span> <span class='ocrx_word' id='word_1_655' title='bbox 872 5205 907 5244; x_wconf 90' lang='lat' dir='ltr'><strong>a</strong></span> <span class='ocrx_word' id='word_1_656' title='bbox 938 5204 1031 5243; x_wconf 91' lang='lat' dir='ltr'><strong>me</strong></span> <span class='ocrx_word' id='word_1_657' title='bbox 1077 5190 1276 5245; x_wconf 91' lang='lat' dir='ltr'><strong>omnia</strong></span> <span class='ocrx_word' id='word_1_658' title='bbox 1333 5191 1665 5262; x_wconf 88' lang='lat' dir='ltr'><strong>posthaberi</strong></span> <span class='ocrx_word' id='word_1_659' title='bbox 1718 5201 2015 5265; x_wconf 87' lang='lat' dir='ltr'><strong>noverant,</strong></span> 
     </span>
    </p>
   </div>
   <div class='ocr_carea' id='block_1_92' title="bbox 442 5347 2013 5425">
    <p class='ocr_par' dir='ltr' id='par_1_92' title="bbox 442 5347 2013 5425">
     <span class='ocr_line' id='line_1_92' title="bbox 442 5347 2013 5425; baseline 0.004 -22"><span class='ocrx_word' id='word_1_660' title='bbox 442 5347 885 5425; x_wconf 64' lang='lat' dir='ltr'><strong>(a):l_‘ill_emont,</strong></span> <span class='ocrx_word' id='word_1_661' title='bbox 912 5348 1199 5425; x_wconf 59' lang='lat' dir='ltr'><strong>Dténwires</strong></span> <span class='ocrx_word' id='word_1_662' title='bbox 1227 5366 1367 5425; x_wconf 59' lang='lat' dir='ltr'><strong>your</strong></span> <span class='ocrx_word' id='word_1_663' title='bbox 1412 5354 1591 5425; x_wconf 80' lang='lat' dir='ltr'><strong>servir</strong></span> <span class='ocrx_word' id='word_1_664' title='bbox 1640 5355 1674 5408; x_wconf 83' lang='grc' dir='ltr'><strong><em>ὰ</em></strong></span> <span class='ocrx_word' id='word_1_665' title='bbox 1724 5354 2013 5425; x_wconf 83' lang='lat' dir='ltr'><strong>l’Histoire,</strong></span> 
     </span>
    </p>
   </div>
   <div class='ocr_carea' id='block_1_93' title="bbox 365 5420 2014 5547">
    <p class='ocr_par' dir='ltr' id='par_1_93' title="bbox 365 5420 2014 5547">
     <span class='ocr_line' id='line_1_93' title="bbox 365 5420 2014 5547; baseline 0.005 -73"><span class='ocrx_word' id='word_1_666' title='bbox 365 5420 693 5547; x_wconf 44' lang='grc' dir='ltr'><strong>ἓξῧὲἕὲ,</strong></span> <span class='ocrx_word' id='word_1_667' title='bbox 741 5436 872 5492; x_wconf 85' lang='lat' dir='ltr'><strong>pag.</strong></span> <span class='ocrx_word' id='word_1_668' title='bbox 932 5421 1058 5488; x_wconf 82' lang='lat'><strong>386,</strong></span> <span class='ocrx_word' id='word_1_669' title='bbox 1119 5427 1175 5476; x_wconf 90' lang='lat' dir='ltr'><strong>et</strong></span> <span class='ocrx_word' id='word_1_670' title='bbox 1227 5423 1353 5492; x_wconf 91' lang='lat'><strong>773,</strong></span> <span class='ocrx_word' id='word_1_671' title='bbox 1410 5424 1468 5477; x_wconf 91' lang='lat' dir='ltr'><strong>in</strong></span> <span class='ocrx_word' id='word_1_672' title='bbox 1529 5428 1648 5479; x_wconf 88' lang='lat' dir='ltr'><strong>not.</strong></span> <span class='ocrx_word' id='word_1_673' title='bbox 1700 5425 1851 5481; x_wconf 85' lang='lat' dir='ltr'><strong>Edit.</strong></span> <span class='ocrx_word' id='word_1_674' title='bbox 1914 5420 2014 5484; x_wconf 54' lang='lat' dir='ltr'><strong>Vel</strong></span> 
     </span>
    </p>
   </div>
   <div class='ocr_carea' id='block_1_94' title="bbox 363 5563 2010 5694">
    <p class='ocr_par' dir='ltr' id='par_1_94' title="bbox 363 5563 2010 5690">
     <span class='ocr_line' id='line_1_94' title="bbox 363 5563 2010 5690; baseline 0.004 -73"><span class='ocrx_word' id='word_1_675' title='bbox 363 5564 515 5690; x_wconf 42' lang='grc' dir='ltr'><strong>Ἀξὺὲ</strong></span> <span class='ocrx_word' id='word_1_676' title='bbox 546 5563 854 5635; x_wconf 90' lang='lat' dir='ltr'><strong>Damasus,</strong></span> <span class='ocrx_word' id='word_1_677' title='bbox 886 5563 1238 5636; x_wconf 90' lang='lat' dir='ltr'><strong>epigramm.</strong></span> <span class='ocrx_word' id='word_1_678' title='bbox 1269 5566 1359 5633; x_wconf 89' lang='lat'><strong>35,</strong></span> <span class='ocrx_word' id='word_1_679' title='bbox 1392 5582 1491 5637; x_wconf 90' lang='lat' dir='ltr'><strong>ap.</strong></span> <span class='ocrx_word' id='word_1_680' title='bbox 1543 5568 1818 5637; x_wconf 76' lang='lat' dir='ltr'><strong>Merend,</strong></span> <span class='ocrx_word' id='word_1_681' title='bbox 1878 5586 2010 5642; x_wconf 88' lang='lat' dir='ltr'><strong>pag.</strong></span> 
     </span>
    </p>
   </div>
   <div class='ocr_carea' id='block_1_95' title="bbox 2137 4569 3780 4639">
    <p class='ocr_par' dir='ltr' id='par_1_95' title="bbox 2137 4569 3780 4639">
     <span class='ocr_line' id='line_1_95' title="bbox 2137 4569 3780 4639; baseline -0.007 -10"><span class='ocrx_word' id='word_1_682' title='bbox 2137 4578 2369 4630; x_wconf 88' lang='lat' dir='ltr'><strong>beretur.</strong></span> <span class='ocrx_word' id='word_1_683' title='bbox 2394 4575 2668 4627; x_wconf 84' lang='lat' dir='ltr'><strong>Postremo</strong></span> <span class='ocrx_word' id='word_1_684' title='bbox 2693 4572 3056 4635; x_wconf 84' lang='lat' dir='ltr'><strong>novennium,</strong></span> <span class='ocrx_word' id='word_1_685' title='bbox 3085 4571 3285 4625; x_wconf 80' lang='lat' dir='ltr'><strong>saltem</strong></span> <span class='ocrx_word' id='word_1_686' title='bbox 3321 4569 3681 4639; x_wconf 68' lang='lat' dir='ltr'><strong>septennium</strong></span> <span class='ocrx_word' id='word_1_687' title='bbox 3698 4574 3780 4633; x_wconf 87' lang='lat' dir='ltr'><strong>pro</strong></span> 
     </span>
    </p>
   </div>
   <div class='ocr_carea' id='block_1_96' title="bbox 2130 4654 3783 4733">
    <p class='ocr_par' dir='ltr' id='par_1_96' title="bbox 2130 4654 3783 4733">
     <span class='ocr_line' id='line_1_96' title="bbox 2130 4654 3783 4733; baseline -0.007 -15"><span class='ocrx_word' id='word_1_688' title='bbox 2130 4665 2407 4718; x_wconf 86' lang='lat' dir='ltr'><strong>minorum</strong></span> <span class='ocrx_word' id='word_1_689' title='bbox 2427 4660 2697 4733; x_wconf 84' lang='lat' dir='ltr'><strong>graduum</strong></span> <span class='ocrx_word' id='word_1_690' title='bbox 2721 4660 2918 4731; x_wconf 80' lang='lat' dir='ltr'><strong>ofﬁciis</strong></span> <span class='ocrx_word' id='word_1_691' title='bbox 2937 4658 3256 4714; x_wconf 75' lang='lat' dir='ltr'><strong>exercendis</strong></span> <span class='ocrx_word' id='word_1_692' title='bbox 3279 4664 3335 4714; x_wconf 86' lang='lat' dir='ltr'><strong>et</strong></span> <span class='ocrx_word' id='word_1_693' title='bbox 3352 4654 3783 4729; x_wconf 80' lang='lat' dir='ltr'><strong>recipiendorum</strong></span> 
     </span>
    </p>
   </div>
   <div class='ocr_carea' id='block_1_97' title="bbox 2130 4744 3783 4818">
    <p class='ocr_par' dir='ltr' id='par_1_97' title="bbox 2130 4744 3783 4818">
     <span class='ocr_line' id='line_1_97' title="bbox 2130 4744 3783 4818; baseline -0.008 -12"><span class='ocrx_word' id='word_1_694' title='bbox 2130 4751 2446 4807; x_wconf 80' lang='lat' dir='ltr'><strong>interstitiis</strong></span> <span class='ocrx_word' id='word_1_695' title='bbox 2470 4751 2747 4805; x_wconf 82' lang='lat' dir='ltr'><strong>insumere</strong></span> <span class='ocrx_word' id='word_1_696' title='bbox 2774 4748 3069 4803; x_wconf 84' lang='lat' dir='ltr'><strong>minimum</strong></span> <span class='ocrx_word' id='word_1_697' title='bbox 3100 4744 3783 4818; x_wconf 78' lang='lat' dir='ltr'><strong>oportuit,ut,probatione</strong></span> 
     </span>
    </p>
   </div>
   <div class='ocr_carea' id='block_1_98' title="bbox 2130 4828 3787 4908">
    <p class='ocr_par' dir='ltr' id='par_1_98' title="bbox 2130 4828 3787 4908">
     <span class='ocr_line' id='line_1_98' title="bbox 2130 4828 3787 4908; baseline -0.01 -11"><span class='ocrx_word' id='word_1_698' title='bbox 2130 4841 2409 4898; x_wconf 81' lang='lat' dir='ltr'><strong>accedente</strong></span> <span class='ocrx_word' id='word_1_699' title='bbox 2433 4839 2503 4895; x_wconf 89' lang='lat' dir='ltr'><strong>ad</strong></span> <span class='ocrx_word' id='word_1_700' title='bbox 2526 4839 2762 4895; x_wconf 74' lang='lat' dir='ltr'><strong>altiores</strong></span> <span class='ocrx_word' id='word_1_701' title='bbox 2782 4839 3030 4895; x_wconf 78' lang='lat' dir='ltr'><strong>Ecclesia:</strong></span> <span class='ocrx_word' id='word_1_702' title='bbox 3050 4837 3271 4908; x_wconf 81' lang='lat' dir='ltr'><strong>gradus</strong></span> <span class='ocrx_word' id='word_1_703' title='bbox 3292 4837 3466 4893; x_wconf 75' lang='lat' dir='ltr'><strong>evehi</strong></span> <span class='ocrx_word' id='word_1_704' title='bbox 3505 4842 3701 4907; x_wconf 81' lang='lat' dir='ltr'><strong>posset.</strong></span> <span class='ocrx_word' id='word_1_705' title='bbox 3731 4828 3787 4883; x_wconf 81' lang='lat' dir='ltr'><strong>Et</strong></span> 
     </span>
    </p>
   </div>
   <div class='ocr_carea' id='block_1_99' title="bbox 2131 4920 3787 5004">
    <p class='ocr_par' dir='ltr' id='par_1_99' title="bbox 2131 4920 3787 5004">
     <span class='ocr_line' id='line_1_99' title="bbox 2131 4920 3787 5004; baseline -0.008 -18"><span class='ocrx_word' id='word_1_706' title='bbox 2131 4931 2331 5004; x_wconf 90' lang='lat' dir='ltr'><strong>paucis</strong></span> <span class='ocrx_word' id='word_1_707' title='bbox 2362 4930 2684 4999; x_wconf 87' lang='lat' dir='ltr'><strong>interjectis</strong></span> <span class='ocrx_word' id='word_1_708' title='bbox 2709 4928 2930 5000; x_wconf 89' lang='lat' dir='ltr'><strong>pergit:</strong></span> <span class='ocrx_word' id='word_1_709' title='bbox 2982 4928 3064 4981; x_wconf 83' lang='lat' dir='ltr'><strong>An</strong></span> <span class='ocrx_word' id='word_1_710' title='bbox 3095 4926 3283 4998; x_wconf 86' lang='lat' dir='ltr'><strong>itaque</strong></span> <span class='ocrx_word' id='word_1_711' title='bbox 3316 4928 3383 4982; x_wconf 83' lang='lat' dir='ltr'><strong>in</strong></span> <span class='ocrx_word' id='word_1_712' title='bbox 3447 4920 3787 4998; x_wconf 70' lang='lat' dir='ltr'><strong>in/erioribus</strong></span> 
     </span>
    </p>
   </div>
   <div class='ocr_carea' id='block_1_100' title="bbox 2128 5017 3790 5091">
    <p class='ocr_par' dir='ltr' id='par_1_100' title="bbox 2128 5017 3790 5091">
     <span class='ocr_line' id='line_1_100' title="bbox 2128 5017 3790 5091; baseline -0.008 -15"><span class='ocrx_word' id='word_1_713' title='bbox 2128 5021 2415 5077; x_wconf 87' lang='lat' dir='ltr'><strong>ordinibus</strong></span> <span class='ocrx_word' id='word_1_714' title='bbox 2440 5021 2613 5091; x_wconf 83' lang='lat' dir='ltr'><strong>positi</strong></span> <span class='ocrx_word' id='word_1_715' title='bbox 2635 5021 2795 5089; x_wconf 87' lang='lat' dir='ltr'><strong>pater</strong></span> <span class='ocrx_word' id='word_1_716' title='bbox 2822 5021 2872 5072; x_wconf 81' lang='lat' dir='ltr'><strong>et</strong></span> <span class='ocrx_word' id='word_1_717' title='bbox 2898 5018 3049 5082; x_wconf 85' lang='lat' dir='ltr'><strong>ﬁlius</strong></span> <span class='ocrx_word' id='word_1_718' title='bbox 3078 5032 3192 5071; x_wconf 84' lang='lat' dir='ltr'><strong>uno</strong></span> <span class='ocrx_word' id='word_1_719' title='bbox 3221 5017 3539 5088; x_wconf 86' lang='lat' dir='ltr'><strong>eodemque</strong></span> <span class='ocrx_word' id='word_1_720' title='bbox 3569 5020 3790 5082; x_wconf 80' lang='lat' dir='ltr'><strong>tempore</strong></span> 
     </span>
    </p>
   </div>
   <div class='ocr_carea' id='block_1_101' title="bbox 2127 5105 3488 5181">
    <p class='ocr_par' dir='ltr' id='par_1_101' title="bbox 2127 5105 3488 5181">
     <span class='ocr_line' id='line_1_101' title="bbox 2127 5105 3488 5181; baseline -0.005 -15"><span class='ocrx_word' id='word_1_721' title='bbox 2127 5115 2288 5181; x_wconf 85' lang='lat' dir='ltr'><strong>atque</strong></span> <span class='ocrx_word' id='word_1_722' title='bbox 2307 5110 2499 5164; x_wconf 87' lang='lat' dir='ltr'><strong>eadem</strong></span> <span class='ocrx_word' id='word_1_723' title='bbox 2528 5109 2586 5162; x_wconf 83' lang='lat' dir='ltr'><strong>in</strong></span> <span class='ocrx_word' id='word_1_724' title='bbox 2613 5106 2857 5161; x_wconf 84' lang='lat' dir='ltr'><strong>Ecclesia</strong></span> <span class='ocrx_word' id='word_1_725' title='bbox 2881 5106 2908 5160; x_wconf 73' lang='lat' dir='ltr'><strong>‘I</strong></span> <span class='ocrx_word' id='word_1_726' title='bbox 2928 5107 3038 5160; x_wconf 85' lang='lat' dir='ltr'><strong>Hoc</strong></span> <span class='ocrx_word' id='word_1_727' title='bbox 3067 5106 3175 5160; x_wconf 84' lang='lat' dir='ltr'><strong>alii</strong></span> <span class='ocrx_word' id='word_1_728' title='bbox 3190 5105 3488 5175; x_wconf 83' lang='lat' dir='ltr'><strong>judicent.</strong></span> 
     </span>
    </p>
   </div>
   <div class='ocr_carea' id='block_1_102' title="bbox 2198 5189 3785 5270">
    <p class='ocr_par' dir='ltr' id='par_1_102' title="bbox 2198 5189 3785 5270">
     <span class='ocr_line' id='line_1_102' title="bbox 2198 5189 3785 5270; baseline -0.009 -15"><span class='ocrx_word' id='word_1_729' title='bbox 2198 5200 2397 5270; x_wconf 85' lang='lat' dir='ltr'><strong>Neque</strong></span> <span class='ocrx_word' id='word_1_730' title='bbox 2429 5198 2522 5253; x_wconf 90' lang='lat' dir='ltr'><strong>his</strong></span> <span class='ocrx_word' id='word_1_731' title='bbox 2538 5195 2780 5251; x_wconf 90' lang='lat' dir='ltr'><strong>meliora</strong></span> <span class='ocrx_word' id='word_1_732' title='bbox 2791 5194 3105 5266; x_wconf 86' lang='lat' dir='ltr'><strong>Gregorius</strong></span> <span class='ocrx_word' id='word_1_733' title='bbox 3119 5195 3394 5251; x_wconf 83' lang='lat' dir='ltr'><strong>Jacohus</strong></span> <span class='ocrx_word' id='word_1_734' title='bbox 3408 5189 3785 5251; x_wconf 87' lang='lat' dir='ltr'><strong>Terribilinus</strong></span> 
     </span>
    </p>
   </div>
   <div class='ocr_carea' id='block_1_103' title="bbox 2283 5352 3581 5420">
    <p class='ocr_par' dir='ltr' id='par_1_103' title="bbox 2283 5352 3581 5420">
     <span class='ocr_line' id='line_1_103' title="bbox 2283 5352 3581 5420; baseline -0.004 -14"><span class='ocrx_word' id='word_1_735' title='bbox 2283 5358 2392 5406; x_wconf 84' lang='lat' dir='ltr'><strong>Hac</strong></span> <span class='ocrx_word' id='word_1_736' title='bbox 2421 5360 2575 5420; x_wconf 87' lang='lat' dir='ltr'><strong>pater</strong></span> <span class='ocrx_word' id='word_1_737' title='bbox 2603 5358 2870 5418; x_wconf 83' lang='lat' dir='ltr'><strong>exceptor.</strong></span> <span class='ocrx_word' id='word_1_738' title='bbox 2903 5354 3088 5416; x_wconf 89' lang='lat' dir='ltr'><strong>lector,</strong></span> <span class='ocrx_word' id='word_1_739' title='bbox 3118 5354 3283 5403; x_wconf 82' lang='lat' dir='ltr'><strong>levita</strong></span> <span class='ocrx_word' id='word_1_740' title='bbox 3315 5352 3581 5404; x_wconf 87' lang='lat' dir='ltr'><strong>sacerdos</strong></span> 
     </span>
    </p>
   </div>
   <div class='ocr_carea' id='block_1_104' title="bbox 2279 5420 2627 5470">
    <p class='ocr_par' dir='ltr' id='par_1_104' title="bbox 2279 5420 2627 5470">
     <span class='ocr_line' id='line_1_104' title="bbox 2279 5420 2627 5470; baseline -0.011 0"><span class='ocrx_word' id='word_1_741' title='bbox 2279 5420 2627 5470; x_wconf 84' lang='lat' dir='ltr'><strong>Creverat.....</strong></span> 
     </span>
    </p>
   </div>
   <div class='ocr_carea' id='block_1_105' title="bbox 2194 5497 3776 5571">
    <p class='ocr_par' dir='ltr' id='par_1_105' title="bbox 2194 5497 3776 5571">
     <span class='ocr_line' id='line_1_105' title="bbox 2194 5497 3776 5571; baseline -0.003 -17"><span class='ocrx_word' id='word_1_742' title='bbox 2194 5502 2266 5571; x_wconf 86' lang='lat' dir='ltr'><strong>(c)</strong></span> <span class='ocrx_word' id='word_1_743' title='bbox 2303 5506 2431 5571; x_wconf 88' lang='lat' dir='ltr'><strong>Leg.</strong></span> <span class='ocrx_word' id='word_1_744' title='bbox 2467 5500 2732 5571; x_wconf 82' lang='lat' dir='ltr'><strong>Continus</strong></span> <span class='ocrx_word' id='word_1_745' title='bbox 2764 5498 2886 5565; x_wconf 88' lang='grc'><strong>137,</strong></span> <span class='ocrx_word' id='word_1_746' title='bbox 2922 5497 2951 5570; x_wconf 88' lang='lat'>§</span> <span class='ocrx_word' id='word_1_747' title='bbox 2979 5500 3033 5563; x_wconf 89' lang='lat'><strong>2,</strong></span> <span class='ocrx_word' id='word_1_748' title='bbox 3062 5497 3121 5552; x_wconf 73' lang='lat' dir='ltr'><strong>if.</strong></span> <span class='ocrx_word' id='word_1_749' title='bbox 3154 5498 3223 5553; x_wconf 90' lang='lat' dir='ltr'><strong>de</strong></span> <span class='ocrx_word' id='word_1_750' title='bbox 3255 5497 3331 5554; x_wconf 88' lang='lat' dir='ltr'><strong>V.</strong></span> <span class='ocrx_word' id='word_1_751' title='bbox 3368 5498 3441 5553; x_wconf 93' lang='grc' dir='ltr'><strong>Ο,</strong></span> <span class='ocrx_word' id='word_1_752' title='bbox 3746 5560 3776 5571; x_wconf 38' lang='grc' dir='ltr'>η</span> 
     </span>
    </p>
   </div>
   <div class='ocr_carea' id='block_1_106' title="bbox 2196 5565 3780 5644">
    <p class='ocr_par' dir='ltr' id='par_1_106' title="bbox 2196 5565 3780 5644">
     <span class='ocr_line' id='line_1_106' title="bbox 2196 5565 3780 5644; baseline -0.006 -17"><span class='ocrx_word' id='word_1_753' title='bbox 2196 5565 2272 5644; x_wconf 76' lang='lat' dir='ltr'><strong>(d)</strong></span> <span class='ocrx_word' id='word_1_754' title='bbox 2301 5565 2433 5627; x_wconf 63' lang='lat' dir='ltr'><strong>Ant.</strong></span> <span class='ocrx_word' id='word_1_755' title='bbox 2468 5571 2650 5626; x_wconf 89' lang='lat' dir='ltr'><strong>Maria</strong></span> <span class='ocrx_word' id='word_1_756' title='bbox 2671 5565 2967 5644; x_wconf 78' lang='lat' dir='ltr'><strong>Merenda,</strong></span> <span class='ocrx_word' id='word_1_757' title='bbox 2998 5586 3199 5642; x_wconf 91' lang='lat' dir='ltr'><strong>opusc.</strong></span> <span class='ocrx_word' id='word_1_758' title='bbox 3261 5574 3327 5625; x_wconf 90' lang='lat' dir='ltr'><strong>et</strong></span> <span class='ocrx_word' id='word_1_759' title='bbox 3389 5572 3549 5641; x_wconf 87' lang='lat' dir='ltr'><strong>gest.</strong></span> <span class='ocrx_word' id='word_1_760' title='bbox 3604 5565 3780 5624; x_wconf 85' lang='lat' dir='ltr'><strong>sancti</strong></span> 
     </span>
    </p>
   </div>
   <div class='ocr_carea' id='block_1_107' title="bbox 2124 5642 2904 5715">
    <p class='ocr_par' dir='ltr' id='par_1_107' title="bbox 2124 5642 2904 5715">
     <span class='ocr_line' id='line_1_107' title="bbox 2124 5642 2904 5715; baseline -0.003 -16"><span class='ocrx_word' id='word_1_761' title='bbox 2124 5642 2382 5715; x_wconf 81' lang='lat' dir='ltr'><strong>Damasi,</strong></span> <span class='ocrx_word' id='word_1_762' title='bbox 2415 5660 2543 5715; x_wconf 90' lang='lat' dir='ltr'><strong>cap.</strong></span> <span class='ocrx_word' id='word_1_763' title='bbox 2569 5644 2619 5711; x_wconf 87' lang='grc'><strong>1,</strong></span> <span class='ocrx_word' id='word_1_764' title='bbox 2654 5657 2819 5699; x_wconf 84' lang='lat' dir='ltr'><strong>num.</strong></span> <span class='ocrx_word' id='word_1_765' title='bbox 2853 5642 2904 5697; x_wconf 91' lang='grc'><strong>1.</strong></span> 
     </span>
    </p>
   </div>
  </div>
