3996 6170
258 386 345 441 541

1136 385 1613 440 DISSERTATIO
1646 387 1744 439 DE
1778 387 2077 441 DAMASO
2112 387 2206 439 ΒΤ
2240 385 2677 442 LAURENTIO.

3522 385 3629 439 542

258 510 474 565 stratius
521 509 592 580 (a)
620 512 900 564 testatum
946 508 1209 579 reliquit)
1262 508 1718 579 inscribiturque
1759 510 1867 563 hoc
1899 512 1944 575 Α
1981 510 2215 581 reginae,
2245 510 2581 565 monasterii
2609 509 3629 577 Cassinensis,sanctiMarciVeneta

258 599 405 655 titulo
444 600 825 669 Episcoporum
875 600 1135 654 Romana:
1181 598 1338 652 urbis
1384 597 1633 654 nomine.
1688 598 1745 651 ln
1807 614 1872 652 eo

261 694 434 743 autem
449 686 671 755 Codice,
697 688 955 759 qui,quo
976 687 1095 742 haec
1119 687 1437 742 scribimus
1457 703 1609 741 anno
1643 686 1875 741 Domini

257 779 396 846 1755,
429 779 748 846 nongentos
778 776 1005 831 circiter
1040 775 1282 847 triginta
1309 793 1495 831 annos
1527 776 1729 831 ordine
1763 793 1875 831 nu-

256 871 440 933 inerat,
464 866 541 919 uti
558 881 662 920 suo
682 864 806 920 loco
826 864 1388 933 demonstrabimus,
1408 865 1527 919 bene
1539 865 1609 919 de
1624 865 1875 921 Damaso

253 954 554 1009 habentur:
592 955 857 1009 Damasus
885 956 1112 1009 natione
1142 954 1384 1025 Spanus,
1416 970 1485 1009 ex
1510 959 1672 1025 patro
1703 955 1872 1010 Anto-

252 1043 347 1097 nio.
377 1042 511 1097 sedit
542 1059 717 1097 annos
736 1059 876 1109 xvn,
908 1059 1117 1098 menses
1151 1060 1234 1111 ιιι,
1267 1044 1384 1097 dies
1412 1061 1489 1097 χι.

312 1132 492 1186 Tertio
514 1148 546 1185 a
578 1130 749 1186 nobis
772 1130 900 1186 loco
922 1133 1306 1202 exponendus
1326 1137 1419 1187 est
1438 1133 1878 1187 vetustissimus

251 1221 386 1276 aliud
410 1220 601 1275 Codex
620 1221 979 1291 inscriptus:
1011 1222 1138 1277 Vitae
1162 1224 1533 1278 Romanorum
1552 1224 1880 1293 pontiﬁcum

251 1326 280 1364 a
322 1312 461 1364 beato
514 1311 675 1365 Petro
711 1312 951 1380 apostolo
996 1310 1067 1365 ad
1114 1315 1367 1365 sanctum
1416 1312 1706 1367 Paulum!
1752 1328 1881 1382 per-

251 1400 430 1462 ducta,
483 1415 658 1469 quem
707 1416 775 1454 ex
823 1400 1178 1471 amplissimi
1224 1401 1573 1456 Veronensis
1623 1400 1878 1457 ecclesias

252 1487 465 1559 capituli
499 1488 981 1560 cbartopbylacio
1014 1489 1243 1560 primus
1276 1489 1540 1544 omnium
1589 1490 1879 1560 evulgavit

250 1576 441 1647 Josepb
480 1576 848 1632 Blancbinus
872 1578 1162 1632 Francisci
1186 1594 1254 1632 ex
1277 1578 1453 1633 fratre
1474 1593 1655 1648 nepos
1683 1581 1879 1650 (quem

250 1664 443 1720 idcirco
470 1665 783 1720 Juniorem
817 1666 875 1720 in
913 1683 1188 1737 processu
1214 1666 1408 1737 operis
1432 1667 1879 1739 appellabimus)

249 1758 296 1810 et
322 1754 503 1825 quarti
534 1754 828 1810 Anastasii
858 1755 1001 1811 tomi
1033 1755 1460 1827 prolegomenis
1492 1757 1741 1812 inseruit
1781 1758 1877 1828 (ὁ).

250 1845 487 1900 lsautem
504 1844 581 1899 de
596 1848 841 1899 Damaso
859 1844 1090 1915 penitus
1118 1860 1378 1899 consona
1395 1845 1687 1915 prioribus
1709 1845 1883 1901 Codi-

250 1932 396 1990 cibus
426 1932 629 1988 habet.
677 1938 972 2001 Damasus,
1003 1932 1218 2003 inquit,
1252 1934 1475 1987 natione
1514 1935 1784 2003 Hspanus,
1815 1951 1886 1990 ea:

248 2027 384 2093 patre
427 2021 691 2090 Antonio,
722 2022 861 2077 sedit
892 2038 1069 2077 annos
1098 2038 1257 2088 xvm,
1290 2038 1500 2077 menses
1543 2038 1627 2089 ιιι,
1660 2022 1775 2078 dies
1806 2040 1882 2077 χι.

250 2110 451 2173 Quanta
483 2126 626 2166 vero
674 2111 752 2166 sit
784 2110 965 2183 hujus
994 2110 1169 2166 Cedis
1217 2114 1536 2167 auctoritas
1580 2113 1748 2167 docet
1777 2130 1884 2167 nos

247 2199 434 2254 Junior
474 2200 613 2270 ipse
662 2199 1042 2267 Blanchinus,
1086 2199 1301 2271 dignus
1349 2200 1607 2271 profecto
1656 2218 1882 2272 censor,

248 2289 332 2360 qui
348 2306 455 2344 non
472 2288 662 2344 semel
678 2305 811 2344 eum
825 2289 1353 2360 praestantissimum
1371 2289 1648 2361 appellat;
1667 2292 1884 2362 quique

242 2379 415 2447 ipsum
444 2378 835 2434 celeberrimo
869 2380 1195 2435 Veronensi
1225 2381 1717 2449 Sacramentario,
1740 2382 1888 2437 inte-

242 2484 339 2539 gra
357 2468 587 2524 scilicet
602 2468 873 2524 chiliadis
888 2468 1482 2535 Codici,committere
1498 2468 1643 2523 nihil
1658 2470 1886 2526 dubita-

243 2556 317 2611 vit
337 2582 352 2625 ;
373 2558 487 2613 imo
512 2574 655 2613 vero
678 2574 812 2613 cum
833 2557 1371 2613 Sacramentarium
1396 2556 1540 2612 illud
1570 2560 1882 2629 secundas,

243 2647 571 2712 utaiunt,in
587 2647 1020 2718 prolegomenis
1035 2647 1230 2715 ducat,
1251 2646 1520 2717 princeps
1542 2648 1806 2703 omnium
1831 2649 1883 2703 ei

243 2735 303 2789 de
331 2752 440 2807 quo
473 2735 786 2807 loquimur
811 2735 1005 2793 Codici
1023 2736 1189 2791 locus
1210 2735 1428 2791 ibidem
1455 2736 1774 2792 attributus
1794 2742 1886 2795 est

303 2828 583 2895 Superest
607 2825 777 2880 nobis
793 2825 1205 2896 exponendum
1230 2825 1524 2879 Anastasii
1558 2824 1885 2883 Bibliothe-

245 2914 369 2968 carii
400 2913 817 2970 testimonium
849 2930 880 2968 θ
909 2912 1060 2968 libro
1089 2917 1398 2968 Gestorum
1436 2914 1882 2985 pontificalium,

246 3002 330 3072 qui
376 3003 505 3058 aliis
570 3002 727 3057 Gesta
777 3008 1142 3058 Romanorum
1194 3003 1543 3072 pontiﬁcum,
1592 3019 1695 3058 seu
1745 3005 1886 3060 liber

239 3094 591 3163 pontiﬁcalis,
644 3092 1026 3160 inscribitur;
1081 3093 1151 3148 de
1182 3093 1355 3163 cujus
1403 3097 1601 3148 tamen
1648 3099 1885 3150 auctore

244 3182 493 3237 nonnihil
512 3180 1361 3252 praznotareoportet.'Primus
1378 3181 1641 3237 omnium
1656 3183 1883 3240 Marcus

1984 598 2397 663 Laurentisne,
2434 604 2489 653 et
2507 598 2640 653 aliis
2666 616 2766 669 per
2790 598 3016 651 Italiam
3036 598 3432 653 celeberrimis
3456 600 3629 654 hodie

1984 686 2125 741 dum
2160 693 2481 757 supersunt
2511 688 2639 756 ejus
2672 686 3038 758 exemplaria
3081 688 3319 741 mavelis
3352 687 3630 756 evolvere,

1985 792 2304 831 consonam
2357 776 2529 847 plane
2561 777 2631 831 de
2683 781 2929 831 Damaso
2976 775 3328 831 sententiam
3375 778 3629 847 reperias

1986 864 2251 935 ipsisque
2300 864 2390 919 his
2436 864 2627 919 verbis
2676 871 3054 936 conceptam:
3106 866 3376 919 Damasus
3406 865 3630 921 natione

1984 954 2275 1025 Hispanus,
2316 972 2388 1009 cx
2412 958 2569 1025 patre
2600 955 2859 1009 Antonio.

2058 1043 2295 1097 Possem
2321 1043 2591 1114 equidem
2617 1043 2730 1098 alia
2757 1044 2827 1097 de
2849 1044 3052 1098 eodem
3081 1047 3426 1114 argumento
3450 1044 3635 1113 scrip-

1988 1136 2181 1186 torum
2205 1132 2866 1198 testimoniaadducere,
2883 1134 2983 1188 sed
2999 1133 3113 1187 otio
3138 1134 3495 1203 parcendum
3516 1150 3640 1203 gra-

1988 1225 2165 1292 taque
2216 1221 2409 1291 potius
2444 1222 2700 1277 novitate
2753 1224 3103 1278 morandum
3144 1221 3420 1277 lectorem
3472 1225 3635 1293 puto.

1991 1310 2181 1365 Unum
2210 1312 2265 1364 id
2300 1315 2497 1366 tamen
2529 1312 2680 1381 quod
2714 1312 3196 1382 Damasipridem
3220 1311 3411 1366 Vitam
3440 1329 3472 1367 a
3494 1328 3638 1382 quo-

1990 1400 2123 1454 dam
2159 1400 2470 1455 Benedicto
2503 1401 2839 1471 presbytero
2872 1400 3287 1470 conscriptam,
3320 1406 3375 1455 et
3406 1417 3439 1454 a
3470 1402 3641 1455 Sara-

1988 1490 2155 1544 zanio
2187 1490 2251 1559 (i)
2284 1491 2441 1557 aperi
2478 1508 2585 1544 suo
2619 1492 2936 1561 prtelixam,
2970 1506 3037 1544 ex
3067 1495 3259 1544 vetere
3292 1507 3400 1544 ms.
3426 1490 3638 1546 Codice

1992 1580 2224 1633 abbatis
2246 1579 2614 1635 Constantini
2634 1581 2914 1650 Cajetani,
2941 1581 3153 1650 legenti
3177 1580 3643 1635 mihisuccurre-

1992 1668 2111 1729 bat,
2145 1668 2362 1723 tacitus
2396 1670 2690 1739 praeterire
2712 1684 2957 1739 nequeo.
2988 1671 3313 1724 Conversus
3340 1670 3407 1723 ad
3428 1669 3641 1723 Dama-

1991 1772 2123 1810 sum
2161 1756 2291 1827 pius
2324 1756 2421 1810 ille
2452 1759 2724 1827 scriptor,
2759 1758 2869 1811 sub
2897 1757 3074 1813 tinem
3108 1758 3235 1826 ejus
3266 1756 3430 1825 Vitas,
3456 1756 3642 1811 sancti

1993 1845 2285 1914 pontiﬁcis
2335 1862 2502 1915 opem
2548 1845 2827 1916 implorat
2858 1846 3127 1900 universo
3176 1844 3434 1914 primum
3482 1844 3641 1899 ﬁdeli

1995 1932 2231 2003 populo,
2287 1933 2359 1988 iis
2406 1934 2699 2005 praecipue
2744 1934 2844 2005 qui
2876 1935 3080 1988 devote
3129 1938 3300 2001 atque
3347 1950 3417 1987 ex
3446 1932 3641 1989 animo

1993 2021 2182 2092 ipsius
2218 2021 2406 2077 natale
2430 2022 2864 2078 celebraverint.
2898 2022 3088 2077 Verba
3110 2022 3230 2076 haac
3253 2026 3425 2077 sunt:
3450 2022 3646 2076 Sancte

1995 2112 2183 2182 itaque
2214 2113 2744 2179 Damase,succurre
2773 2129 2837 2167 ac
2866 2114 3127 2167 miserere
3165 2114 3316 2167 omni
3336 2112 3557 2182 populo,
3595 2112 3647 2165 si

1992 2200 2113 2269 quis
2130 2200 2196 2255 de
2211 2208 2347 2267 vote,
2381 2217 2446 2255 ac
2474 2201 2766 2269 desiderio,
2796 2218 2861 2255 ac
2881 2206 2986 2257 toto
2998 2201 3176 2256 cordis
3195 2200 3393 2271 affectu
3407 2201 3648 2256 celebrat

1994 2292 2149 2343 tuum
2196 2289 2414 2346 natale.
2453 2292 2644 2362 Pergit
2674 2290 2928 2346 subinde
2958 2290 3193 2345 Damasi
3249 2290 3645 2360 patrocinium

1995 2378 2211 2448 pepulo
2232 2380 2495 2435 Romano
2526 2380 2584 2435 in
2616 2380 2773 2435 hunc
2797 2380 3039 2434 modum
3064 2395 3421 2450 exposcens:
3449 2381 3647 2434 Sancte

1993 2467 2245 2534 Damase,
2275 2468 2352 2522 sis
2382 2471 2714 2524 intercessor
2742 2466 2925 2537 illius,
2951 2468 3171 2537 adjutor
3198 2475 3249 2521 et
3268 2466 3523 2537 defensor
3548 2481 3645 2535 po-

1989 2558 2113 2627 puli
2161 2560 2411 2626 Romani,
2446 2560 2539 2614 ubi
2586 2558 2939 2628 pontiﬁcatus
2983 2559 3242 2613 honorem
3284 2556 3484 2611 habere
3522 2570 3641 2609 me-

1994 2648 2185 2701 ruisti.

2067 2736 2351 2807 Estimet,
2373 2754 2591 2808 quaeso,
2618 2738 2877 2809 prudens
2901 2737 3101 2803 lector,
3125 2752 3301 2807 quam
3320 2750 3436 2789 non
3451 2733 3647 2789 siluis-

1994 2830 2083 2879 set
2118 2827 2352 2881 Damasi
2397 2827 2538 2881 Vitae
2570 2828 2821 2897 scriptor
2849 2827 2977 2896 ejus
3011 2826 3284 2896 patriam,
3313 2824 3359 2877 si
3411 2839 3547 2877 vere
3577 2840 3645 2877 ea

1998 2913 2180 2968 Roma
2233 2921 2407 2982 esset,
2441 2917 2676 2987 quando
2708 2916 2781 2970 ob
2812 2930 3101 2986 suprema;
3142 2914 3358 2968 ibidem
3393 2913 3643 2968 obtentis

1996 3001 2304 3072 dignitatis
2345 3006 2685 3059 memoriam
2718 3004 3039 3059 Damasum
3074 3003 3351 3057 fidentius
3395 3009 3540 3070 orat,
3574 3018 3645 3056 ne

1996 3089 2220 3145 scilicet
2251 3108 2351 3147 eos
2370 3094 2600 3148 deserat
2619 3093 2776 3163 apud
2798 3109 2943 3161 quos
2964 3090 3336 3163 pontiﬁcatus
3362 3090 3642 3143 honorem

1995 3176 2209 3234 habere
2230 3182 2467 3236 meruit.
2482 3186 2599 3236 Aut
2620 3196 2725 3236 cur
2742 3198 2854 3235 non
2879 3194 3253 3235 communem
3278 3177 3373 3231 ille
3390 3177 3640 3247 patriam

242 3248 831 3326 Velserus—triumvir
874 3248 1248 3340 Augustanus
1274 3310 1288 3337 ,
1322 3269 1421 3340 qui
1472 3274 1605 3341 post
1651 3272 1885 3328 Petrum
1916 3248 1961 3309 (ἶ
2002 3267 2050 3320 si
2069 3272 2354 3324 Damasus
2372 3269 2565 3324 Romae
2590 3266 3643 3337 natusfuisset,obnixiusobtestatus

243 3362 565 3417 Crabbeum
598 3360 707 3416 hoc
740 3377 887 3432 opus
916 3360 1309 3432 evulgaverat,
1342 3362 1652 3417 Anastasio
1687 3380 1885 3419 mona-

241 3451 355 3518 cho,
378 3452 480 3524 qui
509 3450 691 3523 vulgo
719 3450 1207 3507 Bibliothecarius
1229 3452 1415 3517 audit,
1441 3451 1734 3523 integrum
1753 3454 1888 3508 attri

239 3541 379 3609 buit,
403 3542 577 3597 nullo
597 3544 790 3597 tamen
815 3541 1009 3597 oblato
1029 3557 1313 3612 sponsore
1332 3542 1641 3613 idoneo(c).
1664 3544 1887 3603 Velseri

243 3631 595 3686 sententiam
631 3631 820 3701 primo
850 3630 1167 3685 Panvinius
1199 3630 1295 3700 (ἀ),
1321 3647 1453 3685 mox
1484 3639 1540 3686 et
1570 3632 1889 3689 cardinalis

242 3720 634 3775 Bellarminus
660 3720 753 3790 (e),
800 3718 1013 3789 aliique
1036 3720 1351 3790 amplexati
1382 3724 1558 3788 sunt;
1606 3720 1891 3775 Baronius

244 3808 311 3878 (1')
337 3814 568 3873 tamen,
604 3808 756 3863 libro
788 3808 859 3863 ad
891 3809 1173 3863 trutinam
1199 3808 1572 3864 exactissime
1602 3814 1891 3875 revocato,

243 3898 524 3969 comperit
541 3897 920 3952 Anastasium
940 3896 1101 3952 nullo
1124 3898 1296 3953 modo
1314 3902 1613 3953 auctorem
1637 3898 1748 3953 dici
1766 3915 1894 3968 pos-

245 4004 318 4053 se,
350 3989 450 4042 sed
477 3991 714 4042 tantum
736 3985 1105 4041 collectorem
1138 3986 1563 4058 pontiﬁcalium
1589 3992 1890 4058 gestorum

245 4092 422 4147 usque
445 4076 520 4131 ad
550 4075 874 4130 Adrianum
906 4075 974 4141 ll,
998 4075 1181 4130 donec
1204 4076 1438 4130 tandem
1475 4076 1891 4131 Schelstratius

243 4164 331 4233 (gi,
365 4163 715 4219 llolstenius
746 4167 804 4217 et
835 4160 953 4227 alii,
987 4160 1215 4216 invictis
1247 4162 1612 4233 argumentis
1644 4164 1895 4220 docuere

244 4270 414 4309 unam
443 4250 674 4308 Nicolai
698 4251 718 4306 Ι
740 4250 930 4306 Vitam
955 4252 1257 4306 Anastasio
1273 4256 1558 4323 tanquam
1581 4257 1737 4307 certo
1755 4269 1892 4308 aue-

242 4344 343 4397 tori
376 4340 634 4398 attribui
679 4357 869 4412 posse,
905 4340 1264 4411 reliquorum
1298 4345 1493 4395 autem
1544 4339 1891 4411 pontiﬁcum

246 4447 351 4485 non
385 4429 573 4484 unius
605 4427 857 4498 alicujus
888 4427 1193 4499 scriptoris
1220 4432 1322 4482 aut
1350 4428 1539 4482 aetatis
1561 4444 1709 4499 opus
1737 4427 1893 4483 testi-

247 4521 493 4575 mandas
531 4534 683 4572 esse.

1997 3372 2165 3427 opem
2198 3360 2326 3427 ejus
2360 3360 2621 3429 nonjam
2645 3356 2985 3429 gratuitam,
3012 3357 3109 3411 sed
3136 3355 3306 3425 quasi
3330 3372 3396 3409 ex
3423 3353 3640 3420 debito,

1999 3446 2299 3513 Romanis,
2324 3448 2552 3502 civibus
2578 3463 2785 3517 nempe
2800 3448 2947 3513 suis,
2975 3445 3330 3500 reddendam
3350 3442 3647 3515 poposcis-

1998 3535 2132 3589 set?
2162 3535 2277 3591 Cur
2307 3552 2422 3592 non
2451 3537 2689 3591 demum
2725 3534 2976 3605 scriptor
3003 3533 3098 3588 ille
3129 3532 3365 3588 Damasi
3397 3531 3645 3602 patriam

1998 3631 2324 3696 opportune
2342 3631 2517 3696 atque
2546 3627 2603 3680 in
2639 3642 2759 3680 rem
2795 3640 2955 3679 suam
2990 3621 3275 3694 apposite,
3303 3626 3366 3675 ut
3390 3624 3641 3691 poterat,

1999 3714 2395 3785 deprecationi
2446 3715 2815 3779 inseruisset,
2864 3714 2955 3768 his
2988 3716 3257 3768 sanctum
3311 3709 3646 3782 pontiﬁcem

1998 3802 2191 3857 verbis
2240 3803 2601 3874 compellans
2643 3819 2656 3857 :
2708 3802 2902 3856 Sancte
2949 3801 3177 3855 Damase
3226 3840 3241 3866 ,
3273 3797 3349 3852 sis
3397 3796 3649 3865 defensor

1996 3892 2197 3962 populi
2245 3894 2503 3957 Romani,
2535 3893 2631 3947 ubi
2661 3896 2718 3947 et
2758 3899 2933 3946 natus
2985 3888 3148 3944 fuisti
3189 3892 3247 3943 et
3288 3887 3645 3957 pontiﬁcatus

2000 3980 2262 4034 honorem
2289 3982 2487 4037 habere
2518 3982 2820 4035 meruisti?

2076 4074 2151 4123 De
2173 4071 2519 4141 antiquitate
2534 4070 2712 4140 hujus
2728 4068 2954 4124 Codicis
2970 4065 3114 4121 nibil
3140 4065 3265 4136 ipse
3289 4064 3346 4118 in
3372 4066 3645 4134 promptu

2002 4158 2210 4222 habeo,
2266 4175 2369 4213 nec
2401 4160 2745 4214 Sarazanius
2776 4174 2903 4212 eam
2937 4155 3109 4210 nobis
3140 4152 3437 4207 indicavit.
3481 4151 3643 4215 Quod

2004 4253 2196 4302 autem
2221 4250 2535 4303 Auctorum
2553 4249 2819 4315 scriptor,
2838 4244 3139 4317 proprium
3158 4258 3365 4297 nomen
3382 4245 3438 4295 et
3459 4238 3647 4307 digni-

2004 4341 2206 4406 tatem,
2236 4354 2337 4392 seu
2369 4338 2641 4409 gradum,
2676 4335 2997 4407 professus,
3030 4336 3262 4404 gentem
3288 4330 3647 4383 familiamve

2002 4426 2203 4480 itidem
2255 4443 2423 4480 suam
2458 4443 2571 4480 non
2606 4422 2942 4495 prodiderit,
2973 4438 3041 4476 ea
3074 4436 3205 4474 vero
3238 4435 3352 4473 non
3384 4416 3645 4487 vulgaris

2004 4514 2147 4569 mihi
2179 4514 2543 4586 antiquitatis
2573 4515 2910 4583 conjectura
2934 4514 3043 4579 est,
3077 4524 3253 4580 quam
3288 4506 3536 4578 simplex
3566 4514 3648 4559 te-

313 4611 373 4663 ln
406 4610 547 4678 ejus
579 4610 775 4661 autem
800 4604 1155 4660 Pontiﬁcalis
1187 4604 1319 4659 libri
1343 4605 1532 4676 prima
1556 4610 1737 4677 parte,
1766 4624 1891 4677 que
1926 4614 1972 4679 Ι)
2010 4605 2262 4675 nuisque
2291 4604 2575 4659 orationis
2597 4602 2785 4674 stylus
2806 4600 3051 4655 mirifice
3073 4598 3398 4653 conﬁrmat.
3432 4595 3487 4650 Si
3509 4594 3650 4666 quid

247 4700 349 4755 sub
384 4698 634 4753 initium
669 4712 769 4750 νιιι
801 4695 995 4750 saeculi
1028 4696 1361 4765 conscripta
1394 4696 1465 4750 ab
1494 4697 1741 4751 eruditis
1772 4714 1900 4753 cre-

248 4789 399 4844 ditur
419 4788 531 4857 (h),
552 4786 833 4856 Vitasque
858 4786 1252 4841 Romanorum
1272 4784 1614 4855 pontificum
1638 4788 1903 4843 continet

247 4896 431 4951 usque
456 4878 535 4933 ad
560 4876 1033 4945 Constantinum,
1058 4892 1160 4930 seu
1182 4874 1494 4929 Vaticanos
1511 4876 1773 4942 Codices,
1796 4893 1901 4934 seu

244 4965 647 5024 vetestissima
665 4964 867 5036 quain
882 4962 1563 5019 bibliothecisChristinae
1579 4963 1899 5021 Succorum

311 5095 384 5163 (a)
419 5097 591 5147 Tom.
627 5088 965 5163 IiAntiquit.
990 5086 1509 5163 ecclesiastictetin
1542 5088 1793 5163 app‘end.
1826 5089 1899 5144 ad

246 5158 392 5231 opus
412 5158 1124 5232 Chronologicum,num.
1155 5160 1246 5226 22,
1274 5174 1385 5232 pag
1409 5158 1534 5214 611.
1562 5158 1711 5232 Edit.
1735 5161 1899 5214 Rom.

246 5228 405 5290 1692.
432 5228 1079 5294 —Senior'Blancbin.,
1106 5234 1247 5284 tom.
1275 5228 1317 5283 Il
1336 5228 1651 5296 Anastasii,
1675 5248 1707 5284 a
1731 5248 1787 5301 p.
1814 5232 1899 5285 14.

314 5309 393 5377 (ὁ)
429 5310 477 5360 A
513 5320 645 5377 pag.
682 5309 704 5358 1
740 5309 798 5358 et
823 5302 1117 5377 deinceps.

427 5382 509 5432 M.
543 5371 836 5449 Vélserus,
858 5371 1164 5449 inpraafat.
1186 5372 1273 5449 _ad_
1293 5371 1393 5426 lib.
1422 5372 1902 5449 Pontif._Moaun-

254 5444 341 5504 tite
373 5444 607 5504 editum
643 5464 779 5501 ann.
815 5447 973 5514 1602,
998 5462 1090 5515 ap.
1114 5444 1580 5506 Schelstratium.
1604 5445 1903 5500 dissertat.

253 5523 321 5576 de
354 5521 550 5589 antiq.
587 5520 825 5573 Roman.
865 5522 1020 5589 pont.
1056 5515 1359 5589 cataloigis,
1394 5533 1519 5589 cap.
1552 5518 1607 5580 7,
1642 5534 1697 5570 n.
1734 5518 1786 5571 Al.

326 5594 411 5663 (ά)
450 5587 676 5663 ln‘not.
700 5591 770 5644 ad
802 5587 1112 5653 Platinam,
1148 5591 1204 5642 in
1236 5587 1415 5643 Nicol.
1443 5587 1487 5652 Ι,
1520 5590 1673 5659 apud
1707 5587 1907 5643 Schei-

259 5662 567 5732 stratium,
602 5662 743 5717 ibid.

329 5737 408 5805 (ο)
432 5730 560 5789 Lib.
582 5734 655 5789 de
671 5732 1034 5801 8criptorib.,
1055 5730 1113 5785 in
1136 5730 1407 5799 Damaso,
1429 5747 1523 5801 ap.
1548 5730 1907 5786 Scheelstra~

2014 4699 2207 4749 autem
2243 4694 2301 4747 in
2334 4692 2426 4747 bis
2470 4693 2645 4748 rebus
2696 4691 2954 4745 divinare
2986 4688 3177 4754 liceat,
3212 4687 3403 4741 locum
3448 4685 3653 4739 illum:

2011 4784 2248 4839 Sucurre
2276 4799 2342 4837 ac
2364 4784 2646 4849 miserere,
2681 4785 2768 4835 etc
2794 4796 2807 4833 :
2839 4780 2894 4833 si
2922 4777 3044 4851 quis
3074 4777 3259 4830 devote
3292 4791 3355 4829 ac
3383 4773 3657 4829 desiderio

2009 4873 2242 4928 celebrat
2272 4880 2422 4927 tuum
2440 4872 2648 4939 natale,
2678 4886 2744 4923 ex
2765 4866 3079 4924 Prudentio
3100 4868 3437 4919 mutuatum
3457 4863 3657 4933 suspi-

2012 4979 2129 5030 cor,
2172 4963 2270 5033 qui
2304 4964 2371 5016 de
2402 4959 2707 5015 Vincentio
2762 4958 2937 5013 levita
2965 4960 3022 5011 et
3055 4957 3310 5025 martyre
3344 4969 3457 5007 non
3501 4952 3656 5006 mul-

2012 5088 2185 5153 tium,
2221 5088 2365 5142 ibid.

2085 5178 2151 5247 (f)
2184 5178 2266 5230 Ad
2301 5193 2437 5231 ann.
2471 5174 2598 5243 867,
2630 5190 2793 5229 num.
2820 5174 2941 5228 139.

2081 5267 2169 5337 (g)
2217 5265 2460 5319 Dissert.
2513 5265 2583 5317 de
2632 5262 2907 5337 Antiquis
2952 5262 3118 5337 Rom.
3167 5263 3328 5332 pont.
3382 5255 3657 5324 catalog.,

2014 5334 2229 5408 cap.7,
2263 5354 2425 5390 num.
2460 5339 2514 5403 2,
2548 5339 2604 5389 et
2634 5336 2713 5388 ibi
2744 5334 3104 5389 Holstenius.

2088 5427 2165 5497 (ἡ)
2196 5426 2326 5479 Vid.
2372 5424 2577 5497 Senior
2630 5423 3011 5488 Blanchinus,
3058 5423 3117 5476 in
3170 5421 3390 5491 praefat.
3428 5418 3447 5470 Ι
3507 5420 3649 5469 tom.

2014 5496 2239 5553 AnaSt..
2276 5514 2440 5552 num.
2469 5498 2523 5554 6.
2555 5496 2609 5551 7.

2086 5587 2150 5658 (ἰ)
2200 5588 2261 5639 In
2312 5585 2581 5639 Editione
2627 5583 2900 5658 Romana
2940 5599 3096 5655 oper.
3164 5578 3349 5633 sancti
3401 5572 3656 5639 Damasi,

2017 5676 2155 5714 ann.
2187 5658 2347 5713 1638.
2381 5674 2414 5711 a
2445 5672 2576 5727 pag.
2608 5657 2697 5709 63.
