  <div class='ocr_page' id='page_1' title='image "/cluster/home/n/w/nwhite01/storage/ocr_20150623/74/hvd.32044054758792/277.png"; bbox 0 0 3902 6170; ppageno 0'>
   <div class='ocr_carea' id='block_1_1' title="bbox 350 336 459 391">
    <p class='ocr_par' dir='ltr' id='par_1_1' title="bbox 350 336 459 391">
     <span class='ocr_line' id='line_1_1' title="bbox 350 336 459 391; baseline 0 -1"><span class='ocrx_word' id='word_1_1' title='bbox 350 336 459 391; x_wconf 77' lang='grc'><strong>543</strong></span> 
     </span>
    </p>
   </div>
   <div class='ocr_carea' id='block_1_2' title="bbox 1182 339 3684 421">
    <p class='ocr_par' dir='ltr' id='par_1_2' title="bbox 1182 339 3684 421">
     <span class='ocr_line' id='line_1_2' title="bbox 1182 339 3684 421; baseline 0.005 -27"><span class='ocrx_word' id='word_1_2' title='bbox 1182 339 1531 395; x_wconf 68' lang='lat' dir='ltr'><strong>annuum</strong></span> <span class='ocrx_word' id='word_1_3' title='bbox 1570 342 1668 397; x_wconf 65' lang='lat' dir='ltr'><strong>an</strong></span> <span class='ocrx_word' id='word_1_4' title='bbox 1706 339 2054 408; x_wconf 67' lang='lat' dir='ltr'><strong>quosnam</strong></span> <span class='ocrx_word' id='word_1_5' title='bbox 2094 344 2634 403; x_wconf 66' lang='lat' dir='ltr'><strong>pancannu&#39;rns</strong></span> <span class='ocrx_word' id='word_1_6' title='bbox 2670 347 2925 404; x_wconf 82' lang='lat' dir='ltr'><strong>TOMOB.</strong></span> <span class='ocrx_word' id='word_1_7' title='bbox 3595 365 3684 421; x_wconf 52' lang='grc' dir='ltr'><strong>ιδῃ</strong></span> 
     </span>
    </p>
   </div>
   <div class='ocr_carea' id='block_1_3' title="bbox 352 459 3691 554">
    <p class='ocr_par' dir='ltr' id='par_1_3' title="bbox 352 459 3691 554">
     <span class='ocr_line' id='line_1_3' title="bbox 352 459 3691 554; baseline 0.01 -41"><span class='ocrx_word' id='word_1_8' title='bbox 352 464 480 514; x_wconf 87' lang='lat' dir='ltr'><strong>tum</strong></span> <span class='ocrx_word' id='word_1_9' title='bbox 515 459 812 517; x_wconf 79' lang='lat' dir='ltr'><strong>absimilis</strong></span> <span class='ocrx_word' id='word_1_10' title='bbox 844 461 1067 532; x_wconf 84' lang='lat' dir='ltr'><strong>pridem</strong></span> <span class='ocrx_word' id='word_1_11' title='bbox 1093 468 1374 534; x_wconf 85' lang='lat' dir='ltr'><strong>panxerat</strong></span> <span class='ocrx_word' id='word_1_12' title='bbox 1397 464 1493 535; x_wconf 77' lang='grc' dir='ltr'><strong>(ιι).</strong></span> <span class='ocrx_word' id='word_1_13' title='bbox 1528 465 1609 519; x_wconf 85' lang='lat' dir='ltr'><strong>En</strong></span> <span class='ocrx_word' id='word_1_14' title='bbox 1633 466 1759 535; x_wconf 90' lang='lat' dir='ltr'><strong>ejus</strong></span> <span class='ocrx_word' id='word_1_15' title='bbox 1777 465 1988 532; x_wconf 86' lang='lat' dir='ltr'><strong>verba;</strong></span> <span class='ocrx_word' id='word_1_16' title='bbox 2023 474 2075 540; x_wconf 77' lang='grc' dir='ltr'><strong>Α</strong></span> <span class='ocrx_word' id='word_1_17' title='bbox 2109 466 2477 538; x_wconf 91' lang='lat' dir='ltr'><strong>conscriptus</strong></span> <span class='ocrx_word' id='word_1_18' title='bbox 2510 469 2763 541; x_wconf 90' lang='lat' dir='ltr'><strong>primum</strong></span> <span class='ocrx_word' id='word_1_19' title='bbox 2808 472 3003 541; x_wconf 81' lang='lat' dir='ltr'><strong>fuerit,</strong></span> <span class='ocrx_word' id='word_1_20' title='bbox 3035 475 3375 548; x_wconf 83' lang='lat' dir='ltr'><strong>Feticianus;</strong></span> <span class='ocrx_word' id='word_1_21' title='bbox 3421 484 3542 554; x_wconf 91' lang='lat' dir='ltr'><strong>quia</strong></span> <span class='ocrx_word' id='word_1_22' title='bbox 3583 505 3691 545; x_wconf 85' lang='lat' dir='ltr'><strong>vero</strong></span> 
     </span>
    </p>
   </div>
   <div class='ocr_carea' id='block_1_4' title="bbox 663 565 1525 631">
    <p class='ocr_par' dir='ltr' id='par_1_4' title="bbox 663 565 1525 631">
     <span class='ocr_line' id='line_1_4' title="bbox 663 565 1525 631; baseline 0.005 -17"><span class='ocrx_word' id='word_1_23' title='bbox 663 565 917 615; x_wconf 81' lang='lat' dir='ltr'><strong>Miserere</strong></span> <span class='ocrx_word' id='word_1_24' title='bbox 953 575 1254 631; x_wconf 75' lang='lat' dir='ltr'><strong>nostrarum</strong></span> <span class='ocrx_word' id='word_1_25' title='bbox 1288 583 1525 631; x_wconf 81' lang='lat' dir='ltr'><strong>precum,</strong></span> 
     </span>
    </p>
   </div>
   <div class='ocr_carea' id='block_1_5' title="bbox 600 628 1350 679">
    <p class='ocr_par' dir='ltr' id='par_1_5' title="bbox 600 628 1350 679">
     <span class='ocr_line' id='line_1_5' title="bbox 600 628 1350 679; baseline 0.004 -3"><span class='ocrx_word' id='word_1_26' title='bbox 600 628 848 677; x_wconf 79' lang='lat' dir='ltr'><strong>Placatus</strong></span> <span class='ocrx_word' id='word_1_27' title='bbox 880 633 940 678; x_wconf 93' lang='lat' dir='ltr'><strong>ut</strong></span> <span class='ocrx_word' id='word_1_28' title='bbox 963 629 1204 678; x_wconf 77' lang='lat' dir='ltr'><strong>Christus</strong></span> <span class='ocrx_word' id='word_1_29' title='bbox 1235 628 1350 679; x_wconf 84' lang='lat' dir='ltr'><strong>suis</strong></span> 
     </span>
    </p>
   </div>
   <div class='ocr_carea' id='block_1_6' title="bbox 598 690 1377 755">
    <p class='ocr_par' dir='ltr' id='par_1_6' title="bbox 598 690 1377 755">
     <span class='ocr_line' id='line_1_6' title="bbox 598 690 1377 755; baseline 0.005 -18"><span class='ocrx_word' id='word_1_30' title='bbox 598 690 824 740; x_wconf 89' lang='lat' dir='ltr'><strong>Inclinet</strong></span> <span class='ocrx_word' id='word_1_31' title='bbox 856 705 1035 740; x_wconf 90' lang='lat' dir='ltr'><strong>aurem</strong></span> <span class='ocrx_word' id='word_1_32' title='bbox 1066 706 1377 755; x_wconf 87' lang='lat' dir='ltr'><strong>prosperam</strong></span> 
     </span>
    </p>
   </div>
   <div class='ocr_carea' id='block_1_7' title="bbox 598 755 1392 816">
    <p class='ocr_par' dir='ltr' id='par_1_7' title="bbox 598 755 1392 816">
     <span class='ocr_line' id='line_1_7' title="bbox 598 755 1392 816; baseline 0.003 -14"><span class='ocrx_word' id='word_1_33' title='bbox 598 755 772 802; x_wconf 87' lang='lat' dir='ltr'><strong>Noxas</strong></span> <span class='ocrx_word' id='word_1_34' title='bbox 803 768 902 803; x_wconf 90' lang='lat' dir='ltr'><strong>nec</strong></span> <span class='ocrx_word' id='word_1_35' title='bbox 930 768 1117 803; x_wconf 84' lang='lat' dir='ltr'><strong>omnes</strong></span> <span class='ocrx_word' id='word_1_36' title='bbox 1148 756 1392 816; x_wconf 81' lang='lat' dir='ltr'><strong>imputet.</strong></span> 
     </span>
    </p>
   </div>
   <div class='ocr_carea' id='block_1_8' title="bbox 661 816 1341 866">
    <p class='ocr_par' dir='ltr' id='par_1_8' title="bbox 661 816 1341 866">
     <span class='ocr_line' id='line_1_8' title="bbox 661 816 1341 866; baseline 0.004 -3"><span class='ocrx_word' id='word_1_37' title='bbox 661 816 715 863; x_wconf 83' lang='lat' dir='ltr'><strong>Si</strong></span> <span class='ocrx_word' id='word_1_38' title='bbox 747 817 843 866; x_wconf 90' lang='lat' dir='ltr'><strong>rite</strong></span> <span class='ocrx_word' id='word_1_39' title='bbox 880 818 1173 866; x_wconf 80' lang='lat' dir='ltr'><strong>solemnem</strong></span> <span class='ocrx_word' id='word_1_40' title='bbox 1201 818 1341 866; x_wconf 90' lang='lat' dir='ltr'><strong>diem</strong></span> 
     </span>
    </p>
   </div>
   <div class='ocr_carea' id='block_1_9' title="bbox 596 878 1406 942">
    <p class='ocr_par' dir='ltr' id='par_1_9' title="bbox 596 878 1406 942">
     <span class='ocr_line' id='line_1_9' title="bbox 596 878 1406 942; baseline 0.002 -16"><span class='ocrx_word' id='word_1_41' title='bbox 596 878 929 942; x_wconf 68' lang='lat' dir='ltr'><strong>Venet-amur</strong></span> <span class='ocrx_word' id='word_1_42' title='bbox 963 894 1055 929; x_wconf 91' lang='lat' dir='ltr'><strong>ore</strong></span> <span class='ocrx_word' id='word_1_43' title='bbox 1088 886 1141 929; x_wconf 87' lang='lat' dir='ltr'><strong>et</strong></span> <span class='ocrx_word' id='word_1_44' title='bbox 1169 888 1406 942; x_wconf 75' lang='lat' dir='ltr'><strong>pectore,</strong></span> 
     </span>
    </p>
   </div>
   <div class='ocr_carea' id='block_1_10' title="bbox 595 940 1260 1004">
    <p class='ocr_par' dir='ltr' id='par_1_10' title="bbox 595 940 1260 1004">
     <span class='ocr_line' id='line_1_10' title="bbox 595 940 1260 1004; baseline 0.006 -17"><span class='ocrx_word' id='word_1_45' title='bbox 595 942 647 988; x_wconf 80' lang='lat' dir='ltr'><strong>Si</strong></span> <span class='ocrx_word' id='word_1_46' title='bbox 680 940 779 989; x_wconf 86' lang='lat' dir='ltr'><strong>sub</strong></span> <span class='ocrx_word' id='word_1_47' title='bbox 812 947 1025 991; x_wconf 83' lang='lat' dir='ltr'><strong>tuorum</strong></span> <span class='ocrx_word' id='word_1_48' title='bbox 1058 940 1260 1004; x_wconf 77' lang='lat' dir='ltr'><strong>gaudio</strong></span> 
     </span>
    </p>
   </div>
   <div class='ocr_carea' id='block_1_11' title="bbox 598 1004 1301 1068">
    <p class='ocr_par' dir='ltr' id='par_1_11' title="bbox 598 1004 1301 1068">
     <span class='ocr_line' id='line_1_11' title="bbox 598 1004 1301 1068; baseline 0.007 -18"><span class='ocrx_word' id='word_1_49' title='bbox 598 1004 963 1068; x_wconf 85' lang='lat' dir='ltr'><strong>Vestigiorum</strong></span> <span class='ocrx_word' id='word_1_50' title='bbox 989 1006 1301 1056; x_wconf 81' lang='lat' dir='ltr'><strong>sternimur.</strong></span> 
     </span>
    </p>
   </div>
   <div class='ocr_carea' id='block_1_12' title="bbox 998 1112 1335 1169">
    <p class='ocr_par' dir='ltr' id='par_1_12' title="bbox 998 1112 1335 1169">
     <span class='ocr_line' id='line_1_12' title="bbox 998 1112 1335 1169; baseline -0.003 0"><span class='ocrx_word' id='word_1_51' title='bbox 998 1112 1232 1169; x_wconf 79' lang='lat' dir='ltr'><strong>CAPUT</strong></span> <span class='ocrx_word' id='word_1_52' title='bbox 1267 1114 1335 1168; x_wconf 85' lang='lat' dir='ltr'><strong>ll.</strong></span> 
     </span>
    </p>
   </div>
   <div class='ocr_carea' id='block_1_13' title="bbox 340 1199 1995 1271">
    <p class='ocr_par' dir='ltr' id='par_1_13' title="bbox 340 1199 1995 1271">
     <span class='ocr_line' id='line_1_13' title="bbox 340 1199 1995 1271; baseline 0.002 -17"><span class='ocrx_word' id='word_1_53' title='bbox 340 1199 611 1255; x_wconf 85' lang='lat' dir='ltr'><strong>Feliciani</strong></span> <span class='ocrx_word' id='word_1_54' title='bbox 646 1201 970 1271; x_wconf 80' lang='lat' dir='ltr'><strong>pontiﬁcum</strong></span> <span class='ocrx_word' id='word_1_55' title='bbox 998 1202 1261 1269; x_wconf 75' lang='lat' dir='ltr'><strong>catatoyi,</strong></span> <span class='ocrx_word' id='word_1_56' title='bbox 1295 1206 1455 1268; x_wconf 84' lang='lat' dir='ltr'><strong>atque</strong></span> <span class='ocrx_word' id='word_1_57' title='bbox 1485 1203 1768 1257; x_wconf 74' lang='lat' dir='ltr'><strong>Anastasii</strong></span> <span class='ocrx_word' id='word_1_58' title='bbox 1805 1210 1995 1257; x_wconf 86' lang='lat' dir='ltr'><strong>aucto-</strong></span> 
     </span>
    </p>
   </div>
   <div class='ocr_carea' id='block_1_14' title="bbox 413 1272 1993 1400">
    <p class='ocr_par' dir='ltr' id='par_1_14' title="bbox 413 1272 1993 1400">
     <span class='ocr_line' id='line_1_14' title="bbox 413 1272 1993 1399; baseline -0.001 -73"><span class='ocrx_word' id='word_1_59' title='bbox 413 1272 572 1398; x_wconf 52' lang='lat' dir='ltr'><strong>Zitas,</strong></span> <span class='ocrx_word' id='word_1_60' title='bbox 616 1288 724 1399; x_wconf 58' lang='lat' dir='ltr'><strong>nota</strong></span> <span class='ocrx_word' id='word_1_61' title='bbox 760 1272 1051 1328; x_wconf 82' lang='lat' dir='ltr'><strong>Catholicis</strong></span> <span class='ocrx_word' id='word_1_62' title='bbox 1078 1274 1257 1343; x_wconf 87' lang='lat' dir='ltr'><strong>modo,</strong></span> <span class='ocrx_word' id='word_1_63' title='bbox 1289 1274 1380 1329; x_wconf 87' lang='lat' dir='ltr'><strong>sed</strong></span> <span class='ocrx_word' id='word_1_64' title='bbox 1411 1276 1547 1345; x_wconf 84' lang='lat' dir='ltr'><strong>ipsis</strong></span> <span class='ocrx_word' id='word_1_65' title='bbox 1570 1276 1743 1330; x_wconf 87' lang='lat' dir='ltr'><strong>etiam</strong></span> <span class='ocrx_word' id='word_1_66' title='bbox 1782 1273 1993 1330; x_wconf 78' lang='lat' dir='ltr'><strong>hetero-</strong></span> 
     </span>
     <span class='ocr_line' id='line_1_15' title="bbox 452 1360 750 1400; baseline 0.01 -3"><span class='ocrx_word' id='word_1_67' title='bbox 452 1360 576 1398; x_wconf 73' lang='lat' dir='ltr'><strong>oxts</strong></span> <span class='ocrx_word' id='word_1_68' title='bbox 606 1360 673 1398; x_wconf 87' lang='lat' dir='ltr'><strong>ra</strong></span> <span class='ocrx_word' id='word_1_69' title='bbox 698 1362 750 1400; x_wconf 90' lang='lat' dir='ltr'><strong>a.</strong></span> 
     </span>
    </p>
   </div>
   <div class='ocr_carea' id='block_1_15' title="bbox 410 1441 1990 1515">
    <p class='ocr_par' dir='ltr' id='par_1_15' title="bbox 410 1441 1990 1515">
     <span class='ocr_line' id='line_1_16' title="bbox 410 1441 1990 1515; baseline 0.002 -19"><span class='ocrx_word' id='word_1_70' title='bbox 410 1441 522 1496; x_wconf 85' lang='lat' dir='ltr'><strong>Res</strong></span> <span class='ocrx_word' id='word_1_71' title='bbox 553 1441 645 1496; x_wconf 90' lang='lat' dir='ltr'><strong>hic</strong></span> <span class='ocrx_word' id='word_1_72' title='bbox 678 1442 848 1498; x_wconf 90' lang='lat' dir='ltr'><strong>nobis</strong></span> <span class='ocrx_word' id='word_1_73' title='bbox 879 1446 968 1497; x_wconf 90' lang='lat' dir='ltr'><strong>est</strong></span> <span class='ocrx_word' id='word_1_74' title='bbox 994 1459 1127 1498; x_wconf 91' lang='lat' dir='ltr'><strong>cum</strong></span> <span class='ocrx_word' id='word_1_75' title='bbox 1158 1442 1534 1513; x_wconf 86' lang='lat' dir='ltr'><strong>Terribilino,</strong></span> <span class='ocrx_word' id='word_1_76' title='bbox 1563 1444 1665 1515; x_wconf 88' lang='lat' dir='ltr'><strong>qui</strong></span> <span class='ocrx_word' id='word_1_77' title='bbox 1726 1442 1990 1515; x_wconf 81' lang='lat' dir='ltr'><strong>catalogo</strong></span> 
     </span>
    </p>
   </div>
   <div class='ocr_carea' id='block_1_16' title="bbox 342 1530 1989 1604">
    <p class='ocr_par' dir='ltr' id='par_1_16' title="bbox 342 1530 1989 1604">
     <span class='ocr_line' id='line_1_17' title="bbox 342 1530 1989 1604; baseline 0.003 -20"><span class='ocrx_word' id='word_1_78' title='bbox 342 1530 740 1586; x_wconf 81' lang='lat' dir='ltr'><strong>Romanorum</strong></span> <span class='ocrx_word' id='word_1_79' title='bbox 776 1532 1115 1603; x_wconf 81' lang='lat' dir='ltr'><strong>pontificum</strong></span> <span class='ocrx_word' id='word_1_80' title='bbox 1147 1533 1258 1587; x_wconf 92' lang='lat' dir='ltr'><strong>sub</strong></span> <span class='ocrx_word' id='word_1_81' title='bbox 1296 1532 1479 1588; x_wconf 79' lang='lat' dir='ltr'><strong>Felice</strong></span> <span class='ocrx_word' id='word_1_82' title='bbox 1500 1532 1572 1587; x_wconf 91' lang='lat' dir='ltr'><strong>IV</strong></span> <span class='ocrx_word' id='word_1_83' title='bbox 1600 1533 1795 1604; x_wconf 87' lang='lat' dir='ltr'><strong>(quem</strong></span> <span class='ocrx_word' id='word_1_84' title='bbox 1818 1531 1989 1602; x_wconf 81' lang='lat' dir='ltr'><strong>vulgo</strong></span> 
     </span>
    </p>
   </div>
   <div class='ocr_carea' id='block_1_17' title="bbox 339 1620 1988 1694">
    <p class='ocr_par' dir='ltr' id='par_1_17' title="bbox 339 1620 1988 1694">
     <span class='ocr_line' id='line_1_18' title="bbox 339 1620 1988 1694; baseline 0.002 -19"><span class='ocrx_word' id='word_1_85' title='bbox 339 1620 646 1675; x_wconf 87' lang='lat' dir='ltr'><strong>Secundum</strong></span> <span class='ocrx_word' id='word_1_86' title='bbox 680 1620 961 1692; x_wconf 88' lang='lat' dir='ltr'><strong>appellari</strong></span> <span class='ocrx_word' id='word_1_87' title='bbox 983 1621 1240 1677; x_wconf 84' lang='lat' dir='ltr'><strong>diximus</strong></span> <span class='ocrx_word' id='word_1_88' title='bbox 1272 1638 1457 1693; x_wconf 89' lang='lat' dir='ltr'><strong>eoque</strong></span> <span class='ocrx_word' id='word_1_89' title='bbox 1479 1638 1509 1677; x_wconf 91' lang='lat' dir='ltr'><strong>e</strong></span> <span class='ocrx_word' id='word_1_90' title='bbox 1528 1621 1696 1677; x_wconf 90' lang='lat' dir='ltr'><strong>nobis</strong></span> <span class='ocrx_word' id='word_1_91' title='bbox 1714 1622 1988 1694; x_wconf 86' lang='lat' dir='ltr'><strong>deinceps</strong></span> 
     </span>
    </p>
   </div>
   <div class='ocr_carea' id='block_1_18' title="bbox 338 1709 1986 1783">
    <p class='ocr_par' dir='ltr' id='par_1_18' title="bbox 338 1709 1986 1783">
     <span class='ocr_line' id='line_1_19' title="bbox 338 1709 1986 1783; baseline 0.002 -20"><span class='ocrx_word' id='word_1_92' title='bbox 338 1709 575 1764; x_wconf 84' lang='lat' dir='ltr'><strong>nomine</strong></span> <span class='ocrx_word' id='word_1_93' title='bbox 589 1709 1659 1782; x_wconf 69' lang='lat' dir='ltr'><strong>designabiturﬂoquens,dequelibro</strong></span> <span class='ocrx_word' id='word_1_94' title='bbox 1681 1714 1986 1783; x_wconf 89' lang='lat' dir='ltr'><strong>gestorum</strong></span> 
     </span>
    </p>
   </div>
   <div class='ocr_carea' id='block_1_19' title="bbox 337 1796 1988 1871">
    <p class='ocr_par' dir='ltr' id='par_1_19' title="bbox 337 1796 1988 1871">
     <span class='ocr_line' id='line_1_20' title="bbox 337 1796 1988 1871; baseline 0.002 -19"><span class='ocrx_word' id='word_1_95' title='bbox 337 1796 762 1869; x_wconf 87' lang='lat' dir='ltr'><strong>pontificalium</strong></span> <span class='ocrx_word' id='word_1_96' title='bbox 795 1800 867 1853; x_wconf 91' lang='lat' dir='ltr'><strong>ab</strong></span> <span class='ocrx_word' id='word_1_97' title='bbox 898 1800 1212 1855; x_wconf 81' lang='lat' dir='ltr'><strong>Anastasio</strong></span> <span class='ocrx_word' id='word_1_98' title='bbox 1234 1799 1497 1866; x_wconf 89' lang='lat' dir='ltr'><strong>collecto,</strong></span> <span class='ocrx_word' id='word_1_99' title='bbox 1533 1816 1647 1855; x_wconf 91' lang='lat' dir='ltr'><strong>non</strong></span> <span class='ocrx_word' id='word_1_100' title='bbox 1671 1800 1870 1871; x_wconf 84' lang='lat' dir='ltr'><strong>magni</strong></span> <span class='ocrx_word' id='word_1_101' title='bbox 1903 1801 1988 1855; x_wconf 85' lang='lat' dir='ltr'><strong>fa-</strong></span> 
     </span>
    </p>
   </div>
   <div class='ocr_carea' id='block_1_20' title="bbox 2110 554 3699 639">
    <p class='ocr_par' dir='ltr' id='par_1_20' title="bbox 2110 554 3699 639">
     <span class='ocr_line' id='line_1_21' title="bbox 2110 554 3699 639; baseline 0.016 -33"><span class='ocrx_word' id='word_1_102' title='bbox 2110 554 2297 610; x_wconf 87' lang='lat' dir='ltr'><strong>solido</strong></span> <span class='ocrx_word' id='word_1_103' title='bbox 2331 573 2505 628; x_wconf 86' lang='lat' dir='ltr'><strong>quam</strong></span> <span class='ocrx_word' id='word_1_104' title='bbox 2543 560 2701 629; x_wconf 84' lang='lat' dir='ltr'><strong>prior</strong></span> <span class='ocrx_word' id='word_1_105' title='bbox 2731 560 2826 616; x_wconf 88' lang='lat' dir='ltr'><strong>ille</strong></span> <span class='ocrx_word' id='word_1_106' title='bbox 2854 563 3196 620; x_wconf 89' lang='lat' dir='ltr'><strong>Liberianus</strong></span> <span class='ocrx_word' id='word_1_107' title='bbox 3228 572 3602 639; x_wconf 67' lang='lat' dir='ltr'><strong>sesquisazculo</strong></span> <span class='ocrx_word' id='word_1_108' title='bbox 3624 596 3699 634; x_wconf 85' lang='lat' dir='ltr'><strong>re-</strong></span> 
     </span>
    </p>
   </div>
   <div class='ocr_carea' id='block_1_21' title="bbox 2108 644 3698 734">
    <p class='ocr_par' dir='ltr' id='par_1_21' title="bbox 2108 644 3698 734">
     <span class='ocr_line' id='line_1_22' title="bbox 2108 644 3698 734; baseline 0.016 -38"><span class='ocrx_word' id='word_1_109' title='bbox 2108 644 2335 698; x_wconf 90' lang='lat' dir='ltr'><strong>centior</strong></span> <span class='ocrx_word' id='word_1_110' title='bbox 2362 654 2469 713; x_wconf 91' lang='lat' dir='ltr'><strong>est,</strong></span> <span class='ocrx_word' id='word_1_111' title='bbox 2497 650 2775 704; x_wconf 79' lang='lat' dir='ltr'><strong>secundus</strong></span> <span class='ocrx_word' id='word_1_112' title='bbox 2801 651 2975 723; x_wconf 83' lang='lat' dir='ltr'><strong>vulgo</strong></span> <span class='ocrx_word' id='word_1_113' title='bbox 3005 654 3289 724; x_wconf 81' lang='lat' dir='ltr'><strong>catalogus</strong></span> <span class='ocrx_word' id='word_1_114' title='bbox 3305 660 3612 734; x_wconf 86' lang='lat' dir='ltr'><strong>appellatur,</strong></span> <span class='ocrx_word' id='word_1_115' title='bbox 3640 670 3698 723; x_wconf 88' lang='lat' dir='ltr'><strong>ab</strong></span> 
     </span>
    </p>
   </div>
   <div class='ocr_carea' id='block_1_22' title="bbox 2107 735 3700 814">
    <p class='ocr_par' dir='ltr' id='par_1_22' title="bbox 2107 735 3700 814">
     <span class='ocr_line' id='line_1_23' title="bbox 2107 735 3700 814; baseline 0.015 -28"><span class='ocrx_word' id='word_1_116' title='bbox 2107 747 2397 804; x_wconf 82' lang='lat' dir='ltr'><strong>anonymo</strong></span> <span class='ocrx_word' id='word_1_117' title='bbox 2425 735 2649 803; x_wconf 81' lang='lat' dir='ltr'><strong>itidem,</strong></span> <span class='ocrx_word' id='word_1_118' title='bbox 2686 742 2749 792; x_wconf 93' lang='lat' dir='ltr'><strong>ut</strong></span> <span class='ocrx_word' id='word_1_119' title='bbox 2771 740 2931 810; x_wconf 91' lang='lat' dir='ltr'><strong>prior</strong></span> <span class='ocrx_word' id='word_1_120' title='bbox 2961 740 3079 808; x_wconf 92' lang='lat' dir='ltr'><strong>ille,</strong></span> <span class='ocrx_word' id='word_1_121' title='bbox 3113 744 3392 814; x_wconf 82' lang='lat' dir='ltr'><strong>scriptore</strong></span> <span class='ocrx_word' id='word_1_122' title='bbox 3422 752 3700 810; x_wconf 77' lang='lat' dir='ltr'><strong>contectus.</strong></span> 
     </span>
    </p>
   </div>
   <div class='ocr_carea' id='block_1_23' title="bbox 2179 821 3701 898">
    <p class='ocr_par' dir='ltr' id='par_1_23' title="bbox 2179 821 3701 898">
     <span class='ocr_line' id='line_1_24' title="bbox 2179 821 3701 898; baseline 0.016 -24"><span class='ocrx_word' id='word_1_123' title='bbox 2179 821 2477 879; x_wconf 90' lang='lat' dir='ltr'><strong>Postremo</strong></span> <span class='ocrx_word' id='word_1_124' title='bbox 2499 827 2762 882; x_wconf 91' lang='lat' dir='ltr'><strong>omnium</strong></span> <span class='ocrx_word' id='word_1_125' title='bbox 2789 833 2979 884; x_wconf 90' lang='lat' dir='ltr'><strong>tractu</strong></span> <span class='ocrx_word' id='word_1_126' title='bbox 3004 831 3171 887; x_wconf 90' lang='lat' dir='ltr'><strong>nobis</strong></span> <span class='ocrx_word' id='word_1_127' title='bbox 3194 834 3417 891; x_wconf 80' lang='lat' dir='ltr'><strong>exhibet</strong></span> <span class='ocrx_word' id='word_1_128' title='bbox 3445 843 3701 898; x_wconf 80' lang='lat' dir='ltr'><strong>Anastasii</strong></span> 
     </span>
    </p>
   </div>
   <div class='ocr_carea' id='block_1_24' title="bbox 2104 908 3699 995">
    <p class='ocr_par' dir='ltr' id='par_1_24' title="bbox 2104 908 3699 995">
     <span class='ocr_line' id='line_1_25' title="bbox 2104 908 3699 995; baseline 0.014 -33"><span class='ocrx_word' id='word_1_129' title='bbox 2104 908 2253 964; x_wconf 91' lang='lat' dir='ltr'><strong>liber</strong></span> <span class='ocrx_word' id='word_1_130' title='bbox 2281 912 2422 967; x_wconf 87' lang='lat' dir='ltr'><strong>Acta</strong></span> <span class='ocrx_word' id='word_1_131' title='bbox 2454 929 2665 985; x_wconf 90' lang='lat' dir='ltr'><strong>resque</strong></span> <span class='ocrx_word' id='word_1_132' title='bbox 2687 919 2884 986; x_wconf 86' lang='lat' dir='ltr'><strong>gestas</strong></span> <span class='ocrx_word' id='word_1_133' title='bbox 2917 918 3259 989; x_wconf 90' lang='lat' dir='ltr'><strong>pontificum</strong></span> <span class='ocrx_word' id='word_1_134' title='bbox 3282 924 3699 995; x_wconf 88' lang='lat' dir='ltr'><strong>recentiorum,a</strong></span> 
     </span>
    </p>
   </div>
   <div class='ocr_carea' id='block_1_25' title="bbox 2108 997 3703 1085">
    <p class='ocr_par' dir='ltr' id='par_1_25' title="bbox 2108 997 3703 1085">
     <span class='ocr_line' id='line_1_26' title="bbox 2108 997 3703 1085; baseline 0.014 -35"><span class='ocrx_word' id='word_1_135' title='bbox 2108 997 2291 1054; x_wconf 77' lang='lat' dir='ltr'><strong>Felice</strong></span> <span class='ocrx_word' id='word_1_136' title='bbox 2314 999 2536 1056; x_wconf 85' lang='lat' dir='ltr'><strong>scilicet</strong></span> <span class='ocrx_word' id='word_1_137' title='bbox 2550 1001 2624 1056; x_wconf 91' lang='lat' dir='ltr'><strong>IV</strong></span> <span class='ocrx_word' id='word_1_138' title='bbox 2638 1004 2709 1058; x_wconf 91' lang='lat' dir='ltr'><strong>ad</strong></span> <span class='ocrx_word' id='word_1_139' title='bbox 2725 1004 3027 1061; x_wconf 86' lang='lat' dir='ltr'><strong>Nicolaum</strong></span> <span class='ocrx_word' id='word_1_140' title='bbox 3048 1009 3267 1077; x_wconf 89' lang='lat' dir='ltr'><strong>I,cujus</strong></span> <span class='ocrx_word' id='word_1_141' title='bbox 3282 1010 3703 1085; x_wconf 69' lang='lat' dir='ltr'><strong>vitam,pra2eun-</strong></span> 
     </span>
    </p>
   </div>
   <div class='ocr_carea' id='block_1_26' title="bbox 2106 1086 3699 1172">
    <p class='ocr_par' dir='ltr' id='par_1_26' title="bbox 2106 1086 3699 1172">
     <span class='ocr_line' id='line_1_27' title="bbox 2106 1086 3699 1172; baseline 0.013 -30"><span class='ocrx_word' id='word_1_142' title='bbox 2106 1086 2264 1144; x_wconf 87' lang='lat' dir='ltr'><strong>tibus</strong></span> <span class='ocrx_word' id='word_1_143' title='bbox 2296 1088 3126 1165; x_wconf 87' lang='lat' dir='ltr'><strong>Holstenio,Scheelstratio,et</strong></span> <span class='ocrx_word' id='word_1_144' title='bbox 3144 1099 3375 1156; x_wconf 91' lang='lat' dir='ltr'><strong>Seniore</strong></span> <span class='ocrx_word' id='word_1_145' title='bbox 3403 1101 3699 1172; x_wconf 84' lang='lat' dir='ltr'><strong>Blancbino,</strong></span> 
     </span>
    </p>
   </div>
   <div class='ocr_carea' id='block_1_27' title="bbox 2103 1177 3702 1262">
    <p class='ocr_par' dir='ltr' id='par_1_27' title="bbox 2103 1177 3702 1262">
     <span class='ocr_line' id='line_1_28' title="bbox 2103 1177 3702 1262; baseline 0.013 -31"><span class='ocrx_word' id='word_1_146' title='bbox 2103 1177 2677 1249; x_wconf 50' lang='lat' dir='ltr'><strong>genuinum’tantum</strong></span> <span class='ocrx_word' id='word_1_147' title='bbox 2704 1185 2997 1241; x_wconf 86' lang='lat' dir='ltr'><strong>Anastasii</strong></span> <span class='ocrx_word' id='word_1_148' title='bbox 3012 1186 3193 1242; x_wconf 84' lang='lat' dir='ltr'><strong>fetum</strong></span> <span class='ocrx_word' id='word_1_149' title='bbox 3213 1204 3338 1245; x_wconf 90' lang='lat' dir='ltr'><strong>esse</strong></span> <span class='ocrx_word' id='word_1_150' title='bbox 3352 1191 3560 1262; x_wconf 89' lang='lat' dir='ltr'><strong>pridem</strong></span> <span class='ocrx_word' id='word_1_151' title='bbox 3575 1194 3702 1252; x_wconf 87' lang='lat' dir='ltr'><strong>dice-</strong></span> 
     </span>
    </p>
   </div>
   <div class='ocr_carea' id='block_1_28' title="bbox 2104 1263 3704 1345">
    <p class='ocr_par' dir='ltr' id='par_1_28' title="bbox 2104 1263 3704 1345">
     <span class='ocr_line' id='line_1_29' title="bbox 2104 1263 3704 1345; baseline 0.013 -27"><span class='ocrx_word' id='word_1_152' title='bbox 2104 1263 2333 1322; x_wconf 86' lang='lat' dir='ltr'><strong>bamus.</strong></span> <span class='ocrx_word' id='word_1_153' title='bbox 2369 1267 2531 1324; x_wconf 84' lang='lat' dir='ltr'><strong>Vitas</strong></span> <span class='ocrx_word' id='word_1_154' title='bbox 2562 1285 2694 1324; x_wconf 91' lang='lat' dir='ltr'><strong>vero</strong></span> <span class='ocrx_word' id='word_1_155' title='bbox 2729 1271 3071 1341; x_wconf 81' lang='lat' dir='ltr'><strong>pontificum</strong></span> <span class='ocrx_word' id='word_1_156' title='bbox 3106 1276 3205 1345; x_wconf 92' lang='lat' dir='ltr'><strong>qui</strong></span> <span class='ocrx_word' id='word_1_157' title='bbox 3238 1276 3387 1333; x_wconf 89' lang='lat' dir='ltr'><strong>inter</strong></span> <span class='ocrx_word' id='word_1_158' title='bbox 3406 1279 3627 1337; x_wconf 83' lang='lat' dir='ltr'><strong>Felicem</strong></span> <span class='ocrx_word' id='word_1_159' title='bbox 3657 1288 3704 1338; x_wconf 86' lang='lat' dir='ltr'><strong>et</strong></span> 
     </span>
    </p>
   </div>
   <div class='ocr_carea' id='block_1_29' title="bbox 2101 1354 3705 1434">
    <p class='ocr_par' dir='ltr' id='par_1_29' title="bbox 2101 1354 3705 1434">
     <span class='ocr_line' id='line_1_30' title="bbox 2101 1354 3705 1434; baseline 0.011 -26"><span class='ocrx_word' id='word_1_160' title='bbox 2101 1354 2403 1411; x_wconf 89' lang='lat' dir='ltr'><strong>Nicolaum</strong></span> <span class='ocrx_word' id='word_1_161' title='bbox 2419 1358 2601 1414; x_wconf 90' lang='lat' dir='ltr'><strong>ternis</strong></span> <span class='ocrx_word' id='word_1_162' title='bbox 2624 1363 2682 1415; x_wconf 89' lang='lat' dir='ltr'><strong>et</strong></span> <span class='ocrx_word' id='word_1_163' title='bbox 2701 1376 2767 1415; x_wconf 93' lang='lat' dir='ltr'><strong>eo</strong></span> <span class='ocrx_word' id='word_1_164' title='bbox 2792 1361 3047 1434; x_wconf 87' lang='lat' dir='ltr'><strong>amplius</strong></span> <span class='ocrx_word' id='word_1_165' title='bbox 3069 1364 3292 1421; x_wconf 68' lang='lat' dir='ltr'><strong>saeculis</strong></span> <span class='ocrx_word' id='word_1_166' title='bbox 3316 1368 3503 1424; x_wconf 88' lang='lat' dir='ltr'><strong>sedem</strong></span> <span class='ocrx_word' id='word_1_167' title='bbox 3526 1373 3705 1427; x_wconf 87' lang='lat' dir='ltr'><strong>tenue-</strong></span> 
     </span>
    </p>
   </div>
   <div class='ocr_carea' id='block_1_30' title="bbox 2102 1446 3701 1529">
    <p class='ocr_par' dir='ltr' id='par_1_30' title="bbox 2102 1446 3701 1529">
     <span class='ocr_line' id='line_1_31' title="bbox 2102 1446 3701 1529; baseline 0.013 -32"><span class='ocrx_word' id='word_1_168' title='bbox 2102 1448 2259 1513; x_wconf 89' lang='lat' dir='ltr'><strong>runt,</strong></span> <span class='ocrx_word' id='word_1_169' title='bbox 2298 1461 2413 1501; x_wconf 90' lang='lat' dir='ltr'><strong>non</strong></span> <span class='ocrx_word' id='word_1_170' title='bbox 2447 1446 2623 1503; x_wconf 91' lang='lat' dir='ltr'><strong>unius</strong></span> <span class='ocrx_word' id='word_1_171' title='bbox 2655 1449 2959 1520; x_wconf 81' lang='lat' dir='ltr'><strong>scriptoris</strong></span> <span class='ocrx_word' id='word_1_172' title='bbox 2994 1470 3178 1522; x_wconf 79' lang='lat' dir='ltr'><strong>neque</strong></span> <span class='ocrx_word' id='word_1_173' title='bbox 3208 1456 3391 1513; x_wconf 69' lang='lat' dir='ltr'><strong>aetatis</strong></span> <span class='ocrx_word' id='word_1_174' title='bbox 3411 1474 3551 1529; x_wconf 84' lang='lat' dir='ltr'><strong>Opus</strong></span> <span class='ocrx_word' id='word_1_175' title='bbox 3569 1474 3701 1529; x_wconf 89' lang='lat' dir='ltr'><strong>esse,</strong></span> 
     </span>
    </p>
   </div>
   <div class='ocr_carea' id='block_1_31' title="bbox 2100 1534 3708 1616">
    <p class='ocr_par' dir='ltr' id='par_1_31' title="bbox 2100 1534 3708 1616">
     <span class='ocr_line' id='line_1_32' title="bbox 2100 1534 3708 1616; baseline 0.011 -27"><span class='ocrx_word' id='word_1_176' title='bbox 2100 1551 2216 1591; x_wconf 89' lang='lat' dir='ltr'><strong>una</strong></span> <span class='ocrx_word' id='word_1_177' title='bbox 2249 1534 2511 1607; x_wconf 91' lang='lat' dir='ltr'><strong>ipsorum</strong></span> <span class='ocrx_word' id='word_1_178' title='bbox 2536 1538 2671 1611; x_wconf 79' lang='lat' dir='ltr'><strong>styii</strong></span> <span class='ocrx_word' id='word_1_179' title='bbox 2702 1540 2949 1597; x_wconf 89' lang='lat' dir='ltr'><strong>varietas</strong></span> <span class='ocrx_word' id='word_1_180' title='bbox 2961 1544 3318 1616; x_wconf 85' lang='lat' dir='ltr'><strong>jampridem</strong></span> <span class='ocrx_word' id='word_1_181' title='bbox 3352 1546 3422 1601; x_wconf 91' lang='lat' dir='ltr'><strong>ab</strong></span> <span class='ocrx_word' id='word_1_182' title='bbox 3442 1546 3708 1605; x_wconf 81' lang='lat' dir='ltr'><strong>Holstenio</strong></span> 
     </span>
    </p>
   </div>
   <div class='ocr_carea' id='block_1_32' title="bbox 2101 1624 3706 1704">
    <p class='ocr_par' dir='ltr' id='par_1_32' title="bbox 2101 1624 3706 1704">
     <span class='ocr_line' id='line_1_33' title="bbox 2101 1624 3706 1704; baseline 0.011 -26"><span class='ocrx_word' id='word_1_183' title='bbox 2101 1625 2166 1695; x_wconf 68' lang='grc' dir='ltr'><strong>(Γ)</strong></span> <span class='ocrx_word' id='word_1_184' title='bbox 2190 1624 2598 1683; x_wconf 86' lang='lat' dir='ltr'><strong>animadversa</strong></span> <span class='ocrx_word' id='word_1_185' title='bbox 2619 1629 2764 1685; x_wconf 85' lang='lat' dir='ltr'><strong>satis</strong></span> <span class='ocrx_word' id='word_1_186' title='bbox 2792 1637 3080 1704; x_wconf 82' lang='lat' dir='ltr'><strong>argueret,</strong></span> <span class='ocrx_word' id='word_1_187' title='bbox 3098 1634 3207 1690; x_wconf 87' lang='lat' dir='ltr'><strong>etsi</strong></span> <span class='ocrx_word' id='word_1_188' title='bbox 3227 1634 3341 1691; x_wconf 87' lang='lat' dir='ltr'><strong>alia</strong></span> <span class='ocrx_word' id='word_1_189' title='bbox 3361 1636 3586 1694; x_wconf 89' lang='lat' dir='ltr'><strong>dessent</strong></span> <span class='ocrx_word' id='word_1_190' title='bbox 3601 1655 3706 1694; x_wconf 87' lang='lat' dir='ltr'><strong>om-</strong></span> 
     </span>
    </p>
   </div>
   <div class='ocr_carea' id='block_1_33' title="bbox 2099 1714 3712 1790">
    <p class='ocr_par' dir='ltr' id='par_1_33' title="bbox 2099 1714 3712 1790">
     <span class='ocr_line' id='line_1_34' title="bbox 2099 1714 3712 1790; baseline 0.011 -22"><span class='ocrx_word' id='word_1_191' title='bbox 2099 1714 2216 1770; x_wconf 88' lang='lat' dir='ltr'><strong>nia.</strong></span> <span class='ocrx_word' id='word_1_192' title='bbox 2242 1715 2444 1787; x_wconf 88' lang='lat' dir='ltr'><strong>Itaque</strong></span> <span class='ocrx_word' id='word_1_193' title='bbox 2460 1717 2750 1790; x_wconf 87' lang='lat' dir='ltr'><strong>singulas,</strong></span> <span class='ocrx_word' id='word_1_194' title='bbox 2766 1737 3063 1778; x_wconf 90' lang='lat' dir='ltr'><strong>summum</strong></span> <span class='ocrx_word' id='word_1_195' title='bbox 3086 1723 3257 1780; x_wconf 90' lang='lat' dir='ltr'><strong>binas</strong></span> <span class='ocrx_word' id='word_1_196' title='bbox 3268 1729 3525 1783; x_wconf 88' lang='lat' dir='ltr'><strong>ternasve</strong></span> <span class='ocrx_word' id='word_1_197' title='bbox 3538 1728 3602 1784; x_wconf 89' lang='lat' dir='ltr'><strong>ab</strong></span> <span class='ocrx_word' id='word_1_198' title='bbox 3616 1746 3712 1785; x_wconf 77' lang='lat' dir='ltr'><strong>uno</strong></span> 
     </span>
    </p>
   </div>
   <div class='ocr_carea' id='block_1_34' title="bbox 2097 1807 3713 1888">
    <p class='ocr_par' dir='ltr' id='par_1_34' title="bbox 2097 1807 3713 1888">
     <span class='ocr_line' id='line_1_35' title="bbox 2097 1807 3713 1888; baseline 0.009 -29"><span class='ocrx_word' id='word_1_199' title='bbox 2097 1807 2332 1860; x_wconf 90' lang='lat' dir='ltr'><strong>auctore</strong></span> <span class='ocrx_word' id='word_1_200' title='bbox 2364 1808 2727 1880; x_wconf 91' lang='lat' dir='ltr'><strong>conscriptas</strong></span> <span class='ocrx_word' id='word_1_201' title='bbox 2758 1809 2961 1878; x_wconf 86' lang='lat' dir='ltr'><strong>fuisse,</strong></span> <span class='ocrx_word' id='word_1_202' title='bbox 2986 1812 3352 1886; x_wconf 82' lang='lat' dir='ltr'><strong>diversisque</strong></span> <span class='ocrx_word' id='word_1_203' title='bbox 3384 1817 3713 1888; x_wconf 87' lang='lat' dir='ltr'><strong>temporibus</strong></span> 
     </span>
    </p>
   </div>
   <div class='ocr_carea' id='block_1_35' title="bbox 336 1864 3715 1961">
    <p class='ocr_par' dir='ltr' id='par_1_35' title="bbox 336 1864 3715 1961">
     <span class='ocr_line' id='line_1_36' title="bbox 337 1864 3711 1888; baseline 0.003 -18"><span class='ocrx_word' id='word_1_204' title='bbox 337 1864 355 1869; x_wconf 85' lang='lat'><strong>-</strong></span> <span class='ocrx_word' id='word_1_205' title='bbox 1484 1864 1491 1866; x_wconf 45' lang='grc' dir='ltr'><em>ν</em></span> <span class='ocrx_word' id='word_1_206' title='bbox 1771 1864 1803 1871; x_wconf 66' lang='grc' dir='ltr'><strong><em>υ</em></strong></span> <span class='ocrx_word' id='word_1_207' title='bbox 2599 1864 2615 1880; x_wconf 82' lang='grc'><em>,</em></span> <span class='ocrx_word' id='word_1_208' title='bbox 2792 1864 2813 1866; x_wconf 60' lang='grc' dir='ltr'>η</span> <span class='ocrx_word' id='word_1_209' title='bbox 2848 1864 2961 1878; x_wconf 42' lang='grc' dir='ltr'><strong>ἡκ,</strong></span> <span class='ocrx_word' id='word_1_210' title='bbox 2995 1864 3349 1886; x_wconf 51' lang='grc' dir='ltr'><strong>πυτ-ηπ</strong></span> <span class='ocrx_word' id='word_1_211' title='bbox 3387 1864 3711 1888; x_wconf 52' lang='grc' dir='ltr'><strong>--ηρ-...η</strong></span> 
     </span>
     <span class='ocr_line' id='line_1_37' title="bbox 336 1864 3715 1961; baseline 0.006 -21"><span class='ocrx_word' id='word_1_212' title='bbox 336 1886 605 1941; x_wconf 85' lang='lat' dir='ltr'><strong>ciendam</strong></span> <span class='ocrx_word' id='word_1_213' title='bbox 623 1886 931 1956; x_wconf 80' lang='lat' dir='ltr'><strong>utriusque</strong></span> <span class='ocrx_word' id='word_1_214' title='bbox 945 1887 1247 1958; x_wconf 82' lang='lat' dir='ltr'><strong>scriptoris</strong></span> <span class='ocrx_word' id='word_1_215' title='bbox 1266 1888 1675 1944; x_wconf 84' lang='lat' dir='ltr'><strong>auctoritatem</strong></span> <span class='ocrx_word' id='word_1_216' title='bbox 1690 1888 1985 1944; x_wconf 83' lang='lat' dir='ltr'><strong>afﬁrmare</strong></span> <span class='ocrx_word' id='word_1_217' title='bbox 2017 1864 2063 1928; x_wconf 83' lang='grc' dir='ltr'>Β</span> <span class='ocrx_word' id='word_1_218' title='bbox 2095 1892 2419 1948; x_wconf 91' lang='lat' dir='ltr'><strong>secundum</strong></span> <span class='ocrx_word' id='word_1_219' title='bbox 2436 1894 2780 1954; x_wconf 64' lang='lat' dir='ltr'><strong>saeculorum</strong></span> <span class='ocrx_word' id='word_1_220' title='bbox 2797 1899 3164 1957; x_wconf 89' lang='lat' dir='ltr'><strong>seriemlibro</strong></span> <span class='ocrx_word' id='word_1_221' title='bbox 3183 1903 3495 1959; x_wconf 87' lang='lat' dir='ltr'><strong>Pontificali</strong></span> <span class='ocrx_word' id='word_1_222' title='bbox 3509 1910 3715 1961; x_wconf 89' lang='lat' dir='ltr'><strong>assutas</strong></span> 
     </span>
    </p>
   </div>
   <div class='ocr_carea' id='block_1_36' title="bbox 336 1973 1983 2049">
    <p class='ocr_par' dir='ltr' id='par_1_36' title="bbox 336 1973 1983 2049">
     <span class='ocr_line' id='line_1_38' title="bbox 336 1973 1983 2049; baseline 0.002 -20"><span class='ocrx_word' id='word_1_223' title='bbox 336 1973 483 2029; x_wconf 86' lang='lat' dir='ltr'><strong>nihil</strong></span> <span class='ocrx_word' id='word_1_224' title='bbox 516 1975 1284 2048; x_wconf 86' lang='lat' dir='ltr'><strong>dubitat.Merendaautem,</strong></span> <span class='ocrx_word' id='word_1_225' title='bbox 1309 1994 1382 2032; x_wconf 91' lang='lat' dir='ltr'><strong>an</strong></span> <span class='ocrx_word' id='word_1_226' title='bbox 1406 1978 1603 2049; x_wconf 89' lang='lat' dir='ltr'><strong>etipse</strong></span> <span class='ocrx_word' id='word_1_227' title='bbox 1620 1975 1680 2031; x_wconf 91' lang='lat' dir='ltr'><strong>in</strong></span> <span class='ocrx_word' id='word_1_228' title='bbox 1697 1977 1807 2033; x_wconf 91' lang='lat' dir='ltr'><strong>bac</strong></span> <span class='ocrx_word' id='word_1_229' title='bbox 1820 1982 1983 2049; x_wconf 88' lang='lat' dir='ltr'><strong>parte</strong></span> 
     </span>
    </p>
   </div>
   <div class='ocr_carea' id='block_1_37' title="bbox 335 2063 1979 2137">
    <p class='ocr_par' dir='ltr' id='par_1_37' title="bbox 335 2063 1979 2137">
     <span class='ocr_line' id='line_1_39' title="bbox 335 2063 1979 2137; baseline 0.001 -17"><span class='ocrx_word' id='word_1_230' title='bbox 335 2063 688 2120; x_wconf 84' lang='lat' dir='ltr'><strong>Terribilino</strong></span> <span class='ocrx_word' id='word_1_231' title='bbox 712 2064 1025 2134; x_wconf 54' lang='lat' dir='ltr'><strong>adhaereat,</strong></span> <span class='ocrx_word' id='word_1_232' title='bbox 1053 2065 1295 2121; x_wconf 90' lang='lat' dir='ltr'><strong>minime</strong></span> <span class='ocrx_word' id='word_1_233' title='bbox 1317 2081 1423 2137; x_wconf 86' lang='lat' dir='ltr'><strong>ego</strong></span> <span class='ocrx_word' id='word_1_234' title='bbox 1446 2066 1742 2121; x_wconf 80' lang='lat' dir='ltr'><strong>afﬁrmare</strong></span> <span class='ocrx_word' id='word_1_235' title='bbox 1764 2067 1979 2135; x_wconf 89' lang='lat' dir='ltr'><strong>ausim;</strong></span> 
     </span>
    </p>
   </div>
   <div class='ocr_carea' id='block_1_38' title="bbox 334 2154 1981 2227">
    <p class='ocr_par' dir='ltr' id='par_1_38' title="bbox 334 2154 1981 2227">
     <span class='ocr_line' id='line_1_40' title="bbox 334 2154 1981 2227; baseline 0.003 -19"><span class='ocrx_word' id='word_1_236' title='bbox 334 2154 391 2208; x_wconf 91' lang='lat' dir='ltr'><strong>in</strong></span> <span class='ocrx_word' id='word_1_237' title='bbox 411 2156 541 2225; x_wconf 90' lang='lat' dir='ltr'><strong>ejus</strong></span> <span class='ocrx_word' id='word_1_238' title='bbox 558 2158 712 2210; x_wconf 91' lang='lat' dir='ltr'><strong>certe</strong></span> <span class='ocrx_word' id='word_1_239' title='bbox 729 2156 1081 2210; x_wconf 90' lang='lat' dir='ltr'><strong>sententiam</strong></span> <span class='ocrx_word' id='word_1_240' title='bbox 1109 2156 1467 2227; x_wconf 87' lang='lat' dir='ltr'><strong>propendere</strong></span> <span class='ocrx_word' id='word_1_241' title='bbox 1488 2173 1555 2211; x_wconf 89' lang='lat' dir='ltr'><strong>ex</strong></span> <span class='ocrx_word' id='word_1_242' title='bbox 1577 2172 1643 2212; x_wconf 94' lang='lat' dir='ltr'><strong>eo</strong></span> <span class='ocrx_word' id='word_1_243' title='bbox 1668 2156 1810 2211; x_wconf 91' lang='lat' dir='ltr'><strong>mihi</strong></span> <span class='ocrx_word' id='word_1_244' title='bbox 1826 2156 1981 2213; x_wconf 90' lang='lat' dir='ltr'><strong>vide-</strong></span> 
     </span>
    </p>
   </div>
   <div class='ocr_carea' id='block_1_39' title="bbox 331 2246 1983 2320">
    <p class='ocr_par' dir='ltr' id='par_1_39' title="bbox 331 2246 1983 2320">
     <span class='ocr_line' id='line_1_41' title="bbox 331 2246 1983 2320; baseline 0.002 -21"><span class='ocrx_word' id='word_1_245' title='bbox 331 2250 449 2311; x_wconf 92' lang='lat' dir='ltr'><strong>tur,</strong></span> <span class='ocrx_word' id='word_1_246' title='bbox 465 2246 620 2311; x_wconf 90' lang='lat' dir='ltr'><strong>quod</strong></span> <span class='ocrx_word' id='word_1_247' title='bbox 641 2250 760 2300; x_wconf 89' lang='lat' dir='ltr'><strong>tam</strong></span> <span class='ocrx_word' id='word_1_248' title='bbox 774 2247 1071 2301; x_wconf 89' lang='lat' dir='ltr'><strong>Anastasii</strong></span> <span class='ocrx_word' id='word_1_249' title='bbox 1087 2264 1263 2316; x_wconf 91' lang='lat' dir='ltr'><strong>quam</strong></span> <span class='ocrx_word' id='word_1_250' title='bbox 1288 2247 1530 2302; x_wconf 91' lang='lat' dir='ltr'><strong>secundi</strong></span> <span class='ocrx_word' id='word_1_251' title='bbox 1554 2246 1800 2320; x_wconf 89' lang='lat' dir='ltr'><strong>catalogi</strong></span> <span class='ocrx_word' id='word_1_252' title='bbox 1816 2253 1983 2303; x_wconf 89' lang='lat' dir='ltr'><strong>auto-</strong></span> 
     </span>
    </p>
   </div>
   <div class='ocr_carea' id='block_1_40' title="bbox 331 2334 1980 2406">
    <p class='ocr_par' dir='ltr' id='par_1_40' title="bbox 331 2334 1980 2406">
     <span class='ocr_line' id='line_1_42' title="bbox 331 2334 1980 2406; baseline 0.002 -19"><span class='ocrx_word' id='word_1_253' title='bbox 331 2334 588 2400; x_wconf 88' lang='lat' dir='ltr'><strong>ritatem,</strong></span> <span class='ocrx_word' id='word_1_254' title='bbox 622 2349 748 2404; x_wconf 76' lang='lat' dir='ltr'><strong>quae</strong></span> <span class='ocrx_word' id='word_1_255' title='bbox 769 2337 1018 2405; x_wconf 90' lang='lat' dir='ltr'><strong>utraque</strong></span> <span class='ocrx_word' id='word_1_256' title='bbox 1041 2334 1302 2405; x_wconf 89' lang='lat' dir='ltr'><strong>opinioni</strong></span> <span class='ocrx_word' id='word_1_257' title='bbox 1336 2351 1452 2389; x_wconf 79' lang='lat' dir='ltr'><strong>suae</strong></span> <span class='ocrx_word' id='word_1_258' title='bbox 1478 2350 1548 2389; x_wconf 82' lang='lat' dir='ltr'><strong>ex</strong></span> <span class='ocrx_word' id='word_1_259' title='bbox 1574 2336 1818 2391; x_wconf 88' lang='lat' dir='ltr'><strong>adverso</strong></span> <span class='ocrx_word' id='word_1_260' title='bbox 1841 2340 1980 2406; x_wconf 87' lang='lat' dir='ltr'><strong>stat,</strong></span> 
     </span>
    </p>
   </div>
   <div class='ocr_carea' id='block_1_41' title="bbox 332 2420 1980 2495">
    <p class='ocr_par' dir='ltr' id='par_1_41' title="bbox 332 2420 1980 2495">
     <span class='ocr_line' id='line_1_43' title="bbox 332 2420 1980 2495; baseline 0.004 -22"><span class='ocrx_word' id='word_1_261' title='bbox 332 2420 572 2490; x_wconf 89' lang='lat' dir='ltr'><strong>perinde</strong></span> <span class='ocrx_word' id='word_1_262' title='bbox 593 2420 932 2492; x_wconf 83' lang='lat' dir='ltr'><strong>neglexerit,</strong></span> <span class='ocrx_word' id='word_1_263' title='bbox 951 2421 1121 2493; x_wconf 91' lang='lat' dir='ltr'><strong>quasi</strong></span> <span class='ocrx_word' id='word_1_264' title='bbox 1138 2422 1280 2476; x_wconf 89' lang='lat' dir='ltr'><strong>nihil</strong></span> <span class='ocrx_word' id='word_1_265' title='bbox 1296 2423 1346 2477; x_wconf 92' lang='lat' dir='ltr'><strong>ei</strong></span> <span class='ocrx_word' id='word_1_266' title='bbox 1367 2423 1440 2477; x_wconf 90' lang='lat' dir='ltr'><strong>ab</strong></span> <span class='ocrx_word' id='word_1_267' title='bbox 1458 2424 1564 2479; x_wconf 92' lang='lat' dir='ltr'><strong>hac</strong></span> <span class='ocrx_word' id='word_1_268' title='bbox 1579 2431 1741 2495; x_wconf 92' lang='lat' dir='ltr'><strong>parte</strong></span> <span class='ocrx_word' id='word_1_269' title='bbox 1764 2425 1980 2480; x_wconf 88' lang='lat' dir='ltr'><strong>timen-</strong></span> 
     </span>
    </p>
   </div>
   <div class='ocr_carea' id='block_1_42' title="bbox 331 2508 1978 2585">
    <p class='ocr_par' dir='ltr' id='par_1_42' title="bbox 331 2508 1978 2585">
     <span class='ocr_line' id='line_1_44' title="bbox 331 2508 1978 2585; baseline 0.004 -22"><span class='ocrx_word' id='word_1_270' title='bbox 331 2510 473 2563; x_wconf 92' lang='lat' dir='ltr'><strong>dum</strong></span> <span class='ocrx_word' id='word_1_271' title='bbox 507 2509 673 2565; x_wconf 86' lang='lat' dir='ltr'><strong>foret.</strong></span> <span class='ocrx_word' id='word_1_272' title='bbox 708 2508 972 2566; x_wconf 89' lang='lat' dir='ltr'><strong>Primum</strong></span> <span class='ocrx_word' id='word_1_273' title='bbox 999 2515 1194 2566; x_wconf 90' lang='lat' dir='ltr'><strong>autem</strong></span> <span class='ocrx_word' id='word_1_274' title='bbox 1218 2512 1483 2567; x_wconf 91' lang='lat' dir='ltr'><strong>omnium</strong></span> <span class='ocrx_word' id='word_1_275' title='bbox 1508 2529 1698 2585; x_wconf 71' lang='lat' dir='ltr'><strong>operae</strong></span> <span class='ocrx_word' id='word_1_276' title='bbox 1725 2514 1978 2585; x_wconf 88' lang='lat' dir='ltr'><strong>pretium</strong></span> 
     </span>
    </p>
   </div>
   <div class='ocr_carea' id='block_1_43' title="bbox 336 2597 1980 2672">
    <p class='ocr_par' dir='ltr' id='par_1_43' title="bbox 336 2597 1980 2672">
     <span class='ocr_line' id='line_1_45' title="bbox 336 2597 1980 2672; baseline 0.006 -21"><span class='ocrx_word' id='word_1_277' title='bbox 336 2598 509 2652; x_wconf 86' lang='lat' dir='ltr'><strong>fuerit</strong></span> <span class='ocrx_word' id='word_1_278' title='bbox 530 2597 790 2654; x_wconf 88' lang='lat' dir='ltr'><strong>indicare</strong></span> <span class='ocrx_word' id='word_1_279' title='bbox 804 2599 966 2669; x_wconf 89' lang='lat' dir='ltr'><strong>queis</strong></span> <span class='ocrx_word' id='word_1_280' title='bbox 980 2600 1217 2655; x_wconf 88' lang='lat' dir='ltr'><strong>demum</strong></span> <span class='ocrx_word' id='word_1_281' title='bbox 1236 2602 1502 2672; x_wconf 87' lang='lat' dir='ltr'><strong>partibus</strong></span> <span class='ocrx_word' id='word_1_282' title='bbox 1518 2603 1812 2659; x_wconf 89' lang='lat' dir='ltr'><strong>Anastasii</strong></span> <span class='ocrx_word' id='word_1_283' title='bbox 1830 2603 1980 2661; x_wconf 92' lang='lat' dir='ltr'><strong>liber</strong></span> 
     </span>
    </p>
   </div>
   <div class='ocr_carea' id='block_1_44' title="bbox 334 2687 1979 2761">
    <p class='ocr_par' dir='ltr' id='par_1_44' title="bbox 334 2687 1979 2761">
     <span class='ocr_line' id='line_1_46' title="bbox 334 2687 1979 2761; baseline 0.005 -19"><span class='ocrx_word' id='word_1_284' title='bbox 334 2687 688 2743; x_wconf 83' lang='lat' dir='ltr'><strong>Pontiﬁcalis</strong></span> <span class='ocrx_word' id='word_1_285' title='bbox 731 2692 978 2755; x_wconf 88' lang='lat' dir='ltr'><strong>constet,</strong></span> <span class='ocrx_word' id='word_1_286' title='bbox 1002 2705 1323 2761; x_wconf 90' lang='lat' dir='ltr'><strong>earumque</strong></span> <span class='ocrx_word' id='word_1_287' title='bbox 1356 2696 1625 2747; x_wconf 89' lang='lat' dir='ltr'><strong>auctores</strong></span> <span class='ocrx_word' id='word_1_288' title='bbox 1650 2696 1812 2761; x_wconf 88' lang='lat' dir='ltr'><strong>,tum</strong></span> <span class='ocrx_word' id='word_1_289' title='bbox 1849 2711 1979 2750; x_wconf 91' lang='lat' dir='ltr'><strong>ma-</strong></span> 
     </span>
    </p>
   </div>
   <div class='ocr_carea' id='block_1_45' title="bbox 329 2776 1975 2853">
    <p class='ocr_par' dir='ltr' id='par_1_45' title="bbox 329 2776 1975 2853">
     <span class='ocr_line' id='line_1_47' title="bbox 329 2776 1975 2853; baseline 0.005 -22"><span class='ocrx_word' id='word_1_290' title='bbox 329 2776 483 2831; x_wconf 83' lang='lat' dir='ltr'><strong>xime</strong></span> <span class='ocrx_word' id='word_1_291' title='bbox 511 2792 539 2831; x_wconf 91' lang='lat' dir='ltr'><strong>e</strong></span> <span class='ocrx_word' id='word_1_292' title='bbox 570 2777 787 2848; x_wconf 91' lang='lat' dir='ltr'><strong>quibus</strong></span> <span class='ocrx_word' id='word_1_293' title='bbox 823 2778 883 2832; x_wconf 92' lang='lat' dir='ltr'><strong>hi</strong></span> <span class='ocrx_word' id='word_1_294' title='bbox 918 2778 1180 2834; x_wconf 88' lang='lat' dir='ltr'><strong>fontibus</strong></span> <span class='ocrx_word' id='word_1_295' title='bbox 1203 2779 1506 2837; x_wconf 87' lang='lat' dir='ltr'><strong>hauserint</strong></span> <span class='ocrx_word' id='word_1_296' title='bbox 1529 2783 1870 2853; x_wconf 88' lang='lat' dir='ltr'><strong>pontificum</strong></span> <span class='ocrx_word' id='word_1_297' title='bbox 1892 2786 1975 2840; x_wconf 91' lang='lat' dir='ltr'><strong>vi-</strong></span> 
     </span>
    </p>
   </div>
   <div class='ocr_carea' id='block_1_46' title="bbox 332 2868 1974 2941">
    <p class='ocr_par' dir='ltr' id='par_1_46' title="bbox 332 2868 1974 2941">
     <span class='ocr_line' id='line_1_48' title="bbox 332 2868 1974 2941; baseline 0.007 -19"><span class='ocrx_word' id='word_1_298' title='bbox 332 2872 425 2922; x_wconf 89' lang='lat' dir='ltr'><strong>tas</strong></span> <span class='ocrx_word' id='word_1_299' title='bbox 447 2883 762 2938; x_wconf 90' lang='lat' dir='ltr'><strong>rerumque</strong></span> <span class='ocrx_word' id='word_1_300' title='bbox 787 2868 1019 2941; x_wconf 90' lang='lat' dir='ltr'><strong>abipsis</strong></span> <span class='ocrx_word' id='word_1_301' title='bbox 1042 2873 1337 2939; x_wconf 86' lang='lat' dir='ltr'><strong>gestarum</strong></span> <span class='ocrx_word' id='word_1_302' title='bbox 1359 2873 1568 2927; x_wconf 89' lang='lat' dir='ltr'><strong>seriem</strong></span> <span class='ocrx_word' id='word_1_303' title='bbox 1604 2875 1974 2933; x_wconf 79' lang='lat' dir='ltr'><strong>attexuerint.</strong></span> 
     </span>
    </p>
   </div>
   <div class='ocr_carea' id='block_1_47' title="bbox 410 2958 1977 3038">
    <p class='ocr_par' dir='ltr' id='par_1_47' title="bbox 410 2958 1977 3038">
     <span class='ocr_line' id='line_1_49' title="bbox 410 2958 1977 3038; baseline 0.005 -24"><span class='ocrx_word' id='word_1_304' title='bbox 410 2958 754 3015; x_wconf 87' lang='lat' dir='ltr'><strong>Universum</strong></span> <span class='ocrx_word' id='word_1_305' title='bbox 788 2960 972 3032; x_wconf 89' lang='lat' dir='ltr'><strong>igitur</strong></span> <span class='ocrx_word' id='word_1_306' title='bbox 1001 2962 1300 3019; x_wconf 83' lang='lat' dir='ltr'><strong>Anastasii</strong></span> <span class='ocrx_word' id='word_1_307' title='bbox 1330 2979 1477 3034; x_wconf 90' lang='lat' dir='ltr'><strong>opus</strong></span> <span class='ocrx_word' id='word_1_308' title='bbox 1501 2964 1560 3019; x_wconf 92' lang='lat' dir='ltr'><strong>in</strong></span> <span class='ocrx_word' id='word_1_309' title='bbox 1594 2970 1714 3021; x_wconf 90' lang='lat' dir='ltr'><strong>tres</strong></span> <span class='ocrx_word' id='word_1_310' title='bbox 1738 2966 1977 3038; x_wconf 73' lang='lat' dir='ltr'><strong>potissi~</strong></span> 
     </span>
    </p>
   </div>
   <div class='ocr_carea' id='block_1_48' title="bbox 334 3051 1981 3128">
    <p class='ocr_par' dir='ltr' id='par_1_48' title="bbox 334 3051 1981 3128">
     <span class='ocr_line' id='line_1_50' title="bbox 334 3051 1981 3128; baseline 0.005 -24"><span class='ocrx_word' id='word_1_311' title='bbox 334 3065 496 3104; x_wconf 89' lang='lat' dir='ltr'><strong>mum</strong></span> <span class='ocrx_word' id='word_1_312' title='bbox 524 3054 749 3106; x_wconf 87' lang='lat' dir='ltr'><strong>tractus</strong></span> <span class='ocrx_word' id='word_1_313' title='bbox 772 3051 1059 3108; x_wconf 90' lang='lat' dir='ltr'><strong>uberioris</strong></span> <span class='ocrx_word' id='word_1_314' title='bbox 1080 3053 1357 3109; x_wconf 71' lang='lat' dir='ltr'><strong>doctrinae</strong></span> <span class='ocrx_word' id='word_1_315' title='bbox 1379 3055 1565 3126; x_wconf 90' lang='lat' dir='ltr'><strong>gratia</strong></span> <span class='ocrx_word' id='word_1_316' title='bbox 1587 3056 1762 3110; x_wconf 89' lang='lat' dir='ltr'><strong>dividi</strong></span> <span class='ocrx_word' id='word_1_317' title='bbox 1790 3060 1981 3128; x_wconf 87' lang='lat' dir='ltr'><strong>potest</strong></span> 
     </span>
    </p>
   </div>
   <div class='ocr_carea' id='block_1_49' title="bbox 331 3140 1976 3216">
    <p class='ocr_par' dir='ltr' id='par_1_49' title="bbox 331 3140 1976 3216">
     <span class='ocr_line' id='line_1_51' title="bbox 331 3140 1976 3216; baseline 0.006 -24"><span class='ocrx_word' id='word_1_318' title='bbox 331 3140 567 3195; x_wconf 89' lang='lat' dir='ltr'><strong>Primus</strong></span> <span class='ocrx_word' id='word_1_319' title='bbox 581 3141 788 3196; x_wconf 91' lang='lat' dir='ltr'><strong>seriem</strong></span> <span class='ocrx_word' id='word_1_320' title='bbox 805 3142 1446 3199; x_wconf 80' lang='lat' dir='ltr'><strong>exhibetRomanorum</strong></span> <span class='ocrx_word' id='word_1_321' title='bbox 1469 3146 1809 3216; x_wconf 84' lang='lat' dir='ltr'><strong>pontificum</strong></span> <span class='ocrx_word' id='word_1_322' title='bbox 1826 3164 1857 3201; x_wconf 90' lang='lat' dir='ltr'><strong>a</strong></span> <span class='ocrx_word' id='word_1_323' title='bbox 1870 3164 1976 3202; x_wconf 90' lang='lat' dir='ltr'><strong>san</strong></span> 
     </span>
    </p>
   </div>
   <div class='ocr_carea' id='block_1_50' title="bbox 2093 1984 3708 2066">
    <p class='ocr_par' dir='ltr' id='par_1_50' title="bbox 2093 1984 3708 2066">
     <span class='ocr_line' id='line_1_52' title="bbox 2093 1984 3708 2066; baseline 0.012 -33"><span class='ocrx_word' id='word_1_324' title='bbox 2093 1984 2299 2036; x_wconf 89' lang='lat' dir='ltr'><strong>merito</strong></span> <span class='ocrx_word' id='word_1_325' title='bbox 2328 1988 2567 2039; x_wconf 89' lang='lat' dir='ltr'><strong>censent</strong></span> <span class='ocrx_word' id='word_1_326' title='bbox 2594 1984 3127 2045; x_wconf 85' lang='lat' dir='ltr'><strong>ecclesiasticarum</strong></span> <span class='ocrx_word' id='word_1_327' title='bbox 3165 2008 3361 2048; x_wconf 89' lang='lat' dir='ltr'><strong>rerum</strong></span> <span class='ocrx_word' id='word_1_328' title='bbox 3400 1994 3708 2066; x_wconf 88' lang='lat' dir='ltr'><strong>scriptores.</strong></span> 
     </span>
    </p>
   </div>
   <div class='ocr_carea' id='block_1_51' title="bbox 2114 2068 3709 2155">
    <p class='ocr_par' dir='ltr' id='par_1_51' title="bbox 2114 2068 3709 2155">
     <span class='ocr_line' id='line_1_53' title="bbox 2114 2068 3709 2155; baseline 0.01 -32"><span class='ocrx_word' id='word_1_329' title='bbox 2114 2120 2115 2123; x_wconf 44' lang='grc' dir='ltr'><strong>η</strong></span> <span class='ocrx_word' id='word_1_330' title='bbox 2166 2068 2279 2126; x_wconf 90' lang='lat' dir='ltr'><strong>Nec</strong></span> <span class='ocrx_word' id='word_1_331' title='bbox 2326 2071 2542 2127; x_wconf 91' lang='lat' dir='ltr'><strong>Prioris</strong></span> <span class='ocrx_word' id='word_1_332' title='bbox 2574 2089 2711 2145; x_wconf 89' lang='lat' dir='ltr'><strong>ergo</strong></span> <span class='ocrx_word' id='word_1_333' title='bbox 2742 2074 2903 2133; x_wconf 89' lang='lat' dir='ltr'><strong>illius</strong></span> <span class='ocrx_word' id='word_1_334' title='bbox 2932 2078 3226 2136; x_wconf 86' lang='lat' dir='ltr'><strong>Liberiani</strong></span> <span class='ocrx_word' id='word_1_335' title='bbox 3274 2086 3511 2151; x_wconf 86' lang='lat' dir='ltr'><strong>tractus,</strong></span> <span class='ocrx_word' id='word_1_336' title='bbox 3543 2100 3709 2155; x_wconf 89' lang='lat' dir='ltr'><strong>neque</strong></span> 
     </span>
    </p>
   </div>
   <div class='ocr_carea' id='block_1_52' title="bbox 2090 2160 3714 2246">
    <p class='ocr_par' dir='ltr' id='par_1_52' title="bbox 2090 2160 3714 2246">
     <span class='ocr_line' id='line_1_54' title="bbox 2090 2160 3714 2246; baseline 0.01 -32"><span class='ocrx_word' id='word_1_337' title='bbox 2090 2160 2435 2217; x_wconf 88' lang='lat' dir='ltr'><strong>Posterioris</strong></span> <span class='ocrx_word' id='word_1_338' title='bbox 2468 2163 2647 2236; x_wconf 89' lang='lat' dir='ltr'><strong>hujus</strong></span> <span class='ocrx_word' id='word_1_339' title='bbox 2691 2167 2872 2223; x_wconf 63' lang='lat' dir='ltr'><strong>tertia</strong></span> <span class='ocrx_word' id='word_1_340' title='bbox 2912 2171 3290 2228; x_wconf 88' lang='lat' dir='ltr'><strong>Anastasiani</strong></span> <span class='ocrx_word' id='word_1_341' title='bbox 3339 2174 3526 2246; x_wconf 90' lang='lat' dir='ltr'><strong>operis</strong></span> <span class='ocrx_word' id='word_1_342' title='bbox 3556 2176 3714 2244; x_wconf 87' lang='lat' dir='ltr'><strong>partis</strong></span> 
     </span>
    </p>
   </div>
   <div class='ocr_carea' id='block_1_53' title="bbox 2092 2249 3716 2329">
    <p class='ocr_par' dir='ltr' id='par_1_53' title="bbox 2092 2249 3716 2329">
     <span class='ocr_line' id='line_1_55' title="bbox 2092 2249 3716 2329; baseline 0.01 -26"><span class='ocrx_word' id='word_1_343' title='bbox 2092 2249 2265 2305; x_wconf 88' lang='lat' dir='ltr'><strong>fidem</strong></span> <span class='ocrx_word' id='word_1_344' title='bbox 2292 2252 2817 2328; x_wconf 87' lang='lat' dir='ltr'><strong>auctoritatemque</strong></span> <span class='ocrx_word' id='word_1_345' title='bbox 2840 2260 2989 2314; x_wconf 90' lang='lat' dir='ltr'><strong>tueri</strong></span> <span class='ocrx_word' id='word_1_346' title='bbox 3015 2262 3188 2317; x_wconf 90' lang='lat' dir='ltr'><strong>nobis</strong></span> <span class='ocrx_word' id='word_1_347' title='bbox 3210 2270 3295 2318; x_wconf 90' lang='lat' dir='ltr'><strong>est</strong></span> <span class='ocrx_word' id='word_1_348' title='bbox 3318 2263 3567 2329; x_wconf 83' lang='lat' dir='ltr'><strong>animus,</strong></span> <span class='ocrx_word' id='word_1_349' title='bbox 3598 2280 3716 2319; x_wconf 87' lang='lat' dir='ltr'><strong>neu-</strong></span> 
     </span>
    </p>
   </div>
   <div class='ocr_carea' id='block_1_54' title="bbox 2091 2337 3717 2426">
    <p class='ocr_par' dir='ltr' id='par_1_54' title="bbox 2091 2337 3717 2426">
     <span class='ocr_line' id='line_1_56' title="bbox 2091 2337 3717 2426; baseline 0.012 -35"><span class='ocrx_word' id='word_1_350' title='bbox 2091 2337 2249 2393; x_wconf 89' lang='lat' dir='ltr'><strong>trubi</strong></span> <span class='ocrx_word' id='word_1_351' title='bbox 2281 2339 2493 2395; x_wconf 89' lang='lat' dir='ltr'><strong>etenim</strong></span> <span class='ocrx_word' id='word_1_352' title='bbox 2522 2348 2742 2415; x_wconf 89' lang='lat' dir='ltr'><strong>nostra,</strong></span> <span class='ocrx_word' id='word_1_353' title='bbox 2768 2348 2924 2417; x_wconf 91' lang='lat' dir='ltr'><strong>quod</strong></span> <span class='ocrx_word' id='word_1_354' title='bbox 2949 2348 3135 2420; x_wconf 89' lang='lat' dir='ltr'><strong>aiunt,</strong></span> <span class='ocrx_word' id='word_1_355' title='bbox 3163 2368 3260 2408; x_wconf 89' lang='lat' dir='ltr'><strong>res</strong></span> <span class='ocrx_word' id='word_1_356' title='bbox 3283 2353 3510 2426; x_wconf 87' lang='lat' dir='ltr'><strong>agitur;</strong></span> <span class='ocrx_word' id='word_1_357' title='bbox 3542 2371 3717 2410; x_wconf 87' lang='lat' dir='ltr'><strong>verum</strong></span> 
     </span>
    </p>
   </div>
   <div class='ocr_carea' id='block_1_55' title="bbox 2090 2426 3717 2507">
    <p class='ocr_par' dir='ltr' id='par_1_55' title="bbox 2090 2426 3717 2507">
     <span class='ocr_line' id='line_1_57' title="bbox 2090 2426 3717 2507; baseline 0.012 -27"><span class='ocrx_word' id='word_1_358' title='bbox 2090 2443 2225 2481; x_wconf 90' lang='lat' dir='ltr'><strong>cum</strong></span> <span class='ocrx_word' id='word_1_359' title='bbox 2260 2426 2319 2482; x_wconf 90' lang='lat' dir='ltr'><strong>in</strong></span> <span class='ocrx_word' id='word_1_360' title='bbox 2353 2431 2631 2499; x_wconf 89' lang='lat' dir='ltr'><strong>secunda,</strong></span> <span class='ocrx_word' id='word_1_361' title='bbox 2666 2433 2925 2507; x_wconf 82' lang='lat' dir='ltr'><strong>itemque</strong></span> <span class='ocrx_word' id='word_1_362' title='bbox 2955 2438 3012 2493; x_wconf 92' lang='lat' dir='ltr'><strong>in</strong></span> <span class='ocrx_word' id='word_1_363' title='bbox 3049 2440 3347 2498; x_wconf 87' lang='lat' dir='ltr'><strong>Feliciano</strong></span> <span class='ocrx_word' id='word_1_364' title='bbox 3404 2443 3717 2498; x_wconf 83' lang='lat' dir='ltr'><strong>Pontificum</strong></span> 
     </span>
    </p>
   </div>
   <div class='ocr_carea' id='block_1_56' title="bbox 2091 2517 3723 2605">
    <p class='ocr_par' dir='ltr' id='par_1_56' title="bbox 2091 2517 3723 2605">
     <span class='ocr_line' id='line_1_58' title="bbox 2091 2517 3723 2605; baseline 0.01 -34"><span class='ocrx_word' id='word_1_365' title='bbox 2091 2517 2355 2590; x_wconf 88' lang='lat' dir='ltr'><strong>catalogo</strong></span> <span class='ocrx_word' id='word_1_366' title='bbox 2403 2524 2718 2579; x_wconf 91' lang='lat' dir='ltr'><strong>Damasum</strong></span> <span class='ocrx_word' id='word_1_367' title='bbox 2750 2524 2965 2583; x_wconf 86' lang='lat' dir='ltr'><strong>diserte</strong></span> <span class='ocrx_word' id='word_1_368' title='bbox 3004 2528 3339 2601; x_wconf 87' lang='lat' dir='ltr'><strong>Hispanum</strong></span> <span class='ocrx_word' id='word_1_369' title='bbox 3381 2532 3723 2605; x_wconf 89' lang='lat' dir='ltr'><strong>pronuntiari</strong></span> 
     </span>
    </p>
   </div>
   <div class='ocr_carea' id='block_1_57' title="bbox 2089 2606 3722 2689">
    <p class='ocr_par' dir='ltr' id='par_1_57' title="bbox 2089 2606 3722 2689">
     <span class='ocr_line' id='line_1_59' title="bbox 2089 2606 3722 2689; baseline 0.008 -26"><span class='ocrx_word' id='word_1_370' title='bbox 2089 2606 2310 2663; x_wconf 91' lang='lat' dir='ltr'><strong>dictum</strong></span> <span class='ocrx_word' id='word_1_371' title='bbox 2346 2609 2423 2664; x_wconf 91' lang='lat' dir='ltr'><strong>sit</strong></span> <span class='ocrx_word' id='word_1_372' title='bbox 2455 2611 2710 2682; x_wconf 72' lang='lat' dir='ltr'><strong>smpius;</strong></span> <span class='ocrx_word' id='word_1_373' title='bbox 2745 2630 3066 2689; x_wconf 91' lang='lat' dir='ltr'><strong>eorumque</strong></span> <span class='ocrx_word' id='word_1_374' title='bbox 3099 2621 3509 2678; x_wconf 86' lang='lat' dir='ltr'><strong>auctoritatem</strong></span> <span class='ocrx_word' id='word_1_375' title='bbox 3543 2623 3722 2678; x_wconf 86' lang='lat' dir='ltr'><strong>verba-</strong></span> 
     </span>
    </p>
   </div>
   <div class='ocr_carea' id='block_1_58' title="bbox 2089 2704 3724 2783">
    <p class='ocr_par' dir='ltr' id='par_1_58' title="bbox 2089 2704 3724 2783">
     <span class='ocr_line' id='line_1_60' title="bbox 2089 2704 3724 2783; baseline 0.009 -31"><span class='ocrx_word' id='word_1_376' title='bbox 2089 2714 2203 2769; x_wconf 91' lang='lat' dir='ltr'><strong>que</strong></span> <span class='ocrx_word' id='word_1_377' title='bbox 2231 2715 2334 2770; x_wconf 91' lang='lat' dir='ltr'><strong>pro</strong></span> <span class='ocrx_word' id='word_1_378' title='bbox 2367 2704 2570 2756; x_wconf 90' lang='lat' dir='ltr'><strong>nostra</strong></span> <span class='ocrx_word' id='word_1_379' title='bbox 2600 2705 2895 2760; x_wconf 86' lang='lat' dir='ltr'><strong>sententia</strong></span> <span class='ocrx_word' id='word_1_380' title='bbox 2924 2710 3527 2783; x_wconf 74' lang='lat' dir='ltr'><strong>praeallegaverimus,</strong></span> <span class='ocrx_word' id='word_1_381' title='bbox 3557 2713 3724 2767; x_wconf 88' lang='lat' dir='ltr'><strong>utriu-</strong></span> 
     </span>
    </p>
   </div>
   <div class='ocr_carea' id='block_1_59' title="bbox 2090 2788 3723 2862">
    <p class='ocr_par' dir='ltr' id='par_1_59' title="bbox 2090 2788 3723 2862">
     <span class='ocr_line' id='line_1_61' title="bbox 2090 2788 3723 2862; baseline 0.009 -22"><span class='ocrx_word' id='word_1_382' title='bbox 2090 2802 2235 2857; x_wconf 89' lang='lat' dir='ltr'><strong>sque</strong></span> <span class='ocrx_word' id='word_1_383' title='bbox 2257 2788 2474 2844; x_wconf 91' lang='lat' dir='ltr'><strong>idcirco</strong></span> <span class='ocrx_word' id='word_1_384' title='bbox 2496 2791 2799 2862; x_wconf 89' lang='lat' dir='ltr'><strong>scriptoris</strong></span> <span class='ocrx_word' id='word_1_385' title='bbox 2818 2794 2988 2851; x_wconf 81' lang='lat' dir='ltr'><strong>fidem</strong></span> <span class='ocrx_word' id='word_1_386' title='bbox 3018 2798 3310 2857; x_wconf 86' lang='lat' dir='ltr'><strong>adversus</strong></span> <span class='ocrx_word' id='word_1_387' title='bbox 3331 2801 3723 2857; x_wconf 86' lang='lat' dir='ltr'><strong>Terribilinum</strong></span> 
     </span>
    </p>
   </div>
   <div class='ocr_carea' id='block_1_60' title="bbox 2090 2876 3725 2961">
    <p class='ocr_par' dir='ltr' id='par_1_60' title="bbox 2090 2876 3725 2961">
     <span class='ocr_line' id='line_1_62' title="bbox 2090 2876 3725 2961; baseline 0.009 -31"><span class='ocrx_word' id='word_1_388' title='bbox 2090 2880 2148 2931; x_wconf 93' lang='lat' dir='ltr'><strong>et</strong></span> <span class='ocrx_word' id='word_1_389' title='bbox 2176 2876 2226 2931; x_wconf 92' lang='lat' dir='ltr'><strong>si</strong></span> <span class='ocrx_word' id='word_1_390' title='bbox 2257 2878 2355 2948; x_wconf 90' lang='lat' dir='ltr'><strong>qui</strong></span> <span class='ocrx_word' id='word_1_391' title='bbox 2381 2882 2520 2933; x_wconf 91' lang='lat' dir='ltr'><strong>sunt</strong></span> <span class='ocrx_word' id='word_1_392' title='bbox 2536 2879 2630 2935; x_wconf 88' lang='lat' dir='ltr'><strong>alii</strong></span> <span class='ocrx_word' id='word_1_393' title='bbox 2656 2883 2923 2952; x_wconf 86' lang='lat' dir='ltr'><strong>ejusdem</strong></span> <span class='ocrx_word' id='word_1_394' title='bbox 2948 2885 3417 2961; x_wconf 86' lang='lat' dir='ltr'><strong>impugnatores,</strong></span> <span class='ocrx_word' id='word_1_395' title='bbox 3451 2890 3725 2948; x_wconf 59' lang='lat' dir='ltr'><strong>sustineno</strong></span> 
     </span>
    </p>
   </div>
   <div class='ocr_carea' id='block_1_61' title="bbox 2088 2965 2823 3042">
    <p class='ocr_par' dir='ltr' id='par_1_61' title="bbox 2088 2965 2823 3042">
     <span class='ocr_line' id='line_1_63' title="bbox 2088 2965 2823 3042; baseline 0.012 -23"><span class='ocrx_word' id='word_1_396' title='bbox 2088 2965 2224 3020; x_wconf 89' lang='lat' dir='ltr'><strong>dam</strong></span> <span class='ocrx_word' id='word_1_397' title='bbox 2256 2966 2313 3021; x_wconf 91' lang='lat' dir='ltr'><strong>in</strong></span> <span class='ocrx_word' id='word_1_398' title='bbox 2348 2984 2456 3023; x_wconf 92' lang='lat' dir='ltr'><strong>nos</strong></span> <span class='ocrx_word' id='word_1_399' title='bbox 2486 2970 2823 3042; x_wconf 89' lang='lat' dir='ltr'><strong>recipimus.</strong></span> 
     </span>
    </p>
   </div>
   <div class='ocr_carea' id='block_1_62' title="bbox 2159 3054 3727 3135">
    <p class='ocr_par' dir='ltr' id='par_1_62' title="bbox 2159 3054 3727 3135">
     <span class='ocr_line' id='line_1_64' title="bbox 2159 3054 3727 3135; baseline 0.009 -27"><span class='ocrx_word' id='word_1_400' title='bbox 2159 3054 2358 3126; x_wconf 90' lang='lat' dir='ltr'><strong>Neque</strong></span> <span class='ocrx_word' id='word_1_401' title='bbox 2390 3056 2446 3111; x_wconf 86' lang='lat' dir='ltr'><strong>in</strong></span> <span class='ocrx_word' id='word_1_402' title='bbox 2481 3074 2547 3115; x_wconf 90' lang='lat' dir='ltr'><strong>eo</strong></span> <span class='ocrx_word' id='word_1_403' title='bbox 2581 3076 2935 3133; x_wconf 88' lang='lat' dir='ltr'><strong>magnopere</strong></span> <span class='ocrx_word' id='word_1_404' title='bbox 2967 3066 3140 3122; x_wconf 91' lang='lat' dir='ltr'><strong>nobis</strong></span> <span class='ocrx_word' id='word_1_405' title='bbox 3177 3068 3727 3135; x_wconf 77' lang='lat' dir='ltr'><strong>allaborandum,ex</strong></span> 
     </span>
    </p>
   </div>
   <div class='ocr_carea' id='block_1_63' title="bbox 2088 3147 3724 3223">
    <p class='ocr_par' dir='ltr' id='par_1_63' title="bbox 2088 3147 3724 3223">
     <span class='ocr_line' id='line_1_65' title="bbox 2088 3147 3724 3223; baseline 0.01 -28"><span class='ocrx_word' id='word_1_406' title='bbox 2088 3160 2205 3213; x_wconf 90' lang='lat' dir='ltr'><strong>quo</strong></span> <span class='ocrx_word' id='word_1_407' title='bbox 2233 3147 2545 3217; x_wconf 90' lang='lat' dir='ltr'><strong>utramque</strong></span> <span class='ocrx_word' id='word_1_408' title='bbox 2575 3147 2726 3204; x_wconf 92' lang='lat' dir='ltr'><strong>hanc</strong></span> <span class='ocrx_word' id='word_1_409' title='bbox 2757 3156 3019 3222; x_wconf 87' lang='lat' dir='ltr'><strong>spartam</strong></span> <span class='ocrx_word' id='word_1_410' title='bbox 3051 3172 3153 3211; x_wconf 92' lang='lat' dir='ltr'><strong>orn</strong></span> <span class='ocrx_word' id='word_1_411' title='bbox 3167 3175 3344 3214; x_wconf 90' lang='lat' dir='ltr'><strong>avere</strong></span> <span class='ocrx_word' id='word_1_412' title='bbox 3391 3159 3724 3223; x_wconf 84' lang='lat' dir='ltr'><strong>Holstenius,</strong></span> 
     </span>
    </p>
   </div>
   <div class='ocr_carea' id='block_1_64' title="bbox 333 3227 3723 3319">
    <p class='ocr_par' dir='ltr' id='par_1_64' title="bbox 333 3227 3723 3319">
     <span class='ocr_line' id='line_1_66' title="bbox 333 3227 3723 3319; baseline 0.005 -34"><span class='ocrx_word' id='word_1_413' title='bbox 333 3234 424 3285; x_wconf 93' lang='lat' dir='ltr'><strong>cto</strong></span> <span class='ocrx_word' id='word_1_414' title='bbox 451 3235 620 3286; x_wconf 90' lang='lat' dir='ltr'><strong>Petro</strong></span> <span class='ocrx_word' id='word_1_415' title='bbox 652 3233 722 3286; x_wconf 91' lang='lat' dir='ltr'><strong>ad</strong></span> <span class='ocrx_word' id='word_1_416' title='bbox 760 3232 1381 3305; x_wconf 88' lang='lat' dir='ltr'><strong>Liberium,qui,quod</strong></span> <span class='ocrx_word' id='word_1_417' title='bbox 1399 3236 1467 3289; x_wconf 86' lang='lat' dir='ltr'><strong>ad</strong></span> <span class='ocrx_word' id='word_1_418' title='bbox 1486 3237 1980 3308; x_wconf 85' lang='lat' dir='ltr'><strong>nomina,patrias</strong></span> <span class='ocrx_word' id='word_1_419' title='bbox 2011 3227 2054 3294; x_wconf 85' lang='lat' dir='ltr'><strong><em>C</em></strong></span> <span class='ocrx_word' id='word_1_420' title='bbox 2088 3232 2554 3306; x_wconf 78' lang='lat' dir='ltr'><strong>Scbeelstratius,</strong></span> <span class='ocrx_word' id='word_1_421' title='bbox 2589 3238 2909 3310; x_wconf 85' lang='lat' dir='ltr'><strong>Seniorque</strong></span> <span class='ocrx_word' id='word_1_422' title='bbox 2936 3243 3328 3314; x_wconf 90' lang='lat' dir='ltr'><strong>Blancbinus,</strong></span> <span class='ocrx_word' id='word_1_423' title='bbox 3362 3248 3578 3303; x_wconf 90' lang='lat' dir='ltr'><strong>summi</strong></span> <span class='ocrx_word' id='word_1_424' title='bbox 3608 3263 3723 3319; x_wconf 85' lang='lat' dir='ltr'><strong>pro-</strong></span> 
     </span>
    </p>
   </div>
   <div class='ocr_carea' id='block_1_65' title="bbox 328 3325 1972 3399">
    <p class='ocr_par' dir='ltr' id='par_1_65' title="bbox 328 3325 1972 3399">
     <span class='ocr_line' id='line_1_67' title="bbox 328 3325 1972 3399; baseline 0.004 -22"><span class='ocrx_word' id='word_1_425' title='bbox 328 3328 500 3393; x_wconf 89' lang='lat' dir='ltr'><strong>atque</strong></span> <span class='ocrx_word' id='word_1_426' title='bbox 532 3340 715 3378; x_wconf 91' lang='lat' dir='ltr'><strong>annos</strong></span> <span class='ocrx_word' id='word_1_427' title='bbox 756 3325 1134 3395; x_wconf 84' lang='lat' dir='ltr'><strong>pontificatus</strong></span> <span class='ocrx_word' id='word_1_428' title='bbox 1166 3342 1366 3381; x_wconf 90' lang='lat' dir='ltr'><strong>eorum</strong></span> <span class='ocrx_word' id='word_1_429' title='bbox 1398 3332 1645 3399; x_wconf 90' lang='lat' dir='ltr'><strong>spectat,</strong></span> <span class='ocrx_word' id='word_1_430' title='bbox 1684 3345 1754 3383; x_wconf 82' lang='lat' dir='ltr'><strong>ex</strong></span> <span class='ocrx_word' id='word_1_431' title='bbox 1783 3334 1972 3385; x_wconf 88' lang='lat' dir='ltr'><strong>vetere</strong></span> 
     </span>
    </p>
   </div>
   <div class='ocr_carea' id='block_1_66' title="bbox 324 3414 1976 3490">
    <p class='ocr_par' dir='ltr' id='par_1_66' title="bbox 324 3414 1976 3490">
     <span class='ocr_line' id='line_1_68' title="bbox 324 3414 1976 3490; baseline 0.005 -22"><span class='ocrx_word' id='word_1_432' title='bbox 324 3414 1133 3487; x_wconf 66' lang='lat' dir='ltr'><strong>omniumquejantiquissimo</strong></span> <span class='ocrx_word' id='word_1_433' title='bbox 1159 3416 1551 3473; x_wconf 85' lang='lat' dir='ltr'><strong>Romanorum</strong></span> <span class='ocrx_word' id='word_1_434' title='bbox 1576 3420 1976 3490; x_wconf 68' lang='lat' dir='ltr'><strong>praesulumca</strong></span> 
     </span>
    </p>
   </div>
   <div class='ocr_carea' id='block_1_67' title="bbox 323 3503 1971 3581">
    <p class='ocr_par' dir='ltr' id='par_1_67' title="bbox 323 3503 1971 3581">
     <span class='ocr_line' id='line_1_69' title="bbox 323 3503 1971 3581; baseline 0.005 -24"><span class='ocrx_word' id='word_1_435' title='bbox 323 3503 518 3575; x_wconf 88' lang='lat' dir='ltr'><strong>talogo</strong></span> <span class='ocrx_word' id='word_1_436' title='bbox 545 3504 785 3559; x_wconf 91' lang='lat' dir='ltr'><strong>omnino</strong></span> <span class='ocrx_word' id='word_1_437' title='bbox 810 3505 1160 3576; x_wconf 90' lang='lat' dir='ltr'><strong>desumptus</strong></span> <span class='ocrx_word' id='word_1_438' title='bbox 1184 3512 1293 3563; x_wconf 89' lang='lat' dir='ltr'><strong>est.</strong></span> <span class='ocrx_word' id='word_1_439' title='bbox 1318 3507 1420 3562; x_wconf 85' lang='lat' dir='ltr'><strong>Hic</strong></span> <span class='ocrx_word' id='word_1_440' title='bbox 1436 3513 1627 3564; x_wconf 85' lang='lat' dir='ltr'><strong>autem</strong></span> <span class='ocrx_word' id='word_1_441' title='bbox 1650 3510 1971 3581; x_wconf 87' lang='lat' dir='ltr'><strong>catalogus,</strong></span> 
     </span>
    </p>
   </div>
   <div class='ocr_carea' id='block_1_68' title="bbox 326 3593 1975 3666">
    <p class='ocr_par' dir='ltr' id='par_1_68' title="bbox 326 3593 1975 3666">
     <span class='ocr_line' id='line_1_70' title="bbox 326 3593 1975 3666; baseline 0.005 -21"><span class='ocrx_word' id='word_1_442' title='bbox 326 3593 481 3663; x_wconf 91' lang='lat' dir='ltr'><strong>quod</strong></span> <span class='ocrx_word' id='word_1_443' title='bbox 506 3593 768 3647; x_wconf 89' lang='lat' dir='ltr'><strong>omnium</strong></span> <span class='ocrx_word' id='word_1_444' title='bbox 798 3593 1025 3661; x_wconf 89' lang='lat' dir='ltr'><strong>primus</strong></span> <span class='ocrx_word' id='word_1_445' title='bbox 1049 3610 1178 3648; x_wconf 94' lang='lat' dir='ltr'><strong>eum</strong></span> <span class='ocrx_word' id='word_1_446' title='bbox 1200 3596 1461 3666; x_wconf 81' lang='lat' dir='ltr'><strong>/Egidius</strong></span> <span class='ocrx_word' id='word_1_447' title='bbox 1483 3597 1975 3654; x_wconf 89' lang='lat' dir='ltr'><strong>Bucberiusevul-</strong></span> 
     </span>
    </p>
   </div>
   <div class='ocr_carea' id='block_1_69' title="bbox 324 3680 1973 3759">
    <p class='ocr_par' dir='ltr' id='par_1_69' title="bbox 324 3680 1973 3759">
     <span class='ocr_line' id='line_1_71' title="bbox 324 3680 1973 3759; baseline 0.007 -27"><span class='ocrx_word' id='word_1_448' title='bbox 324 3680 543 3751; x_wconf 87' lang='lat' dir='ltr'><strong>gaverit</strong></span> <span class='ocrx_word' id='word_1_449' title='bbox 592 3680 688 3751; x_wconf 82' lang='grc' dir='ltr'><strong>(ὁ),</strong></span> <span class='ocrx_word' id='word_1_450' title='bbox 724 3680 853 3734; x_wconf 89' lang='lat' dir='ltr'><strong>aliis</strong></span> <span class='ocrx_word' id='word_1_451' title='bbox 904 3682 1304 3751; x_wconf 75' lang='lat' dir='ltr'><strong>Bucheriamts,</strong></span> <span class='ocrx_word' id='word_1_452' title='bbox 1337 3684 1468 3740; x_wconf 91' lang='lat' dir='ltr'><strong>aliis</strong></span> <span class='ocrx_word' id='word_1_453' title='bbox 1520 3686 1815 3759; x_wconf 82' lang='lat' dir='ltr'><strong>Catatogus</strong></span> <span class='ocrx_word' id='word_1_454' title='bbox 1871 3689 1973 3744; x_wconf 85' lang='lat' dir='ltr'><strong>sub</strong></span> 
     </span>
    </p>
   </div>
   <div class='ocr_carea' id='block_1_70' title="bbox 328 3767 1974 3845">
    <p class='ocr_par' dir='ltr' id='par_1_70' title="bbox 328 3767 1974 3845">
     <span class='ocr_line' id='line_1_72' title="bbox 328 3767 1974 3845; baseline 0.008 -25"><span class='ocrx_word' id='word_1_455' title='bbox 328 3767 561 3834; x_wconf 85' lang='lat' dir='ltr'><strong>Liberio,</strong></span> <span class='ocrx_word' id='word_1_456' title='bbox 585 3772 687 3822; x_wconf 91' lang='lat' dir='ltr'><strong>aut</strong></span> <span class='ocrx_word' id='word_1_457' title='bbox 715 3771 932 3836; x_wconf 86' lang='lat' dir='ltr'><strong>primus</strong></span> <span class='ocrx_word' id='word_1_458' title='bbox 964 3771 1230 3827; x_wconf 89' lang='lat' dir='ltr'><strong>absolute</strong></span> <span class='ocrx_word' id='word_1_459' title='bbox 1262 3774 1447 3829; x_wconf 85' lang='lat' dir='ltr'><strong>audit.</strong></span> <span class='ocrx_word' id='word_1_460' title='bbox 1486 3776 1559 3829; x_wconf 89' lang='lat' dir='ltr'><strong>De</strong></span> <span class='ocrx_word' id='word_1_461' title='bbox 1583 3777 1709 3845; x_wconf 88' lang='lat' dir='ltr'><strong>ejus</strong></span> <span class='ocrx_word' id='word_1_462' title='bbox 1732 3782 1974 3833; x_wconf 90' lang='lat' dir='ltr'><strong>auctore</strong></span> 
     </span>
    </p>
   </div>
   <div class='ocr_carea' id='block_1_71' title="bbox 329 3857 1976 3938">
    <p class='ocr_par' dir='ltr' id='par_1_71' title="bbox 329 3857 1976 3938">
     <span class='ocr_line' id='line_1_73' title="bbox 329 3857 1976 3938; baseline 0.007 -27"><span class='ocrx_word' id='word_1_463' title='bbox 329 3873 442 3911; x_wconf 90' lang='lat' dir='ltr'><strong>non</strong></span> <span class='ocrx_word' id='word_1_464' title='bbox 468 3861 558 3912; x_wconf 90' lang='lat' dir='ltr'><strong>est</strong></span> <span class='ocrx_word' id='word_1_465' title='bbox 581 3858 728 3913; x_wconf 89' lang='lat' dir='ltr'><strong>satis</strong></span> <span class='ocrx_word' id='word_1_466' title='bbox 750 3857 1036 3915; x_wconf 89' lang='lat' dir='ltr'><strong>hactenus</strong></span> <span class='ocrx_word' id='word_1_467' title='bbox 1058 3860 1439 3933; x_wconf 83' lang='lat' dir='ltr'><strong>exploratum.</strong></span> <span class='ocrx_word' id='word_1_468' title='bbox 1468 3864 1763 3933; x_wconf 89' lang='lat' dir='ltr'><strong>Nonnulli,</strong></span> <span class='ocrx_word' id='word_1_469' title='bbox 1785 3883 1976 3938; x_wconf 57' lang='lat' dir='ltr'><strong>quan.</strong></span> 
     </span>
    </p>
   </div>
   <div class='ocr_carea' id='block_1_72' title="bbox 328 3947 1975 4026">
    <p class='ocr_par' dir='ltr' id='par_1_72' title="bbox 328 3947 1975 4026">
     <span class='ocr_line' id='line_1_74' title="bbox 328 3947 1975 4026; baseline 0.007 -26"><span class='ocrx_word' id='word_1_470' title='bbox 328 3950 424 4001; x_wconf 90' lang='lat' dir='ltr'><strong>tus</strong></span> <span class='ocrx_word' id='word_1_471' title='bbox 446 3947 496 4001; x_wconf 90' lang='lat' dir='ltr'><strong>is</strong></span> <span class='ocrx_word' id='word_1_472' title='bbox 513 3951 622 4013; x_wconf 92' lang='lat' dir='ltr'><strong>est,</strong></span> <span class='ocrx_word' id='word_1_473' title='bbox 647 3948 891 4002; x_wconf 85' lang='lat' dir='ltr'><strong>Damaso</strong></span> <span class='ocrx_word' id='word_1_474' title='bbox 916 3949 1247 4005; x_wconf 91' lang='lat' dir='ltr'><strong>attribuunt</strong></span> <span class='ocrx_word' id='word_1_475' title='bbox 1266 3953 1359 4022; x_wconf 67' lang='grc' dir='ltr'><strong>(ιε),</strong></span> <span class='ocrx_word' id='word_1_476' title='bbox 1386 3969 1520 4023; x_wconf 91' lang='lat' dir='ltr'><strong>pars</strong></span> <span class='ocrx_word' id='word_1_477' title='bbox 1541 3956 1819 4010; x_wconf 87' lang='lat' dir='ltr'><strong>Anterum</strong></span> <span class='ocrx_word' id='word_1_478' title='bbox 1838 3973 1975 4026; x_wconf 90' lang='lat' dir='ltr'><strong>quo-</strong></span> 
     </span>
    </p>
   </div>
   <div class='ocr_carea' id='block_1_73' title="bbox 327 4036 1973 4118">
    <p class='ocr_par' dir='ltr' id='par_1_73' title="bbox 327 4036 1973 4118">
     <span class='ocr_line' id='line_1_75' title="bbox 327 4036 1973 4118; baseline 0.01 -33"><span class='ocrx_word' id='word_1_479' title='bbox 327 4053 440 4107; x_wconf 82' lang='lat' dir='ltr'><strong>que</strong></span> <span class='ocrx_word' id='word_1_480' title='bbox 455 4053 663 4108; x_wconf 89' lang='lat' dir='ltr'><strong>papam</strong></span> <span class='ocrx_word' id='word_1_481' title='bbox 694 4036 880 4092; x_wconf 90' lang='lat' dir='ltr'><strong>eidem</strong></span> <span class='ocrx_word' id='word_1_482' title='bbox 898 4038 1259 4095; x_wconf 86' lang='lat' dir='ltr'><strong>conficiendo</strong></span> <span class='ocrx_word' id='word_1_483' title='bbox 1274 4041 1845 4101; x_wconf 83' lang='lat' dir='ltr'><strong>allaborassevolunt</strong></span> <span class='ocrx_word' id='word_1_484' title='bbox 1864 4046 1973 4118; x_wconf 82' lang='lat' dir='ltr'><strong>(d);</strong></span> 
     </span>
    </p>
   </div>
   <div class='ocr_carea' id='block_1_74' title="bbox 325 4126 1972 4204">
    <p class='ocr_par' dir='ltr' id='par_1_74' title="bbox 325 4126 1972 4204">
     <span class='ocr_line' id='line_1_76' title="bbox 325 4126 1972 4204; baseline 0.007 -24"><span class='ocrx_word' id='word_1_485' title='bbox 325 4143 395 4181; x_wconf 84' lang='lat' dir='ltr'><strong>ex</strong></span> <span class='ocrx_word' id='word_1_486' title='bbox 425 4126 517 4181; x_wconf 89' lang='lat' dir='ltr'><strong>his</strong></span> <span class='ocrx_word' id='word_1_487' title='bbox 544 4132 736 4182; x_wconf 90' lang='lat' dir='ltr'><strong>tamen</strong></span> <span class='ocrx_word' id='word_1_488' title='bbox 762 4144 889 4198; x_wconf 70' lang='lat' dir='ltr'><strong>quae</strong></span> <span class='ocrx_word' id='word_1_489' title='bbox 923 4128 1555 4187; x_wconf 68' lang='lat' dir='ltr'><strong>Scheelstratiusafl‘ert</strong></span> <span class='ocrx_word' id='word_1_490' title='bbox 1575 4134 1647 4204; x_wconf 76' lang='grc' dir='ltr'><strong>(θ)</strong></span> <span class='ocrx_word' id='word_1_491' title='bbox 1670 4135 1972 4191; x_wconf 89' lang='lat' dir='ltr'><strong>verosimi-</strong></span> 
     </span>
    </p>
   </div>
   <div class='ocr_carea' id='block_1_75' title="bbox 325 4216 1969 4297">
    <p class='ocr_par' dir='ltr' id='par_1_75' title="bbox 325 4216 1969 4297">
     <span class='ocr_line' id='line_1_77' title="bbox 325 4216 1969 4297; baseline 0.006 -26"><span class='ocrx_word' id='word_1_492' title='bbox 325 4216 440 4271; x_wconf 92' lang='lat' dir='ltr'><strong>lius</strong></span> <span class='ocrx_word' id='word_1_493' title='bbox 474 4216 721 4271; x_wconf 87' lang='lat' dir='ltr'><strong>arbitror</strong></span> <span class='ocrx_word' id='word_1_494' title='bbox 768 4234 1119 4290; x_wconf 85' lang='lat' dir='ltr'><strong>nnonymam</strong></span> <span class='ocrx_word' id='word_1_495' title='bbox 1154 4219 1286 4289; x_wconf 75' lang='lat' dir='ltr'><strong>ejus</strong></span> <span class='ocrx_word' id='word_1_496' title='bbox 1314 4226 1605 4276; x_wconf 86' lang='lat' dir='ltr'><strong>auctorem</strong></span> <span class='ocrx_word' id='word_1_497' title='bbox 1656 4222 1838 4279; x_wconf 88' lang='lat' dir='ltr'><strong>fuisse</strong></span> <span class='ocrx_word' id='word_1_498' title='bbox 1868 4225 1969 4297; x_wconf 89' lang='lat' dir='ltr'><strong>qui</strong></span> 
     </span>
    </p>
   </div>
   <div class='ocr_carea' id='block_1_76' title="bbox 326 4304 1971 4381">
    <p class='ocr_par' dir='ltr' id='par_1_76' title="bbox 326 4304 1971 4381">
     <span class='ocr_line' id='line_1_78' title="bbox 326 4304 1971 4381; baseline 0.007 -22"><span class='ocrx_word' id='word_1_499' title='bbox 326 4304 436 4359; x_wconf 89' lang='lat' dir='ltr'><strong>sub</strong></span> <span class='ocrx_word' id='word_1_500' title='bbox 467 4306 693 4360; x_wconf 90' lang='lat' dir='ltr'><strong>Liberio</strong></span> <span class='ocrx_word' id='word_1_501' title='bbox 725 4306 952 4375; x_wconf 86' lang='lat' dir='ltr'><strong>vixerit,</strong></span> <span class='ocrx_word' id='word_1_502' title='bbox 984 4307 1039 4361; x_wconf 91' lang='lat' dir='ltr'><strong>id</strong></span> <span class='ocrx_word' id='word_1_503' title='bbox 1076 4313 1185 4375; x_wconf 90' lang='lat' dir='ltr'><strong>est,</strong></span> <span class='ocrx_word' id='word_1_504' title='bbox 1235 4324 1367 4363; x_wconf 91' lang='lat' dir='ltr'><strong>cum</strong></span> <span class='ocrx_word' id='word_1_505' title='bbox 1402 4310 1653 4381; x_wconf 91' lang='lat' dir='ltr'><strong>primum</strong></span> <span class='ocrx_word' id='word_1_506' title='bbox 1690 4314 1971 4371; x_wconf 90' lang='lat' dir='ltr'><strong>inclinare</strong></span> 
     </span>
    </p>
   </div>
   <div class='ocr_carea' id='block_1_77' title="bbox 322 4394 1561 4464">
    <p class='ocr_par' dir='ltr' id='par_1_77' title="bbox 322 4394 1561 4464">
     <span class='ocr_line' id='line_1_79' title="bbox 322 4394 1561 4464; baseline 0.007 -18"><span class='ocrx_word' id='word_1_507' title='bbox 322 4394 497 4464; x_wconf 80' lang='lat' dir='ltr'><strong>cmpit</strong></span> <span class='ocrx_word' id='word_1_508' title='bbox 527 4394 804 4449; x_wconf 64' lang='lat' dir='ltr'><strong>saeculum</strong></span> <span class='ocrx_word' id='word_1_509' title='bbox 838 4413 893 4449; x_wconf 83' lang='grc' dir='ltr'><strong>ιν</strong></span> <span class='ocrx_word' id='word_1_510' title='bbox 927 4413 958 4451; x_wconf 90' lang='lat' dir='ltr'><strong>a</strong></span> <span class='ocrx_word' id='word_1_511' title='bbox 991 4397 1204 4451; x_wconf 86' lang='lat' dir='ltr'><strong>Christi</strong></span> <span class='ocrx_word' id='word_1_512' title='bbox 1242 4398 1561 4455; x_wconf 83' lang='lat' dir='ltr'><strong>nativitate.</strong></span> 
     </span>
    </p>
   </div>
   <div class='ocr_carea' id='block_1_78' title="bbox 396 4482 1969 4549">
    <p class='ocr_par' dir='ltr' id='par_1_78' title="bbox 396 4482 1969 4549">
     <span class='ocr_line' id='line_1_80' title="bbox 396 4482 1969 4549; baseline 0.01 -15"><span class='ocrx_word' id='word_1_513' title='bbox 396 4482 704 4536; x_wconf 84' lang='lat' dir='ltr'><strong>Secundus</strong></span> <span class='ocrx_word' id='word_1_514' title='bbox 736 4484 1115 4539; x_wconf 65' lang='lat' dir='ltr'><strong>Pontiﬁcalis&#39;</strong></span> <span class='ocrx_word' id='word_1_515' title='bbox 1140 4487 1433 4542; x_wconf 86' lang='lat' dir='ltr'><strong>Anastasii</strong></span> <span class='ocrx_word' id='word_1_516' title='bbox 1464 4488 1595 4543; x_wconf 87' lang='lat' dir='ltr'><strong>libri</strong></span> <span class='ocrx_word' id='word_1_517' title='bbox 1629 4494 1846 4546; x_wconf 84' lang='lat' dir='ltr'><strong>tractus</strong></span> <span class='ocrx_word' id='word_1_518' title='bbox 1878 4511 1969 4549; x_wconf 90' lang='lat' dir='ltr'><strong>se-</strong></span> 
     </span>
    </p>
   </div>
   <div class='ocr_carea' id='block_1_79' title="bbox 2086 3320 3728 3401">
    <p class='ocr_par' dir='ltr' id='par_1_79' title="bbox 2086 3320 3728 3401">
     <span class='ocr_line' id='line_1_81' title="bbox 2086 3320 3728 3401; baseline 0.01 -27"><span class='ocrx_word' id='word_1_519' title='bbox 2086 3320 2635 3394; x_wconf 84' lang='lat' dir='ltr'><strong>fectoviri,quorum</strong></span> <span class='ocrx_word' id='word_1_520' title='bbox 2656 3334 2960 3401; x_wconf 89' lang='lat' dir='ltr'><strong>propterea</strong></span> <span class='ocrx_word' id='word_1_521' title='bbox 2981 3335 3340 3393; x_wconf 88' lang='lat' dir='ltr'><strong>testimonia</strong></span> <span class='ocrx_word' id='word_1_522' title='bbox 3359 3338 3562 3393; x_wconf 89' lang='lat' dir='ltr'><strong>ordine</strong></span> <span class='ocrx_word' id='word_1_523' title='bbox 3581 3338 3728 3392; x_wconf 85' lang='lat' dir='ltr'><strong>siste-</strong></span> 
     </span>
    </p>
   </div>
   <div class='ocr_carea' id='block_1_80' title="bbox 2085 3411 3721 3493">
    <p class='ocr_par' dir='ltr' id='par_1_80' title="bbox 2085 3411 3721 3493">
     <span class='ocr_line' id='line_1_82' title="bbox 2085 3411 3721 3493; baseline 0.009 -29"><span class='ocrx_word' id='word_1_524' title='bbox 2085 3427 2237 3466; x_wconf 89' lang='lat' dir='ltr'><strong>mus.</strong></span> <span class='ocrx_word' id='word_1_525' title='bbox 2265 3411 2616 3471; x_wconf 89' lang='lat' dir='ltr'><strong>Incubuerat</strong></span> <span class='ocrx_word' id='word_1_526' title='bbox 2641 3418 2799 3487; x_wconf 90' lang='lat' dir='ltr'><strong>prior</strong></span> <span class='ocrx_word' id='word_1_527' title='bbox 2822 3420 3159 3479; x_wconf 85' lang='lat' dir='ltr'><strong>Holstenius</strong></span> <span class='ocrx_word' id='word_1_528' title='bbox 3184 3427 3246 3482; x_wconf 90' lang='lat' dir='ltr'><strong>in</strong></span> <span class='ocrx_word' id='word_1_529' title='bbox 3273 3443 3403 3482; x_wconf 86' lang='lat' dir='ltr'><strong>eam</strong></span> <span class='ocrx_word' id='word_1_530' title='bbox 3427 3442 3623 3483; x_wconf 88' lang='lat' dir='ltr'><strong>curam</strong></span> <span class='ocrx_word' id='word_1_531' title='bbox 3650 3429 3721 3493; x_wconf 88' lang='lat' dir='ltr'><strong>ut,</strong></span> 
     </span>
    </p>
   </div>
   <div class='ocr_carea' id='block_1_81' title="bbox 2084 3499 3729 3582">
    <p class='ocr_par' dir='ltr' id='par_1_81' title="bbox 2084 3499 3729 3582">
     <span class='ocr_line' id='line_1_83' title="bbox 2084 3499 3729 3582; baseline 0.008 -27"><span class='ocrx_word' id='word_1_532' title='bbox 2084 3499 2312 3556; x_wconf 91' lang='lat' dir='ltr'><strong>collatis</strong></span> <span class='ocrx_word' id='word_1_533' title='bbox 2328 3502 2623 3560; x_wconf 91' lang='lat' dir='ltr'><strong>veteribus</strong></span> <span class='ocrx_word' id='word_1_534' title='bbox 2639 3504 2772 3561; x_wconf 89' lang='lat' dir='ltr'><strong>libri</strong></span> <span class='ocrx_word' id='word_1_535' title='bbox 2797 3511 3161 3569; x_wconf 82' lang='lat' dir='ltr'><strong>Pontiﬁcalis</strong></span> <span class='ocrx_word' id='word_1_536' title='bbox 3187 3515 3535 3582; x_wconf 90' lang='lat' dir='ltr'><strong>Codicibus,</strong></span> <span class='ocrx_word' id='word_1_537' title='bbox 3558 3530 3729 3570; x_wconf 88' lang='lat' dir='ltr'><strong>veram</strong></span> 
     </span>
    </p>
   </div>
   <div class='ocr_carea' id='block_1_82' title="bbox 2085 3596 3734 3677">
    <p class='ocr_par' dir='ltr' id='par_1_82' title="bbox 2085 3596 3734 3677">
     <span class='ocr_line' id='line_1_84' title="bbox 2085 3596 3734 3677; baseline 0.01 -36"><span class='ocrx_word' id='word_1_538' title='bbox 2085 3604 2542 3662; x_wconf 82' lang='lat' dir='ltr'><strong>germanamque</strong></span> <span class='ocrx_word' id='word_1_539' title='bbox 2587 3596 3123 3656; x_wconf 88' lang='lat' dir='ltr'><strong>auctorislitteram</strong></span> <span class='ocrx_word' id='word_1_540' title='bbox 3179 3610 3442 3671; x_wconf 91' lang='lat' dir='ltr'><strong>erueret,</strong></span> <span class='ocrx_word' id='word_1_541' title='bbox 3493 3605 3638 3677; x_wconf 92' lang='lat' dir='ltr'><strong>quod</strong></span> <span class='ocrx_word' id='word_1_542' title='bbox 3686 3605 3734 3654; x_wconf 79' lang='lat' dir='ltr'><strong>et</strong></span> 
     </span>
    </p>
   </div>
   <div class='ocr_carea' id='block_1_83' title="bbox 2087 3685 3734 3760">
    <p class='ocr_par' dir='ltr' id='par_1_83' title="bbox 2087 3685 3734 3760">
     <span class='ocr_line' id='line_1_85' title="bbox 2087 3685 3734 3760; baseline 0.008 -29"><span class='ocrx_word' id='word_1_543' title='bbox 2087 3692 2303 3748; x_wconf 84' lang='lat' dir='ltr'><strong>magna</strong></span> <span class='ocrx_word' id='word_1_544' title='bbox 2333 3695 2401 3734; x_wconf 86' lang='lat' dir='ltr'><strong>ex</strong></span> <span class='ocrx_word' id='word_1_545' title='bbox 2433 3686 2596 3751; x_wconf 89' lang='lat' dir='ltr'><strong>parte</strong></span> <span class='ocrx_word' id='word_1_546' title='bbox 2627 3685 2915 3754; x_wconf 72' lang='lat' dir='ltr'><strong>praestitit.</strong></span> <span class='ocrx_word' id='word_1_547' title='bbox 2952 3688 3083 3743; x_wconf 83' lang='lat' dir='ltr'><strong>Mox</strong></span> <span class='ocrx_word' id='word_1_548' title='bbox 3124 3692 3622 3760; x_wconf 82' lang='lat' dir='ltr'><strong>Scheelstratius,</strong></span> <span class='ocrx_word' id='word_1_549' title='bbox 3652 3708 3734 3745; x_wconf 88' lang='lat' dir='ltr'><strong>se-</strong></span> 
     </span>
    </p>
   </div>
   <div class='ocr_carea' id='block_1_84' title="bbox 2085 3766 3733 3849">
    <p class='ocr_par' dir='ltr' id='par_1_84' title="bbox 2085 3766 3733 3849">
     <span class='ocr_line' id='line_1_86' title="bbox 2085 3766 3733 3849; baseline 0.007 -29"><span class='ocrx_word' id='word_1_550' title='bbox 2085 3766 2277 3821; x_wconf 92' lang='lat' dir='ltr'><strong>cundo</strong></span> <span class='ocrx_word' id='word_1_551' title='bbox 2310 3769 2652 3838; x_wconf 87' lang='lat' dir='ltr'><strong>pontificum</strong></span> <span class='ocrx_word' id='word_1_552' title='bbox 2678 3774 2943 3847; x_wconf 89' lang='lat' dir='ltr'><strong>catalogo</strong></span> <span class='ocrx_word' id='word_1_553' title='bbox 2974 3781 3149 3849; x_wconf 90' lang='lat' dir='ltr'><strong>atque</strong></span> <span class='ocrx_word' id='word_1_554' title='bbox 3174 3782 3484 3838; x_wconf 81' lang='lat' dir='ltr'><strong>Anastasii</strong></span> <span class='ocrx_word' id='word_1_555' title='bbox 3517 3782 3656 3836; x_wconf 91' lang='lat' dir='ltr'><strong>libro</strong></span> <span class='ocrx_word' id='word_1_556' title='bbox 3673 3780 3733 3833; x_wconf 90' lang='lat' dir='ltr'><strong>ad</strong></span> 
     </span>
    </p>
   </div>
   <div class='ocr_carea' id='block_1_85' title="bbox 2084 3855 3739 3942">
    <p class='ocr_par' dir='ltr' id='par_1_85' title="bbox 2084 3855 3739 3942">
     <span class='ocr_line' id='line_1_87' title="bbox 2084 3855 3739 3942; baseline 0.008 -34"><span class='ocrx_word' id='word_1_557' title='bbox 2084 3855 2367 3911; x_wconf 87' lang='lat' dir='ltr'><strong>trutinam</strong></span> <span class='ocrx_word' id='word_1_558' title='bbox 2385 3860 2751 3917; x_wconf 85' lang='lat' dir='ltr'><strong>exactissime</strong></span> <span class='ocrx_word' id='word_1_559' title='bbox 2769 3866 3072 3937; x_wconf 88' lang='lat' dir='ltr'><strong>revocatis,</strong></span> <span class='ocrx_word' id='word_1_560' title='bbox 3089 3867 3739 3942; x_wconf 82' lang='lat' dir='ltr'><strong>rivulisqueadt‘ontium</strong></span> 
     </span>
    </p>
   </div>
   <div class='ocr_carea' id='block_1_86' title="bbox 2085 3944 3735 4023">
    <p class='ocr_par' dir='ltr' id='par_1_86' title="bbox 2085 3944 3735 4023">
     <span class='ocr_line' id='line_1_88' title="bbox 2085 3944 3735 4023; baseline 0.008 -26"><span class='ocrx_word' id='word_1_561' title='bbox 2085 3944 2276 4014; x_wconf 91' lang='lat' dir='ltr'><strong>capita</strong></span> <span class='ocrx_word' id='word_1_562' title='bbox 2306 3946 2627 4003; x_wconf 89' lang='lat' dir='ltr'><strong>continenti</strong></span> <span class='ocrx_word' id='word_1_563' title='bbox 2652 3951 2848 4007; x_wconf 90' lang='lat' dir='ltr'><strong>studio</strong></span> <span class='ocrx_word' id='word_1_564' title='bbox 2881 3954 3160 4023; x_wconf 86' lang='lat' dir='ltr'><strong>reductis,</strong></span> <span class='ocrx_word' id='word_1_565' title='bbox 3198 3958 3317 4014; x_wconf 88' lang='lat' dir='ltr'><strong>hoc</strong></span> <span class='ocrx_word' id='word_1_566' title='bbox 3354 3960 3428 4015; x_wconf 88' lang='lat' dir='ltr'><strong>de</strong></span> <span class='ocrx_word' id='word_1_567' title='bbox 3462 3959 3735 4014; x_wconf 87' lang='lat' dir='ltr'><strong>Feliciano</strong></span> 
     </span>
    </p>
   </div>
   <div class='ocr_carea' id='block_1_87' title="bbox 2084 4031 3739 4119">
    <p class='ocr_par' dir='ltr' id='par_1_87' title="bbox 2084 4031 3739 4119">
     <span class='ocr_line' id='line_1_89' title="bbox 2084 4031 3739 4119; baseline 0.008 -33"><span class='ocrx_word' id='word_1_568' title='bbox 2084 4031 2363 4101; x_wconf 66' lang='lat' dir='ltr'><strong>catalogo,</strong></span> <span class='ocrx_word' id='word_1_569' title='bbox 2395 4036 2639 4107; x_wconf 88' lang='lat' dir='ltr'><strong>ejusque</strong></span> <span class='ocrx_word' id='word_1_570' title='bbox 2670 4041 3221 4111; x_wconf 85' lang='lat' dir='ltr'><strong>auctorejudicium</strong></span> <span class='ocrx_word' id='word_1_571' title='bbox 3246 4048 3545 4119; x_wconf 86' lang='lat' dir='ltr'><strong>protulit:</strong></span> <span class='ocrx_word' id='word_1_572' title='bbox 3590 4048 3655 4103; x_wconf 75' lang='lat' dir='ltr'><strong>Ac</strong></span> <span class='ocrx_word' id='word_1_573' title='bbox 3682 4045 3739 4099; x_wconf 86' lang='lat' dir='ltr'><strong>de</strong></span> 
     </span>
    </p>
   </div>
   <div class='ocr_carea' id='block_1_88' title="bbox 2082 4123 3734 4204">
    <p class='ocr_par' dir='ltr' id='par_1_88' title="bbox 2082 4123 3734 4204">
     <span class='ocr_line' id='line_1_90' title="bbox 2082 4123 3734 4204; baseline 0.007 -28"><span class='ocrx_word' id='word_1_574' title='bbox 2082 4123 2310 4177; x_wconf 80' lang='lat' dir='ltr'><strong>nomine</strong></span> <span class='ocrx_word' id='word_1_575' title='bbox 2351 4126 2598 4181; x_wconf 74' lang='lat' dir='ltr'><strong>auctoris</strong></span> <span class='ocrx_word' id='word_1_576' title='bbox 2629 4128 3053 4198; x_wconf 88' lang='lat' dir='ltr'><strong>(Scheelstratii</strong></span> <span class='ocrx_word' id='word_1_577' title='bbox 3088 4134 3163 4204; x_wconf 87' lang='lat' dir='ltr'><strong>(g)</strong></span> <span class='ocrx_word' id='word_1_578' title='bbox 3198 4137 3385 4192; x_wconf 87' lang='lat' dir='ltr'><strong>verba</strong></span> <span class='ocrx_word' id='word_1_579' title='bbox 3414 4144 3574 4204; x_wconf 87' lang='lat' dir='ltr'><strong>sunt)</strong></span> <span class='ocrx_word' id='word_1_580' title='bbox 3604 4136 3734 4189; x_wconf 78' lang='lat' dir='ltr'><strong>nihil</strong></span> 
     </span>
    </p>
   </div>
   <div class='ocr_carea' id='block_1_89' title="bbox 2082 4210 3742 4299">
    <p class='ocr_par' dir='ltr' id='par_1_89' title="bbox 2082 4210 3742 4299">
     <span class='ocr_line' id='line_1_91' title="bbox 2082 4210 3742 4299; baseline 0.011 -35"><span class='ocrx_word' id='word_1_581' title='bbox 2082 4210 2225 4266; x_wconf 86' lang='lat' dir='ltr'><strong>mihi</strong></span> <span class='ocrx_word' id='word_1_582' title='bbox 2272 4218 2605 4284; x_wconf 84' lang='lat' dir='ltr'><strong>compertum</strong></span> <span class='ocrx_word' id='word_1_583' title='bbox 2635 4227 2734 4287; x_wconf 85' lang='lat' dir='ltr'><strong>est,</strong></span> <span class='ocrx_word' id='word_1_584' title='bbox 2770 4235 2894 4274; x_wconf 87' lang='lat' dir='ltr'><strong>cum</strong></span> <span class='ocrx_word' id='word_1_585' title='bbox 2936 4223 3223 4292; x_wconf 78' lang='lat' dir='ltr'><strong>catalogus</strong></span> <span class='ocrx_word' id='word_1_586' title='bbox 3253 4227 3502 4299; x_wconf 84' lang='lat' dir='ltr'><strong>scriptus</strong></span> <span class='ocrx_word' id='word_1_587' title='bbox 3551 4229 3621 4280; x_wconf 82' lang='lat' dir='ltr'><strong>sit</strong></span> <span class='ocrx_word' id='word_1_588' title='bbox 3647 4238 3742 4281; x_wconf 46' lang='lat' dir='ltr'><strong>safe</strong></span> 
     </span>
    </p>
   </div>
   <div class='ocr_carea' id='block_1_90' title="bbox 2079 4300 3741 4387">
    <p class='ocr_par' dir='ltr' id='par_1_90' title="bbox 2079 4300 3741 4387">
     <span class='ocr_line' id='line_1_92' title="bbox 2079 4300 3741 4387; baseline 0.009 -35"><span class='ocrx_word' id='word_1_589' title='bbox 2079 4300 2199 4353; x_wconf 85' lang='lat' dir='ltr'><strong>cuto</strong></span> <span class='ocrx_word' id='word_1_590' title='bbox 2214 4317 2283 4365; x_wconf 85' lang='grc' dir='ltr'><strong>ιν,</strong></span> <span class='ocrx_word' id='word_1_591' title='bbox 2312 4319 2416 4371; x_wconf 85' lang='lat' dir='ltr'><strong>quo</strong></span> <span class='ocrx_word' id='word_1_592' title='bbox 2436 4320 2635 4361; x_wconf 85' lang='lat' dir='ltr'><strong>nemoc</strong></span> <span class='ocrx_word' id='word_1_593' title='bbox 2656 4310 2933 4364; x_wconf 76' lang='lat' dir='ltr'><strong>veteribus</strong></span> <span class='ocrx_word' id='word_1_594' title='bbox 2955 4315 3087 4365; x_wconf 75' lang='lat' dir='ltr'><strong>Acta</strong></span> <span class='ocrx_word' id='word_1_595' title='bbox 3110 4313 3509 4370; x_wconf 82' lang='lat' dir='ltr'><strong>Romanorum</strong></span> <span class='ocrx_word' id='word_1_596' title='bbox 3533 4313 3741 4387; x_wconf 79' lang='lat' dir='ltr'><strong>pontiﬁ-</strong></span> 
     </span>
    </p>
   </div>
   <div class='ocr_carea' id='block_1_91' title="bbox 2078 4392 3741 4466">
    <p class='ocr_par' dir='ltr' id='par_1_91' title="bbox 2078 4392 3741 4466">
     <span class='ocr_line' id='line_1_93' title="bbox 2078 4392 3741 4466; baseline 0.008 -25"><span class='ocrx_word' id='word_1_597' title='bbox 2078 4405 2203 4443; x_wconf 86' lang='lat' dir='ltr'><strong>cum</strong></span> <span class='ocrx_word' id='word_1_598' title='bbox 2231 4392 2513 4460; x_wconf 76' lang='lat' dir='ltr'><strong>rottegissc</strong></span> <span class='ocrx_word' id='word_1_599' title='bbox 2546 4406 2900 4453; x_wconf 80' lang='lat' dir='ltr'><strong>memoratur.</strong></span> <span class='ocrx_word' id='word_1_600' title='bbox 2936 4400 3230 4466; x_wconf 79' lang='lat' dir='ltr'><strong>Quantum</strong></span> <span class='ocrx_word' id='word_1_601' title='bbox 3263 4410 3464 4460; x_wconf 75' lang='lat' dir='ltr'><strong>tamen</strong></span> <span class='ocrx_word' id='word_1_602' title='bbox 3494 4422 3565 4460; x_wconf 72' lang='lat' dir='ltr'><strong>ea:</strong></span> <span class='ocrx_word' id='word_1_603' title='bbox 3612 4402 3741 4459; x_wconf 78' lang='lat' dir='ltr'><strong>Actis</strong></span> 
     </span>
    </p>
   </div>
   <div class='ocr_carea' id='block_1_92' title="bbox 2078 4478 3743 4561">
    <p class='ocr_par' dir='ltr' id='par_1_92' title="bbox 2078 4478 3743 4561">
     <span class='ocr_line' id='line_1_94' title="bbox 2078 4478 3743 4561; baseline 0.009 -31"><span class='ocrx_word' id='word_1_604' title='bbox 2078 4478 2214 4548; x_wconf 81' lang='lat' dir='ltr'><strong>ipsis</strong></span> <span class='ocrx_word' id='word_1_605' title='bbox 2243 4481 2441 4554; x_wconf 80' lang='lat' dir='ltr'><strong>colligi</strong></span> <span class='ocrx_word' id='word_1_606' title='bbox 2468 4482 2707 4553; x_wconf 81' lang='lat' dir='ltr'><strong>videtur,</strong></span> <span class='ocrx_word' id='word_1_607' title='bbox 2740 4496 2939 4543; x_wconf 79' lang='lat' dir='ltr'><strong>auctor</strong></span> <span class='ocrx_word' id='word_1_608' title='bbox 2972 4490 3147 4546; x_wconf 62' lang='lat' dir='ltr'><strong>Romae</strong></span> <span class='ocrx_word' id='word_1_609' title='bbox 3180 4495 3391 4561; x_wconf 85' lang='lat' dir='ltr'><strong>ﬂoruit</strong></span> <span class='ocrx_word' id='word_1_610' title='bbox 3423 4505 3479 4551; x_wconf 83' lang='lat' dir='ltr'><strong>et</strong></span> <span class='ocrx_word' id='word_1_611' title='bbox 3528 4495 3743 4551; x_wconf 75' lang='lat' dir='ltr'><strong>archiva</strong></span> 
     </span>
    </p>
   </div>
   <div class='ocr_carea' id='block_1_93' title="bbox 323 4569 3742 4667">
    <p class='ocr_par' dir='ltr' id='par_1_93' title="bbox 323 4569 3742 4667">
     <span class='ocr_line' id='line_1_95' title="bbox 323 4569 3742 4667; baseline 0.01 -45"><span class='ocrx_word' id='word_1_612' title='bbox 323 4569 467 4623; x_wconf 89' lang='lat' dir='ltr'><strong>riem</strong></span> <span class='ocrx_word' id='word_1_613' title='bbox 500 4574 899 4626; x_wconf 87' lang='lat' dir='ltr'><strong>Romanorum</strong></span> <span class='ocrx_word' id='word_1_614' title='bbox 951 4576 1266 4643; x_wconf 74' lang='lat' dir='ltr'><strong>praesulum</strong></span> <span class='ocrx_word' id='word_1_615' title='bbox 1303 4576 1538 4633; x_wconf 86' lang='lat' dir='ltr'><strong>exhibet</strong></span> <span class='ocrx_word' id='word_1_616' title='bbox 1569 4596 1601 4632; x_wconf 89' lang='lat' dir='ltr'><strong>a</strong></span> <span class='ocrx_word' id='word_1_617' title='bbox 1633 4580 1860 4637; x_wconf 87' lang='lat' dir='ltr'><strong>Liberio</strong></span> <span class='ocrx_word' id='word_1_618' title='bbox 1895 4584 1963 4637; x_wconf 92' lang='lat' dir='ltr'><strong>ad</strong></span> <span class='ocrx_word' id='word_1_619' title='bbox 2001 4603 2044 4667; x_wconf 73' lang='grc' dir='ltr'><strong>ι)</strong></span> <span class='ocrx_word' id='word_1_620' title='bbox 2080 4571 2369 4667; x_wconf 51' lang='grc' dir='ltr'><strong>(ἐροδίοίίσο</strong></span> <span class='ocrx_word' id='word_1_621' title='bbox 2404 4575 2597 4667; x_wconf 49' lang='grc' dir='ltr'><strong>Τονετζη</strong></span> <span class='ocrx_word' id='word_1_622' title='bbox 2627 4582 2960 4667; x_wconf 65' lang='grc' dir='ltr'><strong>Ρνέεροδίτυε</strong></span> <span class='ocrx_word' id='word_1_623' title='bbox 3006 4583 3138 4650; x_wconf 43' lang='lat' dir='ltr'><strong>fuit</strong></span> <span class='ocrx_word' id='word_1_624' title='bbox 3179 4585 3346 4651; x_wconf 72' lang='grc' dir='ltr'><strong>Ουοά</strong></span> <span class='ocrx_word' id='word_1_625' title='bbox 3378 4586 3534 4641; x_wconf 53' lang='lat' dir='ltr'><strong>enim</strong></span> <span class='ocrx_word' id='word_1_626' title='bbox 3569 4589 3742 4640; x_wconf 57' lang='lat' dir='ltr'><strong>“udo”</strong></span> 
     </span>
    </p>
   </div>
   <div class='ocr_carea' id='block_1_94' title="bbox 317 4657 1965 4742">
    <p class='ocr_par' dir='ltr' id='par_1_94' title="bbox 317 4657 1965 4742">
     <span class='ocr_line' id='line_1_96' title="bbox 317 4657 1965 4742; baseline 0.01 -32"><span class='ocrx_word' id='word_1_627' title='bbox 317 4657 564 4711; x_wconf 90' lang='lat' dir='ltr'><strong>Felicem</strong></span> <span class='ocrx_word' id='word_1_628' title='bbox 599 4658 698 4712; x_wconf 90' lang='lat' dir='ltr'><strong>IV.</strong></span> <span class='ocrx_word' id='word_1_629' title='bbox 739 4660 811 4713; x_wconf 78' lang='lat' dir='ltr'><strong>Ea</strong></span> <span class='ocrx_word' id='word_1_630' title='bbox 843 4677 977 4715; x_wconf 89' lang='lat' dir='ltr'><strong>vero</strong></span> <span class='ocrx_word' id='word_1_631' title='bbox 1013 4663 1253 4717; x_wconf 91' lang='lat' dir='ltr'><strong>totidem</strong></span> <span class='ocrx_word' id='word_1_632' title='bbox 1301 4665 1418 4720; x_wconf 88' lang='lat' dir='ltr'><strong>fere</strong></span> <span class='ocrx_word' id='word_1_633' title='bbox 1448 4668 1640 4722; x_wconf 92' lang='lat' dir='ltr'><strong>verbis</strong></span> <span class='ocrx_word' id='word_1_634' title='bbox 1672 4670 1965 4742; x_wconf 82' lang='lat' dir='ltr'><strong>descripta</strong></span> 
     </span>
    </p>
   </div>
   <div class='ocr_carea' id='block_1_95' title="bbox 316 4745 1963 4826">
    <p class='ocr_par' dir='ltr' id='par_1_95' title="bbox 316 4745 1963 4826">
     <span class='ocr_line' id='line_1_97' title="bbox 316 4745 1963 4826; baseline 0.01 -27"><span class='ocrx_word' id='word_1_635' title='bbox 316 4749 405 4800; x_wconf 90' lang='lat' dir='ltr'><strong>est</strong></span> <span class='ocrx_word' id='word_1_636' title='bbox 426 4762 493 4800; x_wconf 89' lang='lat' dir='ltr'><strong>ex</strong></span> <span class='ocrx_word' id='word_1_637' title='bbox 522 4745 634 4801; x_wconf 83' lang='lat' dir='ltr'><strong>alio</strong></span> <span class='ocrx_word' id='word_1_638' title='bbox 658 4748 997 4817; x_wconf 87' lang='lat' dir='ltr'><strong>pontificum</strong></span> <span class='ocrx_word' id='word_1_639' title='bbox 1024 4750 1444 4824; x_wconf 76' lang='lat' dir='ltr'><strong>catalogo,qui,</strong></span> <span class='ocrx_word' id='word_1_640' title='bbox 1470 4758 1621 4826; x_wconf 85' lang='lat' dir='ltr'><strong>quod</strong></span> <span class='ocrx_word' id='word_1_641' title='bbox 1645 4758 1753 4811; x_wconf 89' lang='lat' dir='ltr'><strong>sub</strong></span> <span class='ocrx_word' id='word_1_642' title='bbox 1779 4759 1963 4815; x_wconf 84' lang='lat' dir='ltr'><strong>Felice</strong></span> 
     </span>
    </p>
   </div>
   <div class='ocr_carea' id='block_1_96' title="bbox 314 4835 1958 4917">
    <p class='ocr_par' dir='ltr' id='par_1_96' title="bbox 314 4835 1958 4917">
     <span class='ocr_line' id='line_1_98' title="bbox 314 4835 1958 4917; baseline 0.009 -28"><span class='ocrx_word' id='word_1_643' title='bbox 314 4835 381 4890; x_wconf 90' lang='lat' dir='ltr'><strong>IV</strong></span> <span class='ocrx_word' id='word_1_644' title='bbox 416 4836 604 4906; x_wconf 84' lang='lat' dir='ltr'><strong>priore</strong></span> <span class='ocrx_word' id='word_1_645' title='bbox 628 4836 852 4891; x_wconf 89' lang='lat' dir='ltr'><strong>scilicet</strong></span> <span class='ocrx_word' id='word_1_646' title='bbox 884 4838 1079 4893; x_wconf 79' lang='lat' dir='ltr'><strong>saeculi</strong></span> <span class='ocrx_word' id='word_1_647' title='bbox 1112 4856 1165 4894; x_wconf 82' lang='lat' dir='ltr'><strong>vr</strong></span> <span class='ocrx_word' id='word_1_648' title='bbox 1194 4841 1668 4900; x_wconf 87' lang='lat' dir='ltr'><strong>triaconteteride</strong></span> <span class='ocrx_word' id='word_1_649' title='bbox 1695 4858 1958 4917; x_wconf 85' lang='lat' dir='ltr'><strong>exeunte,</strong></span> 
     </span>
    </p>
   </div>
   <div class='ocr_carea' id='block_1_97' title="bbox 381 4960 1953 5044">
    <p class='ocr_par' dir='ltr' id='par_1_97' title="bbox 381 4960 1953 5044">
     <span class='ocr_line' id='line_1_99' title="bbox 381 4960 1953 5044; baseline 0.008 -32"><span class='ocrx_word' id='word_1_650' title='bbox 381 4960 791 5044; x_wconf 49' lang='lat' dir='ltr'><strong>(alinbymn.</strong></span> <span class='ocrx_word' id='word_1_651' title='bbox 828 4963 1015 5044; x_wconf 76' lang='lat' dir='ltr'><strong>sancti</strong></span> <span class='ocrx_word' id='word_1_652' title='bbox 1048 4963 1321 5044; x_wconf 80' lang='lat' dir='ltr'><strong>_Vinc_ent.</strong></span> <span class='ocrx_word' id='word_1_653' title='bbox 1357 4973 1520 5044; x_wconf 71' lang='lat' dir='ltr'><strong>Mart.</strong></span> <span class='ocrx_word' id='word_1_654' title='bbox 1575 4974 1799 5044; x_wconf 89' lang='lat' dir='ltr'><strong>stroph.</strong></span> <span class='ocrx_word' id='word_1_655' title='bbox 1837 4977 1953 5029; x_wconf 81' lang='grc'><strong>115.</strong></span> 
     </span>
    </p>
   </div>
   <div class='ocr_carea' id='block_1_98' title="bbox 310 5031 1955 5157">
    <p class='ocr_par' dir='ltr' id='par_1_98' title="bbox 310 5031 1955 5157">
     <span class='ocr_line' id='line_1_100' title="bbox 310 5031 1955 5157; baseline 0.009 -70"><span class='ocrx_word' id='word_1_656' title='bbox 310 5031 543 5157; x_wconf 65' lang='lat' dir='ltr'><strong>Simlilia</strong></span> <span class='ocrx_word' id='word_1_657' title='bbox 574 5034 710 5088; x_wconf 90' lang='lat' dir='ltr'><strong>item</strong></span> <span class='ocrx_word' id='word_1_658' title='bbox 747 5035 898 5104; x_wconf 91' lang='lat' dir='ltr'><strong>apud</strong></span> <span class='ocrx_word' id='word_1_659' title='bbox 937 5035 1173 5091; x_wconf 88' lang='lat' dir='ltr'><strong>Latinos</strong></span> <span class='ocrx_word' id='word_1_660' title='bbox 1205 5036 1385 5109; x_wconf 86' lang='lat' dir='ltr'><strong>legas.</strong></span> <span class='ocrx_word' id='word_1_661' title='bbox 1422 5042 1677 5108; x_wconf 89' lang='lat' dir='ltr'><strong>Terent.,</strong></span> <span class='ocrx_word' id='word_1_662' title='bbox 1702 5031 1955 5119; x_wconf 55' lang='lat' dir='ltr'><strong>&#39;Hecyra,</strong></span> 
     </span>
     <span class='ocr_line' id='line_1_101' title="bbox 314 5120 777 5157; baseline 0 0"><span class='ocrx_word' id='word_1_663' title='bbox 314 5120 415 5157; x_wconf 90' lang='lat' dir='ltr'><strong>nro</strong></span> <span class='ocrx_word' id='word_1_664' title='bbox 447 5121 538 5157; x_wconf 74' lang='lat' dir='ltr'><strong>oe.</strong></span> <span class='ocrx_word' id='word_1_665' title='bbox 567 5121 579 5157; x_wconf 93' lang='lat'>:</span> <span class='ocrx_word' id='word_1_666' title='bbox 774 5128 777 5129; x_wconf 51' lang='grc' dir='ltr'><em>ν</em></span> 
     </span>
    </p>
   </div>
   <div class='ocr_carea' id='block_1_99' title="bbox 312 5120 1813 5261">
    <p class='ocr_par' dir='ltr' id='par_1_99' title="bbox 312 5120 1813 5261">
     <span class='ocr_line' id='line_1_102' title="bbox 312 5120 777 5175; baseline 0.009 -18"><span class='ocrx_word' id='word_1_667' title='bbox 312 5120 538 5175; x_wconf 82' lang='lat' dir='ltr'><strong>prclog.</strong></span> <span class='ocrx_word' id='word_1_668' title='bbox 567 5121 579 5159; x_wconf 92' lang='lat'>:</span> <span class='ocrx_word' id='word_1_669' title='bbox 774 5128 777 5129; x_wconf 47' lang='grc' dir='ltr'><em>ν</em></span> 
     </span>
     <span class='ocr_line' id='line_1_103' title="bbox 462 5194 1813 5261; baseline 0.011 -21"><span class='ocrx_word' id='word_1_670' title='bbox 462 5194 514 5261; x_wconf 75' lang='lat' dir='ltr'><strong>§i</strong></span> <span class='ocrx_word' id='word_1_671' title='bbox 553 5207 827 5261; x_wconf 81' lang='lat' dir='ltr'><strong>nunquam</strong></span> <span class='ocrx_word' id='word_1_672' title='bbox 861 5208 1021 5245; x_wconf 87' lang='lat' dir='ltr'><strong>avare</strong></span> <span class='ocrx_word' id='word_1_673' title='bbox 1052 5196 1211 5245; x_wconf 88' lang='lat' dir='ltr'><strong>statui</strong></span> <span class='ocrx_word' id='word_1_674' title='bbox 1244 5198 1472 5261; x_wconf 89' lang='lat' dir='ltr'><strong>pretium</strong></span> <span class='ocrx_word' id='word_1_675' title='bbox 1497 5203 1597 5251; x_wconf 89' lang='lat' dir='ltr'><strong>arti</strong></span> <span class='ocrx_word' id='word_1_676' title='bbox 1642 5219 1813 5255; x_wconf 69' lang='lat' dir='ltr'><strong>mete.</strong></span> 
     </span>
    </p>
   </div>
   <div class='ocr_carea' id='block_1_100' title="bbox 462 5255 1088 5319">
    <p class='ocr_par' dir='ltr' id='par_1_100' title="bbox 462 5255 1088 5319">
     <span class='ocr_line' id='line_1_104' title="bbox 462 5255 1088 5319; baseline 0.003 -15"><span class='ocrx_word' id='word_1_677' title='bbox 462 5255 632 5305; x_wconf 90' lang='lat' dir='ltr'><strong>Sinite</strong></span> <span class='ocrx_word' id='word_1_678' title='bbox 664 5255 952 5319; x_wconf 88' lang='lat' dir='ltr'><strong>impetrare</strong></span> <span class='ocrx_word' id='word_1_679' title='bbox 985 5272 1088 5308; x_wconf 91' lang='lat' dir='ltr'><strong>me.</strong></span> 
     </span>
    </p>
   </div>
   <div class='ocr_carea' id='block_1_101' title="bbox 377 5336 1956 5411">
    <p class='ocr_par' dir='ltr' id='par_1_101' title="bbox 377 5336 1956 5411">
     <span class='ocr_line' id='line_1_105' title="bbox 377 5336 1956 5411; baseline 0.011 -22"><span class='ocrx_word' id='word_1_680' title='bbox 377 5336 606 5411; x_wconf 16' lang='lat' dir='ltr'><strong>Itemgin</strong></span> <span class='ocrx_word' id='word_1_681' title='bbox 652 5336 1147 5411; x_wconf 72' lang='lat' dir='ltr'><strong>Heautontimor.,</strong></span> <span class='ocrx_word' id='word_1_682' title='bbox 1195 5341 1498 5411; x_wconf 74' lang='lat' dir='ltr'><strong>prolog.,et</strong></span> <span class='ocrx_word' id='word_1_683' title='bbox 1550 5345 1710 5404; x_wconf 90' lang='lat' dir='ltr'><strong>alibi.</strong></span> <span class='ocrx_word' id='word_1_684' title='bbox 1750 5351 1867 5405; x_wconf 86' lang='lat' dir='ltr'><strong>lmo</strong></span> <span class='ocrx_word' id='word_1_685' title='bbox 1901 5356 1956 5406; x_wconf 90' lang='lat' dir='ltr'><strong>et</strong></span> 
     </span>
    </p>
   </div>
   <div class='ocr_carea' id='block_1_102' title="bbox 306 5407 1489 5481">
    <p class='ocr_par' dir='ltr' id='par_1_102' title="bbox 306 5407 1489 5481">
     <span class='ocr_line' id='line_1_106' title="bbox 306 5407 1489 5481; baseline 0.008 -19"><span class='ocrx_word' id='word_1_686' title='bbox 306 5409 461 5479; x_wconf 90' lang='lat' dir='ltr'><strong>apud</strong></span> <span class='ocrx_word' id='word_1_687' title='bbox 493 5407 743 5479; x_wconf 66' lang='lat' dir='ltr'><strong>Graecos,</strong></span> <span class='ocrx_word' id='word_1_688' title='bbox 780 5409 1034 5478; x_wconf 85' lang='lat' dir='ltr'><strong>Homer.,</strong></span> <span class='ocrx_word' id='word_1_689' title='bbox 1067 5407 1239 5465; x_wconf 78' lang='grc' dir='ltr'>Ἰλιάδ</span> <span class='ocrx_word' id='word_1_690' title='bbox 1276 5407 1489 5481; x_wconf 71' lang='grc' dir='ltr'><strong>Α,’λθ’;</strong></span> 
     </span>
    </p>
   </div>
   <div class='ocr_carea' id='block_1_103' title="bbox 518 5495 1846 5581">
    <p class='ocr_par' dir='ltr' id='par_1_103' title="bbox 518 5495 1846 5581">
     <span class='ocr_line' id='line_1_107' title="bbox 518 5495 1846 5581; baseline 0.009 -30"><span class='ocrx_word' id='word_1_691' title='bbox 518 5540 529 5551; x_wconf 94' lang='grc'><strong>.</strong></span> <span class='ocrx_word' id='word_1_692' title='bbox 575 5541 588 5553; x_wconf 93' lang='grc'><strong>.</strong></span> <span class='ocrx_word' id='word_1_693' title='bbox 636 5540 661 5581; x_wconf 44' lang='lat'><strong>..</strong></span> <span class='ocrx_word' id='word_1_694' title='bbox 695 5540 722 5581; x_wconf 41' lang='grc' dir='ltr'><strong>λ</strong></span> <span class='ocrx_word' id='word_1_695' title='bbox 775 5495 979 5581; x_wconf 62' lang='grc' dir='ltr'>εἴπογὲ</span> <span class='ocrx_word' id='word_1_696' title='bbox 1006 5520 1091 5553; x_wconf 80' lang='grc' dir='ltr'><strong>τοι</strong></span> <span class='ocrx_word' id='word_1_697' title='bbox 1127 5500 1368 5581; x_wconf 69' lang='grc' dir='ltr'><strong>χᾳρίεντ’</strong></span> <span class='ocrx_word' id='word_1_698' title='bbox 1401 5501 1487 5557; x_wconf 78' lang='grc' dir='ltr'>ἐπὶ</span> <span class='ocrx_word' id='word_1_699' title='bbox 1518 5506 1647 5581; x_wconf 40' lang='lat' dir='ltr'><strong>me}</strong></span> <span class='ocrx_word' id='word_1_700' title='bbox 1681 5504 1846 5581; x_wconf 67' lang='grc' dir='ltr'>ἔρεψα</span> 
     </span>
    </p>
   </div>
   <div class='ocr_carea' id='block_1_104' title="bbox 516 5565 1725 5650">
    <p class='ocr_par' dir='ltr' id='par_1_104' title="bbox 516 5565 1725 5650">
     <span class='ocr_line' id='line_1_108' title="bbox 516 5565 1725 5650; baseline 0.011 -31"><span class='ocrx_word' id='word_1_701' title='bbox 516 5570 586 5650; x_wconf 53' lang='grc' dir='ltr'><strong>Ἠ</strong></span> <span class='ocrx_word' id='word_1_702' title='bbox 618 5566 663 5621; x_wconf 79' lang='grc' dir='ltr'>εἰ</span> <span class='ocrx_word' id='word_1_703' title='bbox 696 5565 761 5639; x_wconf 80' lang='grc' dir='ltr'><strong>δή</strong></span> <span class='ocrx_word' id='word_1_704' title='bbox 794 5568 928 5624; x_wconf 85' lang='grc' dir='ltr'><strong>ποτέ</strong></span> <span class='ocrx_word' id='word_1_705' title='bbox 954 5591 1039 5650; x_wconf 59' lang='grc' dir='ltr'><strong>ςτοι</strong></span> <span class='ocrx_word' id='word_1_706' title='bbox 1069 5565 1397 5627; x_wconf 44' lang='lat' dir='ltr'><strong>xiii—trima</strong></span> <span class='ocrx_word' id='word_1_707' title='bbox 1432 5565 1625 5650; x_wconf 71' lang='grc' dir='ltr'>μηρΥέ</span> <span class='ocrx_word' id='word_1_708' title='bbox 1655 5565 1725 5649; x_wconf 48' lang='lat' dir='ltr'><strong>ea</strong></span> 
     </span>
    </p>
   </div>
   <div class='ocr_carea' id='block_1_105' title="bbox 516 5640 966 5697">
    <p class='ocr_par' dir='ltr' id='par_1_105' title="bbox 516 5640 966 5697">
     <span class='ocr_line' id='line_1_109' title="bbox 516 5640 966 5697; baseline -0.002 0"><span class='ocrx_word' id='word_1_709' title='bbox 516 5640 736 5697; x_wconf 81' lang='grc' dir='ltr'><strong>Τίσειαν</strong></span> <span class='ocrx_word' id='word_1_710' title='bbox 772 5641 966 5696; x_wconf 79' lang='grc' dir='ltr'>Δαναοί</span> 
     </span>
    </p>
   </div>
   <div class='ocr_carea' id='block_1_106' title="bbox 373 5730 883 5805">
    <p class='ocr_par' dir='ltr' id='par_1_106' title="bbox 373 5730 883 5805">
     <span class='ocr_line' id='line_1_110' title="bbox 373 5730 883 5805; baseline 0.01 -20"><span class='ocrx_word' id='word_1_711' title='bbox 373 5731 443 5785; x_wconf 87' lang='lat' dir='ltr'><strong>Et</strong></span> <span class='ocrx_word' id='word_1_712' title='bbox 473 5730 612 5787; x_wconf 90' lang='lat' dir='ltr'><strong>alibi</strong></span> <span class='ocrx_word' id='word_1_713' title='bbox 647 5731 883 5805; x_wconf 58' lang='lat' dir='ltr'><strong>saepius.</strong></span> 
     </span>
    </p>
   </div>
   <div class='ocr_carea' id='block_1_107' title="bbox 1732 5623 1745 5648">
    <p class='ocr_par' dir='ltr' id='par_1_107' title="bbox 1732 5623 1745 5648">
     <span class='ocr_line' id='line_1_111' title="bbox 1732 5623 1745 5648; baseline 0 0"><span class='ocrx_word' id='word_1_714' title='bbox 1732 5623 1745 5648; x_wconf 72' lang='lat'>’</span> 
     </span>
    </p>
   </div>
   <div class='ocr_carea' id='block_1_108' title="bbox 2075 4658 3744 4743">
    <p class='ocr_par' dir='ltr' id='par_1_108' title="bbox 2075 4658 3744 4743">
     <span class='ocr_line' id='line_1_112' title="bbox 2075 4658 3744 4743; baseline 0.009 -31"><span class='ocrx_word' id='word_1_715' title='bbox 2075 4658 2255 4712; x_wconf 75' lang='lat' dir='ltr'><strong>Romae</strong></span> <span class='ocrx_word' id='word_1_716' title='bbox 2302 4663 2601 4732; x_wconf 81' lang='lat' dir='ltr'><strong>scripserit,</strong></span> <span class='ocrx_word' id='word_1_717' title='bbox 2636 4666 2843 4723; x_wconf 81' lang='lat' dir='ltr'><strong>indicat</strong></span> <span class='ocrx_word' id='word_1_718' title='bbox 2875 4686 3073 4740; x_wconf 80' lang='lat' dir='ltr'><strong>magna</strong></span> <span class='ocrx_word' id='word_1_719' title='bbox 3103 4688 3309 4729; x_wconf 74' lang='lat' dir='ltr'><strong>rerum</strong></span> <span class='ocrx_word' id='word_1_720' title='bbox 3358 4677 3525 4732; x_wconf 71' lang='lat' dir='ltr'><strong>Urbis</strong></span> <span class='ocrx_word' id='word_1_721' title='bbox 3555 4686 3605 4731; x_wconf 81' lang='lat' dir='ltr'><strong>ct</strong></span> <span class='ocrx_word' id='word_1_722' title='bbox 3632 4674 3744 4743; x_wconf 82' lang='lat' dir='ltr'><strong>agri</strong></span> 
     </span>
    </p>
   </div>
   <div class='ocr_carea' id='block_1_109' title="bbox 2073 4747 3739 4825">
    <p class='ocr_par' dir='ltr' id='par_1_109' title="bbox 2073 4747 3739 4825">
     <span class='ocr_line' id='line_1_113' title="bbox 2073 4747 3739 4825; baseline 0.009 -25"><span class='ocrx_word' id='word_1_723' title='bbox 2073 4747 2314 4803; x_wconf 80' lang='lat' dir='ltr'><strong>Romani</strong></span> <span class='ocrx_word' id='word_1_724' title='bbox 2338 4752 2537 4807; x_wconf 81' lang='lat' dir='ltr'><strong>notitia</strong></span> <span class='ocrx_word' id='word_1_725' title='bbox 2568 4770 2731 4825; x_wconf 85' lang='lat' dir='ltr'><strong>quam</strong></span> <span class='ocrx_word' id='word_1_726' title='bbox 2765 4757 2979 4813; x_wconf 80' lang='lat' dir='ltr'><strong>habuit.</strong></span> <span class='ocrx_word' id='word_1_727' title='bbox 3001 4762 3204 4816; x_wconf 78' lang='lat' dir='ltr'><strong>Omnia</strong></span> <span class='ocrx_word' id='word_1_728' title='bbox 3229 4767 3559 4821; x_wconf 62' lang='lat' dir='ltr'><strong>(metatio</strong></span> <span class='ocrx_word' id='word_1_729' title='bbox 3586 4764 3739 4818; x_wconf 85' lang='lat' dir='ltr'><strong>ctiam</strong></span> 
     </span>
    </p>
   </div>
   <div class='ocr_carea' id='block_1_110' title="bbox 2072 4838 3734 4926">
    <p class='ocr_par' dir='ltr' id='par_1_110' title="bbox 2072 4838 3734 4926">
     <span class='ocr_line' id='line_1_114' title="bbox 2072 4838 3734 4926; baseline 0.01 -38"><span class='ocrx_word' id='word_1_730' title='bbox 2072 4851 2235 4906; x_wconf 85' lang='lat' dir='ltr'><strong>quam</strong></span> <span class='ocrx_word' id='word_1_731' title='bbox 2253 4838 2571 4909; x_wconf 82' lang='lat' dir='ltr'><strong>longissime</strong></span> <span class='ocrx_word' id='word_1_732' title='bbox 2590 4845 2657 4898; x_wconf 87' lang='lat' dir='ltr'><strong>ab</strong></span> <span class='ocrx_word' id='word_1_733' title='bbox 2682 4846 2817 4902; x_wconf 85' lang='lat' dir='ltr'><strong>Urbe</strong></span> <span class='ocrx_word' id='word_1_734' title='bbox 2838 4847 3055 4915; x_wconf 81' lang='lat' dir='ltr'><strong>dissita,</strong></span> <span class='ocrx_word' id='word_1_735' title='bbox 3080 4855 3290 4907; x_wconf 82' lang='lat' dir='ltr'><strong>omnia</strong></span> <span class='ocrx_word' id='word_1_736' title='bbox 3307 4856 3569 4926; x_wconf 70' lang='lat' dir='ltr'><strong>sepulcra</strong></span> <span class='ocrx_word' id='word_1_737' title='bbox 3590 4871 3734 4909; x_wconf 84' lang='lat' dir='ltr'><strong>mar-</strong></span> 
     </span>
    </p>
   </div>
   <div class='ocr_carea' id='block_1_111' title="bbox 2140 4963 3737 5092">
    <p class='ocr_par' dir='ltr' id='par_1_111' title="bbox 2140 4963 3737 5092">
     <span class='ocr_line' id='line_1_115' title="bbox 2140 4963 3737 5092; baseline 0.008 -73"><span class='ocrx_word' id='word_1_738' title='bbox 2140 4963 2211 5092; x_wconf 59' lang='lat' dir='ltr'><strong>(Eb)</strong></span> <span class='ocrx_word' id='word_1_739' title='bbox 2234 4967 2550 5092; x_wconf 51' lang='lat' dir='ltr'><strong>gggcomm.</strong></span> <span class='ocrx_word' id='word_1_740' title='bbox 2578 4972 2714 5025; x_wconf 90' lang='lat' dir='ltr'><strong>Can.</strong></span> <span class='ocrx_word' id='word_1_741' title='bbox 2742 4972 2944 5042; x_wconf 89' lang='lat' dir='ltr'><strong>pascb.</strong></span> <span class='ocrx_word' id='word_1_742' title='bbox 2969 4973 3245 5043; x_wconf 91' lang='lat' dir='ltr'><strong>Victorii,</strong></span> <span class='ocrx_word' id='word_1_743' title='bbox 3267 4978 3737 5053; x_wconf 62' lang='lat' dir='ltr'><strong>Autuerp.163i,</strong></span> 
     </span>
    </p>
   </div>
   <div class='ocr_carea' id='block_1_112' title="bbox 2068 5052 3738 5188">
    <p class='ocr_par' dir='ltr' id='par_1_112' title="bbox 2068 5052 3738 5188">
     <span class='ocr_line' id='line_1_116' title="bbox 2112 5052 2361 5094; baseline 0.004 -1"><span class='ocrx_word' id='word_1_744' title='bbox 2112 5054 2144 5093; x_wconf 90' lang='lat' dir='ltr'><strong>a</strong></span> <span class='ocrx_word' id='word_1_745' title='bbox 2191 5080 2202 5092; x_wconf 93' lang='lat'><strong>.</strong></span> <span class='ocrx_word' id='word_1_746' title='bbox 2234 5052 2361 5094; x_wconf 61' lang='grc' dir='ltr'><strong>κου.</strong></span> 
     </span>
     <span class='ocr_line' id='line_1_117' title="bbox 2068 5052 3738 5188; baseline 0.007 -27"><span class='ocrx_word' id='word_1_747' title='bbox 2068 5055 2104 5110; x_wconf 78' lang='lat' dir='ltr'><strong>p</strong></span> <span class='ocrx_word' id='word_1_748' title='bbox 2140 5052 2211 5188; x_wconf 63' lang='lat' dir='ltr'><strong>(ge)</strong></span> <span class='ocrx_word' id='word_1_749' title='bbox 2248 5110 2486 5188; x_wconf 56' lang='lat' dir='ltr'><strong>Ranvin.</strong></span> <span class='ocrx_word' id='word_1_750' title='bbox 2527 5112 2581 5166; x_wconf 91' lang='lat' dir='ltr'><strong>in</strong></span> <span class='ocrx_word' id='word_1_751' title='bbox 2610 5130 2825 5188; x_wconf 79' lang='lat' dir='ltr'><strong>comm.</strong></span> <span class='ocrx_word' id='word_1_752' title='bbox 2854 5114 2983 5188; x_wconf 87' lang='lat' dir='ltr'><strong>libri</strong></span> <span class='ocrx_word' id='word_1_753' title='bbox 3019 5134 3058 5171; x_wconf 82' lang='grc' dir='ltr'>η</span> <span class='ocrx_word' id='word_1_754' title='bbox 3082 5121 3304 5176; x_wconf 88' lang='lat' dir='ltr'><strong>Fastor</strong></span> <span class='ocrx_word' id='word_1_755' title='bbox 3333 5140 3347 5188; x_wconf 89' lang='lat'><strong>;</strong></span> <span class='ocrx_word' id='word_1_756' title='bbox 3382 5127 3657 5178; x_wconf 85' lang='lat' dir='ltr'><strong>Sarazan.</strong></span> <span class='ocrx_word' id='word_1_757' title='bbox 3689 5122 3738 5174; x_wconf 89' lang='lat' dir='ltr'><strong>in</strong></span> 
     </span>
    </p>
   </div>
   <div class='ocr_carea' id='block_1_113' title="bbox 2066 5182 3736 5267">
    <p class='ocr_par' dir='ltr' id='par_1_113' title="bbox 2066 5182 3736 5267">
     <span class='ocr_line' id='line_1_118' title="bbox 2066 5182 3736 5267; baseline 0.008 -33"><span class='ocrx_word' id='word_1_758' title='bbox 2066 5182 2641 5267; x_wconf 51' lang='lat' dir='ltr'><strong>notua&#39;depigramm.</strong></span> <span class='ocrx_word' id='word_1_759' title='bbox 2664 5186 2905 5267; x_wconf 70' lang='lat' dir='ltr'><strong>Damasi</strong></span> <span class='ocrx_word' id='word_1_760' title='bbox 2926 5205 3003 5251; x_wconf 83' lang='lat' dir='ltr'><strong>1x,</strong></span> <span class='ocrx_word' id='word_1_761' title='bbox 3020 5205 3113 5267; x_wconf 77' lang='lat' dir='ltr'><strong>ap.</strong></span> <span class='ocrx_word' id='word_1_762' title='bbox 3136 5182 3446 5267; x_wconf 73' lang='lat' dir='ltr'><strong>Merend.,</strong></span> <span class='ocrx_word' id='word_1_763' title='bbox 3465 5212 3595 5267; x_wconf 81' lang='lat' dir='ltr'><strong>pag.</strong></span> <span class='ocrx_word' id='word_1_764' title='bbox 3620 5193 3736 5249; x_wconf 63' lang='lat'><strong>2:19.</strong></span> 
     </span>
    </p>
   </div>
   <div class='ocr_carea' id='block_1_114' title="bbox 2138 5252 3739 5339">
    <p class='ocr_par' dir='ltr' id='par_1_114' title="bbox 2138 5252 3739 5339">
     <span class='ocr_line' id='line_1_119' title="bbox 2138 5252 3739 5339; baseline 0.009 -34"><span class='ocrx_word' id='word_1_765' title='bbox 2138 5252 2227 5339; x_wconf 75' lang='grc'><strong>((1)¹</strong></span> <span class='ocrx_word' id='word_1_766' title='bbox 2244 5252 2664 5339; x_wconf 64' lang='lat' dir='ltr'><strong>lienschenius,</strong></span> <span class='ocrx_word' id='word_1_767' title='bbox 2689 5260 2830 5339; x_wconf 85' lang='lat' dir='ltr'><strong>tom.</strong></span> <span class='ocrx_word' id='word_1_768' title='bbox 2867 5262 2886 5311; x_wconf 91' lang='grc' dir='ltr'>Ι</span> <span class='ocrx_word' id='word_1_769' title='bbox 2922 5252 3134 5330; x_wconf 68' lang='lat' dir='ltr'><strong>April,</strong></span> <span class='ocrx_word' id='word_1_770' title='bbox 3176 5262 3238 5318; x_wconf 89' lang='lat' dir='ltr'><strong>in</strong></span> <span class='ocrx_word' id='word_1_771' title='bbox 3278 5252 3609 5339; x_wconf 68' lang='lat' dir='ltr'><strong>prolegom.</strong></span> <span class='ocrx_word' id='word_1_772' title='bbox 3642 5284 3739 5321; x_wconf 41' lang='lat' dir='ltr'><strong>an’</strong></span> 
     </span>
    </p>
   </div>
   <div class='ocr_carea' id='block_1_115' title="bbox 2064 5324 2833 5397">
    <p class='ocr_par' dir='ltr' id='par_1_115' title="bbox 2064 5324 2833 5397">
     <span class='ocr_line' id='line_1_120' title="bbox 2064 5324 2833 5397; baseline 0.008 -20"><span class='ocrx_word' id='word_1_773' title='bbox 2064 5327 2120 5377; x_wconf 92' lang='lat' dir='ltr'><strong>te</strong></span> <span class='ocrx_word' id='word_1_774' title='bbox 2144 5324 2441 5397; x_wconf 85' lang='lat' dir='ltr'><strong>catalogos</strong></span> <span class='ocrx_word' id='word_1_775' title='bbox 2475 5326 2641 5381; x_wconf 80' lang='lat' dir='ltr'><strong>Rom.</strong></span> <span class='ocrx_word' id='word_1_776' title='bbox 2673 5334 2833 5397; x_wconf 92' lang='lat' dir='ltr'><strong>pont.</strong></span> 
     </span>
    </p>
   </div>
   <div class='ocr_carea' id='block_1_116' title="bbox 2136 5396 3733 5482">
    <p class='ocr_par' dir='ltr' id='par_1_116' title="bbox 2136 5396 3733 5482">
     <span class='ocr_line' id='line_1_121' title="bbox 2136 5396 3733 5482; baseline 0.008 -33"><span class='ocrx_word' id='word_1_777' title='bbox 2136 5396 2206 5465; x_wconf 75' lang='grc' dir='ltr'><strong>(θ)</strong></span> <span class='ocrx_word' id='word_1_778' title='bbox 2236 5397 2474 5482; x_wconf 62' lang='lat' dir='ltr'><strong>Qissert.</strong></span> <span class='ocrx_word' id='word_1_779' title='bbox 2508 5399 2579 5454; x_wconf 90' lang='lat' dir='ltr'><strong>de</strong></span> <span class='ocrx_word' id='word_1_780' title='bbox 2610 5396 2793 5471; x_wconf 86' lang='lat' dir='ltr'><strong>antiq.</strong></span> <span class='ocrx_word' id='word_1_781' title='bbox 2821 5400 2990 5456; x_wconf 84' lang='lat' dir='ltr'><strong>Rom.</strong></span> <span class='ocrx_word' id='word_1_782' title='bbox 3028 5410 3196 5473; x_wconf 82' lang='lat' dir='ltr'><strong>pont.</strong></span> <span class='ocrx_word' id='word_1_783' title='bbox 3225 5409 3516 5481; x_wconf 85' lang='lat' dir='ltr'><strong>catalog.,</strong></span> <span class='ocrx_word' id='word_1_784' title='bbox 3540 5426 3662 5482; x_wconf 86' lang='lat' dir='ltr'><strong>cap.</strong></span> <span class='ocrx_word' id='word_1_785' title='bbox 3686 5408 3733 5463; x_wconf 81' lang='lat'><strong>2.</strong></span> 
     </span>
    </p>
   </div>
   <div class='ocr_carea' id='block_1_117' title="bbox 2063 5469 3723 5625">
    <p class='ocr_par' dir='ltr' id='par_1_117' title="bbox 2063 5469 3723 5625">
     <span class='ocr_line' id='line_1_122' title="bbox 2063 5469 3723 5625; baseline 0.008 -33"><span class='ocrx_word' id='word_1_786' title='bbox 2063 5469 2397 5625; x_wconf 48' lang='grc' dir='ltr'><strong>ΠΗῧΞἈἛιΞᾶ</strong></span> <span class='ocrx_word' id='word_1_787' title='bbox 2432 5539 2832 5625; x_wconf 58' lang='lat' dir='ltr'><strong>geheelstrat.,</strong></span> <span class='ocrx_word' id='word_1_788' title='bbox 2866 5543 3106 5600; x_wconf 89' lang='lat' dir='ltr'><strong>Dissert.</strong></span> <span class='ocrx_word' id='word_1_789' title='bbox 3150 5546 3229 5603; x_wconf 93' lang='lat' dir='ltr'><strong>de</strong></span> <span class='ocrx_word' id='word_1_790' title='bbox 3263 5551 3528 5625; x_wconf 89' lang='lat' dir='ltr'><strong>catalog.</strong></span> <span class='ocrx_word' id='word_1_791' title='bbox 3564 5553 3723 5607; x_wconf 81' lang='lat' dir='ltr'><strong>Rom.</strong></span> 
     </span>
    </p>
   </div>
   <div class='ocr_carea' id='block_1_118' title="bbox 2061 5612 2776 5681">
    <p class='ocr_par' dir='ltr' id='par_1_118' title="bbox 2061 5612 2776 5681">
     <span class='ocr_line' id='line_1_123' title="bbox 2061 5612 2776 5681; baseline 0.008 -18"><span class='ocrx_word' id='word_1_792' title='bbox 2061 5614 2247 5680; x_wconf 88' lang='lat' dir='ltr'><strong>pont.,</strong></span> <span class='ocrx_word' id='word_1_793' title='bbox 2282 5626 2404 5681; x_wconf 88' lang='lat' dir='ltr'><strong>cap.</strong></span> <span class='ocrx_word' id='word_1_794' title='bbox 2440 5612 2494 5678; x_wconf 87' lang='lat'><strong>7,</strong></span> <span class='ocrx_word' id='word_1_795' title='bbox 2530 5630 2693 5669; x_wconf 92' lang='lat' dir='ltr'><strong>num.</strong></span> <span class='ocrx_word' id='word_1_796' title='bbox 2722 5615 2776 5669; x_wconf 92' lang='lat'><strong>7.</strong></span> 
     </span>
    </p>
   </div>
   <div class='ocr_carea' id='block_1_119' title="bbox 2057 5680 3723 5821">
    <p class='ocr_par' dir='ltr' id='par_1_119' title="bbox 2057 5680 3723 5821">
     <span class='ocr_line' id='line_1_124' title="bbox 2057 5680 3723 5821; baseline 0.007 -85"><span class='ocrx_word' id='word_1_797' title='bbox 2057 5680 2478 5821; x_wconf 48' lang='lat' dir='ltr'><strong>5,(ganlr)liss02rt.</strong></span> <span class='ocrx_word' id='word_1_798' title='bbox 2529 5685 2601 5739; x_wconf 91' lang='lat' dir='ltr'><strong>de</strong></span> <span class='ocrx_word' id='word_1_799' title='bbox 2632 5685 2818 5759; x_wconf 91' lang='lat' dir='ltr'><strong>antiq.</strong></span> <span class='ocrx_word' id='word_1_800' title='bbox 2854 5686 3020 5744; x_wconf 83' lang='lat' dir='ltr'><strong>Rom.</strong></span> <span class='ocrx_word' id='word_1_801' title='bbox 3056 5693 3226 5760; x_wconf 90' lang='lat' dir='ltr'><strong>pont.</strong></span> <span class='ocrx_word' id='word_1_802' title='bbox 3283 5695 3570 5767; x_wconf 81' lang='lat' dir='ltr'><strong>catalog.,</strong></span> <span class='ocrx_word' id='word_1_803' title='bbox 3604 5710 3723 5765; x_wconf 88' lang='lat' dir='ltr'><strong>cap.</strong></span> 
     </span>
    </p>
   </div>
  </div>
