3996 6170
260 316 349 370 545
1164 320 1642 375 DISSERTATIO
1678 320 1774 373 DE
1811 317 2106 372 DAMASO
2141 318 2236 373 ΒΤ
2272 320 2708 378 LAURENTIO.

3548 329 3656 382 546

256 451 430 513 tyrum
460 443 629 497 etiam
658 442 717 496 in
750 445 958 515 cryptis
977 447 1292 500 etcavernis
1317 446 1709 517 posita,omnes
1724 446 1890 502 eccle-
1922 447 1971 511 Α
2005 450 2103 497 aut
2133 444 2536 500 cmblematice
2566 446 2819 517 expressi
2850 447 3214 504 continentur
3240 474 3253 517 ;
3307 466 3550 521 prorsus
3585 458 3653 509 ut

257 534 357 587 sias
369 534 683 601 etregiones
709 533 883 602 Urbis,
908 549 1096 589 omnes
1112 533 1381 606 reliquias
1411 546 1464 591 et
1483 536 1693 607 titulos,
1713 552 1897 591 omnes

257 621 363 677 vias
392 624 720 694 viarumque
748 625 1069 695 distantias,
1092 634 1288 681 caetera
1314 625 1535 682 demum
1565 628 1750 683 omnia
1778 643 1895 698 per-

257 724 430 779 specta
458 713 672 768 habuit.
708 713 857 781 Quod
887 722 1068 769 autem
1100 715 1323 770 archiva
1366 716 1661 787 apostolico
1700 718 1893 786 forsan

252 803 534 871 pra’fectus
545 803 719 871 fuerit
732 801 931 859 deduci
943 804 1157 858 videtur
1167 806 1329 860 esu/iis
1342 820 1467 877 qua?
1477 805 1633 861 habet
1646 804 1712 859 de
1724 806 1895 859 Leone

252 890 432 961 Magno
464 909 477 947 :
518 914 546 940 «
578 893 678 947 Hic
722 894 853 963 fecit
897 892 1153 964 epistolas
1182 894 1394 950 mullus
1422 911 1705 965 exponens
1734 896 1896 966 [idem

252 979 568 1034 catholicam
590 990 949 1051 rectam,quae
961 981 1123 1036 hodie
1132 982 1355 1037 archivo
1369 981 1622 1037 Ecclesiae
1640 983 1896 1038 Romanae

253 1074 536 1137 tenentur;
578 1088 599 1117 ε
618 1076 672 1123 et
694 1086 767 1125 ea:
787 1071 932 1124 Actis
958 1071 1265 1128 Hormisdae
1281 1072 1437 1141 cujus
1464 1070 1691 1127 libellus
1710 1072 1894 1127 eodem

251 1160 463 1214 archiva
489 1159 797 1215 reconditus
827 1164 1061 1215 tenetur.
1090 1161 1363 1229 Quomodo
1393 1163 1542 1216 enim
1571 1166 1763 1218 auctor
1791 1163 1891 1216 Ilo-

250 1265 470 1303 manum
492 1248 779 1305 archivum
802 1251 1109 1320 citasset,ni
1129 1250 1269 1305 illud
1288 1250 1510 1306 vidisset
1524 1251 1683 1322 eique
1702 1255 1893 1321 forsan

242 1340 566 1409 praepositus
613 1338 851 1408 [uisseH
890 1339 1002 1393 Illa
1058 1356 1192 1395 sane
1246 1355 1371 1411 qua?
1425 1341 1491 1395 de
1546 1341 1894 1412 singulorum

246 1428 560 1495 pontiﬁcum
586 1426 838 1497 decretis,
873 1427 937 1482 de
966 1444 1155 1483 eorum
1183 1430 1370 1499 gestis,
1404 1430 1472 1484 de
1497 1432 1888 1502 episcoporum,

244 1514 681 1586 presbyterorum
711 1522 761 1569 et
809 1516 1167 1572 diaconorum
1209 1516 1649 1573 ordinationibus
1697 1518 1894 1588 ubique

245 1604 509 1672 afﬁrmat,
540 1604 687 1660 clare
715 1603 970 1661 indicant
996 1612 1275 1662 auctorem
1323 1608 1514 1662 omnia
1560 1622 1629 1662 ex
1674 1606 1894 1678 regestis

244 1692 457 1748 archivi
482 1694 859 1765 desumpsisse.

313 1782 510 1854 Neque
525 1783 617 1839 his
630 1789 939 1841 contentus
954 1784 1313 1840 Blanchinus
1336 1786 1637 1857 Senior(a)i
1650 1785 1889 1857 mprobo

246 1889 381 1927 sane
413 1872 612 1928 labore
643 1874 953 1946 quaesitum
991 1874 1237 1929 ulterius
1288 1876 1474 1947 pergit
1505 1892 1516 1929 :
1553 1892 1681 1947 qua:
1728 1880 1889 1943 tunc,

243 1979 369 2017 cum
403 1963 454 2017 is
485 1964 558 2017 de
588 1980 704 2035 quo
736 1963 1033 2035 loquimur
1066 1964 1389 2021 Felicianus
1420 1965 1721 2037 catalogus
1755 1982 1888 2019 con-

243 2052 499 2123 scriptus
534 2053 789 2124 primum
830 2053 958 2123 fuit,
992 2055 1340 2126 superstites
1388 2055 1447 2109 in
1501 2054 1648 2109 Urbe
1697 2059 1894 2110 essent

242 2142 581 2213 pontiﬁcum
601 2143 995 2198 Romanorum
1014 2144 1380 2214 tabulm;quae
1397 2161 1588 2200 rerum
1607 2145 1678 2199 ab
1694 2144 1893 2199 iisdem

243 2238 541 2302 gestarum
594 2232 942 2304 anaglypha,
976 2238 1349 2303 veterumque
1378 2235 1449 2289 de
1480 2235 1681 2289 eodem
1715 2251 1890 2305 argu-

243 2326 440 2376 mento
462 2321 815 2393 scriptorum
836 2323 1275 2389 commentaria,
1301 2340 1369 2378 ex
1390 2324 1605 2395 quibus
1622 2324 1889 2379 Vitarum

238 2410 668 2481 pontiﬁcalium
730 2412 910 2466 series
942 2429 975 2467 a
1005 2412 1174 2467 Petro
1219 2412 1289 2466 ad
1344 2413 1591 2468 Felicem
1643 2414 1732 2479 IV,
1774 2431 1889 2468 non

240 2500 569 2569 interrupto
586 2500 843 2555 historiae
859 2501 1245 2573 filio,perduci
1271 2508 1488 2572 posset;
1512 2520 1744 2558 rursum
1762 2520 1889 2575 qua:

232 2588 290 2642 in
322 2589 533 2658 priscis
565 2590 829 2645 ecclesiis
861 2598 916 2645 et
946 2592 1316 2660 cmmeteriis,
1350 2591 1598 2662 lapideis
1647 2593 1887 2659 tabulis,

233 2695 385 2749 quas
419 2696 451 2733 a
483 2679 671 2749 ﬁgura
709 2680 984 2750 platonias
1015 2680 1089 2751 (b)
1122 2679 1515 2751 appellabant,
1547 2681 1733 2736 incisa
1766 2686 1884 2737 tum

234 2770 429 2821 forent
460 2767 1009 2839 antiquissimorum
1040 2768 1384 2840 pontificum
1419 2775 1597 2838 Acta;
1650 2788 1779 2842 quae
1830 2772 1887 2827 in

235 2857 498 2927 ipsorum
523 2857 809 2929 sepulcris
831 2858 1452 2931 epigrammata,queis
1476 2861 1886 2931 patrias,utfit,

245 2946 651 3018 pracipuaque
700 2964 903 3003 eorum
964 2953 1148 3020 gesta,
1181 2950 1514 3005 sanctiones
1543 2951 1678 3005 item
1715 2955 1889 3021 atque

247 3035 638 3091 ordinationes
670 3036 1099 3093 ecclesiasticas
1131 3055 1436 3111 expressas
1468 3040 1649 3095 fuisse
1677 3040 1891 3095 verosi-

249 3123 554 3179 millimum
570 3130 678 3192 est;
695 3142 822 3197 qua:
838 3126 1071 3182 tandem
1090 3127 1887 3199 superessentecclesiasticm

2009 532 2591 604 quicunquelandem
2624 532 2721 589 ille
2752 534 2924 589 fuerit
2953 536 3192 590 secundi
3225 538 3468 610 catalogi
3503 542 3654 596 scri-

2008 624 2156 691 ptor,
2178 638 2244 676 ex
2257 622 2330 677 iis
2344 640 2472 693 quae
2484 622 2670 695 ipsius
2685 640 2803 678 aevo
2818 633 3154 695 supererant
3176 626 3502 700 archetypis
3527 647 3649 685 mo-

2007 713 2306 766 numentis
2338 728 2449 766 non
2484 713 2870 785 interruptam
2897 714 3319 785 pontiﬁcalium
3351 724 3647 787 gestorum

2006 800 2219 856 seriem
2253 807 2507 857 attexere
2538 803 2692 858 facili
2744 806 2974 875 negotio
3026 805 3317 875 potuerit;
3371 807 3487 861 imo
3537 810 3651 866 nisi

2006 889 2208 944 oculos
2259 890 2331 946 ab
2385 892 2573 946 ubivis
2606 892 2797 947 llomre
2829 893 3235 964 prostantibus
3265 895 3479 950 tabulis
3510 914 3649 953 con-

2006 978 2160 1033 sulto
2183 986 2437 1035 avertere
2457 979 2651 1047 vellet,
2678 998 2748 1037 ne
2770 982 2954 1037 latum
2987 983 3218 1053 quidem
3256 1000 3510 1055 unguem
3545 986 3652 1041 ali-

2006 1068 2138 1121 cubi
2170 1086 2202 1121 a
2232 1069 2472 1125 veritate
2500 1072 2746 1127 deviare.
2774 1075 2955 1142 Atque
2986 1072 3269 1127 hactenus
3301 1074 3372 1128 de
3403 1076 3649 1130 secundi

2005 1157 2349 1227 pontiﬁcum
2383 1158 2633 1229 catalogi
2662 1162 3025 1216 auctoritate.

2075 1248 2234 1311 Quod
2260 1250 2329 1302 ad
2356 1248 2729 1304 Anastasium
2761 1251 2990 1319 attinet,
3015 1250 3213 1307 missis
3236 1268 3363 1323 quae
3385 1253 3650 1309 Guilliel-

2004 1336 3649 1408 musBibliothecarius,Thritbemius,Platina,Baronius,

2002 1423 2218 1497 aliique
2242 1427 2595 1494 auctores,in
2612 1429 2739 1498 ejus
2761 1429 3324 1485 commendationem
3344 1430 3650 1503 scripsere,

2002 1513 2072 1568 de
2105 1514 2321 1586 quibus
2353 1516 2643 1572 videndus
2676 1518 2881 1573 Senior
2913 1517 3271 1573 Blanchinus
3302 1520 3393 1590 (e),
3419 1520 3651 1576 Scheel-

2002 1605 2275 1658 stratium
2333 1605 2533 1660 itidem
2574 1606 2798 1675 judicio
2830 1608 3082 1678 praedem
3118 1609 3387 1664 sistimus
3420 1610 3518 1681 (ά),
3551 1611 3653 1681 qui

2003 1690 2193 1761 primo
2219 1693 2362 1748 satis
2386 1710 2681 1766 superque
2703 1695 2958 1749 ostendit
2980 1702 3275 1751 auctorem
3306 1696 3434 1751 libri
3455 1698 3655 1753 Ponti-

2002 1779 2188 1834 ﬁcalis
2209 1785 2521 1838 Anastasio
2545 1784 2832 1850 attributi,
2858 1789 2919 1837 ut
2950 1784 3103 1839 Vitas
3135 1790 3420 1857 gestaque
3441 1791 3654 1843 Roma-

2004 1884 2211 1923 norum
2263 1871 2639 1941 praesuluma
2670 1872 2837 1926 Petro
2883 1873 3144 1942 apostolo
3190 1874 3260 1927 ad
3309 1874 3649 1930 Zachariam

2002 1956 2285 2013 scriberet
2314 1959 2485 2031 (quos
2518 1959 2669 2014 inter
2706 1959 2996 2015 Damasus
3046 1966 3245 2016 noster
3292 1965 3652 2034 recensetur)

2002 2047 2322 2102 secundum
2358 2048 2700 2119 pontificum
2733 2047 3172 2119 catalogum,de
3200 2051 3371 2120 cujus
3404 2053 3655 2107 auctori-

2003 2138 2119 2189 tate
2151 2153 2339 2207 nuper
2368 2136 2620 2208 egimus,
2654 2138 2725 2192 ad
2755 2153 2997 2192 manum
3029 2138 3328 2208 habuisse,
3363 2156 3548 2211 coque
3578 2142 3649 2197 ad

2001 2225 2459 2281 seriemillnrum
2477 2227 2843 2282 attexcndam
2870 2228 3110 2283 omnino
3127 2231 3657 2300 usum,utproinde

2000 2316 2202 2370 eadem
2236 2315 2295 2370 in
2328 2316 2436 2371 hac
2462 2320 2623 2387 parte
2650 2317 2973 2387 Anastasio,
2999 2333 3064 2372 ac
3096 2317 3383 2373 Feliciano
3415 2320 3651 2389 pontifi-

2002 2421 2135 2459 cum
2171 2406 2450 2477 catalogo,
2480 2405 2625 2460 ﬁdes
2657 2406 2983 2460 necessario
3016 2406 3348 2462 adhibenda
3379 2408 3473 2463 sit.

2072 2498 2199 2549 Mox
2231 2499 2423 2550 autem
2457 2511 2591 2549 cum
2626 2495 2779 2549 idem
2814 2500 3020 2549 auctor
3041 2512 3213 2550 suum
3238 2497 3309 2550 de
3333 2496 3653 2565 posteriore

2001 2582 2133 2637 libri
2167 2584 2520 2639 Pontiﬁcalis
2563 2589 2745 2655 parte,
2781 2584 2941 2639 Vitas
2990 2585 3215 2639 scilicet
3255 2585 3545 2640 Zachariae
3581 2587 3654 2641 ad

2002 2671 2306 2727 Nicolaum
2334 2676 2351 2727 Ι
2376 2672 3028 2742 continente,judicium
3057 2672 3655 2745 protulisset,ipsius-

2004 2778 2115 2833 que
2136 2760 2309 2816 fidem
2341 2778 2715 2833 summopere
2738 2763 3229 2829 commendasset,
3256 2768 3453 2834 utpote
3476 2780 3651 2836 quisa

2003 2850 2350 2921 syncbronis
2374 2850 2758 2922 scriptoribus
2780 2866 2849 2903 ex
2870 2849 3132 2919 antiquis
3157 2851 3423 2906 Ecclesiae
3448 2869 3655 2907 monu-

2004 2937 2209 2993 mentis
2240 2943 2415 3009 atque
2446 2938 2785 3010 apostolicis
2816 2938 3309 3011 cbartophylaciis
3340 2941 3654 3014 desumpta

2003 3027 2197 3096 fuerit,
2243 3028 2432 3099 pergit
2462 3029 2532 3082 de
2562 3028 2753 3098 priore
2801 3027 3063 3097 ejusdem
3109 3029 3465 3086 Pontilicalis
3516 3030 3653 3085 libri

2002 3122 2193 3173 tractu
2209 3117 2268 3173 in
2288 3135 2401 3189 quo
2416 3118 2705 3173 Damasus
2721 3119 3379 3173 nosterestsententiam
3397 3121 3647 3176 subinde

252 3215 1023 3270 retroactorumszeculorum
1042 3215 1297 3271 historiae
1314 3223 1891 3289 monumentaeaque
1922 3208 1964 3275 C
2004 3223 2171 3262 suam
2222 3223 2507 3279 Ρτοωθτθν
2540 3206 2816 3279 “(iniens
2848 3222 2863 3262 ³
2900 3206 3047 3261 uc“
3076 3216 3272 3261 autem
3316 3211 3475 3278 Ρνίον
3518 3225 3650 3279 Pa”

250 3303 619 3375 autographa,
637 3308 811 3375 atque
826 3305 969 3360 adeo
988 3304 1045 3359 in
1060 3310 1257 3375 aperto
1274 3307 1484 3378 posita,
1500 3311 1563 3362 ut
1577 3306 1659 3362 vel
1677 3324 1882 3379 parum

250 3393 459 3446 attento
480 3392 751 3464 scriptori
786 3393 995 3449 nullibi
1023 3411 1137 3449 non
1171 3400 1369 3452 essent
1398 3396 1629 3451 obviam
1666 3398 1879 3452 futura.

310 3482 529 3545 Quanta
549 3499 684 3537 vero
710 3482 921 3554 priscis
946 3482 1062 3538 illis
1085 3485 1447 3554 temporibus
1462 3486 1671 3541 harum
1685 3503 1881 3541 rerum

248 3583 400 3641 seges
423 3570 616 3640 fuerit,
645 3571 811 3627 facile
841 3571 1111 3641 conjiciet
1141 3573 1475 3645 quicunque
1498 3575 1669 3645 paulo
1691 3580 1880 3631 atten-

253 3656 358 3712 tius
380 3660 749 3715 considerare
771 3660 910 3715 velit
931 3677 1056 3733 qua:
1081 3678 1255 3732 nunc,
1282 3667 1411 3733 post
1432 3663 1741 3719 duodecim
1765 3665 1881 3719 sci-

253 3741 378 3799 licet
396 3747 744 3802 saeculorum
780 3746 1033 3819 lapsum,
1053 3760 1373 3820 supersunt
1390 3750 1583 3807 adhuc
1605 3751 1775 3807 nobis
1796 3768 1884 3808 ec-

253 3832 577 3891 clesiasticae
606 3837 973 3908 antiquitatis
1001 3838 1266 3909 vestigia.
1296 3844 1655 3911 Argumento
1682 3842 1817 3897 item
1852 3860 1884 3897 a

250 3924 421 3979 sacris
445 3926 709 3997 profanis
732 3928 907 3982 ducto
930 3943 1244 3999 agnoscere
1266 3929 1437 3983 etiam
1463 3930 1744 3986 debemus
1768 3931 1882 4003 pri-

249 4010 357 4066 scis
381 4014 778 4083 pontificibus,
797 4016 864 4070 ad
883 4016 1290 4072 sustinendam
1317 4022 1491 4089 atque
1515 4020 1881 4091 ampliﬁcan-

244 4098 371 4156 dam
404 4104 618 4159 snmmi
644 4104 955 4160 sacerdotii
980 4105 1350 4175 dignitatem,
1376 4124 1487 4161 non
1517 4108 1711 4163 minus
1731 4126 1880 4164 mira)

243 4189 419 4246 fuisse
447 4209 611 4248 sacra
643 4193 1130 4263 Christianorum,
1165 4195 1431 4250 Ecclesiae
1459 4196 1877 4265 ordinationes,

242 4284 383 4345 acta,
418 4281 1304 4353 functionessupremimuneris
1328 4284 1614 4355 proprias,
1650 4285 1881 4358 aliaque

242 4366 365 4435 ejus
378 4372 604 4441 generis
620 4376 1000 4427 monumenta
1014 4371 1233 4427 chartis
1249 4372 1533 4429 tabulisve
1552 4376 1883 4431 concredita

236 4453 619 4516 Romanorum
637 4460 949 4532 praisulum
970 4460 1135 4516 fastis
1149 4461 1427 4518 adnotare
1441 4479 1617 4534 quam
1633 4464 1881 4520 ethnicis

1993 3295 2372 3365 (Pontiﬁcalis
2404 3296 2627 3351 scilicet
2657 3295 2815 3366 libri)
2845 3312 2958 3350 non
2997 3298 3305 3367 conscripta
3334 3296 3408 3351 sit
3438 3298 3513 3353 ab
3544 3315 3647 3353 au-

1992 3385 2668 3458 cloribussynchronismx
2686 3401 2938 3446 ANTIQUIS
2950 3401 3135 3439 TAMEN
3152 3384 3417 3442 Romanas
3436 3386 3642 3441 ECCLE-

1993 3492 2098 3532 sm:
2127 3494 2503 3533 MONUMENTIS
2553 3494 2793 3533 murrea
2840 3493 3192 3531 CONCINNATA
3242 3494 3389 3545 rurr,
3422 3478 3553 3533 adeo
3586 3486 3647 3534 ut

1988 3583 2089 3638 pro
2115 3567 2496 3623 discernendis
2535 3570 2799 3624 Romana
2827 3567 3080 3621 Ecclesiae
3112 3566 3334 3633 ritibus,
3366 3583 3466 3638 pro
3491 3568 3645 3635 ejus-

1991 3657 2116 3713 dem
2164 3657 2462 3728 disciplina
2491 3661 2541 3712 et
2574 3657 2919 3727 dogmatibus
2967 3656 3351 3724 cognoscendis
3383 3656 3471 3712 hic
3502 3656 3646 3712 liber

1991 3748 2186 3803 merito
2197 3746 2759 3818 allegaripossit,cum
2775 3763 2846 3800 ea:
2868 3762 2932 3799 eo
2953 3745 3150 3800 horum
3172 3748 3421 3801 omnium
3440 3747 3643 3803 notitia

1992 3847 2242 3891 eruatur.
2278 3837 2370 3892 Sic
2397 3839 2547 3892 enim
2575 3836 2640 3892 de
2669 3836 2874 3891 ritibus
2899 3837 3163 3905 sacrificii
3190 3838 3288 3906 qui
3306 3837 3426 3907 jam
3454 3837 3585 3892 inde
3610 3856 3644 3893 a

1988 3927 2191 3997 primis
2212 3927 2547 3997 temporibus
2565 3928 2843 3997 eruperunt
2862 3942 2883 3986 ;
2903 3927 2955 3980 si
2973 3925 3039 3980 de
3056 3925 3509 3981 ordinationibus
3527 3929 3643 3997 epi-

1990 4031 2280 4087 scoporum
2308 4020 2363 4070 et
2393 4015 2686 4086 inferioris
2714 4014 2871 4081 olori,
2903 4030 3198 4084 eorumque
3225 4015 3468 4082 muniis;
3499 4015 3550 4069 si
3576 4016 3642 4072 de

1990 4105 2247 4175 reliquiis
2302 4113 2632 4176 martyrum,
2682 4104 2745 4159 de
2789 4103 3131 4158 invocatione
3185 4113 3528 4171 sanctorum,
3574 4105 3642 4158 de

1988 4193 2645 4264 psalmisetorationibus
2664 4194 2729 4247 ub
2745 4194 2979 4247 Ecclesia
3003 4192 3240 4248 recitari
3258 4192 3467 4253 solitis;
3498 4192 3549 4246 si
3577 4193 3642 4247 de

1990 4284 2145 4337 varia
2175 4282 2450 4354 pontiﬁcis
2474 4284 2735 4338 electione
2750 4299 2769 4343 ;
2796 4281 2846 4335 si
2865 4282 2933 4337 de
2951 4283 3220 4337 sexcentis
3243 4280 3374 4335 aliis
3395 4280 3639 4351 discipli-

1991 4388 2079 4425 na;
2104 4377 2157 4425 et
2184 4373 2507 4441 dogmatum
2548 4369 3046 4426 ecclesiasticarum
3077 4368 3350 4440 capitibus
3380 4386 3635 4442 agamus,

1990 4462 2325 4531 reperiemus
2343 4463 2584 4533 profecto
2598 4459 2657 4514 in
2671 4460 2923 4514 hoclibro
2945 4459 3259 4528 Pontiﬁcali
3269 4460 3414 4514 unde
3426 4462 3640 4515 cunctis

234 4545 361 4614 ejus
382 4550 476 4603 avi
502 4551 908 4605 sacerdotibus
933 4555 997 4604 ut
1021 4550 1334 4605 numinum
1368 4568 1608 4607 suorum
1630 4554 1879 4621 cultum,
1912 4583 1957 4647 Β
1991 4549 2533 4621 satisfiat,etquibus
2546 4550 2719 4603 modis
2735 4549 3244 4619 Eeclesiaeregimen
3259 4550 3638 4619 octopriorum

232 4633 371 4691 item
403 4644 462 4693 ut
492 4639 788 4711 propriam
817 4639 1165 4710 dignitatem
1216 4641 1496 4698 adversus
1546 4648 1877 4715 temporum

232 4722 503 4794 injuriam
527 4733 855 4784 tuerentur.
880 4728 1099 4783 Horum
1116 4733 1313 4785 autem
1335 4730 1650 4787 maximam
1668 4750 1843 4805 perpe
1868 4769 1873 4773 -

226 4814 329 4868 tuo
356 4815 532 4873 fuisse
553 4834 620 4873 ea
642 4817 699 4872 in
723 4835 782 4873 re
805 4817 1194 4890 diligentiam,
1218 4818 1529 4875 innumera
1549 4824 1700 4892 apud
1727 4823 1877 4878 Gru-

228 4903 439 4974 terum,
475 4907 836 4975 Reinesium,
867 4909 1276 4976 Muratorium,
1306 4917 1359 4964 et
1417 4909 1562 4966 alios
1612 4917 1873 4967 veterum

223 4988 681 5067 inscriptionum
732 4997 1093 5062 collectores,
1126 4998 1555 5070 epigrammata
1603 5001 1671 5055 ad
1724 5001 1874 5057 hanc

224 5079 383 5138 diem
401 5085 865 5157 exstantia,satis
888 5088 1297 5153 ostendunt,in
1319 5086 1536 5158 quibus
1564 5088 1871 5146 ﬂaminum

220 5166 758 5245 Dialium,fratrum
783 5175 1872 5249 Arvalium,lsidis,Serapidis,Mitbrae,

214 5262 392 5329 atque
404 5263 655 5319 aliorum
675 5266 877 5336 priscae
892 5265 1331 5336 superstitionis
1345 5267 1611 5324 sacerdot
1623 5286 1873 5342 um,mu-

217 5361 388 5423 nera,
409 5353 778 5427 deorumque
808 5353 1004 5411 cultus
1026 5372 1092 5410 ac
1114 5354 1264 5410 ritus
1294 5355 1572 5427 ρι’ωοὶρυὶ
1590 5359 1873 5432 graphice

284 5504 371 5575 (α)
407 5506 629 5562 Prmfat.
666 5511 808 5563 tom.
842 5507 861 5561 Ι
895 5506 1205 5569 Anastasii,
1241 5524 1274 5562 a
1305 5524 1469 5562 num.
1506 5509 1592 5563 17.

276 5577 361 5657 (b)
378 5578 985 5657 ld__est,alat_.i_tudine;
1015 5577 1226 5657 πλᾳτρς
1246 5578 1667 5657 etenimlatuni
1689 5585 1869 5657 εἰςιιὶ-

205 5645 375 5721 goat.
410 5645 658 5721 Hispani
690 5645 1020 5707 diceremUs
1079 5652 1359 5708 Va/dosas.
1392 5651 1552 5705 Alias
1603 5645 1871 5714 Plutonia

201 5716 563 5779 Cassiodor'o
583 5722 709 5795 (lib.
728 5738 788 5779 ιιι
808 5722 1049 5795 epist.9)
1068 5722 1358 5786 columnae
1383 5722 1681 5781 dicuntur.
1717 5730 1868 5786 Con-

1987 4641 2314 4697 sceculorum
2343 4644 2520 4713 spatio
2549 4638 2800 4696 constitit
2842 4640 3009 4709 [acile
3050 4639 3440 4710 conﬁciemus;
3466 4640 3547 4696 ita
3580 4646 3637 4696 ut

1987 4729 2087 4785 vix
2104 4732 2276 4785 sciam
2302 4729 2640 4800 (concludit)
2662 4747 2732 4784 an
2759 4730 2815 4783 in
2838 4732 2949 4784 tota
2972 4728 3305 4799 antiquitate
3324 4745 3456 4801 opus
3481 4731 3636 4787 aliud

1984 4822 2302 4891 reperiatur
2345 4836 2414 4874 ea:
2460 4835 2562 4892 quo
2589 4824 2712 4875 tam
2741 4818 2919 4873 multa
2948 4834 3012 4873 ac
3040 4834 3110 4874 ea:
3140 4818 3282 4873 libro
3311 4820 3637 4891 Pontiﬁcali

1984 4910 2201 4965 addisci
2225 4911 2457 4981 possint.

2057 4998 2169 5054 Nec
2184 4999 2406 5054 minore
2432 4998 2487 5051 in
2511 4998 2696 5068 pretio
2716 5016 2748 5052 a
2764 4998 2999 5053 Seniore
3021 4997 3341 5053 Blancbino
3360 4998 3628 5057 habiturn

1985 5088 2166 5143 fuisse
2199 5087 2593 5143 Pontiﬁealem
2630 5087 2869 5153 librum,
2893 5086 3432 5143 luculentissimum
3468 5090 3630 5159 ejus-

1982 5177 2115 5231 dem
2148 5176 2203 5230 in
2238 5176 2575 5248 praefatione
2598 5181 2740 5231 tom.
2767 5179 2787 5231 Ι
2811 5176 3103 5231 Anastasii
3130 5176 3202 5247 (e)
3225 5177 3626 5233 testimonium

1982 5266 2265 5334 ostendit;
2290 5282 2323 5320 a
2344 5283 2458 5338 quo
2483 5270 2759 5338 praeterea
2789 5267 3158 5322 observatum
3181 5266 3402 5323 scimus
3425 5283 3629 5340 super-

1982 5356 2149 5412 stites
2162 5355 2448 5412 hactenus
2462 5356 2655 5411 Roma:
2670 5361 2725 5411 et
2745 5357 2802 5410 in
2822 5355 3180 5412 suburbanis
3198 5356 3627 5412 Pontiﬁcalium

1983 5516 2108 5573 sule
2134 5517 2307 5571 Henr.
2340 5517 2643 5588 Stcphar..,
2675 5518 2731 5572 in
2766 5534 2830 5572 ea
2861 5534 3018 5573 voce.

2053 5591 2121 5660 (e)
2146 5589 2364 5659 Proleg.
2389 5587 2549 5644 'rom.
2580 5592 2595 5643 ῐ
2624 5592 2889 5644 Anastns.
2916 5588 3216 5653 Biblioth.,
3243 5593 3375 5659 post
3397 5587 3623 5660 Prmlat.

2052 5658 2130 5733 (ά)
2165 5658 2419 5717 υἱεδζόω
2448 5666 2566 5733 ant.
2591 5663 2755 5716 Rom.
2780 5666 2939 5733 pont.
2965 5660 3158 5730 catal,
3180 5658 3309 5732 cap.
3328 5662 3382 5726 9,
3408 5676 3459 5714 a.
3486 5674 3543 5712 n.
3568 5658 3621 5713 l.

2052 5664 2109 5725 (ά
2165 5663 2312 5715 Diss.
2348 5663 2419 5717 de
2448 5666 2566 5715 ant.
2591 5663 2755 5716 Rom.

2050 5663 2130 5803 (ei
2154 5733 2197 5787 A
2230 5748 2395 5789 num.
2430 5732 2654 5790 scilicet
2682 5733 2771 5787 31.
