3996 6170
395 261 504 313 547

1238 261 1588 317 ADDENDA
1627 261 1723 319 AD
1760 259 2099 321 QUOSDAM
2135 262 2671 324 PRECKDENTRS
2706 266 2967 323 TOHOS-
3632 272 3721 329 548

399 386 860 452 ordinationum,
886 384 1313 440 dedication‘um
1344 384 1738 450 basilicarum,
1764 383 2041 439 aliarum-
2073 388 2127 451 Α
2158 392 2333 445 octavi
2372 390 2605 448 initium
2630 392 2681 446 is
2704 394 2906 447 auctor
2927 389 3113 460 vixit),
3138 408 3249 447 non
3277 392 3727 462 injuriaaSchsel-

399 493 512 548 que
546 476 600 529 id
635 491 820 545 genus
847 473 1373 529 ecclesiasticarum
1402 474 1769 529 iunctionum
1790 474 2044 542 tabulas,

310 564 316 569 ⁷
397 581 544 636 quas
567 563 692 635 ipse
713 580 839 616 cum
863 562 1174 619 Anastasio
1192 562 1643 633 diligentissime
1667 563 2046 631 contulit,mi-

396 656 555 709 ritice
586 654 766 723 hujus
796 652 1074 709 doctrina:
1105 668 1449 723 congruere,
1491 652 1547 707 id
1600 653 1753 723 quod
1806 653 1863 706 in
1916 652 2045 707 aliis

395 745 570 799 etiam
595 758 847 813 quorum
871 740 1376 811 comprobationes
1400 759 1515 796 non
1539 740 1832 797 habentur
1858 742 2046 797 incor-

394 837 629 903 ruptam
644 830 939 885 Anastasii
957 830 1128 884 fidem
1155 828 1827 895 contirmat,multoitcm
1852 829 2046 899 plures

394 937 570 990 quam
596 935 752 973 nunc
766 918 1174 974 ecclesiasticae
1191 917 1561 988 antiquitatis
1577 917 1854 989 reliquias
1869 918 2047 989 hujus

396 1010 655 1066 auctoris
687 1026 803 1065 aevo
832 1009 886 1063 in
912 1008 1063 1064 Urbe
1096 1010 1479 1079 superfuisse,
1507 1014 1571 1064 ut
1604 1010 1845 1080 proinde
1878 1026 1945 1063 ex
1976 1009 2047 1063 iis

395 1105 623 1154 tantum
638 1098 762 1165 ,etsi
786 1099 901 1152 alia
918 1098 1243 1157 defuissent
1265 1097 1482 1165 omnia,
1507 1097 1765 1169 priorum
1784 1098 2046 1155 Ecclesiae

396 1189 745 1245 saeculorum
794 1187 1073 1245 historica
1122 1187 1301 1242 series
1355 1195 1649 1258 utcunque
1700 1188 2047 1253 continuari,

395 1279 602 1334 saltem
655 1276 917 1348 suppleri
949 1282 1121 1346 atque
1151 1276 1416 1345 adjuvari
1451 1277 1771 1347 plurimum
1808 1282 2043 1346 posset;

395 1366 582 1436 iisque
596 1366 838 1421 omnino
862 1366 1263 1421 monumentis
1281 1382 1453 1420 usum
1473 1364 1799 1421 fuisselibri
1816 1366 2047 1423 Pontifi-

395 1457 539 1513 calis
571 1466 887 1512 auctorem.

465 1546 692 1601 Nollem
713 1545 785 1599 cl.
802 1544 1011 1600 Joanni
1030 1544 1465 1615 Ciampinioqui
1487 1544 1657 1615 paulo
1672 1550 1803 1600 ante
1818 1545 2047 1600 Scheel-

394 1634 1038 1703 stratium(a)E:camen
1090 1632 1226 1689 libri
1280 1633 1621 1702 Pantiﬁcalis
1668 1650 1735 1687 ex
1785 1635 2046 1705 professo

396 1725 729 1795 scripserat,
759 1724 952 1777 Romen
986 1722 1141 1793 typis
1172 1724 1397 1777 editum
1428 1741 1581 1779 anno
1616 1726 1770 1792 i688,
1793 1724 2048 1795 injurias
2080 1757 2126 1821 B

394 1832 544 1880 esse,
569 1816 817 1885 ejusque
830 1813 939 1868 hac
957 1814 1027 1869 de
1041 1829 1100 1869 re
1116 1813 1469 1869 sententiam
1494 1815 1707 1870 tacitus
1731 1815 2046 1885 praeterire.

398 1904 822 1976 Expenderatis
838 1910 1093 1957 veterum
1129 1901 1407 1957 Codicum
1434 1901 1774 1958 collationes
1806 1904 1878 1958 ab
1910 1903 2047 1958 Hol-

394 1995 583 2049 stenio
600 1992 1246 2062 factas,momentisque
1260 1992 1551 2049 rationum
1567 1994 1840 2048 omnibus
1858 1994 2047 2049 denuo

394 2086 505 2141 sub
538 2084 823 2141 trutinam
858 2082 1162 2150 revocatis,
1187 2083 1245 2137 in
1279 2082 1401 2137 haec
1431 2085 1605 2138 verba
1636 2101 1944 2140 censuram
1978 2085 2049 2139 de

392 2178 541 2232 libro
573 2174 896 2231 Pontiﬁcali
922 2191 1092 2229 suam
1126 2175 1344 2244 profert
1373 2175 1487 2243 (b):
1518 2174 1897 2231 Verumtanem
1923 2175 2047 2231 licet

394 2286 427 2323 a
447 2268 699 2340 pluribus
717 2273 1012 2320 exaratum
1043 2264 1289 2319 Cadiccm
1324 2269 1693 2320 Romanorum
1724 2267 2044 2336 ponti/icui):

393 2357 795 2423 existimemus,
825 2353 1197 2408 nihilominus
1226 2359 1287 2407 ut
1311 2355 1650 2423 autographa
1679 2355 2045 2424 genuinisque

389 2448 683 2518 scripturis
700 2451 958 2512 excerpta
980 2446 1284 2498 maximam
1304 2458 1369 2497 ac
1389 2460 1663 2497 summam
1684 2443 1844 2513 ﬁdem
1868 2444 2043 2499 eidem

390 2536 699 2591 habendam
724 2550 842 2589 esse
867 2548 1172 2599 censemus,
1198 2531 1477 2602 praecipue
1496 2548 1625 2586 cum
1645 2541 1865 2603 propter
1893 2535 2042 2588 anti-

390 2618 661 2697 quitatem
674 2626 902 2680 eximiae
922 2622 1296 2677 venerationis
1309 2621 1848 2692 sit,constantemque
1861 2622 2044 2680 histo—

388 2717 538 2771 riam
567 2717 869 2781 contineat,
896 2729 1062 2783 quam
1093 2720 1166 2767 tot
1194 2712 1519 2767 szecularum
1563 2728 1831 2767 consensu
1862 2714 2043 2768 Eccle-

390 2806 478 2860 sia
507 2803 729 2874 recepit,
762 2805 945 2873 utpote
992 2816 1120 2872 quae
1169 2800 1378 2855 litteris
1426 2799 1752 2868 consignata
1794 2800 1975 2873 fuerit
2014 2819 2047 2856 a

391 2893 760 2964 scriptoribus
789 2892 886 2962 qui
916 2890 999 2944 vel
1026 2889 1396 2960 pontificibus,
1428 2905 1662 2960 quorum
1707 2900 1858 2959 gesta
1904 2892 2045 2945 scri-

391 2998 569 3055 psere,
600 2983 784 3050 cowvi,
815 2980 896 3035 vel
918 2980 1091 3050 paulo
1129 2979 1382 3050 juniores
1410 2980 1662 3048 fuerunt.
1698 2979 1825 3035 Ilaec
1853 2980 2044 3035 Ciam-

398 3071 615 3143 pinius.

462 3164 577 3214 Nec
607 3157 845 3213 defuere
865 3172 935 3211 ex
964 3155 1111 3228 ipsis
1143 3154 1517 3210 heterodoxis
1557 3154 1912 3210 cordatiores
1944 3154 2044 3225 qui

390 3246 791 3303 Pontiﬁcalem
806 3246 1018 3300 librum
1038 3261 1150 3299 non
1167 3243 1391 3315 vulgari
1405 3242 1591 3315 elogio
1607 3244 2047 3299 commendave-

393 3338 531 3402 rint,
557 3340 622 3390 ut
646 3352 753 3390 suo
785 3335 910 3389 loco
940 3334 1226 3389 dicemus.
1257 3334 1483 3387 Interea
1500 3348 1635 3386 vero
1668 3331 1816 3386 nihil
1847 3348 2045 3389 mora-

392 3422 1028 3491 murPearsonium(c),
1044 3421 1369 3476 Molinaeum
1393 3419 1490 3491 (εἰ),
1512 3419 1934 3490 Hospinianum
1950 3420 2042 3491 (e),

392 3510 761 3569 Dodwellum
794 3512 865 3579 (Γ)
896 3513 954 3563 et
1002 3508 1050 3563 si
1097 3508 1198 3578 qui
1250 3512 1390 3563 sunt
1431 3507 1529 3563 alii
1591 3508 1765 3577 hujus
1818 3510 2044 3565 ordinis

390 3601 519 3665 viri,
551 3614 804 3668 quorum
828 3598 1029 3667 jecora
1059 3594 1284 3650 difficili
1316 3596 1371 3649 in
1405 3595 1551 3650 ritus
1614 3596 2042 3654 ecclesiasticos

393 3688 509 3743 bile
538 3685 828 3742 tumentia
857 3685 1017 3740 virus
1062 3684 1397 3739 acerbitatis
1428 3700 1550 3741 suae
1576 3684 1635 3739 in
1670 3687 2041 3743 Anastasium

389 3776 647 3847 librique
678 3771 1036 3829 Pontiﬁcalis
1068 3776 1365 3829 auctorem
1391 3778 1692 3839 evomunt,
1726 3785 2043 3845 suspectum

390 3880 514 3921 eum
526 3862 869 3934 scriptorem,
893 3864 943 3915 et
957 3876 1142 3915 rerum
1161 3868 1443 3931 statusque
1452 3860 1758 3931 primitiuae
1783 3862 2042 3925 Ecclesiae

387 3969 613 4025 prorsus
634 3955 919 4021 ignarum,
940 3952 1145 4020 quique
1161 3966 1231 4005 ea:
1251 3951 1479 4006 vetustis
1505 3951 1729 4021 quidem
1749 3954 2038 4023 scripturis

388 4043 716 4115 apocryphis
760 4041 967 4095 librum
992 4056 1155 4094 suum
1185 4041 1664 4095 consarcinauerit
1696 4041 2035 4112 vocitantes,

390 4134 807 4202 atrocibusque
839 4134 1155 4200 utrumque
1183 4129 1458 4184 conviciis
1493 4130 1948 4199 proscimlentes.

459 4224 574 4279 Hos
609 4237 833 4289 omnes,
871 4224 1077 4290 praeter
1124 4218 1515 4289 Ciampinium
1551 4222 1647 4287 (g),
1679 4220 2037 4276 scheelstra-

386 4310 895 4380 tiusiisipsisquae
915 4309 1087 4363 modo
1110 4307 1423 4362 retulimus
1447 4309 1811 4379 argumentis
1842 4311 2035 4381 exagi-

385 4406 500 4469 tat;
532 4397 846 4454 Pearsonio
869 4414 1002 4452 vero
1027 4400 1172 4467 quod
1205 4396 1342 4451 libri
1373 4398 1727 4467 Pontiﬁcalis
1758 4408 2034 4453 auctorem

2156 480 2362 533 stratio
2395 480 2855 549 reprehenditur,
2880 480 3035 550 quod
3058 479 3189 534 libri
3224 482 3542 540 Pontiﬁcalis
3568 495 3727 544 aucto~

2158 582 2277 620 rem
2298 573 2472 624 status
2499 570 2807 639 primitiuae
2830 568 3079 625 Ecclesiae
3100 586 3319 639 Prorsus
3347 574 3583 643 ignarum
3609 576 3730 631 dise-

2157 655 2250 720 rit,
2268 657 2507 727 ignarus
2530 658 2784 728 profecto
2809 658 2933 729 ipse
2956 675 3073 727 qua
3095 658 3324 717 demum
3349 667 3499 717 astate
3520 663 3735 720 floruerit

2157 743 2287 799 libri
2314 746 2670 803 Pontiﬁcalis
2694 754 2895 803 auctor
2920 765 2932 802 :
2968 748 3403 819 Quandoquidem
3428 761 3593 806 autem
3610 756 3734 823 (per-

2157 834 2241 904 git
2267 835 2739 906 Scheelstratius)
2762 837 2965 893 86801110
2993 837 3107 907 iam
3140 854 3374 893 summa
3393 839 3654 909 (sphalnia
3668 847 3738 896 est

2157 923 2641 993 typographicum
2671 940 2774 995 pro
2800 925 2973 993 sexta)
2995 925 3129 979 libri
3151 926 3473 993 Ponti/icalis
3500 933 3740 983 auctorem

2154 1010 2439 1081 scripsisse
2461 1011 2797 1068 Pearsonius
2816 1016 3041 1083 fatetur,
3066 1014 3259 1073 melius
3271 1014 3334 1069 de
3347 1016 3574 1071 Romana
3591 1017 3742 1072 Eccle-

2156 1098 2263 1168 sia,
2285 1101 2508 1171 ejusque
2522 1101 2853 1172 disciplina,
2877 1103 3079 1165 ritibus
3107 1106 3159 1158 et
3182 1102 3303 1171 ﬁde,
3328 1102 3629 1161 instructum
3644 1122 3744 1159 eum

2153 1190 2326 1258 fuisse
2372 1207 2538 1260 quam
2577 1191 2892 1249 novissimis
2941 1192 3271 1263 temporibus
3301 1198 3470 1261 natas,
3500 1210 3750 1261 agnoscere

2156 1293 2364 1349 quoque
2392 1279 2681 1341 debuisset.

2228 1367 2359 1423 Scio
2409 1368 2590 1425 fuisse
2639 1370 2813 1426 etiam
2846 1386 2914 1426 ex
2943 1369 3247 1427 catholicis
3284 1369 3646 1441 scriptoribus
3671 1371 3752 1441 qui

2158 1455 2294 1512 lihri
2352 1459 2712 1521 Pontificslis
2772 1465 2945 1532 atque
2999 1460 3294 1518 Anastasii
3323 1459 3634 1519 auctoritati
3660 1476 3752 1514 non

2158 1562 2364 1614 parum
2380 1548 2707 1607 detractum
2724 1548 3153 1611 voluere-Bima
3168 1549 3320 1619 apud
3340 1548 3489 1604 Ciam
3501 1548 3756 1619 piniumli)

2160 1632 2354 1688 videre
2386 1634 2539 1701 licet,
2576 1654 2720 1707 quos
2752 1654 2855 1708 ego
2890 1642 3080 1692 tamen
3128 1638 3367 1694 honoris
3415 1654 3583 1693 causa
3627 1642 3757 1691 taceo

2159 1723 2351 1778 sciens
2384 1724 2728 1797 labensque.
2753 1727 2831 1785 Ex
2855 1727 2949 1782 his
2971 1726 3117 1781 alter
3146 1743 3158 1782 :
3193 1728 3525 1796 Pantificum
3557 1728 3682 1781 l'itas
3708 1724 3760 1778 ab

2158 1812 2448 1869 Anastasio
2468 1814 2867 1885 deformataset
2879 1815 3576 1885 allucinationibusplenas
3598 1832 3615 1869 :
3642 1814 3763 1869 alter

2159 1916 2290 1955 vero
2336 1903 2586 1959 eumdem
2630 1915 2910 1960 auctorem
2954 1904 3261 1975 [wdissima
3310 1904 3611 1959 adulatione
3653 1918 3765 1971 erga

2157 1992 2441 2047 Nicolaum
2470 1994 2496 2048 ι
2516 1995 2831 2063 pontiﬁcem
2872 2010 3032 2055 usum
3059 1996 3239 2065 fuisse
3270 1994 3540 2049 afﬁrmat.
3584 1992 3764 2046 Verum

2158 2086 2476 2153 utrumque
2499 2082 2787 2155 iniquiore
2812 2099 2950 2154 erga
2970 2084 3351 2145 Anastasium
3380 2084 3569 2145 animo
3592 2082 3765 2148 luisse,

2157 2169 2322 2225 facile
2353 2171 2623 2241 conjiciat
2653 2173 2990 2243 quicunque
3020 2189 3053 2227 a
3083 2172 3420 2244 Ciampinio
3453 2172 3651 2226 ibidem
3682 2184 3767 2240 pro

2152 2260 2459 2317 Anastasio
2482 2260 2655 2316 allata
2686 2261 2833 2315 liber
2854 2278 2887 2316 a
2912 2261 3169 2332 partium
3203 2262 3401 2325 studio
3430 2260 3767 2316 considerare

2154 2349 2309 2403 velit.
2342 2353 2469 2419 Ipse
2502 2367 2633 2405 vero
2668 2351 2749 2403 uti
2780 2367 2896 2405 non
2930 2366 3216 2421 negavero
3279 2349 3531 2420 plurima
3561 2349 3613 2403 in
3644 2354 3770 2402 Ana-

2153 2440 2328 2495 stasio
2355 2439 2735 2510 deprehendi,
2764 2439 2844 2494 vel
2872 2439 2943 2494 ab
2975 2455 3063 2507 eo,
3091 2456 3221 2510 quas
3266 2441 3523 2496 humana
3550 2437 3772 2492 conditio

2152 2534 2258 2597 est,
2277 2528 2440 2584 initio
2463 2544 2670 2599 parum
2694 2527 3118 2597 animadversa,
3144 2528 3233 2583 vel
3266 2527 3660 2599 exemplorum
3682 2542 3781 2582 cre-

2154 2619 2361 2674 britate
2405 2618 2475 2672 ab
2524 2617 2873 2689 antiquariis
2928 2618 3283 2686 deformata,
3316 2617 3466 2672 tanti
3516 2622 3697 2671 tamen
3729 2618 3779 2669 ut

2156 2706 2375 2778 praefati
2409 2712 2677 2763 auctores
2707 2707 3071 2763 contendunt
3096 2707 3374 2762 facienda
3398 2704 3634 2761 minime
3661 2702 3788 2759 arbi-

2155 2802 2295 2852 tror.
2320 2796 2519 2866 Neque
2541 2795 2589 2851 si
2610 2796 2957 2852 Anastasius
2981 2796 3040 2851 in
3062 2795 3289 2857 Nicolai
3320 2796 3367 2858 l,
3396 2810 3569 2866 quem
3601 2793 3787 2849 nedum

2157 2885 2451 2943 communi
2485 2903 2769 2956 supremas
2792 2884 3123 2956 dignitatis,
3148 2887 3253 2945 sed
3280 2883 3519 2956 proprio
3541 2880 3791 2941 clientelis

2149 2976 2282 3045 jure
2298 2992 2361 3033 ac
2375 2975 2572 3030 debito
2597 2975 2839 3031 revereri
2865 2974 3088 3043 debuit,
3116 2973 3330 3030 laudes
3346 2973 3645 3043 aliquanto
3673 2970 3794 3024 libe-

2159 3062 2282 3117 rius
2306 3061 2753 3134 excurrit(quod
2781 3061 3165 3133 scriptoribus
3186 3060 3459 3117 solemne
3480 3065 3569 3115 est
3591 3059 3646 3112 in
3676 3071 3797 3112 nun-

2073 3113 2118 3185 C
2157 3113 3173 3222 s1;s;;.;;,;;.;.;;asegistis,
3188 3113 3424 3205 esse
3439 3113 3663 3217 eidem,
3686 3160 3796 3217 pro-

2157 3247 2354 3312 pterea
2384 3238 2623 3312 palpum
2657 3238 2981 3296 obtrusisse
3003 3241 3353 3301 censendus
3378 3242 3488 3294 est.
3512 3237 3618 3293 Sed
3639 3236 3704 3291 de
3720 3233 3798 3288 his

2157 3346 2264 3386 nos
2295 3328 2461 3389 alias.

2230 3421 2457 3475 Interea
2477 3435 2629 3486 vero,
2656 3422 2720 3474 ut
2757 3434 2788 3474 e
2818 3416 3168 3473 diverticulo
3202 3418 3267 3473 in
3301 3417 3463 3477 viam
3498 3416 3799 3480 redeamus,

2156 3509 2428 3581 nuspiam
2452 3509 2579 3580 ipse
2599 3508 2807 3564 adduci
2826 3512 3023 3578 potero
3041 3510 3105 3561 ut
3119 3508 3371 3565 credam
3387 3504 3799 3566 Terribilinum,

2152 3598 2349 3655 etsiab
2363 3598 2492 3669 ejus
2516 3596 2783 3669 partibus
2809 3595 3083 3652 Merenda
3107 3596 3371 3666 steterit,
3395 3594 3685 3667 prioribus
3706 3589 3800 3645 illis

2151 3705 2299 3759 quos
2326 3688 2495 3743 modo
2515 3686 2964 3741 confutabamus
2987 3684 3404 3753 heterodoxis,
3428 3690 3534 3743 aut
3555 3679 3803 3756 posterio-

2152 3776 2314 3832 ribus
2328 3776 2420 3830 his
2433 3774 2736 3832 catholicis
2755 3772 3139 3844 scriptoribus
3152 3775 3527 3841 consentire;
3544 3770 3804 3831 cautiores

2150 3870 2349 3920 tamen
2376 3863 2581 3920 vellem
2615 3862 3041 3920 ecclesiasticos
3087 3864 3437 3933 praesertim
3471 3863 3646 3929 viros,
3678 3873 3802 3930 quos

2151 3955 2393 4025 proinde
2426 3956 2642 4011 nedum
2668 3952 3068 4024 scopulos,sed
3097 3958 3155 4006 et
3173 3952 3483 4009 allidendi
3504 3950 3792 4006 discrimen

2147 4044 2437 4100 devitasse
2454 4044 2811 4100 tutissimum
2839 4042 3066 4097 fuisset.
3092 4041 3223 4097 Non
3252 4043 3423 4098 enim
3449 4042 3549 4098 hic
3572 4038 3732 4097 nobis
3748 4036 3804 4090 de

2148 4133 2301 4203 lana,
2328 4134 2481 4205 quod
2507 4134 2691 4199 aiunt,
2717 4132 2957 4203 caprina
2982 4148 3177 4188 sermo
3207 4136 3328 4199 est,
3358 4148 3474 4188 neu
3503 4128 3797 4201 quaerimus

2147 4228 2291 4293 quot
2322 4224 2545 4278 hiemes
2579 4222 2803 4277 Laerlis
2834 4222 3041 4276 errarit
3072 4238 3248 4292 puer,
3286 4220 3485 4281 aliave
3520 4224 3800 4292 poetarum

2146 4311 2361 4367 fabulis
2392 4313 2619 4367 decora.
2647 4315 2890 4365 Summa
2921 4311 3101 4364 ferme
3137 4310 3449 4365 universae
3484 4307 3802 4381 pontiﬁcum

2145 4401 2402 4456 historiae
2417 4401 2472 4454 in
2490 4401 2668 4456 dubio
2679 4404 2768 4455 est
2789 4417 2801 4466 ;
2836 4401 3024 4470 deque
3039 4415 3105 4453 ea
3119 4398 3315 4454 simul
3331 4404 3566 4455 statuet
3579 4396 3806 4470 quicun-

387 4491 658 4543 incertum
686 4486 879 4541 saeculi
898 4502 950 4538 v1
969 4485 1297 4554 scriptorem
1314 4484 1566 4551 dixisset,
1594 4503 1708 4540 non
1733 4486 2034 4558 illepidum
2065 4478 2114 4544 Β
2146 4491 2506 4561 quetandem
2521 4488 3029 4560 secundicatalogi
3045 4492 3229 4558 atque
3244 4482 3805 4544 Anastasiiauctori-

386 4580 664 4645 praeterea
709 4572 969 4628 subcinit
999 4572 1389 4641 epiphonema
1422 4573 1520 4641 (h).
1554 4573 1699 4627 Cum
1730 4576 1941 4631 etenim
1978 4576 2035 4630 in

389 4661 1022 4735 designandaauctoris
1035 4660 1162 4728 ejus
1182 4659 1495 4714 libriastate
1511 4663 1776 4716 nonnihil
1792 4664 2035 4720 humani

385 4769 597 4823 passus
633 4748 985 4805 Pearsonius
1018 4748 1225 4802 fuisset
1256 4756 1389 4809 (non
1425 4750 1578 4803 enim
1611 4759 1784 4820 sexta,
1821 4758 1883 4806 ut
1912 4754 2037 4824 ipse

384 4844 593 4911 aiebat,
616 4841 841 4908 saeculo,
862 4839 963 4894 sed
996 4842 1243 4893 exeunte
1272 4841 1518 4910 septima,
1542 4844 1598 4894 et
1628 4839 1895 4895 fortassis
1926 4842 2036 4895 sub

455 4949 530 5018 (al
553 4945 908 5018 Blanchinus
957 4943 1157 5018 senior
1177 4946 1262 5018 (In
1284 4946 1647 5018 praefatione,
1668 4948 1807 5001 Tam.
1835 4948 1860 5001 I
1885 4949 2034 5002 Ana-

382 5015 560 5087 stasii)
590 5018 783 5073 innuit
813 5015 1291 5071 Scheelstratium
1318 5017 1690 5089 quatriennic
1712 5018 2032 5089 postJoan.

382 5089 802 5172 Ciampin‘ium,
826 5104 978 5172 anno
1000 5088 1555 5172 nempe1692,opus
1577 5088 1751 5145 suum
1767 5090 2035 5172 Antiqui-

383 5163 524 5217 tatis
544 5159 945 5217 ecclesiasticae
970 5159 1223 5213 edidisse
1248 5176 1261 5223 ;
1297 5159 1456 5229 quod
1478 5167 1534 5214 et
1553 5178 1752 5216 verum
1777 5167 1864 5216 est
1887 5159 1940 5215 si
1960 5163 2028 5216 ad

382 5238 703 5289 Romanam
730 5232 857 5301 ejus
870 5230 1405 5303 cperisEditionem
1426 5232 1738 5303 multiplici
1760 5233 2033 5288 disserta-

380 5306 539 5361 tione
572 5311 746 5373 atque
775 5301 1199 5373 appendicibus
1219 5308 1449 5357 auctam
1476 5301 1800 5360 referamus
1825 5324 1837 5372 ;
1873 5304 2028 5359 idem

382 5383 579 5432 tamen
614 5372 762 5445 opus
796 5372 1178 5442 Antiquitatis
1210 5372 1613 5429 ecclesiastica:
1661 5377 1848 5431 multo
1898 5375 2034 5430 licet

382 5444 739 5503 contractius
766 5444 1095 5517 Antucrpias
1119 5460 1396 5499 excusum
1424 5447 1648 5517 pridem
1673 5448 1860 5504 fuerat
1879 5464 2030 5503 anno

382 5535 592 5590 nempe
624 5516 1024 5590 1678,__forma,
1060 5520 1130 5590 ut
1151 5522 1378 5590 vocant,
1415 5516 1639 5587 quarta.

452 5586 762 5661 (blExam.
793 5586 905 5661 lib._
931 5586 1251 5661 Pontiﬁcal.
1285 5586 1546 5661 sectI11,
1578 5605 1709 5660 pag.
1744 5590 1868 5646 407.

452 5657 519 5732 (ε)
548 5662 786 5717 Dissert.
811 5676 853 5726 ι,
876 5658 948 5714 de
969 5657 1119 5713 serie
1148 5660 1315 5715 Rom.
1341 5657 1725 5733 pontifu'ce'p.
1757 5663 1844 5729 12,
1878 5682 1937 5720 n.
1971 5667 2028 5733 8,

2145 4580 2249 4634 tati
2264 4580 2591 4634 detractum
2606 4578 2762 4633 velit.
2778 4578 2986 4649 Agitur
2999 4577 3157 4633 enim
3180 4578 3529 4649 inutroque
3552 4578 3659 4633 hoc
3678 4574 3805 4629 libro

2149 4669 2218 4723 de
2240 4668 2418 4739 gestis
2452 4673 2846 4725 Romanorum
2870 4667 3219 4736 pontiﬁcum
3258 4669 3468 4738 deque
3490 4665 3807 4723 earumdem

2149 4757 2330 4823 Actis,
2392 4756 2888 4824 ordinationibus,
2948 4755 3254 4823 decretis;
3311 4758 3389 4812 de
3451 4753 3675 4811 summi
3725 4766 3803 4806 sa-

2147 4847 2389 4902 cerdotii
2444 4846 2812 4912 auctoritate,
2873 4846 2943 4899 de
2997 4845 3188 4900 sacris
3256 4846 3544 4918 reliquiis
3603 4850 3660 4899 et
3706 4856 3821 4914 pre.

2146 4970 2240 5024 ap.
2266 4951 2769 5024 Scheelstratium,
2789 4950 3042 5024 Diss._de
3072 4951 3404 5024 catalogis,
3442 4968 3578 5024 cap.
3605 4951 3659 5024 8,
3692 4965 3746 5004 n.
3773 4944 3816 4998 4.

2183 5021 2295 5106 ξω)
2320 5026 2426 5096 Ap.
2463 5022 2770 5094 Ciampin.,
2820 5022 2879 5077 in
2931 5021 3131 5078 Exam.
3161 5021 3537 5093 libfPOnt,
3564 5023 3663 5078 ubi
3709 5033 3822 5091 pro-

2141 5113 2316 5151 lee.

2216 5113 2316 5236 ἒξ.
2342 5171 2415 5247 [)e
2466 5166 2622 5248 orig.
2676 5164 2969 5234 Templor.
3021 5164 3124 5218 lib.
3182 5181 3255 5231 II,
3294 5182 3436 5239 cap.
3476 5165 3570 5236 14,
3602 5163 3708 5238 §7,
3737 5176 3818 5231 ap.

2140 5238 2453 5308 Ciampin.,
2488 5238 2587 5291 ubi
2620 5253 2782 5306 prox.

2211 5309 2280 5377 (Γ)
2305 5306 2603 5363 Dissertat.
2620 5309 2691 5362 de
2714 5306 2933 5379 paucit.
2953 5311 3222 5378 martyru
3237 5324 3324 5370 m,
3343 5308 3514 5379 apud
3542 5306 3819 5367 Βαίου-ι..

2140 5380 2299 5450 praef.
2336 5378 2405 5433 ad
2438 5381 2580 5433 Acta
2612 5385 2783 5433 mart.
2820 5378 3069 5445 sincera,
3103 5394 3249 5449 pag.
3277 5380 3381 5435 67.

2233 5452 2287 5519 g)
2317 5454 2459 5522 Sect.
2499 5452 2587 5514 12,
2620 5468 2748 5521 pag.
2788 5451 2909 5505 108.
3268 5520 3274 5522 Α
3698 5520 3714 5522 _
3776 5515 3785 5522 .

2231 5522 2287 5593 ἡ)
2315 5521 2462 5578 Diss.
2487 5522 2558 5577 de
2580 5520 2893 5579 antfRom.
2927 5524 3090 5591 pont.
3114 5520 3333 5589 catal.,
3364 5523 3659 5594 cap.9,n.
3689 5520 3741 5584 9,
3774 5520 3824 5567 in

2183 5612 2270 5737 n(i)
2298 5664 2498 5721 Exam.
2531 5664 2633 5722 lib.
2662 5667 2854 5734 Dant,
2887 5666 3027 5723 sect.
3062 5663 3147 5731 12,
3186 5678 3343 5736 pag.
3385 5665 3519 5721 108.
