3996 6170
461 293 572 348 555

1303 295 1649 349 ADDENDA
1690 294 1788 348 AD
1826 289 2168 358 QUOSDAM
2207 289 2740 346 PRECEDENTES
2774 290 3030 347 TOMOS.

3699 307 3785 362 556

462 421 535 475 de
559 434 676 491 quo
693 419 925 490 agimus
946 421 1217 474 exaratus
1249 417 1377 473 fuit.
1403 417 1578 489 Atqui
1608 416 1950 473 Anastasius
1981 417 2112 486 post
2141 415 2194 481 Α
2225 415 2406 470 cturis
2437 415 2944 485 conferre,nedum
2977 419 3321 488 postponere
3349 421 3785 498 audeat,iniquum

464 509 767 565 sublatum
799 524 829 564 e
859 508 1003 563 vivis
1030 508 1327 563 Nicolaum
1357 512 1398 576 Ι,
1434 510 1602 579 cujus
1652 507 1902 563 subinde
1932 505 2109 560 vitam

459 605 738 674 gestaque
768 598 1078 668 scripsisse
1109 597 1333 670 pridem
1367 599 1727 666 dicebamus,
1763 598 1820 652 id
1849 601 1958 662 est,
1979 598 2112 666 post

462 705 683 745 annum
705 689 831 756 867,
850 687 1203 742 Pontiﬁcalis
1217 687 1348 742 libri
1366 687 1764 742 collectionem
1783 684 2110 750 adornavit,

463 778 785 851 utproinde
821 776 1381 847 catalogiauctorem
1418 781 1567 832 totos
1598 774 2108 847 quadragintaan-

460 885 567 923 nos
598 867 907 922 Anastasio
939 866 1331 936 antiquiorem
1363 866 1545 922 fuisse
1579 880 1814 920 necesse
1844 864 1938 919 sit.

531 958 694 1022 Quod
720 957 790 1011 ad
814 957 1137 1011 secundum
1159 956 1501 1028 pontiﬁcum
1529 956 1851 1026 catalogum
1883 959 2110 1026 spectat

457 1048 516 1102 id
537 1064 722 1103 unum
754 1047 1104 1101 Terribilino
1131 1046 1690 1114 assentiar,nullum
1720 1045 1886 1100 nobis
1909 1049 2107 1099 aucto-

460 1152 584 1190 rem
616 1151 920 1206 superesse
952 1135 1051 1206 qui
1084 1143 1215 1190 ante
1247 1152 1382 1190 eum
1415 1134 1745 1206 catalogum
1791 1139 2107 1189 Damasum

459 1226 786 1295 Hispanum
820 1222 1050 1292 dixerit,
1075 1223 1282 1279 saltem
1316 1242 1348 1278 a
1381 1241 1472 1279 me
1491 1224 1775 1279 hactenus
1807 1223 2063 1294 ignorari
2091 1242 2106 1291 ;

455 1329 660 1368 verum
684 1313 732 1367 si
758 1328 825 1367 ea
843 1312 1157 1368 recolimus
1182 1329 1309 1383 qua
1334 1314 1404 1367 de
1426 1313 1580 1368 Actis
1607 1315 1793 1368 Romae
1818 1313 2106 1384 supersti-

436 1402 618 1456 tibus
640 1402 750 1457 sub
773 1401 1008 1456 initium
1033 1400 1449 1473 szeculiv1,quo
1483 1407 1744 1474 tempore
1775 1401 2105 1473 catalogum

456 1490 627 1546 illum
658 1495 958 1546 exaratum
993 1491 1175 1545 fuisse
1204 1495 1454 1559 constat,
1474 1492 1662 1562 deque
1694 1490 2104 1562 scriptisetge-

456 1580 568 1634 stis
587 1579 924 1650 pontiﬁcum
943 1578 1192 1649 aliisque
1205 1579 1617 1635 ecclesiasticis
1633 1579 2034 1635 monumentis
2048 1579 2104 1632 id

455 1668 738 1739 temporis
769 1668 962 1723 ubivis
991 1670 1398 1738 prostantibus
1429 1669 1568 1722 alibi
1599 1669 1753 1723 dicta
1793 1672 1952 1736 sunt,
1987 1684 2102 1722 non

2220 504 2475 574 profecto
2503 504 2698 576 ipsum
2725 521 2919 559 rerum
2940 506 3342 562 mstimatorem
3361 508 3470 565 fore
3490 528 3692 571 necesse
3710 520 3790 576 sit.

2293 593 2504 649 Verum
2529 593 2723 664 inquit
2743 599 2942 649 tamen
2970 594 3372 652 Terribilinus.
3396 598 3559 655 Nemo
3576 608 3788 662 veterum

2220 682 2572 754 scriptorum
2598 687 2732 738 ante
2754 685 3079 738 secundum
3100 684 3416 756 catalogum
3432 692 3702 748 Damasum
3720 694 3793 750 Hi-

2220 789 2470 844 spanum
2485 773 2938 843 dixit,tanquam
2956 774 3026 828 ad
3045 790 3165 828 rem
3182 776 3792 852 atlinuissetquidquam.

2217 864 2398 916 Nemo
2447 877 2650 916 eorum
2701 861 2940 917 Damasi
2979 863 3158 917 vitam
3190 880 3257 918 ex
3286 867 3528 935 professo
3571 873 3793 927 attexuit.

2221 951 2608 1021 Hieronymus
2631 955 2785 1006 certe
2809 956 2964 1007 totus
2977 957 3065 1006 est
3083 953 3138 1006 in
3156 954 3280 1022 ejus
3303 954 3522 1025 scriptis
3537 973 3798 1015 recensen-

2219 1041 3796 1115 dis.0ptatus,Ruﬁnus,Marcellinus,Symmachusetalii

2219 1131 2289 1184 de
2317 1130 2504 1200 ipsius
2537 1130 2910 1201 potissimum
2943 1133 3125 1202 gestis
3157 1136 3801 1207 tractavere,idqueocca-

2217 1219 2381 1274 sione
2413 1219 2626 1274 Liberii
2658 1221 3037 1290 pontiﬁcatus
3058 1221 3113 1279 in
3143 1239 3258 1293 qua
3279 1239 3446 1278 scena
3474 1226 3670 1296 primas
3697 1235 3802 1299 post

2217 1323 2352 1363 eum
2377 1312 2577 1363 contra
2592 1309 2831 1364 Arianos
2853 1310 3161 1365 Damasum
3181 1316 3437 1367 nostrum
3459 1319 3635 1384 partes
3648 1318 3800 1387 egisse

2216 1401 2432 1452 norunt
2463 1412 2684 1453 omnes.
2711 1397 2943 1453 Scimus
2975 1404 3252 1470 praeterea
3290 1404 3502 1457 veteres
3531 1404 3800 1476 scriptores

2216 1487 2538 1557 prazsertim
2562 1487 3167 1560 ecclesiasticos,quod
3186 1489 3256 1544 ad
3280 1493 3596 1546 sanctorum
3621 1493 3804 1563 patrias

2216 1575 2445 1643 attinet,
2468 1576 2774 1631 verborum
2801 1576 3180 1647 parcissimos
3203 1577 3518 1650 fuisse,qua
3538 1581 3602 1636 de
3622 1582 3804 1637 reinfe-

2215 1666 2339 1720 rius
2356 1666 2523 1721 nobis
2539 1681 2728 1721 sermo
2752 1672 3032 1724 recurret.
3057 1673 3250 1734 Quare
3273 1669 3415 1724 nihil
3436 1669 3631 1726 horum
3653 1687 3804 1742 neque

453 1757 866 1811 minusverum
885 1757 2104 1827 putosecundipontiﬁcumcatalogiaucto-
2133 1785 2181 1851 B
2215 1754 2498 1808 instituta)
2530 1754 2602 1809 ab
2637 1754 2781 1826 ipsis
2823 1756 3243 1826 disputationis
3292 1757 3560 1814 intererat
3602 1759 3809 1815 Colchus

452 1845 1779 1918 rem,nonnisialiquoeoquearchetypo,quod
1815 1846 1927 1900 sibi
1961 1863 2101 1916 prte-

451 1933 692 2003 luceret,
707 1935 1058 1990 documento
1075 1934 1145 1989 de
1161 1935 1392 1989 Damasi
1413 1935 1601 2005 patria
1619 1935 1874 1990 locutum
1897 1935 2098 2004 fuisse,

451 2039 795 2094 quanquam
828 2022 971 2077 illud
1004 2027 1231 2078 exserto
1264 2039 1420 2078 nunc
1454 2023 1637 2094 digito
1671 2023 1928 2078 indicare
1982 2040 2099 2078 non

445 2111 617 2167 facile
649 2111 746 2166 sit.
772 2109 993 2166 Saltem
1020 2127 1135 2166 non
1167 2111 1247 2177 id,
1273 2111 1506 2177 amabo,
1533 2113 1780 2182 aequius,
1805 2129 1919 2166 non
1953 2129 2101 2182 prae-

443 2201 718 2259 stabilius
765 2200 960 2267 fuerit,
993 2216 1171 2272 quam
1221 2201 1508 2271 suspicari
1561 2201 1802 2257 secundi
1850 2200 2096 2272 catalogi

441 2295 741 2346 auctorem
776 2288 1008 2344 Damasi
1025 2289 1276 2358 patriam
1293 2289 1568 2360 eproprio
1589 2289 1699 2344 sibi
1722 2290 1956 2344 cerebro
1981 2306 2095 2344 non

419 2397 615 2464 ‘secus
650 2397 717 2435 ac
745 2378 976 2450 Jupiter
997 2378 1314 2433 Minervam
1344 2377 1694 2433 conﬁnxisse
1716 2379 1743 2432 ?

514 2469 749 2534 Verum,
775 2471 838 2522 ut
855 2466 969 2522 alia
990 2467 1206 2532 desint,
1232 2483 1303 2521 an
1320 2482 1436 2520 non
1454 2483 1569 2521 una
1584 2467 1825 2521 secundi
1848 2465 2096 2537 catalogi

444 2557 766 2629 antiquitas
789 2557 1021 2612 abunde
1034 2555 1082 2610 ei
1100 2555 1367 2610 sufﬁcere
1381 2556 1672 2610 censenda
1686 2560 1773 2610 est
1787 2557 2096 2627 utpropria

443 2650 669 2703 constet
687 2646 800 2702 ﬁde
830 2662 969 2714 ;nec
994 2648 1215 2717 postxu
1231 2645 1468 2700 tandem
1493 2643 1842 2700 saeculorum
1862 2644 2095 2716 lapsum

442 2735 632 2792 alieno
655 2735 766 2807 ipsi
791 2736 862 2791 ad
886 2751 1056 2790 suam
1075 2734 1354 2790 tuendam
1378 2734 1787 2790 auctoritatem
1814 2751 2094 2806 sponsore

441 2842 590 2898 opus
613 2824 730 2880 sit?
750 2829 868 2880 Aut
883 2841 988 2880 cur
1001 2841 1117 2879 non
1138 2824 1380 2880 secundi
1404 2823 1653 2895 catalogi
1685 2823 2094 2879 testimonium

443 2916 514 2970 de
534 2915 766 2971 Damasi
784 2913 1359 2986 patriaasyncbrono
1383 2918 1618 2969 auctore
1641 2913 1969 2985 profectum
1986 2929 2094 2968 ase-

445 3003 830 3061 timabimus?
851 3004 986 3074 Ejus
1002 3008 1156 3059 certe
1169 3003 1441 3074 scriptor,
1457 3003 1507 3058 si
1530 3018 1645 3059 non
1667 3002 1955 3058 viventem
1970 3002 2096 3074 ipse

446 3094 782 3159 Damasum,
814 3091 1118 3164 perplures
1169 3097 1362 3148 tamen
1396 3107 1710 3164 agnoscere
1742 3109 1991 3163 cumque
2021 3091 2094 3147 iis

441 3183 661 3239 versari
687 3180 961 3238 facillime
984 3181 1195 3254 potuit,
1216 3182 1485 3254 qui,dum
1509 3181 1568 3236 in
1589 3181 1736 3236 vivis
1755 3185 1947 3252 ageret
1959 3198 2090 3236 san-

438 3277 569 3328 ctus
600 3271 882 3344 pontifex,
911 3287 1043 3326 eum
1078 3270 1292 3343 saepius
1324 3270 1562 3337 intueri,
1595 3269 1806 3342 saepius
1850 3268 2091 3340 alloqui,

437 3345 791 3435 publiceque
821 3365 878 3416 et
909 3360 1180 3432 privatim
1217 3359 1406 3415 colere
1436 3359 1789 3425 valuerunt;
1821 3362 1997 3429 atque
2027 3375 2095 3414 ex

437 3451 530 3506 his
553 3467 682 3522 quae
705 3450 775 3505 ad
801 3449 1034 3504 Damasi
1062 3449 1313 3520 patriam
1340 3456 1621 3520 gestaque
1645 3448 2094 3518 spectantfami-

437 3540 666 3606 liari,ut
689 3540 776 3606 ﬁt,
793 3553 1063 3594 sermone
1088 3537 1364 3592 mutuari.
1384 3542 1638 3594 Rursum
1654 3535 1748 3591 hic
1769 3536 1937 3592 nobis
1961 3553 2095 3608 sup-

434 3628 738 3700 putatione
771 3631 860 3682 est
891 3644 1057 3698 opus.
1079 3631 1126 3680 A
1149 3626 1387 3681 Damasi
1415 3631 1600 3681 morte
1620 3643 1747 3697 qua:
1780 3626 1839 3680 in
1873 3642 2092 3682 annum

437 3716 646 3772 incidit
676 3715 892 3771 Christi
924 3716 1028 3770 384
1071 3715 1143 3771 ad
1174 3715 1382 3772 Felicis
1410 3716 1476 3772 IV
1511 3715 1939 3788 pontiﬁcatum,
1975 3733 2090 3788 quo

435 3811 699 3877 tempore
720 3806 1016 3861 secundus
1038 3806 1341 3876 catalogus
1365 3807 1620 3876 scriptus
1642 3805 1774 3877 fuit,
1799 3822 2090 3874 cxn11,non

437 3896 695 3967 amplius
725 3894 1078 3951 efﬂuxerunt
1115 3893 1294 3963 anni;
1341 3894 1390 3949 si
1420 3911 1553 3951 vero
1584 3895 1764 3965 hujus
1797 3895 2090 3967 pontiﬁcis

437 3985 628 4042 exitus
664 3984 789 4056 (qui
823 3984 894 4040 ad
929 4000 1150 4040 annum
1184 3984 1424 4040 demum
1469 3984 1680 4040 salutis
1706 3985 1832 4055 530,
1857 3985 2090 4042 Octobri

437 4091 660 4146 mense,
695 4091 729 4129 a
757 4073 1133 4146 chronologis
1165 4074 1438 4146 refertur)
1470 4075 1708 4130 omnino
1736 4076 2090 4146 spectandus

436 4166 534 4236 sit,
552 4168 787 4222 centum
819 4179 1123 4220 summum
1149 4162 1542 4236 quadraginta
1566 4169 1620 4220 et
1643 4179 1742 4219 sex
1766 4164 2090 4220 anniinter.

440 4272 685 4311 cessere.
708 4256 839 4312 Jam
853 4270 987 4309 vero
1009 4253 1394 4310 interstitium
1412 4254 1568 4308 istud
1597 4253 1743 4309 binae
1757 4271 1953 4326 eaeque
1975 4271 2088 4310 non

438 4345 747 4400 hominum
762 4343 1330 4417 longaevissimorum
1345 4347 1543 4399 aetates
1558 4343 1724 4399 facile
1739 4343 1982 4415 implere
1995 4362 2090 4416 po-

436 4434 960 4506 tuerunt,utpriori
983 4440 1217 4506 tempus
1241 4434 1309 4488 ad
1335 4434 1700 4504 pubertatem
1725 4451 1907 4505 usque
1922 4434 2090 4489 attri-

2123 3145 2167 3214 α

2213 1842 2424 1898 fuisset
2445 1860 2517 1897 an
2538 1844 2815 1916 Assyrius
2838 1845 3372 1916 Damasus,Thebis
3396 1848 3579 1918 potius
3596 1865 3658 1902 an
3674 1850 3806 1919 Argis

2211 1930 2677 1987 innutritus.Sed
2695 1934 3273 2002 cedo;numveterum
3289 1936 3620 2007 scriptorum
3633 1935 3812 2007 aliquis

2210 2021 2530 2076 Damasum
2555 2027 2864 2092 propterea
2886 2022 3219 2078 Romanum
3247 2023 3418 2078 dixit?
3435 2025 3807 2096 Nunc,inquiet

2211 2126 2325 2164 non
2360 2115 2486 2164 erat
2514 2110 2609 2166 his
2642 2110 2826 2167 locus.
2879 2112 3073 2182 Atqui,
3107 2129 3386 2183 reponam
3417 2129 3542 2185 ego,
3568 2131 3737 2185 neque
3763 2120 3811 2168 ut

2209 2198 2405 2269 ipsum
2441 2198 2714 2270 Hispanis
2737 2199 3155 2268 attribuerent;
3182 2207 3248 2256 ut
3265 2202 3501 2273 proinde
3518 2203 3808 2257 veterumin

2207 2287 2315 2342 hac
2339 2292 2499 2358 parte
2520 2286 2816 2342 silentium
2839 2283 3150 2364 ἀμφίϐολον
3174 2289 3346 2362 plane
3369 2290 3712 2362 sit,nequein
3730 2306 3813 2345 nos

2206 2380 2391 2446 magis
2423 2394 2597 2447 quam
2629 2377 2689 2431 in
2722 2378 3086 2435 adversarios
3120 2381 3315 2452 urgeri
3352 2381 3554 2452 possit.

2275 2464 2389 2521 Nec
2422 2465 2840 2521 Terribilinum
2866 2468 3044 2539 (quod
3071 2468 3201 2538 ejus
3227 2485 3367 2540 pace
3391 2469 3813 2540 dixerim)satisa

2205 2555 2738 2626 partibusliberum
2763 2556 3118 2628 aastimo,qui
3142 2559 3215 2612 de
3239 2559 3585 2614 nostratium
3605 2562 3811 2628 scrtpto-

2205 2661 2336 2699 rum
2361 2645 2728 2715 argumentis
2746 2661 2847 2716 pro
2865 2648 3101 2701 Damasi
3127 2647 3322 2718 patria
3346 2647 3679 2703 sententiam
3695 2647 3812 2701 ferre

2205 2732 2406 2805 possit.
2436 2734 2514 2788 Ad
2547 2733 2830 2804 aequiores
2880 2751 3147 2804 provoco.
3186 2737 3300 2792 Sed
3355 2737 3564 2792 fuerint
3592 2754 3653 2792 ea
3679 2751 3810 2799 sane,

2205 2822 2484 2894 quoniam
2516 2822 2596 2878 ita
2619 2822 2964 2878 Terribilino
2982 2825 3176 2879 visum
3204 2826 3334 2892 fuit,
3359 2825 3528 2896 paulo
3559 2841 3717 2898 quam
3743 2839 3814 2878 res

2204 2911 2893 2985 postulatinﬁrmiora;an
2910 2918 3219 2985 propterea
3235 2915 3336 2969 ubi
3351 2911 3816 2986 sesquimillenarii

2205 3002 2337 3057 facti
2364 3001 2607 3073 quaestio
2627 3008 2734 3070 est,
2752 3006 2817 3057 ut
2839 3001 3103 3073 probatio
3121 3004 3381 3073 deﬁciat,
3396 3005 3498 3075 jus
3519 3003 3664 3058 illico
3685 3001 3814 3056 defe-

2206 3091 2592 3147 cissecenseri
2608 3091 2815 3146 debet?
2838 3091 3198 3164 Meliorapro
3222 3109 3286 3149 se
3307 3091 3679 3148 Terribilinus
3706 3091 3816 3147 alie-

2204 3185 2310 3248 ret,
2337 3179 2703 3238 scilicet.Sed
2728 3180 3014 3252 Hispanos
3029 3182 3376 3251 scriptores,
3395 3193 3594 3254 praeter
3615 3181 3816 3237 insitum

2202 3269 2360 3342 genti
2374 3269 2832 3325 domesticarum
2848 3286 3043 3325 rerum
3063 3271 3401 3343 neglectum
3419 3271 3648 3344 privatis
3660 3269 3818 3342 potius

2203 3359 2261 3413 in
2278 3359 2388 3414 hac
2412 3375 2470 3414 re
2492 3358 2701 3415 studiis
2718 3376 2894 3432 quam
2911 3359 3161 3431 publicae
3177 3360 3261 3416 rei
3279 3362 3611 3417 inserviisse
3625 3359 3810 3431 pridem

2203 3448 2482 3505 diximus.
2509 3449 2706 3520 Itaque
2728 3449 2866 3503 dum
2893 3448 3110 3520 singuli
3135 3450 3486 3522 popularem
3506 3465 3670 3506 suum
3687 3462 3814 3519 pres-

2203 3539 2326 3594 sius
2357 3555 2424 3594 ea
2454 3553 2590 3593 voce
2622 3542 2901 3608 usurpata
2928 3543 3244 3594 Damasum
3273 3541 3599 3610 faciunt,de
3620 3552 3815 3594 summa

2203 3629 2284 3683 rei
2311 3629 2366 3682 id
2389 3633 2477 3683 est
2500 3629 2570 3683 de
2593 3629 2798 3684 eodem
2826 3628 3120 3699 Hispania:
3154 3631 3492 3701 generatim
3525 3626 3815 3688 asserendo,

2203 3719 2358 3790 quod
2379 3721 2537 3772 extra
2561 3717 3016 3774 controversiam
3039 3718 3094 3773 id
3115 3720 3386 3790 positum
3420 3722 3698 3792 putarent,
3727 3730 3813 3771 non

2199 3812 2266 3862 ut
2292 3808 2592 3879 oportebat
2621 3806 2856 3862 solliciti
2891 3807 3149 3862 universi
3183 3808 3372 3865 fuere.

2271 3897 2501 3952 Privata
2522 3900 2718 3952 autem
2743 3897 3007 3968 ipsorum
3029 3899 3395 3954 concertatio
3420 3900 3491 3954 de
3517 3896 3709 3953 urbein
3727 3907 3816 3965 qua

2200 3986 2422 4042 natales
2456 3985 2715 4040 hauserit
2745 3989 3053 4052 Damasus,
3079 3988 3238 4057 quod
3267 3992 3632 4060 postremum
3662 3985 3713 4039 in
3733 3995 3815 4038 nos

2198 4074 2584 4131 Terribilinus
2614 4079 2805 4148 urget,
2829 4077 2968 4131 dum
3004 4075 3102 4130 alii
3135 4076 3815 4148 Matritum,aliiVimara-

2200 4183 2340 4221 num
2365 4169 2464 4220 aut
2491 4165 2894 4236 Igeditaniam,
2921 4163 3020 4219 alii
3039 4165 3286 4221 demum
3313 4168 3692 4223 Tarraconem
3713 4175 3815 4216 eam

2200 4255 2385 4310 fuisse
2408 4253 3529 4325 putant(addereinsuper'l‘erribilinus
3552 4251 3818 4328 possetOc-

2200 4346 2401 4401 ciduas
2431 4345 2618 4400 Gades
2639 4345 2714 4416 (ὁ)
2748 4349 3198 4417 Saguntumque
3234 4347 3353 4403 ﬁde
3385 4347 3654 4420 inclytam
3677 4344 3733 4414 (ε)
3759 4337 3811 4393 ad

2201 4434 2613 4491 duodecimum
2649 4452 2681 4490 a
2702 4434 2970 4490 Valentia
3002 4441 3202 4491 nostra
3239 4438 3525 4510 lapidem,
3557 4431 3815 4492 Monviedro

441 4525 713 4593 buamus,
747 4539 862 4595 quo
894 4523 1210 4578 Damasum
1258 4523 1470 4593 sacpius
1503 4522 1717 4589 videre,
1747 4539 1990 4595 quaeque
2023 4525 2093 4579 de
2122 4517 2169 4581 D
2201 4542 2355 4580 nunc
2379 4523 2671 4594 indigenis
2693 4524 3090 4597 appellatam);
3113 4523 3813 4598 privata,inquam,llispa-

438 4614 568 4685 ipso
599 4613 659 4668 in
690 4628 788 4668 ore
817 4613 1082 4668 omnium
1115 4613 1452 4668 ferebantur
1473 4612 1541 4667 ab
1567 4612 1699 4668 aliis
1724 4613 2002 4685 accipere,
2037 4618 2092 4670 et

436 4700 811 4773 ﬁdeli,qualis
833 4718 1147 4774 puerorum
1172 4701 1573 4767 est,memoria
1589 4702 1867 4770 retinere;
1895 4707 2088 4773 poste-

437 4791 578 4848 riori
600 4808 735 4847 vero
768 4793 1028 4847 nondum
1058 4791 1248 4846 adhuc
1280 4791 1647 4863 octogenario
1672 4795 1735 4845 ut
1757 4791 2088 4863 catalogum

441 4883 512 4938 de
545 4899 660 4955 quo
692 4882 924 4954 agimus
955 4884 1322 4938 conscribere
1379 4881 1636 4954 potuerit
1669 4882 1763 4954 (a).
1797 4882 1925 4938 Haec
1958 4900 2086 4940 meo

435 4972 676 5042 quidem
698 4970 923 5043 judicio
949 4987 1134 5043 usque
1149 4971 1361 5027 adeoin
1388 4971 1626 5044 proclivi
1644 4971 1830 5044 posita
1844 4976 1998 5040 sunt,
2022 4976 2086 5028 ut

429 5062 479 5115 si
512 5061 647 5132 quis
669 5060 1255 5116 eacumTillemontii
1278 5065 1378 5116 aut
1400 5060 1865 5116 adversariorum
1891 5064 2084 5133 conje-

497 5171 578 5237 (a)
609 5167 801 5240 Plato,
828 5166 1181 5234 Simonides,
1215 5168 1586 5223 Stesichorus
1635 5169 1853 5239 aliique
1886 5170 2082 5240 plures

425 5241 615 5312 (apud,
655 5238 1041 5312 Tullium,rde
1087 5240 1340 5311 Senect.)
1390 5238 1777 5312 octogenariis
1828 5238 2081 5311 majores

425 5311 655 5384 egregia
669 5327 844 5382 opera
863 5311 1316 5384 edideremeque
1331 5329 1428 5366 eos
1445 5313 1498 5365 in
1516 5311 1730 5367 studiis
1745 5314 1868 5367 suis
1883 5316 2081 5368 obmu-

426 5382 647 5439 tescere
665 5387 936 5437 senectus
959 5382 1012 5436 fe
1025 5383 1120 5437 cit.
1137 5385 1239 5437 Sed
1259 5383 1397 5454 quid
1415 5385 1484 5436 ad
1501 5389 1693 5438 vetera
1713 5384 2076 5440 ethnicorum

422 5456 684 5524 exempla
699 5454 1095 5523 confugimus,
1115 5471 1246 5508 cum
1275 5455 1446 5509 hodie
1471 5456 2080 5511 sanctissimusdomi-

425 5545 536 5583 nus
561 5532 756 5582 noster
779 5525 1118 5580 benedictus
1140 5525 1393 5580 PP.le
1418 5528 1475 5580 in
1508 5528 1770 5581 omnium
1803 5527 1930 5582 luce
1949 5545 2077 5582 ver-

424 5605 614 5666 setur;
648 5598 766 5653 imo
789 5598 913 5668 ipse
937 5596 1013 5652 sit
1035 5597 1134 5652 lux
1156 5615 1333 5668 supra
1358 5597 1626 5653 Ecclesia:
1658 5598 2074 5655 candelabrum

425 5671 878 5752 positaaneduum
911 5686 1197 5740 supremae
1219 5669 1282 5751 in_
1299 5671 1471 5752 terris
1485 5671 1808 5752 Maiestatis
1828 5671 2071 5752 fulgore,

429 5746 485 5796 et
507 5741 1113 5798 luculentissimorum
1172 5742 1527 5814 scriptorum
1559 5743 1763 5813 radiis,
1793 5743 1883 5798 vel
1915 5741 1975 5799 in
2007 5760 2075 5800 ea

2203 4631 2412 4670 norum
2448 4614 2551 4668 hac
2584 4614 2652 4668 de
2685 4631 2743 4669 re
2784 4615 3132 4670 concerlatio
3166 4632 3277 4672 nec
3313 4616 3560 4688 publica:
3592 4625 3812 4684 unquam

2202 4704 2463 4775 ipsorum
2496 4721 2683 4759 causae
2715 4703 2964 4770 ofﬁcere,
2987 4719 3176 4776 neque
3202 4705 3329 4761 ullo
3355 4707 3527 4761 modo
3558 4699 3813 4760 Terribili-

2202 4811 2342 4849 num
2367 4795 2577 4865 juvare
2599 4797 2807 4865 potest.
2837 4799 2921 4847 An
2947 4809 3104 4864 ergo,
3132 4795 3296 4865 quod
3323 4797 3395 4851 de
3424 4792 3640 4851 Homeri
3660 4787 3813 4864 patria

2199 4891 2420 4955 septem
2452 4882 2590 4939 olim
2624 4881 3099 4938 celebratissima:
3121 4883 3303 4940 urbes
3327 4889 3493 4940 tanta
3523 4883 3810 4938 animorum

2201 4974 2571 5029 contentione
2603 4972 3499 5045 disputaverint,eritpropterea
3520 4971 3613 5045 qui
3635 4965 3813 5027 Graecis

2199 5080 2332 5119 eum
2357 5064 2448 5134 abj
2461 5064 2532 5118 ud
2545 5063 2708 5118 icand
2721 5078 2815 5117 um
2828 5065 2948 5129 ,aut
2962 5062 3195 5117 Grmcize
3212 5065 3504 5119 universae
3519 5065 3584 5117 de
3597 5077 3656 5116 eo
3673 5071 3812 5126 argu-

2198 5174 2365 5224 aatate
2397 5168 2599 5223 lucens
2630 5167 2906 5223 omnibus
2939 5169 3035 5237 qui
3068 5169 3123 5222 in
3159 5170 3344 5225 domo
3377 5168 3551 5225 sunt?

2267 5242 2342 5311 (b)
2364 5241 2492 5313 Vid.
2514 5240 2734 5313 Joseph
2761 5241 2942 5295 Maria
2964 5242 3280 5313 Suarezius
3315 5242 3520 5298 Gallus
3543 5239 3813 5313 episcopus

2195 5306 2334 5367 olim
2386 5306 2786 5377 Vasionensis,
2821 5329 2913 5382 ap.
2948 5312 3128 5368 Nicol.
3161 5315 3521 5378 Antonium,
3551 5306 3645 5366 lib.
3676 5325 3710 5363 ιι
3737 5306 3810 5360 Bi-

2193 5382 2398 5458 blioth.
2432 5383 2702 5458 Hispanae
2732 5385 3128 5458 veteirichap.
3288 5456 3320 5458 μ
3407 5456 3423 5458 A
3581 5455 3589 5458 _
3635 5453 3666 5458 __
3767 5447 3776 5458 ,

2264 5455 2336 5525 (c)
2360 5455 2754 5509 Bernardinus
2776 5463 2828 5509 ὃ.
2860 5457 2923 5510 lt.
2951 5457 3012 5509 E.
3033 5453 3359 5510 cardinalis
3393 5453 3811 5512 Carvaialius.in

2190 5528 2447 5581 oratione
2479 5527 2548 5581 ad
2585 5528 2977 5582 Alexandrum
3002 5528 3109 5582 PP.
3136 5527 3228 5595 Vl,
3260 5528 3466 5582 habita
3494 5527 3562 5580 2-3
3595 5525 3814 5582 Novem-

2189 5598 2312 5654 bris
2336 5598 2470 5653 anni
2499 5599 2656 5652 1492.
2683 5599 2845 5654 Unde
2868 5605 2924 5654 et
2946 5603 3168 5670 Gaspar
3198 5599 3629 5668 Scholanus,in
3656 5597 3813 5670 [listo-

2188 5671 2276 5726 ria
2299 5670 2628 5737 Valentina,
2653 5672 2801 5742 apud
2837 5665 3108 5727 eumdem
3141 5670 3332 5727 Nicol.
3361 5665 3683 5737 Antonium,
3708 5665 3811 5719 loco

2187 5743 2448 5814 proxime
2478 5745 2673 5800 citato.
