  <div class='ocr_page' id='page_1' title='image "/cluster/home/n/w/nwhite01/storage/ocr_20150623/74/hvd.32044054758792/290.png"; bbox 0 0 3996 6170; ppageno 0'>
   <div class='ocr_carea' id='block_1_1' title="bbox 222 354 2654 417">
    <p class='ocr_par' dir='ltr' id='par_1_1' title="bbox 222 354 2654 417">
     <span class='ocr_line' id='line_1_1' title="bbox 222 354 2654 417; baseline -0.001 -1"><span class='ocrx_word' id='word_1_1' title='bbox 222 360 284 417; x_wconf 87' lang='grc'>56</span> <span class='ocrx_word' id='word_1_2' title='bbox 1106 354 1587 414; x_wconf 74' lang='lat' dir='ltr'>DISSERTATIO</span> <span class='ocrx_word' id='word_1_3' title='bbox 1621 356 1718 410; x_wconf 84' lang='lat' dir='ltr'>DE</span> <span class='ocrx_word' id='word_1_4' title='bbox 1754 354 2051 411; x_wconf 77' lang='lat' dir='ltr'>DAMASO</span> <span class='ocrx_word' id='word_1_5' title='bbox 2089 357 2181 410; x_wconf 81' lang='lat' dir='ltr'>ET</span> <span class='ocrx_word' id='word_1_6' title='bbox 2216 357 2654 413; x_wconf 79' lang='lat' dir='ltr'>LAURENTIO.</span> 
     </span>
    </p>
   </div>
   <div class='ocr_carea' id='block_1_2' title="bbox 3481 352 3589 407">
    <p class='ocr_par' dir='ltr' id='par_1_2' title="bbox 3481 352 3589 407">
     <span class='ocr_line' id='line_1_2' title="bbox 3481 352 3589 407; baseline 0 -1"><span class='ocrx_word' id='word_1_7' title='bbox 3481 352 3589 407; x_wconf 86' lang='lat'>570</span> 
     </span>
    </p>
   </div>
   <div class='ocr_carea' id='block_1_3' title="bbox 218 477 3590 554">
    <p class='ocr_par' dir='ltr' id='par_1_3' title="bbox 218 477 3590 554">
     <span class='ocr_line' id='line_1_3' title="bbox 218 477 3590 554; baseline -0.002 -13"><span class='ocrx_word' id='word_1_8' title='bbox 218 477 1826 554; x_wconf 82' lang='lat' dir='ltr'>Ecclesiautilissimamforepranuntiarent.Nequeenim</span> <span class='ocrx_word' id='word_1_9' title='bbox 1858 480 1911 545; x_wconf 76' lang='grc' dir='ltr'><strong>Α</strong></span> <span class='ocrx_word' id='word_1_10' title='bbox 1943 483 2183 549; x_wconf 87' lang='lat' dir='ltr'>poneret</span> <span class='ocrx_word' id='word_1_11' title='bbox 2213 496 2345 536; x_wconf 90' lang='lat' dir='ltr'>cum</span> <span class='ocrx_word' id='word_1_12' title='bbox 2380 479 2598 551; x_wconf 85' lang='lat' dir='ltr'>alioqui</span> <span class='ocrx_word' id='word_1_13' title='bbox 2633 477 2974 535; x_wconf 82' lang='lat' dir='ltr'>facillimum</span> <span class='ocrx_word' id='word_1_14' title='bbox 3008 479 3119 552; x_wconf 90' lang='lat' dir='ltr'>ipsi</span> <span class='ocrx_word' id='word_1_15' title='bbox 3154 479 3383 550; x_wconf 81' lang='lat' dir='ltr'>fuisset,</span> <span class='ocrx_word' id='word_1_16' title='bbox 3425 477 3590 535; x_wconf 88' lang='lat' dir='ltr'>salva</span> 
     </span>
    </p>
   </div>
   <div class='ocr_carea' id='block_1_4' title="bbox 217 571 1827 645">
    <p class='ocr_par' dir='ltr' id='par_1_4' title="bbox 217 571 1827 645">
     <span class='ocr_line' id='line_1_4' title="bbox 217 571 1827 645; baseline -0.005 -12"><span class='ocrx_word' id='word_1_17' title='bbox 217 576 544 633; x_wconf 80' lang='lat' dir='ltr'>rusticanum</span> <span class='ocrx_word' id='word_1_18' title='bbox 587 589 741 639; x_wconf 89' lang='lat' dir='ltr'>eum,</span> <span class='ocrx_word' id='word_1_19' title='bbox 769 590 871 629; x_wconf 91' lang='lat' dir='ltr'>seu</span> <span class='ocrx_word' id='word_1_20' title='bbox 907 574 978 629; x_wconf 90' lang='lat' dir='ltr'>de</span> <span class='ocrx_word' id='word_1_21' title='bbox 1013 574 1183 645; x_wconf 87' lang='lat' dir='ltr'>plebe</span> <span class='ocrx_word' id='word_1_22' title='bbox 1216 572 1469 644; x_wconf 78' lang='lat' dir='ltr'>aliquem</span> <span class='ocrx_word' id='word_1_23' title='bbox 1490 571 1827 627; x_wconf 85' lang='lat' dir='ltr'>existimare</span> 
     </span>
    </p>
   </div>
   <div class='ocr_carea' id='block_1_5' title="bbox 220 659 1824 734">
    <p class='ocr_par' dir='ltr' id='par_1_5' title="bbox 220 659 1824 734">
     <span class='ocr_line' id='line_1_5' title="bbox 220 659 1824 734; baseline -0.006 -12"><span class='ocrx_word' id='word_1_24' title='bbox 220 667 291 722; x_wconf 81' lang='lat' dir='ltr'>fas</span> <span class='ocrx_word' id='word_1_25' title='bbox 309 668 405 731; x_wconf 84' lang='lat' dir='ltr'>est;</span> <span class='ocrx_word' id='word_1_26' title='bbox 429 666 527 717; x_wconf 87' lang='lat' dir='ltr'>aut</span> <span class='ocrx_word' id='word_1_27' title='bbox 552 678 662 716; x_wconf 92' lang='lat' dir='ltr'>non</span> <span class='ocrx_word' id='word_1_28' title='bbox 684 660 988 733; x_wconf 82' lang='lat' dir='ltr'>insigniter</span> <span class='ocrx_word' id='word_1_29' title='bbox 1007 663 1169 734; x_wconf 91' lang='lat' dir='ltr'>pium</span> <span class='ocrx_word' id='word_1_30' title='bbox 1194 659 1679 732; x_wconf 82' lang='lat' dir='ltr'>probumque,cui</span> <span class='ocrx_word' id='word_1_31' title='bbox 1704 662 1824 713; x_wconf 90' lang='lat' dir='ltr'>tam</span> 
     </span>
    </p>
   </div>
   <div class='ocr_carea' id='block_1_6' title="bbox 220 752 1827 823">
    <p class='ocr_par' dir='ltr' id='par_1_6' title="bbox 220 752 1827 823">
     <span class='ocr_line' id='line_1_6' title="bbox 220 752 1827 823; baseline -0.004 -12"><span class='ocrx_word' id='word_1_32' title='bbox 220 756 313 812; x_wconf 87' lang='lat' dir='ltr'>alte</span> <span class='ocrx_word' id='word_1_33' title='bbox 332 753 601 809; x_wconf 86' lang='lat' dir='ltr'>insederit</span> <span class='ocrx_word' id='word_1_34' title='bbox 624 752 809 807; x_wconf 90' lang='lat' dir='ltr'>ﬁlium</span> <span class='ocrx_word' id='word_1_35' title='bbox 832 754 902 808; x_wconf 90' lang='lat' dir='ltr'>ab</span> <span class='ocrx_word' id='word_1_36' title='bbox 929 753 1203 823; x_wconf 88' lang='lat' dir='ltr'>Hesperia</span> <span class='ocrx_word' id='word_1_37' title='bbox 1226 752 1437 808; x_wconf 91' lang='lat' dir='ltr'>ultima</span> <span class='ocrx_word' id='word_1_38' title='bbox 1464 752 1709 808; x_wconf 81' lang='lat' dir='ltr'>Romam</span> <span class='ocrx_word' id='word_1_39' title='bbox 1741 767 1827 805; x_wconf 78' lang='lat' dir='ltr'>re-</span> 
     </span>
    </p>
   </div>
   <div class='ocr_carea' id='block_1_7' title="bbox 221 841 1828 916">
    <p class='ocr_par' dir='ltr' id='par_1_7' title="bbox 221 841 1828 916">
     <span class='ocr_line' id='line_1_7' title="bbox 221 841 1828 916; baseline -0.005 -15"><span class='ocrx_word' id='word_1_40' title='bbox 221 844 421 916; x_wconf 81' lang='lat' dir='ltr'>ligionis</span> <span class='ocrx_word' id='word_1_41' title='bbox 444 860 613 898; x_wconf 88' lang='lat' dir='ltr'>causa</span> <span class='ocrx_word' id='word_1_42' title='bbox 642 843 909 897; x_wconf 79' lang='lat' dir='ltr'>mittendi</span> <span class='ocrx_word' id='word_1_43' title='bbox 948 844 1231 899; x_wconf 88' lang='lat' dir='ltr'>studium.</span> <span class='ocrx_word' id='word_1_44' title='bbox 1267 843 1416 897; x_wconf 83' lang='lat' dir='ltr'>Raro</span> <span class='ocrx_word' id='word_1_45' title='bbox 1440 841 1559 895; x_wconf 82' lang='lat' dir='ltr'>hac</span> <span class='ocrx_word' id='word_1_46' title='bbox 1576 843 1828 909; x_wconf 88' lang='lat' dir='ltr'>tangunt</span> 
     </span>
    </p>
   </div>
   <div class='ocr_carea' id='block_1_8' title="bbox 216 929 1826 1005">
    <p class='ocr_par' dir='ltr' id='par_1_8' title="bbox 216 929 1826 1005">
     <span class='ocr_line' id='line_1_8' title="bbox 216 929 1826 1005; baseline -0.004 -16"><span class='ocrx_word' id='word_1_47' title='bbox 216 934 452 1005; x_wconf 83' lang='lat' dir='ltr'>vulgares</span> <span class='ocrx_word' id='word_1_48' title='bbox 475 933 724 987; x_wconf 89' lang='lat' dir='ltr'>animas.</span> <span class='ocrx_word' id='word_1_49' title='bbox 749 932 1101 988; x_wconf 84' lang='lat' dir='ltr'>Prudentius</span> <span class='ocrx_word' id='word_1_50' title='bbox 1128 948 1355 1004; x_wconf 91' lang='lat' dir='ltr'>quoque</span> <span class='ocrx_word' id='word_1_51' title='bbox 1378 932 1625 987; x_wconf 71' lang='lat' dir='ltr'>illustres</span> <span class='ocrx_word' id='word_1_52' title='bbox 1646 929 1826 985; x_wconf 82' lang='lat' dir='ltr'>domos</span> 
     </span>
    </p>
   </div>
   <div class='ocr_carea' id='block_1_9' title="bbox 217 1019 1825 1078">
    <p class='ocr_par' dir='ltr' id='par_1_9' title="bbox 217 1019 1825 1078">
     <span class='ocr_line' id='line_1_9' title="bbox 217 1019 1825 1078; baseline -0.003 0"><span class='ocrx_word' id='word_1_53' title='bbox 217 1022 493 1078; x_wconf 86' lang='lat' dir='ltr'>Laurentio</span> <span class='ocrx_word' id='word_1_54' title='bbox 533 1020 748 1078; x_wconf 90' lang='lat' dir='ltr'>liberos</span> <span class='ocrx_word' id='word_1_55' title='bbox 774 1040 911 1077; x_wconf 90' lang='lat' dir='ltr'>suos</span> <span class='ocrx_word' id='word_1_56' title='bbox 944 1023 1063 1078; x_wconf 88' lang='lat' dir='ltr'>voti</span> <span class='ocrx_word' id='word_1_57' title='bbox 1115 1039 1292 1077; x_wconf 89' lang='lat' dir='ltr'>causa</span> <span class='ocrx_word' id='word_1_58' title='bbox 1331 1021 1595 1077; x_wconf 86' lang='lat' dir='ltr'>dedicare</span> <span class='ocrx_word' id='word_1_59' title='bbox 1622 1019 1825 1075; x_wconf 75' lang='lat' dir='ltr'>solitas</span> 
     </span>
    </p>
   </div>
   <div class='ocr_carea' id='block_1_10' title="bbox 216 1110 1824 1167">
    <p class='ocr_par' dir='ltr' id='par_1_10' title="bbox 216 1110 1824 1167">
     <span class='ocr_line' id='line_1_10' title="bbox 216 1110 1824 1167; baseline -0.002 -1"><span class='ocrx_word' id='word_1_60' title='bbox 216 1112 370 1167; x_wconf 86' lang='lat' dir='ltr'>fuisse</span> <span class='ocrx_word' id='word_1_61' title='bbox 388 1111 1051 1167; x_wconf 80' lang='lat' dir='ltr'>commemorat.Verum</span> <span class='ocrx_word' id='word_1_62' title='bbox 1077 1110 1127 1166; x_wconf 90' lang='lat' dir='ltr'>si</span> <span class='ocrx_word' id='word_1_63' title='bbox 1152 1112 1329 1166; x_wconf 78' lang='lat' dir='ltr'>fortes</span> <span class='ocrx_word' id='word_1_64' title='bbox 1352 1110 1601 1166; x_wconf 81' lang='lat' dir='ltr'>fortibus</span> <span class='ocrx_word' id='word_1_65' title='bbox 1625 1124 1824 1164; x_wconf 85' lang='lat' dir='ltr'>crean-</span> 
     </span>
    </p>
   </div>
   <div class='ocr_carea' id='block_1_11' title="bbox 217 1197 1824 1273">
    <p class='ocr_par' dir='ltr' id='par_1_11' title="bbox 217 1197 1824 1273">
     <span class='ocr_line' id='line_1_11' title="bbox 217 1197 1824 1273; baseline -0.002 -18"><span class='ocrx_word' id='word_1_66' title='bbox 217 1205 312 1268; x_wconf 86' lang='lat' dir='ltr'>tur,</span> <span class='ocrx_word' id='word_1_67' title='bbox 333 1216 511 1272; x_wconf 87' lang='lat' dir='ltr'>neque</span> <span class='ocrx_word' id='word_1_68' title='bbox 534 1200 802 1256; x_wconf 85' lang='lat' dir='ltr'>imbelles</span> <span class='ocrx_word' id='word_1_69' title='bbox 826 1204 1218 1273; x_wconf 84' lang='lat' dir='ltr'>progenerant</span> <span class='ocrx_word' id='word_1_70' title='bbox 1238 1199 1493 1271; x_wconf 87' lang='lat' dir='ltr'>aquilam</span> <span class='ocrx_word' id='word_1_71' title='bbox 1520 1197 1824 1264; x_wconf 87' lang='lat' dir='ltr'>columba,</span> 
     </span>
    </p>
   </div>
   <div class='ocr_carea' id='block_1_12' title="bbox 218 1288 1823 1362">
    <p class='ocr_par' dir='ltr' id='par_1_12' title="bbox 218 1288 1823 1362">
     <span class='ocr_line' id='line_1_12' title="bbox 218 1288 1823 1362; baseline -0.002 -18"><span class='ocrx_word' id='word_1_72' title='bbox 218 1293 269 1344; x_wconf 87' lang='lat' dir='ltr'>nt</span> <span class='ocrx_word' id='word_1_73' title='bbox 285 1288 408 1345; x_wconf 90' lang='lat' dir='ltr'>olim</span> <span class='ocrx_word' id='word_1_74' title='bbox 431 1290 675 1345; x_wconf 80' lang='lat' dir='ltr'>canebat</span> <span class='ocrx_word' id='word_1_75' title='bbox 696 1290 979 1362; x_wconf 88' lang='lat' dir='ltr'>profanus</span> <span class='ocrx_word' id='word_1_76' title='bbox 1002 1289 1079 1361; x_wconf 76' lang='grc' dir='ltr'>(τι)</span> <span class='ocrx_word' id='word_1_77' title='bbox 1099 1294 1408 1359; x_wconf 88' lang='lat' dir='ltr'>vates,non</span> <span class='ocrx_word' id='word_1_78' title='bbox 1432 1288 1823 1343; x_wconf 84' lang='lat' dir='ltr'>ultimamAn-</span> 
     </span>
    </p>
   </div>
   <div class='ocr_carea' id='block_1_13' title="bbox 216 1376 1823 1450">
    <p class='ocr_par' dir='ltr' id='par_1_13' title="bbox 216 1376 1823 1450">
     <span class='ocr_line' id='line_1_13' title="bbox 216 1376 1823 1450; baseline -0.002 -17"><span class='ocrx_word' id='word_1_79' title='bbox 216 1378 522 1449; x_wconf 88' lang='lat' dir='ltr'>toniipatris</span> <span class='ocrx_word' id='word_1_80' title='bbox 544 1379 1114 1435; x_wconf 86' lang='lat' dir='ltr'>commendationem</span> <span class='ocrx_word' id='word_1_81' title='bbox 1139 1379 1319 1434; x_wconf 90' lang='lat' dir='ltr'>fuisse</span> <span class='ocrx_word' id='word_1_82' title='bbox 1343 1382 1503 1450; x_wconf 91' lang='lat' dir='ltr'>puto,</span> <span class='ocrx_word' id='word_1_83' title='bbox 1529 1378 1682 1449; x_wconf 82' lang='lat' dir='ltr'>quod</span> <span class='ocrx_word' id='word_1_84' title='bbox 1712 1376 1823 1448; x_wconf 88' lang='lat' dir='ltr'>ipsi</span> 
     </span>
    </p>
   </div>
   <div class='ocr_carea' id='block_1_14' title="bbox 215 1468 1827 1540">
    <p class='ocr_par' dir='ltr' id='par_1_14' title="bbox 215 1468 1827 1540">
     <span class='ocr_line' id='line_1_14' title="bbox 215 1468 1827 1540; baseline -0.001 -18"><span class='ocrx_word' id='word_1_85' title='bbox 215 1468 324 1523; x_wconf 89' lang='lat' dir='ltr'>talis</span> <span class='ocrx_word' id='word_1_86' title='bbox 340 1468 871 1539; x_wconf 88' lang='lat' dir='ltr'>tantusque,qualis</span> <span class='ocrx_word' id='word_1_87' title='bbox 894 1469 1093 1540; x_wconf 90' lang='lat' dir='ltr'>eajam</span> <span class='ocrx_word' id='word_1_88' title='bbox 1112 1472 1279 1524; x_wconf 86' lang='lat' dir='ltr'>atate</span> <span class='ocrx_word' id='word_1_89' title='bbox 1300 1468 1586 1522; x_wconf 85' lang='lat' dir='ltr'>Damasus</span> <span class='ocrx_word' id='word_1_90' title='bbox 1606 1468 1827 1535; x_wconf 86' lang='lat' dir='ltr'>erat,ti-</span> 
     </span>
    </p>
   </div>
   <div class='ocr_carea' id='block_1_15' title="bbox 218 1556 1821 1628">
    <p class='ocr_par' dir='ltr' id='par_1_15' title="bbox 218 1556 1821 1628">
     <span class='ocr_line' id='line_1_15' title="bbox 218 1556 1821 1628; baseline 0 -18"><span class='ocrx_word' id='word_1_91' title='bbox 218 1556 310 1612; x_wconf 89' lang='lat' dir='ltr'>lius</span> <span class='ocrx_word' id='word_1_92' title='bbox 328 1557 651 1628; x_wconf 85' lang='lat' dir='ltr'>obtigisset.</span> <span class='ocrx_word' id='word_1_93' title='bbox 676 1557 934 1613; x_wconf 89' lang='lat' dir='ltr'>Ecclesia</span> <span class='ocrx_word' id='word_1_94' title='bbox 948 1556 1199 1628; x_wconf 82' lang='lat' dir='ltr'>denique</span> <span class='ocrx_word' id='word_1_95' title='bbox 1229 1572 1566 1628; x_wconf 86' lang='lat' dir='ltr'>quanquam</span> <span class='ocrx_word' id='word_1_96' title='bbox 1589 1572 1654 1611; x_wconf 91' lang='lat' dir='ltr'>eo</span> <span class='ocrx_word' id='word_1_97' title='bbox 1676 1561 1821 1610; x_wconf 87' lang='lat' dir='ltr'>tem-</span> 
     </span>
    </p>
   </div>
   <div class='ocr_carea' id='block_1_16' title="bbox 217 1645 1821 1719">
    <p class='ocr_par' dir='ltr' id='par_1_16' title="bbox 217 1645 1821 1719">
     <span class='ocr_line' id='line_1_16' title="bbox 217 1645 1821 1719; baseline -0.002 -18"><span class='ocrx_word' id='word_1_98' title='bbox 217 1663 330 1719; x_wconf 87' lang='lat' dir='ltr'>pore</span> <span class='ocrx_word' id='word_1_99' title='bbox 351 1645 665 1717; x_wconf 90' lang='lat' dir='ltr'>tranquilla</span> <span class='ocrx_word' id='word_1_100' title='bbox 690 1663 830 1718; x_wconf 88' lang='lat' dir='ltr'>pace</span> <span class='ocrx_word' id='word_1_101' title='bbox 867 1655 1041 1715; x_wconf 84' lang='lat' dir='ltr'>atque</span> <span class='ocrx_word' id='word_1_102' title='bbox 1071 1647 1185 1701; x_wconf 88' lang='lat' dir='ltr'>otio</span> <span class='ocrx_word' id='word_1_103' title='bbox 1209 1648 1519 1711; x_wconf 87' lang='lat' dir='ltr'>trueretur,</span> <span class='ocrx_word' id='word_1_104' title='bbox 1563 1645 1821 1700; x_wconf 92' lang='lat' dir='ltr'>nondum</span> 
     </span>
    </p>
   </div>
   <div class='ocr_carea' id='block_1_17' title="bbox 221 1732 1824 1791">
    <p class='ocr_par' dir='ltr' id='par_1_17' title="bbox 221 1732 1824 1791">
     <span class='ocr_line' id='line_1_17' title="bbox 221 1732 1824 1791; baseline -0.003 0"><span class='ocrx_word' id='word_1_105' title='bbox 221 1743 383 1791; x_wconf 85' lang='lat' dir='ltr'>tamen</span> <span class='ocrx_word' id='word_1_106' title='bbox 408 1736 728 1790; x_wconf 77' lang='lat' dir='ltr'>recentium</span> <span class='ocrx_word' id='word_1_107' title='bbox 756 1736 865 1790; x_wconf 85' lang='lat' dir='ltr'>sub</span> <span class='ocrx_word' id='word_1_108' title='bbox 898 1735 1255 1790; x_wconf 85' lang='lat' dir='ltr'>Maximiano</span> <span class='ocrx_word' id='word_1_109' title='bbox 1279 1739 1336 1789; x_wconf 91' lang='lat' dir='ltr'>et</span> <span class='ocrx_word' id='word_1_110' title='bbox 1374 1733 1592 1789; x_wconf 89' lang='lat' dir='ltr'>Licinio</span> <span class='ocrx_word' id='word_1_111' title='bbox 1614 1732 1824 1787; x_wconf 90' lang='lat' dir='ltr'>vulne-</span> 
     </span>
    </p>
   </div>
   <div class='ocr_carea' id='block_1_18' title="bbox 1936 568 2780 642">
    <p class='ocr_par' dir='ltr' id='par_1_18' title="bbox 1936 568 2780 642">
     <span class='ocr_line' id='line_1_18' title="bbox 1936 568 2780 642; baseline -0.002 -18"><span class='ocrx_word' id='word_1_112' title='bbox 1936 584 2182 639; x_wconf 86' lang='lat' dir='ltr'>poeseos</span> <span class='ocrx_word' id='word_1_113' title='bbox 2216 568 2343 642; x_wconf 83' lang='lat' dir='ltr'>lege</span> <span class='ocrx_word' id='word_1_114' title='bbox 2373 570 2456 624; x_wconf 91' lang='lat' dir='ltr'>sic</span> <span class='ocrx_word' id='word_1_115' title='bbox 2483 568 2733 625; x_wconf 83' lang='lat' dir='ltr'>exordiri</span> <span class='ocrx_word' id='word_1_116' title='bbox 2768 586 2780 623; x_wconf 88' lang='lat'>:</span> 
     </span>
    </p>
   </div>
   <div class='ocr_carea' id='block_1_19' title="bbox 2092 655 3422 721">
    <p class='ocr_par' dir='ltr' id='par_1_19' title="bbox 2092 655 3422 721">
     <span class='ocr_line' id='line_1_19' title="bbox 2092 655 3422 721; baseline 0 -14"><span class='ocrx_word' id='word_1_117' title='bbox 2092 659 2201 707; x_wconf 83' lang='lat' dir='ltr'>Hac</span> <span class='ocrx_word' id='word_1_118' title='bbox 2230 672 2411 708; x_wconf 70' lang='lat' dir='ltr'>tamen</span> <span class='ocrx_word' id='word_1_119' title='bbox 2440 662 2610 721; x_wconf 86' lang='lat' dir='ltr'>pater,</span> <span class='ocrx_word' id='word_1_120' title='bbox 2649 671 2919 719; x_wconf 71' lang='lat' dir='ltr'>ucsrroa,</span> <span class='ocrx_word' id='word_1_121' title='bbox 2948 655 3127 715; x_wconf 84' lang='lat' dir='ltr'>levita,</span> <span class='ocrx_word' id='word_1_122' title='bbox 3158 657 3422 707; x_wconf 87' lang='lat' dir='ltr'>sacerdos.</span> 
     </span>
    </p>
   </div>
   <div class='ocr_carea' id='block_1_20' title="bbox 2001 746 3585 818">
    <p class='ocr_par' dir='ltr' id='par_1_20' title="bbox 2001 746 3585 818">
     <span class='ocr_line' id='line_1_20' title="bbox 2001 746 3585 818; baseline 0 -14"><span class='ocrx_word' id='word_1_123' title='bbox 2001 749 2133 804; x_wconf 88' lang='lat' dir='ltr'>Jam</span> <span class='ocrx_word' id='word_1_124' title='bbox 2162 764 2297 804; x_wconf 90' lang='lat' dir='ltr'>vero</span> <span class='ocrx_word' id='word_1_125' title='bbox 2323 765 2626 818; x_wconf 88' lang='lat' dir='ltr'>processus</span> <span class='ocrx_word' id='word_1_126' title='bbox 2650 749 2759 803; x_wconf 90' lang='lat' dir='ltr'>iste</span> <span class='ocrx_word' id='word_1_127' title='bbox 2796 748 2866 802; x_wconf 93' lang='lat' dir='ltr'>ab</span> <span class='ocrx_word' id='word_1_128' title='bbox 2891 751 3264 818; x_wconf 86' lang='lat' dir='ltr'>exceptoratu</span> <span class='ocrx_word' id='word_1_129' title='bbox 3291 746 3361 801; x_wconf 91' lang='lat' dir='ltr'>ad</span> <span class='ocrx_word' id='word_1_130' title='bbox 3406 746 3585 804; x_wconf 88' lang='lat' dir='ltr'>lecto-</span> 
     </span>
    </p>
   </div>
   <div class='ocr_carea' id='block_1_21' title="bbox 1936 838 3585 908">
    <p class='ocr_par' dir='ltr' id='par_1_21' title="bbox 1936 838 3585 908">
     <span class='ocr_line' id='line_1_21' title="bbox 1936 838 3585 908; baseline 0.001 -15"><span class='ocrx_word' id='word_1_131' title='bbox 1936 843 2151 905; x_wconf 88' lang='lat' dir='ltr'>ratum,</span> <span class='ocrx_word' id='word_1_132' title='bbox 2170 856 2281 895; x_wconf 91' lang='lat' dir='ltr'>non</span> <span class='ocrx_word' id='word_1_133' title='bbox 2298 839 2380 893; x_wconf 84' lang='lat' dir='ltr'>ita</span> <span class='ocrx_word' id='word_1_134' title='bbox 2394 840 2692 908; x_wconf 86' lang='lat' dir='ltr'>frequens,</span> <span class='ocrx_word' id='word_1_135' title='bbox 2712 838 2914 893; x_wconf 90' lang='lat' dir='ltr'>mirice</span> <span class='ocrx_word' id='word_1_136' title='bbox 2931 838 3241 893; x_wconf 80' lang='lat' dir='ltr'>confirmat</span> <span class='ocrx_word' id='word_1_137' title='bbox 3262 838 3585 894; x_wconf 88' lang='lat' dir='ltr'>Antonium</span> 
     </span>
    </p>
   </div>
   <div class='ocr_carea' id='block_1_22' title="bbox 1939 925 3581 999">
    <p class='ocr_par' dir='ltr' id='par_1_22' title="bbox 1939 925 3581 999">
     <span class='ocr_line' id='line_1_22' title="bbox 1939 925 3581 999; baseline 0.001 -16"><span class='ocrx_word' id='word_1_138' title='bbox 1939 946 2049 983; x_wconf 91' lang='lat' dir='ltr'>non</span> <span class='ocrx_word' id='word_1_139' title='bbox 2075 946 2106 983; x_wconf 93' lang='lat' dir='ltr'>a</span> <span class='ocrx_word' id='word_1_140' title='bbox 2132 929 2436 999; x_wconf 85' lang='lat' dir='ltr'>puero,sed</span> <span class='ocrx_word' id='word_1_141' title='bbox 2465 927 2885 999; x_wconf 87' lang='lat' dir='ltr'>provectiorem</span> <span class='ocrx_word' id='word_1_142' title='bbox 2911 927 2981 982; x_wconf 90' lang='lat' dir='ltr'>ad</span> <span class='ocrx_word' id='word_1_143' title='bbox 3006 925 3226 981; x_wconf 87' lang='lat' dir='ltr'>clerum</span> <span class='ocrx_word' id='word_1_144' title='bbox 3244 926 3581 984; x_wconf 87' lang='lat' dir='ltr'>accessisse.</span> 
     </span>
    </p>
   </div>
   <div class='ocr_carea' id='block_1_23' title="bbox 1936 1015 3583 1088">
    <p class='ocr_par' dir='ltr' id='par_1_23' title="bbox 1936 1015 3583 1088">
     <span class='ocr_line' id='line_1_23' title="bbox 1936 1015 3583 1088; baseline -0.001 -16"><span class='ocrx_word' id='word_1_145' title='bbox 1936 1019 1979 1072; x_wconf 93' lang='lat' dir='ltr'>li</span> <span class='ocrx_word' id='word_1_146' title='bbox 2009 1019 2223 1073; x_wconf 87' lang='lat' dir='ltr'>etenim</span> <span class='ocrx_word' id='word_1_147' title='bbox 2250 1018 2374 1088; x_wconf 90' lang='lat' dir='ltr'>qui,</span> <span class='ocrx_word' id='word_1_148' title='bbox 2402 1017 2625 1071; x_wconf 88' lang='lat' dir='ltr'>reddita</span> <span class='ocrx_word' id='word_1_149' title='bbox 2645 1016 2909 1072; x_wconf 87' lang='lat' dir='ltr'>Ecclesia</span> <span class='ocrx_word' id='word_1_150' title='bbox 2928 1032 3087 1088; x_wconf 88' lang='lat' dir='ltr'>pace,</span> <span class='ocrx_word' id='word_1_151' title='bbox 3109 1033 3138 1070; x_wconf 89' lang='lat' dir='ltr'>a</span> <span class='ocrx_word' id='word_1_152' title='bbox 3156 1016 3353 1087; x_wconf 89' lang='lat' dir='ltr'>pueris</span> <span class='ocrx_word' id='word_1_153' title='bbox 3375 1015 3583 1071; x_wconf 86' lang='lat' dir='ltr'>divina</span> 
     </span>
    </p>
   </div>
   <div class='ocr_carea' id='block_1_24' title="bbox 1938 1104 3585 1176">
    <p class='ocr_par' dir='ltr' id='par_1_24' title="bbox 1938 1104 3585 1176">
     <span class='ocr_line' id='line_1_24' title="bbox 1938 1104 3585 1176; baseline -0.002 -14"><span class='ocrx_word' id='word_1_154' title='bbox 1938 1105 2157 1162; x_wconf 85' lang='lat' dir='ltr'>militia</span> <span class='ocrx_word' id='word_1_155' title='bbox 2180 1106 2855 1171; x_wconf 88' lang='lat' dir='ltr'>ascribebantur,statim</span> <span class='ocrx_word' id='word_1_156' title='bbox 2873 1123 2905 1161; x_wconf 91' lang='lat' dir='ltr'>a</span> <span class='ocrx_word' id='word_1_157' title='bbox 2919 1104 3213 1176; x_wconf 88' lang='lat' dir='ltr'>baptismo</span> <span class='ocrx_word' id='word_1_158' title='bbox 3230 1106 3287 1159; x_wconf 91' lang='lat' dir='ltr'>in</span> <span class='ocrx_word' id='word_1_159' title='bbox 3304 1104 3585 1159; x_wconf 89' lang='lat' dir='ltr'>lectorum</span> 
     </span>
    </p>
   </div>
   <div class='ocr_carea' id='block_1_25' title="bbox 1936 1193 3585 1266">
    <p class='ocr_par' dir='ltr' id='par_1_25' title="bbox 1936 1193 3585 1266">
     <span class='ocr_line' id='line_1_25' title="bbox 1936 1193 3585 1266; baseline -0.002 -15"><span class='ocrx_word' id='word_1_160' title='bbox 1936 1194 2249 1266; x_wconf 88' lang='lat' dir='ltr'>collegium</span> <span class='ocrx_word' id='word_1_161' title='bbox 2268 1201 2403 1250; x_wconf 89' lang='lat' dir='ltr'>ante</span> <span class='ocrx_word' id='word_1_162' title='bbox 2419 1211 2490 1265; x_wconf 92' lang='lat' dir='ltr'>pu</span> <span class='ocrx_word' id='word_1_163' title='bbox 2505 1194 2748 1249; x_wconf 90' lang='lat' dir='ltr'>bertatis</span> <span class='ocrx_word' id='word_1_164' title='bbox 2776 1211 2962 1249; x_wconf 89' lang='lat' dir='ltr'>annos</span> <span class='ocrx_word' id='word_1_165' title='bbox 2978 1193 3166 1258; x_wconf 88' lang='lat' dir='ltr'>relati,</span> <span class='ocrx_word' id='word_1_166' title='bbox 3187 1200 3323 1247; x_wconf 83' lang='lat' dir='ltr'>tunc</span> <span class='ocrx_word' id='word_1_167' title='bbox 3346 1193 3585 1248; x_wconf 88' lang='lat' dir='ltr'>demum</span> 
     </span>
    </p>
   </div>
   <div class='ocr_carea' id='block_1_26' title="bbox 1934 1282 3588 1355">
    <p class='ocr_par' dir='ltr' id='par_1_26' title="bbox 1934 1282 3588 1355">
     <span class='ocr_line' id='line_1_26' title="bbox 1934 1282 3588 1355; baseline -0.001 -15"><span class='ocrx_word' id='word_1_168' title='bbox 1934 1284 2261 1355; x_wconf 88' lang='lat' dir='ltr'>exceptoris</span> <span class='ocrx_word' id='word_1_169' title='bbox 2293 1283 2552 1338; x_wconf 85' lang='lat' dir='ltr'>ofﬁcium</span> <span class='ocrx_word' id='word_1_170' title='bbox 2589 1284 3083 1355; x_wconf 87' lang='lat' dir='ltr'>assequebantur,</span> <span class='ocrx_word' id='word_1_171' title='bbox 3114 1282 3165 1338; x_wconf 90' lang='lat' dir='ltr'>si</span> <span class='ocrx_word' id='word_1_172' title='bbox 3197 1298 3417 1353; x_wconf 87' lang='lat' dir='ltr'>gnavos</span> <span class='ocrx_word' id='word_1_173' title='bbox 3459 1298 3588 1338; x_wconf 89' lang='lat' dir='ltr'>sese</span> 
     </span>
    </p>
   </div>
   <div class='ocr_carea' id='block_1_27' title="bbox 1935 1367 3585 1443">
    <p class='ocr_par' dir='ltr' id='par_1_27' title="bbox 1935 1367 3585 1443">
     <span class='ocr_line' id='line_1_27' title="bbox 1935 1367 3585 1443; baseline -0.001 -16"><span class='ocrx_word' id='word_1_174' title='bbox 1935 1378 2113 1443; x_wconf 91' lang='lat' dir='ltr'>atque</span> <span class='ocrx_word' id='word_1_175' title='bbox 2136 1371 2460 1427; x_wconf 86' lang='lat' dir='ltr'>industrios</span> <span class='ocrx_word' id='word_1_176' title='bbox 2490 1372 2561 1426; x_wconf 90' lang='lat' dir='ltr'>ad</span> <span class='ocrx_word' id='word_1_177' title='bbox 2589 1371 2643 1425; x_wconf 90' lang='lat' dir='ltr'>id</span> <span class='ocrx_word' id='word_1_178' title='bbox 2671 1370 2933 1425; x_wconf 90' lang='lat' dir='ltr'>muneris</span> <span class='ocrx_word' id='word_1_179' title='bbox 2958 1368 3386 1424; x_wconf 89' lang='lat' dir='ltr'>exhibuissent.</span> <span class='ocrx_word' id='word_1_180' title='bbox 3413 1367 3585 1425; x_wconf 82' lang='lat' dir='ltr'>Illus-</span> 
     </span>
    </p>
   </div>
   <div class='ocr_carea' id='block_1_28' title="bbox 1934 1457 3586 1531">
    <p class='ocr_par' dir='ltr' id='par_1_28' title="bbox 1934 1457 3586 1531">
     <span class='ocr_line' id='line_1_28' title="bbox 1934 1457 3586 1531; baseline -0.003 -14"><span class='ocrx_word' id='word_1_181' title='bbox 1934 1467 2021 1517; x_wconf 89' lang='lat' dir='ltr'>tre</span> <span class='ocrx_word' id='word_1_182' title='bbox 2044 1462 2100 1516; x_wconf 91' lang='lat' dir='ltr'>in</span> <span class='ocrx_word' id='word_1_183' title='bbox 2128 1461 2280 1516; x_wconf 91' lang='lat' dir='ltr'>hanc</span> <span class='ocrx_word' id='word_1_184' title='bbox 2304 1459 3082 1531; x_wconf 89' lang='lat' dir='ltr'>remEpiphaniiTicinensis</span> <span class='ocrx_word' id='word_1_185' title='bbox 3105 1457 3433 1529; x_wconf 87' lang='lat' dir='ltr'>exemplum</span> <span class='ocrx_word' id='word_1_186' title='bbox 3451 1474 3586 1530; x_wconf 89' lang='lat' dir='ltr'>sup-</span> 
     </span>
    </p>
   </div>
   <div class='ocr_carea' id='block_1_29' title="bbox 1935 1548 3587 1622">
    <p class='ocr_par' dir='ltr' id='par_1_29' title="bbox 1935 1548 3587 1622">
     <span class='ocr_line' id='line_1_29' title="bbox 1935 1548 3587 1622; baseline -0.001 -17"><span class='ocrx_word' id='word_1_187' title='bbox 1935 1550 2157 1622; x_wconf 90' lang='lat' dir='ltr'>peditat</span> <span class='ocrx_word' id='word_1_188' title='bbox 2180 1550 2349 1607; x_wconf 91' lang='lat' dir='ltr'>nobis</span> <span class='ocrx_word' id='word_1_189' title='bbox 2368 1550 2666 1605; x_wconf 89' lang='lat' dir='ltr'>Ennodius</span> <span class='ocrx_word' id='word_1_190' title='bbox 2691 1549 2781 1621; x_wconf 87' lang='lat' dir='ltr'>(c),</span> <span class='ocrx_word' id='word_1_191' title='bbox 2800 1549 2899 1620; x_wconf 93' lang='lat' dir='ltr'>qui</span> <span class='ocrx_word' id='word_1_192' title='bbox 2924 1553 3231 1620; x_wconf 85' lang='lat' dir='ltr'>postquam</span> <span class='ocrx_word' id='word_1_193' title='bbox 3255 1564 3386 1603; x_wconf 89' lang='lat' dir='ltr'>eum</span> <span class='ocrx_word' id='word_1_194' title='bbox 3412 1548 3587 1603; x_wconf 78' lang='lat' dir='ltr'>cale-</span> 
     </span>
    </p>
   </div>
   <div class='ocr_carea' id='block_1_30' title="bbox 1934 1636 3586 1708">
    <p class='ocr_par' dir='ltr' id='par_1_30' title="bbox 1934 1636 3586 1708">
     <span class='ocr_line' id='line_1_30' title="bbox 1934 1636 3586 1708; baseline -0.001 -15"><span class='ocrx_word' id='word_1_195' title='bbox 1934 1638 2009 1693; x_wconf 91' lang='lat' dir='ltr'>sti</span> <span class='ocrx_word' id='word_1_196' title='bbox 2039 1639 2260 1694; x_wconf 87' lang='lat' dir='ltr'>militia</span> <span class='ocrx_word' id='word_1_197' title='bbox 2284 1639 2622 1695; x_wconf 88' lang='lat' dir='ltr'>tirocinium</span> <span class='ocrx_word' id='word_1_198' title='bbox 2652 1639 2762 1693; x_wconf 88' lang='lat' dir='ltr'>sub</span> <span class='ocrx_word' id='word_1_199' title='bbox 2805 1637 3071 1708; x_wconf 89' lang='lat' dir='ltr'>Crispino</span> <span class='ocrx_word' id='word_1_200' title='bbox 3094 1637 3364 1693; x_wconf 90' lang='lat' dir='ltr'>sortitum</span> <span class='ocrx_word' id='word_1_201' title='bbox 3399 1636 3586 1692; x_wconf 74' lang='lat' dir='ltr'>fuisse</span> 
     </span>
    </p>
   </div>
   <div class='ocr_carea' id='block_1_31' title="bbox 1933 1725 3581 1798">
    <p class='ocr_par' dir='ltr' id='par_1_31' title="bbox 1933 1725 3581 1798">
     <span class='ocr_line' id='line_1_31' title="bbox 1933 1725 3581 1798; baseline -0.001 -16"><span class='ocrx_word' id='word_1_202' title='bbox 1933 1728 2032 1794; x_wconf 88' lang='lat' dir='ltr'>ait,</span> <span class='ocrx_word' id='word_1_203' title='bbox 2068 1728 2421 1798; x_wconf 89' lang='lat' dir='ltr'>lectorisque</span> <span class='ocrx_word' id='word_1_204' title='bbox 2441 1728 2632 1782; x_wconf 84' lang='lat' dir='ltr'>ofﬁcio</span> <span class='ocrx_word' id='word_1_205' title='bbox 2658 1728 2950 1795; x_wconf 88' lang='lat' dir='ltr'>functum,</span> <span class='ocrx_word' id='word_1_206' title='bbox 2980 1727 3170 1797; x_wconf 87' lang='lat' dir='ltr'>pergit</span> <span class='ocrx_word' id='word_1_207' title='bbox 3190 1743 3203 1782; x_wconf 88' lang='lat'><strong>:</strong></span> <span class='ocrx_word' id='word_1_208' title='bbox 3224 1726 3489 1781; x_wconf 79' lang='lat' dir='ltr'>Natarum</span> <span class='ocrx_word' id='word_1_209' title='bbox 3520 1725 3581 1781; x_wconf 86' lang='lat' dir='ltr'>in</span> 
     </span>
    </p>
   </div>
   <div class='ocr_carea' id='block_1_32' title="bbox 212 1815 3585 1918">
    <p class='ocr_par' dir='ltr' id='par_1_32' title="bbox 212 1815 3585 1918">
     <span class='ocr_line' id='line_1_32' title="bbox 212 1815 3585 1918; baseline -0.002 -41"><span class='ocrx_word' id='word_1_210' title='bbox 212 1838 318 1877; x_wconf 87' lang='lat' dir='ltr'>rum</span> <span class='ocrx_word' id='word_1_211' title='bbox 347 1823 641 1878; x_wconf 84' lang='lat' dir='ltr'>cicatrices</span> <span class='ocrx_word' id='word_1_212' title='bbox 664 1824 1005 1891; x_wconf 86' lang='lat' dir='ltr'>obduxerat;</span> <span class='ocrx_word' id='word_1_213' title='bbox 1033 1840 1273 1895; x_wconf 87' lang='lat' dir='ltr'>prorsus</span> <span class='ocrx_word' id='word_1_214' title='bbox 1297 1827 1359 1877; x_wconf 89' lang='lat' dir='ltr'>ut</span> <span class='ocrx_word' id='word_1_215' title='bbox 1382 1822 1611 1890; x_wconf 90' lang='lat' dir='ltr'>talium,</span> <span class='ocrx_word' id='word_1_216' title='bbox 1630 1820 1823 1892; x_wconf 88' lang='lat' dir='ltr'>qualis</span> <span class='ocrx_word' id='word_1_217' title='bbox 1857 1854 1901 1918; x_wconf 77' lang='grc' dir='ltr'><strong>Β</strong></span> <span class='ocrx_word' id='word_1_218' title='bbox 1932 1817 2219 1874; x_wconf 72' lang='lat' dir='ltr'>scribendo</span> <span class='ocrx_word' id='word_1_219' title='bbox 2239 1816 2579 1888; x_wconf 85' lang='lat' dir='ltr'>compendia,</span> <span class='ocrx_word' id='word_1_220' title='bbox 2603 1820 2652 1869; x_wconf 88' lang='lat' dir='ltr'>et</span> <span class='ocrx_word' id='word_1_221' title='bbox 2674 1817 2881 1885; x_wconf 84' lang='lat' dir='ltr'>ﬁguras</span> <span class='ocrx_word' id='word_1_222' title='bbox 2905 1815 3086 1869; x_wconf 79' lang='lat' dir='ltr'>varias</span> <span class='ocrx_word' id='word_1_223' title='bbox 3116 1816 3405 1869; x_wconf 85' lang='lat' dir='ltr'>verborum</span> <span class='ocrx_word' id='word_1_224' title='bbox 3433 1815 3585 1869; x_wconf 72' lang='lat' dir='ltr'>mal-</span> 
     </span>
    </p>
   </div>
   <div class='ocr_carea' id='block_1_33' title="bbox 212 1910 1820 1985">
    <p class='ocr_par' dir='ltr' id='par_1_33' title="bbox 212 1910 1820 1985">
     <span class='ocr_line' id='line_1_33' title="bbox 212 1910 1820 1985; baseline -0.002 -17"><span class='ocrx_word' id='word_1_225' title='bbox 212 1913 461 1968; x_wconf 76' lang='lat' dir='ltr'>Antonius</span> <span class='ocrx_word' id='word_1_226' title='bbox 516 1916 664 1979; x_wconf 89' lang='lat' dir='ltr'>erat,</span> <span class='ocrx_word' id='word_1_227' title='bbox 692 1912 947 1967; x_wconf 88' lang='lat' dir='ltr'>virorum</span> <span class='ocrx_word' id='word_1_228' title='bbox 997 1912 1287 1985; x_wconf 88' lang='lat' dir='ltr'>prasidiis</span> <span class='ocrx_word' id='word_1_229' title='bbox 1338 1916 1541 1966; x_wconf 90' lang='lat' dir='ltr'>contra</span> <span class='ocrx_word' id='word_1_230' title='bbox 1582 1910 1738 1980; x_wconf 85' lang='lat' dir='ltr'>belli,</span> <span class='ocrx_word' id='word_1_231' title='bbox 1772 1910 1820 1965; x_wconf 92' lang='lat' dir='ltr'>si</span> 
     </span>
    </p>
   </div>
   <div class='ocr_carea' id='block_1_34' title="bbox 1933 1903 3579 1976">
    <p class='ocr_par' dir='ltr' id='par_1_34' title="bbox 1933 1903 3579 1976">
     <span class='ocr_line' id='line_1_34' title="bbox 1933 1903 3579 1976; baseline -0.001 -14"><span class='ocrx_word' id='word_1_232' title='bbox 1933 1906 2225 1963; x_wconf 77' lang='lat' dir='ltr'>tiludinem</span> <span class='ocrx_word' id='word_1_233' title='bbox 2254 1905 2770 1976; x_wconf 75' lang='lat' dir='ltr'>comprehendentes</span> <span class='ocrx_word' id='word_1_234' title='bbox 2809 1904 2959 1959; x_wconf 84' lang='lat' dir='ltr'>brevi</span> <span class='ocrx_word' id='word_1_235' title='bbox 2988 1908 3283 1969; x_wconf 74' lang='lat' dir='ltr'>assecutus,</span> <span class='ocrx_word' id='word_1_236' title='bbox 3316 1903 3378 1958; x_wconf 84' lang='lat' dir='ltr'>in</span> <span class='ocrx_word' id='word_1_237' title='bbox 3410 1904 3579 1960; x_wconf 75' lang='lat' dir='ltr'>Exce-</span> 
     </span>
    </p>
   </div>
   <div class='ocr_carea' id='block_1_35' title="bbox 209 1992 3582 2073">
    <p class='ocr_par' dir='ltr' id='par_1_35' title="bbox 209 1992 3582 2073">
     <span class='ocr_line' id='line_1_35' title="bbox 209 1992 3582 2073; baseline -0.002 -19"><span class='ocrx_word' id='word_1_238' title='bbox 209 2002 410 2071; x_wconf 90' lang='lat' dir='ltr'>qnando</span> <span class='ocrx_word' id='word_1_239' title='bbox 434 2002 760 2073; x_wconf 86' lang='lat' dir='ltr'>ingrueret,</span> <span class='ocrx_word' id='word_1_240' title='bbox 794 2001 1132 2072; x_wconf 89' lang='lat' dir='ltr'>procellam,</span> <span class='ocrx_word' id='word_1_241' title='bbox 1167 2017 1407 2072; x_wconf 86' lang='lat' dir='ltr'>propere</span> <span class='ocrx_word' id='word_1_242' title='bbox 1431 2000 1661 2055; x_wconf 89' lang='lat' dir='ltr'>munire</span> <span class='ocrx_word' id='word_1_243' title='bbox 1694 2015 1822 2055; x_wconf 88' lang='lat' dir='ltr'>esse</span> <span class='ocrx_word' id='word_1_244' title='bbox 1927 2005 2148 2069; x_wconf 69' lang='lat' dir='ltr'>piorum</span> <span class='ocrx_word' id='word_1_245' title='bbox 2182 2010 2411 2050; x_wconf 85' lang='lat' dir='ltr'>numero</span> <span class='ocrx_word' id='word_1_246' title='bbox 2443 1993 2721 2049; x_wconf 79' lang='lat' dir='ltr'>dedicatus</span> <span class='ocrx_word' id='word_1_247' title='bbox 2760 1995 2988 2048; x_wconf 73' lang='lat' dir='ltr'>enituit.</span> <span class='ocrx_word' id='word_1_248' title='bbox 3012 1993 3211 2064; x_wconf 89' lang='lat' dir='ltr'>Neque</span> <span class='ocrx_word' id='word_1_249' title='bbox 3232 1992 3340 2047; x_wconf 94' lang='lat' dir='ltr'>hoc</span> <span class='ocrx_word' id='word_1_250' title='bbox 3364 1993 3423 2047; x_wconf 92' lang='lat' dir='ltr'>in</span> <span class='ocrx_word' id='word_1_251' title='bbox 3451 1992 3582 2063; x_wconf 85' lang='lat' dir='ltr'>Epi-</span> 
     </span>
    </p>
   </div>
   <div class='ocr_carea' id='block_1_36' title="bbox 208 2089 1817 2162">
    <p class='ocr_par' dir='ltr' id='par_1_36' title="bbox 208 2089 1817 2162">
     <span class='ocr_line' id='line_1_36' title="bbox 208 2089 1817 2162; baseline 0 -19"><span class='ocrx_word' id='word_1_252' title='bbox 208 2094 353 2160; x_wconf 80' lang='lat' dir='ltr'>atque</span> <span class='ocrx_word' id='word_1_253' title='bbox 371 2098 595 2146; x_wconf 90' lang='lat' dir='ltr'>mature</span> <span class='ocrx_word' id='word_1_254' title='bbox 622 2091 926 2162; x_wconf 87' lang='lat' dir='ltr'>providere</span> <span class='ocrx_word' id='word_1_255' title='bbox 950 2090 1461 2145; x_wconf 88' lang='lat' dir='ltr'>consultissimum</span> <span class='ocrx_word' id='word_1_256' title='bbox 1486 2090 1597 2161; x_wconf 91' lang='lat' dir='ltr'>ipsi</span> <span class='ocrx_word' id='word_1_257' title='bbox 1624 2089 1817 2144; x_wconf 84' lang='lat' dir='ltr'>fuerit.</span> 
     </span>
    </p>
   </div>
   <div class='ocr_carea' id='block_1_37' title="bbox 264 2179 1820 2251">
    <p class='ocr_par' dir='ltr' id='par_1_37' title="bbox 264 2179 1820 2251">
     <span class='ocr_line' id='line_1_37' title="bbox 264 2179 1820 2251; baseline -0.002 -16"><span class='ocrx_word' id='word_1_258' title='bbox 264 2181 573 2235; x_wconf 87' lang='lat' dir='ltr'>Constituto</span> <span class='ocrx_word' id='word_1_259' title='bbox 599 2180 728 2251; x_wconf 85' lang='lat' dir='ltr'>jam</span> <span class='ocrx_word' id='word_1_260' title='bbox 754 2197 886 2234; x_wconf 89' lang='lat' dir='ltr'>vero</span> <span class='ocrx_word' id='word_1_261' title='bbox 910 2181 965 2234; x_wconf 93' lang='lat' dir='ltr'>in</span> <span class='ocrx_word' id='word_1_262' title='bbox 991 2184 1325 2251; x_wconf 85' lang='lat' dir='ltr'>exeptoratu</span> <span class='ocrx_word' id='word_1_263' title='bbox 1351 2179 1583 2235; x_wconf 88' lang='lat' dir='ltr'>Damasi</span> <span class='ocrx_word' id='word_1_264' title='bbox 1615 2194 1820 2250; x_wconf 83' lang='lat' dir='ltr'>paren-</span> 
     </span>
    </p>
   </div>
   <div class='ocr_carea' id='block_1_38' title="bbox 206 2267 1820 2341">
    <p class='ocr_par' dir='ltr' id='par_1_38' title="bbox 206 2267 1820 2341">
     <span class='ocr_line' id='line_1_38' title="bbox 206 2267 1820 2341; baseline 0.001 -19"><span class='ocrx_word' id='word_1_265' title='bbox 206 2270 437 2339; x_wconf 81' lang='lat' dir='ltr'>te,lector</span> <span class='ocrx_word' id='word_1_266' title='bbox 456 2271 713 2326; x_wconf 89' lang='lat' dir='ltr'>subinde</span> <span class='ocrx_word' id='word_1_267' title='bbox 738 2270 1165 2341; x_wconf 87' lang='lat' dir='ltr'>ﬁeri,quodque</span> <span class='ocrx_word' id='word_1_268' title='bbox 1191 2271 1482 2341; x_wconf 90' lang='lat' dir='ltr'>reliquum</span> <span class='ocrx_word' id='word_1_269' title='bbox 1500 2274 1625 2324; x_wconf 87' lang='lat' dir='ltr'>erat</span> <span class='ocrx_word' id='word_1_270' title='bbox 1646 2267 1820 2324; x_wconf 87' lang='lat' dir='ltr'>eccle-</span> 
     </span>
    </p>
   </div>
   <div class='ocr_carea' id='block_1_39' title="bbox 204 2357 1820 2431">
    <p class='ocr_par' dir='ltr' id='par_1_39' title="bbox 204 2357 1820 2431">
     <span class='ocr_line' id='line_1_39' title="bbox 204 2357 1820 2431; baseline 0 -19"><span class='ocrx_word' id='word_1_271' title='bbox 204 2358 391 2415; x_wconf 87' lang='lat' dir='ltr'>siastici</span> <span class='ocrx_word' id='word_1_272' title='bbox 436 2360 615 2415; x_wconf 88' lang='lat' dir='ltr'>stadii</span> <span class='ocrx_word' id='word_1_273' title='bbox 642 2360 947 2426; x_wconf 81' lang='lat' dir='ltr'>conficere,</span> <span class='ocrx_word' id='word_1_274' title='bbox 976 2376 1085 2415; x_wconf 93' lang='lat' dir='ltr'>non</span> <span class='ocrx_word' id='word_1_275' title='bbox 1115 2360 1354 2431; x_wconf 89' lang='lat' dir='ltr'>perinde</span> <span class='ocrx_word' id='word_1_276' title='bbox 1394 2359 1632 2414; x_wconf 87' lang='lat' dir='ltr'>difﬁcile</span> <span class='ocrx_word' id='word_1_277' title='bbox 1663 2357 1820 2414; x_wconf 69' lang='lat' dir='ltr'>asti-</span> 
     </span>
    </p>
   </div>
   <div class='ocr_carea' id='block_1_40' title="bbox 205 2448 1818 2521">
    <p class='ocr_par' dir='ltr' id='par_1_40' title="bbox 205 2448 1818 2521">
     <span class='ocr_line' id='line_1_40' title="bbox 205 2448 1818 2521; baseline 0.001 -20"><span class='ocrx_word' id='word_1_278' title='bbox 205 2448 473 2504; x_wconf 87' lang='lat' dir='ltr'>mandum.</span> <span class='ocrx_word' id='word_1_279' title='bbox 510 2448 642 2504; x_wconf 87' lang='lat' dir='ltr'>Una</span> <span class='ocrx_word' id='word_1_280' title='bbox 664 2450 878 2504; x_wconf 88' lang='lat' dir='ltr'>etenim</span> <span class='ocrx_word' id='word_1_281' title='bbox 903 2449 1007 2503; x_wconf 90' lang='lat' dir='ltr'>viri</span> <span class='ocrx_word' id='word_1_282' title='bbox 1042 2448 1303 2521; x_wconf 88' lang='lat' dir='ltr'>probitas</span> <span class='ocrx_word' id='word_1_283' title='bbox 1326 2448 1736 2518; x_wconf 89' lang='lat' dir='ltr'>industriaque</span> <span class='ocrx_word' id='word_1_284' title='bbox 1759 2448 1818 2502; x_wconf 91' lang='lat' dir='ltr'>in</span> 
     </span>
    </p>
   </div>
   <div class='ocr_carea' id='block_1_41' title="bbox 202 2536 1821 2609">
    <p class='ocr_par' dir='ltr' id='par_1_41' title="bbox 202 2536 1821 2609">
     <span class='ocr_line' id='line_1_41' title="bbox 202 2536 1821 2609; baseline -0.001 -18"><span class='ocrx_word' id='word_1_285' title='bbox 202 2543 576 2609; x_wconf 80' lang='lat' dir='ltr'>exceptoratus</span> <span class='ocrx_word' id='word_1_286' title='bbox 641 2555 884 2593; x_wconf 84' lang='lat' dir='ltr'>munere</span> <span class='ocrx_word' id='word_1_287' title='bbox 916 2543 1195 2609; x_wconf 85' lang='lat' dir='ltr'>spectata,</span> <span class='ocrx_word' id='word_1_288' title='bbox 1234 2536 1437 2593; x_wconf 88' lang='lat' dir='ltr'>utalia</span> <span class='ocrx_word' id='word_1_289' title='bbox 1495 2536 1821 2592; x_wconf 87' lang='lat' dir='ltr'>defuissent</span> 
     </span>
    </p>
   </div>
   <div class='ocr_carea' id='block_1_42' title="bbox 202 2624 1816 2697">
    <p class='ocr_par' dir='ltr' id='par_1_42' title="bbox 202 2624 1816 2697">
     <span class='ocr_line' id='line_1_42' title="bbox 202 2624 1816 2697; baseline -0.001 -17"><span class='ocrx_word' id='word_1_290' title='bbox 202 2628 391 2693; x_wconf 87' lang='lat' dir='ltr'>omnia,</span> <span class='ocrx_word' id='word_1_291' title='bbox 424 2628 673 2697; x_wconf 84' lang='lat' dir='ltr'>gradum</span> <span class='ocrx_word' id='word_1_292' title='bbox 707 2627 757 2682; x_wconf 90' lang='lat' dir='ltr'>ei</span> <span class='ocrx_word' id='word_1_293' title='bbox 793 2627 861 2681; x_wconf 90' lang='lat' dir='ltr'>ad</span> <span class='ocrx_word' id='word_1_294' title='bbox 896 2624 1243 2682; x_wconf 85' lang='lat' dir='ltr'>lectoratum</span> <span class='ocrx_word' id='word_1_295' title='bbox 1277 2630 1632 2694; x_wconf 87' lang='lat' dir='ltr'>caterosque</span> <span class='ocrx_word' id='word_1_296' title='bbox 1663 2625 1816 2679; x_wconf 89' lang='lat' dir='ltr'>ordi-</span> 
     </span>
    </p>
   </div>
   <div class='ocr_carea' id='block_1_43' title="bbox 204 2714 1818 2788">
    <p class='ocr_par' dir='ltr' id='par_1_43' title="bbox 204 2714 1818 2788">
     <span class='ocr_line' id='line_1_43' title="bbox 204 2714 1818 2788; baseline -0.001 -18"><span class='ocrx_word' id='word_1_297' title='bbox 204 2732 308 2781; x_wconf 87' lang='lat' dir='ltr'>nes,</span> <span class='ocrx_word' id='word_1_298' title='bbox 336 2716 503 2788; x_wconf 87' lang='lat' dir='ltr'>idque</span> <span class='ocrx_word' id='word_1_299' title='bbox 536 2717 943 2787; x_wconf 83' lang='lat' dir='ltr'>inexspectato</span> <span class='ocrx_word' id='word_1_300' title='bbox 991 2720 1322 2787; x_wconf 88' lang='lat' dir='ltr'>temporum</span> <span class='ocrx_word' id='word_1_301' title='bbox 1358 2714 1696 2781; x_wconf 89' lang='lat' dir='ltr'>interstitio,</span> <span class='ocrx_word' id='word_1_302' title='bbox 1731 2714 1818 2768; x_wconf 91' lang='lat' dir='ltr'>fa-</span> 
     </span>
    </p>
   </div>
   <div class='ocr_carea' id='block_1_44' title="bbox 200 2803 1817 2877">
    <p class='ocr_par' dir='ltr' id='par_1_44' title="bbox 200 2803 1817 2877">
     <span class='ocr_line' id='line_1_44' title="bbox 200 2803 1817 2877; baseline -0.001 -19"><span class='ocrx_word' id='word_1_303' title='bbox 200 2820 303 2859; x_wconf 89' lang='lat' dir='ltr'>cere</span> <span class='ocrx_word' id='word_1_304' title='bbox 347 2804 830 2861; x_wconf 88' lang='lat' dir='ltr'>commodissime</span> <span class='ocrx_word' id='word_1_305' title='bbox 891 2804 1098 2877; x_wconf 91' lang='lat' dir='ltr'>potuit.</span> <span class='ocrx_word' id='word_1_306' title='bbox 1151 2804 1347 2874; x_wconf 90' lang='lat' dir='ltr'>Neque</span> <span class='ocrx_word' id='word_1_307' title='bbox 1380 2819 1485 2858; x_wconf 91' lang='lat' dir='ltr'>nos</span> <span class='ocrx_word' id='word_1_308' title='bbox 1515 2807 1734 2867; x_wconf 90' lang='lat' dir='ltr'>tamen,</span> <span class='ocrx_word' id='word_1_309' title='bbox 1768 2803 1817 2857; x_wconf 91' lang='lat' dir='ltr'>si</span> 
     </span>
    </p>
   </div>
   <div class='ocr_carea' id='block_1_45' title="bbox 196 2891 1816 2964">
    <p class='ocr_par' dir='ltr' id='par_1_45' title="bbox 196 2891 1816 2964">
     <span class='ocr_line' id='line_1_45' title="bbox 196 2891 1816 2964; baseline -0.001 -17"><span class='ocrx_word' id='word_1_310' title='bbox 196 2899 568 2964; x_wconf 77' lang='lat' dir='ltr'>praessertam</span> <span class='ocrx_word' id='word_1_311' title='bbox 609 2893 1147 2949; x_wconf 86' lang='lat' dir='ltr'>ecclesiasticarum</span> <span class='ocrx_word' id='word_1_312' title='bbox 1197 2892 1395 2964; x_wconf 90' lang='lat' dir='ltr'>legum</span> <span class='ocrx_word' id='word_1_313' title='bbox 1447 2891 1816 2947; x_wconf 89' lang='lat' dir='ltr'>severitatem</span> 
     </span>
    </p>
   </div>
   <div class='ocr_carea' id='block_1_46' title="bbox 193 2981 1817 3052">
    <p class='ocr_par' dir='ltr' id='par_1_46' title="bbox 193 2981 1817 3052">
     <span class='ocr_line' id='line_1_46' title="bbox 193 2981 1817 3052; baseline 0.001 -17"><span class='ocrx_word' id='word_1_314' title='bbox 193 2981 252 3035; x_wconf 85' lang='lat' dir='ltr'>ad</span> <span class='ocrx_word' id='word_1_315' title='bbox 292 2982 576 3039; x_wconf 87' lang='lat' dir='ltr'>amussim</span> <span class='ocrx_word' id='word_1_316' title='bbox 610 2981 669 3036; x_wconf 91' lang='lat' dir='ltr'>in</span> <span class='ocrx_word' id='word_1_317' title='bbox 705 2999 771 3038; x_wconf 93' lang='lat' dir='ltr'>eo</span> <span class='ocrx_word' id='word_1_318' title='bbox 831 2983 1225 3047; x_wconf 85' lang='lat' dir='ltr'>observatam,</span> <span class='ocrx_word' id='word_1_319' title='bbox 1284 2982 1700 3052; x_wconf 76' lang='lat' dir='ltr'>integrumque</span> <span class='ocrx_word' id='word_1_320' title='bbox 1757 2981 1817 3036; x_wconf 90' lang='lat' dir='ltr'>in</span> 
     </span>
    </p>
   </div>
   <div class='ocr_carea' id='block_1_47' title="bbox 193 3070 1815 3143">
    <p class='ocr_par' dir='ltr' id='par_1_47' title="bbox 193 3070 1815 3143">
     <span class='ocr_line' id='line_1_47' title="bbox 193 3070 1815 3143; baseline -0.001 -17"><span class='ocrx_word' id='word_1_321' title='bbox 193 3070 487 3128; x_wconf 88' lang='lat' dir='ltr'>minoribus</span> <span class='ocrx_word' id='word_1_322' title='bbox 559 3072 877 3128; x_wconf 88' lang='lat' dir='ltr'>constituto</span> <span class='ocrx_word' id='word_1_323' title='bbox 922 3070 1294 3143; x_wconf 90' lang='lat' dir='ltr'>septennium</span> <span class='ocrx_word' id='word_1_324' title='bbox 1353 3070 1815 3142; x_wconf 82' lang='lat' dir='ltr'>exspectandum</span> 
     </span>
    </p>
   </div>
   <div class='ocr_carea' id='block_1_48' title="bbox 190 3159 1816 3233">
    <p class='ocr_par' dir='ltr' id='par_1_48' title="bbox 190 3159 1816 3233">
     <span class='ocr_line' id='line_1_48' title="bbox 190 3159 1816 3233; baseline -0.001 -17"><span class='ocrx_word' id='word_1_325' title='bbox 190 3159 431 3218; x_wconf 85' lang='lat' dir='ltr'>Merenda</span> <span class='ocrx_word' id='word_1_326' title='bbox 459 3162 861 3228; x_wconf 75' lang='lat' dir='ltr'>contenderit,</span> <span class='ocrx_word' id='word_1_327' title='bbox 894 3177 1110 3233; x_wconf 90' lang='lat' dir='ltr'>magno</span> <span class='ocrx_word' id='word_1_328' title='bbox 1142 3164 1451 3232; x_wconf 89' lang='lat' dir='ltr'>propterea</span> <span class='ocrx_word' id='word_1_329' title='bbox 1482 3161 1614 3215; x_wconf 88' lang='lat' dir='ltr'>nisu</span> <span class='ocrx_word' id='word_1_330' title='bbox 1651 3175 1816 3232; x_wconf 85' lang='lat' dir='ltr'>repu-</span> 
     </span>
    </p>
   </div>
   <div class='ocr_carea' id='block_1_49' title="bbox 188 3224 1892 3323">
    <p class='ocr_par' dir='ltr' id='par_1_49' title="bbox 188 3224 1892 3323">
     <span class='ocr_line' id='line_1_49' title="bbox 188 3224 1892 3323; baseline -0.001 -17"><span class='ocrx_word' id='word_1_331' title='bbox 188 3253 497 3323; x_wconf 88' lang='lat' dir='ltr'>gnabimus.</span> <span class='ocrx_word' id='word_1_332' title='bbox 530 3253 772 3309; x_wconf 84' lang='lat' dir='ltr'>Etenim</span> <span class='ocrx_word' id='word_1_333' title='bbox 805 3252 890 3307; x_wconf 89' lang='lat' dir='ltr'>vel</span> <span class='ocrx_word' id='word_1_334' title='bbox 924 3252 1008 3307; x_wconf 91' lang='lat' dir='ltr'>sic</span> <span class='ocrx_word' id='word_1_335' title='bbox 1040 3250 1351 3316; x_wconf 89' lang='lat' dir='ltr'>Antonius,</span> <span class='ocrx_word' id='word_1_336' title='bbox 1375 3250 1618 3305; x_wconf 80' lang='lat' dir='ltr'>vixdum</span> <span class='ocrx_word' id='word_1_337' title='bbox 1651 3267 1820 3306; x_wconf 84' lang='lat' dir='ltr'>sexa-</span> <span class='ocrx_word' id='word_1_338' title='bbox 1850 3224 1892 3291; x_wconf 70' lang='grc' dir='ltr'>Ο</span> 
     </span>
    </p>
   </div>
   <div class='ocr_carea' id='block_1_50' title="bbox 190 3340 1814 3415">
    <p class='ocr_par' dir='ltr' id='par_1_50' title="bbox 190 3340 1814 3415">
     <span class='ocr_line' id='line_1_50' title="bbox 190 3340 1814 3415; baseline -0.001 -18"><span class='ocrx_word' id='word_1_339' title='bbox 190 3344 453 3413; x_wconf 84' lang='lat' dir='ltr'>genarins,</span> <span class='ocrx_word' id='word_1_340' title='bbox 497 3345 740 3415; x_wconf 82' lang='lat' dir='ltr'>integra</span> <span class='ocrx_word' id='word_1_341' title='bbox 788 3341 1013 3398; x_wconf 88' lang='lat' dir='ltr'>scilicet</span> <span class='ocrx_word' id='word_1_342' title='bbox 1043 3345 1230 3411; x_wconf 89' lang='lat' dir='ltr'>atate,</span> <span class='ocrx_word' id='word_1_343' title='bbox 1264 3340 1502 3412; x_wconf 89' lang='lat' dir='ltr'>provehi</span> <span class='ocrx_word' id='word_1_344' title='bbox 1543 3340 1612 3395; x_wconf 90' lang='lat' dir='ltr'>ad</span> <span class='ocrx_word' id='word_1_345' title='bbox 1648 3356 1814 3412; x_wconf 87' lang='lat' dir='ltr'>pres-</span> 
     </span>
    </p>
   </div>
   <div class='ocr_carea' id='block_1_51' title="bbox 199 3431 956 3504">
    <p class='ocr_par' dir='ltr' id='par_1_51' title="bbox 199 3431 956 3504">
     <span class='ocr_line' id='line_1_51' title="bbox 199 3431 956 3504; baseline 0 -19"><span class='ocrx_word' id='word_1_346' title='bbox 199 3432 501 3504; x_wconf 77' lang='lat' dir='ltr'>byteratum</span> <span class='ocrx_word' id='word_1_347' title='bbox 536 3431 714 3489; x_wconf 73' lang='lat' dir='ltr'>facile</span> <span class='ocrx_word' id='word_1_348' title='bbox 746 3431 956 3504; x_wconf 90' lang='lat' dir='ltr'>potuit.</span> 
     </span>
    </p>
   </div>
   <div class='ocr_carea' id='block_1_52' title="bbox 255 3518 1822 3589">
    <p class='ocr_par' dir='ltr' id='par_1_52' title="bbox 255 3518 1822 3589">
     <span class='ocr_line' id='line_1_52' title="bbox 255 3518 1822 3589; baseline -0.002 -13"><span class='ocrx_word' id='word_1_349' title='bbox 255 3521 528 3579; x_wconf 83' lang='lat' dir='ltr'>Hactenus</span> <span class='ocrx_word' id='word_1_350' title='bbox 560 3520 993 3576; x_wconf 88' lang='lat' dir='ltr'>verosimilium</span> <span class='ocrx_word' id='word_1_351' title='bbox 1028 3518 1240 3574; x_wconf 83' lang='lat' dir='ltr'>seriem</span> <span class='ocrx_word' id='word_1_352' title='bbox 1257 3518 1594 3583; x_wconf 83' lang='lat' dir='ltr'>atteximus,</span> <span class='ocrx_word' id='word_1_353' title='bbox 1623 3518 1679 3572; x_wconf 90' lang='lat' dir='ltr'>in</span> <span class='ocrx_word' id='word_1_354' title='bbox 1706 3534 1822 3589; x_wconf 88' lang='lat' dir='ltr'>qua</span> 
     </span>
    </p>
   </div>
   <div class='ocr_carea' id='block_1_53' title="bbox 200 3606 1822 3683">
    <p class='ocr_par' dir='ltr' id='par_1_53' title="bbox 200 3606 1822 3683">
     <span class='ocr_line' id='line_1_53' title="bbox 200 3606 1822 3683; baseline -0.001 -20"><span class='ocrx_word' id='word_1_355' title='bbox 200 3613 389 3679; x_wconf 86' lang='lat' dir='ltr'>tamen,</span> <span class='ocrx_word' id='word_1_356' title='bbox 414 3612 463 3667; x_wconf 89' lang='lat' dir='ltr'>si</span> <span class='ocrx_word' id='word_1_357' title='bbox 502 3611 649 3683; x_wconf 89' lang='lat' dir='ltr'>quid</span> <span class='ocrx_word' id='word_1_358' title='bbox 685 3626 787 3681; x_wconf 80' lang='lat' dir='ltr'>ego</span> <span class='ocrx_word' id='word_1_359' title='bbox 818 3609 987 3664; x_wconf 80' lang='lat' dir='ltr'>video</span> <span class='ocrx_word' id='word_1_360' title='bbox 1022 3608 1165 3663; x_wconf 89' lang='lat' dir='ltr'>nihil</span> <span class='ocrx_word' id='word_1_361' title='bbox 1200 3613 1289 3662; x_wconf 87' lang='lat' dir='ltr'>est</span> <span class='ocrx_word' id='word_1_362' title='bbox 1321 3608 1471 3679; x_wconf 91' lang='lat' dir='ltr'>quod</span> <span class='ocrx_word' id='word_1_363' title='bbox 1507 3606 1755 3662; x_wconf 89' lang='lat' dir='ltr'>liberum</span> <span class='ocrx_word' id='word_1_364' title='bbox 1789 3624 1822 3662; x_wconf 91' lang='lat' dir='ltr'>a</span> 
     </span>
    </p>
   </div>
   <div class='ocr_carea' id='block_1_54' title="bbox 198 3695 1822 3769">
    <p class='ocr_par' dir='ltr' id='par_1_54' title="bbox 198 3695 1822 3769">
     <span class='ocr_line' id='line_1_54' title="bbox 198 3695 1822 3769; baseline -0.001 -16"><span class='ocrx_word' id='word_1_365' title='bbox 198 3700 422 3769; x_wconf 86' lang='lat' dir='ltr'>partium</span> <span class='ocrx_word' id='word_1_366' title='bbox 454 3700 659 3757; x_wconf 91' lang='lat' dir='ltr'>studio</span> <span class='ocrx_word' id='word_1_367' title='bbox 690 3699 963 3754; x_wconf 88' lang='lat' dir='ltr'>lectorem</span> <span class='ocrx_word' id='word_1_368' title='bbox 999 3698 1209 3753; x_wconf 84' lang='lat' dir='ltr'>morari</span> <span class='ocrx_word' id='word_1_369' title='bbox 1232 3695 1638 3768; x_wconf 90' lang='lat' dir='ltr'>possit.Neque</span> <span class='ocrx_word' id='word_1_370' title='bbox 1660 3713 1822 3752; x_wconf 87' lang='lat' dir='ltr'>vero-</span> 
     </span>
    </p>
   </div>
   <div class='ocr_carea' id='block_1_55' title="bbox 197 3786 1823 3859">
    <p class='ocr_par' dir='ltr' id='par_1_55' title="bbox 197 3786 1823 3859">
     <span class='ocr_line' id='line_1_55' title="bbox 197 3786 1823 3859; baseline 0.001 -19"><span class='ocrx_word' id='word_1_371' title='bbox 197 3787 386 3845; x_wconf 85' lang='lat' dir='ltr'>similia</span> <span class='ocrx_word' id='word_1_372' title='bbox 416 3795 652 3845; x_wconf 90' lang='lat' dir='ltr'>tantum</span> <span class='ocrx_word' id='word_1_373' title='bbox 687 3789 957 3857; x_wconf 81' lang='lat' dir='ltr'>dixerim,</span> <span class='ocrx_word' id='word_1_374' title='bbox 1002 3788 1173 3859; x_wconf 88' lang='lat' dir='ltr'>queis</span> <span class='ocrx_word' id='word_1_375' title='bbox 1208 3787 1462 3842; x_wconf 89' lang='lat' dir='ltr'>historia</span> <span class='ocrx_word' id='word_1_376' title='bbox 1491 3786 1709 3841; x_wconf 88' lang='lat' dir='ltr'>veritas</span> <span class='ocrx_word' id='word_1_377' title='bbox 1754 3802 1823 3841; x_wconf 81' lang='lat' dir='ltr'>ex</span> 
     </span>
    </p>
   </div>
   <div class='ocr_carea' id='block_1_56' title="bbox 192 3875 1819 3949">
    <p class='ocr_par' dir='ltr' id='par_1_56' title="bbox 192 3875 1819 3949">
     <span class='ocr_line' id='line_1_56' title="bbox 192 3875 1819 3949; baseline -0.001 -17"><span class='ocrx_word' id='word_1_378' title='bbox 192 3884 327 3947; x_wconf 86' lang='lat' dir='ltr'>parte</span> <span class='ocrx_word' id='word_1_379' title='bbox 342 3879 549 3935; x_wconf 87' lang='lat' dir='ltr'>saltem</span> <span class='ocrx_word' id='word_1_380' title='bbox 579 3878 760 3932; x_wconf 79' lang='lat' dir='ltr'>robur</span> <span class='ocrx_word' id='word_1_381' title='bbox 778 3878 1119 3949; x_wconf 89' lang='lat' dir='ltr'>adjungere,</span> <span class='ocrx_word' id='word_1_382' title='bbox 1146 3876 1263 3931; x_wconf 90' lang='lat' dir='ltr'>imo</span> <span class='ocrx_word' id='word_1_383' title='bbox 1288 3876 1462 3931; x_wconf 90' lang='lat' dir='ltr'>etiam</span> <span class='ocrx_word' id='word_1_384' title='bbox 1486 3875 1557 3931; x_wconf 89' lang='lat' dir='ltr'>iis</span> <span class='ocrx_word' id='word_1_385' title='bbox 1580 3891 1819 3931; x_wconf 88' lang='lat' dir='ltr'>causam</span> 
     </span>
    </p>
   </div>
   <div class='ocr_carea' id='block_1_57' title="bbox 194 3964 1824 4037">
    <p class='ocr_par' dir='ltr' id='par_1_57' title="bbox 194 3964 1824 4037">
     <span class='ocr_line' id='line_1_57' title="bbox 194 3964 1824 4037; baseline 0.001 -19"><span class='ocrx_word' id='word_1_386' title='bbox 194 3964 395 4024; x_wconf 85' lang='lat' dir='ltr'>dedisse</span> <span class='ocrx_word' id='word_1_387' title='bbox 424 3968 723 4024; x_wconf 90' lang='lat' dir='ltr'>credenda</span> <span class='ocrx_word' id='word_1_388' title='bbox 752 3970 855 4021; x_wconf 91' lang='lat' dir='ltr'>est.</span> <span class='ocrx_word' id='word_1_389' title='bbox 892 3966 1029 4021; x_wconf 76' lang='lat' dir='ltr'>item</span> <span class='ocrx_word' id='word_1_390' title='bbox 1063 3966 1246 4037; x_wconf 88' lang='lat' dir='ltr'>igitur</span> <span class='ocrx_word' id='word_1_391' title='bbox 1270 3965 1443 4037; x_wconf 90' lang='lat' dir='ltr'>paulo</span> <span class='ocrx_word' id='word_1_392' title='bbox 1466 3964 1642 4019; x_wconf 90' lang='lat' dir='ltr'>altius</span> <span class='ocrx_word' id='word_1_393' title='bbox 1666 3980 1824 4036; x_wconf 84' lang='lat' dir='ltr'>repe-</span> 
     </span>
    </p>
   </div>
   <div class='ocr_carea' id='block_1_58' title="bbox 193 4054 1821 4127">
    <p class='ocr_par' dir='ltr' id='par_1_58' title="bbox 193 4054 1821 4127">
     <span class='ocr_line' id='line_1_58' title="bbox 193 4054 1821 4127; baseline 0.001 -20"><span class='ocrx_word' id='word_1_394' title='bbox 193 4057 291 4111; x_wconf 86' lang='lat' dir='ltr'>tere</span> <span class='ocrx_word' id='word_1_395' title='bbox 313 4055 513 4127; x_wconf 80' lang='lat' dir='ltr'>placet.</span> <span class='ocrx_word' id='word_1_396' title='bbox 572 4055 814 4111; x_wconf 88' lang='lat' dir='ltr'>Damasi</span> <span class='ocrx_word' id='word_1_397' title='bbox 857 4060 1082 4126; x_wconf 89' lang='lat' dir='ltr'>patrem</span> <span class='ocrx_word' id='word_1_398' title='bbox 1116 4055 1189 4110; x_wconf 92' lang='lat' dir='ltr'>ab</span> <span class='ocrx_word' id='word_1_399' title='bbox 1231 4059 1605 4125; x_wconf 79' lang='lat' dir='ltr'>excepturatu</span> <span class='ocrx_word' id='word_1_400' title='bbox 1642 4054 1710 4108; x_wconf 91' lang='lat' dir='ltr'>ad</span> <span class='ocrx_word' id='word_1_401' title='bbox 1748 4054 1821 4109; x_wconf 92' lang='lat' dir='ltr'>le-</span> 
     </span>
    </p>
   </div>
   <div class='ocr_carea' id='block_1_59' title="bbox 193 4143 1819 4215">
    <p class='ocr_par' dir='ltr' id='par_1_59' title="bbox 193 4143 1819 4215">
     <span class='ocr_line' id='line_1_59' title="bbox 193 4143 1819 4215; baseline 0 -18"><span class='ocrx_word' id='word_1_402' title='bbox 193 4148 425 4201; x_wconf 86' lang='lat' dir='ltr'>ctoratus</span> <span class='ocrx_word' id='word_1_403' title='bbox 455 4146 727 4201; x_wconf 87' lang='lat' dir='ltr'>ordinem</span> <span class='ocrx_word' id='word_1_404' title='bbox 761 4144 1141 4215; x_wconf 85' lang='lat' dir='ltr'>processisse,</span> <span class='ocrx_word' id='word_1_405' title='bbox 1175 4143 1289 4215; x_wconf 89' lang='lat' dir='ltr'>ipsi</span> <span class='ocrx_word' id='word_1_406' title='bbox 1340 4143 1647 4198; x_wconf 88' lang='lat' dir='ltr'>nobiscum</span> <span class='ocrx_word' id='word_1_407' title='bbox 1699 4147 1819 4197; x_wconf 85' lang='lat' dir='ltr'>Me-</span> 
     </span>
    </p>
   </div>
   <div class='ocr_carea' id='block_1_60' title="bbox 193 4230 1819 4304">
    <p class='ocr_par' dir='ltr' id='par_1_60' title="bbox 193 4230 1819 4304">
     <span class='ocr_line' id='line_1_60' title="bbox 193 4230 1819 4304; baseline -0.002 -16"><span class='ocrx_word' id='word_1_408' title='bbox 193 4234 348 4289; x_wconf 82' lang='lat' dir='ltr'>renda</span> <span class='ocrx_word' id='word_1_409' title='bbox 377 4251 441 4290; x_wconf 90' lang='lat' dir='ltr'>ac</span> <span class='ocrx_word' id='word_1_410' title='bbox 474 4232 894 4289; x_wconf 88' lang='lat' dir='ltr'>Tillemontius</span> <span class='ocrx_word' id='word_1_411' title='bbox 940 4248 1259 4301; x_wconf 84' lang='lat' dir='ltr'>agnovere;</span> <span class='ocrx_word' id='word_1_412' title='bbox 1294 4233 1471 4304; x_wconf 91' lang='lat' dir='ltr'>idque</span> <span class='ocrx_word' id='word_1_413' title='bbox 1522 4230 1819 4304; x_wconf 87' lang='lat' dir='ltr'>apertissi-</span> 
     </span>
    </p>
   </div>
   <div class='ocr_carea' id='block_1_61' title="bbox 199 4320 1821 4394">
    <p class='ocr_par' dir='ltr' id='par_1_61' title="bbox 199 4320 1821 4394">
     <span class='ocr_line' id='line_1_61' title="bbox 199 4320 1821 4394; baseline 0 -18"><span class='ocrx_word' id='word_1_414' title='bbox 199 4337 276 4377; x_wconf 89' lang='lat' dir='ltr'>mo</span> <span class='ocrx_word' id='word_1_415' title='bbox 302 4323 482 4393; x_wconf 87' lang='lat' dir='ltr'>ipsius</span> <span class='ocrx_word' id='word_1_416' title='bbox 529 4322 768 4379; x_wconf 90' lang='lat' dir='ltr'>Damasi</span> <span class='ocrx_word' id='word_1_417' title='bbox 820 4320 1153 4377; x_wconf 85' lang='lat' dir='ltr'>testimonio</span> <span class='ocrx_word' id='word_1_418' title='bbox 1188 4322 1245 4377; x_wconf 89' lang='lat' dir='ltr'>in</span> <span class='ocrx_word' id='word_1_419' title='bbox 1279 4321 1703 4394; x_wconf 87' lang='lat' dir='ltr'>epigrammate</span> <span class='ocrx_word' id='word_1_420' title='bbox 1745 4326 1821 4376; x_wconf 88' lang='lat' dir='ltr'>De</span> 
     </span>
    </p>
   </div>
   <div class='ocr_carea' id='block_1_62' title="bbox 196 4410 1821 4485">
    <p class='ocr_par' dir='ltr' id='par_1_62' title="bbox 196 4410 1821 4485">
     <span class='ocr_line' id='line_1_62' title="bbox 196 4410 1821 4485; baseline 0.002 -23"><span class='ocrx_word' id='word_1_421' title='bbox 196 4413 389 4485; x_wconf 88' lang='lat' dir='ltr'>templo</span> <span class='ocrx_word' id='word_1_422' title='bbox 422 4413 614 4469; x_wconf 86' lang='lat' dir='ltr'>sancti</span> <span class='ocrx_word' id='word_1_423' title='bbox 649 4411 973 4477; x_wconf 89' lang='lat' dir='ltr'>Laurentii,</span> <span class='ocrx_word' id='word_1_424' title='bbox 1007 4410 1105 4465; x_wconf 91' lang='lat' dir='ltr'>ubi</span> <span class='ocrx_word' id='word_1_425' title='bbox 1149 4411 1219 4465; x_wconf 92' lang='lat' dir='ltr'>de</span> <span class='ocrx_word' id='word_1_426' title='bbox 1270 4410 1519 4466; x_wconf 88' lang='lat' dir='ltr'>Antonio</span> <span class='ocrx_word' id='word_1_427' title='bbox 1550 4415 1713 4481; x_wconf 86' lang='lat' dir='ltr'>patre</span> <span class='ocrx_word' id='word_1_428' title='bbox 1743 4410 1821 4465; x_wconf 85' lang='lat' dir='ltr'>lo-</span> 
     </span>
    </p>
   </div>
   <div class='ocr_carea' id='block_1_63' title="bbox 195 4499 1588 4573">
    <p class='ocr_par' dir='ltr' id='par_1_63' title="bbox 195 4499 1588 4573">
     <span class='ocr_line' id='line_1_63' title="bbox 195 4499 1588 4573; baseline 0.001 -20"><span class='ocrx_word' id='word_1_429' title='bbox 195 4514 379 4569; x_wconf 88' lang='lat' dir='ltr'>quens,</span> <span class='ocrx_word' id='word_1_430' title='bbox 414 4502 670 4573; x_wconf 88' lang='lat' dir='ltr'>ejusque</span> <span class='ocrx_word' id='word_1_431' title='bbox 702 4501 917 4571; x_wconf 90' lang='lat' dir='ltr'>gradus</span> <span class='ocrx_word' id='word_1_432' title='bbox 945 4514 1320 4565; x_wconf 88' lang='lat' dir='ltr'>enumerans,</span> <span class='ocrx_word' id='word_1_433' title='bbox 1352 4499 1435 4554; x_wconf 91' lang='lat' dir='ltr'>ait</span> <span class='ocrx_word' id='word_1_434' title='bbox 1464 4499 1540 4571; x_wconf 84' lang='lat' dir='ltr'>(b)</span> <span class='ocrx_word' id='word_1_435' title='bbox 1576 4516 1588 4554; x_wconf 91' lang='lat'><strong>:</strong></span> 
     </span>
    </p>
   </div>
   <div class='ocr_carea' id='block_1_64' title="bbox 336 4631 1675 4699">
    <p class='ocr_par' dir='ltr' id='par_1_64' title="bbox 336 4631 1675 4699">
     <span class='ocr_line' id='line_1_64' title="bbox 336 4631 1675 4699; baseline -0.003 -14"><span class='ocrx_word' id='word_1_436' title='bbox 336 4636 456 4687; x_wconf 85' lang='lat' dir='ltr'>llac</span> <span class='ocrx_word' id='word_1_437' title='bbox 488 4639 644 4699; x_wconf 86' lang='lat' dir='ltr'>pater</span> <span class='ocrx_word' id='word_1_438' title='bbox 672 4647 935 4691; x_wconf 77' lang='lat' dir='ltr'>axcmoa,</span> <span class='ocrx_word' id='word_1_439' title='bbox 976 4646 1175 4690; x_wconf 71' lang='lat' dir='ltr'>LECTOR,</span> <span class='ocrx_word' id='word_1_440' title='bbox 1215 4632 1391 4691; x_wconf 85' lang='lat' dir='ltr'>levita,</span> <span class='ocrx_word' id='word_1_441' title='bbox 1427 4631 1675 4682; x_wconf 82' lang='lat' dir='ltr'>sacerdos</span> 
     </span>
    </p>
   </div>
   <div class='ocr_carea' id='block_1_65' title="bbox 331 4699 733 4759">
    <p class='ocr_par' dir='ltr' id='par_1_65' title="bbox 331 4699 733 4759">
     <span class='ocr_line' id='line_1_65' title="bbox 331 4699 733 4759; baseline -0.007 -11"><span class='ocrx_word' id='word_1_442' title='bbox 331 4699 599 4759; x_wconf 81' lang='lat' dir='ltr'>Creverat,</span> <span class='ocrx_word' id='word_1_443' title='bbox 634 4702 733 4746; x_wconf 89' lang='lat' dir='ltr'>etc.</span> 
     </span>
    </p>
   </div>
   <div class='ocr_carea' id='block_1_66' title="bbox 196 4818 1826 4895">
    <p class='ocr_par' dir='ltr' id='par_1_66' title="bbox 196 4818 1826 4895">
     <span class='ocr_line' id='line_1_66' title="bbox 196 4818 1826 4895; baseline 0 -19"><span class='ocrx_word' id='word_1_444' title='bbox 196 4820 370 4895; x_wconf 90' lang='lat' dir='ltr'>Neque</span> <span class='ocrx_word' id='word_1_445' title='bbox 392 4823 609 4880; x_wconf 90' lang='lat' dir='ltr'>etenim</span> <span class='ocrx_word' id='word_1_446' title='bbox 632 4826 696 4877; x_wconf 88' lang='lat' dir='ltr'>ut</span> <span class='ocrx_word' id='word_1_447' title='bbox 729 4825 911 4877; x_wconf 87' lang='lat' dir='ltr'>metro</span> <span class='ocrx_word' id='word_1_448' title='bbox 943 4818 1250 4875; x_wconf 89' lang='lat' dir='ltr'>inserviret</span> <span class='ocrx_word' id='word_1_449' title='bbox 1282 4824 1572 4874; x_wconf 89' lang='lat' dir='ltr'>Damasus</span> <span class='ocrx_word' id='word_1_450' title='bbox 1595 4819 1826 4876; x_wconf 89' lang='lat' dir='ltr'>lectoris</span> 
     </span>
    </p>
   </div>
   <div class='ocr_carea' id='block_1_67' title="bbox 195 4908 1825 4983">
    <p class='ocr_par' dir='ltr' id='par_1_67' title="bbox 195 4908 1825 4983">
     <span class='ocr_line' id='line_1_67' title="bbox 195 4908 1825 4983; baseline 0.001 -19"><span class='ocrx_word' id='word_1_451' title='bbox 195 4914 416 4981; x_wconf 86' lang='lat' dir='ltr'>gradum</span> <span class='ocrx_word' id='word_1_452' title='bbox 457 4910 860 4983; x_wconf 84' lang='lat' dir='ltr'>exceptoratui</span> <span class='ocrx_word' id='word_1_453' title='bbox 915 4908 1323 4981; x_wconf 80' lang='lat' dir='ltr'>postposuisse</span> <span class='ocrx_word' id='word_1_454' title='bbox 1367 4908 1695 4964; x_wconf 87' lang='lat' dir='ltr'>credendus</span> <span class='ocrx_word' id='word_1_455' title='bbox 1716 4914 1825 4977; x_wconf 88' lang='lat' dir='ltr'>est,</span> 
     </span>
    </p>
   </div>
   <div class='ocr_carea' id='block_1_68' title="bbox 194 4996 1823 5073">
    <p class='ocr_par' dir='ltr' id='par_1_68' title="bbox 194 4996 1823 5073">
     <span class='ocr_line' id='line_1_68' title="bbox 194 4996 1823 5073; baseline -0.001 -18"><span class='ocrx_word' id='word_1_456' title='bbox 194 5001 280 5056; x_wconf 87' lang='lat' dir='ltr'>sed</span> <span class='ocrx_word' id='word_1_457' title='bbox 306 5002 498 5073; x_wconf 87' lang='lat' dir='ltr'>potius</span> <span class='ocrx_word' id='word_1_458' title='bbox 531 5007 596 5056; x_wconf 92' lang='lat' dir='ltr'>ut</span> <span class='ocrx_word' id='word_1_459' title='bbox 626 5015 747 5055; x_wconf 91' lang='lat' dir='ltr'>rem</span> <span class='ocrx_word' id='word_1_460' title='bbox 778 5014 894 5070; x_wconf 92' lang='lat' dir='ltr'>quo</span> <span class='ocrx_word' id='word_1_461' title='bbox 942 5008 1105 5070; x_wconf 86' lang='lat' dir='ltr'>gesta</span> <span class='ocrx_word' id='word_1_462' title='bbox 1150 5002 1239 5053; x_wconf 89' lang='lat' dir='ltr'>est</span> <span class='ocrx_word' id='word_1_463' title='bbox 1272 4996 1477 5051; x_wconf 88' lang='lat' dir='ltr'>ordine</span> <span class='ocrx_word' id='word_1_464' title='bbox 1525 4997 1695 5053; x_wconf 90' lang='lat' dir='ltr'>nobis</span> <span class='ocrx_word' id='word_1_465' title='bbox 1727 5013 1823 5053; x_wconf 81' lang='lat' dir='ltr'>ex-</span> 
     </span>
    </p>
   </div>
   <div class='ocr_carea' id='block_1_69' title="bbox 255 5125 1469 5201">
    <p class='ocr_par' dir='ltr' id='par_1_69' title="bbox 255 5125 1469 5201">
     <span class='ocr_line' id='line_1_69' title="bbox 255 5125 1469 5201; baseline -0.004 -18"><span class='ocrx_word' id='word_1_466' title='bbox 255 5128 329 5201; x_wconf 89' lang='lat' dir='ltr'>(a)</span> <span class='ocrx_word' id='word_1_467' title='bbox 360 5130 559 5185; x_wconf 81' lang='lat' dir='ltr'>Horat.</span> <span class='ocrx_word' id='word_1_468' title='bbox 596 5126 783 5201; x_wconf 65' lang='lat' dir='ltr'>(Oder.</span> <span class='ocrx_word' id='word_1_469' title='bbox 819 5127 915 5182; x_wconf 85' lang='lat' dir='ltr'>lib.</span> <span class='ocrx_word' id='word_1_470' title='bbox 949 5143 1027 5201; x_wconf 76' lang='lat' dir='ltr'>1v,</span> <span class='ocrx_word' id='word_1_471' title='bbox 1054 5127 1111 5201; x_wconf 81' lang='grc'>4,</span> <span class='ocrx_word' id='word_1_472' title='bbox 1142 5125 1349 5197; x_wconf 68' lang='lat' dir='ltr'>strepit.</span> <span class='ocrx_word' id='word_1_473' title='bbox 1385 5125 1469 5194; x_wconf 91' lang='lat'>8).</span> 
     </span>
    </p>
   </div>
   <div class='ocr_carea' id='block_1_70' title="bbox 259 5199 1097 5272">
    <p class='ocr_par' dir='ltr' id='par_1_70' title="bbox 259 5199 1097 5272">
     <span class='ocr_line' id='line_1_70' title="bbox 259 5199 1097 5272; baseline -0.001 -16"><span class='ocrx_word' id='word_1_474' title='bbox 259 5199 328 5271; x_wconf 74' lang='grc' dir='ltr'>(ὸ)</span> <span class='ocrx_word' id='word_1_475' title='bbox 356 5204 461 5272; x_wconf 86' lang='lat' dir='ltr'>Ap.</span> <span class='ocrx_word' id='word_1_476' title='bbox 498 5200 779 5272; x_wconf 78' lang='lat' dir='ltr'>Merend.,</span> <span class='ocrx_word' id='word_1_477' title='bbox 806 5215 934 5269; x_wconf 85' lang='lat' dir='ltr'>pag.</span> <span class='ocrx_word' id='word_1_478' title='bbox 966 5199 1097 5272; x_wconf 72' lang='grc'>241.</span> 
     </span>
    </p>
   </div>
   <div class='ocr_carea' id='block_1_71' title="bbox 259 5268 1823 5343">
    <p class='ocr_par' dir='ltr' id='par_1_71' title="bbox 259 5268 1823 5343">
     <span class='ocr_line' id='line_1_71' title="bbox 259 5268 1823 5343; baseline -0.002 -16"><span class='ocrx_word' id='word_1_479' title='bbox 259 5268 320 5343; x_wconf 77' lang='lat' dir='ltr'>(c)</span> <span class='ocrx_word' id='word_1_480' title='bbox 350 5268 647 5327; x_wconf 78' lang='lat' dir='ltr'>Ennodius</span> <span class='ocrx_word' id='word_1_481' title='bbox 678 5268 931 5343; x_wconf 20' lang='lat' dir='ltr'>(Injl’ila</span> <span class='ocrx_word' id='word_1_482' title='bbox 959 5270 1266 5339; x_wconf 80' lang='lat' dir='ltr'>Ediphanii</span> <span class='ocrx_word' id='word_1_483' title='bbox 1296 5268 1618 5339; x_wconf 80' lang='lat' dir='ltr'>Ticinencis,</span> <span class='ocrx_word' id='word_1_484' title='bbox 1671 5268 1823 5325; x_wconf 83' lang='lat' dir='ltr'>Edil.</span> 
     </span>
    </p>
   </div>
   <div class='ocr_carea' id='block_1_72' title="bbox 197 5340 1125 5414">
    <p class='ocr_par' dir='ltr' id='par_1_72' title="bbox 197 5340 1125 5414">
     <span class='ocr_line' id='line_1_72' title="bbox 197 5340 1125 5414; baseline 0.004 -20"><span class='ocrx_word' id='word_1_485' title='bbox 197 5340 361 5399; x_wconf 75' lang='lat' dir='ltr'>Paris.</span> <span class='ocrx_word' id='word_1_486' title='bbox 417 5345 581 5412; x_wconf 83' lang='grc'>1611,</span> <span class='ocrx_word' id='word_1_487' title='bbox 611 5340 739 5413; x_wconf 68' lang='lat' dir='ltr'>pag.</span> <span class='ocrx_word' id='word_1_488' title='bbox 771 5341 920 5414; x_wconf 90' lang='lat'>360).</span> <span class='ocrx_word' id='word_1_489' title='bbox 1118 5348 1125 5355; x_wconf 84' lang='lat'><strong>&#39;</strong></span> 
     </span>
    </p>
   </div>
   <div class='ocr_carea' id='block_1_73' title="bbox 252 5412 1821 5486">
    <p class='ocr_par' dir='ltr' id='par_1_73' title="bbox 252 5412 1821 5486">
     <span class='ocr_line' id='line_1_73' title="bbox 252 5412 1821 5486; baseline 0.001 -17"><span class='ocrx_word' id='word_1_490' title='bbox 252 5415 324 5486; x_wconf 82' lang='grc' dir='ltr'>(ά)</span> <span class='ocrx_word' id='word_1_491' title='bbox 360 5420 421 5470; x_wconf 86' lang='lat' dir='ltr'>In</span> <span class='ocrx_word' id='word_1_492' title='bbox 456 5419 580 5470; x_wconf 91' lang='lat' dir='ltr'>not.</span> <span class='ocrx_word' id='word_1_493' title='bbox 613 5412 682 5486; x_wconf 85' lang='lat' dir='ltr'>ad</span> <span class='ocrx_word' id='word_1_494' title='bbox 717 5412 1626 5486; x_wconf 81' lang='lat' dir='ltr'>SacramentariumGregorian.</span> <span class='ocrx_word' id='word_1_495' title='bbox 1676 5415 1821 5485; x_wconf 86' lang='lat' dir='ltr'>(Not.</span> 
     </span>
    </p>
   </div>
   <div class='ocr_carea' id='block_1_74' title="bbox 190 5484 1827 5557">
    <p class='ocr_par' dir='ltr' id='par_1_74' title="bbox 190 5484 1827 5557">
     <span class='ocr_line' id='line_1_74' title="bbox 190 5484 1827 5557; baseline 0.001 -17"><span class='ocrx_word' id='word_1_496' title='bbox 190 5484 284 5540; x_wconf 90' lang='lat'>300</span> <span class='ocrx_word' id='word_1_497' title='bbox 304 5484 377 5541; x_wconf 88' lang='lat' dir='ltr'>ibi</span> <span class='ocrx_word' id='word_1_498' title='bbox 405 5503 420 5542; x_wconf 87' lang='lat'>:</span> <span class='ocrx_word' id='word_1_499' title='bbox 455 5485 676 5541; x_wconf 83' lang='lat' dir='ltr'>Nolarii</span> <span class='ocrx_word' id='word_1_500' title='bbox 710 5486 807 5540; x_wconf 87' lang='lat' dir='ltr'>hoc</span> <span class='ocrx_word' id='word_1_501' title='bbox 837 5485 952 5541; x_wconf 89' lang='lat' dir='ltr'>loco</span> <span class='ocrx_word' id='word_1_502' title='bbox 986 5487 1110 5539; x_wconf 79' lang='lat' dir='ltr'>sunt</span> <span class='ocrx_word' id='word_1_503' title='bbox 1145 5484 1348 5540; x_wconf 82' lang='lat' dir='ltr'>Scriba</span> <span class='ocrx_word' id='word_1_504' title='bbox 1372 5489 1610 5555; x_wconf 82' lang='lat' dir='ltr'>epzscopi</span> <span class='ocrx_word' id='word_1_505' title='bbox 1639 5484 1736 5557; x_wconf 80' lang='lat' dir='ltr'>qui</span> <span class='ocrx_word' id='word_1_506' title='bbox 1766 5492 1827 5542; x_wconf 85' lang='lat' dir='ltr'>ut</span> 
     </span>
    </p>
   </div>
   <div class='ocr_carea' id='block_1_75' title="bbox 191 5557 1821 5628">
    <p class='ocr_par' dir='ltr' id='par_1_75' title="bbox 191 5557 1821 5628">
     <span class='ocr_line' id='line_1_75' title="bbox 191 5557 1821 5628; baseline 0.002 -17"><span class='ocrx_word' id='word_1_507' title='bbox 191 5557 491 5628; x_wconf 74' lang='lat' dir='ltr'>plurimum</span> <span class='ocrx_word' id='word_1_508' title='bbox 526 5558 949 5612; x_wconf 83' lang='lat' dir='ltr'>assumebanlur</span> <span class='ocrx_word' id='word_1_509' title='bbox 976 5572 1048 5611; x_wconf 73' lang='lat' dir='ltr'>ea:</span> <span class='ocrx_word' id='word_1_510' title='bbox 1076 5561 1357 5628; x_wconf 76' lang='lat' dir='ltr'>Lectorum</span> <span class='ocrx_word' id='word_1_511' title='bbox 1387 5558 1641 5628; x_wconf 82' lang='lat' dir='ltr'>collegio.</span> <span class='ocrx_word' id='word_1_512' title='bbox 1676 5559 1821 5614; x_wconf 84' lang='lat' dir='ltr'>Sub-</span> 
     </span>
    </p>
   </div>
   <div class='ocr_carea' id='block_1_76' title="bbox 192 5627 1824 5700">
    <p class='ocr_par' dir='ltr' id='par_1_76' title="bbox 192 5627 1824 5700">
     <span class='ocr_line' id='line_1_76' title="bbox 192 5627 1824 5700; baseline 0.003 -19"><span class='ocrx_word' id='word_1_513' title='bbox 192 5627 385 5700; x_wconf 88' lang='lat' dir='ltr'>ditque</span> <span class='ocrx_word' id='word_1_514' title='bbox 425 5628 693 5700; x_wconf 84' lang='lat' dir='ltr'>exempla</span> <span class='ocrx_word' id='word_1_515' title='bbox 742 5645 772 5684; x_wconf 92' lang='lat' dir='ltr'>e</span> <span class='ocrx_word' id='word_1_516' title='bbox 810 5627 1386 5700; x_wconf 82' lang='lat' dir='ltr'>PhotiiBibliotheca</span> <span class='ocrx_word' id='word_1_517' title='bbox 1418 5627 1601 5700; x_wconf 73' lang='lat' dir='ltr'>(Num.</span> <span class='ocrx_word' id='word_1_518' title='bbox 1633 5631 1761 5700; x_wconf 82' lang='lat'>256)</span> <span class='ocrx_word' id='word_1_519' title='bbox 1793 5646 1824 5686; x_wconf 83' lang='grc' dir='ltr'>θ</span> 
     </span>
    </p>
   </div>
   <div class='ocr_carea' id='block_1_77' title="bbox 191 5698 1822 5774">
    <p class='ocr_par' dir='ltr' id='par_1_77' title="bbox 191 5698 1822 5774">
     <span class='ocr_line' id='line_1_77' title="bbox 191 5698 1822 5774; baseline 0.001 -17"><span class='ocrx_word' id='word_1_520' title='bbox 191 5698 385 5769; x_wconf 77' lang='lat' dir='ltr'>politia</span> <span class='ocrx_word' id='word_1_521' title='bbox 415 5698 614 5758; x_wconf 80' lang='lat' dir='ltr'>sancti</span> <span class='ocrx_word' id='word_1_522' title='bbox 655 5699 1044 5774; x_wconf 86' lang='lat' dir='ltr'>Metrophanii</span> <span class='ocrx_word' id='word_1_523' title='bbox 1074 5704 1127 5757; x_wconf 81' lang='lat' dir='ltr'>et</span> <span class='ocrx_word' id='word_1_524' title='bbox 1181 5698 1334 5757; x_wconf 89' lang='lat' dir='ltr'>aliis.</span> <span class='ocrx_word' id='word_1_525' title='bbox 1396 5699 1511 5756; x_wconf 89' lang='lat' dir='ltr'>Nec</span> <span class='ocrx_word' id='word_1_526' title='bbox 1545 5698 1822 5759; x_wconf 85' lang='lat' dir='ltr'>dissentit</span> 
     </span>
    </p>
   </div>
   <div class='ocr_carea' id='block_1_78' title="bbox 1932 2081 3576 2157">
    <p class='ocr_par' dir='ltr' id='par_1_78' title="bbox 1932 2081 3576 2157">
     <span class='ocr_line' id='line_1_78' title="bbox 1932 2081 3576 2157; baseline -0.001 -19"><span class='ocrx_word' id='word_1_527' title='bbox 1932 2084 2146 2157; x_wconf 90' lang='lat' dir='ltr'>phanio</span> <span class='ocrx_word' id='word_1_528' title='bbox 2170 2083 2463 2153; x_wconf 82' lang='lat' dir='ltr'>singulare</span> <span class='ocrx_word' id='word_1_529' title='bbox 2489 2081 2977 2149; x_wconf 81' lang='lat' dir='ltr'>existimandum,</span> <span class='ocrx_word' id='word_1_530' title='bbox 3003 2083 3101 2137; x_wconf 90' lang='lat' dir='ltr'>sed</span> <span class='ocrx_word' id='word_1_531' title='bbox 3125 2098 3345 2137; x_wconf 89' lang='lat' dir='ltr'>morem</span> <span class='ocrx_word' id='word_1_532' title='bbox 3379 2081 3576 2137; x_wconf 85' lang='lat' dir='ltr'>Eccle-</span> 
     </span>
    </p>
   </div>
   <div class='ocr_carea' id='block_1_79' title="bbox 1932 2171 3579 2244">
    <p class='ocr_par' dir='ltr' id='par_1_79' title="bbox 1932 2171 3579 2244">
     <span class='ocr_line' id='line_1_79' title="bbox 1932 2171 3579 2244; baseline -0.002 -14"><span class='ocrx_word' id='word_1_533' title='bbox 1932 2174 2029 2231; x_wconf 90' lang='lat' dir='ltr'>sia</span> <span class='ocrx_word' id='word_1_534' title='bbox 2049 2190 2157 2228; x_wconf 91' lang='lat' dir='ltr'>usu</span> <span class='ocrx_word' id='word_1_535' title='bbox 2186 2177 2483 2244; x_wconf 87' lang='lat' dir='ltr'>receptum</span> <span class='ocrx_word' id='word_1_536' title='bbox 2510 2172 2691 2227; x_wconf 89' lang='lat' dir='ltr'>fuisse</span> <span class='ocrx_word' id='word_1_537' title='bbox 2732 2171 2945 2227; x_wconf 90' lang='lat' dir='ltr'>notarii</span> <span class='ocrx_word' id='word_1_538' title='bbox 2970 2172 3087 2227; x_wconf 88' lang='lat' dir='ltr'>sive</span> <span class='ocrx_word' id='word_1_539' title='bbox 3121 2176 3453 2242; x_wconf 87' lang='lat' dir='ltr'>exceptores</span> <span class='ocrx_word' id='word_1_540' title='bbox 3476 2187 3579 2226; x_wconf 84' lang='lat' dir='ltr'>sa-</span> 
     </span>
    </p>
   </div>
   <div class='ocr_carea' id='block_1_80' title="bbox 1932 2261 3575 2336">
    <p class='ocr_par' dir='ltr' id='par_1_80' title="bbox 1932 2261 3575 2336">
     <span class='ocr_line' id='line_1_80' title="bbox 1932 2261 3575 2336; baseline -0.001 -19"><span class='ocrx_word' id='word_1_541' title='bbox 1932 2265 2177 2336; x_wconf 89' lang='lat' dir='ltr'>pissime</span> <span class='ocrx_word' id='word_1_542' title='bbox 2199 2262 2535 2319; x_wconf 90' lang='lat' dir='ltr'>electorum</span> <span class='ocrx_word' id='word_1_543' title='bbox 2562 2261 2804 2333; x_wconf 91' lang='lat' dir='ltr'>collegio</span> <span class='ocrx_word' id='word_1_544' title='bbox 2847 2266 3307 2326; x_wconf 89' lang='lat' dir='ltr'>assumerentur,</span> <span class='ocrx_word' id='word_1_545' title='bbox 3342 2276 3443 2316; x_wconf 91' lang='lat' dir='ltr'>ceu</span> <span class='ocrx_word' id='word_1_546' title='bbox 3469 2276 3575 2316; x_wconf 89' lang='lat' dir='ltr'>nos</span> 
     </span>
    </p>
   </div>
   <div class='ocr_carea' id='block_1_81' title="bbox 1932 2350 3211 2424">
    <p class='ocr_par' dir='ltr' id='par_1_81' title="bbox 1932 2350 3211 2424">
     <span class='ocr_line' id='line_1_81' title="bbox 1932 2350 3211 2424; baseline -0.005 -15"><span class='ocrx_word' id='word_1_547' title='bbox 1932 2353 2245 2424; x_wconf 90' lang='lat' dir='ltr'>multiplici</span> <span class='ocrx_word' id='word_1_548' title='bbox 2283 2351 2547 2423; x_wconf 82' lang='lat' dir='ltr'>exemplo</span> <span class='ocrx_word' id='word_1_549' title='bbox 2579 2352 2894 2407; x_wconf 85' lang='lat' dir='ltr'>Menardus</span> <span class='ocrx_word' id='word_1_550' title='bbox 2916 2350 2992 2421; x_wconf 79' lang='grc' dir='ltr'>(ά)</span> <span class='ocrx_word' id='word_1_551' title='bbox 3025 2352 3211 2406; x_wconf 83' lang='lat' dir='ltr'>docet.</span> 
     </span>
    </p>
   </div>
   <div class='ocr_carea' id='block_1_82' title="bbox 2000 2439 3577 2513">
    <p class='ocr_par' dir='ltr' id='par_1_82' title="bbox 2000 2439 3577 2513">
     <span class='ocr_line' id='line_1_82' title="bbox 2000 2439 3577 2513; baseline -0.002 -16"><span class='ocrx_word' id='word_1_552' title='bbox 2000 2443 2199 2513; x_wconf 89' lang='lat' dir='ltr'>Neque</span> <span class='ocrx_word' id='word_1_553' title='bbox 2229 2458 2363 2497; x_wconf 89' lang='lat' dir='ltr'>vero</span> <span class='ocrx_word' id='word_1_554' title='bbox 2394 2441 2613 2496; x_wconf 91' lang='lat' dir='ltr'>idcirco</span> <span class='ocrx_word' id='word_1_555' title='bbox 2672 2456 2959 2511; x_wconf 90' lang='lat' dir='ltr'>negamus</span> <span class='ocrx_word' id='word_1_556' title='bbox 3007 2443 3417 2512; x_wconf 81' lang='lat' dir='ltr'>cxceptoratus</span> <span class='ocrx_word' id='word_1_557' title='bbox 3449 2439 3577 2495; x_wconf 85' lang='lat' dir='ltr'>ofﬁ-</span> 
     </span>
    </p>
   </div>
   <div class='ocr_carea' id='block_1_83' title="bbox 1929 2528 3579 2602">
    <p class='ocr_par' dir='ltr' id='par_1_83' title="bbox 1929 2528 3579 2602">
     <span class='ocr_line' id='line_1_83' title="bbox 1929 2528 3579 2602; baseline -0.002 -16"><span class='ocrx_word' id='word_1_558' title='bbox 1929 2532 2085 2587; x_wconf 91' lang='lat' dir='ltr'>cium</span> <span class='ocrx_word' id='word_1_559' title='bbox 2110 2548 2142 2585; x_wconf 92' lang='lat' dir='ltr'>a</span> <span class='ocrx_word' id='word_1_560' title='bbox 2164 2531 2378 2587; x_wconf 86' lang='lat' dir='ltr'>saculo</span> <span class='ocrx_word' id='word_1_561' title='bbox 2400 2548 2453 2586; x_wconf 78' lang='grc' dir='ltr'>ιν</span> <span class='ocrx_word' id='word_1_562' title='bbox 2477 2531 2677 2602; x_wconf 88' lang='lat' dir='ltr'>pueris</span> <span class='ocrx_word' id='word_1_563' title='bbox 2700 2529 3177 2601; x_wconf 81' lang='lat' dir='ltr'>frequentissime</span> <span class='ocrx_word' id='word_1_564' title='bbox 3194 2528 3579 2585; x_wconf 90' lang='lat' dir='ltr'>commissum</span> 
     </span>
    </p>
   </div>
   <div class='ocr_carea' id='block_1_84' title="bbox 1930 2617 3577 2692">
    <p class='ocr_par' dir='ltr' id='par_1_84' title="bbox 1930 2617 3577 2692">
     <span class='ocr_line' id='line_1_84' title="bbox 1930 2617 3577 2692; baseline -0.001 -18"><span class='ocrx_word' id='word_1_565' title='bbox 1930 2620 2442 2692; x_wconf 82' lang='lat' dir='ltr'>fuisse,ut,prater</span> <span class='ocrx_word' id='word_1_566' title='bbox 2462 2620 2980 2691; x_wconf 87' lang='lat' dir='ltr'>Epiphanii,quem</span> <span class='ocrx_word' id='word_1_567' title='bbox 2996 2619 3169 2673; x_wconf 91' lang='lat' dir='ltr'>modo</span> <span class='ocrx_word' id='word_1_568' title='bbox 3184 2617 3577 2688; x_wconf 88' lang='lat' dir='ltr'>laudavimus,</span> 
     </span>
    </p>
   </div>
   <div class='ocr_carea' id='block_1_85' title="bbox 1925 2706 3493 2780">
    <p class='ocr_par' dir='ltr' id='par_1_85' title="bbox 1925 2706 3493 2780">
     <span class='ocr_line' id='line_1_85' title="bbox 1925 2706 3493 2780; baseline 0.001 -17"><span class='ocrx_word' id='word_1_569' title='bbox 1925 2707 2142 2776; x_wconf 91' lang='lat' dir='ltr'>locum,</span> <span class='ocrx_word' id='word_1_570' title='bbox 2168 2709 2467 2764; x_wconf 85' lang='lat' dir='ltr'>Ausonius</span> <span class='ocrx_word' id='word_1_571' title='bbox 2492 2707 2863 2780; x_wconf 89' lang='lat' dir='ltr'>apertissime</span> <span class='ocrx_word' id='word_1_572' title='bbox 2886 2708 3055 2763; x_wconf 87' lang='lat' dir='ltr'>docet</span> <span class='ocrx_word' id='word_1_573' title='bbox 3079 2708 3148 2778; x_wconf 73' lang='grc' dir='ltr'>(ε)</span> <span class='ocrx_word' id='word_1_574' title='bbox 3179 2706 3493 2778; x_wconf 87' lang='lat' dir='ltr'>inquiens:</span> 
     </span>
    </p>
   </div>
   <div class='ocr_carea' id='block_1_86' title="bbox 2363 2805 3142 2867">
    <p class='ocr_par' dir='ltr' id='par_1_86' title="bbox 2363 2805 3142 2867">
     <span class='ocr_line' id='line_1_86' title="bbox 2363 2805 3142 2867; baseline 0.001 -14"><span class='ocrx_word' id='word_1_575' title='bbox 2363 2805 2499 2855; x_wconf 77' lang='lat' dir='ltr'>Pnea</span> <span class='ocrx_word' id='word_1_576' title='bbox 2548 2810 2793 2855; x_wconf 87' lang='lat' dir='ltr'>notarum</span> <span class='ocrx_word' id='word_1_577' title='bbox 2845 2809 3142 2867; x_wconf 68' lang='lat' dir='ltr'>praepetum</span> 
     </span>
    </p>
   </div>
   <div class='ocr_carea' id='block_1_87' title="bbox 2364 2868 3090 2927">
    <p class='ocr_par' dir='ltr' id='par_1_87' title="bbox 2364 2868 3090 2927">
     <span class='ocr_line' id='line_1_87' title="bbox 2364 2868 3090 2927; baseline -0.004 -9"><span class='ocrx_word' id='word_1_578' title='bbox 2364 2868 2563 2918; x_wconf 89' lang='lat' dir='ltr'>Sollers</span> <span class='ocrx_word' id='word_1_579' title='bbox 2592 2868 2839 2918; x_wconf 87' lang='lat' dir='ltr'>minister</span> <span class='ocrx_word' id='word_1_580' title='bbox 2866 2868 3054 2917; x_wconf 85' lang='lat' dir='ltr'>advola</span> <span class='ocrx_word' id='word_1_581' title='bbox 3078 2882 3090 2927; x_wconf 90' lang='lat'>;</span> 
     </span>
    </p>
   </div>
   <div class='ocr_carea' id='block_1_88' title="bbox 1928 2955 3580 3027">
    <p class='ocr_par' dir='ltr' id='par_1_88' title="bbox 1928 2955 3580 3027">
     <span class='ocr_line' id='line_1_88' title="bbox 1928 2955 3580 3027; baseline -0.002 -14"><span class='ocrx_word' id='word_1_582' title='bbox 1928 2962 2120 3013; x_wconf 91' lang='lat' dir='ltr'>Unum</span> <span class='ocrx_word' id='word_1_583' title='bbox 2162 2962 2359 3013; x_wconf 89' lang='lat' dir='ltr'>tamen</span> <span class='ocrx_word' id='word_1_584' title='bbox 2394 2957 2501 3013; x_wconf 89' lang='lat' dir='ltr'>hoc</span> <span class='ocrx_word' id='word_1_585' title='bbox 2535 2957 2882 3025; x_wconf 89' lang='lat' dir='ltr'>asserimus,</span> <span class='ocrx_word' id='word_1_586' title='bbox 2914 2956 2972 3010; x_wconf 91' lang='lat' dir='ltr'>in</span> <span class='ocrx_word' id='word_1_587' title='bbox 3006 2956 3101 3011; x_wconf 90' lang='lat' dir='ltr'>his</span> <span class='ocrx_word' id='word_1_588' title='bbox 3153 2956 3254 3027; x_wconf 91' lang='lat' dir='ltr'>qui</span> <span class='ocrx_word' id='word_1_589' title='bbox 3300 2972 3330 3013; x_wconf 78' lang='grc' dir='ltr'>ει</span> <span class='ocrx_word' id='word_1_590' title='bbox 3384 2955 3580 3027; x_wconf 90' lang='lat' dir='ltr'>pueris</span> 
     </span>
    </p>
   </div>
   <div class='ocr_carea' id='block_1_89' title="bbox 1935 3044 3581 3116">
    <p class='ocr_par' dir='ltr' id='par_1_89' title="bbox 1935 3044 3581 3116">
     <span class='ocr_line' id='line_1_89' title="bbox 1935 3044 3581 3116; baseline -0.002 -14"><span class='ocrx_word' id='word_1_591' title='bbox 1935 3046 2347 3104; x_wconf 84' lang='lat' dir='ltr'>ecclesiastica</span> <span class='ocrx_word' id='word_1_592' title='bbox 2371 3046 2597 3103; x_wconf 84' lang='lat' dir='ltr'>militia</span> <span class='ocrx_word' id='word_1_593' title='bbox 2640 3046 3103 3116; x_wconf 89' lang='lat' dir='ltr'>ascribebantur,</span> <span class='ocrx_word' id='word_1_594' title='bbox 3136 3044 3477 3100; x_wconf 89' lang='lat' dir='ltr'>nullatenus</span> <span class='ocrx_word' id='word_1_595' title='bbox 3508 3044 3581 3100; x_wconf 89' lang='lat' dir='ltr'>ab</span> 
     </span>
    </p>
   </div>
   <div class='ocr_carea' id='block_1_90' title="bbox 1933 3132 3583 3207">
    <p class='ocr_par' dir='ltr' id='par_1_90' title="bbox 1933 3132 3583 3207">
     <span class='ocr_line' id='line_1_90' title="bbox 1933 3132 3583 3207; baseline -0.002 -16"><span class='ocrx_word' id='word_1_596' title='bbox 1933 3135 2479 3207; x_wconf 81' lang='lat' dir='ltr'>exceptorisofﬁcio</span> <span class='ocrx_word' id='word_1_597' title='bbox 2511 3135 2582 3191; x_wconf 89' lang='lat' dir='ltr'>ad</span> <span class='ocrx_word' id='word_1_598' title='bbox 2614 3134 2963 3190; x_wconf 90' lang='lat' dir='ltr'>lectoratum</span> <span class='ocrx_word' id='word_1_599' title='bbox 2987 3134 3463 3206; x_wconf 88' lang='lat' dir='ltr'>progressionem</span> <span class='ocrx_word' id='word_1_600' title='bbox 3490 3132 3583 3188; x_wconf 86' lang='lat' dir='ltr'>lie-</span> 
     </span>
    </p>
   </div>
   <div class='ocr_carea' id='block_1_91' title="bbox 1932 3222 3582 3297">
    <p class='ocr_par' dir='ltr' id='par_1_91' title="bbox 1932 3222 3582 3297">
     <span class='ocr_line' id='line_1_91' title="bbox 1932 3222 3582 3297; baseline -0.002 -16"><span class='ocrx_word' id='word_1_601' title='bbox 1932 3228 1979 3282; x_wconf 91' lang='lat' dir='ltr'>ri</span> <span class='ocrx_word' id='word_1_602' title='bbox 2003 3243 2016 3293; x_wconf 91' lang='lat'><strong>;</strong></span> <span class='ocrx_word' id='word_1_603' title='bbox 2054 3230 2228 3297; x_wconf 87' lang='lat' dir='ltr'>atque</span> <span class='ocrx_word' id='word_1_604' title='bbox 2252 3225 2395 3279; x_wconf 91' lang='lat' dir='ltr'>adeo</span> <span class='ocrx_word' id='word_1_605' title='bbox 2418 3239 2830 3295; x_wconf 86' lang='lat' dir='ltr'>quemcunque</span> <span class='ocrx_word' id='word_1_606' title='bbox 2854 3223 3120 3278; x_wconf 87' lang='lat' dir='ltr'>Ecclesia</span> <span class='ocrx_word' id='word_1_607' title='bbox 3146 3222 3471 3278; x_wconf 89' lang='lat' dir='ltr'>ministerio</span> <span class='ocrx_word' id='word_1_608' title='bbox 3489 3222 3582 3277; x_wconf 86' lang='lat' dir='ltr'>de-</span> 
     </span>
    </p>
   </div>
   <div class='ocr_carea' id='block_1_92' title="bbox 1931 3311 3579 3384">
    <p class='ocr_par' dir='ltr' id='par_1_92' title="bbox 1931 3311 3579 3384">
     <span class='ocr_line' id='line_1_92' title="bbox 1931 3311 3579 3384; baseline -0.002 -14"><span class='ocrx_word' id='word_1_609' title='bbox 1931 3314 2192 3370; x_wconf 88' lang='lat' dir='ltr'>dicatum</span> <span class='ocrx_word' id='word_1_610' title='bbox 2217 3314 2288 3369; x_wconf 90' lang='lat' dir='ltr'>ab</span> <span class='ocrx_word' id='word_1_611' title='bbox 2312 3317 2681 3384; x_wconf 83' lang='lat' dir='ltr'>exceptoratu</span> <span class='ocrx_word' id='word_1_612' title='bbox 2725 3312 3038 3383; x_wconf 80' lang='lat' dir='ltr'>incapisse</span> <span class='ocrx_word' id='word_1_613' title='bbox 3071 3311 3421 3382; x_wconf 90' lang='lat' dir='ltr'>constiterit,</span> <span class='ocrx_word' id='word_1_614' title='bbox 3444 3326 3579 3366; x_wconf 88' lang='lat' dir='ltr'>eum</span> 
     </span>
    </p>
   </div>
   <div class='ocr_carea' id='block_1_93' title="bbox 1931 3399 3581 3476">
    <p class='ocr_par' dir='ltr' id='par_1_93' title="bbox 1931 3399 3581 3476">
     <span class='ocr_line' id='line_1_93' title="bbox 1931 3399 3581 3476; baseline -0.002 -18"><span class='ocrx_word' id='word_1_615' title='bbox 1931 3405 2189 3476; x_wconf 87' lang='lat' dir='ltr'>profecto</span> <span class='ocrx_word' id='word_1_616' title='bbox 2222 3407 2391 3458; x_wconf 85' lang='lat' dir='ltr'>atate</span> <span class='ocrx_word' id='word_1_617' title='bbox 2420 3401 2795 3474; x_wconf 88' lang='lat' dir='ltr'>grandiorem</span> <span class='ocrx_word' id='word_1_618' title='bbox 2819 3401 3093 3456; x_wconf 87' lang='lat' dir='ltr'>abdicata</span> <span class='ocrx_word' id='word_1_619' title='bbox 3122 3399 3388 3456; x_wconf 72' lang='lat' dir='ltr'>saeculari</span> <span class='ocrx_word' id='word_1_620' title='bbox 3420 3416 3581 3472; x_wconf 88' lang='lat' dir='ltr'>pom-</span> 
     </span>
    </p>
   </div>
   <div class='ocr_carea' id='block_1_94' title="bbox 1932 3489 3580 3565">
    <p class='ocr_par' dir='ltr' id='par_1_94' title="bbox 1932 3489 3580 3565">
     <span class='ocr_line' id='line_1_94' title="bbox 1932 3489 3580 3565; baseline -0.002 -17"><span class='ocrx_word' id='word_1_621' title='bbox 1932 3510 2004 3565; x_wconf 86' lang='lat' dir='ltr'>pa</span> <span class='ocrx_word' id='word_1_622' title='bbox 2037 3493 2108 3548; x_wconf 92' lang='lat' dir='ltr'>ad</span> <span class='ocrx_word' id='word_1_623' title='bbox 2141 3491 2456 3547; x_wconf 88' lang='lat' dir='ltr'>Ecclesiam</span> <span class='ocrx_word' id='word_1_624' title='bbox 2491 3490 2818 3546; x_wconf 87' lang='lat' dir='ltr'>transiisse.</span> <span class='ocrx_word' id='word_1_625' title='bbox 2844 3494 2992 3545; x_wconf 87' lang='lat' dir='ltr'>Sane</span> <span class='ocrx_word' id='word_1_626' title='bbox 3018 3506 3172 3556; x_wconf 90' lang='lat' dir='ltr'>vero,</span> <span class='ocrx_word' id='word_1_627' title='bbox 3203 3489 3305 3561; x_wconf 90' lang='lat' dir='ltr'>qui</span> <span class='ocrx_word' id='word_1_628' title='bbox 3335 3506 3369 3544; x_wconf 91' lang='lat' dir='ltr'>a</span> <span class='ocrx_word' id='word_1_629' title='bbox 3401 3505 3580 3560; x_wconf 90' lang='lat' dir='ltr'>puero</span> 
     </span>
    </p>
   </div>
   <div class='ocr_carea' id='block_1_95' title="bbox 1931 3579 3582 3651">
    <p class='ocr_par' dir='ltr' id='par_1_95' title="bbox 1931 3579 3582 3651">
     <span class='ocr_line' id='line_1_95' title="bbox 1931 3579 3582 3651; baseline -0.003 -12"><span class='ocrx_word' id='word_1_630' title='bbox 1931 3581 2200 3639; x_wconf 85' lang='lat' dir='ltr'>Ecclesia</span> <span class='ocrx_word' id='word_1_631' title='bbox 2255 3581 2551 3650; x_wconf 90' lang='lat' dir='ltr'>ascriptus</span> <span class='ocrx_word' id='word_1_632' title='bbox 2604 3580 2794 3651; x_wconf 90' lang='lat' dir='ltr'>primo</span> <span class='ocrx_word' id='word_1_633' title='bbox 2823 3579 3158 3650; x_wconf 74' lang='lat' dir='ltr'>exceploris,</span> <span class='ocrx_word' id='word_1_634' title='bbox 3192 3595 3323 3634; x_wconf 85' lang='lat' dir='ltr'>mox</span> <span class='ocrx_word' id='word_1_635' title='bbox 3368 3579 3582 3634; x_wconf 77' lang='lat' dir='ltr'>lectoris</span> 
     </span>
    </p>
   </div>
   <div class='ocr_carea' id='block_1_96' title="bbox 1936 3668 3645 3745">
    <p class='ocr_par' dir='ltr' id='par_1_96' title="bbox 1936 3668 3645 3745">
     <span class='ocr_line' id='line_1_96' title="bbox 1936 3668 3645 3745; baseline -0.003 -17"><span class='ocrx_word' id='word_1_636' title='bbox 1936 3674 2184 3745; x_wconf 91' lang='lat' dir='ltr'>gradum</span> <span class='ocrx_word' id='word_1_637' title='bbox 2236 3672 2325 3744; x_wconf 87' lang='lat' dir='ltr'>(ut</span> <span class='ocrx_word' id='word_1_638' title='bbox 2365 3671 2602 3727; x_wconf 89' lang='lat' dir='ltr'>Damasi</span> <span class='ocrx_word' id='word_1_639' title='bbox 2637 3686 2849 3743; x_wconf 89' lang='lat' dir='ltr'>parens</span> <span class='ocrx_word' id='word_1_640' title='bbox 2897 3670 3209 3738; x_wconf 75' lang='lat' dir='ltr'>A‘ntonius)</span> <span class='ocrx_word' id='word_1_641' title='bbox 3243 3668 3581 3736; x_wconf 89' lang='lat' dir='ltr'>obtinuerit,</span> <span class='ocrx_word' id='word_1_642' title='bbox 3638 3703 3645 3707; x_wconf 94' lang='lat'><em>-</em></span> 
     </span>
    </p>
   </div>
   <div class='ocr_carea' id='block_1_97' title="bbox 1934 3759 3583 3834">
    <p class='ocr_par' dir='ltr' id='par_1_97' title="bbox 1934 3759 3583 3834">
     <span class='ocr_line' id='line_1_97' title="bbox 1934 3759 3583 3834; baseline -0.003 -15"><span class='ocrx_word' id='word_1_643' title='bbox 1934 3764 2227 3819; x_wconf 84' lang='lat' dir='ltr'>neminem</span> <span class='ocrx_word' id='word_1_644' title='bbox 2276 3778 2519 3834; x_wconf 90' lang='lat' dir='ltr'>prorsus</span> <span class='ocrx_word' id='word_1_645' title='bbox 2569 3760 2629 3815; x_wconf 90' lang='lat' dir='ltr'>in</span> <span class='ocrx_word' id='word_1_646' title='bbox 2679 3759 3077 3816; x_wconf 89' lang='lat' dir='ltr'>ecclesiastica</span> <span class='ocrx_word' id='word_1_647' title='bbox 3129 3759 3370 3816; x_wconf 88' lang='lat' dir='ltr'>historia</span> <span class='ocrx_word' id='word_1_648' title='bbox 3421 3760 3583 3814; x_wconf 89' lang='lat' dir='ltr'>inve-</span> 
     </span>
    </p>
   </div>
   <div class='ocr_carea' id='block_1_98' title="bbox 1933 3849 2564 3921">
    <p class='ocr_par' dir='ltr' id='par_1_98' title="bbox 1933 3849 2564 3921">
     <span class='ocr_line' id='line_1_98' title="bbox 1933 3849 2564 3921; baseline 0 -16"><span class='ocrx_word' id='word_1_649' title='bbox 1933 3849 2214 3907; x_wconf 91' lang='lat' dir='ltr'>niendum</span> <span class='ocrx_word' id='word_1_650' title='bbox 2250 3851 2370 3906; x_wconf 83' lang='lat' dir='ltr'>fore</span> <span class='ocrx_word' id='word_1_651' title='bbox 2400 3853 2564 3921; x_wconf 91' lang='lat' dir='ltr'>puto.</span> 
     </span>
    </p>
   </div>
   <div class='ocr_carea' id='block_1_99' title="bbox 2003 3935 3581 4009">
    <p class='ocr_par' dir='ltr' id='par_1_99' title="bbox 2003 3935 3581 4009">
     <span class='ocr_line' id='line_1_99' title="bbox 2003 3935 3581 4009; baseline -0.001 -16"><span class='ocrx_word' id='word_1_652' title='bbox 2003 3941 2187 4009; x_wconf 77' lang='lat' dir='ltr'>Atque</span> <span class='ocrx_word' id='word_1_653' title='bbox 2206 3938 2312 3993; x_wconf 91' lang='lat' dir='ltr'>hac</span> <span class='ocrx_word' id='word_1_654' title='bbox 2334 3953 2439 4009; x_wconf 89' lang='lat' dir='ltr'>ego</span> <span class='ocrx_word' id='word_1_655' title='bbox 2464 3936 2688 3993; x_wconf 89' lang='lat' dir='ltr'>ratione</span> <span class='ocrx_word' id='word_1_656' title='bbox 2709 3939 3038 3992; x_wconf 87' lang='lat' dir='ltr'>Romanum</span> <span class='ocrx_word' id='word_1_657' title='bbox 3081 3935 3340 4005; x_wconf 91' lang='lat' dir='ltr'>Damasi,</span> <span class='ocrx_word' id='word_1_658' title='bbox 3373 3951 3581 4007; x_wconf 85' lang='lat' dir='ltr'>paren-</span> 
     </span>
    </p>
   </div>
   <div class='ocr_carea' id='block_1_100' title="bbox 1933 4026 3581 4100">
    <p class='ocr_par' dir='ltr' id='par_1_100' title="bbox 1933 4026 3581 4100">
     <span class='ocr_line' id='line_1_100' title="bbox 1933 4026 3581 4100; baseline -0.002 -16"><span class='ocrx_word' id='word_1_659' title='bbox 1933 4034 2181 4100; x_wconf 90' lang='lat' dir='ltr'>tumque</span> <span class='ocrx_word' id='word_1_660' title='bbox 2207 4031 2263 4083; x_wconf 92' lang='lat' dir='ltr'>et</span> <span class='ocrx_word' id='word_1_661' title='bbox 2286 4027 2505 4082; x_wconf 90' lang='lat' dir='ltr'>sororis</span> <span class='ocrx_word' id='word_1_662' title='bbox 2529 4028 2744 4091; x_wconf 90' lang='lat' dir='ltr'>Irenes,</span> <span class='ocrx_word' id='word_1_663' title='bbox 2769 4043 2836 4082; x_wconf 84' lang='lat' dir='ltr'>ex</span> <span class='ocrx_word' id='word_1_664' title='bbox 2865 4026 3141 4097; x_wconf 83' lang='lat' dir='ltr'>Hispania</span> <span class='ocrx_word' id='word_1_665' title='bbox 3167 4026 3274 4080; x_wconf 91' lang='lat' dir='ltr'>iter</span> <span class='ocrx_word' id='word_1_666' title='bbox 3292 4026 3581 4080; x_wconf 77' lang='lat' dir='ltr'>inoffensa</span> 
     </span>
    </p>
   </div>
   <div class='ocr_carea' id='block_1_101' title="bbox 1935 4112 3584 4185">
    <p class='ocr_par' dir='ltr' id='par_1_101' title="bbox 1935 4112 3584 4185">
     <span class='ocr_line' id='line_1_101' title="bbox 1935 4112 3584 4185; baseline -0.004 -14"><span class='ocrx_word' id='word_1_667' title='bbox 1935 4117 2193 4173; x_wconf 83' lang='lat' dir='ltr'>Historia</span> <span class='ocrx_word' id='word_1_668' title='bbox 2211 4116 2342 4183; x_wconf 84' lang='lat' dir='ltr'>ﬁde,</span> <span class='ocrx_word' id='word_1_669' title='bbox 2366 4117 2613 4171; x_wconf 81' lang='lat' dir='ltr'>servatis</span> <span class='ocrx_word' id='word_1_670' title='bbox 2636 4116 2705 4169; x_wconf 89' lang='lat' dir='ltr'>ad</span> <span class='ocrx_word' id='word_1_671' title='bbox 2734 4130 2987 4185; x_wconf 88' lang='lat' dir='ltr'>unguem</span> <span class='ocrx_word' id='word_1_672' title='bbox 3016 4112 3584 4183; x_wconf 89' lang='lat' dir='ltr'>ecclesiasticislegi-</span> 
     </span>
    </p>
   </div>
   <div class='ocr_carea' id='block_1_102' title="bbox 1932 4201 3583 4275">
    <p class='ocr_par' dir='ltr' id='par_1_102' title="bbox 1932 4201 3583 4275">
     <span class='ocr_line' id='line_1_102' title="bbox 1932 4201 3583 4275; baseline -0.005 -13"><span class='ocrx_word' id='word_1_673' title='bbox 1932 4206 2063 4275; x_wconf 88' lang='lat' dir='ltr'>bus,</span> <span class='ocrx_word' id='word_1_674' title='bbox 2080 4206 2199 4259; x_wconf 88' lang='lat' dir='ltr'>imo</span> <span class='ocrx_word' id='word_1_675' title='bbox 2223 4203 2377 4259; x_wconf 87' lang='lat' dir='ltr'>enim</span> <span class='ocrx_word' id='word_1_676' title='bbox 2401 4201 2843 4259; x_wconf 89' lang='lat' dir='ltr'>verosimillime</span> <span class='ocrx_word' id='word_1_677' title='bbox 2865 4202 3125 4257; x_wconf 89' lang='lat' dir='ltr'>conﬁteri</span> <span class='ocrx_word' id='word_1_678' title='bbox 3142 4201 3403 4271; x_wconf 88' lang='lat' dir='ltr'>potuisse</span> <span class='ocrx_word' id='word_1_679' title='bbox 3425 4201 3583 4255; x_wconf 84' lang='lat' dir='ltr'>arbi-</span> 
     </span>
    </p>
   </div>
   <div class='ocr_carea' id='block_1_103' title="bbox 1935 4288 3586 4359">
    <p class='ocr_par' dir='ltr' id='par_1_103' title="bbox 1935 4288 3586 4359">
     <span class='ocr_line' id='line_1_103' title="bbox 1935 4288 3586 4359; baseline -0.004 -9"><span class='ocrx_word' id='word_1_680' title='bbox 1935 4291 2383 4350; x_wconf 89' lang='lat' dir='ltr'>trabar.Saltem</span> <span class='ocrx_word' id='word_1_681' title='bbox 2411 4291 2639 4347; x_wconf 90' lang='lat' dir='ltr'>nullum</span> <span class='ocrx_word' id='word_1_682' title='bbox 2659 4291 2803 4345; x_wconf 92' lang='lat' dir='ltr'>mihi</span> <span class='ocrx_word' id='word_1_683' title='bbox 2821 4291 3106 4345; x_wconf 88' lang='lat' dir='ltr'>hactenus</span> <span class='ocrx_word' id='word_1_684' title='bbox 3128 4293 3437 4359; x_wconf 87' lang='lat' dir='ltr'>scopulum</span> <span class='ocrx_word' id='word_1_685' title='bbox 3463 4288 3586 4344; x_wconf 90' lang='lat' dir='ltr'>ani-</span> 
     </span>
    </p>
   </div>
   <div class='ocr_carea' id='block_1_104' title="bbox 1933 4376 3582 4449">
    <p class='ocr_par' dir='ltr' id='par_1_104' title="bbox 1933 4376 3582 4449">
     <span class='ocr_line' id='line_1_104' title="bbox 1933 4376 3582 4449; baseline -0.004 -11"><span class='ocrx_word' id='word_1_686' title='bbox 1933 4384 2296 4438; x_wconf 86' lang='lat' dir='ltr'>madvertere</span> <span class='ocrx_word' id='word_1_687' title='bbox 2322 4380 2506 4449; x_wconf 89' lang='lat' dir='ltr'>licuit,</span> <span class='ocrx_word' id='word_1_688' title='bbox 2537 4379 2628 4434; x_wconf 92' lang='lat' dir='ltr'>cui</span> <span class='ocrx_word' id='word_1_689' title='bbox 2661 4378 2971 4433; x_wconf 89' lang='lat' dir='ltr'>devitando</span> <span class='ocrx_word' id='word_1_690' title='bbox 2997 4393 3347 4447; x_wconf 86' lang='lat' dir='ltr'>magnopere</span> <span class='ocrx_word' id='word_1_691' title='bbox 3362 4376 3582 4432; x_wconf 89' lang='lat' dir='ltr'>allabo-</span> 
     </span>
    </p>
   </div>
   <div class='ocr_carea' id='block_1_105' title="bbox 1933 4466 3584 4539">
    <p class='ocr_par' dir='ltr' id='par_1_105' title="bbox 1933 4466 3584 4539">
     <span class='ocr_line' id='line_1_105' title="bbox 1933 4466 3584 4539; baseline -0.003 -12"><span class='ocrx_word' id='word_1_692' title='bbox 1933 4471 2185 4527; x_wconf 85' lang='lat' dir='ltr'>randum</span> <span class='ocrx_word' id='word_1_693' title='bbox 2228 4470 2323 4525; x_wconf 88' lang='lat' dir='ltr'>sit.</span> <span class='ocrx_word' id='word_1_694' title='bbox 2371 4468 2515 4523; x_wconf 91' lang='lat' dir='ltr'>Nam</span> <span class='ocrx_word' id='word_1_695' title='bbox 2551 4469 2705 4539; x_wconf 92' lang='lat' dir='ltr'>quod</span> <span class='ocrx_word' id='word_1_696' title='bbox 2742 4485 2774 4522; x_wconf 89' lang='lat' dir='ltr'>a</span> <span class='ocrx_word' id='word_1_697' title='bbox 2806 4468 2979 4523; x_wconf 89' lang='lat' dir='ltr'>nobis</span> <span class='ocrx_word' id='word_1_698' title='bbox 3010 4467 3284 4523; x_wconf 89' lang='lat' dir='ltr'>Merenda</span> <span class='ocrx_word' id='word_1_699' title='bbox 3316 4466 3584 4536; x_wconf 84' lang='lat' dir='ltr'>inquirit,</span> 
     </span>
    </p>
   </div>
   <div class='ocr_carea' id='block_1_106' title="bbox 1860 4554 3585 4661">
    <p class='ocr_par' dir='ltr' id='par_1_106' title="bbox 1860 4554 3585 4661">
     <span class='ocr_line' id='line_1_106' title="bbox 1860 4554 3585 4661; baseline -0.003 -46"><span class='ocrx_word' id='word_1_700' title='bbox 1860 4598 1904 4661; x_wconf 81' lang='lat' dir='ltr'>D</span> <span class='ocrx_word' id='word_1_701' title='bbox 1938 4576 2075 4615; x_wconf 90' lang='lat' dir='ltr'>num</span> <span class='ocrx_word' id='word_1_702' title='bbox 2104 4558 2328 4614; x_wconf 89' lang='lat' dir='ltr'>scilicet</span> <span class='ocrx_word' id='word_1_703' title='bbox 2350 4558 2407 4612; x_wconf 91' lang='lat' dir='ltr'>in</span> <span class='ocrx_word' id='word_1_704' title='bbox 2434 4557 2809 4612; x_wconf 87' lang='lat' dir='ltr'>inferioribus</span> <span class='ocrx_word' id='word_1_705' title='bbox 2831 4556 3138 4612; x_wconf 89' lang='lat' dir='ltr'>ordinibus</span> <span class='ocrx_word' id='word_1_706' title='bbox 3158 4554 3329 4627; x_wconf 90' lang='lat' dir='ltr'>positi</span> <span class='ocrx_word' id='word_1_707' title='bbox 3347 4559 3509 4626; x_wconf 87' lang='lat' dir='ltr'>pater</span> <span class='ocrx_word' id='word_1_708' title='bbox 3529 4560 3585 4610; x_wconf 90' lang='lat' dir='ltr'>et</span> 
     </span>
    </p>
   </div>
   <div class='ocr_carea' id='block_1_107' title="bbox 1938 4645 3585 4717">
    <p class='ocr_par' dir='ltr' id='par_1_107' title="bbox 1938 4645 3585 4717">
     <span class='ocr_line' id='line_1_107' title="bbox 1938 4645 3585 4717; baseline -0.004 -12"><span class='ocrx_word' id='word_1_709' title='bbox 1938 4648 2096 4705; x_wconf 87' lang='lat' dir='ltr'>ﬁlius</span> <span class='ocrx_word' id='word_1_710' title='bbox 2119 4665 2236 4703; x_wconf 92' lang='lat' dir='ltr'>uno</span> <span class='ocrx_word' id='word_1_711' title='bbox 2260 4648 2377 4702; x_wconf 86' lang='lat' dir='ltr'>fere</span> <span class='ocrx_word' id='word_1_712' title='bbox 2400 4647 2724 4717; x_wconf 84' lang='lat' dir='ltr'>eodemque</span> <span class='ocrx_word' id='word_1_713' title='bbox 2773 4650 3055 4715; x_wconf 88' lang='lat' dir='ltr'>tempore,</span> <span class='ocrx_word' id='word_1_714' title='bbox 3103 4653 3264 4717; x_wconf 77' lang='lat' dir='ltr'>atque</span> <span class='ocrx_word' id='word_1_715' title='bbox 3302 4646 3495 4699; x_wconf 82' lang='lat' dir='ltr'>eadem</span> <span class='ocrx_word' id='word_1_716' title='bbox 3524 4645 3585 4698; x_wconf 82' lang='lat' dir='ltr'>in</span> 
     </span>
    </p>
   </div>
   <div class='ocr_carea' id='block_1_108' title="bbox 1934 4732 3583 4805">
    <p class='ocr_par' dir='ltr' id='par_1_108' title="bbox 1934 4732 3583 4805">
     <span class='ocr_line' id='line_1_108' title="bbox 1934 4732 3583 4805; baseline -0.004 -11"><span class='ocrx_word' id='word_1_717' title='bbox 1934 4737 2167 4795; x_wconf 83' lang='lat' dir='ltr'>ecclesia</span> <span class='ocrx_word' id='word_1_718' title='bbox 2186 4735 2464 4792; x_wconf 89' lang='lat' dir='ltr'>inservire</span> <span class='ocrx_word' id='word_1_719' title='bbox 2480 4740 2581 4789; x_wconf 91' lang='lat' dir='ltr'>aut</span> <span class='ocrx_word' id='word_1_720' title='bbox 2596 4733 2929 4790; x_wconf 90' lang='lat' dir='ltr'>ministrare</span> <span class='ocrx_word' id='word_1_721' title='bbox 2944 4732 3258 4805; x_wconf 79' lang='lat' dir='ltr'>potuerint,</span> <span class='ocrx_word' id='word_1_722' title='bbox 3284 4733 3431 4788; x_wconf 89' lang='lat' dir='ltr'>tanti</span> <span class='ocrx_word' id='word_1_723' title='bbox 3466 4749 3583 4787; x_wconf 90' lang='lat' dir='ltr'>non</span> 
     </span>
    </p>
   </div>
   <div class='ocr_carea' id='block_1_109' title="bbox 1936 4821 3583 4894">
    <p class='ocr_par' dir='ltr' id='par_1_109' title="bbox 1936 4821 3583 4894">
     <span class='ocr_line' id='line_1_109' title="bbox 1936 4821 3583 4894; baseline -0.004 -11"><span class='ocrx_word' id='word_1_724' title='bbox 1936 4833 2043 4883; x_wconf 89' lang='lat' dir='ltr'>est.</span> <span class='ocrx_word' id='word_1_725' title='bbox 2072 4827 2224 4882; x_wconf 89' lang='lat' dir='ltr'>Licet</span> <span class='ocrx_word' id='word_1_726' title='bbox 2244 4824 2405 4880; x_wconf 90' lang='lat' dir='ltr'>enim</span> <span class='ocrx_word' id='word_1_727' title='bbox 2428 4828 2867 4893; x_wconf 87' lang='lat' dir='ltr'>exceptoratum</span> <span class='ocrx_word' id='word_1_728' title='bbox 2892 4822 3074 4894; x_wconf 90' lang='lat' dir='ltr'>patris</span> <span class='ocrx_word' id='word_1_729' title='bbox 3098 4838 3230 4877; x_wconf 89' lang='lat' dir='ltr'>cum</span> <span class='ocrx_word' id='word_1_730' title='bbox 3265 4821 3368 4875; x_wconf 85' lang='lat' dir='ltr'>ﬁlii</span> <span class='ocrx_word' id='word_1_731' title='bbox 3400 4821 3583 4877; x_wconf 88' lang='lat' dir='ltr'>lecto-</span> 
     </span>
    </p>
   </div>
   <div class='ocr_carea' id='block_1_110' title="bbox 1936 4910 3579 4986">
    <p class='ocr_par' dir='ltr' id='par_1_110' title="bbox 1936 4910 3579 4986">
     <span class='ocr_line' id='line_1_110' title="bbox 1936 4910 3579 4986; baseline -0.005 -14"><span class='ocrx_word' id='word_1_732' title='bbox 1936 4922 2064 4972; x_wconf 88' lang='lat' dir='ltr'>ratu</span> <span class='ocrx_word' id='word_1_733' title='bbox 2094 4922 2356 4986; x_wconf 89' lang='lat' dir='ltr'>tempore</span> <span class='ocrx_word' id='word_1_734' title='bbox 2389 4917 2445 4968; x_wconf 90' lang='lat' dir='ltr'>et</span> <span class='ocrx_word' id='word_1_735' title='bbox 2474 4912 2601 4967; x_wconf 92' lang='lat' dir='ltr'>loco</span> <span class='ocrx_word' id='word_1_736' title='bbox 2624 4913 3079 4984; x_wconf 88' lang='lat' dir='ltr'>conjungamus,</span> <span class='ocrx_word' id='word_1_737' title='bbox 3110 4910 3257 4979; x_wconf 89' lang='lat' dir='ltr'>nihil</span> <span class='ocrx_word' id='word_1_738' title='bbox 3291 4910 3579 4982; x_wconf 87' lang='lat' dir='ltr'>prohibet.</span> 
     </span>
    </p>
   </div>
   <div class='ocr_carea' id='block_1_111' title="bbox 1935 5000 3574 5076">
    <p class='ocr_par' dir='ltr' id='par_1_111' title="bbox 1935 5000 3574 5076">
     <span class='ocr_line' id='line_1_111' title="bbox 1935 5000 3574 5076; baseline -0.003 -17"><span class='ocrx_word' id='word_1_739' title='bbox 1935 5007 2353 5076; x_wconf 81' lang='lat' dir='ltr'>Exceptoratus</span> <span class='ocrx_word' id='word_1_740' title='bbox 2388 5000 2543 5057; x_wconf 90' lang='lat' dir='ltr'>enim</span> <span class='ocrx_word' id='word_1_741' title='bbox 2568 5000 2827 5056; x_wconf 88' lang='lat' dir='ltr'>ofﬁcium</span> <span class='ocrx_word' id='word_1_742' title='bbox 2850 5005 2936 5056; x_wconf 89' lang='lat' dir='ltr'>est</span> <span class='ocrx_word' id='word_1_743' title='bbox 2958 5001 3046 5072; x_wconf 75' lang='grc' dir='ltr'>(Ῑ),</span> <span class='ocrx_word' id='word_1_744' title='bbox 3083 5017 3195 5056; x_wconf 92' lang='lat' dir='ltr'>non</span> <span class='ocrx_word' id='word_1_745' title='bbox 3222 5001 3441 5073; x_wconf 89' lang='lat' dir='ltr'>gradus</span> <span class='ocrx_word' id='word_1_746' title='bbox 3473 5015 3574 5054; x_wconf 91' lang='lat' dir='ltr'>seu</span> 
     </span>
    </p>
   </div>
   <div class='ocr_carea' id='block_1_112' title="bbox 1938 5125 3581 5198">
    <p class='ocr_par' dir='ltr' id='par_1_112' title="bbox 1938 5125 3581 5198">
     <span class='ocr_line' id='line_1_112' title="bbox 1938 5125 3581 5198; baseline -0.006 -12"><span class='ocrx_word' id='word_1_747' title='bbox 1938 5130 2208 5186; x_wconf 76' lang='lat' dir='ltr'>Merenda</span> <span class='ocrx_word' id='word_1_748' title='bbox 2240 5127 2335 5197; x_wconf 90' lang='lat' dir='ltr'>qui</span> <span class='ocrx_word' id='word_1_749' title='bbox 2362 5128 2442 5198; x_wconf 86' lang='lat' dir='ltr'>(In</span> <span class='ocrx_word' id='word_1_750' title='bbox 2465 5127 2728 5183; x_wconf 76' lang='lat' dir='ltr'>annoLad</span> <span class='ocrx_word' id='word_1_751' title='bbox 2747 5126 3162 5198; x_wconf 76' lang='lat' dir='ltr'>Carm.l)amasi</span> <span class='ocrx_word' id='word_1_752' title='bbox 3188 5125 3581 5197; x_wconf 70' lang='lat' dir='ltr'>xxv,pag.241)</span> 
     </span>
    </p>
   </div>
   <div class='ocr_carea' id='block_1_113' title="bbox 1935 5197 3579 5273">
    <p class='ocr_par' dir='ltr' id='par_1_113' title="bbox 1935 5197 3579 5273">
     <span class='ocr_line' id='line_1_113' title="bbox 1935 5197 3579 5273; baseline -0.003 -18"><span class='ocrx_word' id='word_1_753' title='bbox 1935 5202 2128 5273; x_wconf 89' lang='lat' dir='ltr'>inquit</span> <span class='ocrx_word' id='word_1_754' title='bbox 2164 5217 2175 5255; x_wconf 90' lang='lat'><strong>:</strong></span> <span class='ocrx_word' id='word_1_755' title='bbox 2218 5197 2590 5273; x_wconf 10' lang='lat' dir='ltr'>Videsreliam</span> <span class='ocrx_word' id='word_1_756' title='bbox 2622 5214 2709 5273; x_wconf 11' lang='lat' dir='ltr'>ex,</span> <span class='ocrx_word' id='word_1_757' title='bbox 2733 5197 2947 5255; x_wconf 76' lang='lat' dir='ltr'>lectoris</span> <span class='ocrx_word' id='word_1_758' title='bbox 2986 5200 3175 5255; x_wconf 79' lang='lat' dir='ltr'>ordine</span> <span class='ocrx_word' id='word_1_759' title='bbox 3217 5198 3288 5254; x_wconf 85' lang='lat' dir='ltr'>ad</span> <span class='ocrx_word' id='word_1_760' title='bbox 3334 5198 3579 5268; x_wconf 74' lang='lat' dir='ltr'>ofﬁcium</span> 
     </span>
    </p>
   </div>
   <div class='ocr_carea' id='block_1_114' title="bbox 1933 5271 2728 5344">
    <p class='ocr_par' dir='ltr' id='par_1_114' title="bbox 1933 5271 2728 5344">
     <span class='ocr_line' id='line_1_114' title="bbox 1933 5271 2728 5344; baseline -0.006 -15"><span class='ocrx_word' id='word_1_761' title='bbox 1933 5271 2239 5344; x_wconf 74' lang='lat' dir='ltr'>exceploris</span> <span class='ocrx_word' id='word_1_762' title='bbox 2269 5272 2515 5344; x_wconf 12' lang='lat' dir='ltr'>gradum,</span> <span class='ocrx_word' id='word_1_763' title='bbox 2540 5271 2728 5344; x_wconf 68' lang='lat' dir='ltr'>statui.</span> 
     </span>
    </p>
   </div>
   <div class='ocr_carea' id='block_1_115' title="bbox 2004 5342 2623 5415">
    <p class='ocr_par' dir='ltr' id='par_1_115' title="bbox 2004 5342 2623 5415">
     <span class='ocr_line' id='line_1_115' title="bbox 2004 5342 2623 5415; baseline -0.005 -15"><span class='ocrx_word' id='word_1_764' title='bbox 2004 5342 2076 5415; x_wconf 76' lang='grc' dir='ltr'>(ε)</span> <span class='ocrx_word' id='word_1_765' title='bbox 2110 5344 2462 5415; x_wconf 85' lang='lat' dir='ltr'>Epigramm.</span> <span class='ocrx_word' id='word_1_766' title='bbox 2501 5342 2623 5415; x_wconf 12' lang='lat'>137,.</span> 
     </span>
    </p>
   </div>
   <div class='ocr_carea' id='block_1_116' title="bbox 2005 5410 3578 5488">
    <p class='ocr_par' dir='ltr' id='par_1_116' title="bbox 2005 5410 3578 5488">
     <span class='ocr_line' id='line_1_116' title="bbox 2005 5410 3578 5488; baseline -0.007 -16"><span class='ocrx_word' id='word_1_767' title='bbox 2107 5410 2283 5472; x_wconf 73' lang='lat' dir='ltr'>Erant</span> <span class='ocrx_word' id='word_1_768' title='bbox 2316 5414 2551 5488; x_wconf 81' lang='lat' dir='ltr'>quidem</span> <span class='ocrx_word' id='word_1_769' title='bbox 2578 5414 2649 5468; x_wconf 91' lang='lat' dir='ltr'>iis</span> <span class='ocrx_word' id='word_1_770' title='bbox 2671 5412 3033 5488; x_wconf 83' lang='lat' dir='ltr'>temporibus</span> <span class='ocrx_word' id='word_1_771' title='bbox 3055 5426 3352 5488; x_wconf 81' lang='lat' dir='ltr'>sacrorum</span> <span class='ocrx_word' id='word_1_772' title='bbox 3381 5410 3578 5488; x_wconf 81' lang='lat' dir='ltr'>custo-</span> 
     </span>
    </p>
   </div>
   <div class='ocr_carea' id='block_1_117' title="bbox 1934 5483 3573 5559">
    <p class='ocr_par' dir='ltr' id='par_1_117' title="bbox 1934 5483 3573 5559">
     <span class='ocr_line' id='line_1_117' title="bbox 1934 5483 3573 5559; baseline -0.006 -15"><span class='ocrx_word' id='word_1_773' title='bbox 1934 5483 2810 5559; x_wconf 68' lang='lat' dir='ltr'>des,interpretes,defensores,</span> <span class='ocrx_word' id='word_1_774' title='bbox 2826 5485 3181 5559; x_wconf 85' lang='lat' dir='ltr'>laborantes,</span> <span class='ocrx_word' id='word_1_775' title='bbox 3197 5483 3295 5559; x_wconf 77' lang='lat' dir='ltr'>qui</span> <span class='ocrx_word' id='word_1_776' title='bbox 3311 5483 3573 5559; x_wconf 58' lang='lat' dir='ltr'>portup-</span> 
     </span>
    </p>
   </div>
   <div class='ocr_carea' id='block_1_118' title="bbox 1934 5548 3573 5630">
    <p class='ocr_par' dir='ltr' id='par_1_118' title="bbox 1934 5548 3573 5630">
     <span class='ocr_line' id='line_1_118' title="bbox 1934 5548 3573 5630; baseline -0.007 -16"><span class='ocrx_word' id='word_1_777' title='bbox 1934 5548 2063 5614; x_wconf 83' lang='lat' dir='ltr'>rum</span> <span class='ocrx_word' id='word_1_778' title='bbox 2102 5548 2347 5630; x_wconf 77' lang='lat' dir='ltr'>corpora</span> <span class='ocrx_word' id='word_1_779' title='bbox 2382 5548 2689 5630; x_wconf 82' lang='lat' dir='ltr'>curabant,</span> <span class='ocrx_word' id='word_1_780' title='bbox 2731 5548 3147 5630; x_wconf 75' lang='lat' dir='ltr'>aconomi,_et</span> <span class='ocrx_word' id='word_1_781' title='bbox 3170 5548 3276 5608; x_wconf 85' lang='lat' dir='ltr'>alii</span> <span class='ocrx_word' id='word_1_782' title='bbox 3310 5548 3573 5630; x_wconf 70' lang='lat' dir='ltr'>Ecclesia</span> 
     </span>
    </p>
   </div>
   <div class='ocr_carea' id='block_1_119' title="bbox 1932 5620 3571 5698">
    <p class='ocr_par' dir='ltr' id='par_1_119' title="bbox 1932 5620 3571 5698">
     <span class='ocr_line' id='line_1_119' title="bbox 1932 5620 3571 5698; baseline -0.007 -11"><span class='ocrx_word' id='word_1_783' title='bbox 1932 5620 2220 5687; x_wconf 79' lang='lat' dir='ltr'>ofﬁciales</span> <span class='ocrx_word' id='word_1_784' title='bbox 2245 5631 2372 5685; x_wconf 90' lang='lat' dir='ltr'>sine</span> <span class='ocrx_word' id='word_1_785' title='bbox 2404 5620 2771 5683; x_wconf 76' lang='lat' dir='ltr'>ordinatidne</span> <span class='ocrx_word' id='word_1_786' title='bbox 2802 5620 3125 5698; x_wconf 7' lang='lat' dir='ltr'>aliqua.iDe</span> <span class='ocrx_word' id='word_1_787' title='bbox 3156 5620 3571 5698; x_wconf 77' lang='lat' dir='ltr'>quovidendus</span> 
     </span>
    </p>
   </div>
   <div class='ocr_carea' id='block_1_120' title="bbox 1934 5694 3319 5773">
    <p class='ocr_par' dir='ltr' id='par_1_120' title="bbox 1934 5694 3319 5773">
     <span class='ocr_line' id='line_1_120' title="bbox 1934 5694 3319 5773; baseline -0.01 -13"><span class='ocrx_word' id='word_1_788' title='bbox 1934 5701 2365 5762; x_wconf 85' lang='lat' dir='ltr'>Thomassinus</span> <span class='ocrx_word' id='word_1_789' title='bbox 2394 5702 2478 5773; x_wconf 57' lang='grc' dir='ltr'>(ιρι.</span> <span class='ocrx_word' id='word_1_790' title='bbox 2514 5717 2552 5770; x_wconf 85' lang='grc' dir='ltr'>ι,</span> <span class='ocrx_word' id='word_1_791' title='bbox 2586 5700 2682 5755; x_wconf 82' lang='lat' dir='ltr'>lib.</span> <span class='ocrx_word' id='word_1_792' title='bbox 2716 5716 2776 5770; x_wconf 82' lang='lat' dir='ltr'>ii,</span> <span class='ocrx_word' id='word_1_793' title='bbox 2801 5694 2921 5771; x_wconf 51' lang='lat' dir='ltr'>cap}</span> <span class='ocrx_word' id='word_1_794' title='bbox 2955 5699 3127 5769; x_wconf 64' lang='lat'>34,12.</span> <span class='ocrx_word' id='word_1_795' title='bbox 3158 5696 3213 5767; x_wconf 85' lang='grc'>2,</span> <span class='ocrx_word' id='word_1_796' title='bbox 3243 5694 3319 5765; x_wconf 82' lang='lat'>5).</span> 
     </span>
    </p>
   </div>
  </div>
