3996 6170
198 338 295 394 573

1126 339 1599 396 DISSERTATIO
1630 339 1728 393 DE
1766 340 2065 395 DAMASO
2104 342 2197 395 ET
2232 342 2669 399 LAURENTIO.

3502 342 3610 396 574

196 460 382 517 claris.
436 464 672 518 nostras
693 460 950 519 Thomas
982 462 1053 518 de
1084 462 1838 534 HerreraAugustinianus,
1873 462 1928 529 Α
1957 460 2014 517 in
2033 462 2389 535 virginitatis
2424 465 2723 537 proposito
2756 481 3127 537 permanens,
3173 470 3351 539 atque
3382 467 3441 521 in
3476 465 3603 523 dies

196 550 280 605 cui
302 552 359 604 in
385 566 448 604 re
502 548 638 605 facti
668 550 844 606 ﬁdem
876 551 1157 623 derogare
1178 555 1342 608 nefas
1362 558 1537 621 esset,
1557 568 1626 607 ex
1652 569 1847 623 perve-

194 642 341 694 tusto
371 638 755 712 Hispaniensi
787 640 1203 713 Martyrologio
1223 642 1449 698 eruisse
1469 646 1717 697 testetur
1744 643 1844 713 (ιι),

198 727 301 783 alia
331 727 505 799 prius
536 727 737 784 omnia
767 729 1016 800 experiri
1048 731 1329 802 oportuit,
1362 748 1540 802 quam
1569 732 1843 787 Actorum

195 817 395 872 veritas
414 816 475 872 in
497 817 836 875 universum
855 820 1471 891 traduceretur.Atque
1484 837 1589 892 ego
1606 821 1841 892 quidem

195 906 453 979 ipsorum
507 922 771 977 causam,
806 908 1016 964 saltem
1068 909 1265 980 qualia
1313 911 1601 982 Tamayus
1647 915 1845 966 noster

189 995 478 1067 evulgavit
518 996 614 1067 (b),
656 996 816 1054 nullo
855 1002 1024 1069 pacto
1056 1000 1336 1055 tuendam
1369 1000 1427 1054 in
1460 1016 1553 1056 me
1584 999 1841 1071 recipio;

188 1086 293 1142 imo
317 1102 391 1142 ex
412 1086 597 1158 hujus
617 1087 894 1157 auctoris,
917 1090 1271 1160 caeteroquin
1294 1089 1642 1157 doctissimi,
1678 1090 1843 1161 inge—

185 1176 293 1243 nio,
312 1179 497 1248 atque
514 1193 586 1232 ex
607 1178 937 1250 argumenti
970 1177 1434 1251 importunitate,
1466 1179 1843 1237 vehementer

182 1266 453 1337 suspicor
502 1266 733 1322 Damasi
787 1267 1035 1338 patriam
1087 1284 1392 1341 genusque
1424 1269 1535 1327 sub
1564 1271 1837 1325 Actorum

182 1354 414 1410 initium
449 1354 805 1427 interpolata
820 1373 968 1412 esse.
992 1356 1073 1413 De
1090 1356 1199 1414 hoc
1217 1361 1415 1415 tamen
1432 1358 1531 1413 atii
1546 1358 1835 1428 judicent.

241 1445 397 1501 Illud
417 1445 566 1501 mihi
583 1451 745 1503 extra
763 1447 1221 1504 controversiam
1246 1449 1477 1505 videtur
1491 1449 1768 1522 positum,
1788 1450 1837 1505 si

183 1534 359 1605 semel
395 1535 771 1603 admittimus
804 1538 996 1594 Irenes
1028 1538 1396 1610 epitaphium
1439 1557 1553 1595 non
1602 1540 1674 1595 ab
1723 1539 1836 1596 alio

182 1641 355 1695 quam
374 1626 449 1680 ab
465 1626 742 1681 Actorum
762 1625 1046 1696 scriptore
1065 1628 1170 1682 sub
1194 1627 1456 1699 ipsorum
1477 1628 1648 1683 finem
1672 1628 1835 1682 addi-

183 1718 304 1768 tum
357 1712 565 1779 fuisse,
601 1714 769 1785 longe
799 1730 932 1770 eum
967 1715 1195 1771 diverso
1246 1733 1311 1771 ac
1356 1716 1530 1789 vulgo
1582 1717 1840 1773 creditur

182 1818 358 1857 sensu
387 1818 623 1858 versum
658 1802 957 1874 quintum,
978 1820 1095 1875 quo
1128 1804 1322 1860 Irenes
1350 1809 1489 1860 aatas
1519 1805 1832 1876 indicatur,

180 1890 561 1946 intellexisse.
590 1892 872 1947 Merendae
890 1892 1129 1963 quidem
1156 1909 1220 1948 ac
1244 1892 1617 1950 Tillemontio
1648 1912 1716 1949 ex
1747 1912 1839 1950 re-

178 1984 370 2052 cepto,
402 1979 485 2035 uti
510 1980 785 2048 arbitror,
807 1981 1183 2051 designanda:
1215 1983 1401 2038 aetatis
1431 1982 1490 2038 in
1522 1984 1838 2056 epitaphiis

181 2085 368 2139 more,
402 2069 551 2125 nihil
602 2070 867 2142 scrupuli
918 2072 1228 2127 subortum
1263 2072 1448 2129 fuisse
1476 2072 1708 2129 videtur
1736 2074 1832 2144 (ε),

178 2159 321 2231 quin
338 2163 575 2227 tractus
597 2159 677 2216 bis
698 2160 864 2218 denas
887 2161 1092 2217 hiemes
1121 2162 1321 2219 nedum
1350 2163 1738 2234 compleverat,
1771 2167 1837 2219 ut

178 2248 229 2304 in
281 2265 351 2305 eo
392 2265 571 2320 quem
598 2249 856 2307 diximus
884 2267 1054 2307 versu
1091 2251 1323 2323 legitur,
1357 2253 1429 2308 ad
1462 2269 1684 2308 annum
1717 2269 1833 2325 quo

176 2338 367 2394 vivere
419 2338 585 2394 Irene
613 2339 789 2395 desiit
814 2340 1155 2396 referendus
1205 2341 1317 2409 sit;
1365 2343 1519 2414 quod
1550 2347 1607 2398 et
1636 2343 1832 2415 ipsum

178 2426 321 2481 mihi
347 2444 487 2482 cum
516 2428 705 2500 primo
728 2445 861 2485 eum
884 2446 1119 2486 versum
1141 2430 1392 2503 legerem
1418 2433 1832 2490 accidissenon

177 2516 471 2585 diffiteor;
506 2533 706 2575 verum
737 2520 834 2575 ubi
866 2520 1219 2577 sententiam
1252 2522 1397 2578 satis
1432 2539 1532 2593 per
1561 2540 1623 2578 se
1645 2524 1831 2579 ambi—

177 2620 383 2679 guam,
404 2610 487 2672 et,
510 2605 559 2662 si
580 2606 640 2662 in
660 2623 726 2663 eo
750 2624 928 2671 sensu
961 2608 1303 2682 accipiatur,
1327 2628 1440 2666 non
1472 2629 1588 2669 uno
1619 2614 1678 2667 in
1706 2612 1831 2668 loco

178 2693 326 2749 Actis
354 2711 488 2766 qua
524 2697 695 2753 modo
726 2704 1191 2769 praecesserante
1213 2699 1449 2770 regione
1478 2702 1831 2757 contrariam

175 2783 574 2858 deprehendo,
594 2785 761 2843 facile
783 2788 1120 2858 persuaderi
1154 2805 1365 2860 passus
1396 2807 1528 2846 sum
1554 2795 1831 2847 Actorum

173 2874 523 2946 scriptorem
550 2891 678 2933 eam
703 2876 1008 2947 periodum
1034 2894 1147 2934 non
1173 2879 1245 2933 ad
1270 2878 1458 2934 astatis
1476 2896 1695 2934 annum
1717 2897 1830 2951 quo

171 2963 366 3018 Irenes
380 2964 637 3019 decessit
649 2965 748 3019 sed
765 2980 883 3035 quo
901 2982 1004 3036 per
1015 2966 1371 3037 virginitatis
1388 2972 1520 3023 votu
1533 2985 1586 3023 m
1601 2969 1830 3025 Christo

172 3066 231 3106 se
254 3051 477 3107 dicavit
497 3052 800 3121 retulisse;
826 3054 996 3125 quasi
1021 3055 1354 3127 significare
1369 3058 1537 3113 nobis
1550 3058 1832 3114 voluisset

174 3140 464 3197 Damasus
497 3140 703 3199 Irenen
728 3143 787 3198 in
810 3142 940 3215 ipso
962 3144 1219 3215 juventae
1239 3145 1382 3202 flore
1397 3146 1683 3219 virginem
1713 3148 1829 3204 Deo

175 3236 577 3287 consecratam
613 3232 812 3288 fuisse.

244 3320 400 3375 Sane
418 3336 552 3375 cum
580 3319 630 3375 is
652 3318 814 3376 locus
832 3322 1304 3394 antiquariorum
1332 3324 1473 3380 vitio
1496 3330 1831 3398 corruptus,

180 3414 233 3464 et
260 3410 557 3464 sententia
587 3408 1016 3481 implexissima
1047 3412 1144 3487 sit,
1170 3429 1275 3467 cur
1305 3412 1501 3485 potius
1532 3414 1603 3469 de
1633 3417 1831 3471 Irenes

183 3503 363 3553 morte
397 3514 578 3568 quam
600 3499 895 3556 deemisso
910 3501 1353 3573 peripsamvoto
1386 3502 1569 3574 accipi
1602 3504 1828 3573 debeat,

184 3602 421 3656 prorsus
450 3603 567 3643 non
588 3586 786 3656 video;
812 3606 945 3644 cum
968 3606 999 3645 e
1020 3591 1312 3646 contrario
1338 3590 1523 3646 multa
1544 3592 1833 3648 nosindu-

183 3676 610 3731 cantuteumin
629 3678 946 3748 posteriore
968 3695 1146 3735 sensu
1171 3680 1243 3735 ab
1256 3681 1531 3736 Actorum
1547 3681 1830 3753 scriptore

183 3769 527 3836 usurpatum
560 3770 855 3837 putemus.
876 3769 998 3833 Quo
1029 3768 1185 3823 enim
1211 3768 1308 3824 ille
1339 3772 1527 3841 pacto,
1553 3772 1603 3826 si
1632 3772 1700 3826 ad
1726 3771 1831 3828 im-

184 3857 471 3909 maturam
504 3856 702 3910 Irenes
733 3861 981 3912 mortem
1014 3857 1290 3929 respexit,
1314 3858 1677 3931 epitaphium
1710 3877 1826 3931 quo

179 3943 446 3999 Actorum
494 3943 709 4000 veritas
758 3944 1126 4016 apertissime
1176 3952 1635 4020 oppugnaretur,
1668 3949 1825 4006 illico

177 4037 298 4102 post
318 4036 468 4089 Acta
494 4033 907 4090 subdidisset?
936 4039 1212 4091 Prmterea
1238 4053 1371 4092 cum
1396 4038 1455 4092 in
1479 4038 1640 4095 Actis
1664 4040 1826 4097 lrene

236 4199 311 4261 (a)
336 4194 589 4270 Ap._Pl’.
623 4194 915 4270 Bol_land.,
949 4197 1021 4253 ad
1056 4196 1212 4254 diem
1241 4200 1306 4252 21
1342 4198 1619 4256 Februar.
1651 4202 1819 4270 (Tom.

176 4266 414 4342 Ill,_pag.
446 4267 575 4342 214,
706 4268 760 4323 S.
791 4270 986 4342 Irene).

258 4340 307 4410 b)
336 4339 510 4410 Apud
542 4340 706 4395 eosd.
740 4339 1031 4409 Bolland.,
1066 4340 1211 4396 ibid.

253 4412 299 4484 ρ)
320 4415 474 4466 Loco
487 4410 768 4484 proxime
793 4412 1063 4484 allegato.

232 4482 306 4553 (ά)
332 4490 449 4554 Δρ.
486 4483 589 4539 PP.
624 4482 1006 4555 Bolland.‘(2l
1044 4486 1226 4553 Febr.,
1264 4492 1391 4541 tom.
1425 4486 1521 4551 III,
1545 4502 1605 4558 ρ.
1637 4486 1766 4561 245)
1800 4505 1815 4544 :

224 4572 328 4638 lloc
356 4571 807 4638 tumulosacrata
827 4574 941 4638 Deo
972 4586 1118 4622 nunc
1149 4573 1389 4638 membra
1419 4575 1723 4638 quiescunt.

222 4634 308 4699 llic
336 4647 490 4699 soror
521 4637 601 4683 est
623 4634 837 4699 Damasi
870 4651 882 4684 :
912 4648 1110 4685 nomen
1142 4636 1185 4684 si
1216 4634 1633 4699 quaeris,'lrene.

222 4696 445 4745 Voverat
475 4697 593 4746 haec
622 4710 735 4746 sese
766 4698 973 4747 Christo
1005 4712 1125 4748 cum
1161 4696 1266 4748 vita
1290 4696 1550 4757 maneret,

218 4759 447 4824 Yirginis
478 4763 533 4809 ut
565 4760 814 4809 meritum
842 4766 1063 4810 sanctus
1092 4762 1268 4823 pudor
1300 4761 1415 4820 ipse
1447 4764 1716 4824 probaret.

217 4822 303 4871 BIS
337 4836 495 4871 DEHAS
527 4836 707 4871 HIEMBS
738 4837 941 4873 RECDUH
978 4822 1326 4873 COIPLEVERAT
1360 4822 1511 4874 AETAS.

213 4883 465 4949 Egregius
495 4898 674 4934 mores
704 4886 826 4935 vitm
851 4891 1195 4948 praecesserat
1228 4891 1374 4949 tetas,

213 4948 553 5012 Propositum
568 4949 799 5012 lmentis,
814 4949 1001 5012 pietas
1032 4950 1341 5012 veneranda
1368 4950 1507 5012 puell
1519 4963 1563 4999 te

217 5011 526 5065 Maguiﬂcos
559 5009 766 5059 fructus
796 5009 1019 5061 dederat
1047 5009 1560 5061 melioribus—annis.

214 5074 280 5123 Te
311 5072 525 5138 [Forsan
554 5088 572 5121 :
604 5072 749 5139 Hec]
796 5087 1053 5137 germana
1090 5089 1258 5135 soror,
1282 5076 1451 5125 nostri
1478 5088 1624 5149 nfunc
1656 5076 1807 5149 testis

1524 5151 1738 5188 amoris.

216 5198 342 5263 Dum
367 5198 578 5263 [ngeret
592 5197 852 5263 mundum
868 5198 1091 5263 dederat
1112 5200 1244 5249 mihi
1268 5201 1461 5263 pignus
1493 5136 1803 5251 $2233.11].

215 5261 351 5319 Qun
375 5257 674 5325 [Sbrazan.,
705 5260 896 5328 Quam]
927 5263 1024 5312 sibi
1057 5276 1176 5312 cum
1203 5257 1420 5391 rapere?
1440 5263 1628 5334 melior
1674 5269 1805 5376 tlunc

217 5386 254 5391 η
505 5382 565 5391 __
828 5384 859 5391 Α·
964 5386 1021 5391 __
1374 5388 1383 5391 _
1426 5340 1569 5390 regia
1598 5341 1677 5391 om
1704 5343 1737 5376 ι.

1426 5340 1569 5377 1⁵8218
1598 5340 1737 5377 cmu.

217 5386 325 5435 Non
345 5399 487 5436 mum
505 5382 797 5450 [Sarazan.,
824 5384 1021 5452 timuit]
1043 5392 1267 5437 mortem
1291 5342 1803 5516 εωιέζεὲιέἒὲῗὲέέη

1548 5468 1578 5503 a
1619 5467 1694 5503 ire
1724 5489 1736 5502 .

1548 5454 1736 5504 adiret.

220 5510 314 5560 Sed
344 5525 490 5563 οοωι
524 5523 713 5560 ursos
747 5523 1019 5562 consonus
1057 5527 1273 5563 PBRDERR
1304 5528 1427 5565 vm;
1463 5528 1476 5563 :

219 5572 359 5639 δαεὶς
381 5575 643 5639 veniente,
660 5573 770 5639 D_eo
799 5576 968 5624 nostri
988 5577 1339 5639 reminiscere
1366 5578 1519 5639 virgo

217 5635 274 5686 Et
300 5634 595 5701 [Sarazan.,
626 5634 711 5701 Ut]
737 5640 830 5687 tua
858 5650 958 5701 per
985 5637 1274 5690 Dominum
1304 5634 1521 5703 praestet
1549 5639 1682 5690 mihi
1722 5639 1797 5691 la-

1354 5698 1500 5766 [cuia
1529 5699 1731 5754 lumen.

1382 5714 1500 5752 Cilla
1530 5714 1731 5754 iumen.

1850 4590 1897 4655 D

1909 5550 2017 5606 cit.
2039 5550 2271 5619 Etiber.,
2305 5553 2575 5677 αιρηῦοῒ

1982 5622 2058 5677 (hl
2092 5626 2155 5677 In
2182 5626 2493 5677 Anastasio
2559 5664 2573 5677 .

1956 553 2611 624 proficiensinducatur,
2630 572 2760 611 cum
2782 555 3064 611 Damasus
3098 556 3471 611 renuntiatus
3495 556 3608 610 fuit

1954 642 2233 713 pontifex,
2258 660 2370 713 qua
2392 645 2616 700 ratione
2643 644 2962 701 credidisse
2988 644 3175 716 potuit
3207 644 3439 700 illorum
3460 644 3606 699 scri-

1954 735 2086 801 ptor
2105 749 2231 788 eam
2264 736 2525 790 nondum
2549 736 2876 801 vicennem,
2902 750 3052 789 anno
3084 734 3460 804 pontificatus
3492 735 3606 790 Da-

1954 822 2102 876 masi
2128 823 2194 876 12
2216 822 2369 878 diem
2389 824 2750 889 obiisse,nisi
2766 823 2945 879 simul
2962 823 3366 878 crederetante
3382 841 3604 881 annum

1952 915 2224 966 octavum
2257 912 2610 982 virginitatis
2640 918 2839 969 votum
2889 911 3181 976 emisisse,
3219 928 3402 983 eaque
3434 917 3603 968 aetate

1951 1006 2353 1071 nuncupatum
2373 1001 2485 1074 ipsi
2501 1021 2533 1057 a
2556 1004 2732 1058 fratre
2745 1003 2995 1058 Damaso
3014 1000 3279 1057 libellum
3304 1002 3376 1057 de
3398 1002 3601 1057 eodem

1949 1094 2296 1159 argumento
2317 1090 2344 1144 ‘2
2381 1091 2636 1162 Denique
2658 1108 2863 1147 versus
2894 1090 3335 1163 epigrammatis
3360 1090 3525 1161 alter,
3544 1091 3602 1147 in

1949 1194 2064 1248 quo
2093 1183 2379 1235 Damasus
2411 1182 2652 1237 dolatae
2674 1181 2730 1235 in
2751 1181 2968 1237 sororis
2999 1180 3183 1250 obitu,
3206 1185 3434 1252 fatetur,
3464 1196 3599 1237 eon-

1946 1268 2122 1323 sortia
2147 1270 2385 1340 perdere
2409 1273 2559 1338 vitae,
2595 1272 2739 1327 satis
2771 1271 2984 1328 indicat
3032 1289 3096 1327 ea
3141 1272 3380 1327 demum
3430 1275 3599 1327 aetate

1949 1358 2152 1413 Irenen
2186 1359 2404 1415 obiisse
2435 1377 2572 1431 qua,
2598 1360 3008 1432 praedefunctis
3027 1361 3333 1434 utriusque
3351 1361 3601 1432 parenti-

1948 1445 2080 1516 bus,
2102 1464 2289 1503 unum
2312 1449 2563 1505 Damaso
2582 1451 2907 1522 repositum
2930 1455 3053 1506 erat
3072 1448 3128 1505 in
3154 1449 3343 1522 ipsius
3366 1466 3602 1506 conver-

1947 1535 2175 1593 satione
2205 1537 2581 1609 solatium,id
2607 1541 2761 1609 quod
2800 1543 3047 1611 utroque
3080 1540 3137 1595 in
3170 1539 3398 1596 senium
3431 1539 3601 1595 incli-

1949 1629 2123 1680 nante
2155 1626 2470 1698 contigisse
2501 1628 2893 1683 verosimilius
2926 1633 3034 1685 est.
3066 1628 3181 1684 Nos
3226 1634 3447 1696 tamen,
3475 1627 3601 1699 epi-

1945 1719 2273 1782 grammate
2306 1715 2378 1787 (d)
2422 1720 2594 1785 prout
2644 1716 2702 1771 in
2757 1717 2911 1772 calce
2967 1719 3240 1772 Actorum
3297 1717 3603 1772 exhibetur

1945 1802 2259 1874 descripto,
2290 1804 2585 1877 integrum
2619 1807 2691 1861 de
2722 1823 2789 1862 ea
2817 1822 2875 1861 re
2906 1806 3225 1862 lectoribus
3284 1805 3594 1861 arbitrium

1946 1893 2366 1962 permittimus,
2397 1895 2468 1949 ad
2502 1896 2731 1966 prepria
2763 1896 3098 1951 redeuntes.

2016 1982 2207 2039 Unum
2241 1984 2421 2056 (quod
2457 1986 2650 2041 nescio
2674 1972 2745 2040 an
2765 2002 2799 2041 a
2824 1986 3093 2041 Merenda
3124 1985 3595 2041 animadversum

1945 2071 2043 2139 sit)
2058 2072 2315 2130 Romano
2339 2074 2521 2146 patris
2544 2074 2862 2131 Damasiex
2877 2074 3158 2146 Hispania
3178 2074 3386 2141 itineri,
3412 2079 3598 2147 utque

1944 2176 2128 2217 novus
2150 2161 2324 2218 homo
2342 2163 2399 2218 in
2424 2163 2644 2219 clerum
2669 2181 2699 2218 e
2720 2163 2965 2235 vestigio
2997 2168 3390 2235 cooptaretur,
3416 2180 3600 2236 nego-

1942 2248 2095 2305 tium
2113 2251 2281 2307 nobis
2295 2251 2645 2323 qualequale
2657 2254 2845 2308 facere
2865 2257 3074 2324 potest,
3093 2270 3277 2309 canon
3293 2252 3599 2309 scilicet24

1942 2338 2281 2394 Eliberitani
2314 2340 2565 2407 concilii,
2596 2358 2710 2413 quo
2743 2342 3078 2413 praecipitur
3104 2344 3177 2412 (θ)
3207 2358 3294 2398 eos
3322 2345 3418 2413 qui
3445 2357 3601 2413 pere-

1941 2443 2035 2498 gre
2066 2428 2336 2499 baptizati
2362 2432 2597 2499 fuerint,
2625 2446 2686 2487 eo
2717 2431 2856 2502 quod
2884 2447 3077 2486 eorum
3106 2430 3344 2487 minime
3371 2433 3601 2500 cognita.

1942 2516 2013 2570 sit
2043 2518 2176 2584 vita,
2210 2518 2287 2573 ad
2325 2520 2541 2575 clerum
2570 2535 2682 2575 non
2712 2536 2827 2575 esse
2852 2521 3243 2591 promovendos
3286 2521 3348 2574 in
3394 2519 3600 2575 alienis

1941 2605 2263 2674 provinciis.
2289 2608 2449 2664 Idem
2482 2625 2597 2664 non
2634 2608 2819 2665 multo
2843 2613 3029 2679 posta
3050 2609 3326 2665 Silvestre
3360 2626 3512 2681 papa
3536 2610 3597 2664 in

1942 2694 2187 2751 concilio
2218 2699 2481 2753 Romano
2512 2702 2751 2754 cautum
2784 2698 2965 2754 fuisse
2985 2698 3299 2754 Gratianus
3328 2699 3595 2770 refer-tm;

1942 2788 2121 2855 atque
2134 2785 2338 2841 itidem
2352 2803 2387 2841 a
2400 2786 2845 2859 Carthaginensi
2862 2804 2938 2855 ιν,
2951 2803 3172 2843 canone
3191 2789 3262 2843 24
3283 2788 3597 2860 repetitum

1941 2873 2212 2930 novimus
2232 2875 2328 2946 (g).
2355 2875 2477 2931 lmo
2501 2878 2572 2932 ob
2592 2876 2928 2947 frequentes
2958 2876 3415 2933 Manichaeorum
3435 2877 3601 2933 frau-

1941 2962 2065 3029 des,
2090 2968 2293 3019 auctor
2310 2964 2443 3020 libri
2470 2965 2826 3021 Pontiﬁcalis
2845 2968 2917 3021 ab
2933 2967 3239 3023 Anastasio
3262 2968 3283 3022 Ι
3309 2968 3598 3023 constitu-

1939 3054 2068 3107 tum
2090 3052 2273 3108 fuisse
2298 3053 2381 3107 ait
2397 3054 2501 3124 (ἡ),
2526 3059 2590 3109 ut
2602 3055 2768 3111 nulla
2780 3057 3350 3111 rationetransmarin
3361 3074 3423 3112 us
3443 3057 3601 3112 homo

1941 3140 2002 3195 in
2017 3142 2227 3197 clerum
2246 3141 2671 3211 admitteretur,
2686 3145 2802 3198 nisi
2816 3144 3059 3215 quinque
3085 3147 3463 3216 episcoporum
3480 3146 3597 3201 chi-

1860 3217 1903 3283 C
1942 3231 2223 3301 rographa
2248 3230 2580 3301 designaret.

2015 3321 2231 3373 Verum
2246 3334 2379 3372 cum
2404 3317 2615 3373 harum
2640 3319 2907 3375 omnium
2939 3319 3425 3375 constitutionum
3460 3337 3596 3376 sco-

1942 3423 2054 3478 pus
2072 3406 2122 3462 is
2136 3411 2389 3471 esset,ne
2403 3408 2572 3478 cujus
2586 3407 2701 3463 vita
2714 3409 3194 3479 conversatioque
3210 3426 3324 3464 non
3349 3409 3600 3464 fuissent

1938 3494 2270 3566 exploratis,
2291 3497 2619 3551 secundum
2634 3496 2801 3552 Pauli
2816 3498 3077 3567 effatum,
3098 3497 3251 3553 clero
3268 3498 3599 3553 ascribere-

1940 3587 2057 3653 tur,
2084 3586 2273 3656 potuit
2305 3586 2609 3641 commode
2632 3586 2869 3642 Damasi
2894 3592 3077 3658 pater,
3104 3588 3597 3643 autcommenda-

1938 3673 2084 3729 titiis
2112 3673 2515 3745 episcoporum
2550 3674 2906 3746 litteris,aut
2936 3676 3045 3731 fide
3077 3675 3392 3743 dignorum
3424 3676 3593 3731 testi-

1938 3763 2151 3817 moniis
2184 3767 2461 3819 anteactaa
2486 3764 2614 3820 vita:
2646 3765 3015 3820 honestatem
3047 3766 3460 3836 comprobare;
3490 3773 3593 3821 aut

1936 3852 2175 3908 demum
2189 3852 2247 3906 in
2262 3858 2634 3925 exceptoratu
2658 3854 3016 3909 constitutus
3034 3853 3091 3909 id
3110 3853 3588 3925 fidei,probitatis

1934 3940 2356 4014 industriaeque
2378 3943 2672 4015 specimen
2689 3944 3128 4016 praebere,quod
3144 3942 3256 4014 ipsi
3271 3943 3590 3999 absolutis-

1936 4030 2098 4086 sima:
2121 4031 2482 4103 probationis
2502 4031 2692 4088 instar
2711 4033 3212 4089 esset.Damasiad
3233 4031 3352 4086 haec
3376 4032 3585 4102 pietas,

2006 4182 2064 4237 Si
2098 4182 2330 4238 Damasi
2381 4187 2639 4239 mentem
2671 4184 2941 4239 divinare
2971 4182 3164 4251 liceat,
3198 4181 3586 4237 existimarem

1933 4253 2091 4335 binis
2116 4254 2451 4335 quibusque
2482 4255 2750 4335 versibus
2776 4253 3045 4326 singulas
3066 4253 3129 4335 in
3156 4253 3261 4335 hoc
3295 4252 3588 4335 epigram-

1932 4330 2089 4380 mate
2106 4326 2377 4395 periodos
2400 4325 2646 4396 absolvi,
2673 4331 2737 4380 ut
2757 4324 2966 4381 sensus
2991 4324 3205 4395 prioris
3229 4324 3446 4396 periodi
3473 4324 3587 4396 sit:

1931 4398 2030 4451 Hic
2048 4394 2339 4465 requiescit
2358 4398 2516 4451 lrene
2531 4394 2763 4453 Damasi
2775 4413 2950 4453 soror.
2970 4394 3249 4452 Secundae
3267 4394 3588 4458 vero,binis

1928 4468 2031 4538 qui
2082 4472 2414 4538 sequuntur
2458 4469 2727 4524 versibus
2761 4487 2774 4525 :
2816 4471 3040 4523 Voverat
3084 4472 3201 4524 haec
3228 4482 3339 4523 sese
3365 4466 3587 4524 Christo

1927 4538 2081 4608 virgo
2110 4548 2394 4610 perpetua,
2424 4540 2631 4610 pudore
2650 4546 2901 4596 sanctum
2926 4541 3043 4611 ejus
3068 4539 3418 4608 propositum
3441 4555 3585 4594 com-

1924 4613 2211 4737 probante.
2246 4611 2477 4677 Tertiae,
2511 4612 2715 4681 quinto
2747 4617 2802 4667 et
2833 4610 2993 4667 sexto
3024 4610 3291 4667 versibus
3327 4627 3590 4692 compre-

1969 4699 2121 4737 ensze
2157 4699 2170 4736 :
2210 4683 2318 4737 Via:
2358 4683 2490 4737 dum
2538 4683 2785 4737 vicennis
2810 4692 2949 4737 erat.
2984 4688 3036 4737 et
3066 4683 3304 4737 eareaiis
3339 4684 3586 4737 moribus

1969 4699 2121 4738 enses
2157 4699 2170 4736 :
2210 4683 2318 4738 Via:
2358 4683 2490 4737 dum
2538 4683 2785 4739 vicennis
2810 4692 2949 4750 erat,
2984 4688 3036 4738 et
3066 4683 3304 4753 egregiis
3339 4683 3586 4737 moribus

1922 4755 2484 4827 tetatemsuperahat.
2522 4758 2748 4821 Quartae
2782 4773 2976 4827 porro,
2999 4756 3247 4825 septimo
3267 4758 3323 4809 et
3339 4758 3541 4827 octavo
3568 4770 3583 4810 :

1920 4825 2276 4898 Propositum
2306 4831 2360 4881 et
2404 4829 2580 4893 pietas
2638 4825 2869 4898 virginis
2926 4826 3246 4897 magniﬁcos
3290 4825 3585 4898 ediderunt

1918 4897 2131 4968 fruetus
2149 4900 2207 4952 in
2225 4898 2471 4969 juvenili
2489 4897 2736 4964 eiusdemi
2754 4904 2947 4959 aetate;
2972 4900 3056 4954 sic
3086 4898 3242 4952 enim
3266 4897 3582 4965 verbailla,

1918 4970 2241 5025 melioribus
2256 4970 2875 5041 annisinterpretanda
2892 4970 3189 5026 censeo.ld
3208 4973 3403 5041 autem
3421 4969 3583 5024 miri-

1918 5042 2025 5096 ﬁce
2043 5041 2600 5107 confirmat,1renen
2633 5058 2749 5097 non
2776 5042 3078 5098 vicennem
3111 5040 3353 5108 obiisse,
3381 5042 3478 5095 sed
3513 5057 3580 5097 ea

1918 5117 2084 5167 aetate
2105 5112 2457 5182 virginitatis
2478 5117 2675 5168 votum
2699 5114 2988 5170 emisisse.
3014 5115 3227 5169 Catera
3248 5128 3365 5168 non
3388 5128 3576 5184 usque

1916 5184 2059 5239 adeo
2089 5184 2345 5255 implexa
2376 5190 2532 5239 sunt.

1986 5256 2057 5327 (ο)
2088 5254 2193 5327 Ap.
2230 5256 2435 5321 Lahb.,
2466 5261 2608 5311 tom.
2644 5257 2688 5324 Ι,
2721 5256 2864 5313 Coll.
2898 5256 3134 5325 concil.,
3167 5254 3277 5311 col.
3309 5256 3433 5311 995.

1986 5337 2051 5408 (f)
2073 5336 2208 5411 Cap.
2243 5337 2462 5406 Nullus,
2489 5337 2573 5411 A987
2594 5337 2752 5411 dist.,
2777 5356 2869 5411 ap.
2895 5339 2967 5395 cl.
2999 5339 3165 5395 Ferd.
3199 5336 3572 5393 Mendozium

1911 5408 1996 5475 (de
2026 5408 2290 5478 Conﬁrm.
2322 5409 2518 5464 concil.
2551 5408 2832 5480 Eliberit,
2857 5428 2983 5467 can.
3014 5412 3125 5479 24).

1983 5480 2201 5556 (g)_A_p.
2220 5481 2420 5536 eumd.
2447 5481 2616 5556 Eerd.
2641 5484 3006 5541 Mendozium
3033 5482 3118 5556 (de
3149 5480 3408 5551 Confirm.
3436 5494 3570 5535 con-

1982 5622 2058 5696 (h)
2092 5621 2493 5697 In_Anastasio
2528 5621 2573 5688 Ι,
2599 5630 2649 5681 et
2682 5624 2863 5697 hujus
2890 5623 3180 5696 pontificis
3212 5621 3461 5697 epistola
3492 5621 3572 5677 ad

1909 5693 2112 5751 omnes
2144 5695 2469 5751 Germania:
2501 5699 2557 5750 et
2585 5693 3260 5770 Burgundfepiscopos,’
3281 5709 3407 5763 cap.
3432 5693 3484 5747 2.
