3996 6170
277 219 369 274 585

1175 228 1646 285 DISSERTATIO
1682 232 1775 286 DE
1811 231 2111 287 DAMABO
2144 235 2237 290 ET
2273 237 2706 298 LAUREN’I‘IO.

3561 259 3670 315 586

279 348 423 418 queis
453 347 706 404 Manlius
737 348 1035 403 nitebatur
1082 353 1145 404 ut
1192 353 1567 408 Laurentium
1624 356 1902 410 Romanis
1936 358 1985 421 Α
2018 374 2309 413 macesco
2340 378 2504 429 oms,
2537 382 2695 420 sacer
2735 370 3011 438 minister,
3044 382 3094 428 et
3148 375 3395 434 dicatum
3451 386 3674 441 nomini

276 440 590 510 ascriberet,
616 457 650 494 a
675 441 745 496 cl.
767 440 1077 497 Francisco
1101 443 1363 497 Cari-illic
1382 446 1738 498 Cordubensi
1769 446 1908 499 alibi

278 546 510 597 expensa
536 529 637 601 (α),
667 546 783 584 non
816 530 999 584 multo
1052 538 1179 602 post
1205 532 1572 587 exactissime
1628 535 1695 587 aii
1735 534 1908 588 truti-

280 635 395 674 nam
425 622 820 684 rcvocassent,
852 636 1063 689 parum
1094 619 1177 674 eis
1211 620 1387 691 digna
1420 620 1541 675 visa
1564 627 1722 690 sunt,
1752 640 1819 677 ne
1845 627 1908 677 ut

279 714 725 780 pmpouerentur
756 708 1015 779 quidem.
1062 709 1137 763 Ad
1196 709 1392 767 Urbem
1441 716 1748 766 Romanam
1800 713 1906 783 (in-

279 800 467 868 quiunt
509 799 583 870 [ὁ]
630 801 776 870 quod
804 800 1021 867 attinet,
1058 800 1219 870 quasi
1240 803 1296 854 in
1329 817 1391 854 ea
1412 803 1623 857 natales
1653 803 1907 858 hauserit

276 890 605 955 Laurentius,
638 889 769 944 adeo
800 892 952 944 omni
999 889 1409 959 probabilitatis
1451 892 1629 962 specie
1686 892 1905 947 videtur

274 980 481 1033 destitui
506 980 693 1049 opinio
724 995 839 1049 qua:
872 982 1171 1044 αδδενὶἰωί
1226 995 1295 1033 ne
1352 981 1437 1035 vel
1492 984 1727 1052 proponi
1782 986 1899 1053 qui-

273 1068 394 1136 dem,
424 1068 629 1122 nedum
662 1069 902 1137 refutari
929 1071 1223 1124 mereatur.

328 1150 446 1205 Non
480 1149 665 1221 pluris
696 1150 879 1205 fecere
912 1149 1270 1222 biographia
1291 1155 1627 1207 sanctorum
1652 1152 1896 1209 dictato-

269 1265 341 1303 res
364 1252 709 1320 argumenta
733 1246 948 1318 quibus
973 1248 1217 1303 Romani
1244 1249 1539 1303 Laurentii
1568 1250 1788 1305 natales
1811 1251 1896 1305 in-

268 1337 518 1391 nituntur
551 1353 564 1390 :
598 1337 770 1407 idque
801 1336 1012 1391 salutis
1072 1354 1223 1392 anno
1284 1338 1441 1406 1433,
1476 1355 1589 1410 quo
1651 1340 1890 1397 demum

263 1426 607 1481 sanctissimi
640 1426 911 1496 martyris
959 1424 1154 1480 Vitam
1212 1430 1464 1499 Actaque
1523 1428 1783 1500 digerere
1816 1431 1890 1485 cl.

257 1516 447 1571 Joanni
483 1515 647 1571 Pinio
669 1515 935 1586 contigit.
964 1515 1073 1570 Sed
1102 1531 1228 1586 qua
1254 1532 1345 1572 res
1363 1515 1653 1573 humanas
1676 1535 1778 1589 pro
1808 1518 1890 1573 luo

256 1607 439 1661 bidine
471 1604 660 1677 magis
694 1622 872 1677 quam
904 1622 973 1660 ex
995 1621 1127 1659 vero
1172 1605 1427 1660 celebrat
1479 1611 1581 1661 aut
1612 1607 1887 1664 obscurat

2015 449 2108 497 tuo
2140 464 2341 502 munus
2374 462 2470 507 μί,
2503 470 2653 523 νίκην
2676 455 2811 511 irini,

2088 539 2214 590 Hac
2241 539 2334 590 ubi
2369 540 2619 610 primum
2656 545 3015 603 Blzinchinus
3046 567 3077 604 a
3124 552 3321 609 limine
3367 560 3666 630 salutavit,

2012 625 2319 682 verborum
2353 630 2545 701 specie
2571 633 2755 705 decipi
2792 635 2957 690 facile
3013 656 3245 711 passus,
3277 625 3664 707 Laurentium

2014 715 2197 784 patria
2222 716 2548 775 Romanum
2582 738 2609 776 e
2640 724 2885 795 vestigio
2917 729 3184 798 credidit,
3217 737 3586 807 veteremque
3607 744 3671 796 et

2010 805 2498 878 receptissimam,
2534 827 2664 881 qua
2696 813 2971 885 Hispanis
3006 818 3175 888 favet,
3210 805 3561 881 sententiam
3584 830 3656 885 ab

2008 894 2371 951 eruditorum
2407 898 2617 955 animis
2650 903 3003 960 eradendam
3037 909 3285 964 censuit.
3312 912 3435 976 Quo
3459 915 3659 974 minus

2007 986 2202 1037 autem
2238 1001 2356 1039 rem
2392 992 2634 1045 eatenus
2684 991 3045 1059 inexpertam
3079 997 3415 1068 sapientum
3466 1018 3653 1061 scena

2006 1075 2147 1126 tunc
2178 1075 2890 1151 committeret,graviores
2922 1084 3046 1139 alia
3078 1086 3137 1141 in
3170 1103 3317 1159 quas
3347 1088 3497 1147 ultro
3530 1110 3657 1150 sese

2003 1163 2330 1231 conjecerat
2361 1181 2511 1221 cura
2544 1168 2601 1223 in
2631 1187 2810 1227 causa
2842 1173 3020 1229 fuere.
3058 1175 3160 1231 Vix
3189 1178 3345 1233 enim
3379 1181 3531 1237 edito
3561 1186 3661 1239 Sa-

2002 1254 2412 1324 cramentario,
2446 1256 2720 1314 Leoniani
2754 1278 2964 1319 nomen
2997 1282 3240 1335 prorsus
3292 1268 3648 1340 inauditum,

1998 1339 2327 1412 titulusque
2360 1345 2552 1401 Codici
2608 1350 2902 1418 praﬁxus,
2934 1369 3048 1423 quo
3103 1371 3139 1409 Α
3194 1373 3400 1413 εΑΝοτο
3458 1364 3649 1418 Leone

1995 1445 2315 1487 comssurus
2362 1432 2679 1505 dicebatur,
2716 1439 2797 1494 rei
2844 1440 3124 1513 liturgica
3157 1461 3223 1500 ac
3281 1447 3645 1506 bibliotheca

1994 1519 2398 1577 ecclesiastica
2431 1524 2806 1594 peritioribus
2831 1529 3109 1601 innotuit,
3132 1550 3265 1589 cum
3286 1535 3647 1597 Blanchinus

1992 1606 2216 1662 violata
2241 1609 2470 1666 critices
2490 1629 2622 1668 reus
2641 1616 2713 1670 ab
2736 1617 2883 1688 ipsis
2907 1619 3122 1689 dictus,
3148 1623 3266 1678 imo
3290 1625 3646 1697 injuriarum

251 1713 385 1761 sors,
421 1700 485 1749 ut
515 1699 696 1766 poeta
728 1695 1068 1764 loquuntur,
1083 1710 1149 1749 ea
1167 1695 1420 1765 profecto
1442 1696 1498 1750 in
1525 1694 1631 1750 hac
1653 1713 1885 1766 quoque
1916 1728 1964 1792 Β
1996 1696 2324 1792 postulatus
2348 1700 2478 1770 fuit,
2503 1703 2672 1792 quasi
2694 1705 2838 1761 falso
2856 1694 3387 1770 Sacramentarium
3405 1719 3651 1774 sanctis-

250 1785 637 1857 disputatione
668 1782 871 1838 ludum
897 1782 1247 1838 insolentem
1279 1782 1335 1838 lu
1355 1782 1471 1839 lere
1492 1785 1614 1839 visa
1640 1791 1748 1841 est.
1772 1786 1880 1841 Vix

244 1876 388 1930 enim
426 1874 729 1930 biennium
759 1873 1083 1942 efﬂuxerat,
1114 1889 1245 1928 cum
1288 1889 1355 1929 ex
1387 1874 1610 1929 detecto
1640 1874 1879 1931 Verona

240 1966 384 2020 circa
416 1982 486 2020 ea
514 1968 778 2035 tempora
806 1962 1273 2019 Sacramentario
1307 1964 1617 2019 missarum
1646 1964 1877 2033 Codice,

234 2056 287 2110 in
310 2073 428 2126 quo
451 2054 813 2110 eruditorum
840 2052 1354 2119 nonnulli,summi
1371 2054 1608 2124 quidem
1625 2055 1875 2123 viri,non

230 2150 518 2212 tamen,ut
543 2144 814 2210 arbitror,
847 2142 994 2198 satis
1025 2142 1322 2213 explorato
1346 2143 1617 2198 Codicum
1644 2144 1876 2216 liturgi-

228 2252 429 2291 eorum
466 2235 721 2307 ingenio,
747 2250 937 2306 neque
968 2233 1313 2289 Ecclesiain
1346 2234 1605 2305 ipsorum
1640 2235 1871 2290 ordina-

223 2326 380 2380 tione
398 2324 723 2397 proposito,
747 2323 1035 2378 Laurentii
1060 2322 1306 2394 patriam
1328 2323 1714 2379 disertissime
1735 2341 1876 2379 con-

222 2416 395 2471 tineri
429 2414 702 2470 arbitrati
735 2418 893 2480 sunt,
928 2417 1093 2467 tanta
1122 2429 1317 2467 rerum
1340 2414 1718 2469 commutatio
1741 2431 1876 2470 con-

212 2510 424 2560 secuta
445 2508 559 2568 est,
585 2508 649 2559 ut
670 2503 717 2558 si
751 2503 883 2575 quis
901 2503 1022 2572 jam
1047 2502 1182 2557 alibi
1213 2519 1391 2573 quam
1411 2502 1467 2558 in
1493 2503 1644 2559 Urbe
1669 2510 1872 2560 natum

203 2593 865 2662 contendatmartyrcm
891 2590 1370 2656 invictissimum,
1387 2590 1645 2646 difficilis
1668 2592 1870 2663 plane-

203 2700 331 2754 que
362 2684 692 2754 desperata
722 2697 911 2736 causa
945 2679 1334 2752 patrocinium
1368 2681 1697 2752 suscepisse
1729 2698 1872 2736 cen-

203 2774 446 2827 sendus
479 2772 577 2827 sit.
610 2773 903 2843 Exponam
938 2787 1057 2824 rem
1084 2786 1197 2841 quo
1229 2775 1394 2842 gesta
1423 2775 1512 2824 est
1541 2771 1762 2825 ordine.

284 2862 627 2917 lnclinante
659 2860 867 2916 salutis
898 2876 1052 2915 anno
1087 2859 1241 2928 1735,
1266 2859 1335 2913 cl.
1358 2858 1575 2930 Joseph
1608 2859 1874 2914 Blanchi-

200 2950 839 3023 nus,congregationis
868 2947 1119 3005 Oratorii
1153 2948 1399 3002 Romani
1425 2948 1747 3020 presbyter,
1770 2948 1875 3003 Ve-

196 3041 487 3095 ronensis
518 3039 662 3095 olim
686 3038 1022 3101 canonicus,
1049 3036 1189 3090 dum
1214 3036 1573 3091 absolvenda
1596 3037 1873 3094 vaticana

196 3128 517 3184 Anastasii
543 3125 975 3182 Bibliothecarii
1011 3125 1265 3180 Editioni
1288 3126 1487 3198 (quam
1511 3126 1872 3196 praetentis-

191 3218 429 3273 simam
452 3233 596 3273 sane
618 3215 1061 3271 illustrissimus
1084 3215 1425 3269 Franciscus
1449 3216 1576 3285 ejus
1603 3220 1870 3286 patruus,

193 3322 336 3376 quo
369 3311 628 3378 tempore
661 3310 847 3361 morte
875 3305 1239 3375 interceptus
1266 3304 1395 3373 fuit,
1429 3304 1705 3359 infectam
1740 3305 1870 3360 reli-

189 3397 442 3469 queret)
477 3394 765 3462 novisque
795 3393 1233 3449 accessionibus
1266 3392 1687 3464 locupletanda
1715 3397 1871 3450 totus

191 3486 522 3543 incumbit.
559 3484 761 3551 Quarti
793 3486 921 3555 ejus
981 3485 1175 3556 operis
1235 3485 1375 3539 torni
1436 3485 1870 3557 prologomenis

192 3577 370 3647 ερας.
406 3577 594 3648 12-57)
629 3577 880 3632 inseruit
912 3582 1209 3648 repertum
1241 3576 1313 3631 ab
1353 3576 1477 3647 ipso
1513 3592 1627 3630 non
1682 3577 1869 3632 multo

197 3666 439 3733 pridem
456 3664 1501 3737 inBibliothecaamplissimicapituli
1516 3664 1871 3721 Veronensis

204 3754 503 3823 Ecclesia,
530 3755 1090 3820 Sacramentarium,
1124 3753 1181 3807 id
1214 3758 1325 3819 est,
1350 3752 1666 3808 missarum
1702 3754 1869 3809 Codi-

203 3860 347 3899 cem
368 3845 856 3911 vetustissimum,
878 3845 993 3909 cui,
1013 3845 1061 3899 si
1080 3844 1257 3899 libere
1281 3843 1680 3915 philosophari
1707 3843 1867 3899 volu-

206 3948 375 4003 mus,
407 3935 580 4006 paulo
612 3951 791 4007 quam
811 3935 1118 4006 oportebat
1146 3934 1554 4004 properantius
1575 3934 1866 3988 Leoniano

208 4038 427 4079 nomen
460 4025 615 4094 fecit,
650 4025 758 4079 hoc
790 4040 923 4079 eum
958 4022 1129 4077 titulo
1161 4022 1509 4092 simpliciter
1537 4023 1866 4079 inscribens

206 4112 436 4184 (Ibid.):
480 4114 665 4169 Codex
691 4113 1173 4169 Sacramentorum
1203 4115 1353 4167 vetus
1396 4114 1647 4167 Romana
1679 4115 1865 4168 Eccle-

209 4200 316 4257 sia:
342 4223 375 4258 Α
405 4221 614 4259 sacro
642 4206 826 4259 Leone
859 4204 1008 4258 PAPA
1040 4203 1426 4258 lcossscws.
1465 4204 1523 4255 In
1557 4220 1623 4257 eo
1682 4203 1866 4274 igitur

211 4292 421 4349 Codice
454 4294 687 4361 ubisub
710 4293 941 4348 initium
966 4293 1215 4364 Augusti
1238 4293 1458 4347 mensis
1482 4292 1788 4363 multiplex
1807 4293 1861 4347 in

216 4380 392 4435 natali
423 4384 611 4438 sancti
649 4382 943 4437 Laurentii
974 4381 1241 4450 Martyris
1274 4381 1455 4435 missa
1506 4387 1861 4449 recensctur,

1992 1785 2143 1840 simo
2174 1788 2392 1857 potiﬁci
2424 1791 2775 1849 attribuerit.
2809 1796 2990 1853 Totus
3022 1799 3203 1870 igitur
3232 1802 3291 1858 in
3323 1820 3388 1860 eo
3420 1810 3485 1860 ut
3515 1824 3644 1865 sese

1988 1879 2282 1946 purgaret,
2317 1883 2450 1948 post
2480 1880 2702 1937 varium
2726 1885 3152 1959 multiplexque
3185 1890 3639 1953 Sacramentarii

1985 1968 2614 2041 examen,crebrasque
2633 1972 2783 2028 ultro
2808 1974 3069 2048 citroque
3085 1981 3544 2042 consultationes
3561 1989 3632 2043 ad

1986 2052 2281 2121 sapientes
2311 2071 2416 2126 per
2448 2056 2677 2114 Italiam
2710 2062 2864 2118 viros
2895 2064 3172 2136 (quorum
3203 2085 3489 2143 responsa
3519 2092 3634 2131 non

1985 2141 2259 2213 ambigue
2288 2145 2465 2214 capiti
2498 2163 2604 2202 suo
2658 2149 3077 2221 impendebant
3112 2157 3207 2229 [c])
3238 2141 3353 2216 alte
3387 2161 3630 2219 imbibi-

1981 2232 2101 2284 tam
2135 2232 2206 2286 de
2233 2235 2494 2289 Romana
2517 2239 2811 2294 Laurentii
2845 2245 3033 2313 patria
3052 2249 3406 2306 sententiam
3439 2253 3628 2308 turbi-

1983 2319 2076 2374 dis
2107 2320 2297 2411 adhuc
2340 2324 2514 2380 rebus
2563 2344 2830 2398 promere
2880 2348 2996 2388 non
3048 2335 3188 2391 satis
3236 2344 3635 2411 opportunum

1983 2408 2170 2464 duxit.

2053 2498 2267 2555 Verum
2288 2502 2387 2556 ubi
2412 2519 2687 2575 processu
2706 2510 2988 2581 temporis
3010 2516 3265 2584 partium
3285 2520 3486 2575 studia
3505 2537 3636 2577 sen-

1983 2586 2118 2654 sim,
2144 2594 2208 2643 ut
2240 2590 2322 2657 fit,
2359 2592 2719 2652 deferbuisse
2752 2599 3166 2659 animadvertit
3189 2604 3278 2661 vir
3298 2608 3637 2683 evulganda

1986 2676 2247 2747 opinioni
2273 2696 2450 2751 quam
2476 2683 2674 2740 animo
2700 2696 3052 2760 praceperat
3072 2676 3641 2766 intentissimbsﬁm-

1985 2781 2254 2837 puneque
2278 2769 2402 2838 jam
2437 2788 2469 2824 a
2502 2774 2803 2831 nonnullis
2826 2793 2959 2833 cum
2982 2781 3255 2838 Codicem
3280 2784 3638 2844 Leonianum

1984 2854 2121 2921 dici,
2154 2856 2270 2911 imo
2302 2858 2475 2913 etiam
2508 2877 2574 2916 eo
2609 2864 2843 2921 nomine
2865 2883 2897 2921 a
2920 2867 3210 2942 liturgicis
3244 2875 3525 2945 appellari
3550 2879 3640 2950 (ut

1980 2942 2179 3013 ipsum
2212 2946 2433 3002 scilicet
2463 2965 2496 3003 a
2527 2950 2832 3008 Gelasiano
2854 2959 2911 3010 et
2933 2942 3640 3038 Gregorianodistingue-

1984 3035 2131 3098 rent)
2158 3053 2171 3100 ;
2199 3038 2339 3089 tunc
2371 3036 2609 3093 demum
2643 3057 2800 3096 nova
2832 3043 2936 3108 illi,
2966 3062 3143 3116 quam
3175 3066 3243 3104 ex
3287 3035 3635 3111 Sacramen-

1982 3122 2130 3176 tario
2160 3123 2456 3197 hauserat,
2491 3128 2561 3182 de
2595 3131 2783 3200 patria
2810 3134 3171 3191 sanctissimi
3206 3143 3482 3213 martyris
3512 3146 3637 3215 opi-

1981 3210 2141 3265 nioni
2172 3211 2231 3266 in
2252 3211 2463 3285 vulgus
2478 3217 3061 3295 emittendatempus
3087 3227 3293 3283 adesse
3310 3210 3630 3289 arbitratus

1982 3300 2108 3355 fuit.
2141 3303 2341 3372 Itaque
2371 3319 2503 3358 cum
2538 3322 2692 3361 anno
2728 3309 2859 3363 1741
2888 3314 3303 3371 venerabilisS.
3333 3321 3397 3373 R.
3417 3319 3480 3374 Ε.
3511 3338 3634 3377 car-

1978 3387 2193 3443 dinalis
2221 3390 2460 3481 Josephi
2494 3393 2687 3449 Maria
2716 3396 3015 3454 Thomasii
3050 3400 3458 3474 liturgicorum
3492 3426 3629 3481 ope-

1976 3494 2110 3532 rum
2141 3478 2557 3537 Collectionem
2592 3485 2959 3556 adornasset,
2977 3490 3129 3546 inter
3149 3494 3414 3563 ejusdem
3436 3478 3630 3570 prole-

1977 3582 2227 3638 gomena
2259 3570 2416 3638 (Pag.
2450 3571 2646 3642 1-136)
2677 3579 2929 3632 veterem
2963 3580 3146 3635 edidit
3198 3582 3467 3641 Codicem
3503 3605 3627 3645 ora-

1976 3656 2203 3711 tionum
2222 3658 2623 3729 antiquissimi
2647 3664 2794 3720 ritus
2820 3661 3341 3741 Gothico-Hispani
3365 3691 3433 3730 ex
3464 3678 3631 3734 Vero-

1977 3747 2175 3802 nensis
2193 3748 2389 3803 itidem
2411 3751 2677 3807 Ecclesia
2700 3755 3054 3814 bibliotheca
3070 3778 3183 3818 non
3200 3765 3385 3821 multo
3398 3768 3627 3839 pridem

1976 3839 2189 3910 abipso
2204 3844 2742 3916 erutum,notisque
2767 3847 3153 3921 illustratum,
3176 3871 3472 3927 quemque
3487 3859 3626 3917 olim

1975 3931 2043 3983 ad
2077 3930 2595 3999 Tarraconensem,
2630 3940 2997 4008 cognominis
3024 3943 3082 3997 in
3114 3945 3379 4002 citeriore
3410 3949 3625 4021 Hispa-

1977 4018 2070 4071 nia
2103 4019 2433 4089 provincia,
2466 4021 2781 4078 Ecclesiam
2816 4029 3171 4097 pertinuisse
3194 4033 3271 4104 (ά)
3302 4018 3621 4091 contendit.

2047 4108 2107 4161 In
2124 4124 2188 4161 eo
2204 4114 2398 4162 autem
2423 4108 2631 4165 Codice
2658 4112 2726 4167 de
2745 4116 3111 4174 orationibus
3137 4138 3317 4192 agens
3333 4140 3459 4195 qua
3478 4124 3615 4179 olim

1972 4196 2029 4249 in
2062 4196 2247 4251 sancti
2284 4197 2573 4252 Laurentii
2604 4201 2783 4256 missa
2814 4210 2989 4276 atque
3012 4208 3229 4275 ofﬁcio,
3264 4211 3443 4265 natali
3467 4212 3620 4267 scili-

1972 4292 2060 4341 cet
2089 4288 2348 4355 ejusdem
2384 4288 2476 4341 die
2496 4290 2625 4343 cani
2649 4296 2749 4345 aut
2770 4294 2996 4349 recitari
3019 4305 3458 4369 consueverant,
3484 4302 3617 4372 qui-

1974 4378 2081 4428 bus
2114 4376 2263 4429 inter
2295 4373 2597 4428 Blanchini
2624 4382 3032 4436 annotationes
3064 4399 3130 4437 ea
3156 4386 3466 4455 respondet
3491 4404 3617 4458 qua

216 4482 283 4520 ea
315 4486 440 4541 qua
462 4472 669 4527 ordine
687 4470 1032 4525 duodecima
1056 4474 1144 4525 est
1163 4469 1310 4523 hanc
1352 4468 1857 4536 contestationem,
1891 4459 1938 4520 Ι)
1968 4465 2171 4519 ordine
2205 4463 2305 4517 106
2335 4468 2683 4518 numeratur
2704 4468 2799 4538 (e),
2828 4469 2955 4524 fuse
2980 4471 3049 4524 de
3072 4472 3447 4530 invictissimi
3471 4492 3621 4531 mar-

217 4575 317 4614 seu
352 4564 740 4633 prafationem
774 4562 952 4617 habet
1004 4563 1165 4633 (Pag.
1212 4562 1302 4627 38,
1333 4562 1434 4615 col.
1470 4565 1513 4627 l)
1536 4580 1557 4614 ,ο
1605 4561 1859 4629 Quamvis

217 4651 361 4704 enim
386 4656 698 4706 sanctorum
724 4660 946 4706 (uorum
972 4658 1313 4721 propagante
1344 4653 1416 4713 te,
1468 4649 1714 4713 Domine,
1747 4658 1858 4703 toto

217 4739 341 4794 urbe
359 4742 508 4797 clara
537 4742 607 4797 sit
628 4742 831 4811 gloria,
864 4740 928 4795 de
949 4741 1101 4795 beati
1131 4742 1316 4793 tamen
1332 4738 1683 4793 solemnitate
1705 4739 1853 4793 LAU-

217 4840 398 4883 aerem
422 4828 772 4901 peculiarius
801 4841 926 4899 prae
955 4828 1192 4891 caeteris,
1228 4827 1395 4880 ΡιοΜΑ
1423 4826 1650 4881 latatur
1670 4828 1856 4881 Cuws

275 5008 351 5079 (α)
384 5011 446 5064 In
476 5022 650 5080 opere
682 5008 773 5062 cui
806 5006 1016 5080 titulus
1042 5024 1054 5061 :
1084 5003 1729 5080 Certameghistoricum
1756 5020 1855 5074 pro

202 5076 399 5157 patria
426 5076 607 5157 salicti
638 5080 944 5157 Laurentii,
974 5077 1239 5157 Cordubae
1267 5076 1427 5157 16:73..
1568 5145 1628 5157 ω
1792 5146 1803 5157 .

271 5153 351 5224 (b)
382 5157 445 5207 Ρ.
482 5152 718 5224 ΡὶῐιίιιεςἈ
742 5150 805 5207 10
838 5154 1085 5224 August.
1127 5150 1153 5221 ξ
1186 5149 1269 5224 11ἴ
1299 5148 1374 5224 de
1406 5146 1531 5201 loco
1566 5145 1855 5216 Hispania

205 5219 415 5301 inquo
450 5222 797 5301 Laurentius
831 5219 1024 5301 fuerit,
1059 5219 1224 5301 num.
1253 5219 1373 5300 11οε
1446 5289 1456 5300 ⁹
1541 5290 1551 5299 _
1595 5290 1604 5299 ἠ
1640 5292 1668 5301 Π
1715 5290 1727 5301 .

268 5292 344 5367 (ὁ)
377 5295 641 5373 Consulti
665 5294 861 5373 dehac
882 5310 941 5373 re
961 5296 1120 5347 fuere
1146 5292 1459 5373 clarissimi
1503 5292 1607 5343 viri
1633 5292 1854 5373 Cajeta-

200 5362 536 5424 nus'Maria
568 5370 844 5443 Meratus,
880 5365 1015 5443 cier.
1058 5380 1176 5443 reg.
1221 5362 1568 5429 Theatinus,
1601 5362 1854 5443 sac.‘rit.

192 5440 507 5495 consultor
538 5438 876 5505 ;Eusebius,
910 5433 1277 5515 Amortfcan.
1305 5449 1423 5515 reg;
1451 5433 1859 5515 sancti.Sa1va-

189 5515 377 5579 toris;
426 5512 784 5588 Polinganus
814 5534 827 5571 ;
860 5508 1003 5588 Lud.
1047 5506 1340 5588 tantonius
1372 5506 1746 5588 Muratorius,
1780 5513 1855 5559 et.

190 5586 259 5641 R.
291 5578 623 5654 PQJosephw
645 5581 1009 5651 Augustinus
1041 5578 1266 5643 Orsins,
1292 5594 1457 5631 sacra
1486 5578 1685 5646 palatii
1720 5594 1857 5648 apo-

537 5703 777 5760 PA'ruor.
837 5698 1091 5759 LXXIV.

1971 4553 2112 4624 tyris
2172 4567 2503 4608 sermonem
2561 4554 2842 4622 instituit,
2898 4563 3177 4632 tantaque
3234 4578 3367 4617 eum
3438 4565 3619 4620 animi

1966 4643 2339 4697 contentione
2370 4662 2437 4700 ac
2472 4647 2687 4702 fiducia
2736 4648 3011 4703 Romanis
3069 4651 3301 4721 asserit,
3335 4658 3615 4723 quantam

1957 4730 2166 4801 jurein
2196 4734 2459 4803 sapiente
2476 4735 2597 4790 viro
2622 4736 2929 4791 demirere.
2959 4737 3161 4809 Itaque
3187 4741 3408 4797 indicta
3430 4742 3501 4796 ab
3525 4745 3619 4796 Hi-

1965 4821 2165 4891 spanis
2184 4838 2382 4889 causa,
2409 4840 2769 4895 prorsusque
2787 4824 3123 4882 insalutatis
3143 4844 3271 4899 qua
3291 4846 3394 4900 pro
3410 4847 3613 4888 eorum

1964 5000 2175 5077 stolici,
2201 5001 2340 5077 dum
2361 5001 2483 5077 hac
2506 5002 2846 5077 scribimus,
2865 5003 3272 5077 magister,qui
3298 5024 3502 5064 omnes
3523 5009 3611 5064 vel

1965 5072 2138 5146 editis
2158 5072 2779 5146 lucubrationibus,vel
2802 5075 2855 5129 in
2873 5072 3113 5146 privatis
3128 5072 3208 5132 ad
3224 5078 3611 5135 Blanchinum

1964 5143 2195 5207 litteris,
2229 5144 2629 5220 consentiente
2653 5149 2855 5220 tamen
2873 5143 3610 5220 'suil‘ragio,Sacramenta-

1966 5218 2115 5270 rium
2146 5221 2344 5269 sancto
2369 5216 2539 5291 Leoni
2572 5217 3050 5291 abjudlicandum
3075 5216 3483 5291 censuere,ceu
3510 5239 3614 5277 nos

1966 5290 2132 5364 docet
2161 5303 2355 5341 comes
2401 5290 2657 5364 Acamus
2690 5291 2771 5356 (lu
2812 5290 3085 5359 dissertat,
3115 5294 3325 5364 apolog.
3360 5290 3431 5348 de
3467 5294 3615 5349 anti-

1967 5362 2174 5429 quitate
2202 5368 2253 5413 et
2278 5363 2503 5436 auctore
2549 5359 2990 5417 Sacramentarii
3023 5359 3311 5434 Leoniani,
3360 5370 3522 5436 parte
3552 5381 3615 5431 ιι,

1980 5438 1994 5487 5
2026 5432 2093 5487 12
2124 5432 2313 5487 senm).

1968 5442 1994 5501 ἒ
2026 5431 2522 5577 ‘(meilniit‘atione
2544 5504 2634 5569 22,
2671 5521 2798 5577 pag.
2835 5506 2959 5572 157,
2996 5508 3053 5561 in
3071 5507 3182 5577 ﬁne
3208 5511 3259 5561 et
3284 5507 3546 5577 sequenti,

2041 5577 2111 5646 (ε)
2144 5579 2279 5645 Pag.
2313 5574 2438 5643 292,
2468 5575 2527 5629 in
2561 5574 2877 5647 prolegom.

3227 5693 3301 5751 19
