3996 6170
245 310 324 364 593
1139 310 1614 366 DISSERTATIO
1651 311 1746 362 DE
1783 309 2076 362 DAMASO
2114 311 2207 362 ET
2245 311 2677 367 LAURENTIO.
3522 309 3629 362 594

240 453 322 492 nos
349 453 409 492 IN
444 452 674 493 ouosus
705 452 996 491 CODICIBUS
1027 451 1424 504 PERVETUSTIS,
1455 452 1646 506 nempe
1676 438 1865 506 quinto
1897 436 1949 500 Α
1984 437 2283 492 Utrumvis
2299 441 2493 494 autem
2514 436 3114 504 fuerit,illudBaronii
3137 436 3474 492 testimonio
3489 453 3628 492 con-

235 531 274 579 et
298 525 495 580 decimo
546 534 689 580 tomo
745 526 992 580 Vitarum
1023 531 1361 582 sanctorum.
1416 525 1650 580 Exhibet
1678 523 1868 579 eadem
1976 531 2113 593 stat,
2147 527 2386 582 Damasi
2418 529 2581 593 Acta,
2615 526 2832 597 quibus
2854 527 2982 594 ejus
3013 526 3302 581 sermonis
3325 530 3491 581 cento
3516 526 3625 580 sub

236 619 392 670 Cons:
425 631 770 670 VATICANUS.
802 631 870 669 ET
899 631 1064 670 auus
1091 632 1321 670 sanam:
1364 619 1569 669 Mum
1627 631 1867 669 MAJORIS
1974 616 2150 670 finem
2180 621 2465 671 consutus
2492 615 2620 686 fuit,
2657 616 2826 686 longe
2855 631 2920 669 eo
2965 630 3234 670 sermone
3292 615 3626 686 antiquiora

234 719 363 764 QUEM
397 721 644 760 vmmus
669 723 683 771 ;
711 707 769 758 in
791 704 988 775 quibus
1020 705 1088 759 ad
1123 706 1286 759 linem
1308 705 1421 759 hac
1453 707 1731 774 leguntur.
1763 705 1864 758 Re-
1974 705 2177 760 fuisse.

233 799 404 848 censet
441 811 508 849 eo
530 794 656 849 loco
678 794 915 849 Damasi
952 794 1233 849 miracula
1266 812 1392 865 quae
1456 795 1661 850 Petrus
1711 793 1864 848 sedis
2043 795 2338 863 Merenda,
2372 799 2435 848 ut
2464 811 2570 850 nos
2602 793 2740 849 alibi
2770 794 2839 847 de
2857 791 3431 862 Damasoloquentes
3461 793 3621 849 dice-

233 882 540 952 apostolicae
574 883 877 949 diaconus,
913 883 968 937 in
1004 899 1272 939 sermone
1315 899 1483 954 quem
1541 885 1612 937 de
1660 888 1861 938 sancto
1971 885 2200 951 bamus,
2235 887 2449 939 nedum
2485 883 2890 938 difﬁcultatem
2924 883 3224 952 effugisse,
3247 882 3346 937 sed
3370 899 3516 938 novo
3540 887 3620 939 at-

229 971 480 1041 pontifice
511 972 721 1026 habuit
753 972 809 1026 in
826 977 1005 1027 eodem
1038 971 1859 1042 litulo(Laurentiibasilicam
1968 990 2080 1044 que
2111 974 2379 1045 expedito
2414 973 2816 1045 responsionis
2842 987 3050 1044 genere
3073 971 3132 1025 in
3165 987 3342 1025 novas
3378 987 3483 1026 nos
3515 988 3619 1026 an-

230 1060 507 1131 intelligit)
537 1061 832 1130 contigisse
859 1071 1272 1118 commemorat.
1965 1064 2192 1133 gustias
2223 1063 2582 1118 conclusisse
2616 1067 2798 1134 putat.
2826 1067 3029 1132 Itaque
3054 1065 3184 1131 post
3205 1058 3622 1116 aliainutiliter

281 1148 527 1204 Causam
546 1166 680 1204 vero
704 1167 806 1204 cur
827 1151 896 1204 de
919 1156 1155 1206 auctore
1170 1150 1588 1206 miraculorum
1612 1152 1853 1206 dubium
1963 1157 2204 1222 tentata,
2240 1152 2642 1219 Laurentium,
2693 1168 2806 1205 non
2845 1151 3042 1204 minus
3093 1166 3270 1220 quam
3301 1154 3616 1220 Damasus,

227 1237 559 1304 emersisset,
590 1253 774 1308 eaque
805 1238 1073 1294 nonnulli
1105 1239 1413 1293 Laurentio
1446 1239 1641 1309 potius
1675 1255 1852 1310 quam
1962 1242 2243 1296 Romanis
2277 1241 2503 1295 civibus
2535 1239 2774 1294 omnino
2807 1238 3321 1293 adnumerandum
3374 1253 3522 1305 esse,
3549 1254 3616 1292 ex

230 1330 451 1381 Damaso
484 1326 726 1381 attribui
757 1327 988 1392 vellent,
1011 1327 1138 1398 ipse
1160 1328 1442 1383 Baronius
1470 1328 1854 1398 indicat,quze
1961 1331 2314 1385 Veronensis
2362 1328 2814 1384 Sacramentarii
2891 1327 3257 1393 auctoritate,
3321 1327 3612 1395 affirmat;

235 1430 327 1468 non
354 1431 562 1485 parum
599 1420 874 1469 Actorum
907 1416 1243 1486 antiquitati
1286 1418 1455 1471 favet.
1515 1416 1856 1487 Supererant
1961 1435 2144 1490 eoque
2179 1423 2445 1490 respectu
2481 1420 2552 1473 ab
2585 1422 2848 1473 actorum
2879 1415 3112 1471 Damasi
3154 1415 3437 1486 scriptore
3467 1432 3611 1471 com-

238 1503 377 1557 adhuc
406 1504 622 1574 (inquit
655 1503 952 1576 [a])aliqui
972 1505 1183 1560 addicti
1207 1507 1474 1573 Ursicino,
1506 1508 1602 1575 qui
1623 1508 1851 1561 Damaso
1963 1526 2259 1564 paramus
2291 1534 2303 1574 ;
2340 1514 2514 1579 atque
2547 1525 2579 1562 a
2610 1508 2778 1562 Petro
2801 1506 3054 1561 Diacono
3079 1506 3138 1560 in
3162 1522 3361 1561 eorum
3394 1522 3612 1577 appen-

241 1592 334 1646 liret
358 1592 606 1664 defuncto
641 1595 1106 1664 tantamgtoriam
1132 1594 1573 1663 (miraculorum
1607 1595 1850 1666 scilicet)
1960 1601 2086 1653 dice
2120 1616 2228 1653 om
2261 1615 2495 1652 osxx'ros
2555 1614 2759 1650 parum
2790 1595 3092 1650 verissime
3152 1595 3264 1649 dici
3326 1595 3609 1666 potuisse.

239 1682 518 1748 invidentes,
554 1683 823 1749 dicerent,
847 1699 957 1738 non
982 1700 1086 1738 me:
1102 1683 1199 1738 itis
1222 1684 1571 1750 Damasi,sed
1588 1686 1848 1739 interces-
1958 1688 2086 1740 Hac
2120 1693 2339 1751 tamen,
2373 1686 2488 1740 nisi
2514 1685 2890 1739 vehementer
2921 1701 3025 1754 ego
3057 1683 3245 1749 fallor,
3307 1683 3609 1737 eludendas

238 1771 354 1824 sione
381 1770 522 1824 beati
553 1772 840 1826 Laurentii
869 1788 932 1827 ea
958 1773 1181 1842 patrari
1201 1772 1496 1827 miracula.
1549 1777 1679 1826 Jam
1711 1789 1845 1827 vero
1877 1805 1923 1868 Β
1958 1774 2576 1846 potiusdifﬁcultati.id
2593 1772 3028 1839 est,scindendo
3043 1788 3220 1842 quam
3236 1771 3609 1826 dissolvendo

236 1858 444 1912 dubium
476 1876 575 1915 seu
611 1862 1006 1916 controversia
1033 1862 1102 1916 de
1137 1866 1371 1916 auctore
1403 1862 1843 1926 miraculorum,
1877 1858 1921 1868 ”
1956 1865 2106 1918 nodo
2139 1863 2308 1934 longe
2341 1862 2755 1933 opportuniora
2788 1865 2946 1916 sunt.
2972 1861 3031 1914 Id
3057 1865 3119 1914 ut
3138 1860 3308 1929 paulo
3334 1860 3432 1914 fiat
3456 1859 3608 1913 dilu-

235 1963 376 2016 quam
408 1965 520 2003 non
553 1949 725 2020 longe
756 1967 790 2004 a
817 1950 1047 2005 Damasi
1078 1954 1265 2005 morte
1317 1950 1660 2021 contigerit;
1713 1951 1850 2005 inde
1953 1952 2162 2019 cidius,
2189 1952 2580 2006 secernendus
2613 1950 2782 2004 nobis
2808 1955 2894 2004 est
2916 1966 2949 2003 a
2983 1947 3290 2003 Laurentio
3315 1947 3607 2002 Damasus

231 2033 629 2107 licetconjicere
644 2039 798 2108 quod
822 2055 887 2093 eo
910 2043 1168 2109 tempore
1191 2040 1452 2093 nondum
1477 2039 1668 2094 adhuc
1689 2039 1848 2093 Ursi-
1954 2043 2142 2112 deque
2172 2041 2354 2110 hujus
2385 2039 2730 2110 singulatim
2765 2037 2955 2109 patria
2982 2038 3172 2092 denuo
3204 2035 3605 2091 instituendus

226 2123 322 2178 cini
349 2127 585 2196 ejusque
605 2131 961 2182 sectatorum
983 2128 1151 2183 factio
1174 2128 1581 2194 deferbuisset;
1609 2145 1848 2199 prorsus
1950 2135 2040 2185 est
2071 2145 2285 2193 sermo,
2320 2127 2609 2199 tantisper
2634 2132 2829 2182 tamen
2864 2127 3003 2181 dum
3039 2125 3180 2197 quid
3214 2125 3285 2179 de
3308 2141 3376 2179 ea
3399 2128 3605 2179 Petrus

226 2217 282 2266 ut
300 2217 447 2269 Petro
479 2215 755 2280 Diacono,
788 2233 890 2271 seu
922 2216 1192 2287 quisquis
1225 2217 1459 2272 demum
1495 2217 1621 2286 ejus
1665 2217 1848 2288 partis
1949 2220 2241 2274 Diaconus
2273 2221 2445 2286 atque
2479 2221 2752 2270 Actorum
2788 2215 3039 2286 scriptor
3085 2212 3418 2280 senserint;
3453 2230 3602 2284 qua-

219 2306 469 2357 Actorum
488 2305 740 2376 scriptor
761 2305 1846 2375 fuerit,integrumessetexvetustissi-
1948 2309 2090 2362 lisve
2122 2307 2332 2361 horum
2367 2310 2532 2360 aetate
2562 2304 2817 2376 vulgaris
2859 2306 3204 2373 receptaque
3257 2303 3327 2356 de
3359 2301 3468 2357 hoc
3497 2319 3600 2356 ar—

219 2391 317 2446 mis
338 2391 521 2463 iisque
551 2395 912 2465 incorruptis
944 2411 1070 2464 quas
1094 2395 1206 2449 sibi
1242 2395 1614 2466 praelucerent
1637 2411 1845 2450 monu-
1948 2401 2230 2470 gumento
2279 2395 2628 2468 populorum
2670 2394 2866 2466 opinio
2928 2392 3124 2459 fuerit,
3188 2392 3262 2447 ob
3312 2390 3598 2446 lectorum

217 2482 412 2536 mentis
443 2498 532 2537 res
564 2483 636 2537 ad
656 2482 978 2538 Damasum
1013 2483 1371 2553 pertinentes
1405 2485 1684 2539 mutuari.
1948 2487 2148 2542 oculos
2180 2485 2475 2556 ponimus.

280 2569 353 2623 Ex
379 2570 515 2641 ipsis
535 2572 716 2626 etiam
733 2572 997 2627 fontibus
1011 2571 1260 2627 derivari
1279 2573 1566 2626 credenda
1580 2576 1669 2626 est
1690 2572 1848 2642 prior
2020 2579 2280 2632 Primum
2297 2580 2488 2632 autem
2506 2574 2768 2629 omnium
2787 2573 3081 2645 rogandus
3095 2569 3311 2627 anobis
3326 2569 3600 2626 Merenda

210 2657 305 2712 illa
333 2666 588 2715 actorum
620 2677 778 2730 Pars,
814 2661 870 2715 in
906 2676 1019 2731 qua
1047 2667 1368 2716 Damasum
1390 2661 1685 2715 Laurentii
1707 2677 1847 2715 COM-
1948 2671 2056 2733 est,
2082 2685 2224 2722 num
2258 2666 2410 2721 Petri
2442 2665 2669 2720 diaconi
2697 2665 3057 2735 (quicunque
3087 2661 3322 2717 tandem
3351 2659 3449 2714 ille
3479 2660 3599 2714 fue-

210 2763 516 2804 PATRIOTAM
549 2749 836 2821 appellari
866 2767 1046 2822 supra
1072 2751 1434 2805 dicebamus.
1459 2754 1607 2804 Sane
1625 2749 1674 2804 si
1695 2749 1842 2804 nihil
1948 2756 2069 2826 rit),
2105 2755 2521 2823 autscriptoris
2535 2754 2810 2806 Actorum
2827 2753 2897 2806 de
2911 2750 3127 2822 quibus
3150 2749 3380 2820 agimus
3407 2752 3595 2812 aetate,

209 2834 363 2890 aliud
388 2854 484 2908 pro
505 2839 771 2907 ejusdem
799 2838 1352 2910 antiquitateaﬂ‘erri
1373 2839 1844 2908 posset,unaDa-
1951 2847 2006 2899 id
2041 2851 2148 2911 est,
2173 2862 2206 2898 θ,
2236 2844 2448 2899 seculo
2479 2859 2533 2895 vr
2567 2843 2636 2896 ad
2671 2859 2750 2895 xu
2780 2841 3025 2895 dubium
3053 2841 3175 2910 jam
3203 2844 3326 2893 tum
3359 2837 3593 2908 aliquod

208 2925 355 2978 masi
376 2925 500 2981 Vita
516 2944 548 2981 a
571 2927 882 2982 Benedicto
901 2928 1238 2998 presbytero
1257 2928 1609 2998 conscripta,
1625 2944 1800 2997 quam
1816 2945 1846 2983 θ
1950 2934 2289 2989 emersisset
2311 2934 2380 2986 dc
2404 2931 2633 2986 Damasi
2659 2930 2975 3002 patria,aut
2993 2929 3098 2983 ulli
3123 2927 3352 2999 uspiam
3374 2930 3597 2981 morta-

206 3014 505 3069 Sarazanio
537 3017 646 3070 sub
679 3015 912 3070 initium
932 3016 1133 3086 primm
1150 3015 1325 3085 hujus
1346 3016 1539 3086 operis
1562 3016 1745 3087 partis
1768 3016 1844 3070 al-
1948 3023 2094 3076 lium
2114 3023 2171 3076 in
2188 3030 2438 3075 mentem
2456 3019 3042 3074 venissetDamasum
3069 3016 3348 3072 Romanis
3370 3013 3596 3070 adscri-

205 3099 519 3171 legavimus
549 3105 650 3175 (b),
673 3105 906 3159 abunde
937 3122 1062 3160 eam
1097 3104 1371 3161 declarat.
1394 3107 1526 3176 ipsa
1555 3104 1840 3174 enim,seu
1876 3155 1914 3180 η
1953 3113 2107 3176 bere,
2134 3111 2321 3180 deque
2342 3125 2410 3164 ea
2438 3107 2672 3163 relitem
2697 3107 2972 3177 Hispanis
2995 3104 3315 3160 intentare?
3337 3103 3596 3171 Minime,

264 3155 298 3171 υ
400 3155 516 3158 ηπ
551 3155 650 3175 ι-ι.
676 3155 902 3159 π---π
942 3155 1062 3160 -———
1103 3155 1370 3161 ——--—-—--
1394 3155 1525 3176 τη
1559 3155 1840 3174 ------,π-
1953 3155 2107 3176 ww,
2136 3155 2320 3180 μνη-ν
2345 3155 2410 3164 ν-
2440 3155 2672 3163 -ν---νη
2697 3155 2971 3177 ----τ----

203 3190 340 3260 styli
361 3191 814 3264 simplicitatem,
836 3210 937 3248 seu
955 3193 1209 3248 nominis
1226 3195 1561 3265 gradusque
1585 3195 1842 3249 auctoris
1874 3155 1915 3221 C
1952 3203 2195 3272 inquam
2219 3215 2346 3269 ego,
2375 3197 2662 3269 gentium.
2697 3196 2895 3265 Neque
2926 3194 3080 3249 enim
3116 3191 3499 3248 rudibusillis
3533 3207 3599 3244 ac

204 3295 320 3333 non
352 3280 483 3336 item
515 3282 749 3337 familias
773 3282 1215 3353 professionem,
1242 3283 1362 3336 Sive
1382 3284 1618 3337 demum
1643 3284 1848 3353 Ειτίριιὶ
1948 3287 2406 3360 simplicioribus
2422 3285 2891 3340 saeculistantum
2909 3280 3600 3353 sibihypercriticiquan-

207 3371 416 3436 (quose
431 3371 776 3441 cognomine
798 3387 866 3426 ex
896 3388 1004 3426 usu
1036 3371 1358 3441 priscorum
1381 3376 1710 3441 temporum
1739 3388 1844 3441 ap-
1947 3384 2072 3433 tum
2108 3379 2214 3432 hoc
2245 3381 2446 3430 nostro
2470 3373 2629 3444 juris
2663 3376 3093 3444 arrogaverant,
3119 3376 3183 3424 ut
3202 3370 3274 3424 ob
3298 3368 3596 3424 solascon-

206 3455 409 3525 pellari
436 3460 635 3528 voluit)
673 3460 967 3515 notionem
997 3465 1244 3529 spectes,
1275 3460 1419 3514 satis
1454 3475 1552 3529 per
1584 3477 1645 3513 se
1690 3463 1784 3513 ant

2016 3472 2199 3521 :turas
2232 3465 2538 3535 (quantum
2567 3463 2677 3517 illas
2712 3477 2965 3531 cumque
2995 3461 3066 3515 ad
3107 3459 3407 3514 veritatem
3434 3471 3594 3511 acce-

204 3560 322 3614 qua
351 3548 738 3605 nihilominus
769 3549 977 3604 horum
1007 3550 1078 3603 de
1102 3549 1320 3620 quibus
1353 3548 1582 3619 agimus
1606 3547 1843 3602 Damasi
1947 3555 2175 3623 derent)
2208 3558 2466 3608 veterum
2499 3551 2778 3606 Codicum
2820 3548 3230 3604 auctoritatem
3262 3545 3449 3602 deseri
3499 3561 3594 3599 re-

204 3635 475 3692 Actorum
499 3636 1550 3708 compendium,etquasibreviarium
1573 3641 1661 3691 est
1688 3636 1842 3707 quod
1949 3646 2261 3714 captasque
2291 3645 2349 3695 et
2381 3640 2590 3694 inﬁxas
2623 3637 2971 3712 populorum
3018 3636 3231 3692 animis
3290 3633 3594 3706 opiniones

206 3727 449 3796 utraque
478 3726 630 3780 inter
661 3742 723 3780 se
754 3726 1072 3780 conferenti
1102 3725 1472 3780 manifestum
1528 3741 1556 3778 0
1601 3725 1845 3795 vestigiO
1949 3731 2117 3787 evelli
2149 3735 2249 3785 aut
2280 3729 2401 3785 ullo
2428 3734 2596 3800 pacto
2638 3726 2973 3783 labefactari
3038 3729 3396 3797 paterentur.
3454 3721 3602 3786 Quid

208 3810 324 3867 ﬁet.
357 3814 434 3870 Ne
455 3815 546 3870 cui
570 3821 767 3870 autem
787 3832 896 3870 vox
917 3831 1311 3869 COMPATRIOTA
1333 3815 1478 3869 forte
1499 3819 1844 3884 scrupulum
1950 3826 2145 3876 autem
2179 3821 2248 3874 de
2297 3817 2712 3874 ecclesiasticis
2763 3814 2951 3880 libris,
3013 3831 3160 3885 quos
3191 3812 3369 3868 veluti
3427 3827 3604 3866 sacra:

209 3898 623 3975 injiciat,quasi
646 3904 933 3959 recentior
955 3903 1844 3973 fuerit,eamjamaNicolaiI(c)
1952 3910 2314 3978 antiquitatis
2373 3907 2705 3975 thesauros,
2757 3904 3109 3974 veterisque,
3143 3905 3200 3957 et
3255 3901 3605 3970 incorruptae

213 3987 326 4046 imo
339 3997 393 4048 et
406 3993 708 4065 aGregorii
725 3993 917 4064 Magni
933 3993 1292 4064 temporibus
1309 3999 1647 4063 usurpatam
1665 3992 1846 4047 fuisse
1951 3999 2293 4071 pontiﬁcum
2316 4001 2489 4067 atque
2504 3994 2778 4050 Ecclesiae
2792 3993 3057 4047 Historiae
3072 3989 3395 4046 ﬁdissimos
3411 3993 3605 4043 custo-

215 4079 612 4137 admonemus.
1951 4089 2075 4157 des,
2109 4105 2222 4142 non
2257 4102 2426 4141 secus
2457 4101 2522 4139 ac
2549 4100 2746 4139 sacros
2780 4084 3089 4152 utriusque
3112 4078 3342 4135 foederis
3365 4075 3604 4130 Codices

285 4169 359 4222 Ad
388 4169 619 4225 Petrum
655 4173 850 4224 autem
882 4167 1204 4223 Diaconum
1246 4167 1532 4223 sermonis
1564 4169 1632 4222 de
1676 4168 1846 4222 beato
1949 4178 2077 4245 ejus
2108 4177 2207 4229 ωνὶ
2240 4179 2445 4245 gentes
2478 4172 2754 4227 reveritas
2787 4170 2968 4225 fuisse
3000 4168 3222 4223 scimus
3243 4167 3269 4219 ?
3306 4173 3393 4218 An
3438 4167 3608 4234 putat

215 4255 447 4312 Damaso
472 4258 817 4329 scriptorem
843 4258 996 4327 quod
1014 4257 1627 4317 attinet.Bollandiani
1651 4257 1793 4310 Patri

2029 4264 2245 4330 :renda,
2280 4262 2328 4317 si
2363 4260 2492 4333 quis
2525 4278 2590 4316 eo
2625 4265 2886 4328 tempore
2923 4255 3169 4326 receptis
3193 4250 3607 4309 ecclesiasticis

221 4349 562 4403 enumeratis
594 4348 820 4418 aliquot
849 4348 1322 4418 cognominibus,
1349 4347 1504 4417 quia
1525 4347 1734 4402 stimulo
1769 4364 1845 4410 VI.
1951 4353 2263 4410 Codicibus
2297 4350 2946 4416 contraire,eorumque
2980 4344 3152 4397 ﬁdem
3169 4346 3342 4412 atque
3358 4338 3607 4394 auctori-

217 4437 283 4490 ad
312 4455 385 4492 xu
411 4441 656 4496 ﬂoruere
678 4440 775 4510 (ιί),
821 4455 956 4495 cum
991 4438 1216 4493 nullum
1247 4455 1315 4493 ex
1345 4439 1428 4493 eis
1489 4439 1849 4493 invenissent
1952 4447 2130 4496 tatem
2161 4440 2383 4495 elevare
2417 4454 2598 4492 ausus
2630 4436 2838 4490 fuisset
2867 4433 3046 4503 (quod
3071 4436 3265 4485 tamen
3290 4433 3608 4498 utrumque

215 4529 307 4597 qui
335 4530 400 4586 de
428 4532 678 4587 Damaso
711 4530 908 4601 egerit,
945 4531 1163 4585 haerent
1196 4529 1363 4601 plane
1388 4529 1445 4584 in
1485 4531 1843 4601 assignando
1877 4520 1920 4583 Ι)
1955 4536 2156 4586 nostra
2186 4531 2294 4584 hac
2319 4533 2486 4583 etate
2517 4524 2866 4582 Terribilino
2900 4522 3109 4592 licuit),
3144 4521 3386 4592 impune
3438 4519 3497 4573 id
3556 4517 3608 4573 ei

215 4625 336 4672 uter
353 4636 549 4675 eorum
573 4619 755 4674 sancti
784 4619 1074 4688 pontificis
1094 4635 1422 4674 sermonem
1441 4620 1510 4674 de
1530 4619 1850 4689 quoloqui-
1962 4636 2063 4692 per
2092 4618 2424 4673 sanctiones
2451 4615 2766 4671 canonicas
2799 4612 3102 4666 ferendum
3130 4609 3157 4663 ?

219 4722 344 4761 mur
393 4709 721 4780 scripserit.
775 4707 1060 4762 Baronius
1119 4712 1314 4762 tamen
1334 4750 1347 4777 ,
1400 4708 1617 4777 Joseph
1671 4709 1848 4763 Maria
2035 4709 2347 4776 Porro,quo
2368 4712 2533 4776 pacto
2554 4700 2859 4758 Petrusille
2877 4700 2977 4755 sed
2996 4698 3046 4753 is
3069 4697 3397 4769 apostolicae
3415 4695 3607 4751 diaco-

218 4797 535 4863 Suarezius,
570 4802 626 4851 et
658 4796 754 4851 alii
783 4797 851 4866 (e)
885 4796 1049 4850 Petro
1099 4796 1331 4850 cuidam
1364 4797 1616 4851 Diacono
1659 4797 1850 4852 Cassi-
1962 4794 2450 4864 nus,autDamasi
2476 4797 2754 4847 Actorum
2771 4789 3201 4860 scriptor(quos
3234 4803 3298 4841 ex
3324 4786 3609 4857 dignitate

222 4886 372 4941 nensi
403 4886 856 4955 adjudicandum
891 4890 1117 4956 putant,
1150 4885 1246 4955 qui
1279 4883 1490 4940 saeculo
1523 4903 1577 4939 Ix
1618 4885 1850 4954 claruit,
1963 4904 2026 4942 ac
2044 4891 2314 4955 suscepto
2339 4881 2634 4937 scribendi
2659 4894 2902 4934 munere
2927 4877 3177 4932 inrebus
3197 4874 3612 4931 ecclesiasticis

222 4979 526 5046 auctorque
551 4974 798 5029 habetur
828 4973 966 5028 Vitae
999 4974 1187 5028 sancti
1246 4973 1551 5028 Athanasii
1593 4974 1848 5045 episcopi
1963 4993 2076 5030 non
2110 4973 2427 5042 vulgariter
2475 4973 2739 5025 versatos
2800 4967 3033 5021 credere
3090 4964 3416 5035 debemus),
3477 4979 3611 5017 cum

217 5059 611 5134 Neapolitani;
646 5063 831 5133 deque
855 5078 920 5116 eo
955 5061 1112 5131 prior
1152 5059 1245 5115 ille
1303 5059 1617 5114 Annalium
1670 5060 1850 5116 eccle-
1964 5069 2210 5132 uterque
2241 5063 2311 5116 de
2344 5066 2591 5114 Damaso
2625 5073 2693 5112 ex
2752 5057 3013 5128 professo
3074 5058 3289 5126 ageret,
3342 5051 3617 5108 Feliciani

216 5150 577 5208 siasticorum
610 5152 860 5223 scriptor
890 5151 1007 5221 agit
1032 5151 1100 5206 ad
1136 5166 1358 5205 annum
1407 5150 1531 5216 850,
1568 5151 1693 5221 861,
1723 5145 1849 5216 87:2,
1965 5152 2308 5224 pontificum
2343 5147 2591 5219 catalogi
2624 5146 2694 5201 de
2717 5145 2906 5218 patria
2935 5142 3294 5200 sanctissimi
3318 5139 3614 5212 pontiﬁcis

304 5298 356 5362 a)
385 5297 619 5362 Baron.,
645 5297 716 5350 ad
748 5313 885 5350 ann.
919 5295 1044 5363 384,
1077 5312 1135 5360 n,
1173 5296 1256 5350 19.

2032 5295 2175 5350 ’ricze
2200 5291 2500 5364 praefeci):
2539 5287 2641 5364 Sed
2668 5289 2717 5364 si
2746 5287 2998 5342 delicioso
3030 5285 3227 5364 cupitis
3261 5282 3466 5364 pabulo
3522 5299 3610 5364 sa-

310 5353 358 5440 b)
392 5368 527 5440 Cap.
551 5353 619 5440 71,,
652 5383 781 5438 pag.
815 5368 900 5435 12,
937 5353 1042 5440 13ν.’
1123 5353 1132 5360 ’
1195 5437 1206 5440 _
1361 5437 1387 5440 ἡ
1721 5439 1727 5440 γ
1762 5439 1765 5440 ν

2033 5368 2175 5433 nari,
2200 5353 2356 5420 'beat'i
2387 5353 2684 5440 Au'giistini
2713 5353 3494 5440 parniormmestri-opuscuntg
3529 5353 3611 5440 le-

305 5425 354 5508 c)
406 5425 678 5494 Nicola'us
713 5425 1085 5510 Ι”(1ηέ’ῃίδζἶ
1138 5437 1207 5490 ad
1267 5437 1554 5506 Egilonem
1611 5439 1851 5508 archiep.
1963 5425 2125 5507 bile;
2155 5425 2569 5510 ίμξὶγιμοοιιείςιι.Δ
2611 5430 2932 5510 Du-Cangii
2978 5427 3345 5510 diligentiam
3387 5425 3609 5496 effugit.

284 5445 352 5508 (c)
406 5445 732 5494 Nicolausl
778 5445 861 5510 (1n
922 5445 1082 5507 epist.
1138 5445 1207 5490 ait
1267 5445 1554 5506 Egitonem
1611 5445 1851 5508 archiep.
1972 5445 2125 5507 gite;
2155 5445 2252 5505 qui
2285 5445 2448 5490 locus
2489 5445 2560 5488 cl.
2611 5445 2932 5501 uu-uangu
2978 5445 3345 5553 diligentiam
3387 5445 3493 5480 euu

222 5504 607 5588 ᾅδῃρηςτιδεηι,
650 5516 784 5588 toni.
835 5507 1205 5588 ζξηηςοιιξσί.
1260 5510 1541 5588 οοηοὶιὶοις.
1609 5511 1851 5588 Labbwi.
2039 5510 2113 5588 (d)
2145 5508 2227 5588 Ad
2257 5501 3217 5588 diem10-Au.g.,§119.,‘u.di0n.th
3452 5564 3493 5588 η

219 5564 608 5652 Εάίὶξνὲτὶει.
656 5583 781 5660 colt.
831 5581 988 5651 1525)
1014 5581 1406 5660 :_P_orrq_c_um
1454 5581 1528 5660 ad_
1554 5589 1608 5660 te
1627 5564 1859 5660 tuosque
2039 5564 2248 5660 (eiAAp.
2433 5564 3055 5660 Antoniumvglri‘iglioth.
3077 5569 3241 5642 Πίῳ.
3279 5569 3410 5636 νει.,
3446 5564 3546 5621 lib.
3571 5582 3613 5621 ιι

221 5643 640 5710 Comen-amris
670 5656 723 5708 et
767 5643 1174 5724 consacerdotes
1231 5651 1440 5724 titteras
1496 5643 1857 5724 (testinave'ri-
1967 5643 2265 5724 cap.'6,'in
2299 5651 2553 5716 Damaso,
2585 5663 2736 5703 num.
2777 5643 2921 5713 180).

216 5732 356 5783 mus.
379 5725 693 5797 Gregorius
722 5723 862 5795 (Lib.
896 5738 1018 5793 vm,
1039 5724 1196 5794 epist.
1227 5722 1316 5793 37,
1348 5723 1428 5779 ad
1476 5723 1859 5780 Innocentium
