3996 6170
414 270 521 323 595
1260 264 1606 318 ADDENDA
1643 263 1741 316 AD
1780 260 2082 326 QUOSDA]

2191 257 2699 311 ’RECEDENTES
2735 254 2995 310 TOMOS.
3660 252 3746 310 596

415 389 852 463 apertissimum
876 400 978 457 pro
1010 384 1284 457 Hispanis
1326 386 1730 442 testimonium
1789 385 2057 457 ignorare
2086 381 2142 447 Α
2167 395 2292 446 ras,
2324 383 2497 451 atque
2520 395 2637 434 UNA
2652 393 2889 432 onm'ros
2905 374 3374 431 pararadiccrent
3389 380 3751 448 assererentve,

415 482 686 551 possent,
719 492 851 531 cum
884 491 952 531 ex
974 474 1066 529 his
1097 491 1224 545 Quae
1253 475 1570 531 hodiedum
1603 479 1918 549 supersunt
1938 475 2065 545 ejus
2171 468 2314 540 quin
2341 468 2543 524 effusis
2558 466 2854 522 adstantis
2876 464 3076 537 populi
3096 464 3481 535 lectorumque
3499 464 3755 522 cachinnis

418 565 677 638 catalogi
718 562 1147 635 exemplaribus
1178 580 1471 636 nusquam
1504 570 1642 620 tunc
1676 582 1787 621 non
1830 564 2065 620 obvium
2171 560 2757 632 exciperentur?Aut
2788 575 2892 613 cur
2950 556 2999 612 si
3060 562 3372 612 Damasum
3418 562 3638 627 uterque
3682 557 3759 613 ille

420 673 557 712 eum
587 655 853 710 Codicem
888 652 1065 708 fuisse
1096 652 1606 709 verosimillimum
1640 654 1745 708 sit?
1779 656 1855 709 An
1890 654 2068 708 etiam
2172 650 2423 722 scriptor
2440 651 2771 705 Romanum
2796 647 3196 715 credidit,non
3219 645 3473 701 omnium
3493 650 3760 701 auteorum

424 742 781 800 Pontificalis
806 741 943 796 libri
974 742 1046 796 ab
1080 741 1316 797 ineunte
1340 742 1550 797 saeculo
1594 760 1689 797 VIII
1723 742 1961 811 exarati,
1995 758 2067 797 an
2174 741 2367 813 potius
2405 740 2505 812 qui
2527 739 2586 794 in
2618 738 2895 794 concione
2922 738 3165 794 aderant
3197 736 3589 805 Romanorum,
3618 753 3763 807 quam

423 833 650 889 Codicis
676 830 1255 900 Palatino-Vaticani,
1281 846 1453 901 quem
1474 832 1543 886 ad
1566 849 1784 887 annum
1805 833 1910 885 826
1933 848 2069 886 con-
2174 829 2350 884 unius
2385 827 2677 884 Laurentii
2707 842 3149 882 COMPATRIOTAM
3180 823 3435 881 diceret?

423 923 708 994 scriptum
742 920 925 974 fuisse
947 919 1235 974 diximus:
1272 938 1341 975 an
1363 921 1595 976 demum
1619 921 1913 977 Anastasii
1942 938 2071 993 syn-

423 1011 627 1067 chroni
661 1012 830 1064 Petro
853 1008 1117 1079 diacono,
1148 1012 1211 1063 ut
1234 1009 1606 1080 conjicimus,
1631 1011 1886 1066 auctoris
1908 1010 2071 1065 testi-

425 1097 818 1169 monia,queis
836 1098 1117 1152 Damasus
1130 1096 1513 1154 disertissime
1526 1099 1824 1170 Hispanus
1838 1099 2071 1169 dicitur,

424 1193 740 1259 utrumque
772 1186 929 1241 hunc
962 1185 1309 1257 scriptorem
1343 1188 1582 1242 omnino
1623 1187 1866 1243 latuisse
1902 1187 2073 1243 volu-

427 1278 592 1333 mus?
614 1276 825 1346 (Mitto,
855 1275 903 1332 si
935 1291 1053 1345 qua
1081 1276 1151 1331 de
1182 1276 1385 1331 eodem
1422 1282 1767 1348 argumento
1814 1282 2073 1333 veterum

427 1366 648 1438 scripta
678 1371 819 1421 tunc
847 1364 1127 1437 temporis
1145 1366 1432 1421 exstantia
1463 1367 1532 1421 ad
1554 1372 1810 1421 nostram
1846 1370 2074 1422 aetatem

430 1472 543 1511 non
579 1458 986 1526 pervenerunt,
1022 1458 1122 1509 aut
1154 1470 1340 1524 usque
1363 1454 1423 1508 in
1454 1453 1821 1510 bibliothecis
1846 1454 2075 1525 latent.)

430 1545 542 1599 Aut
572 1543 622 1598 si
652 1560 681 1599 e
711 1542 1003 1598 contrario
1034 1557 1100 1598 ea
1130 1543 1328 1597 omnia
1347 1549 1647 1614 perspecta
1671 1542 2077 1614 habuere,quo

431 1637 598 1705 pacto
629 1632 949 1687 Damasum
987 1631 1202 1686 nedum
1237 1630 1458 1702 privata
1506 1631 1614 1701 ipsi
1649 1632 1922 1702 opinione
1971 1633 2076 1686 Ro-

432 1738 675 1777 manum
708 1721 961 1786 credere,
1013 1720 1113 1774 sed
1161 1719 1351 1791 palam
1384 1736 1414 1774 e
1446 1725 1724 1792 suggestu
1788 1719 2075 1791 frequenti
2109 1734 2155 1798 Β

432 1809 629 1882 populi
652 1810 951 1876 concione,
975 1818 1149 1880 atque
1166 1809 1339 1864 editis
1355 1809 1526 1865 etiam
1546 1808 1714 1865 libris
1738 1826 2075 1882 propagare;

430 1917 557 1966 seu,
591 1900 743 1971 quod
776 1900 977 1954 eodem
1012 1898 1183 1963 redit,
1206 1900 1530 1955 secundum
1548 1899 1889 1971 pontiﬁcum
1923 1904 2082 1955 cata-

430 1990 652 2061 logum,
679 1994 857 2061 atque
885 1988 1645 2060 Anastasium,veteresque
1668 1988 1813 2044 alios
1842 1988 2082 2044 Codices

434 2078 794 2134 contrarium
816 2080 1146 2134 asserentes
1168 2077 1530 2149 proscribere
1547 2095 1613 2133 ac
1630 2078 1932 2134 diti'amare
1954 2077 2083 2133 ausi

430 2168 681 2224 fuissent
700 2167 729 2222 ‘I
756 2167 1038 2222 Praeterea
1059 2167 1106 2221 si
1140 2165 1307 2232 nulli,
1333 2183 1505 2237 quem
1538 2168 1895 2230 noverimus,
1934 2166 2084 2221 anti-

431 2256 621 2330 quiori
653 2260 755 2312 aut
786 2255 1116 2329 syncbrono
1148 2256 1416 2327 scriptori
1450 2256 1508 2309 in
1553 2260 1806 2311 mentem
1854 2256 2085 2328 uspiam

430 2345 589 2402 venit
614 2351 933 2402 Damasum
964 2344 1289 2400 Romanum
1313 2344 1520 2410 facere,
1544 2361 1659 2415 quo
1682 2349 1848 2415 pacto
1873 2361 2088 2399 comm-

432 2452 654 2492 TRIOTE
680 2435 946 2503 verbum,
972 2447 1077 2487 nec
1101 2450 1213 2488 non
1238 2450 1471 2488 comma
1492 2451 1607 2489 UNA
1629 2450 1862 2488 GENITOS
1884 2450 2088 2488 PATBIA

437 2542 503 2581 eo
532 2528 795 2596 respectu
827 2522 898 2577 ab
938 2521 1031 2577 bis
1064 2522 1404 2578 auctoribus
1436 2523 1655 2592 scripta
1706 2528 1807 2577 aut
1863 2522 2089 2593 prolata

439 2611 1038 2677 fuissecredibileest,
1073 2611 1242 2682 quasi
1275 2614 1520 2682 uterque
1549 2614 1819 2667 sanctum
1854 2612 2090 2683 pontifi-

438 2719 565 2759 cem
598 2717 666 2758 ea
689 2700 1092 2757 enuntiatione
1123 2700 1474 2767 Romanum,
1510 2716 1672 2771 aeque
1703 2717 1768 2756 ac
1826 2700 2088 2757 Lauren-

435 2792 585 2847 tium
620 2788 973 2845 intellexerit
1004 2792 1026 2845 Ρ

510 2880 787 2946 Ulterius,
821 2883 949 2934 acta
979 2878 1051 2934 de
1081 2877 1299 2949 quibus
1332 2878 1566 2950 agimus
1624 2878 1817 2934 Romae
1876 2879 2094 2949 scripta

438 2971 621 3039 fuere,
647 2970 1058 3039 Romanosque
1089 2967 1149 3023 in
1184 2968 1269 3022 eis
1303 2966 1523 3039 alloqui
1556 2966 1725 3039 plane
1753 2968 2092 3041 videturip-

438 3073 640 3114 sorum
674 3058 899 3122 auctor,
936 3059 999 3110 ut
1026 3070 1093 3110 ex
1125 3054 1378 3127 simplici
1411 3055 1671 3111 locorum
1693 3055 1864 3112 Urbis
1886 3056 1943 3110 in
1968 3056 2092 3128 qui-

440 3104 640 3114 ---_._
675 3104 899 3122 mm",
939 3104 997 3110 _-
1031 3104 1093 3110 --_
1125 3104 1378 3127 κώπη--
1411 3104 1671 3111 ------..-
1701 3104 1863 3112 --_--
1971 3104 2066 3128 Ἰ--

440 3149 552 3203 bus
585 3143 870 3201 nonnulla
898 3144 1195 3201 aDamaso
1213 3149 1379 3216 gesta
1401 3148 1803 3200 memorantur
1824 3146 2093 3218 designa-
2125 3104 2171 3171 ϐ
2280 3150 2533 3206 Sanctus
2567 3150 2690 3206 Ado
2720 3148 3076 3204 Viennensis
3110 3147 3582 3220 archiepiscopus
3610 3141 3700 3214 qui
3722 3156 3801 3195 se-

439 3237 618 3305 tione,
658 3250 836 3307 quam
869 3233 1015 3290 alias
1048 3250 1219 3289 nemo
1252 3233 1365 3289 nisi
1398 3238 1696 3289 Romanus
1729 3238 1830 3290 aut
1861 3234 1918 3289 in
1944 3235 2095 3291 Urbe
2204 3239 2334 3295 culo
2366 3255 2423 3293 xx
2454 3236 2933 3310 Martyrologium
2948 3238 3077 3309 ejus
3092 3237 3333 3292 nomine
3356 3234 3671 3305 evulgatum
3693 3244 3800 3285 con-

440 3332 704 3381 versatus
726 3322 1131 3391 intellexisset,
1166 3324 1541 3379 manifestum
1564 3324 1967 3380 est.Consulto
1989 3323 2095 3379 ali-
2205 3328 2468 3401 scripsit;
2501 3328 2571 3382 de
2588 3324 3456 3399 Laurentiomartyreloquens,
3488 3321 3800 3378 induciteum

446 3431 562 3486 qua
593 3417 857 3469 actorum
883 3412 1009 3468 loca
1038 3429 1068 3468 e
1099 3414 1330 3483 regione
1361 3414 1737 3484 adjunximus
1770 3414 1873 3485 (a).
1922 3415 2097 3469 Baro-
2205 3436 2239 3475 a
2268 3423 2515 3491 tyranno
2549 3415 2681 3488 quis
2710 3415 2976 3487 qualisve
3024 3419 3181 3471 esset
3232 3418 3505 3487 rogatum
3558 3415 3715 3480 atque
3756 3403 3801 3457 in

449 3503 583 3558 nius
608 3517 863 3574 quoque,
898 3506 959 3555 ut
981 3500 1120 3556 alibi
1152 3502 1431 3568 diximus,
1466 3518 1529 3556 ea
1577 3503 1637 3555 in
1689 3502 1927 3557 Ecclesia
1966 3503 2098 3557 olim
2204 3507 2327 3562 haec
2382 3507 2559 3562 verba
2605 3505 3057 3577 respondentem
3088 3505 3153 3575 (ε)
3189 3520 3202 3559 :
3258 3500 3624 3572 Quantumad
3670 3508 3803 3568 genus

446 3591 675 3648 recitari
694 3592 861 3646 solita
889 3589 1058 3659 fuisse
1088 3588 1318 3655 asserit,
1355 3591 1511 3660 quod
1571 3605 1677 3660 ego
1726 3590 1797 3644 de
1855 3592 2100 3647 Romana
2208 3612 2481 3652 HISPANUS
2501 3612 2645 3661 sum,
2675 3594 2947 3663 eruditus,
2979 3610 3047 3649 ac
3066 3596 3317 3648 nutritus
3338 3598 3593 3659 Roma,“
3618 3605 3648 3643 a
3671 3599 3804 3642 cuna-

445 3682 819 3753 interpretor,
852 3677 997 3733 alias
1027 3676 1440 3750 particularem
1464 3678 1561 3733 ille
1593 3678 1911 3734 Ecclesiam
1948 3681 2099 3737 desi-
2209 3687 2352 3741 bulis
2373 3684 2740 3739 Christianus.
2765 3684 2893 3739 Haec
2912 3688 3111 3737 autem
3137 3682 3188 3737 si
3210 3680 3397 3737 semel
3419 3681 3489 3738 ab
3511 3671 3805 3735 adversariis

445 3773 702 3841 gnasset.
728 3770 1014 3822 Praeterea
1040 3771 1251 3822 Petrus
1283 3764 1381 3821 ille
1411 3768 1742 3838 apostolicae
1787 3768 1944 3824 sedis
1976 3769 2098 3825 dia-
2208 3764 3805 3844 ﬁdemimpetraverint,negotiumuniversumtransiget‘o

446 3874 629 3914 conus
662 3858 959 3913 Romanus
991 3856 1272 3928 profecto,
1298 3857 1503 3912 saltem
1536 3857 1705 3914 Urbis
1738 3858 1929 3914 incola
1968 3859 2099 3929 fuit,
2209 3862 2403 3933 palam
2436 3859 2842 3917 est.Consulto
2875 3860 3289 3916 limitationem
3312 3857 3532 3927 addidi,
3554 3855 3642 3927 qui
3663 3851 3803 3909 sciam

444 3950 513 4002 ut
538 3964 607 4003 ex
627 3946 817 4020 ipsius
835 3944 1019 4015 gradu
1044 3962 1109 4001 ac
1133 3945 1417 4019 dignitate
1442 3945 1627 4018 liquet
1653 3964 1665 4015 ;
1698 3946 1863 4002 locus
1894 3964 1962 4003 ex
1983 3964 2100 4019 quo
2210 3950 2593 4007 Blanchinum
2628 3950 2705 4021 (ά)
2734 3948 3124 4006 Laurantiana
3148 3949 3375 4005 Adonis
3402 3951 3561 4012 Acta,
3597 3958 3711 3999 eum
3737 3937 3805 3994 his

447 4052 783 4093 sermonem
807 4036 879 4091 de
899 4034 1151 4091 Damaso
1183 4035 1389 4091 habuit
1413 4035 1818 4092 Laurentianae
1842 4037 2099 4093 Basilicas
2212 4056 2343 4111 quae
2372 4040 2545 4111 vulgo
2566 4039 3082 4108 circumferuntur,
3111 4038 3270 4094 Surii
3305 4036 3527 4094 scilicet
3555 4035 3640 4106 (ε),
3663 4023 3807 4087 sancti

448 4129 784 4199 suggestus,
819 4128 1085 4181 centrum
1116 4123 1383 4180 videlicet
1413 4124 1617 4180 Urbis:
1663 4141 1843 4196 quare
1890 4129 2099 4181 Roma-
2213 4127 2902 4184 MaximiniTrevirensis
2955 4130 3043 4198 (Ι),
3075 4131 3133 4182 et
3179 4125 3451 4182 Vaticani
3504 4114 3805 4185 Codiciswl,

447 4232 587 4272 nam
605 4214 992 4285 omniumque
1014 4213 1288 4269 ordinum
1311 4212 1648 4269 concionem
1667 4213 1847 4269 fuisse
1864 4230 2101 4271 necesse
2213 4234 2318 4274 nec
2352 4236 2467 4274 non
2499 4234 2635 4274 cum
2667 4217 2761 4273 bis
2784 4235 2914 4289 quae
2936 4221 3157 4273 Donato
3193 4217 3495 4272 Servitano
3523 4211 3657 4269 falso
3683 4202 3807 4262 attri-

446 4306 573 4359 est:
608 4319 725 4375 quo
756 4318 892 4374 ergo
937 4305 1106 4373 pacto
1162 4305 1369 4357 Petrus
1429 4300 1526 4357 ille
1579 4301 1868 4357 Diaconus
1928 4310 2102 4373 atque
2212 4307 2355 4362 buta
2386 4311 2525 4363 sunt
2556 4324 2589 4362 a
2611 4322 2727 4362 non
2745 4305 2978 4363 nemine
3008 4306 3111 4378 (h),
3132 4305 3539 4362 velutinﬁrma
3566 4294 3808 4358 acnullius

445 4396 721 4451 Actorum
754 4393 1027 4465 scriptor,
1061 4393 1310 4449 Romani
1335 4409 1467 4448 cum
1494 4397 1691 4449 essent
1722 4398 1777 4449 et
1807 4394 2103 4450 Romanos
2140 4462 2169 4467 _
2215 4395 2351 4450 ﬁdei
2383 4396 2454 4450 ad
2483 4398 2754 4467 agnatos,
2791 4399 2853 4451 ut
2884 4394 3072 4465 aiunt,
3104 4411 3160 4450 et
3181 4394 3433 4467 gentiles
3462 4392 3806 4463 ablegar63Ve‘

450 4462 913 4554 alloquerentur,
945 4484 996 4537 si
1028 4483 1231 4539 itidem
1266 4484 1642 4540 Laurentium
1699 4489 1755 4539 et
1785 4489 2101 4541 Damasum
2134 4462 2181 4527 Ῑ)
2213 4500 2367 4550 rum,
2393 4462 2551 4554 quod
2582 4484 2711 4554 ejus
2742 4462 2896 4555 pace
2944 4462 3216 4550 dixerim:
3278 4483 3446 4539 aliter
3488 4496 3631 4549 sues,
3681 4471 3809 4529 aliter

448 4571 743 4628 Romanos
758 4570 1164 4641 credidissent,
1180 4588 1278 4627 eos
1300 4572 1561 4627 mediain
1576 4572 1727 4629 Urbe
1753 4590 2101 4630 coupa'rmo-
2212 4572 2367 4628 olent
2397 4571 2593 4627 catuli.

2245 963 2375 1019 Haec
2388 980 2501 1020 non
2517 962 2663 1020 satis
2685 962 3023 1017 Merendam
3038 960 3437 1017 considerasse
3450 962 3601 1031 puto,
3617 958 3772 1030 prius-

2177 1069 2355 1125 quam
2389 1055 2459 1110 ad
2494 1055 2772 1109 Actorum
2802 1052 2980 1108 verba
3020 1051 3415 1124 responderet.
3450 1049 3582 1106 Civis
3608 1048 3773 1121 appel-

2177 1143 2318 1200 latio
2351 1161 2452 1215 pro
2486 1160 2623 1215 qua,
2656 1159 2790 1199 cum
2814 1143 3015 1215 patriae
3046 1139 3516 1198 communionem
3546 1138 3774 1211 designa-

2178 1250 2333 1288 mus:
2361 1249 2632 1290 concxvss
2663 1248 3089 1287 COMPATRIOTAS
3119 1231 3327 1285 inﬁma
3349 1228 3613 1285 Latinitas
3641 1244 3778 1299 repo.

2179 1322 2319 1390 suit,
2352 1322 2523 1377 utiiis
2551 1321 2828 1393 quiextra
2858 1321 3105 1393 patriam
3121 1316 3778 1376 versanturusitatissima

2179 1416 2268 1469 est
2297 1413 2531 1484 pietatis
2561 1413 2619 1467 in
2653 1427 3026 1468 communem
3050 1415 3351 1483 parentem
3385 1412 3612 1477 tessera,
3638 1408 3707 1461 ita
3732 1406 3779 1461 in

2180 1502 2370 1574 patria
2402 1501 2773 1573 degentibus,
2808 1500 2858 1556 si
2885 1500 3019 1571 quis
3034 1500 3265 1555 eacives
3280 1514 3418 1554 suos
3430 1495 3784 1567 alloquivellet

2182 1590 2443 1645 insolens
2477 1595 2633 1645 esset
2664 1607 2729 1645 ac
2761 1589 2930 1662 plane
2955 1588 3261 1661 jocularis.
3311 1588 3615 1659 Fingamus
3660 1583 3783 1655 apud

2185 1680 2530 1735 Suetonium
2564 1684 2666 1734 aut
2704 1679 2884 1735 alium
2926 1696 2995 1735 ex
3039 1677 3317 1734 Romanis
3347 1674 3704 1747 scriptoribus
3728 1673 3782 1727 de

2185 1769 2408 1825 Caesare
2432 1768 2765 1841 loquentem
2789 1768 2924 1840 legi,
2951 1768 3195 1823 Brutum
3228 1765 3476 1838 exempli
3497 1781 3660 1821 causa
3677 1762 3786 1817 bor-

2184 1859 2277 1912 tos
2308 1874 2454 1928 quos
2487 1857 2676 1912 Caesar
2716 1858 2773 1912 in
2805 1855 3251 1913 Transtiberina
3282 1855 3514 1927 regione
3564 1851 3783 1924 posside-

2188 1946 2287 2001 bat
2315 1946 2389 2019 (b)
2424 1948 2494 2002 ab
2525 1962 2591 2001 eo
2620 1946 2881 2018 petiisse,
2906 1952 2970 2001 ut
3002 1947 3061 2000 in
3092 1945 3177 2000 eis
3198 1943 3401 2002 Cassio
3431 1956 3785 1998 οοωριτειιοωιε

2189 2052 2297 2090 suo
2327 2034 2524 2090 villam
2545 2035 2924 2090 inaediﬁcaret
2946 2034 3137 2105 (queis
3152 2033 3393 2089 omnino
3415 2027 3788 2087 metisDamasi

2190 2122 2642 2179 aValentiniano
2658 2122 3020 2195 postulatum
3037 2120 3458 2191 concluditur);
3473 2115 3788 2175 nonneami-

2194 2228 2287 2266 mo
2313 2212 2431 2267 haec
2454 2217 2557 2266 aut
2579 2211 2862 2267 histrione
2894 2211 3093 2283 potius
3112 2227 3293 2282 quam
3317 2210 3388 2265 ab
3415 2208 3669 2264 historico
3696 2221 3791 2277 pro-

2194 2302 2347 2357 fecta
2365 2305 2732 2372 putaremus,
2765 2317 2901 2356 cum
2933 2317 3027 2357 res
3057 2300 3323 2356 mediain
3340 2296 3793 2369 Urbeatqueinter

2194 2392 2489 2447 Romanos
2521 2393 2832 2463 ageretur?
2882 2391 2997 2446 Cur
3026 2390 3207 2461 igitur
3239 2390 3430 2460 magis
3461 2387 3689 2458 scriptor
3710 2386 3791 2439 Ac-

2195 2486 2391 2536 torum
2421 2484 2523 2535 aut
2554 2480 2756 2535 Petrus
2787 2478 2886 2534 ille
2916 2479 3228 2547 Diaconus,
3264 2494 3397 2533 cum
3445 2480 3672 2547 uterque
3704 2473 3794 2527 Ro-

2197 2587 2409 2626 manus
2439 2574 2613 2639 esset,
2650 2574 3080 2639 Damasumque
3111 2568 3318 2623 itidem
3344 2567 3654 2622 Romanum
3668 2566 3797 2635 puteo

2197 2663 2304 2726 ret,
2329 2675 2463 2715 eum
2507 2659 2564 2713 in
2622 2657 2795 2714 Urbis
2853 2662 3051 2713 centro
3105 2660 3162 2713 et
3220 2653 3512 2729 frequenti
3564 2651 3797 2709 concione

2200 2750 2533 2805 Romanum
2608 2747 2903 2803 Laurentii
2984 2763 3422 2802 comrnmorau
3486 2740 3798 2816 ineptissime

2200 2837 2419 2894 diceret
2448 2837 2476 2892 ‘I
2504 2837 2635 2892 Haec
2667 2836 3044 2908 quincunque
3075 2835 3391 2891 conciliare
3409 2833 3623 2890 studeat
3652 2827 3798 2885 nihilo

2200 2926 2336 2998 plus
2367 2930 2501 2999 agat
2522 2942 2696 2996 quam
2730 2926 2781 2981 si
2811 2939 2873 2981 se
2899 2925 3099 2981 Romae
3132 2940 3393 2996 praesens
3415 2926 3569 2978 extra
3596 2921 3797 2976 Romam

2202 3021 2445 3089 quaerat.
2480 3016 2849 3071 Nostamene
2871 3012 3212 3070 diverticulo
3246 3013 3308 3069 in
3339 3012 3488 3068 viam
3516 3010 3795 3066 redeamus.

471 4801 482 4812 .
523 4730 603 4803 (α)
635 4730 1358 4812 Et_habitavit_(1{ib'erius)
1400 4734 1579 4812 cetra,
1604 4733 1903 4812 milliaria
1945 4735 2103 4812 tertio
2230 4809 2238 4812 _
2285 4734 2354 4807 (ο)
2390 4734 2641 4791 Sanctus
2673 4735 2794 4791 Ado
2828 4735 2887 4790 in
2919 4736 3047 4807 ejus
3091 4734 3414 4808 Martyrol.,
3471 4732 3539 4789 ad
3585 4728 3716 4784 diem
3759 4720 3807 4774 40

458 4800 1269 4878 ζητὶωῃθιενίολᾳαοάᾶὶσίιαν
1316 4800 1525 4878 Nostin.
1561 4805 1654 4859 via
1698 4804 1919 4860 Salaria
1950 4809 2103 4874 (Acta
2213 4800 2360 4878 Aug.

458 4874 703 4951 Damasi,
732 4891 828 4943 ap,
852 4874 1162 4951 Summam,
1195 4890 1326 4945 pag.
1360 4875 1473 4941 42)-
1548 4948 1557 4951 _
1627 4948 1667 4951 __
1737 4947 1771 4951 __

2288 4874 2367 4951 (ᾖ)
2394 4907 2601 4951 Annnt-
2632 4906 2733 4951 ms
2766 4906 2820 4951 in
2856 4905 3183 4951 Orationar-
3221 4904 3449 4951 animo-
3481 4903 3620 4951 inter
3656 4891 3810 4951 Prole-

528 4905 703 4999 ἕωδιν
732 4905 828 4943 “¹¹”
852 4905 1162 4944 °“’“"”""’
1197 4905 1326 4945 1"“5'
1360 4905 1473 4941 ""
1548 4948 1558 4957 .
2288 4906 2367 4976 (ἀ)
2390 4907 2601 4961 Annot.
2632 4906 2733 4960 105
2766 4906 2823 4961 in
2856 4905 3184 4961 Orationar.
3221 4905 3451 4961 Gothic.
3481 4905 3620 4955 inter
3656 4905 3810 4951 Pmle'

582 4950 875 5033 ναίαῗιξθω
905 4947 1199 5033 ⁷²⁰ἶ³λίῗ⁷ἷθθ
1220 4962 1254 5001 α
1282 4954 1587 5033 εωφέέθηθ
1616 4947 1826 5004 Nam“:
1856 4954 2104 5005 cwm‘te'
2216 4994 2469 5033 gomena
2495 4994 2658 5033 oner.
2680 4977 2935 5033 liturzic.
2959 4978 3253 5033 ven.card.
3278 4973 3572 5032 Thomasii
3606 4959 3811 5033 pag-233

528 4983 594 4999 ul
612 4983 667 5001 ul
692 4983 875 5001 ιιισννιιο
906 4983 1013 5001 (IIII.
1046 4983 1197 5018 υυηυο
1220 4983 1254 5001 ιι
1282 4983 1517 5002 ιυυιηυινι
1537 4983 1586 5003 συ
1616 4983 1821 5004 Λνυοιιαν
1856 4983 2076 5005 υωιηοισ

457 5018 607 5072 rium
634 5019 959 5074 Ostrianum
985 5017 1172 5085 (Ibid.,
1206 5034 1339 5089 pag.
1374 5018 1485 5086 45).

2216 4994 2469 5049 gomena
2495 4994 2658 5049 oper.
2681 4983 2935 5049 liturgic.
2959 4983 3253 5033 ven.card.
3278 4983 3572 5032 Thomasii
3605 4983 3701 5042 pag

530 5066 1548 5145 siaé'kéha'iésiéz;o’a‘ﬁsig’ad
1590 5090 1875 5147 ecclesiam
1927 5093 2109 5147 sancti
2289 5086 2361 5155 (θ)
2390 5084 2693 5140 Habentur
2722 5084 2877 5157 apud
2910 5084 3107 5156 ipsum
3156 5086 3336 5155 (Tom.
3389 5100 3463 5153 IV,
3508 5080 3573 5137 ad
3615 5066 3812 5132 diem”

458 5159 612 5216 Petri
640 5160 885 5231 expiavit
936 5161 1111 5215 locum
1140 5159 1311 5215 illum
1347 5163 1447 5231 qui
1491 5163 1666 5217 estad
1722 5164 1972 5219 dextram
2014 5165 2107 5219 in-
2219 5157 2400 5227 Aug-)-

456 5232 1816 5329 "aﬂﬂﬁusl’ﬂﬁiiff‘f"ﬁfﬁcfffe‘fffil’ffiu}?'
2234 5328 2237 5329 ν
2292 5258 2358 5329 (Ι)
2396 5257 2698 5329 [δυάδων
2745 5255 3340 5329 BJUSLBPOgraphum
3372 5273 3404 5311 α
3450 5254 3548 5309 ΡΡ.
3593 5238 3809 5304 Bolland-

529 5305 739 5397 Quibus
772 5320 1080 5397 periuri-ens
1125 5305 1791 5397 Pa‘masuaqvelneranldas
1841 5305 2081 5397 reliquid

2222 5305 2324 5397 (to'
2342 5305 2511 5397 Άιῖθῖζ
2526 5305 2688 5393 ᾗᾇᾷ
2712 5305 2951 5397 ηζἬῼῂ

457 5374 825 5451 (sanctorum
853 5375 1075 5451 .luliani
1094 5380 1150 5451 et
1171 5375 1428 5451 Ctesarii)
1448 5378 1522 5431 ad
1541 5378 1815 5451 palatium,
1836 5374 2006 5451 usque
2024 5381 2109 5435 de-

459 5404 825 5445 tuuuULUl'ou
853 5404 1075 5458 1’.UIIHUI
1094 5404 1150 5431 Ub
1171 5404 1428 5459 υωδςιϊιι)
1448 5404 1522 5431 αα
1541 5404 1818 5459 μαιαιίῑιῖη.
1836 5404 2006 5451 “usque
2024 5404 2109 5435 (16'
3001 5424 3011 5435 ο
3612 5414 3661 5470 b'
3706 5411 3715 5422 ⁸

459 5446 662 5519 ducem
692 5448 845 5519 inﬂa
867 5448 1159 5519 imperiale
1178 5447 1491 5502 cubiculum
1511 5450 1902 5505 venerabiliter
1922 5467 2112 5508 recon-
2227 5424 2649 5519 __(9),,If_‘_t_e§fa
2674 5423 3058 5519 liilientﬂiy}
3094 5424 3412 5519 Ρᾷῗξθὲῗῗξξ
3447 5420 3809 5519 Ιῗξδξξήιωιω,

464 5476 659 5502 “mna
692 5476 845 5516 Inll'u
867 5476 1158 5519 ιιιιμσηιιισ
1178 5476 1491 5502 υωυιιῑιιιιιυι
1514 5476 1667 5505 unum
1681 5476 1902 5505 uuuucr
1922 5476 2112 5508 recun-
2300 5476 2346 5496 \a
2364 5476 2379 5495 ι
2406 5476 2436 5506 ,-
2448 5476 2479 5478 ί*
2494 5476 2503 5477 ί
2520 5476 2597 5505 -ρί
2622 5476 2647 5478 νὴ
2675 5476 2707 5477 η
2723 5476 2748 5478 ’ν
2772 5476 2781 5478 ν
2804 5476 2819 5479 ν
2834 5476 2865 5478 -ν
2880 5476 2959 5480 -τ-
3000 5476 3058 5480 --
3094 5476 3114 5479 -
3141 5476 3157 5480 τ
3175 5476 3193 5480 ν
3208 5476 3293 5494 "0
3309 5476 3347 5477 η
3399 5476 3409 5504 ,
3740 5476 3795 5532 ω

464 5518 606 5574 didit
636 5518 817 5591 (Ibid.,
853 5535 987 5590 pag.
1019 5520 1135 5591 50),
2224 5511 2337 5591 op:
2382 5497 2637 5591 l‘tt‘qrgtc.
2695 5510 2827 5551 ven.
2884 5498 3063 5553 carda
3120 5494 3410 5552 Thomasii
3458 5490 3661 5564 (Amet.
3715 5484 3732 5535 ι
3796 5514 3809 5529 ο

628 5567 1888 5680 ’ἱιῖέιέἔτῖιῖἆξηῃέηεθρυδαιίθρςρρθϐωᾳατξε
1908 5609 2115 5680 hortos.
2225 5567 2514 5680 paﬁ"223)
2535 5664 2571 5680 ἢ
2819 5664 2833 5680 Α
2932 5664 2946 5679 ,
3243 5678 3282 5680 η
3319 5661 3331 5675 ,
3373 5679 3409 5680 η
3438 5660 3463 5680 ,Α
3505 5674 3558 5680 η
3616 5645 3749 5680 um.

1081 5656 1503 5733 (etiam:
1518 5656 1608 5723 iiii.
1629 5656 1889 5734 ἰξῖἆιῗὸξ
1910 5656 2115 5736 is);
2300 5664 2379 5737 (h)
2410 5663 2502 5721 Fr.
2535 5664 2745 5723 Bonav.
2803 5664 3027 5725 Ausina
3072 5680 3173 5724 seu
3232 5661 3333 5735 qui
3367 5660 3472 5721 sub
3500 5674 3562 5717 eo
3614 5656 3810 5713 nomine
