3984 6174
380 289 489 344 619

1223 279 1567 334 ΑΒΟΕΝΒΔ
1606 278 1702 329 AD
1740 269 2085 339 QUOSDAM
2120 264 2661 321 PMCEDENTES
2695 262 2952 318 TOMOS.

3691 258 3785 315 620

379 410 831 470 sanctissimum
866 406 1161 463 terrestris
1191 403 1540 476 jampridem
1564 402 1762 457 Romae
1784 396 2035 454 munici-
2064 395 2119 462 Α
2153 390 2335 447 britas
2392 388 2735 461 posterioris
2783 390 2980 443 autem
3028 383 3303 456 martyris
3355 382 3578 439 exuvias
3626 382 3791 455 ipsis,

382 517 538 573 pem,
561 503 693 571 post
723 494 1219 568 gloriosissimum
1268 493 1456 565 ipsius
1497 496 1791 546 certamen
1823 492 1879 542 et
1906 484 2031 557 pal—

384 607 565 658 mam,
597 590 748 643 inter
777 584 1029 641 caelestis
1052 585 1241 639 Romae
1268 580 1597 651 municipes
1616 577 1911 643 allectum,
1931 591 2027 645 pe-

382 680 669 750 rennique
714 677 893 731 beatae
928 674 1088 727 illius
1116 671 1279 728 Urbis
1327 668 1636 725 consulatu
1688 667 2030 720 decoratum

384 770 566 825 fuisse
592 784 605 823 :
632 765 1055 838 quasidiceret,
1082 760 1375 817 Laurentii
1412 757 1742 829 passionem
1771 755 1966 825 ipsum
1999 766 2029 806 e

383 855 696 929 temporali
737 855 807 908 ad
862 857 1143 907 aeternum
1176 848 1606 918 municipatum
1641 842 2027 899 transtulisse.

453 952 574 1001 Hoc
603 962 705 999 nos
729 959 800 998 ne
819 941 1059 997 omnino
1094 939 1424 993 divinantes
1460 934 1680 991 dixisse
1706 932 2027 997 videamur,

383 1033 811 1093 consideranda
830 1032 1085 1101 primum
1114 1034 1204 1082 est
1243 1026 1568 1097 proprietas
1593 1024 1748 1078 vocis
1778 1022 2031 1087 allectus,

382 1143 508 1198 quae
523 1141 591 1180 ex
604 1122 716 1178 alio
732 1121 802 1178 ad
822 1120 1005 1175 alium
1024 1117 1289 1172 ordinem
1312 1114 1628 1170 transitum
1645 1114 1941 1180 importat,
1966 1112 2033 1163 ut

382 1222 437 1272 et
450 1215 711 1269 inGraeco
726 1201 1547 1279 εθτωοιιθπροσκατειλεγμὲνος
1565 1202 1677 1274 ipsi
1694 1214 2031 1270 correspono

381 1306 527 1360 dens
549 1320 563 1369 ;
589 1308 715 1357 tum
750 1315 882 1355 vero
910 1295 1163 1351 maxime
1185 1294 1457 1365 apodosis
1488 1290 1698 1363 prioris
1721 1287 2025 1360 strephes:

598 1436 690 1484 Est
719 1433 843 1483 aula
881 1445 1007 1481 nam
1054 1428 1255 1491 duplex
1288 1425 1384 1476 tibi
1418 1433 1469 1483 (ο
1504 1424 1810 1483 Laurenti!)

603 1498 699 1546 Hic
724 1495 981 1558 corporis,
1008 1493 1203 1541 mentis
1230 1491 1373 1553 polo.

380 1622 747 1693 Quibus,nisi
765 1621 1140 1676 vehementer
1161 1633 1265 1688 ego
1290 1615 1476 1682 fallor,
1496 1611 1710 1685 duplex
1733 1608 2029 1665 Laurentii

379 1714 563 1771 nostri
579 1709 1205 1783 patria,geminumque
1221 1706 1406 1776 ipsius
1419 1702 1760 1771 municipale
1770 1701 1855 1768 ius
1870 1714 2031 1770 aper-

378 1774 611 1860 tissime
626 1774 1141 1855 contineturﬁunt
1162 1774 1317 1849 enim
1346 1794 1462 1848 fere
1488 1792 1558 1846 ad
1574 1791 1829 1845 litteram
1847 1805 1879 1841 a
1896 1788 2030 1842 Pru-
2062 1774 2108 1839 B

381 1892 579 1949 dentio
601 1908 670 1946 ex
692 1890 964 1945 Cicerone
991 1889 1285 1952 mutuata,
1311 1883 1408 1953 qui
1437 1883 1507 1935 de
1529 1882 1605 1934 M.
1635 1878 1837 1933 Porcio
1864 1879 2030 1933 Cato-

381 2000 453 2039 ne
473 1979 711 2037 Tusculi
735 1981 871 2033 nato
898 1976 1147 2045 loquens
1166 1974 1280 2045 (a):
1311 1975 1426 2041 Ego
1448 1969 1769 2025 mehercule
1789 1965 2027 2038 (inquit)

382 2081 433 2129 et
454 2070 551 2126 illi
571 2074 622 2125 et
641 2067 897 2124 omnibus
912 2062 1288 2133 municipibus
1300 2063 1439 2116 duas
1461 2076 1571 2115 esse
1592 2073 1781 2113 censeo
1790 2058 2027 2127 patrias,

386 2177 555 2217 unam
575 2162 816 2223 natura},
836 2157 1078 2209 alteram
1096 2152 1353 2207 civitatis.
1387 2152 1572 2215 Quam
1595 2145 1945 2203 sententiam
1980 2144 2030 2198 si

386 2266 516 2306 cum
541 2242 1048 2303 Prudentiiverbis
1073 2257 1086 2295 :
1110 2239 1360 2294 Allectus
1383 2237 2029 2305 Urbimuniceps,etcum

387 2338 504 2393 illis
537 2340 646 2391 :est
695 2333 835 2389 aula
873 2348 1005 2385 nam
1043 2328 1264 2401 duplex
1286 2327 1410 2396 tibi,
1445 2326 1706 2381 conferre
1731 2322 2028 2391 volumus,

388 2424 632 2481 miriﬁce
653 2423 864 2479 iisdem
891 2422 1332 2490 congruentem,
1358 2416 1475 2469 imo
1501 2414 1705 2470 eadem
1721 2429 1847 2468 esse
1870 2428 2027 2466 com-

385 2512 839 2588 periemus.Non
854 2508 998 2564 dixit
1015 2511 1209 2562 autem
1224 2504 1578 2560 Prudentius
1594 2501 1806 2573 duplex
1820 2499 2025 2570 patria,

382 2604 522 2675 quia
545 2599 923 2674 posteriorem
947 2612 1168 2663 vocem,
1208 2611 1275 2650 ea
1310 2592 1634 2664 prasertim
1667 2590 1824 2655 sede,
1858 2588 2028 2644 metri

376 2693 522 2750 ratio
554 2689 886 2762 respuebat,
909 2703 1011 2759 pro
1045 2702 1161 2757 qua
1185 2685 1369 2739 aulam
1395 2680 1725 2737 substituit.
1761 2679 1891 2734 Haec
1925 2695 2026 2733 au-

374 2787 493 2838 tem
516 2781 567 2837 si
588 2796 722 2835 vera
743 2792 873 2834 esse
903 2775 1201 2841 volumus,
1224 2777 1289 2827 ut
1313 2776 1464 2827 certe
1484 2767 1843 2826 verosimilia
1865 2772 2022 2835 sunt,

372 2872 659 2926 habemus
694 2865 1070 2923 Laurentium
1112 2880 1180 2918 ex
1222 2866 1414 2916 mente
1443 2858 1743 2915 Prudentii
1786 2857 2024 2912 munici-

368 2976 521 3031 pem,
554 2964 729 3029 atque
761 2957 903 3011 adeo
933 2952 1128 3023 patria
1160 2953 1462 3006 Romanum
1493 2966 1610 3003 non
1645 2946 1842 3002 fuisse.

446 3048 549 3104 His
593 3046 988 3117 coniecturam
1034 3040 1209 3096 aliam
1243 3056 1311 3095 ex
1345 3041 1691 3109 argumento
1723 3035 1858 3089 libri
1898 3034 2022 3107 περὶ

2144 486 2209 536 ut
2240 482 2382 550 puto
2445 478 2536 550 (c),
2591 476 2888 533 Prudentii
2939 473 3303 545 temporibus
3358 488 3389 527 e
3443 472 3649 541 Siscia,
3701 474 3795 544 qui

2141 570 2379 625 Oroatia:
2403 584 2587 639 pagus
2616 570 2704 622 cst
2721 566 2816 637 (rt),
2842 570 3089 620 Romam
3110 561 3790 633 translatae,conjiciendi

2142 658 2551 713 occasionnem
2583 656 2859 727 praebent.
2892 653 3033 708 Cum
3068 668 3202 724 ergo
3235 668 3419 707 unum
3467 650 3615 705 illud
3661 668 3798 723 poe-

2142 765 2258 815 ma,
2291 747 2445 818 quod
2477 744 2769 800 Laurentii
2812 743 3147 815 passionem
3188 741 3469 809 continet,
3510 757 3632 812 pra
3661 740 3791 796 aliis

2141 840 2428 908 quotquot
2455 836 2513 889 in
2546 851 2611 890 eo
2644 833 2790 888 libro
2824 837 2984 901 sunt,
3017 832 3375 886 Prudentius
3418 830 3474 885 in
3506 830 3801 900 Hispania

2141 926 2424 998 scriptum
2478 922 2946 979 luculentissima
3003 926 3273 987 testetur,
3310 924 3373 975 ut
3404 919 3531 975 loca
3566 936 3699 975 non
3732 920 3804 977 ita

2142 1016 2368 1086 pridem
2402 1031 2469 1070 ex
2499 1028 2566 1068 eo
2598 1012 2852 1067 adducta
2880 1010 3179 1066 declarant
3213 1026 3225 1064 :
3260 1026 3366 1065 cur
3396 1026 3507 1064 non
3554 1014 3615 1064 et
3666 1008 3801 1065 hinc

2141 1104 2466 1170 eliciamus,
2492 1100 2892 1168 Laurentium,
2930 1117 3046 1155 non
3079 1116 3249 1154 secus
3281 1103 3457 1169 atque
3490 1098 3595 1153 alii
3639 1115 3801 1153 mar-

2140 1198 2293 1265 tyres
2326 1208 2578 1263 quorum
2609 1190 2914 1263 passiones
2948 1189 2998 1245 is
3030 1193 3233 1244 auctor
3263 1187 3321 1242 in
3352 1186 3541 1259 patria
3562 1186 3814 1254 cecinit,

2140 1282 2424 1355 Hispania
2457 1282 2514 1335 in
2550 1280 2743 1335 media
2774 1283 2975 1334 natum
3008 1278 3232 1334 fuisse?

2210 1372 2340 1426 Haec
2372 1388 2510 1426 sane
2540 1370 2589 1425 si
2622 1370 2693 1425 ab
2727 1367 3077 1424 adversariis
3115 1385 3184 1422 ex
3212 1366 3517 1423 Prudentii
3551 1366 3807 1438 hymno,

2140 1466 2241 1516 aut
2272 1460 2509 1515 aliunde
2541 1476 2643 1530 pro
2670 1475 2874 1513 eorum
2907 1457 3182 1528 opinione
3212 1455 3409 1511 elicita
3441 1455 3617 1511 nobis
3653 1457 3804 1527 obji-

2140 1555 2429 1617 cerentur,
2474 1550 2561 1604 uti
2614 1546 2849 1619 singula
2897 1547 3076 1618 (quod
3128 1545 3380 1617 ingenue
3428 1544 3643 1618 fateor)
3695 1563 3807 1602 non

2139 1640 2335 1711 magni
2367 1640 2635 1709 facerem,
2669 1637 2749 1692 ita
2800 1636 2860 1691 in
2906 1636 3175 1691 eumdem
3227 1650 3469 1707 scopum
3523 1635 3717 1705 quasi
3747 1652 3809 1693 ex

2140 1729 2406 1784 condicto
2439 1727 2657 1783 directa
2691 1743 2805 1782 non
2839 1742 3083 1797 prorsus
3114 1723 3491 1795 despicienda
3510 1724 3801 1781 ducerem

2140 1818 2448 1883 universa;
2497 1816 2799 1872 rarissime
2849 1816 3001 1870 enim
3051 1814 3455 1869 hcxachorden
3506 1813 3807 1871 citharam

2139 1909 2208 1961 ad
2243 1905 2559 1961 harmoniae
2586 1904 2743 1976 leges
2776 1905 3013 1959 fortuito
3056 1903 3430 1972 attemperari
3482 1904 3807 1976 contingit.

2140 1996 2255 2053 Nos
2290 2001 2513 2063 tamen,
2557 1993 2995 2066 qualiacunque
3047 1993 3286 2048 tandem
3318 2008 3382 2046 ea
3426 1990 3569 2061 sint,
3614 1994 3806 2065 mquis

2140 2084 2455 2139 lectoribus
2513 2082 2909 2154 dijudicanda,
2978 2097 3232 2151 cumque
3308 2081 3802 2137 adversariorum

2140 2173 2496 2243 conjecturis
2528 2189 2595 2227 ex
2616 2172 2819 2227 eodem
2844 2171 3060 2243 hymno
3080 2169 3410 2241 desumptis
3434 2171 3804 2227 conferenda

2139 2262 2544 2334 proponimus;
2578 2262 2817 2316 minime
2840 2262 3216 2331 desperantes
3247 2264 3471 2326 tamen,
3495 2260 3678 2317 exiis
3716 2279 3807 2318 so-

2137 2350 2261 2405 lum
2294 2367 2419 2421 quae
2452 2350 2738 2405 hactenus
2767 2349 3018 2404 adducta
3048 2352 3189 2403 sunt
3220 2347 3446 2419 partius
3479 2348 3552 2404 de
3587 2354 3805 2405 caetero

2140 2438 2416 2511 Hispanis
2438 2437 2857 2509 objiciendum,
2883 2438 3036 2508 quod
3064 2454 3096 2493 a
3115 2437 3427 2493 Prudentio
3460 2453 3571 2493 suo
3600 2438 3667 2493 in
3700 2438 3807 2495 hac

2141 2527 2536 2584 controversia
2562 2528 2927 2583 deserantur.

2787 2615 3023 2672 CAPUT
3062 2615 3130 2671 V.

2134 2708 2471 2779 Argumenta
2518 2706 2966 2779 adversariorum
3012 2705 3699 2779 ordineqexaminantur,
3750 2711 3805 2765 in

2205 2777 2423 2850 primis,
2450 2794 2571 2833 vero
2606 2778 3083 2850 Blancbinianum
3111 2794 3181 2832 ea:
3211 2777 3566 2834 Orationario
3596 2777 3806 2837 Codice

2205 2848 2584 2921 antiquissimi
2615 2853 2755 2904 ritus
2784 2848 2995 2904 Gothici
3024 2850 3391 2920 desumptum.

2205 2940 2460 2994 Primum
2486 2939 2749 2993 omnium
2779 2939 2835 2991 in
2874 2955 2980 2993 nos
3020 2937 3377 2993 Blancbinus
3403 2944 3573 3010 urget
3620 2939 3806 2996 libel-

2134 3029 2254 3083 lum
2280 3027 2611 3082 orationum
2637 3028 3037 3098 antiquissimi
3061 3028 3211 3082 ritus
3257 3027 3484 3084 Gothici
3516 3045 3587 3084 ex
3616 3030 3799 3085 Vero-

378 3137 663 3213 Στεφάνων
693 3115 1235 3204 desumptam,licet
1264 3133 1425 3183 extra
1448 3125 2021 3195 ordinem,adjunge-
2054 3146 2096 3215 Ο
2135 3115 2624 3218 pensis‘Eo‘clesia
2650 3116 3122 3218 char'tophylacio
3156 3117 3227 3172 ab
3265 3120 3392 3188 ipso
3434 3123 3707 3187 erutum,
3744 3125 3804 3175 et

378 3244 437 3283 re
460 3211 701 3299 placuit.
736 3224 879 3277 Cum
918 3219 1074 3275 enim
1104 3232 1457 3289 praecipuam
1486 3216 1615 3285 ejus
1638 3211 1771 3267 libri
1795 3216 2022 3283 partem

375 3314 622 3388 Hispani
646 3315 931 3383 martyres
954 3307 1063 3377 (vel
1089 3306 1138 3361 si
1170 3305 1540 3361 Laurentium
1575 3305 1645 3358 de
1674 3318 1788 3373 quo
1831 3301 1905 3355 lis
1938 3305 2026 3355 est

374 3407 599 3461 interea
630 3398 1030 3471 seponamus),
1093 3394 1459 3450 liemelerius
1519 3397 1575 3447 et
1623 3390 2023 3455 Cbelidonius,

374 3490 718 3548 Vincentius
746 3486 939 3553 levita,
963 3483 1281 3539 octodecim
1304 3481 1835 3550 Cesaraugustani,
1852 3479 2024 3533 Eula-

377 3584 453 3637 lia
484 3575 885 3639 Emeritensis,
933 3575 1289 3628 Fructuosus
1320 3568 1793 3633 Tarraconensis,
1823 3569 1940 3623 imo
1971 3572 2028 3623 et

378 3668 703 3740 Cyprianus
745 3665 943 3733 (quem
986 3661 1122 3715 licet
1152 3661 1377 3724 Afrum,
1423 3674 1607 3711 amore
1635 3662 1824 3711 tamen
1859 3666 1908 3711 et
1935 3673 2027 3711 ore

384 3756 705 3824 Hispanum
730 3746 1478 3819 Prudentius(b)vocat)sibi
1498 3746 1827 3800 vindicent:
1847 3744 2029 3815 liquet

386 3840 611 3914 passim
643 3854 712 3892 ex
750 3837 1013 3907 ipsorum
1033 3834 1266 3907 hymnis
1287 3850 1385 3889 eos
1424 3834 1493 3888 ab
1517 3838 1752 3888 auctore
1769 3834 1823 3887 in
1845 3834 2034 3904 patria

383 3928 743 3999 conscriptos
769 3926 982 3992 fuisse;
1009 3924 1343 3979 econtrario
1373 3938 1531 3987 vero,
1559 3939 1686 3992 quae
1710 3921 1933 3993 reliqua
1966 3923 2027 3977 in

384 4034 449 4073 eo
472 4017 617 4071 libre
640 4019 780 4071 sunt
812 4017 1135 4084 martyrum
1172 4028 1284 4064 non
1308 4010 1701 4080 Hispanorum
1738 4015 2023 4079 poemata.

381 4104 734 4163 Prudentius
752 4103 877 4175 ipse
889 4106 1049 4156 extra
1064 4100 1456 4172 patriam,imo
1474 4104 1529 4153 et
1546 4116 1646 4169 per
1662 4098 2025 4154 occasionem

383 4194 707 4267 composita
750 4192 935 4246 fuisse
983 4194 1268 4255 testatur;
1316 4188 1466 4242 Petri
1510 4188 1745 4258 quidem
1780 4194 1835 4242 et
1863 4188 2026 4242 Pauli

378 4284 776 4355 apostolorum
808 4286 1027 4346 Romae,
1060 4278 1200 4332 item
1228 4275 1566 4348 Hippolyti;
1599 4276 1861 4331 Cassiani
1894 4292 2026 4331 vero

374 4367 966 4435 Foro-Cornelii,cum
993 4382 1129 4419 casu
1158 4366 1287 4434 ejus
1310 4363 1602 4434 passionis
1623 4363 1935 4419 historiam
1957 4365 2026 4419 ab

377 4461 585 4514 zedituo
619 4457 1019 4511 inaudivisset.
1060 4455 1140 4509 De.
1177 4454 1421 4525 Agnetis
1462 4459 1656 4508 autem
1690 4461 1745 4508 et
1775 4455 2023 4520 Quirini,

377 4549 477 4618 qui
500 4548 614 4601 duo
639 4548 977 4616 supersunt,
1016 4542 1271 4614 hymnis,
1294 4541 1516 4596 incerta
1545 4558 1638 4596 res
1670 4548 1788 4609 est;
1826 4543 2019 4597 Romae
2053 4520 2101 4582 D

386 4652 557 4692 amen
598 4632 961 4703 conscriptos
996 4632 1180 4687 fuisse
1202 4630 1412 4701 prioris
1443 4631 1501 4684 in
1522 4630 1673 4686 Urbe
1699 4632 1828 4686 festi
1878 4633 2021 4691 cele-

468 4762 522 4832 a)
556 4761 678 4832 Lib.
716 4776 754 4812 11
789 4759 859 4813 de
888 4756 1089 4832 Legib.
1113 4757 1232 4832 sub
1250 4755 1394 4832 init.

468 4762 522 4832 a)
556 4762 678 4815 Lib.
716 4776 754 4812 11
789 4762 859 4813 de
888 4762 1089 4827 Legib.
1124 4762 1232 4811 sub
1266 4762 1394 4810 init.

446 4762 525 4904 Eb)
558 4835 619 4887 In
656 4831 873 4902 hymno
906 4830 975 4883 de
1003 4829 1060 4882 S.
1096 4827 1399 4899 Cypriano,
1435 4841 1583 4879 vers.
1621 4828 1741 4880 111.

779 4945 870 4993 Est
899 4942 1149 5006 proprius
1188 4942 1369 5003 patrias
1398 4943 1615 5001 martyr.

781 5006 883 5055 Sed
912 5013 1090 5054 amore
1122 5009 1174 5053 et
1203 5018 1294 5052 ore
1325 5008 1524 5053 noster.

447 5118 519 5188 (ο)
550 5116 683 5169 Vid.
717 5114 926 5168 Baron.
962 5111 1020 5164 in
1053 5110 1185 5164 Not.
1220 5110 1289 5163 ad
1324 5109 1621 5180 Martyrol.
1648 5109 1739 5164 die
1773 5110 2016 5179 ivlunii,

375 5189 461 5244 lit.
498 5189 558 5243 Β.

443 5260 519 5385 (d)
552 5258 653 5340 His
685 5255 1049 5337 temporibus
1080 5252 1261 5319 Sisseg
1284 5251 1575 5321 indigenis
1597 5253 1923 5323 appellatus
1945 5255 2017 5309 ad

443 5363 444 5376 ι
474 5348 601 5385 ams
632 5333 689 5384 et
720 5329 851 5382 Sav1
884 5326 1265 5380 conﬂuentes.
1302 5324 1621 5377 BAUDRAND.

368 5324 601 5401 Colapis
632 5333 689 5384 et
720 5324 851 5401 Savi
884 5326 1265 5401 confluentes.
1302 5324 1621 5377 BAUDRAND.

441 5400 675 5475 (c)’Pag.
711 5402 736 5454 1
772 5400 841 5453 ad
879 5400 1000 5451 136.
1089 5468 1105 5475 Γ

437 5470 502 5545 (Ι)
537 5470 750 5527 Anhot.
779 5488 890 5533 CVI,
914 5484 1055 5545 pag,
1086 5470 1212 5519 292_

532 5537 1488 5618 Qpapqqgm-q‘mjyacqnepsis,an
1516 5537 1756 5591 alternis
1792 5558 1855 5591 rx
1886 5541 2018 5595 Ilis~

364 5609 856 5689 paniaeEcclcsiis,
886 5611 1125 5665 libellus
1146 5609 1197 5689 is
1237 5610 1432 5679 fuerit,
1457 5618 1657 5689 nostra
1687 5612 1831 5663 nihil
1867 5614 2015 5666 rel'e-

368 5682 459 5744 rat
487 5688 881 5751 :monendum
912 5690 1106 5739 tamen
1145 5682 1416 5736 lectorem
1453 5682 1730 5735 duximus
1755 5699 1874 5737 rem
1900 5701 2015 5739 non

372 5776 501 5817 esse
526 5774 715 5831 usque
737 5758 881 5817 adeo
904 5755 1283 5829 exploratam.
1298 5758 1446 5811 Sane
1468 5752 1593 5809 loca
1606 5753 1823 5824 quibus
1840 5755 2013 5812 Blan-

2134 3207 2285 3261 inter
2313 3204 2730 3276 Prolegomena
2763 3204 3167 3277 liturgicorum
3200 3222 3441 3275 operum
3470 3223 3601 3262 ven.
3666 3225 3798 3264 car-

2134 3293 2348 3351 dinalis
2378 3293 2621 3364 Josephi
2656 3294 2840 3349 Maria
2881 3294 3179 3349 'l‘homasii
3228 3294 3505 3351 Romanae
3574 3298 3799 3354 editio-

2135 3384 2264 3439 onis
2330 3400 2467 3437 ann.
2547 3383 2680 3436 1741
2730 3382 2977 3438 relatum
3026 3384 3122 3455 (e).
3170 3383 3223 3438 Is
3272 3389 3467 3440 autem
3528 3386 3797 3457 libellus,

2136 3496 2311 3552 quem
2350 3478 2419 3532 ad
2464 3478 3013 3547 =Tarraconensem,
3086 3479 3454 3550 cognominis
3502 3481 3564 3535 in
3632 3482 3797 3539 Cite-

2136 3571 2286 3624 riore
2336 3569 2618 3640 Hispania
2674 3569 3001 3641 provinciae,
3052 3569 3370 3626 Ecclesiam
3430 3570 3571 3625 olim
3604 3574 3793 3643 partio

2136 3660 2336 3714 nuisse
2367 3659 2684 3725 contendit,
2739 3659 3185 3729 resceptissimze
3234 3660 3304 3713 de
3355 3659 3657 3715 Laurentii
3690 3679 3796 3734 pa-

2135 3748 2247 3801 tria
2278 3746 2576 3801 sententiae
2634 3746 2879 3801 mirifice
2920 3747 3210 3802 contraire
3262 3748 3332 3802 ab
3381 3748 3511 3819 ipso
3544 3749 3790 3807 dicitur.

2135 3836 2405 3891 Sistimus
2434 3836 2736 3890 Blancbini
2769 3836 3023 3907 verba(/)
3062 3854 3075 3893 :
3108 3861 3135 3887 ‹‹
3170 3839 3383 3908 Atipse
3405 3837 3645 3894 libellus
3667 3840 3785 3895 vul-

2136 3925 2260 3995 gari
2293 3926 2702 3996 (Hispanorum)
2734 3924 2992 3995 opinioni
3029 3926 3378 3981 mirabiliter
3421 3927 3786 3983 adversatur.

2138 4015 2281 4072 Nam
2308 4015 2487 4069 sancti
2514 4014 2799 4068 Laurentii
2836 4015 3049 4069 festum
3074 4015 3249 4082 diem,
3292 4032 3576 4088 magnum
3614 4024 3788 4089 atque

2137 4102 2456 4157 solemnem
2507 4102 2846 4172 casterisque
2891 4108 3021 4172 post
3073 4103 3426 4174 apostolicos
3476 4105 3783 4171 gloriosio-

2138 4208 2281 4257 rem,
2315 4191 2503 4245 tribus
2535 4196 2765 4245 tantum
2816 4190 3179 4247 orationibus
3210 4196 3267 4247 et
3298 4192 3685 4261 completoria
3716 4194 3783 4248 ad

2138 4281 2494 4335 matitunum
2528 4279 2891 4335 concelebrat
2923 4297 2936 4335 :
2966 4284 3237 4351 quamvis
3269 4282 3424 4336 idem
3450 4281 3685 4337 libellus
3710 4280 3787 4336 of-

2140 4368 2269 4422 ﬁcia
2291 4367 2538 4423 aliorum
2565 4372 2901 4423 sanctorum
2940 4368 3036 4438 qui
3064 4384 3195 4422 vere
3230 4368 3472 4439 Hispani
3512 4372 3649 4423 sunt
3681 4385 3782 4423 nu-

2140 4458 2382 4511 merosis
2405 4456 2767 4511 orationibus
2797 4462 3053 4521 exornet,
3079 4462 3141 4510 ut
3164 4457 3358 4512 videre
3378 4456 3513 4512 licet
3545 4457 3601 4511 in
3630 4458 3782 4512 Indi-

2132 4563 2196 4601 ce
2216 4544 2495 4616 generali,
2520 4546 2618 4616 qui
2645 4546 2833 4600 eidem
2856 4544 3051 4600 libello
3074 4545 3344 4601 Ecclesiae
3388 4548 3779 4602 Tarraconen-

2131 4634 2212 4688 sis
2245 4634 2335 4704 (g),
2370 4633 2479 4687 fuit
2538 4649 2771 4688 summo
2831 4635 3026 4688 studio
3086 4650 3345 4706 curaque
3377 4652 3409 4689 α
3441 4635 3611 4690 nobis
3644 4652 3775 4707 prse-

2131 4759 2341 4813 chinus
2384 4759 2591 4813 conﬁci
2641 4758 3131 4831 aegidemonstrari
3164 4764 3333 4831 putat
3373 4761 3607 4831 (Annot.
3645 4776 3773 4831 xxii,

2131 4847 2262 4901 pag.
2298 4832 2397 4885 167
2431 4831 2579 4901 seq.)
2612 4830 2681 4883 ad
2714 4830 3212 4887 Tarraconensem
3240 4831 3557 4887 Ecclesiam
3601 4830 3775 4902 perti-

2132 4903 2352 4967 nuisse,
2413 4903 2779 4957 subobscura
2811 4908 2982 4967 sunt;
3018 4908 3076 4957 et
3125 4904 3273 4959 alias
3307 4904 3367 4958 in
3404 4903 3773 4957 Orationibus

2130 4975 2201 5027 de
2230 4979 2285 5029 S.
2320 4974 2878 5054 Vincenti‘martny‘re
2911 4975 3119 5054 patria,
3152 4981 3556 5054 utputamus,
3581 4974 3771 5054 passa-

2130 5053 2491 5117 raugustano
2550 5044 2703 5117 (Pag.
2761 5044 2852 5117 60,
2914 5044 2972 5097 in
3037 5046 3137 5100 ﬁn.
3191 5052 3247 5101 et
3291 5046 3405 5116 61),
3438 5052 3528 5117 est
3565 5045 3633 5099 de
3662 5058 3770 5113 quo

2128 5113 2494 5171 vehementer
2553 5113 2807 5169 dubitari
2866 5117 3083 5184 possit,
3159 5134 3300 5172 num
3366 5113 3420 5171 is
3480 5116 3614 5171 olim
3672 5119 3767 5168 Co-

2129 5188 2238 5241 dex
2314 5189 2384 5241 ad
2461 5187 3047 5259 Caesaraugustanam
3101 5189 3416 5243 Ecclesium
3484 5188 3767 5259 pertinue~

2128 5259 2203 5312 rit
2236 5276 2248 5313 :
2281 5275 2411 5313 nam
2438 5259 2495 5310 in
2528 5273 2593 5311 ea
2619 5273 2752 5330 quae
2777 5257 3019 5328 incipit:
3045 5258 3403 5330 Omnipotens
3433 5257 3612 5323 Pater,
3635 5262 3764 5315 etc.,

2130 5330 2342 5399 legitur
2402 5331 2681 5391 :Prwsta,
2736 5329 2983 5395 Domine,
3040 5329 3298 5401 placatus
3356 5336 3415 5385 ut
3469 5331 3769 5385 interventu

2125 5404 2314 5455 sedulo
2348 5402 2573 5473 hisdem
2606 5400 2735 5469 (sic)
2771 5418 2944 5470 nunc,
2976 5401 3045 5456 de
3077 5404 3290 5473 quibus
3344 5403 3473 5473 ipse
3523 5404 3767 5473 (Viman

2128 5474 2259 5540 lius)
2328 5472 2544 5526 electus
2630 5476 2720 5524 est
2781 5469 3109 5540 membris,—
3162 5469 3420 5529 adhibeat
3477 5469 3765 5542 [παρίημιιί

2123 5546 2463 5614 potentiam,
2512 5542 2837 5615 ihumililali
2892 5545 3170 5612 gloriam,
3226 5552 3339 5601 etc.
3402 5540 3763 5615 Itemipaulo

2127 5616 2373 5669 interius
2406 5616 2462 5668 in
2499 5614 2771 5669 Oratione
2806 5633 2931 5685 qua:
2961 5616 3168 5683 incipit
3202 5633 3214 5671 :
3252 5614 3607 5687 Omnipotens
3630 5615 3767 5667 Deus

2126 5688 2246 5774 qui.
2278 5698 2643 5774 mqn‘yreni‘,”
2677 5691 2798 5774 etc.‘
2842 5692 3011 5774 (Pagi:
3071 5690 3231 5774 61),"
3261 5688 3480 5744 mentio
3542 5687 3768 5741 videtur

2126 5756 2251 5816 ﬁeri
2285 5757 2530 5817 celebris
2560 5756 2720 5813 illius
2752 5758 2911 5815 stola
2942 5756 3234 5819 Vincentii
3263 5777 3470 5821 cruore
3498 5770 3763 5833 aspersa.
