  <div class='ocr_page' id='page_1' title='image "/cluster/home/n/w/nwhite01/storage/ocr_20150623/74/hvd.32044054758792/320.png"; bbox 0 0 3984 6174; ppageno 0'>
   <div class='ocr_carea' id='block_1_1' title="bbox 204 351 308 406">
    <p class='ocr_par' dir='ltr' id='par_1_1' title="bbox 204 351 308 406">
     <span class='ocr_line' id='line_1_1' title="bbox 204 351 308 406; baseline 0.01 -1"><span class='ocrx_word' id='word_1_1' title='bbox 204 351 308 406; x_wconf 82' lang='grc'>629</span> 
     </span>
    </p>
   </div>
   <div class='ocr_carea' id='block_1_2' title="bbox 1148 346 2691 415">
    <p class='ocr_par' dir='ltr' id='par_1_2' title="bbox 1148 346 2691 415">
     <span class='ocr_line' id='line_1_2' title="bbox 1148 346 2691 415; baseline 0.006 -14"><span class='ocrx_word' id='word_1_2' title='bbox 1148 350 1626 405; x_wconf 81' lang='lat' dir='ltr'>DISSERTATIO</span> <span class='ocrx_word' id='word_1_3' title='bbox 1660 350 1756 403; x_wconf 82' lang='lat' dir='ltr'>DE</span> <span class='ocrx_word' id='word_1_4' title='bbox 1796 346 2092 404; x_wconf 78' lang='lat' dir='ltr'>DAMASO</span> <span class='ocrx_word' id='word_1_5' title='bbox 2128 353 2225 406; x_wconf 84' lang='lat' dir='ltr'>ET</span> <span class='ocrx_word' id='word_1_6' title='bbox 2260 354 2691 415; x_wconf 78' lang='lat' dir='ltr'>LAURENTIO.</span> 
     </span>
    </p>
   </div>
   <div class='ocr_carea' id='block_1_3' title="bbox 3515 356 3620 414">
    <p class='ocr_par' dir='ltr' id='par_1_3' title="bbox 3515 356 3620 414">
     <span class='ocr_line' id='line_1_3' title="bbox 3515 356 3620 414; baseline 0 -1"><span class='ocrx_word' id='word_1_7' title='bbox 3515 356 3620 414; x_wconf 89' lang='lat'>630</span> 
     </span>
    </p>
   </div>
   <div class='ocr_carea' id='block_1_4' title="bbox 193 466 3617 549">
    <p class='ocr_par' dir='ltr' id='par_1_4' title="bbox 193 466 3617 549">
     <span class='ocr_line' id='line_1_4' title="bbox 193 466 3617 549; baseline -0.001 -6"><span class='ocrx_word' id='word_1_8' title='bbox 193 475 847 549; x_wconf 69' lang='lat' dir='ltr'>fuisse,qu0damm0d0</span> <span class='ocrx_word' id='word_1_9' title='bbox 876 474 1303 546; x_wconf 78' lang='lat' dir='ltr'>importunum.</span> <span class='ocrx_word' id='word_1_10' title='bbox 1339 475 1546 531; x_wconf 63' lang='lat' dir='ltr'>saltem</span> <span class='ocrx_word' id='word_1_11' title='bbox 1576 466 1858 530; x_wconf 72' lang='lat' dir='ltr'>Romanis</span> <span class='ocrx_word' id='word_1_12' title='bbox 1888 472 1937 538; x_wconf 85' lang='lat' dir='ltr'><strong>A</strong></span> <span class='ocrx_word' id='word_1_13' title='bbox 2044 480 2271 537; x_wconf 84' lang='lat' dir='ltr'>Primus</span> <span class='ocrx_word' id='word_1_14' title='bbox 2307 483 2571 540; x_wconf 89' lang='lat' dir='ltr'>omnium</span> <span class='ocrx_word' id='word_1_15' title='bbox 2604 484 2823 540; x_wconf 77' lang='lat' dir='ltr'>sanctis</span> <span class='ocrx_word' id='word_1_16' title='bbox 2842 485 3171 540; x_wconf 87' lang='lat' dir='ltr'>Hemeterio</span> <span class='ocrx_word' id='word_1_17' title='bbox 3194 487 3249 541; x_wconf 89' lang='lat' dir='ltr'>et</span> <span class='ocrx_word' id='word_1_18' title='bbox 3275 484 3617 542; x_wconf 90' lang='lat' dir='ltr'>Chelidonio</span> 
     </span>
    </p>
   </div>
   <div class='ocr_carea' id='block_1_5' title="bbox 195 562 1852 636">
    <p class='ocr_par' dir='ltr' id='par_1_5' title="bbox 195 562 1852 636">
     <span class='ocr_line' id='line_1_5' title="bbox 195 562 1852 636; baseline -0.003 -14"><span class='ocrx_word' id='word_1_19' title='bbox 195 567 444 622; x_wconf 90' lang='lat' dir='ltr'>minime</span> <span class='ocrx_word' id='word_1_20' title='bbox 470 565 796 636; x_wconf 85' lang='lat' dir='ltr'>proﬁcuum</span> <span class='ocrx_word' id='word_1_21' title='bbox 820 565 959 618; x_wconf 81' lang='lat' dir='ltr'>fore.</span> <span class='ocrx_word' id='word_1_22' title='bbox 986 566 1001 633; x_wconf 56' lang='grc' dir='ltr'>ἦ</span> <span class='ocrx_word' id='word_1_23' title='bbox 1017 564 1093 617; x_wconf 86' lang='lat' dir='ltr'><strong>Ex</strong></span> <span class='ocrx_word' id='word_1_24' title='bbox 1118 581 1228 619; x_wconf 90' lang='lat' dir='ltr'>usu</span> <span class='ocrx_word' id='word_1_25' title='bbox 1260 563 1595 619; x_wconf 79' lang='lat' dir='ltr'>scholarum</span> <span class='ocrx_word' id='word_1_26' title='bbox 1634 562 1852 618; x_wconf 84' lang='lat' dir='ltr'>dicere-</span> 
     </span>
    </p>
   </div>
   <div class='ocr_carea' id='block_1_6' title="bbox 195 653 1851 724">
    <p class='ocr_par' dir='ltr' id='par_1_6' title="bbox 195 653 1851 724">
     <span class='ocr_line' id='line_1_6' title="bbox 195 653 1851 724; baseline -0.004 -13"><span class='ocrx_word' id='word_1_27' title='bbox 195 673 351 720; x_wconf 92' lang='lat' dir='ltr'>mus,</span> <span class='ocrx_word' id='word_1_28' title='bbox 378 654 763 709; x_wconf 82' lang='lat' dir='ltr'>Prudentium</span> <span class='ocrx_word' id='word_1_29' title='bbox 798 654 953 723; x_wconf 90' lang='lat' dir='ltr'>quod</span> <span class='ocrx_word' id='word_1_30' title='bbox 981 654 1049 707; x_wconf 85' lang='lat' dir='ltr'>ad</span> <span class='ocrx_word' id='word_1_31' title='bbox 1078 653 1417 724; x_wconf 87' lang='lat' dir='ltr'>Hispaniam</span> <span class='ocrx_word' id='word_1_32' title='bbox 1442 654 1650 707; x_wconf 83' lang='lat' dir='ltr'>attinet</span> <span class='ocrx_word' id='word_1_33' title='bbox 1682 668 1851 719; x_wconf 83' lang='lat' dir='ltr'>nega-</span> 
     </span>
    </p>
   </div>
   <div class='ocr_carea' id='block_1_7' title="bbox 187 742 1855 816">
    <p class='ocr_par' dir='ltr' id='par_1_7' title="bbox 187 742 1855 816">
     <span class='ocr_line' id='line_1_7' title="bbox 187 742 1855 816; baseline -0.004 -15"><span class='ocrx_word' id='word_1_34' title='bbox 187 748 316 811; x_wconf 77' lang='lat' dir='ltr'>tive;</span> <span class='ocrx_word' id='word_1_35' title='bbox 352 746 511 816; x_wconf 83' lang='lat' dir='ltr'>quod</span> <span class='ocrx_word' id='word_1_36' title='bbox 548 745 616 799; x_wconf 86' lang='lat' dir='ltr'>ad</span> <span class='ocrx_word' id='word_1_37' title='bbox 651 743 862 798; x_wconf 88' lang='lat' dir='ltr'>Urbem</span> <span class='ocrx_word' id='word_1_38' title='bbox 897 759 1030 796; x_wconf 88' lang='lat' dir='ltr'>vero</span> <span class='ocrx_word' id='word_1_39' title='bbox 1083 748 1308 813; x_wconf 80' lang='lat' dir='ltr'>spectat</span> <span class='ocrx_word' id='word_1_40' title='bbox 1365 742 1653 798; x_wconf 70' lang='lat' dir='ltr'>exclusice</span> <span class='ocrx_word' id='word_1_41' title='bbox 1702 746 1855 795; x_wconf 87' lang='lat' dir='ltr'>Lau-</span> 
     </span>
    </p>
   </div>
   <div class='ocr_carea' id='block_1_8' title="bbox 186 832 1368 904">
    <p class='ocr_par' dir='ltr' id='par_1_8' title="bbox 186 832 1368 904">
     <span class='ocr_line' id='line_1_8' title="bbox 186 832 1368 904; baseline -0.005 -13"><span class='ocrx_word' id='word_1_42' title='bbox 186 835 360 891; x_wconf 90' lang='lat' dir='ltr'>rentii</span> <span class='ocrx_word' id='word_1_43' title='bbox 393 833 584 889; x_wconf 81' lang='lat' dir='ltr'>nostri</span> <span class='ocrx_word' id='word_1_44' title='bbox 610 832 861 904; x_wconf 88' lang='lat' dir='ltr'>patriam</span> <span class='ocrx_word' id='word_1_45' title='bbox 895 832 1368 902; x_wconf 65' lang='lat' dir='ltr'>prietermisisse.</span> 
     </span>
    </p>
   </div>
   <div class='ocr_carea' id='block_1_9' title="bbox 254 920 1851 980">
    <p class='ocr_par' dir='ltr' id='par_1_9' title="bbox 254 920 1851 980">
     <span class='ocr_line' id='line_1_9' title="bbox 254 920 1851 980; baseline -0.001 -2"><span class='ocrx_word' id='word_1_46' title='bbox 254 920 851 980; x_wconf 86' lang='lat' dir='ltr'>SecundaBlanchini</span> <span class='ocrx_word' id='word_1_47' title='bbox 879 920 1063 975; x_wconf 82' lang='lat' dir='ltr'>thesis</span> <span class='ocrx_word' id='word_1_48' title='bbox 1086 926 1196 976; x_wconf 87' lang='lat' dir='ltr'>est:</span> <span class='ocrx_word' id='word_1_49' title='bbox 1220 922 1450 977; x_wconf 79' lang='lat' dir='ltr'>minime</span> <span class='ocrx_word' id='word_1_50' title='bbox 1481 938 1514 976; x_wconf 87' lang='lat' dir='ltr'>a</span> <span class='ocrx_word' id='word_1_51' title='bbox 1551 920 1851 977; x_wconf 77' lang='lat' dir='ltr'>Prudentia</span> 
     </span>
    </p>
   </div>
   <div class='ocr_carea' id='block_1_10' title="bbox 184 1010 1852 1082">
    <p class='ocr_par' dir='ltr' id='par_1_10' title="bbox 184 1010 1852 1082">
     <span class='ocr_line' id='line_1_10' title="bbox 184 1010 1852 1082; baseline -0.002 -14"><span class='ocrx_word' id='word_1_52' title='bbox 184 1012 489 1069; x_wconf 80' lang='lat' dir='ltr'>Laurentii</span> <span class='ocrx_word' id='word_1_53' title='bbox 519 1012 797 1082; x_wconf 79' lang='lat' dir='ltr'>patriam,</span> <span class='ocrx_word' id='word_1_54' title='bbox 820 1011 871 1065; x_wconf 77' lang='lat' dir='ltr'>si</span> <span class='ocrx_word' id='word_1_55' title='bbox 893 1013 951 1065; x_wconf 81' lang='lat' dir='ltr'>in</span> <span class='ocrx_word' id='word_1_56' title='bbox 974 1012 1425 1081; x_wconf 78' lang='lat' dir='ltr'>Ilispanz&#39;anatus</span> <span class='ocrx_word' id='word_1_57' title='bbox 1466 1010 1659 1081; x_wconf 72' lang='lat' dir='ltr'>fuisse!</span> <span class='ocrx_word' id='word_1_58' title='bbox 1685 1010 1852 1065; x_wconf 77' lang='lat' dir='ltr'>levita</span> 
     </span>
    </p>
   </div>
   <div class='ocr_carea' id='block_1_11' title="bbox 182 1101 1848 1173">
    <p class='ocr_par' dir='ltr' id='par_1_11' title="bbox 182 1101 1848 1173">
     <span class='ocr_line' id='line_1_11' title="bbox 182 1101 1848 1173; baseline -0.003 -13"><span class='ocrx_word' id='word_1_59' title='bbox 182 1106 604 1173; x_wconf 69' lang='lat' dir='ltr'>sanctissimus,</span> <span class='ocrx_word' id='word_1_60' title='bbox 654 1101 878 1157; x_wconf 79' lang='lat' dir='ltr'>silentio</span> <span class='ocrx_word' id='word_1_61' title='bbox 905 1102 1386 1172; x_wconf 60' lang='lat' dir='ltr'>prmtereundam;</span> <span class='ocrx_word' id='word_1_62' title='bbox 1450 1102 1620 1172; x_wconf 87' lang='lat' dir='ltr'>cujus</span> <span class='ocrx_word' id='word_1_63' title='bbox 1653 1106 1848 1156; x_wconf 88' lang='lat' dir='ltr'>tamen</span> 
     </span>
    </p>
   </div>
   <div class='ocr_carea' id='block_1_12' title="bbox 184 1190 1847 1265">
    <p class='ocr_par' dir='ltr' id='par_1_12' title="bbox 184 1190 1847 1265">
     <span class='ocr_line' id='line_1_12' title="bbox 184 1190 1847 1265; baseline -0.002 -17"><span class='ocrx_word' id='word_1_64' title='bbox 184 1194 333 1249; x_wconf 80' lang='lat' dir='ltr'>ratio</span> <span class='ocrx_word' id='word_1_65' title='bbox 370 1193 516 1265; x_wconf 82' lang='lat' dir='ltr'>quia</span> <span class='ocrx_word' id='word_1_66' title='bbox 541 1191 599 1246; x_wconf 90' lang='lat' dir='ltr'>in</span> <span class='ocrx_word' id='word_1_67' title='bbox 624 1190 889 1261; x_wconf 85' lang='lat' dir='ltr'>sequenti</span> <span class='ocrx_word' id='word_1_68' title='bbox 927 1191 999 1245; x_wconf 91' lang='lat' dir='ltr'>ab</span> <span class='ocrx_word' id='word_1_69' title='bbox 1020 1192 1222 1246; x_wconf 89' lang='lat' dir='ltr'>eodem</span> <span class='ocrx_word' id='word_1_70' title='bbox 1246 1191 1847 1261; x_wconf 89' lang='lat' dir='ltr'>redditur,utriusque</span> 
     </span>
    </p>
   </div>
   <div class='ocr_carea' id='block_1_13' title="bbox 180 1280 1848 1350">
    <p class='ocr_par' dir='ltr' id='par_1_13' title="bbox 180 1280 1848 1350">
     <span class='ocr_line' id='line_1_13' title="bbox 180 1280 1848 1350; baseline -0.002 -13"><span class='ocrx_word' id='word_1_71' title='bbox 180 1282 509 1337; x_wconf 77' lang='lat' dir='ltr'>falsitatem</span> <span class='ocrx_word' id='word_1_72' title='bbox 533 1280 733 1336; x_wconf 90' lang='lat' dir='ltr'>eadem</span> <span class='ocrx_word' id='word_1_73' title='bbox 750 1295 923 1350; x_wconf 83' lang='lat' dir='ltr'>opera</span> <span class='ocrx_word' id='word_1_74' title='bbox 941 1280 1188 1335; x_wconf 83' lang='lat' dir='ltr'>inferius</span> <span class='ocrx_word' id='word_1_75' title='bbox 1213 1280 1848 1335; x_wconf 89' lang='lat' dir='ltr'>ostendemus.Interea</span> 
     </span>
    </p>
   </div>
   <div class='ocr_carea' id='block_1_14' title="bbox 182 1367 1845 1441">
    <p class='ocr_par' dir='ltr' id='par_1_14' title="bbox 182 1367 1845 1441">
     <span class='ocr_line' id='line_1_14' title="bbox 182 1367 1845 1441; baseline -0.002 -15"><span class='ocrx_word' id='word_1_76' title='bbox 182 1377 405 1436; x_wconf 90' lang='lat' dir='ltr'>tamen,</span> <span class='ocrx_word' id='word_1_77' title='bbox 443 1386 516 1426; x_wconf 88' lang='lat' dir='ltr'>ne</span> <span class='ocrx_word' id='word_1_78' title='bbox 567 1368 697 1440; x_wconf 85' lang='lat' dir='ltr'>plus</span> <span class='ocrx_word' id='word_1_79' title='bbox 732 1367 900 1422; x_wconf 91' lang='lat' dir='ltr'>illum</span> <span class='ocrx_word' id='word_1_80' title='bbox 951 1368 1102 1423; x_wconf 90' lang='lat' dir='ltr'>scire</span> <span class='ocrx_word' id='word_1_81' title='bbox 1134 1385 1312 1441; x_wconf 86' lang='lat' dir='ltr'>quam</span> <span class='ocrx_word' id='word_1_82' title='bbox 1370 1369 1521 1424; x_wconf 90' lang='lat' dir='ltr'>scire</span> <span class='ocrx_word' id='word_1_83' title='bbox 1579 1372 1845 1439; x_wconf 79' lang='lat' dir='ltr'>oporteat</span> 
     </span>
    </p>
   </div>
   <div class='ocr_carea' id='block_1_15' title="bbox 181 1458 1839 1529">
    <p class='ocr_par' dir='ltr' id='par_1_15' title="bbox 181 1458 1839 1529">
     <span class='ocr_line' id='line_1_15' title="bbox 181 1458 1839 1529; baseline -0.002 -14"><span class='ocrx_word' id='word_1_84' title='bbox 181 1467 407 1515; x_wconf 79' lang='lat' dir='ltr'>temere</span> <span class='ocrx_word' id='word_1_85' title='bbox 443 1474 800 1525; x_wconf 88' lang='lat' dir='ltr'>asseramus,</span> <span class='ocrx_word' id='word_1_86' title='bbox 834 1458 1131 1529; x_wconf 83' lang='lat' dir='ltr'>rogandus</span> <span class='ocrx_word' id='word_1_87' title='bbox 1164 1458 1522 1514; x_wconf 89' lang='lat' dir='ltr'>Blanchinus</span> <span class='ocrx_word' id='word_1_88' title='bbox 1555 1462 1662 1513; x_wconf 88' lang='lat' dir='ltr'>est:</span> <span class='ocrx_word' id='word_1_89' title='bbox 1699 1473 1839 1512; x_wconf 92' lang='lat' dir='ltr'>num</span> 
     </span>
    </p>
   </div>
   <div class='ocr_carea' id='block_1_16' title="bbox 183 1546 1843 1621">
    <p class='ocr_par' dir='ltr' id='par_1_16' title="bbox 183 1546 1843 1621">
     <span class='ocr_line' id='line_1_16' title="bbox 183 1546 1843 1621; baseline -0.002 -16"><span class='ocrx_word' id='word_1_90' title='bbox 183 1549 620 1621; x_wconf 66' lang='lat' dir='ltr'>.Egeriam,aut</span> <span class='ocrx_word' id='word_1_91' title='bbox 639 1546 923 1618; x_wconf 88' lang='lat' dir='ltr'>Sibyllina</span> <span class='ocrx_word' id='word_1_92' title='bbox 947 1546 1084 1601; x_wconf 87' lang='lat' dir='ltr'>folia</span> <span class='ocrx_word' id='word_1_93' title='bbox 1116 1548 1186 1601; x_wconf 90' lang='lat' dir='ltr'>de</span> <span class='ocrx_word' id='word_1_94' title='bbox 1208 1547 1315 1602; x_wconf 92' lang='lat' dir='ltr'>hac</span> <span class='ocrx_word' id='word_1_95' title='bbox 1347 1564 1406 1601; x_wconf 90' lang='lat' dir='ltr'>re</span> <span class='ocrx_word' id='word_1_96' title='bbox 1436 1546 1843 1602; x_wconf 84' lang='lat' dir='ltr'>consuluerit?</span> 
     </span>
    </p>
   </div>
   <div class='ocr_carea' id='block_1_17' title="bbox 178 1635 1840 1708">
    <p class='ocr_par' dir='ltr' id='par_1_17' title="bbox 178 1635 1840 1708">
     <span class='ocr_line' id='line_1_17' title="bbox 178 1635 1840 1708; baseline 0.001 -18"><span class='ocrx_word' id='word_1_97' title='bbox 178 1639 402 1694; x_wconf 88' lang='lat' dir='ltr'>Verum</span> <span class='ocrx_word' id='word_1_98' title='bbox 430 1637 478 1693; x_wconf 90' lang='lat' dir='ltr'>si</span> <span class='ocrx_word' id='word_1_99' title='bbox 496 1636 792 1708; x_wconf 90' lang='lat' dir='ltr'>ipsi,quod</span> <span class='ocrx_word' id='word_1_100' title='bbox 809 1635 1347 1691; x_wconf 88' lang='lat' dir='ltr'>Prudentiimorem</span> <span class='ocrx_word' id='word_1_101' title='bbox 1370 1638 1438 1691; x_wconf 91' lang='lat' dir='ltr'>de</span> <span class='ocrx_word' id='word_1_102' title='bbox 1458 1654 1571 1691; x_wconf 91' lang='lat' dir='ltr'>non</span> <span class='ocrx_word' id='word_1_103' title='bbox 1595 1637 1840 1691; x_wconf 86' lang='lat' dir='ltr'>tacendo</span> 
     </span>
    </p>
   </div>
   <div class='ocr_carea' id='block_1_18' title="bbox 179 1724 1840 1797">
    <p class='ocr_par' dir='ltr' id='par_1_18' title="bbox 179 1724 1840 1797">
     <span class='ocr_line' id='line_1_18' title="bbox 179 1724 1840 1797; baseline -0.001 -16"><span class='ocrx_word' id='word_1_104' title='bbox 179 1731 409 1795; x_wconf 85' lang='lat' dir='ltr'>nosset,</span> <span class='ocrx_word' id='word_1_105' title='bbox 463 1740 721 1781; x_wconf 84' lang='lat' dir='ltr'>asserere</span> <span class='ocrx_word' id='word_1_106' title='bbox 775 1724 942 1779; x_wconf 79' lang='lat' dir='ltr'>licuit</span> <span class='ocrx_word' id='word_1_107' title='bbox 999 1742 1112 1779; x_wconf 90' lang='lat' dir='ltr'>non</span> <span class='ocrx_word' id='word_1_108' title='bbox 1147 1726 1609 1797; x_wconf 64' lang='lat' dir='ltr'>praetereundam</span> <span class='ocrx_word' id='word_1_109' title='bbox 1670 1726 1740 1779; x_wconf 93' lang='lat' dir='ltr'>ab</span> <span class='ocrx_word' id='word_1_110' title='bbox 1772 1741 1840 1779; x_wconf 91' lang='lat' dir='ltr'>eo</span> 
     </span>
    </p>
   </div>
   <div class='ocr_carea' id='block_1_19' title="bbox 1963 572 3616 645">
    <p class='ocr_par' dir='ltr' id='par_1_19' title="bbox 1963 572 3616 645">
     <span class='ocr_line' id='line_1_19' title="bbox 1963 572 3616 645; baseline 0.004 -23"><span class='ocrx_word' id='word_1_111' title='bbox 1963 572 2317 641; x_wconf 78' lang='lat' dir='ltr'>martyribus</span> <span class='ocrx_word' id='word_1_112' title='bbox 2347 575 2709 641; x_wconf 89' lang='lat' dir='ltr'>inscribitur,</span> <span class='ocrx_word' id='word_1_113' title='bbox 2740 591 2885 645; x_wconf 89' lang='lat' dir='ltr'>quos</span> <span class='ocrx_word' id='word_1_114' title='bbox 2918 574 2975 627; x_wconf 91' lang='lat' dir='ltr'>in</span> <span class='ocrx_word' id='word_1_115' title='bbox 3000 574 3187 629; x_wconf 86' lang='lat' dir='ltr'>fronte</span> <span class='ocrx_word' id='word_1_116' title='bbox 3226 574 3616 645; x_wconf 79' lang='lat' dir='ltr'>Calagurrita—</span> 
     </span>
    </p>
   </div>
   <div class='ocr_carea' id='block_1_20' title="bbox 1959 661 3615 734">
    <p class='ocr_par' dir='ltr' id='par_1_20' title="bbox 1959 661 3615 734">
     <span class='ocr_line' id='line_1_20' title="bbox 1959 661 3615 734; baseline 0.005 -25"><span class='ocrx_word' id='word_1_117' title='bbox 1959 672 2056 711; x_wconf 84' lang='lat' dir='ltr'>nos</span> <span class='ocrx_word' id='word_1_118' title='bbox 2090 661 2434 717; x_wconf 86' lang='lat' dir='ltr'>Prudentius</span> <span class='ocrx_word' id='word_1_119' title='bbox 2464 671 2629 717; x_wconf 88' lang='lat' dir='ltr'>vocat</span> <span class='ocrx_word' id='word_1_120' title='bbox 2657 663 2753 733; x_wconf 74' lang='grc' dir='ltr'>(ὁ),</span> <span class='ocrx_word' id='word_1_121' title='bbox 2790 663 2997 734; x_wconf 90' lang='lat' dir='ltr'>bisque</span> <span class='ocrx_word' id='word_1_122' title='bbox 3036 662 3095 716; x_wconf 88' lang='lat' dir='ltr'>in</span> <span class='ocrx_word' id='word_1_123' title='bbox 3140 662 3356 731; x_wconf 85' lang='lat' dir='ltr'>hymno</span> <span class='ocrx_word' id='word_1_124' title='bbox 3409 668 3615 719; x_wconf 83' lang='lat' dir='ltr'>terram</span> 
     </span>
    </p>
   </div>
   <div class='ocr_carea' id='block_1_21' title="bbox 1961 746 3610 824">
    <p class='ocr_par' dir='ltr' id='par_1_21' title="bbox 1961 746 3610 824">
     <span class='ocr_line' id='line_1_21' title="bbox 1961 746 3610 824; baseline 0.004 -24"><span class='ocrx_word' id='word_1_125' title='bbox 1961 746 2215 803; x_wconf 75' lang='lat' dir='ltr'>Hiberam</span> <span class='ocrx_word' id='word_1_126' title='bbox 2249 754 2339 821; x_wconf 81' lang='lat' dir='ltr'>lc),</span> <span class='ocrx_word' id='word_1_127' title='bbox 2369 752 2722 824; x_wconf 87' lang='lat' dir='ltr'>colonosque</span> <span class='ocrx_word' id='word_1_128' title='bbox 2753 769 2881 823; x_wconf 85' lang='lat' dir='ltr'>quos</span> <span class='ocrx_word' id='word_1_129' title='bbox 2915 754 3143 807; x_wconf 75' lang='lat' dir='ltr'>Hiberus</span> <span class='ocrx_word' id='word_1_130' title='bbox 3194 752 3367 807; x_wconf 80' lang='lat' dir='ltr'>alluit</span> <span class='ocrx_word' id='word_1_131' title='bbox 3426 753 3520 823; x_wconf 77' lang='grc' dir='ltr'>(ά),</span> <span class='ocrx_word' id='word_1_132' title='bbox 3554 753 3610 806; x_wconf 92' lang='lat' dir='ltr'>id</span> 
     </span>
    </p>
   </div>
   <div class='ocr_carea' id='block_1_22' title="bbox 1958 838 3611 912">
    <p class='ocr_par' dir='ltr' id='par_1_22' title="bbox 1958 838 3611 912">
     <span class='ocr_line' id='line_1_22' title="bbox 1958 838 3611 912; baseline 0.004 -23"><span class='ocrx_word' id='word_1_133' title='bbox 1958 841 2065 903; x_wconf 87' lang='lat' dir='ltr'>est,</span> <span class='ocrx_word' id='word_1_134' title='bbox 2084 838 2405 909; x_wconf 75' lang='lat' dir='ltr'>C((lagurim</span> <span class='ocrx_word' id='word_1_135' title='bbox 2426 846 2481 895; x_wconf 89' lang='lat' dir='ltr'>et</span> <span class='ocrx_word' id='word_1_136' title='bbox 2496 842 2956 912; x_wconf 79' lang='lat' dir='ltr'>Calagurritanos</span> <span class='ocrx_word' id='word_1_137' title='bbox 2974 842 3191 904; x_wconf 91' lang='lat' dir='ltr'>laudat;</span> <span class='ocrx_word' id='word_1_138' title='bbox 3208 840 3502 910; x_wconf 89' lang='lat' dir='ltr'>multoque</span> <span class='ocrx_word' id='word_1_139' title='bbox 3521 856 3611 895; x_wconf 83' lang='lat' dir='ltr'>ex-</span> 
     </span>
    </p>
   </div>
   <div class='ocr_carea' id='block_1_23' title="bbox 1956 928 3607 1001">
    <p class='ocr_par' dir='ltr' id='par_1_23' title="bbox 1956 928 3607 1001">
     <span class='ocr_line' id='line_1_23' title="bbox 1956 928 3607 1001; baseline 0.002 -23"><span class='ocrx_word' id='word_1_140' title='bbox 1956 928 2218 995; x_wconf 79' lang='lat' dir='ltr'>pressius</span> <span class='ocrx_word' id='word_1_141' title='bbox 2252 929 2308 984; x_wconf 91' lang='lat' dir='ltr'>in</span> <span class='ocrx_word' id='word_1_142' title='bbox 2352 930 2569 1001; x_wconf 81' lang='lat' dir='ltr'>hymno</span> <span class='ocrx_word' id='word_1_143' title='bbox 2603 933 2671 986; x_wconf 91' lang='lat' dir='ltr'>dc</span> <span class='ocrx_word' id='word_1_144' title='bbox 2726 932 2946 987; x_wconf 83' lang='lat' dir='ltr'>sanctis</span> <span class='ocrx_word' id='word_1_145' title='bbox 3003 930 3361 1001; x_wconf 80' lang='lat' dir='ltr'>martyribus</span> <span class='ocrx_word' id='word_1_146' title='bbox 3420 929 3607 983; x_wconf 65' lang='lat' dir='ltr'>Caesa-</span> 
     </span>
    </p>
   </div>
   <div class='ocr_carea' id='block_1_24' title="bbox 1954 1017 3608 1087">
    <p class='ocr_par' dir='ltr' id='par_1_24' title="bbox 1954 1017 3608 1087">
     <span class='ocr_line' id='line_1_24' title="bbox 1954 1017 3608 1087; baseline 0.003 -19"><span class='ocrx_word' id='word_1_147' title='bbox 1954 1019 2462 1087; x_wconf 86' lang='lat' dir='ltr'>raugustanis,ubi</span> <span class='ocrx_word' id='word_1_148' title='bbox 2494 1022 2563 1075; x_wconf 90' lang='lat' dir='ltr'>de</span> <span class='ocrx_word' id='word_1_149' title='bbox 2598 1021 2802 1077; x_wconf 86' lang='lat' dir='ltr'>iisdem</span> <span class='ocrx_word' id='word_1_150' title='bbox 2836 1020 3162 1077; x_wconf 87' lang='lat' dir='ltr'>Hemeterio</span> <span class='ocrx_word' id='word_1_151' title='bbox 3195 1024 3253 1074; x_wconf 90' lang='lat' dir='ltr'>et</span> <span class='ocrx_word' id='word_1_152' title='bbox 3271 1017 3608 1074; x_wconf 90' lang='lat' dir='ltr'>Chelidonio</span> 
     </span>
    </p>
   </div>
   <div class='ocr_carea' id='block_1_25' title="bbox 1955 1104 2471 1180">
    <p class='ocr_par' dir='ltr' id='par_1_25' title="bbox 1955 1104 2471 1180">
     <span class='ocr_line' id='line_1_25' title="bbox 1955 1104 2471 1180; baseline 0.01 -22"><span class='ocrx_word' id='word_1_153' title='bbox 1955 1104 2225 1177; x_wconf 88' lang='lat' dir='ltr'>loquens,</span> <span class='ocrx_word' id='word_1_154' title='bbox 2256 1108 2337 1163; x_wconf 88' lang='lat' dir='ltr'>ait</span> <span class='ocrx_word' id='word_1_155' title='bbox 2368 1110 2471 1180; x_wconf 87' lang='lat' dir='ltr'>(e):</span> 
     </span>
    </p>
   </div>
   <div class='ocr_carea' id='block_1_26' title="bbox 2264 1214 3292 1277">
    <p class='ocr_par' dir='ltr' id='par_1_26' title="bbox 2264 1214 3292 1277">
     <span class='ocr_line' id='line_1_26' title="bbox 2264 1214 3292 1277; baseline 0.004 -16"><span class='ocrx_word' id='word_1_156' title='bbox 2264 1214 2453 1263; x_wconf 87' lang='lat' dir='ltr'>Nostra</span> <span class='ocrx_word' id='word_1_157' title='bbox 2488 1215 2718 1277; x_wconf 82' lang='lat' dir='ltr'>gestabit</span> <span class='ocrx_word' id='word_1_158' title='bbox 2746 1216 3057 1266; x_wconf 77' lang='lat' dir='ltr'>CALAGURRIS</span> <span class='ocrx_word' id='word_1_159' title='bbox 3105 1216 3292 1265; x_wconf 86' lang='lat' dir='ltr'>ambos</span> 
     </span>
    </p>
   </div>
   <div class='ocr_carea' id='block_1_27' title="bbox 2512 1277 3039 1335">
    <p class='ocr_par' dir='ltr' id='par_1_27' title="bbox 2512 1277 3039 1335">
     <span class='ocr_line' id='line_1_27' title="bbox 2512 1277 3039 1335; baseline -0.002 -8"><span class='ocrx_word' id='word_1_160' title='bbox 2512 1277 2654 1335; x_wconf 84' lang='lat' dir='ltr'>Quos</span> <span class='ocrx_word' id='word_1_161' title='bbox 2701 1294 3039 1331; x_wconf 86' lang='lat' dir='ltr'>veneramus.</span> 
     </span>
    </p>
   </div>
   <div class='ocr_carea' id='block_1_28' title="bbox 1951 1373 3601 1447">
    <p class='ocr_par' dir='ltr' id='par_1_28' title="bbox 1951 1373 3601 1447">
     <span class='ocr_line' id='line_1_28' title="bbox 1951 1373 3601 1447; baseline 0.003 -22"><span class='ocrx_word' id='word_1_162' title='bbox 1951 1374 2185 1428; x_wconf 83' lang='lat' dir='ltr'>Putavit</span> <span class='ocrx_word' id='word_1_163' title='bbox 2217 1378 2434 1443; x_wconf 90' lang='lat' dir='ltr'>autem,</span> <span class='ocrx_word' id='word_1_164' title='bbox 2471 1380 2535 1431; x_wconf 91' lang='lat' dir='ltr'>ut</span> <span class='ocrx_word' id='word_1_165' title='bbox 2566 1376 2833 1447; x_wconf 81' lang='lat' dir='ltr'>conjicio,</span> <span class='ocrx_word' id='word_1_166' title='bbox 2893 1376 3252 1432; x_wconf 87' lang='lat' dir='ltr'>Blanchinus</span> <span class='ocrx_word' id='word_1_167' title='bbox 3307 1375 3399 1431; x_wconf 91' lang='lat' dir='ltr'>his</span> <span class='ocrx_word' id='word_1_168' title='bbox 3457 1373 3601 1430; x_wconf 91' lang='lat' dir='ltr'>locis</span> 
     </span>
    </p>
   </div>
   <div class='ocr_carea' id='block_1_29' title="bbox 1950 1463 3603 1539">
    <p class='ocr_par' dir='ltr' id='par_1_29' title="bbox 1950 1463 3603 1539">
     <span class='ocr_line' id='line_1_29' title="bbox 1950 1463 3603 1539; baseline 0.002 -23"><span class='ocrx_word' id='word_1_169' title='bbox 1950 1463 2258 1535; x_wconf 89' lang='lat' dir='ltr'>utriusque</span> <span class='ocrx_word' id='word_1_170' title='bbox 2284 1465 2441 1520; x_wconf 91' lang='lat' dir='ltr'>illius</span> <span class='ocrx_word' id='word_1_171' title='bbox 2463 1466 2728 1539; x_wconf 80' lang='lat' dir='ltr'>martyris</span> <span class='ocrx_word' id='word_1_172' title='bbox 2761 1466 3007 1537; x_wconf 89' lang='lat' dir='ltr'>patriam</span> <span class='ocrx_word' id='word_1_173' title='bbox 3039 1484 3072 1521; x_wconf 91' lang='lat' dir='ltr'>a</span> <span class='ocrx_word' id='word_1_174' title='bbox 3101 1465 3418 1520; x_wconf 90' lang='lat' dir='ltr'>Prudentio</span> <span class='ocrx_word' id='word_1_175' title='bbox 3452 1464 3603 1520; x_wconf 90' lang='lat' dir='ltr'>desi-</span> 
     </span>
    </p>
   </div>
   <div class='ocr_carea' id='block_1_30' title="bbox 1950 1544 3600 1627">
    <p class='ocr_par' dir='ltr' id='par_1_30' title="bbox 1950 1544 3600 1627">
     <span class='ocr_line' id='line_1_30' title="bbox 1950 1544 3600 1627; baseline 0.003 -23"><span class='ocrx_word' id='word_1_176' title='bbox 1950 1554 2139 1621; x_wconf 87' lang='lat' dir='ltr'>gnari.</span> <span class='ocrx_word' id='word_1_177' title='bbox 2167 1571 2297 1610; x_wconf 88' lang='lat' dir='ltr'>cum</span> <span class='ocrx_word' id='word_1_178' title='bbox 2320 1544 2515 1610; x_wconf 79' lang='lat' dir='ltr'>tamen</span> <span class='ocrx_word' id='word_1_179' title='bbox 2548 1556 2678 1622; x_wconf 86' lang='lat' dir='ltr'>istc,</span> <span class='ocrx_word' id='word_1_180' title='bbox 2706 1556 2979 1611; x_wconf 86' lang='lat' dir='ltr'>nihiltale</span> <span class='ocrx_word' id='word_1_181' title='bbox 2994 1555 3355 1627; x_wconf 90' lang='lat' dir='ltr'>cogitans,ad</span> <span class='ocrx_word' id='word_1_182' title='bbox 3376 1554 3600 1625; x_wconf 85' lang='lat' dir='ltr'>passio-</span> 
     </span>
    </p>
   </div>
   <div class='ocr_carea' id='block_1_31' title="bbox 1948 1642 3596 1716">
    <p class='ocr_par' dir='ltr' id='par_1_31' title="bbox 1948 1642 3596 1716">
     <span class='ocr_line' id='line_1_31' title="bbox 1948 1642 3596 1716; baseline 0.002 -22"><span class='ocrx_word' id='word_1_183' title='bbox 1948 1642 2063 1710; x_wconf 88' lang='lat' dir='ltr'>nis,</span> <span class='ocrx_word' id='word_1_184' title='bbox 2095 1647 2151 1698; x_wconf 89' lang='lat' dir='ltr'>et</span> <span class='ocrx_word' id='word_1_185' title='bbox 2182 1645 2433 1701; x_wconf 85' lang='lat' dir='ltr'>maxime</span> <span class='ocrx_word' id='word_1_186' title='bbox 2465 1647 2533 1699; x_wconf 88' lang='lat' dir='ltr'>ad</span> <span class='ocrx_word' id='word_1_187' title='bbox 2570 1647 2822 1716; x_wconf 86' lang='lat' dir='ltr'>sepulcri</span> <span class='ocrx_word' id='word_1_188' title='bbox 2856 1647 3047 1700; x_wconf 91' lang='lat' dir='ltr'>locum</span> <span class='ocrx_word' id='word_1_189' title='bbox 3106 1644 3477 1716; x_wconf 79' lang='lat' dir='ltr'>respexisset;</span> <span class='ocrx_word' id='word_1_190' title='bbox 3538 1644 3596 1698; x_wconf 88' lang='lat' dir='ltr'>id</span> 
     </span>
    </p>
   </div>
   <div class='ocr_carea' id='block_1_32' title="bbox 1948 1732 3592 1805">
    <p class='ocr_par' dir='ltr' id='par_1_32' title="bbox 1948 1732 3592 1805">
     <span class='ocr_line' id='line_1_32' title="bbox 1948 1732 3592 1805; baseline 0.001 -20"><span class='ocrx_word' id='word_1_191' title='bbox 1948 1732 2101 1800; x_wconf 89' lang='lat' dir='ltr'>quod</span> <span class='ocrx_word' id='word_1_192' title='bbox 2119 1749 2147 1786; x_wconf 91' lang='lat' dir='ltr'>e</span> <span class='ocrx_word' id='word_1_193' title='bbox 2163 1734 2510 1803; x_wconf 71' lang='lat' dir='ltr'>praecedenti</span> <span class='ocrx_word' id='word_1_194' title='bbox 2534 1736 2807 1801; x_wconf 88' lang='lat' dir='ltr'>disticho,</span> <span class='ocrx_word' id='word_1_195' title='bbox 2827 1732 3356 1805; x_wconf 83' lang='lat' dir='ltr'>multoqueclarius</span> <span class='ocrx_word' id='word_1_196' title='bbox 3369 1749 3436 1786; x_wconf 86' lang='lat' dir='ltr'>ex</span> <span class='ocrx_word' id='word_1_197' title='bbox 3458 1750 3592 1803; x_wconf 88' lang='lat' dir='ltr'>pro-</span> 
     </span>
    </p>
   </div>
   <div class='ocr_carea' id='block_1_33' title="bbox 178 1814 3593 1905">
    <p class='ocr_par' dir='ltr' id='par_1_33' title="bbox 178 1814 3593 1905">
     <span class='ocr_line' id='line_1_33' title="bbox 178 1814 3593 1905; baseline -0.002 -33"><span class='ocrx_word' id='word_1_198' title='bbox 178 1816 483 1872; x_wconf 89' lang='lat' dir='ltr'>Laurentii</span> <span class='ocrx_word' id='word_1_199' title='bbox 520 1814 791 1887; x_wconf 88' lang='lat' dir='ltr'>patriam;</span> <span class='ocrx_word' id='word_1_200' title='bbox 825 1830 958 1869; x_wconf 92' lang='lat' dir='ltr'>cum</span> <span class='ocrx_word' id='word_1_201' title='bbox 990 1831 1020 1869; x_wconf 92' lang='lat' dir='ltr'>e</span> <span class='ocrx_word' id='word_1_202' title='bbox 1052 1815 1340 1870; x_wconf 91' lang='lat' dir='ltr'>contrario</span> <span class='ocrx_word' id='word_1_203' title='bbox 1372 1832 1505 1870; x_wconf 81' lang='lat' dir='ltr'>mox</span> <span class='ocrx_word' id='word_1_204' title='bbox 1528 1815 1836 1870; x_wconf 83' lang='lat' dir='ltr'>ostenden-</span> <span class='ocrx_word' id='word_1_205' title='bbox 1865 1840 1915 1905; x_wconf 81' lang='grc' dir='ltr'><strong>Β</strong></span> <span class='ocrx_word' id='word_1_206' title='bbox 1947 1822 2072 1893; x_wconf 69' lang='lat' dir='ltr'>prio</span> <span class='ocrx_word' id='word_1_207' title='bbox 2095 1831 2430 1879; x_wconf 66' lang='lat' dir='ltr'>sanctorum</span> <span class='ocrx_word' id='word_1_208' title='bbox 2450 1832 2773 1897; x_wconf 58' lang='lat' dir='ltr'>martyrum</span> <span class='ocrx_word' id='word_1_209' title='bbox 2795 1826 3009 1896; x_wconf 71' lang='lat' dir='ltr'>hymno</span> <span class='ocrx_word' id='word_1_210' title='bbox 3040 1826 3243 1895; x_wconf 58' lang='lat' dir='ltr'>liquet,</span> <span class='ocrx_word' id='word_1_211' title='bbox 3269 1824 3377 1879; x_wconf 73' lang='lat' dir='ltr'>sub</span> <span class='ocrx_word' id='word_1_212' title='bbox 3423 1823 3593 1893; x_wconf 74' lang='lat' dir='ltr'>cujus</span> 
     </span>
    </p>
   </div>
   <div class='ocr_carea' id='block_1_34' title="bbox 176 1903 1831 1961">
    <p class='ocr_par' dir='ltr' id='par_1_34' title="bbox 176 1903 1831 1961">
     <span class='ocr_line' id='line_1_34' title="bbox 176 1903 1831 1961; baseline -0.002 0"><span class='ocrx_word' id='word_1_213' title='bbox 176 1908 318 1961; x_wconf 89' lang='lat' dir='ltr'>dum</span> <span class='ocrx_word' id='word_1_214' title='bbox 336 1906 415 1961; x_wconf 88' lang='lat' dir='ltr'>sit</span> <span class='ocrx_word' id='word_1_215' title='bbox 442 1904 682 1959; x_wconf 80' lang='lat' dir='ltr'>minime</span> <span class='ocrx_word' id='word_1_216' title='bbox 714 1903 823 1957; x_wconf 92' lang='lat' dir='ltr'>hoc</span> <span class='ocrx_word' id='word_1_217' title='bbox 845 1903 895 1958; x_wconf 91' lang='lat' dir='ltr'>ei</span> <span class='ocrx_word' id='word_1_218' title='bbox 929 1903 987 1957; x_wconf 89' lang='lat' dir='ltr'>in</span> <span class='ocrx_word' id='word_1_219' title='bbox 1019 1920 1179 1959; x_wconf 92' lang='lat' dir='ltr'>more</span> <span class='ocrx_word' id='word_1_220' title='bbox 1197 1904 1379 1959; x_wconf 88' lang='lat' dir='ltr'>fuisse</span> <span class='ocrx_word' id='word_1_221' title='bbox 1410 1910 1473 1959; x_wconf 90' lang='lat' dir='ltr'>ut</span> <span class='ocrx_word' id='word_1_222' title='bbox 1493 1907 1831 1959; x_wconf 89' lang='lat' dir='ltr'>sanctorum</span> 
     </span>
    </p>
   </div>
   <div class='ocr_carea' id='block_1_35' title="bbox 173 1991 1833 2066">
    <p class='ocr_par' dir='ltr' id='par_1_35' title="bbox 173 1991 1833 2066">
     <span class='ocr_line' id='line_1_35' title="bbox 173 1991 1833 2066; baseline -0.002 -15"><span class='ocrx_word' id='word_1_223' title='bbox 173 1995 396 2066; x_wconf 87' lang='lat' dir='ltr'>patrias</span> <span class='ocrx_word' id='word_1_224' title='bbox 411 1992 803 2064; x_wconf 90' lang='lat' dir='ltr'>eloqueretur:</span> <span class='ocrx_word' id='word_1_225' title='bbox 822 2008 926 2046; x_wconf 90' lang='lat' dir='ltr'>cur</span> <span class='ocrx_word' id='word_1_226' title='bbox 945 2008 1057 2046; x_wconf 93' lang='lat' dir='ltr'>non</span> <span class='ocrx_word' id='word_1_227' title='bbox 1077 1992 1371 2047; x_wconf 83' lang='lat' dir='ltr'>affirmare</span> <span class='ocrx_word' id='word_1_228' title='bbox 1392 1992 1558 2047; x_wconf 89' lang='lat' dir='ltr'>nobis</span> <span class='ocrx_word' id='word_1_229' title='bbox 1574 1991 1833 2047; x_wconf 89' lang='lat' dir='ltr'>vicissim</span> 
     </span>
    </p>
   </div>
   <div class='ocr_carea' id='block_1_36' title="bbox 170 2081 1830 2152">
    <p class='ocr_par' dir='ltr' id='par_1_36' title="bbox 170 2081 1830 2152">
     <span class='ocr_line' id='line_1_36' title="bbox 170 2081 1830 2152; baseline -0.002 -13"><span class='ocrx_word' id='word_1_230' title='bbox 170 2084 350 2139; x_wconf 89' lang='lat' dir='ltr'>liceat</span> <span class='ocrx_word' id='word_1_231' title='bbox 378 2081 694 2151; x_wconf 86' lang='lat' dir='ltr'>Laurentii,</span> <span class='ocrx_word' id='word_1_232' title='bbox 722 2098 835 2135; x_wconf 88' lang='lat' dir='ltr'>non</span> <span class='ocrx_word' id='word_1_233' title='bbox 864 2098 1030 2137; x_wconf 91' lang='lat' dir='ltr'>secus</span> <span class='ocrx_word' id='word_1_234' title='bbox 1056 2098 1118 2136; x_wconf 91' lang='lat' dir='ltr'>ac</span> <span class='ocrx_word' id='word_1_235' title='bbox 1142 2087 1483 2137; x_wconf 69' lang='lat' dir='ltr'>caaterorum</span> <span class='ocrx_word' id='word_1_236' title='bbox 1506 2085 1830 2152; x_wconf 88' lang='lat' dir='ltr'>martyrum</span> 
     </span>
    </p>
   </div>
   <div class='ocr_carea' id='block_1_37' title="bbox 172 2170 1830 2246">
    <p class='ocr_par' dir='ltr' id='par_1_37' title="bbox 172 2170 1830 2246">
     <span class='ocr_line' id='line_1_37' title="bbox 172 2170 1830 2246; baseline -0.002 -17"><span class='ocrx_word' id='word_1_237' title='bbox 172 2174 428 2246; x_wconf 88' lang='lat' dir='ltr'>patriam</span> <span class='ocrx_word' id='word_1_238' title='bbox 452 2170 727 2228; x_wconf 87' lang='lat' dir='ltr'>debuisse</span> <span class='ocrx_word' id='word_1_239' title='bbox 748 2170 809 2225; x_wconf 91' lang='lat' dir='ltr'>iu</span> <span class='ocrx_word' id='word_1_240' title='bbox 828 2187 894 2226; x_wconf 92' lang='lat' dir='ltr'>eo</span> <span class='ocrx_word' id='word_1_241' title='bbox 917 2170 1135 2242; x_wconf 82' lang='lat' dir='ltr'>hymno</span> <span class='ocrx_word' id='word_1_242' title='bbox 1155 2188 1187 2225; x_wconf 93' lang='lat' dir='ltr'>a</span> <span class='ocrx_word' id='word_1_243' title='bbox 1230 2171 1570 2237; x_wconf 90' lang='lat' dir='ltr'>Prudentio,</span> <span class='ocrx_word' id='word_1_244' title='bbox 1594 2171 1706 2226; x_wconf 89' lang='lat' dir='ltr'>nisi</span> <span class='ocrx_word' id='word_1_245' title='bbox 1726 2188 1830 2242; x_wconf 90' lang='lat' dir='ltr'>pa-</span> 
     </span>
    </p>
   </div>
   <div class='ocr_carea' id='block_1_38' title="bbox 174 2259 1418 2331">
    <p class='ocr_par' dir='ltr' id='par_1_38' title="bbox 174 2259 1418 2331">
     <span class='ocr_line' id='line_1_38' title="bbox 174 2259 1418 2331; baseline -0.003 -13"><span class='ocrx_word' id='word_1_246' title='bbox 174 2279 309 2318; x_wconf 91' lang='lat' dir='ltr'>rum</span> <span class='ocrx_word' id='word_1_247' title='bbox 344 2262 453 2317; x_wconf 89' lang='lat' dir='ltr'>sibi</span> <span class='ocrx_word' id='word_1_248' title='bbox 482 2266 754 2317; x_wconf 86' lang='lat' dir='ltr'>constare</span> <span class='ocrx_word' id='word_1_249' title='bbox 780 2259 971 2330; x_wconf 85' lang='lat' dir='ltr'>vellet,</span> <span class='ocrx_word' id='word_1_250' title='bbox 1004 2260 1368 2331; x_wconf 67' lang='lat' dir='ltr'>praetermitti</span> <span class='ocrx_word' id='word_1_251' title='bbox 1391 2260 1418 2314; x_wconf 72' lang='lat' dir='ltr'>‘I</span> 
     </span>
    </p>
   </div>
   <div class='ocr_carea' id='block_1_39' title="bbox 244 2348 1832 2406">
    <p class='ocr_par' dir='ltr' id='par_1_39' title="bbox 244 2348 1832 2406">
     <span class='ocr_line' id='line_1_39' title="bbox 244 2348 1832 2406; baseline -0.001 -1"><span class='ocrx_word' id='word_1_252' title='bbox 244 2353 305 2406; x_wconf 86' lang='lat' dir='ltr'>In</span> <span class='ocrx_word' id='word_1_253' title='bbox 340 2350 510 2406; x_wconf 89' lang='lat' dir='ltr'>tertia</span> <span class='ocrx_word' id='word_1_254' title='bbox 539 2348 902 2405; x_wconf 89' lang='lat' dir='ltr'>Blanchinus</span> <span class='ocrx_word' id='word_1_255' title='bbox 933 2348 1163 2403; x_wconf 89' lang='lat' dir='ltr'>asserit:</span> <span class='ocrx_word' id='word_1_256' title='bbox 1197 2364 1307 2404; x_wconf 83' lang='lat' dir='ltr'>non</span> <span class='ocrx_word' id='word_1_257' title='bbox 1359 2365 1481 2404; x_wconf 86' lang='lat' dir='ltr'>eum</span> <span class='ocrx_word' id='word_1_258' title='bbox 1538 2349 1832 2404; x_wconf 70' lang='grc' dir='ltr'>Ρωίίεηίἰί</span> 
     </span>
    </p>
   </div>
   <div class='ocr_carea' id='block_1_40' title="bbox 167 2437 1830 2510">
    <p class='ocr_par' dir='ltr' id='par_1_40' title="bbox 167 2437 1830 2510">
     <span class='ocr_line' id='line_1_40' title="bbox 167 2437 1830 2510; baseline -0.002 -14"><span class='ocrx_word' id='word_1_259' title='bbox 167 2455 374 2496; x_wconf 84' lang='lat' dir='ltr'>morem</span> <span class='ocrx_word' id='word_1_260' title='bbox 402 2438 578 2510; x_wconf 76' lang='lat' dir='ltr'>fuisse</span> <span class='ocrx_word' id='word_1_261' title='bbox 597 2438 653 2493; x_wconf 84' lang='lat' dir='ltr'>in</span> <span class='ocrx_word' id='word_1_262' title='bbox 686 2437 908 2510; x_wconf 72' lang='lat' dir='ltr'>hymnis</span> <span class='ocrx_word' id='word_1_263' title='bbox 927 2454 1058 2510; x_wconf 82' lang='lat' dir='ltr'>quos</span> <span class='ocrx_word' id='word_1_264' title='bbox 1087 2438 1151 2493; x_wconf 88' lang='lat' dir='ltr'>de</span> <span class='ocrx_word' id='word_1_265' title='bbox 1206 2439 1419 2495; x_wconf 78' lang='lat' dir='ltr'>sanctis</span> <span class='ocrx_word' id='word_1_266' title='bbox 1450 2440 1830 2494; x_wconf 74' lang='lat' dir='ltr'>nationalibus</span> 
     </span>
    </p>
   </div>
   <div class='ocr_carea' id='block_1_41' title="bbox 166 2526 1830 2599">
    <p class='ocr_par' dir='ltr' id='par_1_41' title="bbox 166 2526 1830 2599">
     <span class='ocr_line' id='line_1_41' title="bbox 166 2526 1830 2599; baseline -0.002 -14"><span class='ocrx_word' id='word_1_267' title='bbox 166 2532 390 2595; x_wconf 76' lang='lat' dir='ltr'>cecinit,</span> <span class='ocrx_word' id='word_1_268' title='bbox 426 2538 486 2583; x_wconf 81' lang='lat' dir='ltr'>ut</span> <span class='ocrx_word' id='word_1_269' title='bbox 516 2544 706 2582; x_wconf 79' lang='lat' dir='ltr'>earum</span> <span class='ocrx_word' id='word_1_270' title='bbox 724 2530 939 2598; x_wconf 79' lang='lat' dir='ltr'>patrias</span> <span class='ocrx_word' id='word_1_271' title='bbox 968 2526 1183 2582; x_wconf 71' lang='lat' dir='ltr'>sileret.</span> <span class='ocrx_word' id='word_1_272' title='bbox 1213 2530 1373 2582; x_wconf 89' lang='lat' dir='ltr'>Itane</span> <span class='ocrx_word' id='word_1_273' title='bbox 1396 2528 1830 2599; x_wconf 86' lang='lat' dir='ltr'>vero,inquam?</span> 
     </span>
    </p>
   </div>
   <div class='ocr_carea' id='block_1_42' title="bbox 163 2615 1828 2691">
    <p class='ocr_par' dir='ltr' id='par_1_42' title="bbox 163 2615 1828 2691">
     <span class='ocr_line' id='line_1_42' title="bbox 163 2615 1828 2691; baseline -0.002 -17"><span class='ocrx_word' id='word_1_274' title='bbox 163 2619 341 2691; x_wconf 83' lang='lat' dir='ltr'>Atqui</span> <span class='ocrx_word' id='word_1_275' title='bbox 372 2618 672 2689; x_wconf 88' lang='lat' dir='ltr'>Hispanus</span> <span class='ocrx_word' id='word_1_276' title='bbox 705 2620 829 2671; x_wconf 89' lang='lat' dir='ltr'>erat</span> <span class='ocrx_word' id='word_1_277' title='bbox 860 2615 1226 2685; x_wconf 85' lang='lat' dir='ltr'>Vincentius,</span> <span class='ocrx_word' id='word_1_278' title='bbox 1259 2616 1433 2671; x_wconf 90' lang='lat' dir='ltr'>levita</span> <span class='ocrx_word' id='word_1_279' title='bbox 1490 2622 1549 2671; x_wconf 88' lang='lat' dir='ltr'>et</span> <span class='ocrx_word' id='word_1_280' title='bbox 1605 2621 1828 2688; x_wconf 86' lang='lat' dir='ltr'>martyr</span> 
     </span>
    </p>
   </div>
   <div class='ocr_carea' id='block_1_43' title="bbox 162 2704 1827 2777">
    <p class='ocr_par' dir='ltr' id='par_1_43' title="bbox 162 2704 1827 2777">
     <span class='ocr_line' id='line_1_43' title="bbox 162 2704 1827 2777; baseline -0.003 -12"><span class='ocrx_word' id='word_1_281' title='bbox 162 2707 607 2771; x_wconf 87' lang='lat' dir='ltr'>celeberrimus,</span> <span class='ocrx_word' id='word_1_282' title='bbox 629 2706 831 2761; x_wconf 89' lang='lat' dir='ltr'>eadem</span> <span class='ocrx_word' id='word_1_283' title='bbox 866 2721 931 2759; x_wconf 91' lang='lat' dir='ltr'>ac</span> <span class='ocrx_word' id='word_1_284' title='bbox 984 2704 1338 2760; x_wconf 89' lang='lat' dir='ltr'>Prudentius</span> <span class='ocrx_word' id='word_1_285' title='bbox 1385 2709 1827 2777; x_wconf 72' lang='lat' dir='ltr'>Caesaraugusta</span> 
     </span>
    </p>
   </div>
   <div class='ocr_carea' id='block_1_44' title="bbox 165 2793 1822 2866">
    <p class='ocr_par' dir='ltr' id='par_1_44' title="bbox 165 2793 1822 2866">
     <span class='ocr_line' id='line_1_44' title="bbox 165 2793 1822 2866; baseline -0.002 -13"><span class='ocrx_word' id='word_1_286' title='bbox 165 2797 330 2866; x_wconf 87' lang='lat' dir='ltr'>urbe,</span> <span class='ocrx_word' id='word_1_287' title='bbox 347 2800 415 2851; x_wconf 90' lang='lat' dir='ltr'>ut</span> <span class='ocrx_word' id='word_1_288' title='bbox 440 2794 921 2857; x_wconf 87' lang='lat' dir='ltr'>creditur,natus:</span> <span class='ocrx_word' id='word_1_289' title='bbox 947 2794 1100 2865; x_wconf 89' lang='lat' dir='ltr'>apud</span> <span class='ocrx_word' id='word_1_290' title='bbox 1118 2793 1404 2864; x_wconf 87' lang='lat' dir='ltr'>Hispanos</span> <span class='ocrx_word' id='word_1_291' title='bbox 1422 2793 1625 2849; x_wconf 88' lang='lat' dir='ltr'>itidem</span> <span class='ocrx_word' id='word_1_292' title='bbox 1647 2794 1822 2860; x_wconf 89' lang='lat' dir='ltr'>altus,</span> 
     </span>
    </p>
   </div>
   <div class='ocr_carea' id='block_1_45' title="bbox 165 2881 1822 2956">
    <p class='ocr_par' dir='ltr' id='par_1_45' title="bbox 165 2881 1822 2956">
     <span class='ocr_line' id='line_1_45' title="bbox 165 2881 1822 2956; baseline -0.002 -15"><span class='ocrx_word' id='word_1_293' title='bbox 165 2887 476 2950; x_wconf 85' lang='lat' dir='ltr'>educatus,</span> <span class='ocrx_word' id='word_1_294' title='bbox 495 2900 707 2956; x_wconf 90' lang='lat' dir='ltr'>passus</span> <span class='ocrx_word' id='word_1_295' title='bbox 727 2901 740 2950; x_wconf 92' lang='lat'>;</span> <span class='ocrx_word' id='word_1_296' title='bbox 758 2881 1189 2953; x_wconf 90' lang='lat' dir='ltr'>nulladenique</span> <span class='ocrx_word' id='word_1_297' title='bbox 1210 2899 1327 2938; x_wconf 89' lang='lat' dir='ltr'>non</span> <span class='ocrx_word' id='word_1_298' title='bbox 1348 2899 1413 2937; x_wconf 86' lang='lat' dir='ltr'>ex</span> <span class='ocrx_word' id='word_1_299' title='bbox 1432 2888 1595 2954; x_wconf 89' lang='lat' dir='ltr'>parte</span> <span class='ocrx_word' id='word_1_300' title='bbox 1618 2883 1822 2954; x_wconf 82' lang='lat' dir='ltr'>Hispa-</span> 
     </span>
    </p>
   </div>
   <div class='ocr_carea' id='block_1_46' title="bbox 164 2971 1823 3043">
    <p class='ocr_par' dir='ltr' id='par_1_46' title="bbox 164 2971 1823 3043">
     <span class='ocr_line' id='line_1_46' title="bbox 164 2971 1823 3043; baseline -0.002 -12"><span class='ocrx_word' id='word_1_301' title='bbox 164 2992 295 3031; x_wconf 79' lang='lat' dir='ltr'>nus.</span> <span class='ocrx_word' id='word_1_302' title='bbox 332 2972 737 3031; x_wconf 84' lang='lat' dir='ltr'>Nihilominus</span> <span class='ocrx_word' id='word_1_303' title='bbox 773 2977 965 3026; x_wconf 89' lang='lat' dir='ltr'>tamen</span> <span class='ocrx_word' id='word_1_304' title='bbox 1002 2971 1061 3025; x_wconf 91' lang='lat' dir='ltr'>in</span> <span class='ocrx_word' id='word_1_305' title='bbox 1120 2971 1337 3043; x_wconf 84' lang='lat' dir='ltr'>hymno</span> <span class='ocrx_word' id='word_1_306' title='bbox 1371 2986 1543 3043; x_wconf 91' lang='lat' dir='ltr'>quem</span> <span class='ocrx_word' id='word_1_307' title='bbox 1577 2972 1647 3026; x_wconf 90' lang='lat' dir='ltr'>de</span> <span class='ocrx_word' id='word_1_308' title='bbox 1695 2973 1823 3041; x_wconf 87' lang='lat' dir='ltr'>ejus</span> 
     </span>
    </p>
   </div>
   <div class='ocr_carea' id='block_1_47' title="bbox 163 3058 1822 3136">
    <p class='ocr_par' dir='ltr' id='par_1_47' title="bbox 163 3058 1822 3136">
     <span class='ocr_line' id='line_1_47' title="bbox 163 3058 1822 3136; baseline -0.002 -17"><span class='ocrx_word' id='word_1_309' title='bbox 163 3063 441 3136; x_wconf 87' lang='lat' dir='ltr'>passione</span> <span class='ocrx_word' id='word_1_310' title='bbox 475 3060 832 3116; x_wconf 86' lang='lat' dir='ltr'>Prudentius</span> <span class='ocrx_word' id='word_1_311' title='bbox 873 3058 1377 3131; x_wconf 86' lang='lat' dir='ltr'>elegantissimum</span> <span class='ocrx_word' id='word_1_312' title='bbox 1438 3060 1656 3131; x_wconf 87' lang='lat' dir='ltr'>panxit,</span> <span class='ocrx_word' id='word_1_313' title='bbox 1716 3078 1822 3115; x_wconf 90' lang='lat' dir='ltr'>nec</span> 
     </span>
    </p>
   </div>
   <div class='ocr_carea' id='block_1_48' title="bbox 162 3148 1816 3222">
    <p class='ocr_par' dir='ltr' id='par_1_48' title="bbox 162 3148 1816 3222">
     <span class='ocr_line' id='line_1_48' title="bbox 162 3148 1816 3222; baseline 0 -17"><span class='ocrx_word' id='word_1_314' title='bbox 162 3151 349 3206; x_wconf 87' lang='lat' dir='ltr'>multo</span> <span class='ocrx_word' id='word_1_315' title='bbox 382 3165 563 3222; x_wconf 85' lang='lat' dir='ltr'>quam</span> <span class='ocrx_word' id='word_1_316' title='bbox 597 3148 895 3204; x_wconf 88' lang='lat' dir='ltr'>Laurentii</span> <span class='ocrx_word' id='word_1_317' title='bbox 928 3148 1248 3203; x_wconf 88' lang='lat' dir='ltr'>breviorem</span> <span class='ocrx_word' id='word_1_318' title='bbox 1273 3149 1371 3219; x_wconf 88' lang='lat' dir='ltr'>(a),</span> <span class='ocrx_word' id='word_1_319' title='bbox 1405 3148 1590 3203; x_wconf 90' lang='lat' dir='ltr'>altum</span> <span class='ocrx_word' id='word_1_320' title='bbox 1625 3150 1694 3205; x_wconf 92' lang='lat' dir='ltr'>de</span> <span class='ocrx_word' id='word_1_321' title='bbox 1725 3150 1816 3204; x_wconf 82' lang='lat' dir='ltr'>in-</span> 
     </span>
    </p>
   </div>
   <div class='ocr_carea' id='block_1_49' title="bbox 160 3198 1887 3310">
    <p class='ocr_par' dir='ltr' id='par_1_49' title="bbox 160 3198 1887 3310">
     <span class='ocr_line' id='line_1_49' title="bbox 162 3198 1785 3222; baseline 0 -17"><span class='ocrx_word' id='word_1_322' title='bbox 162 3198 346 3206; x_wconf 73' lang='lat'>.._---</span> <span class='ocrx_word' id='word_1_323' title='bbox 385 3198 563 3222; x_wconf 53' lang='grc' dir='ltr'>τη-</span> <span class='ocrx_word' id='word_1_324' title='bbox 598 3198 895 3204; x_wconf 76' lang='lat'>___------_</span> <span class='ocrx_word' id='word_1_325' title='bbox 929 3198 1248 3203; x_wconf 47' lang='grc' dir='ltr'>---η-----</span> <span class='ocrx_word' id='word_1_326' title='bbox 1274 3198 1371 3219; x_wconf 39' lang='lat' dir='ltr'>ﬂ,</span> <span class='ocrx_word' id='word_1_327' title='bbox 1408 3198 1590 3203; x_wconf 47' lang='grc' dir='ltr'>-.πω</span> <span class='ocrx_word' id='word_1_328' title='bbox 1629 3198 1692 3205; x_wconf 76' lang='lat'>_-</span> 
     </span>
     <span class='ocr_line' id='line_1_50' title="bbox 160 3198 1887 3310; baseline 0 -17"><span class='ocrx_word' id='word_1_329' title='bbox 160 3238 476 3296; x_wconf 79' lang='lat' dir='ltr'>victissimi</span> <span class='ocrx_word' id='word_1_330' title='bbox 513 3237 785 3309; x_wconf 89' lang='lat' dir='ltr'>martyris</span> <span class='ocrx_word' id='word_1_331' title='bbox 818 3236 1008 3307; x_wconf 89' lang='lat' dir='ltr'>patria</span> <span class='ocrx_word' id='word_1_332' title='bbox 1038 3236 1196 3292; x_wconf 89' lang='lat' dir='ltr'>sileri</span> <span class='ocrx_word' id='word_1_333' title='bbox 1252 3239 1566 3310; x_wconf 86' lang='lat' dir='ltr'>comperio;</span> <span class='ocrx_word' id='word_1_334' title='bbox 1623 3243 1684 3293; x_wconf 90' lang='lat' dir='ltr'>ut</span> <span class='ocrx_word' id='word_1_335' title='bbox 1713 3256 1819 3293; x_wconf 87' lang='lat' dir='ltr'>nec</span> <span class='ocrx_word' id='word_1_336' title='bbox 1850 3198 1887 3270; x_wconf 64' lang='grc' dir='ltr'>(ί</span> 
     </span>
    </p>
   </div>
   <div class='ocr_carea' id='block_1_50' title="bbox 163 3326 1821 3399">
    <p class='ocr_par' dir='ltr' id='par_1_50' title="bbox 163 3326 1821 3399">
     <span class='ocr_line' id='line_1_51' title="bbox 163 3326 1821 3399; baseline -0.002 -13"><span class='ocrx_word' id='word_1_337' title='bbox 163 3331 414 3386; x_wconf 82' lang='lat' dir='ltr'>verbum</span> <span class='ocrx_word' id='word_1_338' title='bbox 451 3344 641 3399; x_wconf 87' lang='lat' dir='ltr'>neque</span> <span class='ocrx_word' id='word_1_339' title='bbox 659 3326 945 3398; x_wconf 88' lang='lat' dir='ltr'>particula</span> <span class='ocrx_word' id='word_1_340' title='bbox 964 3328 1077 3398; x_wconf 89' lang='lat' dir='ltr'>ipsi</span> <span class='ocrx_word' id='word_1_341' title='bbox 1100 3327 1261 3397; x_wconf 91' lang='lat' dir='ltr'>insit,</span> <span class='ocrx_word' id='word_1_342' title='bbox 1284 3345 1352 3383; x_wconf 88' lang='lat' dir='ltr'>ex</span> <span class='ocrx_word' id='word_1_343' title='bbox 1373 3329 1588 3399; x_wconf 90' lang='lat' dir='ltr'>quibus</span> <span class='ocrx_word' id='word_1_344' title='bbox 1604 3345 1669 3384; x_wconf 89' lang='lat' dir='ltr'>ea</span> <span class='ocrx_word' id='word_1_345' title='bbox 1690 3329 1821 3385; x_wconf 89' lang='lat' dir='ltr'>elici</span> 
     </span>
    </p>
   </div>
   <div class='ocr_carea' id='block_1_51' title="bbox 167 3415 1823 3488">
    <p class='ocr_par' dir='ltr' id='par_1_51' title="bbox 167 3415 1823 3488">
     <span class='ocr_line' id='line_1_52' title="bbox 167 3415 1823 3488; baseline -0.002 -13"><span class='ocrx_word' id='word_1_346' title='bbox 167 3424 270 3475; x_wconf 86' lang='lat' dir='ltr'>aut</span> <span class='ocrx_word' id='word_1_347' title='bbox 302 3416 533 3474; x_wconf 88' lang='lat' dir='ltr'>odorari</span> <span class='ocrx_word' id='word_1_348' title='bbox 558 3416 765 3488; x_wconf 88' lang='lat' dir='ltr'>possit.</span> <span class='ocrx_word' id='word_1_349' title='bbox 789 3415 1189 3470; x_wconf 81' lang='lat' dir='ltr'>Conferathacc</span> <span class='ocrx_word' id='word_1_350' title='bbox 1217 3432 1434 3486; x_wconf 82' lang='lat' dir='ltr'>quaeso,</span> <span class='ocrx_word' id='word_1_351' title='bbox 1465 3416 1823 3473; x_wconf 88' lang='lat' dir='ltr'>Blanchinus</span> 
     </span>
    </p>
   </div>
   <div class='ocr_carea' id='block_1_52' title="bbox 166 3502 1823 3575">
    <p class='ocr_par' dir='ltr' id='par_1_52' title="bbox 166 3502 1823 3575">
     <span class='ocr_line' id='line_1_53' title="bbox 166 3502 1823 3575; baseline -0.003 -13"><span class='ocrx_word' id='word_1_352' title='bbox 166 3523 299 3562; x_wconf 89' lang='lat' dir='ltr'>cum</span> <span class='ocrx_word' id='word_1_353' title='bbox 335 3506 409 3561; x_wconf 88' lang='lat' dir='ltr'>iis</span> <span class='ocrx_word' id='word_1_354' title='bbox 436 3520 566 3575; x_wconf 76' lang='lat' dir='ltr'>quae</span> <span class='ocrx_word' id='word_1_355' title='bbox 594 3504 653 3559; x_wconf 91' lang='lat' dir='ltr'>in</span> <span class='ocrx_word' id='word_1_356' title='bbox 690 3502 949 3557; x_wconf 88' lang='lat' dir='ltr'>secunda</span> <span class='ocrx_word' id='word_1_357' title='bbox 971 3502 1121 3557; x_wconf 90' lang='lat' dir='ltr'>thesi</span> <span class='ocrx_word' id='word_1_358' title='bbox 1149 3503 1483 3574; x_wconf 80' lang='lat' dir='ltr'>scripserat,</span> <span class='ocrx_word' id='word_1_359' title='bbox 1514 3503 1823 3573; x_wconf 87' lang='lat' dir='ltr'>scilicet,si</span> 
     </span>
    </p>
   </div>
   <div class='ocr_carea' id='block_1_53' title="bbox 172 3589 1823 3666">
    <p class='ocr_par' dir='ltr' id='par_1_53' title="bbox 172 3589 1823 3666">
     <span class='ocr_line' id='line_1_54' title="bbox 172 3589 1823 3666; baseline -0.002 -16"><span class='ocrx_word' id='word_1_360' title='bbox 172 3596 231 3651; x_wconf 90' lang='lat' dir='ltr'>in</span> <span class='ocrx_word' id='word_1_361' title='bbox 262 3594 544 3666; x_wconf 79' lang='lat' dir='ltr'>Hispania</span> <span class='ocrx_word' id='word_1_362' title='bbox 577 3596 752 3647; x_wconf 90' lang='lat' dir='ltr'>natus</span> <span class='ocrx_word' id='word_1_363' title='bbox 784 3589 993 3646; x_wconf 85' lang='lat' dir='ltr'>fuisset</span> <span class='ocrx_word' id='word_1_364' title='bbox 1049 3592 1418 3656; x_wconf 86' lang='lat' dir='ltr'>Laurentius,</span> <span class='ocrx_word' id='word_1_365' title='bbox 1463 3593 1703 3648; x_wconf 89' lang='lat' dir='ltr'>minime</span> <span class='ocrx_word' id='word_1_366' title='bbox 1735 3594 1823 3665; x_wconf 91' lang='lat' dir='ltr'>ip-</span> 
     </span>
    </p>
   </div>
   <div class='ocr_carea' id='block_1_54' title="bbox 173 3680 1823 3755">
    <p class='ocr_par' dir='ltr' id='par_1_54' title="bbox 173 3680 1823 3755">
     <span class='ocr_line' id='line_1_55' title="bbox 173 3680 1823 3755; baseline -0.002 -16"><span class='ocrx_word' id='word_1_367' title='bbox 173 3684 297 3739; x_wconf 89' lang='lat' dir='ltr'>sius</span> <span class='ocrx_word' id='word_1_368' title='bbox 330 3681 585 3755; x_wconf 89' lang='lat' dir='ltr'>patriam</span> <span class='ocrx_word' id='word_1_369' title='bbox 617 3698 651 3736; x_wconf 91' lang='lat' dir='ltr'>a</span> <span class='ocrx_word' id='word_1_370' title='bbox 678 3680 993 3735; x_wconf 90' lang='lat' dir='ltr'>Prudentio</span> <span class='ocrx_word' id='word_1_371' title='bbox 1026 3680 1085 3735; x_wconf 88' lang='lat' dir='ltr'>in</span> <span class='ocrx_word' id='word_1_372' title='bbox 1112 3694 1178 3736; x_wconf 94' lang='lat' dir='ltr'>eo</span> <span class='ocrx_word' id='word_1_373' title='bbox 1222 3681 1436 3752; x_wconf 88' lang='lat' dir='ltr'>hymno</span> <span class='ocrx_word' id='word_1_374' title='bbox 1468 3687 1823 3753; x_wconf 69' lang='lat' dir='ltr'>praztereun-</span> 
     </span>
    </p>
   </div>
   <div class='ocr_carea' id='block_1_55' title="bbox 179 3774 335 3829">
    <p class='ocr_par' dir='ltr' id='par_1_55' title="bbox 179 3774 335 3829">
     <span class='ocr_line' id='line_1_56' title="bbox 179 3774 335 3829; baseline -0.006 -1"><span class='ocrx_word' id='word_1_375' title='bbox 179 3774 335 3829; x_wconf 87' lang='lat' dir='ltr'>dam.</span> 
     </span>
    </p>
   </div>
   <div class='ocr_carea' id='block_1_56' title="bbox 244 3858 1823 3931">
    <p class='ocr_par' dir='ltr' id='par_1_56' title="bbox 244 3858 1823 3931">
     <span class='ocr_line' id='line_1_57' title="bbox 244 3858 1823 3931; baseline 0.003 -19"><span class='ocrx_word' id='word_1_376' title='bbox 244 3866 461 3918; x_wconf 73' lang='lat' dir='ltr'>Verum</span> <span class='ocrx_word' id='word_1_377' title='bbox 492 3859 554 3915; x_wconf 89' lang='lat' dir='ltr'>id</span> <span class='ocrx_word' id='word_1_378' title='bbox 586 3860 772 3915; x_wconf 82' lang='lat' dir='ltr'>forsan</span> <span class='ocrx_word' id='word_1_379' title='bbox 808 3859 866 3913; x_wconf 91' lang='lat' dir='ltr'>in</span> <span class='ocrx_word' id='word_1_380' title='bbox 898 3858 1118 3931; x_wconf 89' lang='lat' dir='ltr'>hymno</span> <span class='ocrx_word' id='word_1_381' title='bbox 1157 3858 1447 3915; x_wconf 89' lang='lat' dir='ltr'>Vincentii</span> <span class='ocrx_word' id='word_1_382' title='bbox 1503 3860 1823 3917; x_wconf 90' lang='lat' dir='ltr'>Blanchino</span> 
     </span>
    </p>
   </div>
   <div class='ocr_carea' id='block_1_57' title="bbox 175 3948 1825 4023">
    <p class='ocr_par' dir='ltr' id='par_1_57' title="bbox 175 3948 1825 4023">
     <span class='ocr_line' id='line_1_58' title="bbox 175 3948 1825 4023; baseline -0.001 -17"><span class='ocrx_word' id='word_1_383' title='bbox 175 3950 473 4023; x_wconf 83' lang='lat' dir='ltr'>singulare</span> <span class='ocrx_word' id='word_1_384' title='bbox 502 3948 817 4016; x_wconf 90' lang='lat' dir='ltr'>videbitur,</span> <span class='ocrx_word' id='word_1_385' title='bbox 851 3952 1027 4015; x_wconf 88' lang='lat' dir='ltr'>atque</span> <span class='ocrx_word' id='word_1_386' title='bbox 1058 3948 1198 4003; x_wconf 90' lang='lat' dir='ltr'>adeo</span> <span class='ocrx_word' id='word_1_387' title='bbox 1232 3949 1595 4006; x_wconf 82' lang='lat' dir='ltr'>insufticiens</span> <span class='ocrx_word' id='word_1_388' title='bbox 1646 3956 1709 4005; x_wconf 91' lang='lat' dir='ltr'>ut</span> <span class='ocrx_word' id='word_1_389' title='bbox 1734 3967 1825 4006; x_wconf 89' lang='lat' dir='ltr'>re—</span> 
     </span>
    </p>
   </div>
   <div class='ocr_carea' id='block_1_58' title="bbox 176 4036 1821 4111">
    <p class='ocr_par' dir='ltr' id='par_1_58' title="bbox 176 4036 1821 4111">
     <span class='ocr_line' id='line_1_59' title="bbox 176 4036 1821 4111; baseline 0.001 -17"><span class='ocrx_word' id='word_1_390' title='bbox 176 4045 407 4111; x_wconf 88' lang='lat' dir='ltr'>ceptum</span> <span class='ocrx_word' id='word_1_391' title='bbox 440 4037 655 4107; x_wconf 88' lang='lat' dir='ltr'>alioqui</span> <span class='ocrx_word' id='word_1_392' title='bbox 687 4037 984 4091; x_wconf 88' lang='lat' dir='ltr'>Prudentii</span> <span class='ocrx_word' id='word_1_393' title='bbox 1007 4036 1068 4091; x_wconf 93' lang='lat' dir='ltr'>in</span> <span class='ocrx_word' id='word_1_394' title='bbox 1096 4038 1319 4093; x_wconf 76' lang='lat' dir='ltr'>caeteris</span> <span class='ocrx_word' id='word_1_395' title='bbox 1340 4038 1575 4111; x_wconf 89' lang='lat' dir='ltr'>hymnis</span> <span class='ocrx_word' id='word_1_396' title='bbox 1599 4056 1821 4095; x_wconf 90' lang='lat' dir='ltr'>morem</span> 
     </span>
    </p>
   </div>
   <div class='ocr_carea' id='block_1_59' title="bbox 175 4125 1824 4201">
    <p class='ocr_par' dir='ltr' id='par_1_59' title="bbox 175 4125 1824 4201">
     <span class='ocr_line' id='line_1_60' title="bbox 175 4125 1824 4201; baseline 0.002 -18"><span class='ocrx_word' id='word_1_397' title='bbox 175 4127 431 4183; x_wconf 87' lang='lat' dir='ltr'>edicendi</span> <span class='ocrx_word' id='word_1_398' title='bbox 458 4132 795 4182; x_wconf 89' lang='lat' dir='ltr'>sanctorum</span> <span class='ocrx_word' id='word_1_399' title='bbox 832 4125 1071 4195; x_wconf 89' lang='lat' dir='ltr'>patrias,</span> <span class='ocrx_word' id='word_1_400' title='bbox 1134 4125 1427 4183; x_wconf 87' lang='lat' dir='ltr'>ullatenus</span> <span class='ocrx_word' id='word_1_401' title='bbox 1484 4146 1824 4201; x_wconf 85' lang='lat' dir='ltr'>oppugnare</span> 
     </span>
    </p>
   </div>
   <div class='ocr_carea' id='block_1_60' title="bbox 175 4214 1821 4286">
    <p class='ocr_par' dir='ltr' id='par_1_60' title="bbox 175 4214 1821 4286">
     <span class='ocr_line' id='line_1_61' title="bbox 175 4214 1821 4286; baseline 0.004 -17"><span class='ocrx_word' id='word_1_402' title='bbox 175 4217 397 4283; x_wconf 79' lang='lat' dir='ltr'>valeat;</span> <span class='ocrx_word' id='word_1_403' title='bbox 423 4231 613 4286; x_wconf 89' lang='lat' dir='ltr'>neque</span> <span class='ocrx_word' id='word_1_404' title='bbox 645 4214 770 4285; x_wconf 90' lang='lat' dir='ltr'>ipse</span> <span class='ocrx_word' id='word_1_405' title='bbox 793 4214 1130 4281; x_wconf 87' lang='lat' dir='ltr'>abnuerem,</span> <span class='ocrx_word' id='word_1_406' title='bbox 1156 4215 1203 4269; x_wconf 90' lang='lat' dir='ltr'>si</span> <span class='ocrx_word' id='word_1_407' title='bbox 1228 4233 1317 4272; x_wconf 87' lang='lat' dir='ltr'>res</span> <span class='ocrx_word' id='word_1_408' title='bbox 1343 4218 1425 4272; x_wconf 91' lang='lat' dir='ltr'>sic</span> <span class='ocrx_word' id='word_1_409' title='bbox 1448 4218 1821 4275; x_wconf 88' lang='lat' dir='ltr'>haberet.Sed</span> 
     </span>
    </p>
   </div>
   <div class='ocr_carea' id='block_1_61' title="bbox 178 4302 1823 4381">
    <p class='ocr_par' dir='ltr' id='par_1_61' title="bbox 178 4302 1823 4381">
     <span class='ocr_line' id='line_1_62' title="bbox 178 4302 1823 4381; baseline 0.003 -22"><span class='ocrx_word' id='word_1_410' title='bbox 178 4307 310 4376; x_wconf 88' lang='lat' dir='ltr'>quid</span> <span class='ocrx_word' id='word_1_411' title='bbox 326 4305 375 4361; x_wconf 90' lang='lat' dir='ltr'>si</span> <span class='ocrx_word' id='word_1_412' title='bbox 392 4303 620 4359; x_wconf 91' lang='lat' dir='ltr'>nullius</span> <span class='ocrx_word' id='word_1_413' title='bbox 635 4320 704 4358; x_wconf 82' lang='lat' dir='ltr'>ex</span> <span class='ocrx_word' id='word_1_414' title='bbox 717 4302 991 4373; x_wconf 86' lang='lat' dir='ltr'>Hispanis</span> <span class='ocrx_word' id='word_1_415' title='bbox 1010 4306 1643 4377; x_wconf 81' lang='lat' dir='ltr'>martyribus.quorum</span> <span class='ocrx_word' id='word_1_416' title='bbox 1659 4310 1823 4381; x_wconf 89' lang='lat' dir='ltr'>hym-</span> 
     </span>
    </p>
   </div>
   <div class='ocr_carea' id='block_1_62' title="bbox 175 4389 1819 4468">
    <p class='ocr_par' dir='ltr' id='par_1_62' title="bbox 175 4389 1819 4468">
     <span class='ocr_line' id='line_1_63' title="bbox 175 4389 1819 4468; baseline 0.004 -20"><span class='ocrx_word' id='word_1_417' title='bbox 175 4394 544 4450; x_wconf 85' lang='lat' dir='ltr'>nihabentur</span> <span class='ocrx_word' id='word_1_418' title='bbox 566 4393 623 4447; x_wconf 90' lang='lat' dir='ltr'>in</span> <span class='ocrx_word' id='word_1_419' title='bbox 646 4391 795 4446; x_wconf 90' lang='lat' dir='ltr'>libro</span> <span class='ocrx_word' id='word_1_420' title='bbox 813 4389 936 4464; x_wconf 80' lang='grc' dir='ltr'>περὶ</span> <span class='ocrx_word' id='word_1_421' title='bbox 971 4392 1253 4468; x_wconf 70' lang='grc' dir='ltr'>Στεφάνων</span> <span class='ocrx_word' id='word_1_422' title='bbox 1288 4398 1535 4466; x_wconf 87' lang='lat' dir='ltr'>patriam</span> <span class='ocrx_word' id='word_1_423' title='bbox 1569 4415 1819 4467; x_wconf 88' lang='lat' dir='ltr'>usquam</span> 
     </span>
    </p>
   </div>
   <div class='ocr_carea' id='block_1_63' title="bbox 176 4480 1818 4556">
    <p class='ocr_par' dir='ltr' id='par_1_63' title="bbox 176 4480 1818 4556">
     <span class='ocr_line' id='line_1_64' title="bbox 176 4480 1818 4556; baseline 0.002 -19"><span class='ocrx_word' id='word_1_424' title='bbox 176 4483 519 4538; x_wconf 86' lang='lat' dir='ltr'>Prudentius</span> <span class='ocrx_word' id='word_1_425' title='bbox 544 4480 808 4535; x_wconf 88' lang='lat' dir='ltr'>elocutus</span> <span class='ocrx_word' id='word_1_426' title='bbox 828 4480 1022 4549; x_wconf 85' lang='lat' dir='ltr'>fuerit;</span> <span class='ocrx_word' id='word_1_427' title='bbox 1047 4498 1113 4536; x_wconf 89' lang='lat' dir='ltr'>ac</span> <span class='ocrx_word' id='word_1_428' title='bbox 1154 4500 1224 4537; x_wconf 89' lang='lat' dir='ltr'>ne</span> <span class='ocrx_word' id='word_1_429' title='bbox 1257 4500 1438 4539; x_wconf 91' lang='lat' dir='ltr'>unum</span> <span class='ocrx_word' id='word_1_430' title='bbox 1491 4486 1726 4556; x_wconf 86' lang='lat' dir='ltr'>quidem</span> <span class='ocrx_word' id='word_1_431' title='bbox 1753 4503 1818 4541; x_wconf 83' lang='lat' dir='ltr'>ex</span> 
     </span>
    </p>
   </div>
   <div class='ocr_carea' id='block_1_64' title="bbox 174 4567 1895 4642">
    <p class='ocr_par' dir='ltr' id='par_1_64' title="bbox 174 4567 1895 4642">
     <span class='ocr_line' id='line_1_65' title="bbox 174 4567 1895 4642; baseline 0.003 -17"><span class='ocrx_word' id='word_1_432' title='bbox 174 4572 315 4642; x_wconf 82' lang='lat' dir='ltr'>ipsis</span> <span class='ocrx_word' id='word_1_433' title='bbox 344 4572 435 4627; x_wconf 88' lang='lat' dir='ltr'>vel</span> <span class='ocrx_word' id='word_1_434' title='bbox 471 4569 796 4640; x_wconf 81' lang='lat' dir='ltr'>generatim</span> <span class='ocrx_word' id='word_1_435' title='bbox 830 4568 1154 4640; x_wconf 85' lang='lat' dir='ltr'>Hispanum</span> <span class='ocrx_word' id='word_1_436' title='bbox 1179 4572 1434 4629; x_wconf 80' lang='lat' dir='ltr'>dixerit?</span> <span class='ocrx_word' id='word_1_437' title='bbox 1454 4576 1818 4632; x_wconf 85' lang='lat' dir='ltr'>Paradoxum</span> <span class='ocrx_word' id='word_1_438' title='bbox 1848 4567 1895 4631; x_wconf 56' lang='lat' dir='ltr'>fl</span> 
     </span>
    </p>
   </div>
   <div class='ocr_carea' id='block_1_65' title="bbox 174 4657 1819 4737">
    <p class='ocr_par' dir='ltr' id='par_1_65' title="bbox 174 4657 1819 4737">
     <span class='ocr_line' id='line_1_66' title="bbox 174 4657 1819 4737; baseline 0.004 -23"><span class='ocrx_word' id='word_1_439' title='bbox 174 4660 275 4716; x_wconf 90' lang='lat' dir='ltr'>hoc</span> <span class='ocrx_word' id='word_1_440' title='bbox 298 4676 442 4716; x_wconf 87' lang='lat' dir='ltr'>sane</span> <span class='ocrx_word' id='word_1_441' title='bbox 464 4658 783 4714; x_wconf 89' lang='lat' dir='ltr'>Blanchine</span> <span class='ocrx_word' id='word_1_442' title='bbox 812 4657 1121 4725; x_wconf 84' lang='lat' dir='ltr'>videbitur;</span> <span class='ocrx_word' id='word_1_443' title='bbox 1147 4661 1202 4715; x_wconf 91' lang='lat' dir='ltr'>id</span> <span class='ocrx_word' id='word_1_444' title='bbox 1228 4678 1333 4717; x_wconf 90' lang='lat' dir='ltr'>nos</span> <span class='ocrx_word' id='word_1_445' title='bbox 1353 4668 1547 4719; x_wconf 88' lang='lat' dir='ltr'>tamen</span> <span class='ocrx_word' id='word_1_446' title='bbox 1585 4666 1819 4737; x_wconf 91' lang='lat' dir='ltr'>proprio</span> 
     </span>
    </p>
   </div>
   <div class='ocr_carea' id='block_1_66' title="bbox 177 4750 1815 4828">
    <p class='ocr_par' dir='ltr' id='par_1_66' title="bbox 177 4750 1815 4828">
     <span class='ocr_line' id='line_1_67' title="bbox 177 4750 1815 4828; baseline 0.004 -21"><span class='ocrx_word' id='word_1_447' title='bbox 177 4751 426 4822; x_wconf 89' lang='lat' dir='ltr'>periculo</span> <span class='ocrx_word' id='word_1_448' title='bbox 451 4750 763 4815; x_wconf 89' lang='lat' dir='ltr'>tuendum,</span> <span class='ocrx_word' id='word_1_449' title='bbox 789 4753 965 4820; x_wconf 87' lang='lat' dir='ltr'>atque</span> <span class='ocrx_word' id='word_1_450' title='bbox 986 4751 1412 4809; x_wconf 89' lang='lat' dir='ltr'>ostendendum</span> <span class='ocrx_word' id='word_1_451' title='bbox 1437 4757 1815 4828; x_wconf 88' lang='lat' dir='ltr'>suscipimus;</span> 
     </span>
    </p>
   </div>
   <div class='ocr_carea' id='block_1_67' title="bbox 175 4838 1816 4913">
    <p class='ocr_par' dir='ltr' id='par_1_67' title="bbox 175 4838 1816 4913">
     <span class='ocr_line' id='line_1_68' title="bbox 175 4838 1816 4913; baseline 0.004 -18"><span class='ocrx_word' id='word_1_452' title='bbox 175 4846 314 4913; x_wconf 88' lang='lat' dir='ltr'>quod</span> <span class='ocrx_word' id='word_1_453' title='bbox 346 4841 607 4896; x_wconf 88' lang='lat' dir='ltr'>velunus</span> <span class='ocrx_word' id='word_1_454' title='bbox 638 4839 765 4907; x_wconf 90' lang='lat' dir='ltr'>ejus</span> <span class='ocrx_word' id='word_1_455' title='bbox 794 4838 929 4892; x_wconf 86' lang='lat' dir='ltr'>libri</span> <span class='ocrx_word' id='word_1_456' title='bbox 961 4840 1169 4896; x_wconf 87' lang='lat' dir='ltr'>titulus</span> <span class='ocrx_word' id='word_1_457' title='bbox 1198 4842 1264 4897; x_wconf 86' lang='lat' dir='ltr'>de</span> <span class='ocrx_word' id='word_1_458' title='bbox 1295 4845 1650 4911; x_wconf 78' lang='lat' dir='ltr'>Coronis,seu</span> <span class='ocrx_word' id='word_1_459' title='bbox 1684 4849 1816 4902; x_wconf 83' lang='lat' dir='ltr'>Pas-</span> 
     </span>
    </p>
   </div>
   <div class='ocr_carea' id='block_1_68' title="bbox 174 4928 1820 4999">
    <p class='ocr_par' dir='ltr' id='par_1_68' title="bbox 174 4928 1820 4999">
     <span class='ocr_line' id='line_1_69' title="bbox 174 4928 1820 4999; baseline 0.004 -14"><span class='ocrx_word' id='word_1_460' title='bbox 174 4931 414 4987; x_wconf 79' lang='lat' dir='ltr'>sionibus</span> <span class='ocrx_word' id='word_1_461' title='bbox 440 4933 765 4999; x_wconf 87' lang='lat' dir='ltr'>martyrum</span> <span class='ocrx_word' id='word_1_462' title='bbox 798 4943 913 4981; x_wconf 90' lang='lat' dir='ltr'>non</span> <span class='ocrx_word' id='word_1_463' title='bbox 946 4928 1191 4984; x_wconf 89' lang='lat' dir='ltr'>obscure</span> <span class='ocrx_word' id='word_1_464' title='bbox 1240 4931 1477 4986; x_wconf 89' lang='lat' dir='ltr'>indicat.</span> <span class='ocrx_word' id='word_1_465' title='bbox 1539 4934 1820 4991; x_wconf 88' lang='lat' dir='ltr'>Universa</span> 
     </span>
    </p>
   </div>
   <div class='ocr_carea' id='block_1_69' title="bbox 174 5013 1818 5091">
    <p class='ocr_par' dir='ltr' id='par_1_69' title="bbox 174 5013 1818 5091">
     <span class='ocr_line' id='line_1_70' title="bbox 174 5013 1818 5091; baseline 0.004 -18"><span class='ocrx_word' id='word_1_466' title='bbox 174 5020 345 5091; x_wconf 85' lang='lat' dir='ltr'>igitur</span> <span class='ocrx_word' id='word_1_467' title='bbox 375 5019 732 5091; x_wconf 85' lang='lat' dir='ltr'>hymnorum</span> <span class='ocrx_word' id='word_1_468' title='bbox 765 5015 894 5084; x_wconf 87' lang='lat' dir='ltr'>cjus</span> <span class='ocrx_word' id='word_1_469' title='bbox 915 5013 1047 5071; x_wconf 91' lang='lat' dir='ltr'>libri</span> <span class='ocrx_word' id='word_1_470' title='bbox 1072 5017 1273 5089; x_wconf 88' lang='lat' dir='ltr'>series,</span> <span class='ocrx_word' id='word_1_471' title='bbox 1303 5024 1472 5090; x_wconf 86' lang='lat' dir='ltr'>prout</span> <span class='ocrx_word' id='word_1_472' title='bbox 1495 5038 1621 5077; x_wconf 90' lang='lat' dir='ltr'>eam</span> <span class='ocrx_word' id='word_1_473' title='bbox 1647 5024 1818 5079; x_wconf 89' lang='lat' dir='ltr'>Joan-</span> 
     </span>
    </p>
   </div>
   <div class='ocr_carea' id='block_1_70' title="bbox 175 5103 1815 5179">
    <p class='ocr_par' dir='ltr' id='par_1_70' title="bbox 175 5103 1815 5179">
     <span class='ocr_line' id='line_1_71' title="bbox 175 5103 1815 5179; baseline 0.001 -15"><span class='ocrx_word' id='word_1_474' title='bbox 175 5125 270 5166; x_wconf 89' lang='lat' dir='ltr'>nes</span> <span class='ocrx_word' id='word_1_475' title='bbox 305 5107 586 5164; x_wconf 89' lang='lat' dir='ltr'>Weitzius</span> <span class='ocrx_word' id='word_1_476' title='bbox 605 5103 860 5169; x_wconf 81' lang='lat' dir='ltr'>exhibet,</span> <span class='ocrx_word' id='word_1_477' title='bbox 877 5104 1077 5160; x_wconf 89' lang='lat' dir='ltr'>ordine</span> <span class='ocrx_word' id='word_1_478' title='bbox 1103 5106 1269 5163; x_wconf 89' lang='lat' dir='ltr'>nobis</span> <span class='ocrx_word' id='word_1_479' title='bbox 1292 5113 1687 5179; x_wconf 87' lang='lat' dir='ltr'>percurrenda</span> <span class='ocrx_word' id='word_1_480' title='bbox 1706 5116 1815 5168; x_wconf 87' lang='lat' dir='ltr'>est.</span> 
     </span>
    </p>
   </div>
   <div class='ocr_carea' id='block_1_71' title="bbox 239 5284 1816 5359">
    <p class='ocr_par' dir='ltr' id='par_1_71' title="bbox 239 5284 1816 5359">
     <span class='ocr_line' id='line_1_72' title="bbox 239 5284 1816 5359; baseline 0.003 -16"><span class='ocrx_word' id='word_1_481' title='bbox 239 5290 312 5359; x_wconf 90' lang='lat' dir='ltr'>(a)</span> <span class='ocrx_word' id='word_1_482' title='bbox 343 5287 399 5342; x_wconf 89' lang='lat' dir='ltr'>ls</span> <span class='ocrx_word' id='word_1_483' title='bbox 430 5289 520 5341; x_wconf 89' lang='lat' dir='ltr'>est</span> <span class='ocrx_word' id='word_1_484' title='bbox 551 5284 755 5359; x_wconf 78' lang='lat' dir='ltr'>ordine</span> <span class='ocrx_word' id='word_1_485' title='bbox 802 5284 1119 5359; x_wconf 73' lang='lat' dir='ltr'>secundus</span> <span class='ocrx_word' id='word_1_486' title='bbox 1150 5286 1204 5339; x_wconf 90' lang='lat' dir='ltr'>in</span> <span class='ocrx_word' id='word_1_487' title='bbox 1238 5287 1503 5345; x_wconf 88' lang='lat' dir='ltr'>Editione</span> <span class='ocrx_word' id='word_1_488' title='bbox 1561 5290 1816 5347; x_wconf 86' lang='lat' dir='ltr'>Weitzii.</span> 
     </span>
    </p>
   </div>
   <div class='ocr_carea' id='block_1_72' title="bbox 174 5354 1819 5436">
    <p class='ocr_par' dir='ltr' id='par_1_72' title="bbox 174 5354 1819 5436">
     <span class='ocr_line' id='line_1_73' title="bbox 174 5354 1819 5436; baseline 0.003 -22"><span class='ocrx_word' id='word_1_489' title='bbox 174 5354 644 5436; x_wconf 19' lang='lat' dir='ltr'>Constatautem;</span> <span class='ocrx_word' id='word_1_490' title='bbox 794 5354 1072 5436; x_wconf 73' lang='lat' dir='ltr'>strophis,</span> <span class='ocrx_word' id='word_1_491' title='bbox 1106 5355 1361 5427; x_wconf 89' lang='lat' dir='ltr'>hymnus</span> <span class='ocrx_word' id='word_1_492' title='bbox 1387 5377 1519 5417; x_wconf 91' lang='lat' dir='ltr'>vero</span> <span class='ocrx_word' id='word_1_493' title='bbox 1563 5367 1819 5436; x_wconf 87' lang='lat' dir='ltr'>Lauren-</span> 
     </span>
    </p>
   </div>
   <div class='ocr_carea' id='block_1_73' title="bbox 170 5426 1819 5506">
    <p class='ocr_par' dir='ltr' id='par_1_73' title="bbox 170 5426 1819 5506">
     <span class='ocr_line' id='line_1_74' title="bbox 170 5426 1819 5506; baseline 0.005 -24"><span class='ocrx_word' id='word_1_494' title='bbox 170 5432 252 5498; x_wconf 77' lang='lat' dir='ltr'>tii,</span> <span class='ocrx_word' id='word_1_495' title='bbox 283 5432 381 5506; x_wconf 80' lang='lat' dir='ltr'>qui</span> <span class='ocrx_word' id='word_1_496' title='bbox 412 5430 473 5506; x_wconf 85' lang='lat' dir='ltr'>in</span> <span class='ocrx_word' id='word_1_497' title='bbox 495 5446 573 5506; x_wconf 66' lang='lat' dir='ltr'>ea</span> <span class='ocrx_word' id='word_1_498' title='bbox 602 5426 869 5506; x_wconf 79' lang='lat' dir='ltr'>Editione</span> <span class='ocrx_word' id='word_1_499' title='bbox 892 5426 1101 5482; x_wconf 88' lang='lat' dir='ltr'>tertius</span> <span class='ocrx_word' id='word_1_500' title='bbox 1147 5426 1489 5488; x_wconf 85' lang='lat' dir='ltr'>numeratur</span> <span class='ocrx_word' id='word_1_501' title='bbox 1546 5435 1819 5506; x_wconf 87' lang='lat' dir='ltr'>strophas</span> 
     </span>
    </p>
   </div>
   <div class='ocr_carea' id='block_1_74' title="bbox 177 5498 860 5558">
    <p class='ocr_par' dir='ltr' id='par_1_74' title="bbox 177 5498 860 5558">
     <span class='ocr_line' id='line_1_75' title="bbox 177 5498 860 5558; baseline -0.015 0"><span class='ocrx_word' id='word_1_502' title='bbox 177 5498 413 5558; x_wconf 73' lang='lat' dir='ltr'>omnino</span> <span class='ocrx_word' id='word_1_503' title='bbox 446 5501 553 5555; x_wconf 81' lang='grc'>146</span> <span class='ocrx_word' id='word_1_504' title='bbox 584 5498 860 5557; x_wconf 84' lang='lat' dir='ltr'>continet.</span> 
     </span>
    </p>
   </div>
   <div class='ocr_carea' id='block_1_75' title="bbox 236 5567 1821 5647">
    <p class='ocr_par' dir='ltr' id='par_1_75' title="bbox 236 5567 1821 5647">
     <span class='ocr_line' id='line_1_76' title="bbox 236 5567 1821 5647; baseline 0.004 -20"><span class='ocrx_word' id='word_1_505' title='bbox 236 5573 689 5647; x_wconf 11' lang='lat' dir='ltr'>(bg)rHymn._rin</span> <span class='ocrx_word' id='word_1_506' title='bbox 733 5567 1017 5647; x_wconf 84' lang='lat' dir='ltr'>honorem</span> <span class='ocrx_word' id='word_1_507' title='bbox 1082 5570 1181 5627; x_wconf 90' lang='lat' dir='ltr'>SS.</span> <span class='ocrx_word' id='word_1_508' title='bbox 1246 5572 1385 5629; x_wconf 89' lang='lat' dir='ltr'>MM.</span> <span class='ocrx_word' id='word_1_509' title='bbox 1419 5577 1730 5633; x_wconf 87' lang='lat' dir='ltr'>Hemeterii</span> <span class='ocrx_word' id='word_1_510' title='bbox 1766 5581 1821 5633; x_wconf 89' lang='lat' dir='ltr'>et</span> 
     </span>
    </p>
   </div>
   <div class='ocr_carea' id='block_1_76' title="bbox 170 5644 1113 5718">
    <p class='ocr_par' dir='ltr' id='par_1_76' title="bbox 170 5644 1113 5718">
     <span class='ocr_line' id='line_1_77' title="bbox 170 5644 1113 5718; baseline -0.001 -19"><span class='ocrx_word' id='word_1_511' title='bbox 170 5644 489 5703; x_wconf 83' lang='lat' dir='ltr'>Chelidonii</span> <span class='ocrx_word' id='word_1_512' title='bbox 517 5644 1113 5718; x_wconf 56' lang='lat' dir='ltr'>Calagurritanorum.</span> 
     </span>
    </p>
   </div>
   <div class='ocr_carea' id='block_1_77' title="bbox 237 5712 910 5791">
    <p class='ocr_par' dir='ltr' id='par_1_77' title="bbox 237 5712 910 5791">
     <span class='ocr_line' id='line_1_78' title="bbox 237 5712 910 5791; baseline -0.013 -18"><span class='ocrx_word' id='word_1_513' title='bbox 237 5718 303 5791; x_wconf 71' lang='grc' dir='ltr'>(ε)</span> <span class='ocrx_word' id='word_1_514' title='bbox 332 5716 572 5786; x_wconf 83' lang='lat' dir='ltr'>Stroph.</span> <span class='ocrx_word' id='word_1_515' title='bbox 607 5712 844 5787; x_wconf 47' lang='lat' dir='ltr'>u,’vers.</span> <span class='ocrx_word' id='word_1_516' title='bbox 879 5712 910 5765; x_wconf 75' lang='grc'><strong><em>4</em></strong></span> 
     </span>
    </p>
   </div>
   <div class='ocr_carea' id='block_1_78' title="bbox 1943 1908 3516 1985">
    <p class='ocr_par' dir='ltr' id='par_1_78' title="bbox 1943 1908 3516 1985">
     <span class='ocr_line' id='line_1_79' title="bbox 1943 1908 3516 1985; baseline -0.001 -18"><span class='ocrx_word' id='word_1_517' title='bbox 1943 1912 2176 1968; x_wconf 89' lang='lat' dir='ltr'>initium</span> <span class='ocrx_word' id='word_1_518' title='bbox 2210 1916 2279 1968; x_wconf 92' lang='lat' dir='ltr'>de</span> <span class='ocrx_word' id='word_1_519' title='bbox 2311 1913 2609 1985; x_wconf 86' lang='lat' dir='ltr'>Calagurri</span> <span class='ocrx_word' id='word_1_520' title='bbox 2639 1915 2887 1984; x_wconf 91' lang='lat' dir='ltr'>loquens</span> <span class='ocrx_word' id='word_1_521' title='bbox 2918 1914 3272 1969; x_wconf 90' lang='lat' dir='ltr'>Prudentius</span> <span class='ocrx_word' id='word_1_522' title='bbox 3305 1912 3385 1966; x_wconf 90' lang='lat' dir='ltr'>ait</span> <span class='ocrx_word' id='word_1_523' title='bbox 3412 1908 3516 1982; x_wconf 64' lang='lat'>(1‘):</span> 
     </span>
    </p>
   </div>
   <div class='ocr_carea' id='block_1_79' title="bbox 2068 2000 3383 2065">
    <p class='ocr_par' dir='ltr' id='par_1_79' title="bbox 2068 2000 3383 2065">
     <span class='ocr_line' id='line_1_80' title="bbox 2068 2000 3383 2065; baseline -0.001 -15"><span class='ocrx_word' id='word_1_524' title='bbox 2068 2000 2161 2051; x_wconf 77' lang='lat' dir='ltr'>Hic</span> <span class='ocrx_word' id='word_1_525' title='bbox 2189 2002 2325 2051; x_wconf 76' lang='lat' dir='ltr'>locus</span> <span class='ocrx_word' id='word_1_526' title='bbox 2355 2002 2551 2065; x_wconf 76' lang='lat' dir='ltr'>dignus</span> <span class='ocrx_word' id='word_1_527' title='bbox 2579 2002 2828 2053; x_wconf 89' lang='lat' dir='ltr'>tenendis</span> <span class='ocrx_word' id='word_1_528' title='bbox 2852 2004 3061 2052; x_wconf 85' lang='lat' dir='ltr'>ossibus</span> <span class='ocrx_word' id='word_1_529' title='bbox 3089 2001 3237 2051; x_wconf 84' lang='lat' dir='ltr'>visus</span> <span class='ocrx_word' id='word_1_530' title='bbox 3261 2004 3383 2051; x_wconf 89' lang='lat' dir='ltr'>Deo.</span> 
     </span>
    </p>
   </div>
   <div class='ocr_carea' id='block_1_80' title="bbox 1943 2090 2587 2164">
    <p class='ocr_par' dir='ltr' id='par_1_80' title="bbox 1943 2090 2587 2164">
     <span class='ocr_line' id='line_1_81' title="bbox 1943 2090 2587 2164; baseline 0.005 -19"><span class='ocrx_word' id='word_1_531' title='bbox 1943 2090 2063 2145; x_wconf 92' lang='lat' dir='ltr'>Sub</span> <span class='ocrx_word' id='word_1_532' title='bbox 2098 2091 2274 2147; x_wconf 81' lang='lat' dir='ltr'>finem</span> <span class='ocrx_word' id='word_1_533' title='bbox 2304 2108 2437 2146; x_wconf 90' lang='lat' dir='ltr'>vero</span> <span class='ocrx_word' id='word_1_534' title='bbox 2465 2092 2545 2164; x_wconf 88' lang='lat' dir='ltr'>(g)</span> <span class='ocrx_word' id='word_1_535' title='bbox 2575 2111 2587 2148; x_wconf 91' lang='lat'><strong>:</strong></span> 
     </span>
    </p>
   </div>
   <div class='ocr_carea' id='block_1_81' title="bbox 2065 2180 3587 2244">
    <p class='ocr_par' dir='ltr' id='par_1_81' title="bbox 2065 2180 3587 2244">
     <span class='ocr_line' id='line_1_82' title="bbox 2065 2180 3587 2244; baseline 0.001 -16"><span class='ocrx_word' id='word_1_536' title='bbox 2065 2180 2357 2243; x_wconf 85' lang='lat' dir='ltr'>Martyrum</span> <span class='ocrx_word' id='word_1_537' title='bbox 2388 2195 2508 2231; x_wconf 91' lang='lat' dir='ltr'>cum</span> <span class='ocrx_word' id='word_1_538' title='bbox 2538 2183 2780 2232; x_wconf 84' lang='lat' dir='ltr'>membra</span> <span class='ocrx_word' id='word_1_539' title='bbox 2806 2185 2983 2231; x_wconf 80' lang='lat' dir='ltr'>nostra</span> <span class='ocrx_word' id='word_1_540' title='bbox 3014 2181 3349 2230; x_wconf 84' lang='lat' dir='ltr'>consecravit</span> <span class='ocrx_word' id='word_1_541' title='bbox 3378 2181 3587 2244; x_wconf 77' lang='lat' dir='ltr'>Oppido.</span> 
     </span>
    </p>
   </div>
   <div class='ocr_carea' id='block_1_82' title="bbox 1940 2260 3589 2334">
    <p class='ocr_par' dir='ltr' id='par_1_82' title="bbox 1940 2260 3589 2334">
     <span class='ocr_line' id='line_1_83' title="bbox 1940 2260 3589 2334; baseline 0.001 -21"><span class='ocrx_word' id='word_1_542' title='bbox 1940 2260 2485 2329; x_wconf 59' lang='lat' dir='ltr'>NectPrudentium,</span> <span class='ocrx_word' id='word_1_543' title='bbox 2511 2262 2612 2333; x_wconf 89' lang='lat' dir='ltr'>qui</span> <span class='ocrx_word' id='word_1_544' title='bbox 2632 2279 2746 2317; x_wconf 92' lang='lat' dir='ltr'>non</span> <span class='ocrx_word' id='word_1_545' title='bbox 2771 2262 3111 2334; x_wconf 85' lang='lat' dir='ltr'>longissime</span> <span class='ocrx_word' id='word_1_546' title='bbox 3127 2262 3197 2316; x_wconf 87' lang='lat' dir='ltr'>ab</span> <span class='ocrx_word' id='word_1_547' title='bbox 3213 2262 3419 2317; x_wconf 91' lang='lat' dir='ltr'>horum</span> <span class='ocrx_word' id='word_1_548' title='bbox 3442 2278 3589 2315; x_wconf 87' lang='lat' dir='ltr'>mar-</span> 
     </span>
    </p>
   </div>
   <div class='ocr_carea' id='block_1_83' title="bbox 1940 2351 3589 2422">
    <p class='ocr_par' dir='ltr' id='par_1_83' title="bbox 1940 2351 3589 2422">
     <span class='ocr_line' id='line_1_84' title="bbox 1940 2351 3589 2422; baseline 0.001 -18"><span class='ocrx_word' id='word_1_549' title='bbox 1940 2354 2132 2421; x_wconf 87' lang='lat' dir='ltr'>tyrum</span> <span class='ocrx_word' id='word_1_550' title='bbox 2166 2352 2378 2407; x_wconf 62' lang='lat' dir='ltr'>saeculo</span> <span class='ocrx_word' id='word_1_551' title='bbox 2427 2351 2589 2416; x_wconf 83' lang='lat' dir='ltr'>vixit,</span> <span class='ocrx_word' id='word_1_552' title='bbox 2650 2351 2827 2407; x_wconf 87' lang='lat' dir='ltr'>latere</span> <span class='ocrx_word' id='word_1_553' title='bbox 2886 2368 3150 2422; x_wconf 89' lang='lat' dir='ltr'>unquam</span> <span class='ocrx_word' id='word_1_554' title='bbox 3210 2355 3459 2422; x_wconf 85' lang='lat' dir='ltr'>poterat,</span> <span class='ocrx_word' id='word_1_555' title='bbox 3490 2366 3589 2405; x_wconf 89' lang='lat' dir='ltr'>eos</span> 
     </span>
    </p>
   </div>
   <div class='ocr_carea' id='block_1_84' title="bbox 1942 2440 3587 2512">
    <p class='ocr_par' dir='ltr' id='par_1_84' title="bbox 1942 2440 3587 2512">
     <span class='ocr_line' id='line_1_85' title="bbox 1942 2440 3587 2512; baseline 0.001 -20"><span class='ocrx_word' id='word_1_556' title='bbox 1942 2440 2187 2510; x_wconf 80' lang='lat' dir='ltr'>Legione</span> <span class='ocrx_word' id='word_1_557' title='bbox 2218 2441 2366 2511; x_wconf 66' lang='lat' dir='ltr'>(quae</span> <span class='ocrx_word' id='word_1_558' title='bbox 2419 2441 2558 2495; x_wconf 90' lang='lat' dir='ltr'>urbs</span> <span class='ocrx_word' id='word_1_559' title='bbox 2611 2457 2725 2496; x_wconf 92' lang='lat' dir='ltr'>non</span> <span class='ocrx_word' id='word_1_560' title='bbox 2760 2456 3083 2512; x_wconf 90' lang='lat' dir='ltr'>paucorum</span> <span class='ocrx_word' id='word_1_561' title='bbox 3144 2440 3373 2495; x_wconf 86' lang='lat' dir='ltr'>dierum</span> <span class='ocrx_word' id='word_1_562' title='bbox 3407 2440 3587 2494; x_wconf 89' lang='lat' dir='ltr'>inter-</span> 
     </span>
    </p>
   </div>
   <div class='ocr_carea' id='block_1_85' title="bbox 1938 2528 3587 2602">
    <p class='ocr_par' dir='ltr' id='par_1_85' title="bbox 1938 2528 3587 2602">
     <span class='ocr_line' id='line_1_86' title="bbox 1938 2528 3587 2602; baseline 0.001 -19"><span class='ocrx_word' id='word_1_563' title='bbox 1938 2528 2087 2583; x_wconf 93' lang='lat' dir='ltr'>vallo</span> <span class='ocrx_word' id='word_1_564' title='bbox 2120 2547 2152 2584; x_wconf 89' lang='lat' dir='ltr'>a</span> <span class='ocrx_word' id='word_1_565' title='bbox 2182 2530 2481 2602; x_wconf 88' lang='lat' dir='ltr'>Calagurri</span> <span class='ocrx_word' id='word_1_566' title='bbox 2515 2532 2779 2601; x_wconf 84' lang='lat' dir='ltr'>sejuncta</span> <span class='ocrx_word' id='word_1_567' title='bbox 2810 2533 2916 2599; x_wconf 90' lang='lat' dir='ltr'>est)</span> <span class='ocrx_word' id='word_1_568' title='bbox 2969 2528 3263 2596; x_wconf 91' lang='lat' dir='ltr'>Marcello,</span> <span class='ocrx_word' id='word_1_569' title='bbox 3319 2534 3385 2584; x_wconf 91' lang='lat' dir='ltr'>ut</span> <span class='ocrx_word' id='word_1_570' title='bbox 3415 2529 3587 2601; x_wconf 87' lang='lat' dir='ltr'>vulgo</span> 
     </span>
    </p>
   </div>
   <div class='ocr_carea' id='block_1_86' title="bbox 1938 2619 3193 2691">
    <p class='ocr_par' dir='ltr' id='par_1_86' title="bbox 1938 2619 3193 2691">
     <span class='ocr_line' id='line_1_87' title="bbox 1938 2619 3193 2691; baseline 0.001 -20"><span class='ocrx_word' id='word_1_571' title='bbox 1938 2620 2213 2685; x_wconf 89' lang='lat' dir='ltr'>creditur,</span> <span class='ocrx_word' id='word_1_572' title='bbox 2248 2620 2598 2675; x_wconf 87' lang='lat' dir='ltr'>Centurione</span> <span class='ocrx_word' id='word_1_573' title='bbox 2630 2620 2963 2691; x_wconf 86' lang='lat' dir='ltr'>progenitos</span> <span class='ocrx_word' id='word_1_574' title='bbox 2990 2619 3193 2673; x_wconf 83' lang='lat' dir='ltr'>fuisse.</span> 
     </span>
    </p>
   </div>
   <div class='ocr_carea' id='block_1_87' title="bbox 2007 2708 3589 2781">
    <p class='ocr_par' dir='ltr' id='par_1_87' title="bbox 2007 2708 3589 2781">
     <span class='ocr_line' id='line_1_88' title="bbox 2007 2708 3589 2781; baseline -0.001 -18"><span class='ocrx_word' id='word_1_575' title='bbox 2007 2708 2310 2763; x_wconf 90' lang='lat' dir='ltr'>Secundus</span> <span class='ocrx_word' id='word_1_576' title='bbox 2333 2708 2606 2780; x_wconf 84' lang='lat' dir='ltr'>ejuslibri</span> <span class='ocrx_word' id='word_1_577' title='bbox 2626 2708 2876 2781; x_wconf 90' lang='lat' dir='ltr'>hymnus</span> <span class='ocrx_word' id='word_1_578' title='bbox 2896 2709 3226 2779; x_wconf 88' lang='lat' dir='ltr'>passionem</span> <span class='ocrx_word' id='word_1_579' title='bbox 3246 2709 3431 2763; x_wconf 88' lang='lat' dir='ltr'>sancti</span> <span class='ocrx_word' id='word_1_580' title='bbox 3448 2708 3589 2762; x_wconf 91' lang='lat' dir='ltr'>Vin-</span> 
     </span>
    </p>
   </div>
   <div class='ocr_carea' id='block_1_88' title="bbox 1936 2796 3583 2868">
    <p class='ocr_par' dir='ltr' id='par_1_88' title="bbox 1936 2796 3583 2868">
     <span class='ocr_line' id='line_1_89' title="bbox 1936 2796 3583 2868; baseline 0 -17"><span class='ocrx_word' id='word_1_581' title='bbox 1936 2797 2107 2851; x_wconf 91' lang='lat' dir='ltr'>centii</span> <span class='ocrx_word' id='word_1_582' title='bbox 2139 2796 2327 2853; x_wconf 64' lang='lat' dir='ltr'>levita:</span> <span class='ocrx_word' id='word_1_583' title='bbox 2348 2797 2647 2865; x_wconf 84' lang='lat' dir='ltr'>continet;</span> <span class='ocrx_word' id='word_1_584' title='bbox 2681 2798 2739 2851; x_wconf 91' lang='lat' dir='ltr'>in</span> <span class='ocrx_word' id='word_1_585' title='bbox 2774 2814 2839 2852; x_wconf 92' lang='lat' dir='ltr'>eo</span> <span class='ocrx_word' id='word_1_586' title='bbox 2872 2801 3065 2852; x_wconf 91' lang='lat' dir='ltr'>autem</span> <span class='ocrx_word' id='word_1_587' title='bbox 3121 2797 3234 2851; x_wconf 89' lang='lat' dir='ltr'>alte</span> <span class='ocrx_word' id='word_1_588' title='bbox 3266 2797 3452 2868; x_wconf 83' lang='lat' dir='ltr'>ipsius</span> <span class='ocrx_word' id='word_1_589' title='bbox 3484 2814 3583 2868; x_wconf 86' lang='lat' dir='ltr'>pa-</span> 
     </span>
    </p>
   </div>
   <div class='ocr_carea' id='block_1_89' title="bbox 1934 2886 3586 2943">
    <p class='ocr_par' dir='ltr' id='par_1_89' title="bbox 1934 2886 3586 2943">
     <span class='ocr_line' id='line_1_90' title="bbox 1934 2886 3586 2943; baseline 0.002 -4"><span class='ocrx_word' id='word_1_590' title='bbox 1934 2886 2106 2940; x_wconf 89' lang='lat' dir='ltr'>triam</span> <span class='ocrx_word' id='word_1_591' title='bbox 2136 2886 2291 2941; x_wconf 89' lang='lat' dir='ltr'>sileri</span> <span class='ocrx_word' id='word_1_592' title='bbox 2323 2888 2495 2941; x_wconf 89' lang='lat' dir='ltr'>modo</span> <span class='ocrx_word' id='word_1_593' title='bbox 2529 2887 2890 2943; x_wconf 89' lang='lat' dir='ltr'>dicebamus.</span> <span class='ocrx_word' id='word_1_594' title='bbox 2915 2887 3143 2942; x_wconf 89' lang='lat' dir='ltr'>Tertius</span> <span class='ocrx_word' id='word_1_595' title='bbox 3174 2888 3243 2941; x_wconf 89' lang='lat' dir='ltr'>de</span> <span class='ocrx_word' id='word_1_596' title='bbox 3274 2887 3586 2942; x_wconf 90' lang='lat' dir='ltr'>Laurentio</span> 
     </span>
    </p>
   </div>
   <div class='ocr_carea' id='block_1_90' title="bbox 1934 2976 3586 3047">
    <p class='ocr_par' dir='ltr' id='par_1_90' title="bbox 1934 2976 3586 3047">
     <span class='ocr_line' id='line_1_91' title="bbox 1934 2976 3586 3047; baseline 0.002 -19"><span class='ocrx_word' id='word_1_597' title='bbox 1934 2979 2044 3041; x_wconf 88' lang='lat' dir='ltr'>est,</span> <span class='ocrx_word' id='word_1_598' title='bbox 2078 2992 2147 3030; x_wconf 84' lang='lat' dir='ltr'>ex</span> <span class='ocrx_word' id='word_1_599' title='bbox 2178 2992 2292 3045; x_wconf 92' lang='lat' dir='ltr'>quo</span> <span class='ocrx_word' id='word_1_600' title='bbox 2334 2976 2579 3032; x_wconf 78' lang='lat' dir='ltr'>Romam</span> <span class='ocrx_word' id='word_1_601' title='bbox 2642 2976 2997 3031; x_wconf 79' lang='lat' dir='ltr'>sanctissimi</span> <span class='ocrx_word' id='word_1_602' title='bbox 3029 2977 3304 3047; x_wconf 88' lang='lat' dir='ltr'>martyris</span> <span class='ocrx_word' id='word_1_603' title='bbox 3334 2976 3586 3047; x_wconf 89' lang='lat' dir='ltr'>patriam</span> 
     </span>
    </p>
   </div>
   <div class='ocr_carea' id='block_1_91' title="bbox 1932 3064 3589 3139">
    <p class='ocr_par' dir='ltr' id='par_1_91' title="bbox 1932 3064 3589 3139">
     <span class='ocr_line' id='line_1_92' title="bbox 1932 3064 3589 3139; baseline 0.001 -20"><span class='ocrx_word' id='word_1_604' title='bbox 1932 3065 2137 3133; x_wconf 87' lang='lat' dir='ltr'>fuisse,</span> <span class='ocrx_word' id='word_1_605' title='bbox 2168 3066 2224 3119; x_wconf 89' lang='lat' dir='ltr'>id</span> <span class='ocrx_word' id='word_1_606' title='bbox 2260 3070 2635 3138; x_wconf 87' lang='lat' dir='ltr'>est,aquame</span> <span class='ocrx_word' id='word_1_607' title='bbox 2666 3067 3143 3139; x_wconf 88' lang='lat' dir='ltr'>pumicehaurire</span> <span class='ocrx_word' id='word_1_608' title='bbox 3160 3064 3589 3122; x_wconf 89' lang='lat' dir='ltr'>Blanchinuset</span> 
     </span>
    </p>
   </div>
   <div class='ocr_carea' id='block_1_92' title="bbox 1936 3154 3583 3221">
    <p class='ocr_par' dir='ltr' id='par_1_92' title="bbox 1936 3154 3583 3221">
     <span class='ocr_line' id='line_1_93' title="bbox 1936 3154 3583 3221; baseline 0 -13"><span class='ocrx_word' id='word_1_609' title='bbox 1936 3154 2210 3210; x_wconf 85' lang='lat' dir='ltr'>Merenda</span> <span class='ocrx_word' id='word_1_610' title='bbox 2243 3154 2495 3221; x_wconf 87' lang='lat' dir='ltr'>voluere;</span> <span class='ocrx_word' id='word_1_611' title='bbox 2524 3171 2662 3211; x_wconf 89' lang='lat' dir='ltr'>nose</span> <span class='ocrx_word' id='word_1_612' title='bbox 2695 3156 2920 3211; x_wconf 91' lang='lat' dir='ltr'>diverso</span> <span class='ocrx_word' id='word_1_613' title='bbox 2942 3155 3089 3210; x_wconf 91' lang='lat' dir='ltr'>nihil</span> <span class='ocrx_word' id='word_1_614' title='bbox 3112 3156 3170 3210; x_wconf 90' lang='lat' dir='ltr'>in</span> <span class='ocrx_word' id='word_1_615' title='bbox 3195 3170 3260 3210; x_wconf 88' lang='lat' dir='ltr'>eo</span> <span class='ocrx_word' id='word_1_616' title='bbox 3300 3155 3583 3210; x_wconf 90' lang='lat' dir='ltr'>contineri</span> 
     </span>
    </p>
   </div>
   <div class='ocr_carea' id='block_1_93' title="bbox 1935 3243 3585 3314">
    <p class='ocr_par' dir='ltr' id='par_1_93' title="bbox 1935 3243 3585 3314">
     <span class='ocr_line' id='line_1_94' title="bbox 1935 3243 3585 3314; baseline -0.001 -16"><span class='ocrx_word' id='word_1_617' title='bbox 1935 3260 2050 3313; x_wconf 90' lang='lat' dir='ltr'>quo</span> <span class='ocrx_word' id='word_1_618' title='bbox 2082 3243 2359 3314; x_wconf 88' lang='lat' dir='ltr'>Hispania</span> <span class='ocrx_word' id='word_1_619' title='bbox 2390 3249 2591 3299; x_wconf 89' lang='lat' dir='ltr'>nostra</span> <span class='ocrx_word' id='word_1_620' title='bbox 2623 3244 2981 3314; x_wconf 88' lang='lat' dir='ltr'>designetur,</span> <span class='ocrx_word' id='word_1_621' title='bbox 3017 3250 3118 3299; x_wconf 90' lang='lat' dir='ltr'>aut</span> <span class='ocrx_word' id='word_1_622' title='bbox 3162 3245 3317 3299; x_wconf 92' lang='lat' dir='ltr'>unde</span> <span class='ocrx_word' id='word_1_623' title='bbox 3375 3243 3585 3313; x_wconf 90' lang='lat' dir='ltr'>conjici</span> 
     </span>
    </p>
   </div>
   <div class='ocr_carea' id='block_1_94' title="bbox 1934 3332 3583 3404">
    <p class='ocr_par' dir='ltr' id='par_1_94' title="bbox 1934 3332 3583 3404">
     <span class='ocr_line' id='line_1_95' title="bbox 1934 3332 3583 3404; baseline 0 -18"><span class='ocrx_word' id='word_1_624' title='bbox 1934 3334 2187 3403; x_wconf 90' lang='lat' dir='ltr'>possitin</span> <span class='ocrx_word' id='word_1_625' title='bbox 2204 3350 2270 3388; x_wconf 89' lang='lat' dir='ltr'>ea</span> <span class='ocrx_word' id='word_1_626' title='bbox 2285 3336 2490 3388; x_wconf 85' lang='lat' dir='ltr'>natum</span> <span class='ocrx_word' id='word_1_627' title='bbox 2506 3334 2692 3389; x_wconf 85' lang='lat' dir='ltr'>fuisse</span> <span class='ocrx_word' id='word_1_628' title='bbox 2716 3333 3241 3402; x_wconf 88' lang='lat' dir='ltr'>Laurentium,non</span> <span class='ocrx_word' id='word_1_629' title='bbox 3258 3332 3337 3388; x_wconf 92' lang='lat' dir='ltr'>ita</span> <span class='ocrx_word' id='word_1_630' title='bbox 3356 3332 3583 3404; x_wconf 89' lang='lat' dir='ltr'>pridem</span> 
     </span>
    </p>
   </div>
   <div class='ocr_carea' id='block_1_95' title="bbox 1934 3420 3581 3493">
    <p class='ocr_par' dir='ltr' id='par_1_95' title="bbox 1934 3420 3581 3493">
     <span class='ocr_line' id='line_1_96' title="bbox 1934 3420 3581 3493; baseline 0 -18"><span class='ocrx_word' id='word_1_631' title='bbox 1934 3422 2178 3493; x_wconf 80' lang='lat' dir='ltr'>professi</span> <span class='ocrx_word' id='word_1_632' title='bbox 2213 3439 2443 3477; x_wconf 88' lang='lat' dir='ltr'>sumus.</span> <span class='ocrx_word' id='word_1_633' title='bbox 2474 3424 2726 3489; x_wconf 89' lang='lat' dir='ltr'>Quartus</span> <span class='ocrx_word' id='word_1_634' title='bbox 2759 3421 2944 3477; x_wconf 88' lang='lat' dir='ltr'>sancti</span> <span class='ocrx_word' id='word_1_635' title='bbox 2977 3420 3318 3493; x_wconf 86' lang='lat' dir='ltr'>Hippollyti,</span> <span class='ocrx_word' id='word_1_636' title='bbox 3339 3420 3581 3492; x_wconf 88' lang='lat' dir='ltr'>quintus</span> 
     </span>
    </p>
   </div>
   <div class='ocr_carea' id='block_1_96' title="bbox 1934 3509 3580 3583">
    <p class='ocr_par' dir='ltr' id='par_1_96' title="bbox 1934 3509 3580 3583">
     <span class='ocr_line' id='line_1_97' title="bbox 1934 3509 3580 3583; baseline 0.001 -19"><span class='ocrx_word' id='word_1_637' title='bbox 1934 3511 2117 3565; x_wconf 83' lang='lat' dir='ltr'>sancti</span> <span class='ocrx_word' id='word_1_638' title='bbox 2142 3512 2434 3583; x_wconf 89' lang='lat' dir='ltr'>Cypriani,</span> <span class='ocrx_word' id='word_1_639' title='bbox 2462 3516 2660 3566; x_wconf 87' lang='lat' dir='ltr'>sextus</span> <span class='ocrx_word' id='word_1_640' title='bbox 2685 3515 3022 3567; x_wconf 88' lang='lat' dir='ltr'>sanctorum</span> <span class='ocrx_word' id='word_1_641' title='bbox 3047 3509 3447 3582; x_wconf 88' lang='lat' dir='ltr'>apostolorum</span> <span class='ocrx_word' id='word_1_642' title='bbox 3471 3514 3580 3565; x_wconf 82' lang='lat' dir='ltr'>Pe-</span> 
     </span>
    </p>
   </div>
   <div class='ocr_carea' id='block_1_97' title="bbox 1932 3598 3579 3671">
    <p class='ocr_par' dir='ltr' id='par_1_97' title="bbox 1932 3598 3579 3671">
     <span class='ocr_line' id='line_1_98' title="bbox 1932 3598 3579 3671; baseline 0.001 -18"><span class='ocrx_word' id='word_1_643' title='bbox 1932 3598 2007 3655; x_wconf 90' lang='lat' dir='ltr'>tri</span> <span class='ocrx_word' id='word_1_644' title='bbox 2032 3605 2089 3656; x_wconf 92' lang='lat' dir='ltr'>et</span> <span class='ocrx_word' id='word_1_645' title='bbox 2109 3600 2272 3656; x_wconf 92' lang='lat' dir='ltr'>Pauli</span> <span class='ocrx_word' id='word_1_646' title='bbox 2296 3600 2597 3670; x_wconf 84' lang='lat' dir='ltr'>passiones</span> <span class='ocrx_word' id='word_1_647' title='bbox 2620 3600 3096 3671; x_wconf 90' lang='lat' dir='ltr'>continent,quos</span> <span class='ocrx_word' id='word_1_648' title='bbox 3116 3599 3253 3670; x_wconf 89' lang='lat' dir='ltr'>quia</span> <span class='ocrx_word' id='word_1_649' title='bbox 3273 3600 3344 3655; x_wconf 90' lang='lat' dir='ltr'>de</span> <span class='ocrx_word' id='word_1_650' title='bbox 3378 3599 3579 3669; x_wconf 83' lang='lat' dir='ltr'>Hispa-</span> 
     </span>
    </p>
   </div>
   <div class='ocr_carea' id='block_1_98' title="bbox 1934 3687 3417 3761">
    <p class='ocr_par' dir='ltr' id='par_1_98' title="bbox 1934 3687 3417 3761">
     <span class='ocr_line' id='line_1_99' title="bbox 1934 3687 3417 3761; baseline -0.001 -19"><span class='ocrx_word' id='word_1_651' title='bbox 1934 3689 2026 3744; x_wconf 90' lang='lat' dir='ltr'>nis</span> <span class='ocrx_word' id='word_1_652' title='bbox 2058 3690 2416 3761; x_wconf 89' lang='lat' dir='ltr'>martyribus</span> <span class='ocrx_word' id='word_1_653' title='bbox 2448 3706 2563 3744; x_wconf 90' lang='lat' dir='ltr'>non</span> <span class='ocrx_word' id='word_1_654' title='bbox 2598 3694 2782 3761; x_wconf 87' lang='lat' dir='ltr'>agunt</span> <span class='ocrx_word' id='word_1_655' title='bbox 2811 3688 3080 3744; x_wconf 89' lang='lat' dir='ltr'>consulto</span> <span class='ocrx_word' id='word_1_656' title='bbox 3109 3687 3417 3743; x_wconf 90' lang='lat' dir='ltr'>mittimus.</span> 
     </span>
    </p>
   </div>
   <div class='ocr_carea' id='block_1_99' title="bbox 2002 3777 3584 3850">
    <p class='ocr_par' dir='ltr' id='par_1_99' title="bbox 2002 3777 3584 3850">
     <span class='ocr_line' id='line_1_100' title="bbox 2002 3777 3584 3850; baseline 0.003 -23"><span class='ocrx_word' id='word_1_657' title='bbox 2002 3778 2324 3849; x_wconf 53' lang='lat' dir='ltr'>Septimum</span> <span class='ocrx_word' id='word_1_658' title='bbox 2357 3780 2485 3849; x_wconf 78' lang='lat' dir='ltr'>ejus</span> <span class='ocrx_word' id='word_1_659' title='bbox 2517 3777 2650 3832; x_wconf 89' lang='lat' dir='ltr'>libri</span> <span class='ocrx_word' id='word_1_660' title='bbox 2682 3778 2994 3850; x_wconf 91' lang='lat' dir='ltr'>hymnum,</span> <span class='ocrx_word' id='word_1_661' title='bbox 3027 3778 3241 3833; x_wconf 78' lang='lat' dir='ltr'>Laudes</span> <span class='ocrx_word' id='word_1_662' title='bbox 3268 3781 3584 3833; x_wconf 81' lang='lat' dir='ltr'>sanctorum</span> 
     </span>
    </p>
   </div>
   <div class='ocr_carea' id='block_1_100' title="bbox 1933 3867 3584 3939">
    <p class='ocr_par' dir='ltr' id='par_1_100' title="bbox 1933 3867 3584 3939">
     <span class='ocr_line' id='line_1_101' title="bbox 1933 3867 3584 3939; baseline -0.002 -16"><span class='ocrx_word' id='word_1_663' title='bbox 1933 3869 2113 3925; x_wconf 86' lang='lat' dir='ltr'>decem</span> <span class='ocrx_word' id='word_1_664' title='bbox 2143 3877 2193 3923; x_wconf 87' lang='lat' dir='ltr'>et</span> <span class='ocrx_word' id='word_1_665' title='bbox 2221 3873 2337 3924; x_wconf 86' lang='lat' dir='ltr'>octo</span> <span class='ocrx_word' id='word_1_666' title='bbox 2368 3874 2681 3939; x_wconf 81' lang='lat' dir='ltr'>martyrum</span> <span class='ocrx_word' id='word_1_667' title='bbox 2713 3871 3343 3939; x_wconf 56' lang='lat' dir='ltr'>Caesaraugustanorum</span> <span class='ocrx_word' id='word_1_668' title='bbox 3386 3867 3461 3933; x_wconf 85' lang='lat' dir='ltr'>(h)</span> <span class='ocrx_word' id='word_1_669' title='bbox 3494 3868 3584 3921; x_wconf 89' lang='lat' dir='ltr'>in-</span> 
     </span>
    </p>
   </div>
   <div class='ocr_carea' id='block_1_101' title="bbox 1935 3956 3581 4029">
    <p class='ocr_par' dir='ltr' id='par_1_101' title="bbox 1935 3956 3581 4029">
     <span class='ocr_line' id='line_1_102' title="bbox 1935 3956 3581 4029; baseline -0.002 -17"><span class='ocrx_word' id='word_1_670' title='bbox 1935 3958 2245 4029; x_wconf 89' lang='lat' dir='ltr'>scriptum,</span> <span class='ocrx_word' id='word_1_671' title='bbox 2271 3966 2525 4028; x_wconf 85' lang='lat' dir='ltr'>quantus</span> <span class='ocrx_word' id='word_1_672' title='bbox 2558 3958 2656 4013; x_wconf 90' lang='lat' dir='ltr'>ille</span> <span class='ocrx_word' id='word_1_673' title='bbox 2686 3962 2793 4028; x_wconf 90' lang='lat' dir='ltr'>est,</span> <span class='ocrx_word' id='word_1_674' title='bbox 2827 3975 2860 4013; x_wconf 91' lang='lat' dir='ltr'>a</span> <span class='ocrx_word' id='word_1_675' title='bbox 2907 3975 2965 4012; x_wconf 91' lang='lat' dir='ltr'>se</span> <span class='ocrx_word' id='word_1_676' title='bbox 3006 3961 3160 4013; x_wconf 88' lang='lat' dir='ltr'>stare</span> <span class='ocrx_word' id='word_1_677' title='bbox 3218 3956 3581 4012; x_wconf 90' lang='lat' dir='ltr'>Blanchinus</span> 
     </span>
    </p>
   </div>
   <div class='ocr_carea' id='block_1_102' title="bbox 1933 4045 3581 4117">
    <p class='ocr_par' dir='ltr' id='par_1_102' title="bbox 1933 4045 3581 4117">
     <span class='ocr_line' id='line_1_103' title="bbox 1933 4045 3581 4117; baseline -0.002 -14"><span class='ocrx_word' id='word_1_678' title='bbox 1933 4048 2303 4115; x_wconf 84' lang='lat' dir='ltr'>existimavit;</span> <span class='ocrx_word' id='word_1_679' title='bbox 2327 4048 2606 4110; x_wconf 89' lang='lat' dir='ltr'>verum,si</span> <span class='ocrx_word' id='word_1_680' title='bbox 2633 4047 2772 4117; x_wconf 84' lang='lat' dir='ltr'>quid</span> <span class='ocrx_word' id='word_1_681' title='bbox 2807 4063 2912 4117; x_wconf 85' lang='lat' dir='ltr'>ego</span> <span class='ocrx_word' id='word_1_682' title='bbox 2942 4045 3383 4116; x_wconf 85' lang='lat' dir='ltr'>video,miriﬁce</span> <span class='ocrx_word' id='word_1_683' title='bbox 3423 4045 3480 4098; x_wconf 91' lang='lat' dir='ltr'>in</span> <span class='ocrx_word' id='word_1_684' title='bbox 3515 4061 3581 4100; x_wconf 89' lang='lat' dir='ltr'>eo</span> 
     </span>
    </p>
   </div>
   <div class='ocr_carea' id='block_1_103' title="bbox 1932 4136 3583 4207">
    <p class='ocr_par' dir='ltr' id='par_1_103' title="bbox 1932 4136 3583 4207">
     <span class='ocr_line' id='line_1_104' title="bbox 1932 4136 3583 4207; baseline -0.002 -16"><span class='ocrx_word' id='word_1_685' title='bbox 1932 4139 2238 4193; x_wconf 89' lang='lat' dir='ltr'>verborum</span> <span class='ocrx_word' id='word_1_686' title='bbox 2273 4137 2463 4207; x_wconf 86' lang='lat' dir='ltr'>specie</span> <span class='ocrx_word' id='word_1_687' title='bbox 2494 4137 2768 4207; x_wconf 89' lang='lat' dir='ltr'>deceptus</span> <span class='ocrx_word' id='word_1_688' title='bbox 2803 4136 2927 4189; x_wconf 85' lang='lat' dir='ltr'>fuit.</span> <span class='ocrx_word' id='word_1_689' title='bbox 2963 4137 3105 4191; x_wconf 87' lang='lat' dir='ltr'>Rem</span> <span class='ocrx_word' id='word_1_690' title='bbox 3148 4151 3325 4205; x_wconf 90' lang='lat' dir='ltr'>quam</span> <span class='ocrx_word' id='word_1_691' title='bbox 3384 4137 3583 4204; x_wconf 88' lang='lat' dir='ltr'>potero</span> 
     </span>
    </p>
   </div>
   <div class='ocr_carea' id='block_1_104' title="bbox 1932 4222 3581 4295">
    <p class='ocr_par' dir='ltr' id='par_1_104' title="bbox 1932 4222 3581 4295">
     <span class='ocr_line' id='line_1_105' title="bbox 1932 4222 3581 4295; baseline -0.004 -14"><span class='ocrx_word' id='word_1_692' title='bbox 1932 4226 2278 4282; x_wconf 88' lang='lat' dir='ltr'>brevissime</span> <span class='ocrx_word' id='word_1_693' title='bbox 2308 4241 2614 4295; x_wconf 85' lang='lat' dir='ltr'>exponam.</span> <span class='ocrx_word' id='word_1_694' title='bbox 2644 4223 2952 4278; x_wconf 84' lang='lat' dir='ltr'>Extollitin</span> <span class='ocrx_word' id='word_1_695' title='bbox 2986 4240 3052 4278; x_wconf 91' lang='lat' dir='ltr'>eo</span> <span class='ocrx_word' id='word_1_696' title='bbox 3086 4223 3296 4294; x_wconf 90' lang='lat' dir='ltr'>hymno</span> <span class='ocrx_word' id='word_1_697' title='bbox 3327 4222 3581 4275; x_wconf 87' lang='lat' dir='ltr'>Pruden-</span> 
     </span>
    </p>
   </div>
   <div class='ocr_carea' id='block_1_105' title="bbox 1931 4309 3577 4383">
    <p class='ocr_par' dir='ltr' id='par_1_105' title="bbox 1931 4309 3577 4383">
     <span class='ocr_line' id='line_1_106' title="bbox 1931 4309 3577 4383; baseline -0.004 -16"><span class='ocrx_word' id='word_1_698' title='bbox 1931 4315 2051 4369; x_wconf 89' lang='lat' dir='ltr'>tius</span> <span class='ocrx_word' id='word_1_699' title='bbox 2083 4317 2582 4383; x_wconf 65' lang='lat' dir='ltr'>Caesaraugustam</span> <span class='ocrx_word' id='word_1_700' title='bbox 2620 4328 2811 4379; x_wconf 89' lang='lat' dir='ltr'>suam,</span> <span class='ocrx_word' id='word_1_701' title='bbox 2846 4312 2999 4382; x_wconf 91' lang='lat' dir='ltr'>quod</span> <span class='ocrx_word' id='word_1_702' title='bbox 3034 4327 3197 4365; x_wconf 90' lang='lat' dir='ltr'>sacro</span> <span class='ocrx_word' id='word_1_703' title='bbox 3255 4309 3577 4363; x_wconf 91' lang='lat' dir='ltr'>octodecim</span> 
     </span>
    </p>
   </div>
   <div class='ocr_carea' id='block_1_106' title="bbox 1936 4396 3579 4474">
    <p class='ocr_par' dir='ltr' id='par_1_106' title="bbox 1936 4396 3579 4474">
     <span class='ocr_line' id='line_1_107' title="bbox 1936 4396 3579 4474; baseline -0.004 -17"><span class='ocrx_word' id='word_1_704' title='bbox 1936 4408 2255 4474; x_wconf 89' lang='lat' dir='ltr'>martyrum</span> <span class='ocrx_word' id='word_1_705' title='bbox 2268 4417 2537 4472; x_wconf 89' lang='lat' dir='ltr'>,quorum</span> <span class='ocrx_word' id='word_1_706' title='bbox 2555 4404 2746 4455; x_wconf 89' lang='lat' dir='ltr'>servat</span> <span class='ocrx_word' id='word_1_707' title='bbox 2763 4398 3287 4467; x_wconf 66' lang='lat' dir='ltr'>cineres,praasidio</span> <span class='ocrx_word' id='word_1_708' title='bbox 3301 4396 3579 4452; x_wconf 86' lang='lat' dir='ltr'>munitis-</span> 
     </span>
    </p>
   </div>
   <div class='ocr_carea' id='block_1_107' title="bbox 1931 4484 3577 4558">
    <p class='ocr_par' dir='ltr' id='par_1_107' title="bbox 1931 4484 3577 4558">
     <span class='ocr_line' id='line_1_108' title="bbox 1931 4484 3577 4558; baseline -0.004 -12"><span class='ocrx_word' id='word_1_709' title='bbox 1931 4492 2083 4546; x_wconf 88' lang='lat' dir='ltr'>sima</span> <span class='ocrx_word' id='word_1_710' title='bbox 2114 4492 2395 4547; x_wconf 84' lang='lat' dir='ltr'>adversus</span> <span class='ocrx_word' id='word_1_711' title='bbox 2424 4489 2861 4545; x_wconf 86' lang='lat' dir='ltr'>vicissitudines</span> <span class='ocrx_word' id='word_1_712' title='bbox 2890 4488 3486 4558; x_wconf 86' lang='lat' dir='ltr'>habeatur;quodque</span> <span class='ocrx_word' id='word_1_713' title='bbox 3517 4484 3577 4540; x_wconf 89' lang='lat' dir='ltr'>in</span> 
     </span>
    </p>
   </div>
   <div class='ocr_carea' id='block_1_108' title="bbox 1929 4576 3573 4647">
    <p class='ocr_par' dir='ltr' id='par_1_108' title="bbox 1929 4576 3573 4647">
     <span class='ocr_line' id='line_1_109' title="bbox 1929 4576 3573 4647; baseline -0.004 -10"><span class='ocrx_word' id='word_1_714' title='bbox 1929 4585 2200 4637; x_wconf 61' lang='lat' dir='ltr'>extremm</span> <span class='ocrx_word' id='word_1_715' title='bbox 2226 4579 2466 4634; x_wconf 89' lang='lat' dir='ltr'>ultionis</span> <span class='ocrx_word' id='word_1_716' title='bbox 2491 4579 2583 4633; x_wconf 89' lang='lat' dir='ltr'>die</span> <span class='ocrx_word' id='word_1_717' title='bbox 2606 4577 2792 4633; x_wconf 91' lang='lat' dir='ltr'>multo</span> <span class='ocrx_word' id='word_1_718' title='bbox 2814 4577 3012 4647; x_wconf 83' lang='lat' dir='ltr'>plures</span> <span class='ocrx_word' id='word_1_719' title='bbox 3036 4594 3210 4647; x_wconf 90' lang='lat' dir='ltr'>quem</span> <span class='ocrx_word' id='word_1_720' title='bbox 3240 4578 3414 4632; x_wconf 90' lang='lat' dir='ltr'>urbes</span> <span class='ocrx_word' id='word_1_721' title='bbox 3446 4576 3573 4631; x_wconf 75' lang='lat' dir='ltr'>aliae</span> 
     </span>
    </p>
   </div>
   <div class='ocr_carea' id='block_1_109' title="bbox 1929 4664 3571 4737">
    <p class='ocr_par' dir='ltr' id='par_1_109' title="bbox 1929 4664 3571 4737">
     <span class='ocr_line' id='line_1_110' title="bbox 1929 4664 3571 4737; baseline -0.004 -12"><span class='ocrx_word' id='word_1_722' title='bbox 1929 4676 2266 4725; x_wconf 89' lang='lat' dir='ltr'>sanctorum</span> <span class='ocrx_word' id='word_1_723' title='bbox 2293 4668 2529 4723; x_wconf 87' lang='lat' dir='ltr'>exuvias</span> <span class='ocrx_word' id='word_1_724' title='bbox 2556 4666 2785 4722; x_wconf 85' lang='lat' dir='ltr'>Christo</span> <span class='ocrx_word' id='word_1_725' title='bbox 2806 4673 3130 4737; x_wconf 90' lang='lat' dir='ltr'>martyrum</span> <span class='ocrx_word' id='word_1_726' title='bbox 3154 4665 3274 4737; x_wconf 87' lang='lat' dir='ltr'>regi</span> <span class='ocrx_word' id='word_1_727' title='bbox 3315 4664 3571 4720; x_wconf 90' lang='lat' dir='ltr'>votivum</span> 
     </span>
    </p>
   </div>
   <div class='ocr_carea' id='block_1_110' title="bbox 1928 4754 3573 4827">
    <p class='ocr_par' dir='ltr' id='par_1_110' title="bbox 1928 4754 3573 4827">
     <span class='ocr_line' id='line_1_111' title="bbox 1928 4754 3573 4827; baseline -0.003 -13"><span class='ocrx_word' id='word_1_728' title='bbox 1928 4776 2145 4815; x_wconf 88' lang='lat' dir='ltr'>munus</span> <span class='ocrx_word' id='word_1_729' title='bbox 2160 4757 2427 4814; x_wconf 88' lang='lat' dir='ltr'>oblatura</span> <span class='ocrx_word' id='word_1_730' title='bbox 2440 4758 2536 4812; x_wconf 89' lang='lat' dir='ltr'>sit.</span> <span class='ocrx_word' id='word_1_731' title='bbox 2554 4755 2741 4827; x_wconf 87' lang='lat' dir='ltr'>Pergit</span> <span class='ocrx_word' id='word_1_732' title='bbox 2754 4755 3001 4810; x_wconf 90' lang='lat' dir='ltr'>subinde</span> <span class='ocrx_word' id='word_1_733' title='bbox 3015 4755 3423 4811; x_wconf 89' lang='lat' dir='ltr'>concurrentia</span> <span class='ocrx_word' id='word_1_734' title='bbox 3445 4754 3573 4809; x_wconf 85' lang='lat' dir='ltr'>loca</span> 
     </span>
    </p>
   </div>
   <div class='ocr_carea' id='block_1_111' title="bbox 1928 4844 3573 4919">
    <p class='ocr_par' dir='ltr' id='par_1_111' title="bbox 1928 4844 3573 4919">
     <span class='ocr_line' id='line_1_112' title="bbox 1928 4844 3573 4919; baseline -0.003 -16"><span class='ocrx_word' id='word_1_735' title='bbox 1928 4850 2143 4919; x_wconf 85' lang='lat' dir='ltr'>quibus</span> <span class='ocrx_word' id='word_1_736' title='bbox 2173 4848 2321 4903; x_wconf 89' lang='lat' dir='ltr'>sacri</span> <span class='ocrx_word' id='word_1_737' title='bbox 2346 4844 2997 4916; x_wconf 88' lang='lat' dir='ltr'>reliquiarumthesauri</span> <span class='ocrx_word' id='word_1_738' title='bbox 3021 4845 3420 4900; x_wconf 87' lang='lat' dir='ltr'>reconduntur</span> <span class='ocrx_word' id='word_1_739' title='bbox 3436 4860 3573 4898; x_wconf 89' lang='lat' dir='ltr'>enu-</span> 
     </span>
    </p>
   </div>
   <div class='ocr_carea' id='block_1_112' title="bbox 1930 4933 3570 5004">
    <p class='ocr_par' dir='ltr' id='par_1_112' title="bbox 1930 4933 3570 5004">
     <span class='ocr_line' id='line_1_113' title="bbox 1930 4933 3570 5004; baseline -0.003 -12"><span class='ocrx_word' id='word_1_740' title='bbox 1930 4954 2187 5004; x_wconf 86' lang='lat' dir='ltr'>merens,</span> <span class='ocrx_word' id='word_1_741' title='bbox 2220 4942 2275 4990; x_wconf 92' lang='lat' dir='ltr'>et</span> <span class='ocrx_word' id='word_1_742' title='bbox 2306 4936 2405 4991; x_wconf 87' lang='lat' dir='ltr'>ait:</span> <span class='ocrx_word' id='word_1_743' title='bbox 2431 4935 2701 4990; x_wconf 89' lang='lat' dir='ltr'>Corduba</span> <span class='ocrx_word' id='word_1_744' title='bbox 2728 4935 3021 4990; x_wconf 77' lang='lat' dir='ltr'>Acisclum</span> <span class='ocrx_word' id='word_1_745' title='bbox 3054 4951 3120 4990; x_wconf 89' lang='lat' dir='ltr'>ac</span> <span class='ocrx_word' id='word_1_746' title='bbox 3178 4933 3434 4989; x_wconf 89' lang='lat' dir='ltr'>Zoellum</span> <span class='ocrx_word' id='word_1_747' title='bbox 3469 4950 3570 4987; x_wconf 89' lang='lat' dir='ltr'>seu</span> 
     </span>
    </p>
   </div>
   <div class='ocr_carea' id='block_1_113' title="bbox 1929 5022 3575 5092">
    <p class='ocr_par' dir='ltr' id='par_1_113' title="bbox 1929 5022 3575 5092">
     <span class='ocr_line' id='line_1_114' title="bbox 1929 5022 3575 5092; baseline -0.002 -11"><span class='ocrx_word' id='word_1_748' title='bbox 1929 5026 2147 5081; x_wconf 89' lang='lat' dir='ltr'>Zoilum</span> <span class='ocrx_word' id='word_1_749' title='bbox 2175 5024 2393 5080; x_wconf 73' lang='lat' dir='ltr'>offeret:</span> <span class='ocrx_word' id='word_1_750' title='bbox 2426 5026 2671 5078; x_wconf 90' lang='lat' dir='ltr'>Tarraco</span> <span class='ocrx_word' id='word_1_751' title='bbox 2695 5024 3083 5079; x_wconf 87' lang='lat' dir='ltr'>Fructuosum</span> <span class='ocrx_word' id='word_1_752' title='bbox 3119 5028 3175 5079; x_wconf 91' lang='lat' dir='ltr'>et</span> <span class='ocrx_word' id='word_1_753' title='bbox 3201 5024 3411 5092; x_wconf 88' lang='lat' dir='ltr'>socios,</span> <span class='ocrx_word' id='word_1_754' title='bbox 3462 5022 3575 5079; x_wconf 79' lang='lat' dir='ltr'>Ge-</span> 
     </span>
    </p>
   </div>
   <div class='ocr_carea' id='block_1_114' title="bbox 1930 5112 3575 5185">
    <p class='ocr_par' dir='ltr' id='par_1_114' title="bbox 1930 5112 3575 5185">
     <span class='ocr_line' id='line_1_115' title="bbox 1930 5112 3575 5185; baseline -0.001 -15"><span class='ocrx_word' id='word_1_755' title='bbox 1930 5116 2119 5170; x_wconf 88' lang='lat' dir='ltr'>runda</span> <span class='ocrx_word' id='word_1_756' title='bbox 2152 5113 2421 5181; x_wconf 89' lang='lat' dir='ltr'>Felicem,</span> <span class='ocrx_word' id='word_1_757' title='bbox 2442 5112 2681 5167; x_wconf 90' lang='lat' dir='ltr'>Barcino</span> <span class='ocrx_word' id='word_1_758' title='bbox 2708 5112 3070 5181; x_wconf 87' lang='lat' dir='ltr'>Cucufatem,</span> <span class='ocrx_word' id='word_1_759' title='bbox 3102 5113 3434 5185; x_wconf 86' lang='lat' dir='ltr'>Calagurris</span> <span class='ocrx_word' id='word_1_760' title='bbox 3465 5115 3575 5168; x_wconf 81' lang='lat' dir='ltr'>He-</span> 
     </span>
    </p>
   </div>
   <div class='ocr_carea' id='block_1_115' title="bbox 2022 5291 2879 5365">
    <p class='ocr_par' dir='ltr' id='par_1_115' title="bbox 2022 5291 2879 5365">
     <span class='ocr_line' id='line_1_116' title="bbox 2022 5291 2879 5365; baseline -0.002 -16"><span class='ocrx_word' id='word_1_761' title='bbox 2022 5294 2074 5365; x_wconf 75' lang='grc' dir='ltr'>ἀ)</span> <span class='ocrx_word' id='word_1_762' title='bbox 2107 5291 2340 5363; x_wconf 89' lang='lat' dir='ltr'>Stroph.</span> <span class='ocrx_word' id='word_1_763' title='bbox 2372 5309 2541 5347; x_wconf 83' lang='lat' dir='ltr'><strong>xxx1x</strong></span> <span class='ocrx_word' id='word_1_764' title='bbox 2571 5306 2721 5347; x_wconf 86' lang='lat' dir='ltr'>vers.</span> <span class='ocrx_word' id='word_1_765' title='bbox 2755 5292 2879 5347; x_wconf 81' lang='grc'><strong>117.</strong></span> 
     </span>
    </p>
   </div>
   <div class='ocr_carea' id='block_1_116' title="bbox 2001 5295 3573 5490">
    <p class='ocr_par' dir='ltr' id='par_1_116' title="bbox 2001 5295 3573 5490">
     <span class='ocr_line' id='line_1_117' title="bbox 2022 5295 2879 5365; baseline -0.002 -16"><span class='ocrx_word' id='word_1_766' title='bbox 2022 5295 2074 5365; x_wconf 86' lang='lat' dir='ltr'>d)</span> <span class='ocrx_word' id='word_1_767' title='bbox 2107 5295 2340 5363; x_wconf 89' lang='lat' dir='ltr'>Stroph.</span> <span class='ocrx_word' id='word_1_768' title='bbox 2372 5309 2541 5347; x_wconf 83' lang='lat' dir='ltr'><strong>xxx1x</strong></span> <span class='ocrx_word' id='word_1_769' title='bbox 2571 5306 2721 5347; x_wconf 86' lang='lat' dir='ltr'>vers.</span> <span class='ocrx_word' id='word_1_770' title='bbox 2755 5295 2879 5347; x_wconf 81' lang='grc'><strong>117.</strong></span> 
     </span>
     <span class='ocr_line' id='line_1_118' title="bbox 2001 5295 3573 5490; baseline -0.004 -70"><span class='ocrx_word' id='word_1_771' title='bbox 2001 5295 2311 5490; x_wconf 40' lang='grc' dir='ltr'>ἐξ).</span> <span class='ocrx_word' id='word_1_772' title='bbox 2339 5380 2417 5419; x_wconf 81' lang='lat' dir='ltr'>vn</span> <span class='ocrx_word' id='word_1_773' title='bbox 2450 5364 2549 5420; x_wconf 88' lang='lat' dir='ltr'>SS.</span> <span class='ocrx_word' id='word_1_774' title='bbox 2582 5367 2715 5419; x_wconf 87' lang='lat' dir='ltr'>MM.</span> <span class='ocrx_word' id='word_1_775' title='bbox 2765 5367 3116 5435; x_wconf 61' lang='lat' dir='ltr'>Caesaraug,</span> <span class='ocrx_word' id='word_1_776' title='bbox 3167 5363 3390 5435; x_wconf 89' lang='lat' dir='ltr'>stroph.</span> <span class='ocrx_word' id='word_1_777' title='bbox 3450 5377 3573 5431; x_wconf 86' lang='lat' dir='ltr'>vm,</span> 
     </span>
    </p>
   </div>
   <div class='ocr_carea' id='block_1_117' title="bbox 1927 5441 2201 5494">
    <p class='ocr_par' dir='ltr' id='par_1_117' title="bbox 1927 5441 2201 5494">
     <span class='ocr_line' id='line_1_119' title="bbox 1927 5441 2201 5494; baseline -0.018 1"><span class='ocrx_word' id='word_1_778' title='bbox 1927 5454 2078 5494; x_wconf 89' lang='lat' dir='ltr'>vers.</span> <span class='ocrx_word' id='word_1_779' title='bbox 2111 5441 2201 5490; x_wconf 83' lang='lat'>21.</span> 
     </span>
    </p>
   </div>
   <div class='ocr_carea' id='block_1_118' title="bbox 2002 5506 2695 5583">
    <p class='ocr_par' dir='ltr' id='par_1_118' title="bbox 2002 5506 2695 5583">
     <span class='ocr_line' id='line_1_120' title="bbox 2002 5506 2695 5583; baseline -0.009 -16"><span class='ocrx_word' id='word_1_780' title='bbox 2002 5510 2071 5583; x_wconf 69' lang='lat' dir='ltr'>if)</span> <span class='ocrx_word' id='word_1_781' title='bbox 2100 5506 2332 5583; x_wconf 82' lang='lat' dir='ltr'>Stroph.</span> <span class='ocrx_word' id='word_1_782' title='bbox 2368 5524 2429 5572; x_wconf 88' lang='lat' dir='ltr'>II,</span> <span class='ocrx_word' id='word_1_783' title='bbox 2460 5522 2609 5562; x_wconf 88' lang='lat' dir='ltr'>vers.</span> <span class='ocrx_word' id='word_1_784' title='bbox 2640 5507 2695 5561; x_wconf 88' lang='grc'><strong>5.</strong></span> 
     </span>
    </p>
   </div>
   <div class='ocr_carea' id='block_1_119' title="bbox 2000 5578 2893 5654">
    <p class='ocr_par' dir='ltr' id='par_1_119' title="bbox 2000 5578 2893 5654">
     <span class='ocr_line' id='line_1_121' title="bbox 2000 5578 2893 5654; baseline -0.013 -16"><span class='ocrx_word' id='word_1_785' title='bbox 2000 5578 2076 5654; x_wconf 64' lang='grc' dir='ltr'>(ῤ’)</span> <span class='ocrx_word' id='word_1_786' title='bbox 2109 5579 2340 5654; x_wconf 59' lang='lat' dir='ltr'>Stroph.</span> <span class='ocrx_word' id='word_1_787' title='bbox 2374 5595 2569 5654; x_wconf 58' lang='lat' dir='ltr'><strong>xxxix,</strong></span> <span class='ocrx_word' id='word_1_788' title='bbox 2596 5594 2745 5654; x_wconf 84' lang='lat' dir='ltr'>vers.</span> <span class='ocrx_word' id='word_1_789' title='bbox 2770 5578 2893 5636; x_wconf 74' lang='grc'>416,</span> 
     </span>
    </p>
   </div>
   <div class='ocr_carea' id='block_1_120' title="bbox 2001 5582 3563 5723">
    <p class='ocr_par' dir='ltr' id='par_1_120' title="bbox 2001 5582 3563 5723">
     <span class='ocr_line' id='line_1_122' title="bbox 2001 5582 2893 5654; baseline -0.002 -16"><span class='ocrx_word' id='word_1_790' title='bbox 2001 5582 2054 5654; x_wconf 81' lang='lat' dir='ltr'>(g</span> <span class='ocrx_word' id='word_1_791' title='bbox 2109 5582 2340 5650; x_wconf 91' lang='lat' dir='ltr'>Stroph.</span> <span class='ocrx_word' id='word_1_792' title='bbox 2374 5595 2565 5647; x_wconf 71' lang='lat' dir='ltr'><strong>xxxrx,</strong></span> <span class='ocrx_word' id='word_1_793' title='bbox 2596 5594 2745 5634; x_wconf 88' lang='lat' dir='ltr'>vers.</span> <span class='ocrx_word' id='word_1_794' title='bbox 2770 5582 2893 5636; x_wconf 79' lang='lat' dir='ltr'>H6.</span> 
     </span>
     <span class='ocr_line' id='line_1_123' title="bbox 2001 5582 3563 5723; baseline -0.015 -1"><span class='ocrx_word' id='word_1_795' title='bbox 2001 5582 2078 5723; x_wconf 59' lang='lat' dir='ltr'>(ill</span> <span class='ocrx_word' id='word_1_796' title='bbox 2109 5652 2313 5723; x_wconf 70' lang='lat' dir='ltr'>Hymn.</span> <span class='ocrx_word' id='word_1_797' title='bbox 2346 5667 2422 5705; x_wconf 84' lang='lat' dir='ltr'>vn</span> <span class='ocrx_word' id='word_1_798' title='bbox 2466 5651 2523 5704; x_wconf 93' lang='lat' dir='ltr'>in</span> <span class='ocrx_word' id='word_1_799' title='bbox 2558 5651 2793 5723; x_wconf 80' lang='lat' dir='ltr'>laudem</span> <span class='ocrx_word' id='word_1_800' title='bbox 2834 5654 3033 5709; x_wconf 89' lang='lat' dir='ltr'>decem</span> <span class='ocrx_word' id='word_1_801' title='bbox 3085 5655 3144 5706; x_wconf 91' lang='lat' dir='ltr'>et</span> <span class='ocrx_word' id='word_1_802' title='bbox 3172 5650 3298 5705; x_wconf 88' lang='lat' dir='ltr'>octo</span> <span class='ocrx_word' id='word_1_803' title='bbox 3330 5648 3563 5717; x_wconf 89' lang='lat' dir='ltr'>martyr.</span> 
     </span>
    </p>
   </div>
   <div class='ocr_carea' id='block_1_121' title="bbox 1930 5720 3162 5797">
    <p class='ocr_par' dir='ltr' id='par_1_121' title="bbox 1930 5720 3162 5797">
     <span class='ocr_line' id='line_1_124' title="bbox 1930 5720 3162 5797; baseline -0.001 -17"><span class='ocrx_word' id='word_1_804' title='bbox 1930 5720 2506 5793; x_wconf 61' lang='lat' dir='ltr'>Caesaraugustanor.</span> <span class='ocrx_word' id='word_1_805' title='bbox 2538 5720 2839 5777; x_wconf 88' lang='lat' dir='ltr'>Weitzius.</span> <span class='ocrx_word' id='word_1_806' title='bbox 2873 5740 3005 5797; x_wconf 85' lang='lat' dir='ltr'>pag.</span> <span class='ocrx_word' id='word_1_807' title='bbox 3041 5723 3162 5778; x_wconf 65' lang='lat'>403.</span> 
     </span>
    </p>
   </div>
  </div>
