3984 6174
188 265 278 323 645
1107 256 1578 314 ΒΙΒΒΕΒΤΔΤΙΟ
1614 258 1711 311 DE
1749 256 1822 309 DA

1940 257 2043 312 L80
2078 259 2173 312 ET
2207 258 2647 317 LAURBNTIO.

3468 264 3573 319 646

176 387 404 446 totidem
432 383 625 441 verbis
665 386 838 454 atque
886 381 946 437 in
995 380 1289 437 Leoniano
1318 378 1813 448 Sacramentario,
1846 380 1901 446 Α
1927 380 2162 446 trabem,
2187 382 2433 455 exempli
2458 399 2633 438 causa
2648 384 2802 438 oneri
2817 383 3044 457 ferendo
3065 400 3276 455 pacem,
3295 385 3573 455 virginem

178 472 522 534 sanctissimi
547 472 820 543 martyris
838 469 1045 541 patria,
1070 468 1336 539 cognatio
1366 467 1741 540 dignitasque
1761 468 1819 520 in

178 565 409 641 proprize
438 562 628 618 missa:
651 559 1074 616 contestatione
1100 558 1411 613 habentur.
1442 557 1573 611 Uter
1594 556 1665 611 ab
1690 561 1820 610 utro

179 656 352 713 Codex
378 656 685 708 mutuatus
708 650 865 703 hunc
887 652 1140 703 tractum
1166 647 1469 714 fuerit,nec
1490 646 1669 712 hujus
1686 644 1820 711 loci,

177 761 353 817 neque
374 741 541 798 facile
559 739 821 794 divinare
845 742 963 806 est;
992 736 1315 807 praesertim
1340 752 1473 790 cum
1491 735 1561 789 ad
1582 750 1821 789 manum

179 836 209 891 ii
229 832 468 889 Codices
502 847 616 885 non
652 828 770 883 sint
798 852 813 895 ;
844 836 899 882 et
930 826 1075 881 alias
1109 825 1344 880 Missale
1374 824 1514 878 illud
1550 822 1823 878 Gothico-

179 924 428 980 Gallican
440 936 535 976 um
560 935 673 974 non
690 916 933 972 minoris
954 916 1097 970 forte
1114 914 1484 985 antiquitatis
1499 928 1627 968 esse
1641 929 1819 983 quam

179 1016 501 1069 Veronense
558 1006 1113 1070 Sacramentarium,
1168 1021 1236 1058 ex
1294 1003 1388 1058 his
1438 1020 1565 1074 qure
1624 1003 1818 1057 cardd.

183 1110 330 1160 Bona
357 1103 426 1173 (a)
469 1104 525 1154 et
578 1096 933 1153 Thomasius
969 1095 1043 1165 (b)
1074 1094 1383 1166 prodidere
1429 1092 1636 1147 merito
1686 1109 1820 1147 sus-

179 1194 348 1265 picari
381 1188 697 1263 possimus.

244 1282 390 1337 Illud
413 1285 609 1334 tamen
643 1277 867 1331 interea
896 1273 1105 1344 liquet,
1126 1272 1617 1328 Contestationem
1635 1271 1705 1326 de
1720 1288 1820 1342 pa-

180 1373 284 1429 tria
306 1376 359 1427 et
373 1366 717 1439 cognatione
736 1362 1049 1419 Clementis
1075 1361 1331 1418 anilibus
1356 1360 1570 1415 fabulis
1586 1361 1818 1431 plenam

176 1478 326 1529 esse;
361 1463 560 1529 utpote
574 1472 699 1527 quee
712 1470 781 1509 ex
795 1453 1039 1508 conﬁcto
1063 1450 1217 1506 Petri
1243 1450 1489 1521 apostoli
1516 1449 1818 1505 Itinerario

175 1550 347 1623 (quod
383 1546 519 1603 libri
550 1543 997 1615 Recognitionum
1029 1539 1390 1611 inscribitur)
1423 1557 1455 1593 a
1485 1538 1715 1594 Gelasio
1749 1539 1818 1610 (ε)

177 1656 319 1713 papa
364 1637 423 1692 in
474 1634 717 1691 concilio
775 1637 1036 1687 Romano
1077 1647 1095 1683 Ι
1136 1630 1289 1683 inter
1342 1627 1675 1700 apocrypha
1725 1644 1816 1682 re-

173 1731 302 1796 lato,
338 1729 454 1783 fere
484 1726 553 1779 ad
588 1723 841 1778 litteram
870 1722 1183 1792 desumpta
1214 1720 1325 1787 sit;
1372 1734 1616 1789 eamque
1639 1719 1812 1773 etiam

175 1821 237 1875 ob
251 1832 490 1874 causam
511 1832 542 1869 a
559 1812 801 1884 reliquis
823 1810 1112 1879 liturgicis
1128 1809 1295 1864 libris
1312 1807 1513 1864 merito
1528 1808 1817 1879 proscrip-

175 1917 285 1964 tam
309 1905 515 1971 fuisse,
540 1904 693 1975 quod
724 1918 827 1956 nec
851 1898 1202 1955 Blanchinus
1224 1896 1602 1953 inﬁciabitur.
1622 1896 1824 1951 Eliciat

175 1999 303 2053 hinc
331 2011 528 2067 quaeso
560 1994 739 2048 lector
762 2007 985 2061 aequus,
1010 2004 1142 2043 cum
1165 2004 1277 2042 non
1299 1986 1495 2041 minus
1521 1985 1818 2043 Laurentii

176 2085 732 2154 Contestatio,quam
753 2080 925 2135 modo
949 2079 1201 2133 adducta
1223 2076 1819 2146 Clementis,patriam

176 2172 530 2233 sanctissimi
562 2171 745 2226 levitas
782 2167 1117 2240 prseseferre
1145 2164 1433 2233 videatur,
1472 2164 1820 2237 nullumque

178 2271 489 2339 praetereas
510 2266 593 2317 tot
614 2258 903 2329 liturgicis
926 2255 1235 2311 Codicibus
1257 2254 1313 2308 in
1340 2253 1620 2308 auxilium
1644 2271 1819 2309 suum

176 2358 446 2413 advocare
460 2353 886 2422 queat,quanta
899 2348 1136 2401 demum
1153 2343 1203 2400 ei
1216 2344 1360 2399 ﬁdes
1374 2343 1706 2398 adhibenda
1721 2345 1816 2400 sit.

237 2444 501 2501 Vidimus
536 2456 605 2496 ex
636 2454 752 2493 uno
786 2433 1249 2507 importunitatis
1276 2432 1607 2504 argumenti
1632 2433 1820 2504 capite

175 2536 239 2608 (si
272 2532 522 2606 patriam
560 2525 851 2584 Laurentii
884 2526 941 2579 in
974 2525 1103 2594 ejus
1135 2523 1330 2577 missa:
1361 2521 1818 2590 Contestatione,

176 2640 292 2695 qua:
309 2620 475 2677 nobis
488 2612 1077 2689 objicitur,contineri
1094 2609 1450 2666 Blanchinus
1464 2610 1624 2680 velit)
1641 2626 1824 2681 quan-

176 2720 293 2768 tum
315 2727 383 2765 ea
403 2706 759 2763 Contestatio
790 2705 862 2759 de
894 2701 1189 2765 falsitatis,
1225 2704 1324 2753 aut
1352 2698 1820 2770 interpolationis

177 2802 301 2857 vitio
326 2801 606 2869 suspecta
630 2793 907 2850 sit.Nunc
932 2793 978 2846 si
1005 2792 1076 2846 ad
1102 2789 1366 2861 phrasim
1393 2787 1663 2843 nascendo
1683 2789 1821 2843 civis

176 2907 279 2947 esse
298 2890 566 2945 animum
592 2882 880 2954 tantisper
901 2881 1198 2936 advertere
1218 2878 1512 2945 volumus,
1538 2893 1665 2931 eam
1688 2893 1819 2948 pro-

177 2981 313 3034 fecto
344 2991 453 3031 nec
482 2973 671 3029 Latini
712 2968 1000 3026 sermonis
1051 2966 1246 3039 genio,
1280 2982 1468 3035 neque
1516 2966 1668 3019 aetati
1721 2969 1821 3019 aut

179 3067 314 3140 style
344 3063 555 3121 Leonis
582 3060 801 3132 Magni,
834 3058 930 3114 cui
961 3062 1155 3113 tamen
1189 3054 1544 3110 Blanchinus
1578 3054 1816 3110 omnino

179 3156 511 3212 attributam
525 3150 959 3206 vultullatenus
974 3144 1279 3201 convenire
1292 3144 1822 3215 deprehendemus.

178 3248 430 3301 Primum
465 3242 620 3313 quod
653 3242 899 3311 spectat,
926 3252 1120 3303 nemo,
1144 3235 1369 3303 opinor,
1406 3234 1688 3289 lectorum
1719 3234 1830 3289 erit

179 3336 263 3407 qui
279 3333 502 3390 neseiat
516 3345 724 3403 parum
740 3326 942 3382 Latine
955 3325 1067 3379 dici
1082 3323 1355 3379 nascendo
1369 3339 1525 3394 quem
1541 3323 1830 3391 civem,in-

181 3441 385 3495 genum,
413 3430 508 3476 aut
529 3419 859 3474 libertinum
887 3413 1294 3477 esse.Veteres,
1320 3413 1439 3466 imo
1455 3412 1657 3466 medias
1682 3428 1829 3482 quos

188 3518 383 3569 vocant
405 3508 744 3566 Latinitatis
769 3510 1057 3570 auctores,
1074 3503 1335 3557 dicerent
1358 3518 1369 3556 :
1396 3505 1624 3568 natura,
1655 3517 1755 3555 seu
1779 3500 1828 3555 si

192 3602 347 3674 paulo
361 3597 701 3672 depressius
715 3592 1100 3668 loquivellent
1115 3609 1126 3647 :
1143 3590 1511 3651 naturaliter;
1525 3606 1636 3660 quo
1651 3605 1827 3644 sensu

194 3690 689 3763 Carthaginienses
704 3686 902 3741 Cicero
921 3692 1127 3738 natura
1144 3681 1433 3737 mendaces
1448 3679 1829 3750 (d)victoriam

196 3787 379 3835 natura
400 3778 693 3851 superbam
715 3776 784 3847 (e)
808 3778 999 3843 vocat;
1033 3771 1325 3836 Horatius,
1356 3786 1591 3824 carmen
1623 3778 1831 3823 natura

200 3870 457 3925 laudabile
506 3868 600 3939 (f),
633 3866 925 3919 Romanos
983 3866 1189 3915 natura
1244 3859 1513 3913 sublimes
1548 3858 1623 3929 (g)
1656 3862 1829 3929 atque

199 3959 284 4014 alii
314 3964 577 4015 auctores
614 3954 853 4026 passim.
890 3951 1020 4007 Scio
1049 3949 1319 4021 equidem
1353 3949 1605 4003 solvendo
1634 3947 1824 4017 ﬁdeiu-

198 4050 371 4115 benio,
402 4049 537 4103 satis
582 4044 764 4099 dando
794 4058 907 4098 esse
940 4038 1316 4095 Latinissime
1351 4055 1383 4091 a
1409 4038 1702 4091 veteribus
1727 4037 1827 4105 ju-

197 4136 555 4194 risconsultis
586 4134 700 4189 dici
725 4153 738 4202 ;
777 4134 885 4186 imo
911 4128 1250 4199 agnoscendo
1277 4126 1681 4199 proximiorem
1712 4127 1831 4182 hee-

195 4227 359 4283 redem
387 4227 538 4297 ﬁeri,
563 4226 951 4279 testamentum
983 4218 1191 4289 rumpi,
1217 4218 1368 4287 quod
1403 4222 1458 4270 et
1489 4216 1639 4286 apud
1674 4216 1827 4271 Cice-

198 4334 378 4372 ronem
411 4315 666 4387 legimus
689 4312 799 4382 (li);
824 4316 879 4363 et
899 4306 1409 4379 Virgiliusalicubi
1429 4307 1719 4360 fortunam
1745 4308 1827 4375 [e—

196 4407 344 4461 rendo
360 4403 737 4475 superandam
764 4400 825 4471 (ί)
851 4399 1013 4452 dixit.
1042 4398 1279 4451 Diversa
1310 4402 1500 4449 tamen
1528 4395 1648 4449 haec
1669 4399 1825 4461 sunt;

1929 472 2047 525 viro
2077 480 2369 539 maturam,
2396 477 2455 528 et
2476 472 2694 527 similia
2715 488 2836 541 qua:
2861 489 2929 526 ex
2958 488 3233 542 germana
3261 475 3574 532 Latinitate

1933 566 2101 628 sunt;
2127 560 2213 615 vel
2237 562 2286 616 si
2310 561 2658 633 simpliciter
2674 561 3022 631 gerundium
3044 563 3376 632 ponitur,ex
3388 570 3579 623 vetere

1931 647 1985 701 id
2008 648 2205 720 aliqua
2232 656 2407 720 atque
2445 650 3284 718 obsoletajurisconsultorum
3320 653 3573 711 formula

1933 739 2281 795 descendere
2311 743 2638 812 putandum
2675 745 2780 796 est.

1947 851 1953 857 ~
2004 828 2081 881 De
2098 834 2260 883 aetate
2276 836 2471 885 autem
2490 830 2771 901 phraseos
2782 831 3062 886 nascendo
3075 832 3330 900 civem,in
3338 851 3436 902 gen
3446 852 3578 891 uum

1933 922 2035 970 aut
2058 918 2165 973 tale
2186 919 2404 990 aliquid
2428 918 2795 986 esse,nullum
2820 919 2965 974 mihi
2988 920 3404 991 hactenus,nec
3423 926 3578 995 apud

1934 1006 2107 1061 medii
2141 1008 2241 1061 azvi
2276 1009 2592 1079 scriptorcs
2624 1010 2955 1080 exemplum
2991 1010 3243 1081 reperire
3294 1010 3478 1079 licuit,
3512 1030 3579 1068 ex

1931 1112 2047 1166 quo
2078 1096 2238 1150 illam
2274 1098 2481 1153 elicere
2513 1100 2829 1169 possimus.
2855 1098 2933 1152 Cl.
2972 1101 3304 1170 Ducangius
3338 1102 3575 1158 unicum

1931 1186 2149 1256 profert
2180 1203 2208 1241 e
2242 1188 2763 1259 Langobardorum
2794 1188 3022 1260 legibus
3054 1189 3113 1244 in
3146 1191 3362 1260 quibus
3396 1192 3577 1248 habe-

1931 1279 1988 1329 tu
2000 1275 2084 1342 r(i)
2100 1292 2112 1329 :
2128 1276 2193 1329 Et
2210 1277 2309 1331 ille
2321 1276 2637 1348 quipulsat,
2651 1283 2703 1332 et
2722 1278 2977 1334 wadiam
2996 1280 3255 1350 suscepit,
3272 1298 3577 1338 PROXIMIO-

1930 1380 2033 1418 RES
2065 1382 2535 1422 SACRAMENTALES
2567 1384 2664 1429 QUI
2696 1384 2986 1423 NASCENDO
3011 1386 3158 1423 SUNT
3178 1369 3369 1425 debeat
3390 1375 3579 1427 nomi—

1928 1457 2457 1521 naretantum.Quae
2470 1471 2806 1526 quanquam
2826 1456 3027 1512 Latine
3040 1457 3579 1529 scriptavideantur

1928 1543 2011 1597 ita
2038 1560 2130 1598 me
2159 1550 2313 1600 Deus
2345 1550 2521 1611 amet,
2571 1562 2684 1599 non
2737 1546 2927 1616 magis
2959 1562 3063 1616 ego
3096 1546 3358 1620 intelligo
3398 1567 3575 1620 quam

1929 1631 2229 1687 Pmnulum
2264 1632 2493 1701 Plauti;
2547 1650 2650 1688 nec
2681 1633 2795 1688 nisi
2826 1635 2897 1688 ad
2930 1635 3274 1704 septimum,
3309 1638 3577 1695 fortassis

1929 1721 2103 1776 etiam
2121 1722 2309 1776 nisiad
2326 1726 2593 1776 octavum
2609 1722 2888 1777 smculum
2905 1724 3106 1778 referri
3122 1741 3292 1795 posse
3306 1726 3575 1783 arbitror.

1931 1810 2039 1865 Sed
2072 1810 2210 1881 quid
2244 1810 2526 1881 exemplis
2558 1828 2704 1882 opus
2754 1810 2888 1866 est?
2936 1811 3124 1867 Verba
3153 1814 3282 1883 ipsa
3310 1817 3578 1872 nascendo

1931 1898 2067 1953 civis
2087 1899 2451 1969 esse,pingue
2475 1900 2669 1954 nescio
2688 1898 2827 1969 quid
2852 1905 3291 1971 atqueagreste,
3306 1902 3425 1959 imo
3441 1906 3575 1959 bar-

1933 1988 2142 2043 barum
2158 1987 2522 2055 sonantia,ex
2542 1989 2757 2041 inﬁma:
2777 1988 3099 2043 Latinitatis
3116 1990 3352 2045 faecibus
3368 1992 3581 2050 hausta

1931 2094 1961 2132 e
1979 2077 2217 2148 vestigio
2240 2092 2369 2131 sese
2392 2078 2662 2148 produnt,
2681 2076 2752 2133 iis
2776 2076 2875 2147 qui
2898 2076 3041 2132 Latii
3068 2095 3180 2133 non
3206 2080 3439 2150 penitus
3472 2082 3580 2138 hc-

1931 2168 2114 2238 spites
2145 2167 2380 2221 fuerint.

2004 2256 2138 2320 Quae
2179 2272 2312 2310 cum
2357 2255 2442 2311 ita
2490 2255 2630 2325 sint,
2674 2254 2723 2311 si
2774 2256 2903 2325 quis
2952 2255 3276 2313 etiamnum
3338 2260 3577 2329 phrasin

1931 2346 2002 2400 de
2024 2361 2141 2415 qua
2159 2344 2455 2415 loquimur
2475 2361 2609 2399 cum
2633 2344 2780 2415 style
2802 2345 2992 2400 sancti
3013 2346 3223 2402 Leonis
3236 2363 3578 2419 congruere,

1931 2438 2032 2490 aut
2051 2450 2118 2489 ex
2139 2433 2328 2505 ipsius
2347 2450 2445 2489 ore
2466 2433 2755 2504 prodiisse
2778 2434 3096 2489 contendat
3122 2451 3134 2488 :
3160 2452 3244 2490 nas
3267 2436 3435 2492 illum
3461 2439 3579 2495 elo-

1931 2524 2323 2595 quentissimo
2342 2522 2599 2594 pontiﬁci
2621 2524 2906 2594 injurium
2931 2524 3052 2579 fore
3072 2533 3427 2583 necesseest.
3453 2529 3579 2584 Scio

1930 2613 2229 2685 equidem,
2257 2617 2313 2667 et
2340 2614 2396 2666 in
2429 2613 2559 2683 ejus
2586 2612 2736 2685 style
2768 2613 3055 2685 reperisse
3086 2616 3241 2686 quod
3276 2622 3582 2688 carperent

1932 2702 2283 2758 merosiores
2315 2701 2416 2756 zevi
2444 2703 2621 2756 nostri
2642 2704 3084 2773 grammaticos,
3108 2704 3277 2774 queis
3295 2721 3582 2773 eor,sum-

1928 2791 2128 2861 mique
2158 2790 2270 2862 ipsi
2304 2790 2622 2862 digitorum
2657 2790 2887 2845 articuli
2922 2790 3261 2848 Tullianum
3296 2796 3538 2865 sapiunt
3566 2814 3581 2866 ;

1932 2895 2036 2934 nec
2059 2878 2446 2933 dissimulabo
2468 2878 2755 2933 nonnulla
2774 2879 2833 2933 in
2854 2880 2982 2949 ejus
3014 2879 3302 2951 Operibus
3331 2882 3582 2938 inveniri

1930 2985 2056 3039 quae
2073 2984 2185 3021 non
2201 2968 2344 3021 satis
2360 2983 2601 3022 nervose
2614 2968 2769 3021 dicta
2782 2969 2965 3023 videri
2991 2970 3247 3041 possint;
3279 2971 3579 3027 tinnulum

1932 3061 2207 3129 praaterea
2221 3056 2493 3110 dictionis
2517 3055 3032 3128 genus,nimisque
3052 3059 3321 3116 fortassis
3344 3061 3578 3116 anxiam

1935 3147 1995 3201 in
2029 3146 2285 3217 periodis
2305 3147 2413 3198 τῶν
2435 3141 2720 3197 ἱσοκώλων
2742 3161 2842 3200 seu
2865 3146 3330 3216 parimembrium
3350 3166 3585 3205 consec-

1937 3237 2250 3304 tationem;
2272 3250 2473 3290 verum
2500 3238 2565 3288 ut
2589 3238 2746 3288 certa
2765 3249 2833 3289 ea
2854 3234 2991 3305 sint,
3015 3236 3168 3305 quod
3195 3254 3301 3293 nos
3334 3255 3448 3293 non
3482 3240 3587 3295 de-

1941 3324 2201 3390 ﬁnimus,
2244 3324 2315 3378 ad
2356 3322 2707 3377 sententiam
2758 3322 3162 3395 orationisque
3202 3329 3585 3392 structuram,

1941 3416 2134 3487 potius
2168 3430 2345 3484 quam
2378 3412 2450 3466 ad
2482 3412 2789 3466 verborum
2825 3414 3237 3484 proprietatem
3280 3421 3545 3486 spectant
3573 3438 3586 3486 ;

1938 3505 1997 3559 in
2031 3503 2247 3575 quibus
2281 3501 2497 3572 alioqui
2534 3501 2819 3571 serendis,
2850 3502 2901 3557 si
2949 3519 3133 3558 unum
3185 3510 3288 3560 aut
3334 3506 3586 3563 alterum

1940 3592 2233 3648 nasvulum
2277 3590 2551 3661 excipias,
2586 3590 2816 3662 egregie
2865 3596 3100 3646 cautum
3147 3594 3583 3651 sanctissimum

1939 3684 2235 3738 doctorem
2271 3680 2451 3735 fuisse
2480 3680 2724 3735 scimus.

2009 3772 2225 3825 Verum
2242 3774 2552 3841 egotamen
2569 3785 2671 3824 nec
2689 3770 2966 3837 pbraseos
2990 3772 3268 3827 nascendo
3297 3776 3434 3830 civis
3465 3777 3597 3831 stri-

1938 3863 2138 3916 dorem
2151 3876 2359 3931 ,neque
2375 3858 2702 3930 argumenti
2720 3859 3224 3930 importunitatem
3241 3864 3463 3919 interea
3479 3882 3597 3919 mo.

1938 3960 2121 4020 ratus,
2150 3949 2263 4003 alia
2288 3949 2378 4002 via
2411 3949 2551 4002 bina
2576 3947 2673 4001 illa
2706 3948 2879 4002 verba
2906 3949 2978 4019 (si
3011 3951 3081 4004 ad
3118 3952 3328 4006 Leonis
3360 3958 3591 4009 tetatem

1940 4056 2006 4094 ea
2033 4056 2163 4093 cum
2220 4037 2541 4091 Blanchinc
2569 4036 2771 4090 referri
2804 4036 3095 4103 volumus)
3129 4040 3365 4107 incerta,
3399 4043 3594 4095 incon-

1936 4128 2125 4197 cinna,
2161 4132 2262 4181 aut
2292 4126 2437 4179 male
2466 4142 2591 4179 cum
2636 4124 2765 4178 aliis
2816 4124 3151 4181 cohaerentia
3194 4129 3502 4182 ostendere
3533 4129 3591 4183 in

1939 4218 2134 4272 animo
2158 4216 2364 4281 habeo;
2382 4216 2497 4267 imo
2522 4214 2785 4284 ipsorum
2811 4215 3115 4269 occasione
3138 4216 3426 4285 integram
3449 4217 3591 4271 Lau-

1940 4306 2213 4362 rentianze
2239 4305 2307 4357 de
2330 4320 2447 4373 qua
2470 4302 2698 4373 agimus
2724 4302 2915 4356 missa:
2931 4302 3589 4376 Contestationem(quze

1940 4398 2010 4451 de
2033 4400 2237 4449 caetero
2269 4397 2541 4447 sanctum
2576 4392 2822 4445 Leonem
2856 4392 3121 4447 fortassis
3153 4397 3450 4448 auctorem
3483 4396 3592 4449 ha-

200 4496 251 4548 in
276 4496 360 4550 bis
390 4495 546 4550 enim
583 4491 919 4564 phrasibus,
949 4504 1115 4542 voces
1142 4486 1368 4540 idoneus
1392 4484 1827 4555 velparsubin-
1863 4492 1905 4556 1)
1940 4479 2870 4554 bet[lc])vitiatam,atqueelihris
2892 4479 3180 4551 liturgicis
3203 4483 3588 4554 proscriptam

199 4584 419 4640 tellectae
452 4582 714 4639 efﬁciunt
740 4583 802 4633 ut
824 4578 1024 4633 eadem
1059 4576 1137 4630 sit
1169 4574 1379 4629 locutio
1406 4591 1470 4627 ac
1494 4575 1541 4627 si
1566 4574 1831 4628 dicamus

260 4730 338 4801 (α)
367 4734 495 4783 Βθτ·
528 4726 776 4801 Ῑέί.ίι¹¹’8.·ν
808 4722 913 4801 ill):
949 4719 1366 4801 11.°“P',.1.2’.P‘
1399 4719 1452 4801 δῖ
1536 4789 1568 4800 ..
1638 4790 1652 4801 .
1746 4788 1797 4801 ..

262 4789 333 4871 (ω’
354 4802 519 4856 Tom.
559 4798 627 4863 11,
662 4789 771 4849 οδι.
804 4794 931 4860 513,
962 4789 1116 4847 Diss’.
1151 4792 1233 4846 Cl.
1272 4789 1571 4844 Muratorii
1622 4790 1691 4843 de
1744 4789 1830 4843 Li-

198 4873 633 4943 turg.Romapa
665 4872 895 4943 vetere._
959 4934 1045 4943 ᾗ,
1129 4933 1138 4943 ,
1262 4932 1278 4943 ,
1498 4931 1582 4943 η,
1645 4930 1655 4941 .

260 4931 324 5013 (ἴ)
352 4944 526 4999 Cone.
557 4941 784 5013 Rom._1_
808 4936 918 4991 sub
951 4933 1178 5013 Gelasio
1211 4932 1450 5013 adann
1488 4931 1699 5013 494,“ἱ.η
1733 4931 1831 4984 de-

195 5001 337 5069 creto
370 5017 437 5069 de
470 5010 827 5084 apocryphis
860 5005 1192 5084 scripturis,
1227 5002 1307 5084 ibi
1340 5020 1352 5057 :
1387 5003 1566 5084 Item;
1598 5001 1832 5084 Itinera:

196 5085 333 5141 rium
373 5073 599 5141 nomine
654 5073 801 5135 Petri
849 5073 1097 5147 apostoli,
1133 5075 1271 5146 quod
1300 5073 1617 5144 appellatur
1655 5075 1834 5128 sancti

196 5156 493 5227 Clemcntis,
522 5153 655 5211 libri
685 5162 798 5209 octo
820 5150 975 5221 (aliis
1005 5164 1218 5214 novem,
1246 5151 1348 5201 aut
1374 5146 1582 5216 decem)
1605 5162 1831 5217 apocry-

194 5230 369 5297 phum.

258 5303 332 5372 (ά)
361 5302 438 5356 De
472 5298 838 5372 [λεξςεᾼενειιςξ

260 5364 325 5441 le)
358 5374 463 5427 Pro
493 5364 578 5426 ΜῙ
603 5364 861 5423 Marcell.
898 5380 974 5417 ιχ.

356 5445 415 5499 In
443 5444 790 5513 Artcpoet.,
824 5453 971 5491 vers.
1012 5435 1129 5513 Mlti,

364 5516 545 5586 Epist.
580 5507 682 5566 lib.
716 5513 1023 5586 l1,d,_vers
1054 5507 1173 5559 165,

257 5580 335 5657 (li)
372 5580 429 5642 in
462 5603 480 5641 1
508 5587 579 5640 de
606 5587 767 5657 Urat,
790 5580 923 5657 241.

266 5654 335 5732 (i)
366 5657 587 5714 fEncid.
622 5670 678 5722 v,
710 5654 837 5709 710.

1944 4571 2143 4628 fuisse.
2176 4570 2239 4623 Id
2262 4573 2326 4622 ut
2352 4567 2582 4638 plenius
2614 4568 2940 4622 innotescat
2971 4569 3272 4623 sciendum
3298 4573 3406 4637 est,
3432 4576 3590 4641 post-

2009 4717 2076 4786 (j)
2101 4714 2236 4769 Litt.
2271 4713 2341 4775 N,
2374 4713 2432 4766 in
2466 4711 2750 4767 Nascendo
2798 4727 2931 4782 esse,
2965 4728 2995 4765 e
3030 4713 3162 4783 ch.
3200 4713 3590 4782 Langobard.,

1940 4785 2043 4839 lib.
2080 4803 2141 4839 ιι.
2177 4784 2266 4839 tit.
2297 4785 2386 4839 21.
2419 4786 2446 4839 .S
2475 4784 2526 4836 9.

1966 4784 2142 4853 ibL'n,
2177 4784 2266 4840 tit.
2297 4785 2386 4853 21,
2419 4786 2446 4851 §
2475 4784 2526 4836 9.

2011 4828 2649 4929 ii.)"1’i§i.§éiii}"éa'dem,
2696 4857 2795 4907 aut
2844 4854 3055 4929 afﬁnis
3090 4856 3383 4929 sententia
3431 4857 3583 4927 apud

1941 4926 2211 4999 sanctum
2260 4928 2507 4981 Leonem
2559 4928 2880 4999 sermonel
2918 4927 2986 4980 de
3013 4926 3197 4999 Natali
3249 4926 3588 4999 apostolum,

1942 5002 2032 5055 his
2062 4998 2251 5053 verbis
2286 5016 2297 5052 ε
2336 4999 2525 5052 Verum
2556 4997 2821 5052 hodierna
2858 4998 3133 5067 festivitas
3165 4997 3336 5069 (Petri
3371 4999 3594 5054 scilicet

1942 5077 1997 5126 et
2026 5070 2212 5142 Pauli)
2257 5078 2464 5139 praeter
2497 5070 2660 5123 illam
2692 5074 3053 5142 reverentiam
3082 5087 3249 5142 quam
3277 5075 3386 5126 toto
3419 5081 3591 5126 terra-

1940 5160 2066 5198 rum
2086 5141 2213 5196 orbe
2233 5143 2556 5211 promeruit,
2586 5140 2821 5212 speciali
2845 5146 2899 5195 et
2923 5140 3157 5213 propria
3186 5148 3405 5197 nostrae
3429 5142 3592 5198 urbis

1944 5213 2328 5286 exsultatione
2356 5214 2686 5286 veneranda
2730 5216 2856 5279 est;
2901 5219 2967 5286 ut
3019 5216 3115 5269 ubi
3162 5215 3590 5286 pracipuorum

1944 5285 2336 5357 apostolorum
2363 5284 2723 5357 gloriﬁcatus
2745 5290 2833 5339 est
2854 5284 3237 5355 exitus,ibi'in
3263 5288 3357 5341 die
3383 5291 3593 5357 marty-

1946 5360 2011 5413 rii
2037 5374 2235 5412 eorum
2262 5357 2329 5409 sit
2355 5357 2564 5429 laetitia;
2581 5356 2965 5427 principatus.
2982 5359 3334 5413 Muratorius
3357 5372 3592 5429 quoque

1944 5430 2207 5498 (Dissert.
2236 5429 2307 5482 de
2340 5428 2461 5483 Vet.
2499 5428 2747 5498 Liturg.,
2780 5445 2906 5499 cap.
2941 5431 2993 5496 3,
3027 5429 3132 5484 col.
3176 5431 3261 5497 18)
3293 5446 3420 5483 eam
3454 5445 3592 5482 con-

1944 5503 2320 5571 testationem
2356 5515 2540 5571 usque
2573 5501 2643 5554 ad
2667 5501 2839 5554 verba
2869 5501 3137 5556 nascendo
3161 5502 3316 5567 civis,
3352 5499 3593 5554 Leonis-

1946 5590 2081 5627 nam
2114 5570 2353 5647 phrasin
2378 5588 2583 5645 sapere
2615 5572 2827 5627 innuit.
