3898 6176
400 311 509 368 647

1246 302 1592 360 ADDENDA
1630 303 1726 356 AD
1763 298 2108 369 QUOSDAM
2143 302 2681 359 PREC‘EDENTES
2714 302 2973 358 TOMOS.
3630 318 3715 375 648

399 434 807 507 quam,sedato
831 424 1816 505 persecutionumturbine,reddita
1831 422 2054 478 fuitEc-
2082 424 2138 492 Α
2168 424 2391 481 incerta
2419 430 2475 482 et
2506 442 2718 482 sensus
2750 426 3147 499 integritatem
3178 444 3284 484 non
3314 429 3569 504 habentia,
3592 454 3717 498 ettra-

398 525 587 581 clesiae
602 540 703 596 per
716 520 1163 579 Constantinum
1180 533 1517 591 pax,sparsa
1532 512 1795 569 ﬁdelium
1812 512 2049 580 animis,

395 616 613 687 diuque
634 611 872 670 occlusa
886 609 1119 683 pietatis
1133 608 1360 665 semina
1375 605 1528 661 illico
1545 606 2053 673 erumpere,atque

395 706 453 759 in
487 705 610 758 dies
642 716 899 757 crescere
927 699 1194 770 coepisse,
1221 699 1329 752 Deo
1362 694 1587 751 scilicet
1620 692 2049 747 incrementum

395 795 592 849 dante.
624 791 766 846 Hinc
814 806 972 845 novas
1006 787 1225 843 sensim
1258 785 1317 841 in
1346 782 1603 840 Ecclesia
1635 797 1855 853 preces,
1891 797 2048 835 novae

392 883 653 938 divinam
687 895 854 951 Opem
886 875 1242 949 implorandi
1277 872 1564 939 formulae,
1597 888 1746 925 nova
1795 870 2048 941 denique

396 971 727 1027 orationum
761 968 1168 1040 liturgicarum
1202 981 1369 1037 seges
1391 966 1586 1019 exorta
1604 965 1711 1026 est,
1736 959 1851 1027 cui,
1873 963 1939 1014 ut
1962 961 2045 1025 fit,

396 1060 667 1117 nonnihil
716 1060 888 1114 etiam
926 1056 1173 1112 infelicis
1205 1055 1325 1112 lolii
1358 1052 1663 1109 succrevit.
1696 1054 2043 1121 Quanquam

394 1149 548 1205 enim
575 1166 651 1207 ea:
672 1164 871 1221 preces
895 1164 927 1202 a
948 1146 1085 1201 viris
1116 1144 1304 1200 doctis
1346 1144 1405 1197 in
1446 1158 1572 1197 eam
1607 1157 1727 1195 rem
1762 1138 2044 1195 adhibitis

392 1237 1298 1313 frequentissimeordinarentur
1313 1253 1325 1290 :
1343 1231 1635 1291 nonnullae
1652 1237 1846 1287 tamen
1861 1231 2041 1303 pieta-

390 1332 467 1387 tis
484 1332 679 1403 potius
694 1345 861 1399 quam
873 1326 1149 1383 doctrina
1166 1326 1462 1381 studiosos
1478 1326 1745 1378 auctores
1758 1320 2038 1387 habuere;

392 1424 567 1491 atque
605 1419 743 1475 hinc
789 1418 1011 1473 factum
1055 1419 1119 1471 ut
1157 1414 1413 1486 plurima
1454 1410 1906 1481 aul‘superﬂua,
1942 1414 2042 1463 aut

390 1510 976 1579 inccrta,parumque
998 1522 1131 1561 cum
1153 1503 1287 1559 aliis
1310 1501 1664 1558 cohaerentia
1685 1516 1816 1554 cum
1841 1502 2041 1554 aucto-

390 1615 544 1663 rum,
566 1602 693 1652 tum
735 1596 912 1651 etiam
964 1594 1433 1666 antiquariorum
1454 1590 1592 1645 vitio
1615 1589 1671 1644 in
1696 1589 1935 1645 Codices
1968 1587 2036 1642 li-

387 1689 644 1760 turgicos
676 1687 1018 1757 irreperent.

460 1821 603 1877 Huic
636 1820 814 1886 malo,
846 1821 1001 1891 quod
1033 1822 1297 1890 tempore
1357 1816 1707 1888 procedente
1737 1812 1851 1870 alte
1878 1815 1934 1869 in
1971 1814 2037 1869 li-
2070 1801 2118 1867 Β

384 1913 591 1983 turgiaa
632 1910 910 1965 interiora
951 1908 1355 1973 descenderat,
1383 1907 1509 1977 jam
1557 1905 1693 1959 inde
1743 1922 1777 1958 a
1825 1904 2037 1959 saeculo

384 2006 617 2072 quarto,
640 2003 743 2055 aut
774 2000 1010 2054 ineunte
1043 1998 1249 2069 quinto
1281 2012 1383 2067 per
1410 1993 1835 2050 ecclesiasticas
1878 1993 2037 2065 leges

386 2090 604 2146 mederi
639 2093 895 2160 coeptum
930 2087 1057 2143 fuit.
1096 2088 1295 2157 Itaque
1324 2083 1553 2140 concilii
1587 2082 1899 2137 Milevitani
1931 2088 2035 2137 Pa-

381 2183 501 2234 tres
539 2194 651 2234 :ne
679 2181 822 2248 forte
871 2176 1003 2247 quid
1047 2178 1234 2231 contra
1280 2174 1444 2244 fidem
1489 2188 1587 2243 per
1634 2174 2030 2243 ignorantiam,

381 2272 477 2323 aut
507 2267 693 2322 minus
723 2267 973 2321 studium
1003 2273 1443 2335 componeretur,
1464 2267 1528 2316 ut
1547 2262 1658 2333 ipsi
1683 2260 2031 2331 loquuntur,

378 2357 566 2429 legem
598 2356 827 2412 edixere
868 2372 881 2410 :
907 2372 977 2409 ne
1006 2354 1215 2409 scilicet
1240 2367 1447 2424 preces,
1477 2360 1571 2405 aut
1602 2349 1882 2406 orationes
1919 2350 2030 2403 ali-

377 2461 525 2516 qum,
548 2447 659 2501 sive
679 2443 1065 2515 Praefationes,
1084 2442 1199 2497 sive
1229 2439 1743 2506 commendationes,
1764 2438 1880 2493 sive
1908 2456 2029 2494 ma—

376 2551 552 2589 nuum
583 2536 955 2605 impositiones
988 2535 1045 2587 in
1073 2532 1304 2587 ecclesia
1330 2530 1677 2593 dicerentur,
1706 2529 1819 2585 nisi
1850 2546 1967 2599 quae
1996 2547 2031 2584 a

373 2624 825 2696 prudentioribus
875 2626 1139 2687 tractatae,
1175 2622 1257 2677 vel
1307 2620 1365 2675 in
1417 2619 1621 2691 synodo
1669 2620 2029 2687 comprobata:

370 2714 587 2783 fuerint
609 2712 708 2784 (a),
730 2712 884 2783 quod
912 2716 967 2766 et
988 2711 1183 2783 ipsum
1208 2710 1267 2764 in
1291 2709 1487 2765 codice
1518 2725 1810 2763 canonum
1843 2708 2031 2765 Eccle-

373 2802 474 2857 siae
498 2801 780 2855 Africanae
806 2800 899 2871 (b),
926 2805 1100 2870 atque
1133 2799 1191 2852 in
1224 2797 1421 2869 aliquo
1451 2814 1520 2853 ex
1548 2796 2027 2869 Carthaginensi-

371 2891 481 2947 bus
505 2890 793 2959 conciliis,
818 2894 971 2945 teste
1002 2887 1325 2943 Walafrido
1358 2888 1643 2942 Strabone
1673 2887 1767 2959 (ο),
1787 2893 2025 2942 cautum

371 2981 599 3053 pridem
646 2980 856 3036 fuerat.
909 2978 1209 3033 Gelasium
1267 2993 1502 3048 quoque
1551 2993 1763 3048 papam
1814 2977 2025 3033 seculo

370 3069 576 3141 quinto
608 3074 854 3125 exeunte
878 3067 937 3123 in
963 3069 1117 3123 idem
1137 3067 1401 3122 studium
1436 3066 1801 3133 incubuisse,
1823 3067 2025 3121 Sacra-

368 3160 719 3215 mentarium
745 3160 874 3229 ejus
888 3158 1123 3213 nomine
1142 3157 1488 3228 inscriptum
1504 3158 1773 3223 testatur;
1791 3155 1845 3210 id
1864 3154 2025 3227 quod
2056 3164 2099 3232 ρ

368 3248 523 3304 idem
545 3249 751 3303 Strabo
770 3250 948 3319 atque
964 3246 1312 3301 Anastasius
1336 3244 1720 3313 conﬁrmant;
1744 3242 1842 3299 ille
1863 3244 2017 3299 enim

362 3336 660 3393 Gelasium
706 3347 818 3393 tam
847 3353 887 3393 a
916 3353 973 3392 se
1022 3353 1187 3407 quam
1218 3336 1285 3391 ab
1317 3335 1450 3390 aliis
1484 3334 1809 3405 compositas
1834 3349 2019 3403 preces

363 3427 652 3482 ordinasse
707 3425 808 3497 (d),
858 3426 951 3480 hic
999 3442 1134 3480 vero
1195 3424 1443 3493 scriptor
1485 3439 1499 3478 :
1540 3424 2019 3478 Sacramentorum

363 3516 720 3587 praefationes
750 3521 908 3569 cauto
937 3529 1185 3569 sermone
1204 3513 1274 3582 [e]
1298 3513 1379 3581 (id
1414 3516 1502 3566 est
1533 3528 1667 3566 cum
1701 3510 1927 3566 delectu
1960 3517 2019 3568 et

363 3604 564 3659 critice
583 3605 863 3657 adversus
884 3603 1345 3656 obtrectatorum
1368 3599 1666 3670 ictus,quo
1690 3615 1865 3654 sensu
1885 3616 2012 3655 eam

360 3708 557 3747 vocem
593 3690 809 3746 alicubi
842 3688 910 3763 [Γ]
948 3689 1220 3745 Horatius
1254 3688 1584 3759 usurpavit)
1612 3690 2016 3760 composuisse

364 3780 655 3853 perhibet.

430 3915 512 3971 De
537 3917 741 3970 sancto
765 3912 1043 3984 Gregorio
1066 3913 1295 3984 Magno,
1323 3913 1422 3984 qui
1450 3930 1563 3967 non
1590 3913 1787 3967 minus
1809 3913 2013 3968 sedulo

357 4002 805 4076 quamGelasius
819 4007 921 4056 aut
936 4002 1155 4073 priores
1170 4001 1250 4055 illi
1262 4002 1457 4057 Patres
1472 4002 1529 4056 in
1544 4003 1800 4056 eamdem
1817 4019 1882 4057 cu
1893 4020 2014 4058 ram

359 4091 1009 4162 incubuit,locupletem
1035 4091 1322 4146 habemus
1342 4096 1550 4147 testem
1570 4091 1855 4147 Joannem
1879 4093 2010 4148 Dia-

358 4200 574 4239 conum
624 4183 682 4237 in
735 4181 924 4253 ipsius
951 4181 1081 4236 Vita
1119 4197 1132 4235 :
1164 4181 1267 4237 Sed
1318 4184 1365 4236 et
1418 4180 1767 4236 Gelasianum
1798 4182 2012 4253 (inquit

356 4273 455 4345 [g])
487 4272 739 4329 Codicem
784 4270 851 4325 de
898 4272 1199 4326 missarum
1244 4269 1761 4340 solemniisﬁmulta
1785 4272 2009 4327 subtra-

352 4363 507 4427 hens,
529 4377 705 4431 pauca
734 4362 1073 4429 convertens,
1107 4361 1380 4414 nonnulla
1424 4359 1691 4429 adjiciens
1715 4377 1813 4431 pro
1842 4378 2009 4432 expo-

348 4449 545 4505 nendis
565 4448 899 4519 euangelicis
929 4450 1278 4518 lectionibus,
1300 4451 1357 4503 in
1380 4448 1547 4503 unius
1575 4449 1712 4504 libri
1730 4450 2009 4506 volumine

2161 517 2239 570 vit
2252 514 2549 584 Gregorius
2562 515 2782 571 ratione
2793 516 2928 571 bilia
2942 532 3167 588 quisque
3179 518 3474 589 eoadunare,
3490 533 3551 591 et,
3566 528 3720 584 seclu-

2162 603 2243 659 sis
2293 604 2365 657 iis
2410 620 2534 674 qua:
2574 604 2660 659 vel
2712 605 2895 661 nimia
2924 606 3012 660 vel
3067 606 3399 666 inconcinna
3423 611 3719 686 videbantur,

2158 694 2463 764 composuit
2487 693 2693 748 librum
2714 695 2813 765 qui
2830 694 3035 749 dicitur
3054 695 3520 773 Sacramentorum,
3540 706 3655 761 sicut
3671 724 3722 763 es

2156 780 2323 837 titulo
2346 783 2462 853 ejus
2484 783 2939 854 manifestissime
2971 784 3304 842 declaratur.

2228 872 2373 927 Cum
2398 872 2595 944 itaque
2625 874 2864 929 omnino
2883 876 3298 931 extradubium
3314 876 3401 947 sit,
3416 878 3667 939 Gelasium
3685 890 3726 941 et

2156 962 2501 1033 Gregorium
2528 979 2626 1018 eos
2649 963 2904 1019 maxime
2927 964 3228 1036 liturgicos
3245 967 3463 1023 Codices
3480 971 3726 1029 ordinasse

2155 1052 2400 1123 atquein
2417 1053 2717 1109 meliorem
2744 1054 2992 1110 formam
3016 1055 3331 1126 reduxisse,
3354 1058 3547 1128 quibus
3565 1062 3719 1117 Eccle-

2154 1144 2241 1198 sia
2270 1146 2533 1199 Bomana
2561 1145 2873 1213 utebatur;
2908 1162 3013 1201 nec
3038 1146 3296 1217 potuisse
3342 1148 3474 1205 alios
3518 1151 3615 1206 nisi
3651 1156 3725 1224 qui

2154 1231 2413 1303 priorum
2434 1234 2776 1304 pontiﬁcum
2797 1236 3160 1305 temporibus
3182 1238 3479 1310 conscripti
3507 1240 3723 1309 fuissent,

2150 1322 2305 1392 quod
2340 1329 2655 1394 utrumque
2689 1324 3006 1379 Veronensi
3036 1328 3480 1383 Sacramentario
3506 1346 3567 1385 ex
3592 1330 3726 1386 Blan-

2149 1411 2306 1466 chini
2331 1412 2417 1483 (i),
2442 1412 2741 1467 Muratorii
2774 1414 2863 1483 (j),
2894 1422 2948 1469 et
2978 1412 3227 1469 aliorum
3253 1414 3326 1486 (Ic)
3359 1418 3614 1472 sententia
3640 1420 3727 1473 mi-

2148 1502 2307 1557 rifice
2356 1502 2646 1573 congruit.
2685 1507 2965 1557 Praeterea
3007 1520 3164 1571 cum,
3194 1504 3344 1559 sicut
3372 1522 3437 1560 ex
3463 1506 3725 1563 Walalrido

2148 1591 2488 1659 didicimus,
2522 1592 2751 1656 iucerta,
2804 1593 3158 1663 inconcinna,
3203 1594 3437 1667 mgleque
3477 1611 3585 1649 cum
3622 1598 3721 1652 aliis

2144 1680 2475 1736 cohaerentia
2508 1680 2772 1736 Gelasius
2802 1686 2859 1736 et
2888 1682 3204 1753 Gregorius
3246 1700 3311 1738 ex
3352 1684 3723 1756 antiquioribus

2144 1770 2414 1824 Romanae
2446 1769 2713 1825 Ecclesiae
2740 1771 3223 1826 Sacramentariis
3245 1773 3621 1841 sustulissent;
3646 1791 3725 1829 ne-

2144 1875 2257 1929 que
2288 1859 2541 1930 amplius
2568 1860 2689 1929 jam
2711 1860 2768 1913 in
2790 1859 3096 1915 Gelasiano
3130 1861 3435 1917 cardinalis
3461 1861 3725 1921 Thomasii.

2144 1954 2244 2002 aut
2274 1950 2332 2003 in
2366 1949 2580 2019 triplici
2612 1949 2965 2021 Gregoriano
2998 1950 3263 2018 Pamelii,
3297 1952 3539 2020 Rocchaz,
3567 1957 3614 2007 et
3640 1958 3725 2006 Me-

2144 2040 2307 2093 nardi
2355 2038 2561 2094 Codice
2608 2040 2783 2094 verba
2830 2038 2931 2094 illa
2986 2041 3258 2096 nascendo
3310 2041 3458 2108 civis,
3509 2043 3606 2097 imo
3648 2057 3725 2096 nec

2143 2128 2545 2184 Laurentianas
2578 2130 2794 2197 missae,
2817 2130 2888 2185 de
2910 2146 3026 2201 qua
3049 2132 3296 2200 agimus,
3322 2132 3635 2187 Contestatio
3660 2147 3727 2185 re-

2142 2217 2446 2288 periantur
2478 2234 2492 2275 :
2526 2235 2893 2290 consequens
2944 2221 3138 2276 omnio
3194 2220 3317 2277 ﬁeri
3365 2222 3587 2286 videtur,
3616 2237 3727 2275 non-

2140 2309 2287 2364 nihil
2334 2310 2394 2364 in
2446 2327 2514 2365 ea
2561 2311 2997 2366 Contestatione
3042 2311 3154 2383 (vel
3189 2313 3236 2368 si
3268 2313 3450 2385 ipsam
3480 2313 3542 2368 ad
3568 2311 3729 2367 Leonis

2138 2402 2400 2468 tempora
2449 2415 2582 2454 cum
2635 2398 2956 2456 Blanchino
3002 2403 3355 2471 referamus)
3382 2404 3636 2469 incertum,
3662 2403 3729 2454 in-

2136 2490 2489 2558 concinnum,
2517 2497 2614 2544 aut
2660 2489 2812 2544 male
2864 2507 2996 2545 cum
3045 2490 3181 2547 aliis
3210 2508 3339 2563 quae
3367 2491 3623 2547 Historiae
3646 2489 3731 2544 fide

2139 2578 2413 2632 nituntur
2441 2579 2718 2633 cohcerens
2745 2597 2777 2634 a
2806 2578 3035 2635 Gelasio
3066 2585 3124 2636 et
3156 2580 3430 2652 Gregorio
3458 2579 3727 2651 deprehen-

2137 2684 2271 2721 sum
2286 2667 2569 2736 fuisse,ob
2586 2669 2738 2739 quod
2757 2667 2919 2723 illam
2940 2668 3276 2741 eliturgicis
3291 2669 3449 2725 libris
3464 2667 3729 2740 proscribe-

2138 2761 2289 2812 rent.
2314 2758 2462 2822 Quid
2488 2762 2685 2812 autem
2731 2757 2811 2827 id,
2838 2774 3059 2829 quaeso,
3084 2758 3204 2813 nisi
3235 2759 3407 2814 verba
3436 2757 3525 2812 illa
3550 2772 3729 2810 nascen-

2134 2845 2200 2900 do
2230 2843 2406 2906 civis;
2457 2861 2589 2900 cum
2642 2845 2799 2916 quod
2851 2844 3149 2917 reliquum
3201 2844 3621 2902 Contestationis
3659 2846 3725 2897 est

2136 2933 2281 2989 nihil
2330 2934 2722 3005 incongruum
2777 2934 3097 3004 contineat,
3154 2936 3461 3007 Magnique
3506 2937 3729 3005 praeterea

2136 3022 2343 3078 Leonis
2367 3022 2584 3094 stylum
2608 3038 2673 3078 ac
2696 3021 3025 3078 doctrinam
3050 3024 3270 3097 sapiat,
3295 3028 3359 3080 ut
3390 3023 3589 3095 pridem
3612 3020 3726 3074 dice-

2136 3108 2391 3165 bamus?

2204 3200 2235 3254 J
2244 3216 2337 3253 am
2365 3216 2496 3254 vero
2545 3199 2594 3254 si
2643 3204 2876 3255 nostras
2911 3200 3014 3255 bas
3047 3217 3244 3273 nugas
3278 3199 3606 3257 Blanchinus
3629 3210 3725 3251 esse

2128 3288 2347 3361 aliquid
2383 3289 2689 3361 putaverit,
2722 3307 2789 3345 eo
2817 3290 3055 3345 demum
3108 3291 3235 3348 haec
3281 3290 3474 3347 omnia
3518 3293 3725 3361 spectare

2126 3379 2510 3446 existimabit,
2544 3383 2609 3434 ut
2640 3380 2833 3435 verbis
2866 3379 2982 3435 illis
3011 3381 3293 3437 nascendo
3322 3383 3471 3447 civis,
3501 3395 3588 3433 seu
3616 3391 3721 3446 spu-

2125 3468 2230 3524 riis
2262 3485 2326 3523 ac
2360 3468 2542 3524 textui
2575 3468 2970 3538 subinductis,
3006 3470 3234 3527 nullam
3268 3486 3503 3544 prorsus
3530 3467 3627 3523 vim
3650 3467 3725 3519 aut

2125 3558 2288 3613 {idem
2305 3558 2497 3613 inesse
2513 3558 3150 3631 asseramus,hancque
3164 3559 3550 3633 responsionis
3562 3558 3723 3611 nostra

2124 3663 2420 3703 summam
2444 3647 2627 3715 forre;
2663 3646 2805 3713 imo,
2828 3664 2945 3719 qua
2966 3655 3057 3703 est
3080 3649 3453 3721 providentia
3472 3662 3531 3703 ac
3551 3639 3721 3716 sagaci-

2122 3740 2241 3791 tate
2264 3735 2374 3803 vir,
2399 3752 2467 3790 ex
2485 3734 2615 3806 ipsa
2636 3736 2814 3791 etiam
2839 3738 3229 3808 responsione
3246 3735 3630 3811 urgentissime
3647 3730 3723 3785 ad-

2122 3841 2327 3879 versus
2358 3841 2465 3879 nos
2498 3823 2829 3880 eliciturum
2867 3844 2879 3881 :
2912 3842 3035 3881 eum
3073 3829 3301 3899 saltem,
3334 3829 3429 3900 qui
3452 3824 3597 3881 verba
3620 3833 3719 3875 rus-

2121 3930 2304 3969 cenno
2334 3931 2480 3969 cms
2512 3914 2701 3970 Codici
2729 3915 3007 3986 adjunxit;
3039 3916 3341 3989 locumque
3361 3917 3539 3987 dequo
3554 3912 3718 3982 agimus

2120 4003 2337 4058 vitiavit
2354 4008 2453 4057 aut
2480 4003 2851 4074 interpolavit,
2874 4005 2987 4075 iam
3005 4004 3070 4061 de
3091 4008 3396 4062 Laurentii
3412 4004 3583 4078 patria
3597 3996 3718 4051 dubl-

2119 4098 2299 4159 tasse;
2346 4094 2623 4164 quodque
2669 4093 2805 4147 huic
2854 4094 3192 4165 proximum
3244 4102 3378 4164 est;
3419 4096 3531 4166 jam
3575 4086 3718 4143 indta
3790 4126 3791 4153 l

2118 4182 2315 4236 saeculo
2361 4186 2565 4250 octavo,
2597 4190 2694 4237 aut
2740 4185 2961 4238 ineunte
3006 4200 3175 4255 nono,
3210 4202 3318 4258 quo
3355 4186 3625 4241 Veronense
3646 4174 3716 4226 Sa-
3788 4204 3789 4258 ἦ

2117 4273 2551 4326 cramentarium
2581 4276 2877 4327 exaratum
2905 4272 3137 4342 dicitur,
3171 4275 3242 4330 de
3272 4271 3552 4330 Laurentii
3580 4274 3718 4340 patrm

2118 4362 2177 4415 in
2207 4369 2495 4430 utramque
2522 4365 2737 4431 partem
2768 4362 3111 4433 disputatum
3139 4366 3342 4435 fuisse.

2190 4449 2421 4503 Satisne
2460 4454 2655 4503 autem
2708 4451 2828 4505 sint
2875 4468 3003 4522 quae
3053 4454 3441 4519 adduximus,
3480 4454 3537 4505 ut
3563 4453 3717 4501 eorum

349 4540 685 4594 coarctavit:
714 4538 853 4608 quid
880 4542 1074 4591 autem
1098 4554 1167 4592 ex
1188 4537 1475 4609 liturgicis
1497 4537 1664 4593 libris
1695 4539 2009 4609 Gregorius
2037 4542 2086 4605 D
2116 4539 2425 4593 verborum
2451 4538 2597 4593 fides
2628 4538 2688 4593 in
2724 4540 3064 4596 universum
3088 4544 3459 4609 traducatur,
3486 4538 3713 4593 lectorum

350 4625 965 4691 subtraxerit,indicat
990 4625 1269 4681 Walafrid
1282 4644 1348 4681 us
1366 4626 1491 4681 loco
1512 4628 1709 4697 citato,
1736 4628 2004 4697 inquiens

349 4718 424 4787 (h)
456 4731 469 4769 :
501 4716 559 4769 Et
590 4714 723 4785 quia
747 4725 859 4770 tam
878 4714 1102 4769 incertis
1132 4716 1452 4770 auctoribus
1478 4716 1656 4770 multa
1676 4716 2002 4773 videbantur

418 4830 496 4901 (a)
520 4830 657 4885 Can.
692 4831 779 4894 12,
812 4835 956 4885 tom.
993 4831 1070 4885 IlI
1102 4830 1244 4886 Coll.
1277 4832 1575 4886 concilior.
1611 4832 1812 4900 Labb.,
1846 4835 1994 4891 Edit.

347 4902 577 4957 Veneta:
602 4902 709 4957 col.
734 4904 859 4956 383.
886 4905 1175 4957 Incertum
1210 4908 1407 4957 tamen
1431 4908 1519 4958 est
1540 4920 1611 4957 an
1636 4904 1686 4958 is
1709 4922 1895 4961 canon
1928 4910 1998 4963 ad

345 4990 491 5048 μω]
524 4974 595 5048 ad
647 4974 1445 5048 i_Milevitanum_concilium
1500 4976 1701 5030 referri
1754 4978 1997 5048 debeat;

343 5045 650 5100 binaenim
671 5046 787 5100 haec
803 5045 859 5099 in
880 5045 1998 5116 unum,librariorum,autcollectorum

344 5116 594 5181 incuria,
618 5118 934 5187 conjuncta
965 5122 1122 5173 sunt.
1149 5119 1294 5173 Vide
1315 5119 1490 5173 Labb.
1511 5120 1653 5174 ibid.
1677 5126 1733 5175 et
1755 5123 1811 5177 in
1835 5141 1997 5179 conc.

344 5187 534 5244 Milev.
569 5206 610 5256 ι,
643 5190 909 5259 ejusdem
942 5193 1086 5244 tom.
1122 5190 1223 5255 IIl,
1258 5190 1344 5245 col
1376 5192 1465 5244 83.

416 5262 500 5337 (b)_
517 5262 685 5337 Apud
738 5261 942 5327 Labb.,
998 5266 1140 5317 tom.
1194 5261 1268 5317 ΙΙΙ
1300 5262 1444 5317 Coll.
1478 5278 1667 5329 conc.,
1702 5264 1809 5319 col.
1842 5268 1999 5337 1336,

342 5334 643 5474 suaiiiitﬁ.
677 5405 747 5459 de
780 5403 920 5458 Reb.
957 5402 1393 5469 ecclesiasticis,
1429 5420 1556 5473 cap.
1584 5403 1675 5457 22.
1709 5406 1855 5462 Edit.
1890 5410 1997 5466 Ro-

342 5491 526 5530 manae
562 5491 696 5531 ann.
733 5476 894 5544 1591,
928 5491 1061 5546 pag.
1098 5476 1223 5538 346,
1257 5479 1364 5528 col.
1391 5476 1443 5528 2.
1483 5474 1702 5544 Ideoque
1729 5480 2000 5539 credimus

339 5547 465 5618 (ait)
497 5547 759 5624 conciliis
807 5546 1249 5624 Carthaginensi
1277 5555 1329 5624 et
1360 5546 1998 5624 Mz'levitanoqstatutum,

335 5624 395 5691 ut
416 5636 600 5689 preces
624 5622 673 5691 et
695 5620 1043 5674 orationes...
1070 5618 1181 5672 nisi
1206 5618 1452 5689 probatae
1476 5617 1702 5691 fuerint
1726 5622 1783 5676 in
1809 5617 1999 5683 Concii

340 5689 438 5760 lio,
470 5707 587 5748 non
614 5690 949 5745 dicerentur.

2113 4626 2222 4682 erit
2281 4626 2587 4682 arbitrium
2622 4633 2797 4698 atque
2822 4629 3223 4698 existimatio;
3259 4630 3430 4686 nobis
3461 4628 3609 4695 longe
3634 4617 3718 4674 alia

2112 4732 2277 4771 mens
2307 4721 2415 4785 est,
2443 4733 2622 4786 quam
2647 4722 2711 4771 ut
2742 4718 2849 4773 hac
2871 4718 2963 4773 via
2984 4718 3301 4777 Blanchini
3334 4716 3616 4775 conatibus
3641 4722 3712 4761 oc-

2180 4832 2259 4900 (d)
2285 4832 2438 4906 Loco
2468 4834 2731 4903 proxime
2764 4833 3036 4906 allegato.

2180 4906 2247 4972 (ε)
2284 4905 2345 4958 ln
2377 4903 2508 4960 Vita
2538 4906 2777 4961 Gelasii.

2178 4974 2245 5049 (f)
2273 4981 2417 5045 Art.,
2447 4994 2576 5033 vers
2604 4979 2712 5032 266
2747 4995 2758 5031 :

2798 5058 2986 5111 Tutus
3014 5059 3072 5111 et
3105 5058 3267 5112 infra

2357 5127 2532 5197 Spem
2566 5128 2744 5183 veniae
2770 5134 2998 5184 cautus.

2180 5207 2253 5281 (g)
2282 5206 2508 5281 _In_Vi_ta
2532 5207 2709 5281 Greg.
2746 5209 2961 5279 Magni,
2996 5209 3099 5281 lib.
3134 5223 3201 5277 ll,
3235 5225 3364 5281 cap.
3400 5208 3481 5261 17.
3615 5265 3692 5281 nm

2178 5268 2401 5403 (bfLib.
2430 5278 2500 5332 de
2531 5268 2687 5334 Rebf
2702 5268 3140 5350 ecclesiasticis,
3176 5268 3434 5353 cap.‘22,
3465 5289 3584 5348 pag.
3614 5268 3709 5325 346»

2110 5366 2217 5403 σοι.
2250 5366 2303 5404 25.

2180 5422 2248 5490 (ί)
2284 5422 2341 5475 In
2373 5419 2604 5490 praefixo
2652 5421 2763 5476 eid.
2799 5421 2990 5487 titulo,
3024 5426 3173 5478 tom.
3212 5423 3289 5478 IV
3318 5425 3537 5484 Anast.,
3568 5431 3615 5486 p.
3652 5409 3709 5490 lg-

2181 5479 2428 5565 iDiss.
2474 5492 2545 5547 de
2595 5493 2814 5565 Liturg.
2852 5479 3013 5550 Rom.
3047 5499 3248 5550 vetere
3297 5500 3436 5549 tom.
3472 5479 3710 5555 I,'cap.3,

2109 5562 2217 5619 col.
2251 5564 2317 5617 18
2348 5567 2402 5616 et
2430 5565 2519 5617 23.
2766 5562 2790 5565 “
3762 5622 3763 5627 η

2182 5636 2257 5703 (Ιί)
2282 5634 2492 5690 Euseb.
2518 5637 2721 5692 Amort
2760 5638 2912 5705 apud
2961 5639 3251 5693 Acamum
3277 5638 3337 5693 P.
3365 5634 3473 5705 mg
3504 5632 3578 5697 14,
3606 5637 3709 5697 pag-
3762 5630 3763 5663 η

2111 5706 2238 5776 149,
2268 5712 2324 5762 et
2353 5712 2612 5765 Acamas
2643 5710 2767 5780 ipse
2797 5706 2860 5763 P.
2895 5727 2933 5778 ι,
2964 5711 2992 5777 §
3020 5707 3111 5777 i3,
3148 5726 3287 5781 pag.
3320 5710 3405 5763 41.
