3984 6174
244 322 352 376 665

1172 323 1653 379 DISSBRTATIO
1686 324 1783 377 ΠΒ
1820 322 2119 378 DAMABO
2159 326 2249 378 ΕΤ
2286 326 2722 381 LAURENTIO.

3552 320 3660 374 666

315 446 422 501 Sed
448 443 643 518 ego,si
666 443 1293 509 Blanchinusinsistat,
1321 462 1434 501 non
1460 444 1650 501 solum
1676 461 1896 515 parem,
1927 444 1981 509 A
2012 446 2145 502 dam
2169 463 2296 504 esse
2319 448 2690 521 apertissime
2704 446 3022 513 convincit;
3049 461 3291 516 prorsus
3306 447 3658 499 utActorum

244 535 345 591 sed
384 534 557 605 longe
590 535 873 604 majorem
907 538 1085 604 atque
1138 535 1361 589 Adonis
1421 534 1739 589 auctoritas
1788 538 1898 596 est,

241 629 526 679 Actorum
560 623 629 678 de
662 623 879 694 quibus
914 622 1142 694 agimus
1174 624 1443 695 scriptori
1466 624 1650 694 gratis
1670 639 1899 678 conces-

242 730 407 779 sero;
433 713 608 769 verba
631 711 857 767 tanium
876 712 1188 782 utriusque
1202 713 1451 766 cllnferri
1470 712 1690 767 interse
1705 713 1894 783 cupio.

239 804 387 856 Acta
410 802 785 856 Laurentium
804 804 977 857 civem
995 803 1295 856 Romanum
1318 802 1553 857 dicunt:
1579 803 1699 856 Ado
1723 803 1899 872 quoad

236 908 415 960 genus
444 893 750 962 Hispanum
780 908 915 946 eum
948 892 1177 957 asserit,
1211 890 1489 945 eruditum
1520 899 1701 945 tamen
1724 895 1779 944 et
1800 908 1897 945 nu-

238 981 441 1036 tritum
474 982 693 1042 Romae;
744 997 994 1052 quorum
1027 996 1362 1051 quanquam
1416 980 1578 1051 prius
1624 978 1789 1034 colon
1824 980 1893 1034 ad

236 1069 533 1141 originem
566 1070 763 1125 forsan
796 1069 994 1125 referri
1020 1069 1228 1140 possit,
1252 1068 1615 1125 contrahitur
1642 1074 1839 1124 tamen
1862 1087 1895 1125 a

236 1159 577 1230 postericri,
596 1159 742 1214 etde
764 1158 955 1230 patria
974 1158 1215 1214 omnino
1239 1158 1541 1229 periodum
1565 1158 1893 1229 intelligen-

309 1321 391 1392 (a)
427 1321 558 1393 Leg.
586 1320 645 1375 in
679 1325 797 1376 toto
833 1322 924 1387 δΟ,
958 1320 1015 1375 ﬂ‘.
1050 1321 1119 1375 de
1152 1321 1211 1375 Β.
1244 1321 1285 1374 1.

2010 536 2172 591 locus
2204 537 2372 608 longe
2422 554 2597 609 quam
2646 536 2743 589 ille
2796 534 3014 589 Adonis
3044 534 3371 605 generalior
3401 533 3494 587 sit.
3526 534 3656 588 Jam

2006 641 2141 680 vero
2162 643 2228 680 ex
2251 627 2481 696 optima:
2506 622 2999 696 interpretationis
3033 639 3250 677 canone
3274 640 3285 676 :
3309 624 3365 677 in
3398 624 3660 691 conﬂictu

2006 713 2269 786 duplicis,
2303 716 2610 786 Scriptura:
2638 728 2831 779 sacrm,
2857 719 2951 767 aut
2983 720 3223 767 veterum
3253 713 3482 767 Patrum
3504 712 3657 767 testi—

2005 805 2208 869 monii,
2231 822 2461 875 quorum
2491 806 2724 859 alterum
2756 820 2879 858 cum
2906 804 3078 857 altero
3108 818 3357 871 pugnare
3386 802 3653 869 videatur,

2003 894 2320 963 generatius
2369 897 2555 948 minus
2601 890 2871 963 generali,
2904 906 3015 945 non
3044 908 3072 944 e
3103 889 3387 945 contrario
3415 905 3656 943 accomo-

2005 981 2132 1037 dari
2143 983 2478 1053 (lebet,quod
2494 983 2523 1037 ,Ι
2537 980 2909 1037 urisconsulti
2925 980 3147 1052 vulgari
3164 978 3659 1048 axiomategeneri

2002 1089 2101 1143 per
2129 1076 2361 1143 speciem
2388 1074 2643 1143 derogari
2674 1071 2773 1143 (α),
2805 1070 3031 1126 dicunt.
3072 1069 3239 1124 Nunc
3292 1071 3490 1124 autem
3537 1068 3654 1138 jam

2005 1161 2176 1232 Operi
2208 1162 2381 1217 tinem
2414 1161 2812 1233 imponamus.

1590 1637 2069 1725 CONCLU
2086 1636 2305 1725 SIO.

310 1988 583 2043 Adducta
604 2002 707 2058 pro
727 1983 1581 2057 vulgari,receptissimaquede
1598 1983 1895 2038 Laurentii
1927 1976 1974 2041 B
2005 1978 2217 2048 tisque,
2248 1981 2303 2033 et
2333 1977 2528 2051 gloriae
2582 1978 3041 2034 retinentissima
3098 1980 3475 2034 decessurum
3527 1994 3656 2035 esse

237 2078 433 2152 patria
490 2075 786 2132 sententia
843 2075 1112 2131 sufﬁcere
1171 2073 1444 2139 arbitror,
1477 2079 1543 2127 ut
1586 2072 1894 2128 Blanchini

237 2175 412 2239 atque
444 2166 914 2222 adversariorum
953 2166 1319 2236 argumentis
1351 2166 1639 2237 tantisper
1667 2166 1891 2219 occurri

238 2258 309 2311 ab
326 2256 606 2327 Hispanis
622 2255 972 2326 possit,dum
995 2254 1528 2309 industrioreorum
1550 2254 1761 2325 aliquis
1777 2270 1889 2307 non

231 2344 660 2419 perfunctorie,
690 2348 755 2398 ut
790 2359 915 2407 nos,
949 2342 1098 2397 hanc
1130 2342 1239 2397 sibi
1274 2344 1594 2398 ornandam
1629 2348 1889 2415 spartam

230 2434 791 2506 deposcat,quod,ut
806 2431 965 2487 initio
981 2433 1705 2504 monuimus,propositum
1724 2432 1891 2488 nobis

230 2525 363 2580 fuit.
390 2524 518 2578 Erit
538 2528 595 2578 et
618 2522 674 2576 in
702 2523 774 2575 iis
799 2522 1085 2589 fortassis,
1106 2539 1222 2593 quo
1243 2527 1409 2577 vetus
1432 2523 1532 2576 illa
1552 2524 1890 2577 eorumdem

228 2613 429 2686 opinio
465 2614 815 2668 attributum
841 2611 952 2683 ipsi
990 2629 1100 2666 non
1138 2630 1169 2666 a
1200 2612 1539 2668 domesticis
1571 2614 1764 2679 modo,
1788 2614 1889 2668 sed

229 2710 287 2758 et
335 2703 409 2758 ab
460 2702 676 2758 exteris
709 2701 1044 2772 quibusque
1078 2702 1468 2774 scriptoribus
1500 2704 1742 2772 maioris
1776 2721 1892 2775 prae

230 2793 363 2848 aliis
381 2791 813 2864 prohabilitatis
828 2791 1074 2861 gradum
1091 2791 1547 2863 dignitatemque
1562 2791 1728 2848 facile
1742 2795 1891 2848 tueri

230 2881 597 2952 traditioque
628 2880 889 2950 ipsorum
922 2898 952 2933 a
985 2881 1309 2949 majoribus
1340 2886 1598 2953 accepta,
1631 2881 1891 2953 antiquis

232 2969 639 3027 monumentis
670 2970 1033 3035 confirmata,
1057 2969 1495 3041 continentique
1527 2975 1581 3025 et
1612 2976 1891 3042 perpetuo

232 3059 331 3114 filo
344 3060 415 3114 ad
432 3058 558 3113 haec
574 3074 759 3129 usque
774 3062 1038 3130 tempora
1054 3058 1161 3113 ded
1172 3063 1508 3126 ucta,novas
1523 3060 1673 3116 vires
1687 3076 1891 3132 capere

231 3149 455 3220 possit;
483 3148 597 3203 imo
621 3149 820 3213 etiam,
846 3164 960 3219 quo
986 3147 1237 3219 priscam
1264 3148 1799 3222 illam,nedumque
1820 3152 1893 3207 ab

231 3238 546 3293 hominum
580 3237 865 3292 memoria
896 3236 1353 3292 remotissimam
1377 3243 1576 3309 (quam
1610 3240 1891 3296 immemo-

2004 2068 2381 2134 existimabit;
2400 2084 2532 2123 cum
2550 2068 2598 2123 si
2612 2068 2946 2125 econtrario
2964 2068 3188 2123 levitam
3213 2068 3656 2124 sanctissimum

2003 2156 2139 2211 Urbi
2190 2156 2551 2212 Blanchinus
2601 2158 2875 2226 ascribat,
2912 2175 3025 2212 non
3060 2158 3251 2228 magis
3283 2157 3499 2213 idcirco
3531 2174 3652 2212 rem

2002 2245 2322 2300 Romanam
2347 2252 2627 2300 aucturus
2644 2246 2926 2317 sit,quam
2944 2246 2993 2299 si
3012 2262 3174 2317 aquas
3197 2244 3434 2301 situlam
3453 2246 3657 2317 pelago

1998 2335 2300 2389 infuderit.
2335 2336 2523 2390 Habet
2570 2340 2846 2406 praeterea
2874 2335 3057 2389 Roma
3089 2335 3273 2390 multo
3306 2334 3437 2404 plus
3471 2351 3647 2405 quam

2000 2424 2277 2495 Hispania
2293 2433 2491 2479 nostra
2504 2425 2659 2496 quod
2675 2424 2784 2479 sibi
2800 2423 3125 2479 vindicetin
3145 2423 3652 2494 Laurentio,quem

1996 2514 2220 2584 gremio
2252 2528 2496 2584 puerum
2519 2513 2760 2585 excepit,
2780 2529 2883 2583 pro
2904 2530 3010 2569 suo
3031 2512 3321 2582 educavit,
3346 2512 3647 2569 ecclesias-

1995 2602 2247 2673 ticisque
2274 2602 2603 2657 honoribus
2633 2602 2921 2658 viventem
2957 2606 3151 2671 auxit;
3186 2608 3485 2658 mortuum
3509 2618 3643 2659 vero

1995 2690 2839 2747 honoriﬁcentissimotumulo
2853 2692 3204 2763 composuit,
3221 2708 3535 2763 sacrosque
3558 2692 3648 2763 ip-

1999 2781 2123 2837 sius
2144 2781 2367 2837 cineres
2390 2781 2600 2836 eximie
2619 2781 2688 2836 ad
2708 2781 2859 2835 hanc
2886 2797 3071 2853 usque
3097 2781 3251 2836 diem
3275 2781 3473 2837 coluit.
3492 2781 3643 2837 Gau-

1997 2871 2129 2925 deat
2148 2870 2698 2941 igitur,exsultet,ac
2712 2870 3029 2941 triumphet
3048 2871 3289 2926 alumno
3311 2888 3376 2926 ac
3393 2876 3645 2941 martyre

1997 2975 2104 3014 suo
2140 2960 2359 3027 Roma;
2394 2976 2509 3013 non
2542 2960 2698 3015 enim
2733 2959 2891 3014 orbis
2922 2960 3192 3027 dominas,
3228 2960 3645 3030 communique

1996 3047 2299 3119 religionis
2331 3047 2553 3119 parenti
2584 3065 2750 3103 veras
2783 3048 3142 3120 minimeque
3186 3050 3411 3105 fucatas
3442 3049 3647 3103 laudes

1997 3137 2278 3209 Hispania
2293 3141 2491 3192 nostra
2506 3136 3150 3203 invidet,autinvidebit
3165 3154 3438 3205 usquam;
3457 3152 3647 3208 neque

1997 3226 2211 3282 Urbem
2226 3226 2483 3281 vicissim
2506 3226 3054 3296 obsequentissimze
3076 3225 3339 3280 omnium
3356 3224 3489 3281 tilia:
3504 3225 3650 3280 Lau-

231 3328 438 3383 riatem
470 3326 682 3397 vulgus
706 3324 1005 3397 appellat),
1030 3326 1127 3379 sed
1156 3326 1270 3381 fere
1292 3327 1882 3398 sesquimillenariam
1919 3340 1935 3405 ί

2004 3315 2172 3371 rentil
2192 3314 2750 3370 natalesinvisuram
2767 3312 3145 3385 pertimescit;
3162 3314 3483 3385 praasertim
3509 3330 3644 3368 cum

232 3415 633 3488 Hispanorum
653 3415 723 3470 de
742 3413 1039 3468 Laurentii
1072 3414 1227 3486 apud
1261 3415 1421 3486 ipsos
1456 3416 1630 3471 natali
1657 3436 1888 3489 posses-

238 3505 491 3571 sionem,
525 3520 642 3575 qua
671 3504 909 3558 demum
957 3503 1191 3558 eosdem
1242 3504 1522 3560 excidisse
1572 3507 1889 3564 adversarii

229 3592 867 3666 jactitant,retinend.£
916 3593 1071 3663 quod
1125 3598 1334 3648 vocant
1392 3595 1702 3663 interdicto,
1752 3599 1891 3668 quod

236 3685 466 3739 scilicet
494 3698 596 3737 nec
623 3684 810 3745 vi,nec
834 3681 1117 3748 ctam,nec
1140 3684 1573 3753 precario,atter
1593 3686 1662 3739 ab
1681 3684 1886 3754 altera,

230 3774 603 3829 Laurentium
632 3771 892 3827 hactenus
913 3771 1336 3842 possederimus,
1370 3781 1464 3829 aut
1486 3773 1887 3844 possideamus,

229 3882 335 3936 per
349 3862 699 3917 litterarium
715 3864 1020 3933 praetorem
1038 3861 1430 3931 adjuvandam
1446 3868 1620 3935 atque
1631 3868 1890 3921 adversus

229 3969 354 4008 eam
383 3950 497 4006 vim
527 3952 655 4020 ﬁeri
681 3948 982 4005 velandum
1013 3949 1256 4021 Hispani
1283 3968 1610 4022 speremus.

300 4042 401 4094 Sin
430 4056 565 4094 vero
599 4043 809 4110 praeter
859 4037 1043 4092 animi
1093 4040 1467 4109 sententiam,
1500 4046 1657 4097 certe
1689 4047 1890 4099 contra

228 4134 431 4186 votum
447 4127 933 4184 conatibushisce
954 4128 1171 4183 nostris
1185 4128 1479 4199 publicam
1494 4129 1886 4201 Hispanorum

231 4235 474 4277 causam
510 4216 751 4274 minimo
776 4217 971 4287 juvari
1005 4216 1313 4289 contigerit
1354 4220 1580 4290 (eadem
1615 4221 1684 4275 de
1711 4221 1888 4291 priori

231 4311 290 4365 in
313 4326 430 4380 quo
453 4309 524 4362 de
546 4307 797 4362 Damaso
812 4307 1043 4375 egimus
1058 4308 1342 4376 opusculo
1357 4308 1511 4363 dicta
1526 4312 1882 4376 censentor):

234 4404 494 4455 nostram
551 4397 747 4465 potius
797 4395 1139 4451 tenuitatem
1172 4397 1559 4453 incusandam
1591 4399 1883 4468 volumus,

232 4504 412 4560 quam
464 4485 618 4557 quod
671 4483 927 4555 utrique,
963 4488 1063 4538 aut
1094 4484 1256 4539 alteri
1289 4503 1357 4541 ex
1387 4486 1479 4541 his
1512 4488 1886 4559 opinionibus

235 4577 389 4648 apud
422 4575 579 4629 viros
611 4573 812 4628 doctos
834 4571 920 4627 vel
953 4572 1266 4629 minimum
1302 4576 1688 4647 probabilitas
1720 4578 1888 4633 dece-

236 4668 353 4722 dat.
378 4666 497 4721 Nos
515 4669 670 4719 certe
694 4664 951 4734 suscepti
974 4663 1192 4719 laboris
1226 4683 1528 4737 nunquam
1560 4668 1884 4739 pmnitebit,
1920 4703 1963 4768 Β

236 4773 410 4828 quem
438 4770 541 4810 nec
564 4753 695 4808 aliis
717 4753 965 4807 districti
1002 4755 1280 4819 majorem
1304 4756 1885 4829 adhibere,neque,si

239 4846 495 4918 primum
547 4842 812 4898 omnium
846 4856 984 4913 erga
1016 4846 1196 4896 Deum
1227 4842 1487 4898 ofﬁcium
1536 4846 1880 4917 dempseris,

235 4934 543 4991 honestius
574 4948 752 5002 quam
785 4931 931 4986 bene
959 4930 1233 4986 merendo
1266 4931 1336 4986 de
1368 4932 1556 5002 patria
1601 4932 1882 4991 collocare

237 5040 496 5097 unquam
531 5019 853 5093 potuimus.

303 5114 531 5168 Interea
560 5127 695 5165 vero
730 5109 777 5165 si
810 5108 900 5163 vel
947 5109 1367 5179 insipientibus
1416 5126 1550 5166 cum
1600 5112 1880 5184 Apostolo

226 5204 458 5260 debitor
481 5215 606 5257 esse
637 5197 997 5255 Blanchinus
1028 5199 1183 5267 velit,
1206 5199 1498 5256 sustineat
1520 5218 1631 5270 me,
1660 5220 1877 5274 quasso,

227 5293 415 5350 amice
430 5292 923 5355 commonentem,
942 5304 1014 5343 ne
1027 5305 1094 5343 ex
1112 5288 1405 5360 Hispania:
1430 5292 1671 5363 nostraej
1682 5297 1878 5347 actura

226 5400 406 5439 novas
421 5379 560 5436 Urbi
583 5379 791 5434 laudes
815 5394 1078 5433 asserere
1103 5378 1377 5450 deinceps
1391 5381 1882 5453 studeat,alioque

224 5474 419 5545 potius
438 5467 938 5525 commendabiles
960 5466 1287 5535 labores,ac
1300 5470 1526 5541 vigilias
1542 5489 1680 5527 suas
1696 5478 1881 5527 trans-

228 5562 405 5630 ferat;
431 5558 481 5614 si
512 5556 669 5613 enim
704 5555 1000 5611 Laurentii
1035 5555 1259 5613 natales
1278 5558 1550 5631 Hispanis
1578 5562 1878 5633 eripuerit,

229 5648 555 5722 plurimum
584 5644 699 5703 sibi
730 5643 971 5702 honoris
1002 5661 1148 5718 gens
1171 5645 1336 5703 avitis
1358 5646 1879 5721 religionis,pieta-

305 5840 379 5918 (α)
404 5842 683 5903 Annam.
705 5854 798 5900 avi
823 5840 1174 5915 Orationem,
1202 5858 1340 5919 pag.
1369 5844 1477 5903 294
1504 5843 1568 5904 in
1596 5845 1701 5903 ﬂn.

2000 3404 2196 3460 illatot
2214 3408 2495 3476 martyres
2510 3404 2725 3458 nedum
2742 3403 2991 3470 Christo,
3014 3404 3113 3459 sed
3138 3408 3195 3458 et
3219 3404 3440 3458 mundo
3464 3416 3641 3475 pepe-

1999 3494 2160 3563 rerit,
2187 3498 2251 3548 ut
2271 3510 2337 3549 eo
2360 3493 2537 3549 etiam
2572 3492 2808 3548 nomine
2831 3493 3015 3558 beata,
3032 3497 3265 3563 aeterna,
3289 3494 3646 3564 princepsque

1998 3584 2223 3640 urbium
2255 3582 2537 3655 appellari
2569 3581 2867 3637 meruerit.

2070 3675 2179 3729 Tot
2208 3690 2344 3745 ergo
2376 3672 2557 3744 dapes
2593 3688 2726 3725 cum
2760 3670 2974 3726 haheat
2991 3671 3174 3726 Roma
3192 3672 3410 3742 quibus
3433 3670 3648 3726 instru-

1998 3762 2294 3818 ctissimus
2318 3760 2751 3816 confluentibus
2772 3776 2841 3815 ex
2862 3763 2979 3813 toto
3001 3760 3139 3814 urbe
3165 3760 3419 3815 convivis
3442 3761 3648 3832 epulas

1999 3851 2128 3907 sine
2179 3849 2423 3905 aliorum
2476 3849 2785 3919 dispendio
2816 3862 3142 3919 praaparare
3175 3852 3365 3920 potest
3397 3865 3410 3903 :
3446 3854 3645 3921 parcat

1999 3958 2195 4014 quaeso
2222 3938 2580 3995 Blanchinus
2608 3938 2865 4004 oviculis,
2892 3954 3068 4009 quam
3099 3938 3381 3993 hactenus
3413 3955 3517 4010 pro
3539 3955 3647 3993 sua

1998 4031 2152 4086 inter
2183 4031 2334 4084 filios
2366 4027 2649 4083 enutrivit
2678 4026 2957 4098 Hispania
2988 4031 3208 4094 nostra,
3239 4044 3537 4098 quamque
3575 4028 3645 4081 de

1997 4121 2186 4191 ipsius
2206 4134 2354 4190 pane
2377 4118 2797 4183 comedentem,
2835 4117 2905 4170 de
2926 4115 3103 4170 calice
3126 4116 3446 4182 bibentem,
3470 4120 3645 4185 atque

1999 4208 2059 4263 in
2075 4207 2281 4263 matris
2296 4207 2426 4262 sinu
2445 4206 2827 4261 dormientem
2846 4203 3133 4270 aluit,nisi
3149 4204 3365 4258 iratum
3380 4203 3647 4273 indigna-

1997 4297 2156 4353 tione
2170 4296 2482 4351 Dominum
2495 4299 2618 4363 ,ant
2633 4293 2975 4365 prophetam
2995 4292 3197 4347 audire
3210 4291 3367 4356 velit,
3384 4307 3643 4362 pronun-

1998 4388 2244 4441 tiantem
2276 4402 2288 4439 :
2317 4384 2455 4438 Vivit
2482 4384 2741 4437 Dominus
2769 4382 3034 4451 quoniam
3054 4381 3205 4450 ﬁlius
3233 4382 3423 4436 mortis
3454 4389 3533 4436 est
3559 4382 3646 4435 vir

1996 4478 2092 4548 qui
2120 4474 2252 4546 fecit
2282 4476 2380 4529 hoc
2403 4475 2473 4542 (II
2503 4474 2622 4542 Reg.
2656 4488 2756 4538 x11,
2785 4472 2863 4541 5).

2068 4564 2310 4629 Quando
2339 4566 2535 4618 autem
2564 4561 2621 4615 in
2646 4565 2907 4615 extrema
2928 4559 3344 4631 disputationis
3366 4563 3529 4631 parte
3549 4576 3645 4615 ve-

2000 4656 2158 4709 niam
2193 4654 2262 4709 ab
2294 4652 2570 4723 Hispanis
2601 4649 2965 4705 Blanchinus
2997 4650 3142 4720 petit
3189 4649 3329 4722 quod
3356 4666 3457 4720 pro
3488 4654 3645 4705 tanto

1998 4746 2279 4817 (quantus
2300 4739 2651 4796 Laurentius
2670 4739 2780 4809 est)
2799 4743 3050 4809 martyre
3072 4740 3367 4810 repetundo
3396 4740 3646 4794 veritatis

1995 4848 2179 4891 amore
2207 4836 2258 4887 et
2275 4830 2547 4887 charitate
2576 4846 2687 4884 non
2717 4828 2843 4897 ﬁcta
2873 4827 3201 4899 pugnaverit
3225 4827 3300 4899 (τι)
3331 4844 3349 4881 .·
3379 4832 3648 4898 superest

1992 4928 2057 4980 ut
2078 4924 2125 4979 si
2151 4922 2377 4977 illatam
2403 4920 2473 4974 ab
2500 4920 2626 4989 ipso
2650 4917 2949 4988 Hispanis,
2972 4922 3035 4972 ut
3056 4917 3640 4988 putamus,injuriam

1992 5013 2119 5068 ultu
2129 5012 2219 5081 ri,j
2232 5014 2374 5065 ustas
2388 5014 2564 5078 atque
2579 5008 2814 5063 urbana:
2830 5006 3185 5062 defensionis
3200 5008 3436 5062 modum
3451 5023 3645 5062 exces-

1992 5102 2266 5167 serimus,
2291 5102 2392 5153 aut
2418 5099 2590 5169 paulo
2621 5113 2796 5168 quam
2831 5095 3129 5167 expediret
3149 5096 3403 5152 acriores
3418 5095 3645 5151 lectori-

1990 5190 2100 5246 bus
2129 5188 2236 5243 visi
2271 5202 2501 5255 sumus,
2534 5185 2786 5256 benigne
2818 5184 2987 5239 nobis
3036 5201 3140 5257 per
3188 5185 3296 5241 hos
3346 5183 3643 5255 indulgeri

1990 5294 2298 5351 speremus
2328 5296 2342 5344 ;
2376 5290 2608 5330 summo
2642 5278 2837 5329 autem
2862 5272 3005 5342 viro,
3032 5273 3217 5329 amico
3250 5274 3387 5328 item
3419 5277 3638 5337 nostro,

1990 5369 2179 5439 deque
2201 5364 2482 5436 Hispanis
2515 5362 2660 5418 alias
2688 5364 2906 5433 optime
2927 5362 3131 5419 merito
3148 5362 3467 5418 Blanchino
3489 5360 3637 5418 acci-

1990 5472 2205 5511 namus
2236 5454 2620 5509 Horatianum
2656 5451 2800 5506 illud
2834 5452 2910 5523 (b)
2942 5468 2955 5506 :

2050 5599 2275 5657 Scimus,
2304 5600 2357 5647 et
2384 5596 2523 5647 hanc
2552 5595 2764 5645 veniam
2795 5595 3132 5659 petimusque
3157 5594 3453 5657 damusque
3481 5591 3639 5720 Eicis-

3515 5669 3633 5707 sim.

3515 5669 3633 5707 οιω.

2060 5848 2141 5925 (b)
2168 5852 2233 5909 In
2261 5850 2388 5908 Art.
2418 5850 2565 5907 Pcet.
