3984 6174
182 321 301 377 673

185 518 287 593 dit
306 518 577 593 Spiritus
592 522 1043 593 sanctus_super
1072 518 1368 593 apostolos
1388 522 1443 575 in
1460 518 1659 592 specie
1682 519 1837 593 ignis

184 589 620 663 lingu_arum,iu
642 606 708 644 ea
731 589 959 661 positus
990 598 1078 647 est
1100 589 1349 648 thronus
1373 589 1575 648 Jacobi
1599 589 1847 663 apostoli

188 666 257 716 et
288 660 561 715 columna
591 661 649 715 in
685 660 799 733 qua
830 665 1168 719 verberatus
1203 672 1289 720 est
1314 666 1603 719 Christus.

193 773 463 844 Quisque
492 774 617 829 solo
648 774 885 831 acclivis
923 778 1180 832 mersisti
1240 778 1298 832 in
1332 777 1566 849 pulvere
1594 776 1846 847 vultum,

192 862 579 934 Humidaque
609 861 765 917 illisa
798 864 917 934 (sic)
953 868 1218 935 pressisti
1251 866 1478 921 lumina
1507 873 1694 935 teme,

189 952 487 1008 Attollens
519 952 720 1007 oculos
750 954 978 1026 trepido
1012 956 1301 1012 miracula
1330 958 1459 1012 visu

194 1041 449 1113 Concipe
478 1047 534 1097 et
563 1042 776 1098 eximio
810 1059 1049 1099 causam
1082 1048 1383 1101 committe
1415 1050 1681 1118 patrono.

192 1129 368 1186 Nulla
399 1135 588 1201 potest
620 1135 816 1186 tantas
847 1134 1157 1204 complecti
1189 1136 1405 1207 pagina
1432 1135 1585 1191 vires
1611 1155 1625 1205 ;

193 1221 550 1290 Quanquam
572 1219 665 1275 his
693 1220 878 1276 titulis
902 1228 1184 1278 caementa
1201 1229 1257 1279 et
1273 1242 1413 1279 saxa
1442 1230 1739 1291 notentur,

192 1309 515 1364 Terrenum
541 1324 655 1363 non
676 1309 898 1365 claudit
922 1326 1073 1382 opus
1096 1313 1249 1383 quod
1276 1314 1436 1385 regia
1463 1313 1587 1367 δοειὶ

194 1396 451 1468 Suscipit
470 1401 529 1453 et
556 1397 761 1453 retulis
794 1399 1124 1456 inscribunt
1154 1401 1349 1457 sidera
1378 1400 1648 1474 gemmis.

193 1486 429 1542 Martini
457 1486 505 1541 si
537 1487 751 1557 quaeris
784 1505 977 1559 opem,
1012 1494 1175 1546 trans
1207 1495 1365 1545 astra
1399 1508 1705 1563 resurgens

196 1580 401 1648 Tange
430 1575 631 1647 polum
665 1582 961 1633 scrutatus
992 1578 1051 1632 in
1086 1579 1297 1635 aethere
1325 1587 1561 1637 ccntum.

196 1664 324 1719 Illic
357 1666 742 1735 conjunctum
775 1666 1024 1722 Domino
1056 1670 1327 1739 perquire
1360 1675 1671 1741 patronum

194 1757 522 1809 Sectantem
559 1754 758 1809 azterni
791 1772 1023 1827 semper
1052 1757 1296 1829 vestigia
1323 1758 1497 1829 regis.

196 1843 253 1898 Si
288 1842 547 1911 dubitas,
574 1844 803 1915 ingesta
833 1845 1019 1901 oculis
1052 1846 1337 1903 miracula
1370 1864 1561 1917 cerne,

195 1932 335 1995 Quis
370 1932 578 1987 famuli
615 1934 893 1989 meritum
924 1952 1095 1991 verus
1126 1936 1384 1992 salvator
1413 1938 1661 1993 honorat

194 2021 439 2079 Accedis
472 2021 715 2093 reliquis
745 2023 899 2079 inter
930 2029 1017 2079 tot
1047 2025 1233 2079 millia
1263 2027 1454 2094 testis,

194 2111 344 2167 Dum
379 2112 676 2167 narranda
707 2112 870 2168 vides
900 2113 1106 2169 sollers
1137 2119 1195 2170 et
1222 2114 1347 2170 visa
1380 2115 1612 2185 retexis,

196 2200 255 2256 In
285 2200 516 2257 sanctis
548 2202 827 2274 quicquid
862 2204 1115 2275 signavit
1140 2204 1350 2275 pagina
1380 2204 1581 2272 libris;

196 2292 573 2346 Instaurante
604 2295 717 2347 Deo
748 2292 941 2347 cernis
968 2309 1083 2362 quo
1117 2310 1357 2349 munere
1387 2295 1648 2365 gaudent

192 2379 413 2447 Caecus,
446 2378 710 2446 claudus,
745 2380 935 2451 ineps,
970 2381 1251 2451 furiosus,
1284 2383 1515 2453 anxius,
1550 2400 1721 2455 aeger,

191 2467 435 2534 Debilis,
469 2484 810 2540 Oppressus,
845 2470 1134 2541 captivus,
1167 2477 1433 2538 moestus,
1468 2488 1709 2543 egenus.

193 2557 399 2613 Omnis
432 2556 773 2629 apostolicis
803 2560 1018 2630 gaudet
1047 2561 1268 2615 curatio
1301 2560 1505 2629 signis.

196 2646 302 2709 Qui
332 2647 481 2702 ﬂens
514 2646 750 2703 all‘uerit
778 2647 949 2703 laetus
981 2649 1149 2716 redit,
1186 2650 1383 2705 omnia
1414 2650 1631 2705 cedunt

193 2734 432 2805 Nubila,
466 2737 619 2807 quod
652 2737 925 2792 meritum
958 2738 1157 2792 turbat
1189 2739 1477 2793 medicina
1509 2748 1738 2795 serenat

194 2824 415 2896 Expete
446 2825 792 2896 presidium,
826 2842 941 2881 non
975 2826 1194 2881 frustra
1223 2826 1345 2882 haec
1374 2827 1580 2883 limina
1610 2827 1839 2899 pulsas;

194 2916 255 2970 In
288 2919 573 2971 cunctum
606 2919 797 2987 pergit
830 2916 1015 2987 pietas
1051 2922 1169 2971 tam
1204 2918 1450 2989 prodiga
1484 2919 1794 2975 mundum.

472 3023 607 3076 Item.
635 3038 801 3093 super
832 3023 1012 3079 locum
1036 3023 1242 3078 absidis
1276 3023 1333 3079 in
1362 3024 1562 3080 altare.

264 3120 453 3184 Quam
514 3120 866 3174 metuendus
897 3126 985 3175 est
1022 3120 1187 3175 locus
1222 3121 1332 3176 iste
1362 3137 1492 3176 vere
1551 3124 1839 3183 templum

199 3190 295 3245 Dei
326 3195 383 3245 et
416 3196 582 3262 porta
611 3190 759 3246 caeli.

473 3290 607 3345 Item
635 3288 781 3344 circa
813 3290 1088 3344 tumulum
1131 3290 1199 3345 ab
1232 3307 1339 3347 uno
1373 3291 1563 3348 latere.

266 3386 372 3442 Hic
403 3387 679 3465 conditus
710 3392 801 3465 est
833 3392 1050 3465 sancta;
1083 3390 1379 3465 memoriae
1414 3391 1697 3465 Martinus
1731 3393 1847 3465 epi-

192 3474 409 3529 scopus
440 3460 612 3527 cujus
643 3460 842 3514 anima
886 3461 945 3514 in
998 3476 1176 3515 manu
1215 3462 1309 3516 Dei
1345 3466 1453 3531 est,
1489 3464 1586 3518 sed
1625 3464 1715 3518 hic
1754 3460 1845 3520 to-

199 3534 295 3586 tus
322 3536 413 3586 est
443 3547 699 3601 praesens
732 3531 1085 3587 manifestus
1114 3533 1275 3587 omni
1308 3535 1497 3605 gratia
1536 3536 1844 3591 virtutum.

723 3639 855 3694 Item
894 3638 957 3693 in
989 3640 1101 3694 alio
1134 3639 1321 3695 latere.

258 3740 572 3793 Certamen
608 3735 828 3792 bonum
861 3737 1123 3804 certavit,
1177 3754 1417 3793 cursum
1472 3756 1846 3797 consumma-

196 3806 293 3873 vit,
330 3808 505 3862 ﬁdem
541 3808 814 3876 servavit,
861 3810 933 3863 de
976 3819 1183 3865 caetero
1230 3812 1485 3879 reposita
1516 3817 1606 3867 est
1635 3813 1718 3866 illi
1752 3832 1845 3868 co-

199 3879 599 3952 ronajustitiaa
633 3897 810 3952 quam
856 3882 1059 3936 reddet
1091 3881 1177 3935 illi
1213 3883 1497 3938 Dominus
1530 3884 1586 3939 in
1621 3884 1722 3939 illa
1752 3887 1846 3942 die

189 3951 388 4020 justus
411 3952 618 4022 judex.

804 4055 942 4108 Item
990 4051 1238 4123 desuper.

198 4148 506 4204 Confessor
536 4149 762 4206 meritis
794 4154 1017 4222 martyr
1046 4165 1218 4205 cruce
1249 4151 1550 4222 apostolus
1581 4157 1711 4209 actu

265 4238 555 4293 Martinus
586 4240 729 4295 cmlo
762 4240 1052 4312 preminet
1085 4240 1179 4295 hic
1212 4239 1461 4295 tumulo.

201 4325 283 4381 Sic
310 4344 536 4383 memor
563 4333 619 4383 et
651 4328 877 4385 miserae
911 4345 1169 4401 purgans
1201 4328 1541 4400 peccamina
1574 4328 1701 4381 vita:

275 4415 537 4472 Occultet
568 4418 798 4473 meritis
828 4417 1078 4473 crimina
1109 4422 1311 4473 nostra
1341 4417 1486 4473 suis.

271 4560 343 4629 (α)
375 4561 591 4617 Forsan
622 4561 978 4634 supplicium.

1072 278 1079 283 Δ
1187 326 1518 383 ΟΔΕΜῙΝΔ
1553 321 1881 380 SULPICIO
1918 324 2203 381 SEVERO
2241 326 2651 385 ATTBIBUTA

183 443 418 522 s_i_ar_um
438 460 616 522 quam
639 444 1031 504 fundaverant
1053 449 1323 522 apostoli,
1348 450 1407 505 in
1442 465 1559 521 qua
1591 449 1834 522 descen-
1864 450 1917 517 Α

3494 336 3601 397 674

2518 455 2656 509 Item
2694 453 2754 510 in
2791 456 2999 513 abside.

1954 562 2187 619 Martini
2219 582 2430 638 corpus
2459 568 2613 623 dotis
2646 570 2973 627 venerabile
3007 575 3179 630 terris

2026 653 2089 707 In
2119 670 2232 724 quo
2267 661 2396 725 post
2426 657 2550 711 vitae
2585 663 2849 730 tempora
2879 662 3019 715 vivit
3050 664 3251 720 honor.

1953 740 2195 796 Texerat
2226 742 2283 796 in
2320 744 2575 814 primum
2609 748 2833 816 plebeio
2867 751 3135 805 machina
3162 754 3319 810 cultu

2025 830 2158 892 Quae
2190 833 2504 888 confessori
2538 852 2651 889 non
2686 843 2810 891 erat
2848 856 3015 910 aequa
3046 858 3172 897 suo.

1953 918 2068 973 Nec
2095 918 2419 977 desistebat
2440 923 2594 979 cives
2625 941 2866 982 onerare
2899 931 3119 1000 pudore
3147 950 3159 999 ;

2024 1007 2218 1063 Gloria
2240 1026 2450 1081 magna
2480 1012 2607 1082 viri,
2640 1014 2825 1085 gloria
2852 1034 3031 1088 parva
3061 1019 3193 1075 loci.

1951 1096 2211 1152 Antistes
2244 1101 2343 1153 sed
2379 1101 2479 1170 qui
2515 1110 2862 1159 numeratur
2890 1114 3089 1162 sextus
3123 1110 3194 1164 ab
3226 1110 3355 1183 ipso

2028 1186 2285 1257 Longam
2320 1196 2639 1260 perpetuus
2671 1193 2914 1248 sustulit
2946 1196 3249 1269 invidiam,

1955 1274 2250 1330 lnternum
2286 1294 2586 1334 removens
2622 1281 2835 1337 modici
2870 1285 3164 1354 penetrale
3194 1287 3415 1359 sacelli,

2025 1365 2351 1437 Amplaque
2383 1373 2533 1424 tecta
2563 1370 2765 1427 levans
2792 1375 3075 1431 exteriore
3105 1377 3298 1448 domo,

1955 1452 2385 1526 Creveruntque
2420 1458 2595 1513 simul
2631 1461 2818 1517 valido
2852 1464 3145 1521 tribuente
3181 1476 3444 1538 patrono.

2030 1542 2091 1597 In
2123 1545 2328 1615 spatiis
2361 1548 2501 1602 aedis
2532 1551 2799 1605 conditor
2828 1552 3143 1610 immeritis

1958 1633 2092 1697 Quae
2125 1634 2526 1692 Salomoniaco
2561 1640 2713 1710 potis
2744 1645 2832 1695 est
2864 1643 3174 1714 conﬂigere
3206 1647 3425 1719 templo

2027 1723 2288 1793 Septima
2321 1742 2448 1796 qua:
2482 1728 2702 1782 mundo
2736 1729 2958 1785 fabrica
2991 1732 3136 1787 mira
3170 1734 3297 1789 fuit.

1882 1827 1926 1890 Β
1960 1811 2101 1866 Nam
2134 1814 2407 1884 gemmis,
2440 1832 2601 1881 auro,
2632 1824 2871 1888 argento
2903 1820 2951 1874 si
2985 1824 3261 1891 spenduit
3286 1824 3455 1895 illud,

2028 1899 2188 1955 Istud
2226 1903 2660 1974 transgreditur
2690 1912 2899 1960 cuncta
2932 1909 3169 1964 metalla
3201 1912 3332 1968 ﬁde.

1958 1990 2121 2046 Livor
2142 1991 2235 2046 abi
2271 1994 2529 2061 mordax,
2567 1994 3059 2068 absolvanturque
3094 2000 3339 2071 priores.

2026 2083 2183 2138 Nihil
2218 2090 2507 2141 novetaut
2538 2089 2712 2142 addat
2741 2088 2979 2158 garrula
3012 2092 3323 2161 posteritas

1954 2171 2216 2243 Cumque
2236 2174 2392 2228 venit
2424 2174 2691 2230 Christus
2716 2178 2963 2249 populos
2992 2179 3091 2250 qui
3125 2182 3372 2238 suscitet
3397 2200 3603 2242 omnes

2026 2266 2312 2333 Perpetuo
2345 2264 2556 2318 durent
2586 2264 2845 2319 culmina
2885 2269 3167 2338 perpetui.

2208 2389 2343 2442 Item
2373 2387 2572 2459 incipit
2596 2389 2862 2459 depositio
2891 2394 3067 2447 sancti
3096 2394 3341 2451 Martini.

2026 2504 2102 2557 III
2135 2501 2213 2557 id.
2266 2504 2600 2559 novembris
2650 2507 2915 2577 pausavit
2944 2508 3001 2563 in
3031 2526 3173 2581 pace
3202 2511 3453 2582 Domini,
3490 2533 3599 2572 no-

1954 2593 2043 2646 cte
2075 2593 2288 2649 media.

2157 2720 2291 2774 Item
2313 2719 2512 2791 incipit
2538 2722 2595 2775 in
2626 2722 2898 2777 memoria
2932 2724 3116 2781 securi
3139 2726 3389 2799 Remigii.

1954 2834 2223 2905 Quinque
2256 2836 2556 2891 beatorum
2590 2840 2798 2894 retinet
2820 2841 3032 2897 domus
3064 2842 3178 2897 ista
3208 2860 3477 2916 coronas,

1954 2926 2213 2989 Quorum
2239 2925 2284 2978 si
2318 2924 2521 2979 titulos
2550 2926 2709 2997 legas
2740 2935 2797 2982 et
2829 2930 3063 2985 nomina
3097 2949 3302 2987 nosces

1955 3011 2016 3065 In
2052 3011 2212 3066 caelis
2237 3029 2363 3084 qum
2385 3014 2602 3085 scripta
2628 3021 2866 3070 manent
2890 3034 3236 3091 semperque
3257 3024 3595 3080 manebunt.

1953 3101 2059 3156 Hic
2090 3105 2221 3156 ovat
2251 3119 2316 3155 ex
2349 3107 2512 3157 utero
2546 3108 2786 3159 sanctus
2821 3106 3081 3177 Baptista
3100 3110 3421 3167 Johannes.

1875 3188 1918 3255 C
1958 3190 2060 3246 Hie
2088 3190 2244 3244 Felix
2275 3191 2603 3261 Victorque,
2640 3194 2752 3263 piis
2796 3194 3107 3251 Gervasius
3137 3197 3353 3268 almus,

1952 3278 2374 3350 Protasiusque
2406 3296 2571 3333 sacer
2602 3288 2740 3335 sunt
2774 3281 2863 3336 hic
2895 3300 2997 3353 per
3027 3284 3241 3338 saecula
3264 3291 3461 3355 testes,

1956 3367 2062 3431 Qui
2096 3383 2292 3422 veram
2319 3368 2566 3423 docuere
2603 3370 2773 3425 fidem
2807 3387 2997 3443 cruce,
3032 3374 3341 3445 sanguine,
3390 3381 3597 3433 morte.

1954 3457 2152 3513 Juncti
2188 3457 2450 3529 quinque
2482 3458 2655 3513 simul
2681 3458 2847 3532 digiti
2873 3462 2942 3516 de
2974 3479 3215 3534 corporo
3246 3464 3459 3521 Christi

1958 3546 2237 3601 Efaaciunt
2268 3547 2484 3602 celsam
2518 3565 2729 3615 magno
2760 3552 3078 3606 certamine
3112 3552 3370 3623 palmam

1962 3636 2265 3706 Perpetuis
2296 3637 2609 3708 dignisque
2646 3640 2755 3694 Deo
2787 3655 2965 3709 quam
2998 3641 3239 3698 ﬂoribus
3268 3650 3500 3701 ornant.

2132 3763 2339 3818 Titulus
2372 3763 2504 3818 libri
2532 3765 2662 3821 vitm
2707 3767 2887 3821 sancti
2914 3766 3147 3823 Martini
3175 3771 3434 3841 episcopi.

1960 3880 2016 3935 Si
2052 3879 2156 3934 tibi
2188 3884 2396 3934 sancta
2428 3880 2571 3935 ﬁdes
2605 3880 2651 3935 si
2684 3881 2911 3937 Christo
2942 3884 3139 3938 dedita
3174 3902 3340 3941 mens
3363 3893 3451 3943 est

1959 3969 2258 4025 Pontificis
2289 3968 2437 4024 sacri
2474 3970 2814 4025 meritorum
2850 3971 3002 4027 mole
3034 3975 3330 4043 perennis,

1958 4060 2063 4113 Hic
2096 4058 2361 4114 studiose
2392 4063 2555 4129 potes
2588 4059 2819 4113 Martini
2857 4061 3102 4127 discere,
3138 4062 3338 4119 lector.

1956 4152 2179 4215 Ortum,
2216 4146 2514 4214 militium,
2550 4148 2794 4218 natales,
2827 4154 3011 4219 gesta,
3047 4156 3339 4221 parentes,

1957 4236 2315 4302 Doctrinam,
2340 4253 2553 4303 mores,
2589 4237 2883 4307 preconia,
2918 4239 3463 4310 bella,triumphos,

1955 4324 2255 4397 Supplicia
2283 4325 2383 4395 (α),
2431 4330 2703 4396 patriam,
2737 4326 3104 4395 discrimina,
3140 4328 3317 4395 dicta,
3352 4328 3604 4399 labores,

1956 4413 2217 4483 Praemia,
2249 4414 2520 4481 virtutes,
2556 4431 2760 4483 aevum,
2798 4416 3089 4486 praeconia
3120 4434 3306 4473 sacra.

1562 5204 2262 5245 mw
