3984 6174
160 297 266 353 685

974 297 1074 348 AD
1111 296 1338 349 IDATII
1376 294 1699 349 EPISCOPI
1735 292 2149 349 CHRONICON
2188 295 2750 355 PROLEGOMENA.

3455 298 3565 354 686

156 437 337 491 raque
361 417 676 475 alialcctor
694 433 763 471 ex
785 418 911 489 ipso
946 416 1228 472 Chronico
1253 415 1462 471 melius
1495 414 1798 485 intelliget.
1831 426 1887 489 Α
1916 414 2024 469 hac
2049 432 2203 470 nova:
2227 417 2460 487 epochen
2510 420 2832 489 adiectione
2876 422 3142 478 mutiret?
3169 428 3448 480 Praeterea
3476 423 3563 479 sio

156 510 396 565 Silenlio
432 513 626 561 tamen
670 506 963 577 praeterire
995 522 1110 561 non
1144 522 1387 576 possum
1420 505 1595 560 verba
1620 503 1808 559 sancti

157 597 368 656 Leonis
389 596 609 667 Magni,
633 612 761 666 quas
798 595 1051 650 Idatium
1078 603 1341 650 nostrum
1377 594 1626 649 maxime
1649 609 1808 648 eom-

163 690 464 743 mendant.
498 689 691 756 Agens
722 685 878 739 enim
915 684 1403 755 vigilantissimus
1436 683 1696 754 pontifex
1742 684 1813 736 de

160 776 420 850 generali
450 774 695 830 concilio
727 790 796 828 ex
840 774 1116 828 omnibus
1166 774 1459 845 Hispaniae
1500 770 1812 843 provinciis

161 867 444 937 cogendo,
480 869 545 920 ut
578 862 1151 918 Priscillianistarum
1177 864 1354 918 furori
1389 866 1812 925 occurreretur,

164 957 284 1011 haec
318 956 473 1010 inter
503 953 617 1008 alia
662 954 734 1007 ad
760 952 1068 1007 Turibium
1096 953 1532 1007 Asturicensem
1562 951 1764 1004 scribit
1799 966 1811 1003 :

164 1049 222 1103 Si
249 1055 442 1100 autem
464 1042 695 1115 aliquid,
725 1041 867 1112 quod
894 1042 1059 1106 absit,
1080 1042 1359 1097 obstiterit
1381 1045 1812 1111 quomimtSpOS-

164 1140 231 1192 sit
260 1134 544 1191 celebrari
572 1132 827 1200 generale
856 1132 1176 1197 concilium,
1222 1132 1499 1187 Callaicus
1530 1131 1725 1184 saltem
1757 1131 1815 1183 in

168 1243 341 1281 unum
370 1224 698 1279 conveniant
718 1220 1061 1282 sacerdotes;
1090 1222 1285 1291 quibus
1315 1221 1662 1290 congregatis
1690 1222 1814 1289 fra-

166 1323 274 1372 tres
304 1313 487 1369 nostri
514 1312 719 1368 ldatius
748 1316 800 1365 et
842 1309 1108 1381 Ceponius
1146 1311 1532 1374 imminebunt,
1584 1308 1817 1378 conjunv

167 1417 251 1463 cla
279 1421 411 1460 cum
439 1402 518 1458 eis
543 1399 811 1456 instantia
834 1408 951 1467 tua,
987 1416 1122 1470 quos
1154 1400 1321 1454 citius
1364 1401 1447 1453 vel
1484 1398 1819 1468 provinciali

168 1504 440 1552 conventu
457 1491 947 1547 remediumtantis
978 1489 1297 1544 vulneribus
1332 1490 1603 1559 aﬂeratur
1622 1488 1816 1558 (Epist.

168 1586 311 1642 mihi
341 1584 434 1649 93,
459 1582 602 1651 ﬁn.).
632 1581 761 1635 Haec
793 1586 1033 1634 sanctus
1066 1580 1199 1648 Leo,
1220 1579 1319 1650 qui
1358 1579 1607 1633 Idatium
1642 1582 1699 1630 et
1722 1580 1819 1630 Ce-

172 1675 420 1748 ponium
446 1670 793 1727 nominatim
839 1667 1169 1739 appellasse
1219 1668 1452 1721 videtur
1495 1683 1564 1721 ex
1593 1663 1817 1719 Turibii

1924 502 2078 558 istud
2106 504 2433 562 Chronicon
2457 511 2922 565 continuandum
2948 512 3202 583 suscepit
3225 513 3465 583 ldatius,
3500 516 3567 568 ut

1919 592 1977 646 in
2007 610 2189 649 unum
2213 595 2683 668 volumen,quasi
2704 598 2941 654 unicum
2966 606 3121 656 esset
3143 618 3290 673 opus
3313 610 3370 656 et
3390 602 3566 657 unius

1920 682 2102 737 solius
2132 686 2430 754 scriptoris
2463 688 2625 742 labor
2650 692 2767 743 tres
2788 690 2917 759 ejus
2953 694 3148 760 partes
3187 690 3564 761 compegerit,

1921 776 1973 825 ct
1998 772 2078 825 ita
2102 784 2469 843 compactum
2504 778 2963 848 promulgaverit
2986 781 3075 833 Ita
3098 780 3365 834 Labbeus
3387 784 3566 835 testa-

1923 864 2039 926 tur,
2067 862 2163 931 qui
2188 863 2243 915 in
2267 862 2364 918 illo
2390 864 2738 935 Ms.collegii
2769 882 2885 922 soc.
2909 869 3041 922 .lesu
3068 868 3415 923 Parisiensis
3455 869 3568 923 Eu-

1922 950 2066 1003 sebii
2092 950 2416 1006 Chronicon
2443 970 2575 1009 cum
2606 956 2883 1009 auctariis
2931 957 3264 1029 Hieronymi
3309 962 3366 1012 et
3397 957 3568 1013 ldatii

1925 1055 2038 1091 uno
2062 1040 2427 1095 continenter
2449 1043 2745 1099 volumine
2778 1046 3014 1115 reperiri
3042 1046 3317 1102 affirmat.
3355 1046 3569 1102 Verum

1924 1129 2232 1196 potissima
2247 1136 2333 1184 est
2357 1134 2415 1185 Id
2426 1132 2522 1186 atii
2539 1133 2724 1203 ipsius
2739 1140 2927 1189 aucto:
2944 1136 3143 1205 itas,tu
3156 1154 3205 1190 m
3226 1137 3285 1190 in
3310 1136 3570 1210 prologo,

1926 1216 2019 1269 ubi
2054 1216 2171 1271 haec
2215 1220 2418 1273 scribit
2450 1237 2463 1275 :
2492 1222 2627 1289 Quia
2658 1224 2727 1276 ad
2755 1224 2929 1277 nostri
2950 1227 3207 1285 temporis
3236 1242 3479 1296 cursum,
3511 1234 3575 1283 ut

1923 1305 2176 1375 superior
2206 1308 2362 1363 lectio
2384 1310 2855 1381 docet,desrriptio
2877 1314 3107 1383 deﬂuxit
3130 1331 3571 1380 annorum;nam

1925 1395 2489 1468 verbaistasuperior
2511 1401 2663 1454 lectio
2688 1401 3009 1456 Chronicon
3038 1403 3273 1458 Eusebii
3306 1409 3363 1459 et
3382 1404 3573 1460 Hiero-

1927 1484 2083 1554 nymi
2118 1485 2471 1558 signiﬁcavit
2502 1489 2721 1544 ldatius
2755 1492 3133 1563 prmpositum
3159 1493 3215 1546 in
3249 1494 3451 1549 eodem
3476 1511 3573 1549 vo-

1922 1571 2186 1629 lumine:
2224 1580 2350 1630 tum
2382 1577 2558 1632 etiam
2596 1579 2651 1631 in
2688 1580 2971 1635 Chronico
2996 1582 3065 1635 ad
3100 1599 3320 1638 annum
3358 1584 3421 1638 13
3457 1587 3575 1638 Ho-

1929 1663 2098 1731 norii,
2160 1664 2259 1718 ubi
2317 1664 2439 1720 haec
2469 1666 2747 1737 leguntur
2781 1686 2792 1721 :
2826 1672 2953 1724 Post
3006 1674 3411 1743 suprascriptos
3440 1688 3575 1727 sane

172 1760 858 1824 commendatione;nam
890 1765 946 1812 et
979 1756 1259 1812 Turibius
1319 1756 1443 1825 ipse
1474 1756 1543 1809 ad
1578 1754 1811 1809 eosdem
1850 1786 1896 1850 Β
1927 1750 2178 1821 Arianos,
2211 1756 2310 1823 qui
2330 1756 2721 1826 Hierosolymis
2747 1763 2872 1812 ante
2888 1764 3162 1814 Joannem
3184 1760 3570 1831 episcopifue-

170 1858 238 1911 de
269 1859 435 1909 secta
460 1848 1032 1905 Priscillianistarum
1057 1846 1283 1901 litteras
1302 1846 1481 1914 dedit,
1498 1861 1644 1914 quas
1663 1843 1818 1914 apud

173 1942 451 2000 Moralem
486 1940 741 2011 reperies
772 1937 853 2004 (L.
886 1953 964 2003 x1,
990 1952 1039 1990 c.
1070 1937 1183 2003 26).

631 2029 726 2082 17
768 2030 795 2095 §
830 2025 920 2081 lV.
964 2026 1133 2082 ldatii
1169 2024 1396 2095 scripta.

246 2123 337 2178 40.
371 2121 495 2176 Duo
525 2117 708 2173 Idatio
741 2116 959 2186 scripta
980 2111 1685 2177 tribuuntur,Chronicon
1712 2110 1826 2165 sci-

171 2214 313 2269 licet
340 2215 398 2266 et
419 2208 573 2265 Fasti
604 2205 965 2263 consulares.
990 2206 1057 2259 Et
1087 2203 1409 2259 Chronicon
1434 2202 1672 2273 quidem
1700 2216 1823 2253 om-

173 2303 343 2358 nium
401 2305 730 2368 temporum
780 2312 844 2349 ac
892 2294 1254 2348 eruditorum
1308 2307 1633 2356 consensu;
1666 2289 1825 2343 atde

178 2390 368 2447 Fastis
401 2386 626 2457 antiqui
658 2384 971 2453 scriptores
994 2382 1234 2437 omnino
1268 2386 1487 2447 tacent;
1544 2378 1828 2448 posterio-

174 2497 271 2536 res
307 2495 438 2533 vero
472 2476 571 2531 alii
602 2475 893 2530 dubitant.
924 2470 1021 2525 alii
1055 2471 1228 2527 etiam
1264 2472 1676 2524 incunctanter
1725 2484 1828 2521 ne-

176 2567 458 2642 gant.$ed
488 2564 807 2635 genuinum
843 2560 1004 2615 ldatii
1036 2577 1183 2631 opus
1215 2575 1339 2614 esse
1368 2561 1473 2613 hos
1505 2561 1708 2612 Festos
1742 2556 1828 2609 in-

174 2657 372 2721 victis,
426 2655 485 2710 ni
536 2652 725 2718 fallor,
778 2649 1163 2722 argumentis,
1196 2664 1325 2702 mox
1376 2649 1402 2714 §
1448 2647 1511 2701 11
1546 2647 1828 2700 evincam.

174 2745 475 2803 Chonicon
507 2744 755 2798 Parvum
786 2739 987 2809 paucis
1017 2738 1229 2793 abhinc
1262 2736 1432 2791 annis
1466 2734 1698 2805 publica
1730 2735 1831 2787 do-

177 2841 389 2891 natum
423 2832 570 2898 luce,
606 2835 772 2885 cento
822 2832 912 2883 est
961 2828 1033 2882 ab
1072 2826 1346 2896 imperita
1376 2841 1552 2878 manu
1584 2839 1652 2877 ex
1682 2822 1831 2876 inte-

180 2942 291 2997 gro
349 2921 632 2976 Chronico
690 2922 957 2973 exsectus
1014 2921 1071 2971 et
1128 2914 1280 2969 male
1326 2917 1630 2969 consutns.
1662 2911 1835 2965 Liber

180 3018 391 3071 contra
407 3011 826 3068 Priscillianum
842 3024 1035 3077 ,quem
1051 3024 1082 3061 a
1113 3010 1311 3061 nostro
1330 3005 1388 3059 Id
1399 3005 1514 3059 atio
1546 3002 1832 3071 scriptum

184 3106 373 3161 refort
399 3100 780 3165 Trithemius,
812 3096 1054 3152 alterius
1086 3094 1253 3150 ldatii
1287 3111 1389 3149 seu
1436 3093 1631 3165 potius
1677 3089 1832 3145 Itarii

1932 1840 2067 1904 rint,
2091 1845 2198 1897 etc.
2241 1842 2494 1913 Inquire,
2539 1844 2741 1915 lector,
2779 1848 2849 1901 ab
2893 1847 3057 1901 initio
3102 1849 3352 1903 auctarii
3385 1848 3577 1915 ldatii,

1936 1928 2173 1985 ubinam
2202 1930 2297 1986 ille
2319 1933 2388 1987 de
2414 1933 2499 1987 his
2523 1933 2811 2006 episc0pis
2834 1936 3063 1991 Arionis
3094 1937 3445 1993 mentionem
3478 1939 3578 1993 19

1936 2020 2377 2075 l’ecerit.Nullibi
2394 2022 2674 2087 invenies;
2693 2025 2948 2080 invenies
2963 2031 3154 2081 autem
3172 2027 3231 2080 in
3247 2028 3584 2097 adjectioni-

1934 2108 2045 2162 bus
2069 2109 2425 2181 Hieronymi,
2450 2128 2603 2166 anno
2627 2113 2648 2167 1
2687 2113 3048 2185 Olympiadis
3077 2116 3203 2171 283.
3238 2117 3380 2180 Quis
3404 2116 3584 2188 igitur

1937 2214 2050 2251 non
2083 2198 2234 2251 videt
2264 2199 2514 2254 Idatium
2551 2217 2662 2254 non
2699 2201 2777 2255 ita
2804 2201 2958 2272 loqui
2988 2204 3271 2273 potuisse,
3305 2205 3417 2260 nisi
3442 2222 3580 2260 cum

1937 2284 2388 2357 llieronymiano
2412 2288 2692 2343 Chronico
2715 2289 2929 2344 librum
2957 2309 3129 2346 suum
3177 2293 3344 2363 quasi
3366 2310 3585 2365 appen-

1937 2373 2127 2428 dicem
2145 2376 2462 2445 quamdam
2488 2377 2545 2431 in
2579 2379 2815 2433 unicum
2834 2379 3104 2435 volumen
3130 2382 3535 2452 conjunxisset
3554 2385 3582 2438 ?

1936 2462 1994 2516 Si
2026 2466 2220 2518 autem
2249 2466 2573 2535 conjunxit,
2625 2467 2975 2524 credibilene
3024 2474 3113 2525 est
3148 2487 3305 2525 novas
3347 2471 3580 2543 epochas

1939 2552 2290 2619 charactere,
2323 2558 2379 2608 et
2412 2554 2646 2625 quidem
2680 2556 2892 2613 lectore
2923 2575 3036 2614 non
3070 2561 3437 2630 praemonito,
3471 2561 3583 2616 hoc

1940 2658 2116 2697 suum
2148 2641 2440 2696 antarium
2473 2661 2504 2696 a
2539 2644 2762 2715 reliquo
2813 2662 3054 2717 corpore
3097 2649 3588 2705 discriminusse?

2017 2731 2099 2784 12.
2131 2731 2241 2785 Sed
2276 2730 2592 2802 Hispanam
2626 2751 2823 2801 seram,
2879 2735 3133 2807 inquies,
3187 2738 3368 2793 semel
3410 2744 3585 2810 atque

1942 2819 2153 2873 iterum
2180 2836 2295 2873 non
2325 2820 2380 2874 in
2406 2838 2504 2875 ora
2531 2827 2762 2876 tantum
2788 2824 3051 2892 libri,sed
3078 2826 3233 2881 intra
3254 2826 3384 2898 ipsa
3408 2828 3587 2882 ldatii

1942 2911 2114 2962 verba
2144 2908 2490 2979 reperimus.
2526 2915 2707 2965 Probe
2734 2914 2788 2965 id
2814 2913 2963 2981 scio;
2993 2930 3193 2970 verum
3222 2932 3326 2971 nec
3349 2915 3431 2970 sic
3454 2916 3586 2987 qui-

1942 2997 2072 3050 dem
2108 2996 2253 3050 mihi
2294 3004 2448 3052 certo
2484 3000 2868 3069 persuadeam
2892 3003 3183 3072 duplicem
3216 3004 3378 3059 illam
3410 3021 3588 3059 ieram

1942 3084 2225 3141 Chronico
2249 3086 2797 3157 inscrtam,alteram
2821 3108 2971 3145 anno
3000 3092 3062 3145 15
3086 3092 3588 3162 llonorii,alteram

177 3155 456 3263 esti—qui,
516 3193 663 3245 teste
722 3155 906 3242 diviso
955 3185 1178 3241 Isidoro
1228 3184 1324 3252 (De
1361 3155 1468 3238 Vir.
1501 3181 1593 3236 ill.
1642 3198 1685 3235 c.
1720 3179 1829 3251 15),
1862 3155 1905 3218 C
1944 3193 2096 3229 anno
2118 3176 2317 3230 Leonis
2334 3155 2614 3244 6,esseab
2640 3178 2806 3232 ldatii
2835 3196 3033 3234 manu.
3060 3155 3586 3252 Utraque’primum

178 3282 459 3356 pluribus
488 3279 659 3334 annis
688 3276 983 3348 antiquior
1014 3274 1125 3329 fuit
1153 3274 1263 3328 hoc
1285 3276 1480 3328 nostro
1504 3270 1685 3325 Idalio
1718 3268 1833 3341 epi-

183 3388 364 3443 scopo
398 3368 826 3440 Aquiﬂaviensi.

250 3442 390 3516 Pest
413 3460 534 3512 haec
555 3456 777 3526 scripta
796 3453 952 3509 venit
979 3452 1036 3505 in
1067 3465 1279 3505 manus
1306 3464 1467 3503 meas
1491 3444 1705 3501 eruditi
1728 3442 1837 3498 viri

185 3548 481 3605 Francisci
498 3544 743 3603 Girvesii
768 3544 838 3598 de
854 3541 1097 3597 historia
1121 3536 1563 3593 Priscillianista
1574 3550 1701 3589 rum
1717 3533 1838 3587 dis-

178 3638 446 3701 sertatio,
484 3636 581 3689 ubi
614 3636 789 3692 (Part.
826 3649 868 3699 ι,
901 3648 959 3684 n.
995 3629 1085 3699 33)
1118 3627 1455 3683 existimare
1488 3642 1550 3679 se
1582 3620 1839 3678 ostendit

179 3728 441 3783 Idatium
476 3729 745 3780 nostrum
775 3721 1070 3775 diversum
1097 3734 1210 3771 non
1236 3732 1365 3770 esse
1396 3716 1466 3768 ab
1491 3730 1556 3768 eo
1588 3713 1757 3782 cujus
1781 3710 1839 3764 in

188 3816 467 3872 Biblioth.
497 3815 595 3870 PP.
621 3814 785 3884 (Tom.
820 3810 888 3881 V)
910 3824 1058 3879 opus
1082 3806 1565 3860 exstatadversus
1588 3800 1843 3855 Varima-

190 3907 332 3961 dum
353 3901 797 3960 Ansanum.Sed
823 3916 956 3954 cum
982 3897 1202 3952 ldatius
1220 3900 1411 3948 noster
1426 3894 1493 3948 ad
1516 3897 1844 3946 extremum

194 4012 384 4067 usque
406 3992 640 4048 senium
666 4002 1007 4058 annumque
1029 3986 1128 4040 471
1154 3989 1254 4039 aut
1272 3984 1419 4037 li72a
1440 3980 1709 4035 Galiaecia
1733 3996 1844 4033 non

199 4084 523 4151 recesserit,
557 4082 641 4136 uti
668 4083 898 4136 constat
921 4094 989 4132 ex
1033 4074 1343 4138 Chronico,
1376 4073 1698 4141 obieritque
1735 4086 1847 4123 uno

199 4174 500 4229 autaltero
533 4188 687 4227 anno
732 4174 884 4240 post,
917 4165 1214 4234 colligitur
1245 4163 1379 4217 inde
1414 4162 1667 4217 Idatium
1702 4176 1847 4213 neu-

198 4264 424 4333 tiquam
460 4261 715 4316 scribere
764 4275 831 4313 ea
880 4255 1140 4327 potuisse
1195 4270 1321 4323 quae
1371 4250 1538 4305 initio
1569 4246 1851 4319 operisil-

202 4352 315 4408 lius
344 4356 554 4407 contra
584 4347 964 4403 Varimadum
998 4343 1273 4415 leguntur
1307 4358 1319 4395 :
1354 4339 1569 4395 Dudum
1619 4340 1678 4392 in
1707 4338 1850 4391 Nea-

206 4444 317 4513 poli
343 4442 506 4496 urbae
528 4438 839 4509 Campania:
865 4435 1209 4499 constitutus,
1243 4435 1353 4484 etc.

1943 3264 2073 3317 libri
2104 3281 2230 3318 ειπερ
2254 3266 2323 3318 ab
2348 3264 3029 3333 unolibrarioascrilii,et
3045 3269 3251 3324 exinde
3276 3269 3588 3325 transcribi

1942 3355 2012 3408 ab
2033 3354 2147 3409 alio
2174 3356 2358 3424 potuit
2382 3355 2440 3409 in
2463 3357 2655 3426 operis
2676 3358 2918 3412 ldatiani
2946 3363 3494 3415 contextum.Porro
3514 3360 3573 3415 in

1940 3443 2124 3498 Fastis
2148 3450 2310 3511 Mss,
2329 3445 2438 3499 sub
2463 3454 2657 3500 coss.A
2673 3452 2884 3517 ugusto
2908 3464 2947 3502 11
2962 3455 3019 3503 et
3034 3448 3588 3519 Paulo(legeTullo.)

1944 3533 2492 3599 bmc,eruditissimo
2518 3535 2744 3589 Labbeo
2766 3537 3271 3603 teste,babentur;
3300 3538 3401 3593 His
3432 3555 3589 3604 coss.,

1944 3640 2059 3677 aera
2082 3622 2497 3693 prima.Cursus
2529 3625 2681 3681 lunae
2703 3626 2980 3680 inventus.
3016 3629 3363 3697 Anonymus
3396 3632 3591 3683 autem

1947 3712 2375 3782 Cuspinianeus
2403 3716 2710 3768 consulatu
2756 3714 2814 3768 L.
2865 3716 3101 3770 Antonii
3153 3722 3209 3770 et
3238 3718 3502 3783 Isaurici,
3533 3717 3593 3771 in

1949 3818 2123 3872 quem
2159 3803 2301 3856 forte
2336 3804 2561 3871 primus
2593 3821 2716 3857 aeris
2743 3803 3011 3874 Hispana}
3035 3823 3227 3860 annus
3250 3806 3474 3871 incidit,
3496 3823 3597 3877 pro

1948 3906 2069 3947 mra
2095 3891 2281 3961 prima
2324 3891 2462 3962 legit
2520 3894 2652 3947 luna
2708 3895 2910 3963 prima.
2948 3896 3075 3949 llaec
3106 3900 3301 3951 autem
3351 3896 3596 3951 varietas

1952 3988 2297 4051 argumento
2329 3986 2417 4036 est
2449 3988 2734 4054 quantum
2782 3984 2893 4037 sibi
2949 3984 3323 4054 permiserint
3352 3984 3601 4047 librarii,

1952 4073 2091 4125 dum
2108 4072 2349 4141 antiqua
2364 4078 2745 4125 monumenta
2759 4073 3437 4142 exscribebant,quando
3454 4073 3601 4127 alter

1953 4178 2067 4215 aera
2094 4161 2275 4229 prima
2303 4161 2559 4230 scripsit,
2595 4161 2741 4213 alter
2765 4159 2902 4214 luna
2948 4162 3152 4229 prima.
3199 4162 3387 4230 Atque
3442 4162 3602 4229 prior

1957 4250 2052 4303 ille
2078 4249 2330 4301 idalium
2364 4248 2721 4317 describens,
2756 4266 2928 4303 ieram
2967 4249 3211 4316 primam
3271 4265 3424 4302 anno
3468 4252 3603 4303 ante

1957 4336 2249 4393 Christum
2272 4336 2741 4406 33tribuit,quod
2769 4353 2883 4391 non
2908 4336 3109 4391 fecerit
3135 4336 3377 4391 ldatius.
3406 4339 3605 4406 Itaque

1960 4443 2073 4496 quo
2096 4426 2286 4479 evenit
2308 4424 2365 4477 in
2390 4425 2594 4492 Fastis,
2624 4431 2687 4480 ut
2722 4443 2879 4480 naevo
2904 4424 3001 4479 illo
3023 4428 3341 4495 ieraprima
3363 4443 3396 4479 a
3431 4426 3606 4481 libra-

210 4549 305 4604 18
335 4552 362 4617 §
392 4548 463 4603 V.
497 4547 568 4600 De
595 4543 810 4617 epochis
850 4541 1113 4597 Chronico
1153 4535 1459 4607 inscriptis,
1514 4540 1567 4589 et
1617 4535 1859 4604 primum
1891 4520 1934 4583 D
1969 4514 2050 4614 rio.
2083 4514 2556 4617 ίὶρίυυιξεινίξηιυις,
2608 4513 2721 4617 ᾦα,
2750 4513 2925 4615 etiam
2957 4515 3276 4617 sputig'isse
3325 4514 3611 4617 Chronico

758 4616 823 4669 de
851 4629 969 4671 aera
999 4613 1263 4680 Hispana.

284 4710 363 4763 11.
398 4708 475 4763 Ut
501 4724 535 4761 ιι
564 4704 846 4760 Chronico
880 4700 1257 4769 incipiamus,
1307 4695 1622 4749 utilitatem
1669 4694 1797 4763 ejus
1829 4710 1861 4746 a

214 4797 442 4868 magnis
464 4796 606 4850 viris
639 4792 950 4849 Sirmondo
973 4794 1029 4844 et
1050 4788 1235 4842 Florio
1258 4784 1724 4841 commendatam
1747 4799 1860 4837 non

212 4891 415 4941 estcur
434 4902 540 4955 ego
554 4872 1446 4955 exaggerem.Dechronologicis
1467 4876 1663 4926 autem
1688 4869 1861 4933 notis,

216 4974 429 5046 quibus
452 4974 562 5028 hoc
575 4988 723 5044 opus
739 4985 912 5026 suum
931 4965 1235 5039 insignivit
1248 4963 1305 5018 Id
1318 4959 1677 5027 atius,libere
1691 4963 1865 5028 atque

217 5064 468 5136 ingenue
489 5063 678 5117 dicam
703 5074 996 5129 nusquam
1022 5054 1307 5127 epocham
1331 5068 1454 5105 certe
1476 5047 1765 5136 Hispaniae
1794 5048 1863 5136 ab

224 5134 661 5207 eoiinChrocico
686 5150 1027 5216 usurpatam
1062 5142 1263 5197 fuisse.
1289 5138 1436 5202 Quid
1460 5134 1644 5191 enim?
1675 5134 1867 5190 Conti-

222 5242 525 5294 nuandum
558 5237 804 5306 suscipit
835 5232 1159 5289 Chronicon
1194 5229 1415 5285 ldatius
1450 5224 1521 5281 ab
1545 5226 1791 5279 Eusebio
1810 5230 1865 5315 et

222 5327 590 5400 Hieronymo.
620 5326 721 5396 qui
747 5323 890 5378 illud
914 5320 1325 5392 Olympiadum
1358 5322 1533 5387 atque
1552 5316 1869 5370 Abraham1

226 5417 675 5488 principumque
699 5414 869 5468 annis
893 5412 1401 5477 consignaverant.
1428 5408 1651 5475 Ergone
1667 5422 1866 5460 novam

228 5509 355 5574 ipse
371 5508 696 5575 exterisque
711 5503 989 5575 gentibus
1002 5502 1261 5570 ignotam
1276 5498 1582 5567 ailjecisset
1599 5495 1874 5565 epocbam

229 5595 373 5666 quin
397 5596 465 5649 de
482 5611 551 5649 ea
572 5594 897 5664 quidquam
924 5592 1200 5660 praelatus
1226 5589 1469 5642 lectores
1493 5600 1631 5638 suos
1668 5585 1873 5640 admo-

233 5687 432 5739 neret?
469 5681 787 5739 Nullumne
808 5679 1051 5736 verbum
1074 5682 1191 5732 toto
1214 5689 1467 5746 usquam
1492 5671 1775 5727 Chronico
1808 5674 1877 5730 de

1966 4604 2233 4659 existimo
2262 4604 2492 4658 duobus
2525 4604 2582 4658 in
2614 4604 2756 4659 locis
2789 4606 2886 4675 qui
2916 4605 3082 4660 nobis
3100 4606 3481 4676 objiciuntur.
3504 4612 3615 4662 De-

1972 4694 2145 4763 nique
2166 4694 2501 4747 distributio
2524 4711 2794 4761 terarum,
2815 4711 2990 4764 quam
3017 4695 3074 4749 in
3102 4695 3407 4763 Chronico,
3434 4695 3532 4750 sed
3558 4695 3617 4750 in

1974 4784 2161 4837 Fastis
2196 4783 2481 4853 praecipue
2510 4784 3057 4853 animadvertimus,
3100 4785 3239 4854 quia
3272 4784 3450 4840 nimis
3484 4800 3617 4839 exa-

1974 4877 2085 4936 cta,
2121 4871 2265 4924 mihi
2298 4878 2572 4942 suspecta
2602 4873 2769 4926 valde
2800 4878 2909 4940 est,
2938 4878 2999 4927 ut
3030 4875 3179 4928 inl'ra
3212 4874 3425 4929 dicam.

2047 4964 2146 5017 2i)
2172 4962 2254 5015 13.
2282 4963 2397 5032 Ego
2421 4963 2689 5032 equidem
2714 4981 2827 5017 non
2851 4964 3023 5018 modo
3043 4981 3155 5019 non
3178 4964 3377 5032 invite,
3412 4980 3611 5022 verum

1974 5050 2362 5105 libentissxme
2386 5066 2594 5106 manus
2620 5052 2817 5106 darem
2841 5052 2929 5107 his
2960 5053 3060 5125 qui
3085 5053 3623 5125 ldatiumHispanm

1978 5158 2099 5194 aera:
2124 5138 2904 5196 characterismoCbronicon
2931 5142 3271 5199 distinxisse
3296 5160 3469 5199 suum
3498 5143 3623 5214 opi-

1979 5229 2541 5299 nantur,przescrtim
2559 5231 2696 5300 quia
2719 5230 2862 5285 satis
2885 5237 3043 5286 certo
3070 5237 3307 5287 constat
3333 5232 3630 5302 hancepo-

1980 5317 2151 5373 cham
2174 5318 2231 5372 in
2255 5318 2449 5388 aliquo
2466 5336 2571 5373 usu
2599 5319 3029 5390 publicofuisse
3052 5322 3205 5376 circa
3230 5338 3448 5377 annum
3490 5322 3627 5375 Leo-

1983 5408 2073 5461 nis
2090 5406 2481 5471 6,communis
2495 5425 2620 5462 δοκε
2641 5410 3219 5480 462,υὶ)ἰίο1ποηίοοη
3237 5426 3410 5465 teram
3424 5409 3529 5462 500
3546 5422 3635 5461 ex-

1983 5497 2166 5552 hibet.
2207 5495 2429 5567 Quippe
2453 5499 2605 5567 apuzi
2637 5498 3164 5569 diligentissimum
3193 5504 3248 5553 et
3278 5496 3474 5554 eximii
3503 5511 3637 5551 can-

1984 5586 2140 5640 doris
2164 5585 2351 5639 virum
2375 5588 2750 5642 Ambrosium
2786 5589 3063 5641 Moralem
3082 5589 3167 5657 (L.
3202 5605 3279 5653 x1,
3302 5604 3351 5641 c.
3374 5587 3463 5656 3t)
3488 5585 3639 5639 hanc

1984 5673 2431 5745 inscriptionem
2458 5676 2603 5731 nulli
2633 5694 2746 5731 non
2766 5676 3077 5747 probatam
3103 5676 3355 5748 legimus
3392 5693 3403 5730 :
