3984 6174
1250 285 1597 341 ADDENDA
1638 284 1733 337 AD
1771 276 2129 349 QUOSDAM
2165 280 2702 336 PRECEDENTES
2739 278 2997 335 TOMOS.

420 289 526 345 687
1250 289 1597 341 ADDENDA
1638 289 1733 337 AD
1771 289 2128 348 QUUBDAM
2165 289 2702 336 PRECEDENTES
2739 289 2997 335 TOMOS.
3670 290 3754 348 688

2095 402 2152 470 Α
2183 405 2301 459 tem
2361 404 2619 461 adnectit
2676 402 3043 461 Diocletiani.
3101 403 3319 461 Verene
3347 422 3416 462 an
3446 408 3594 478 falso,
3634 418 3759 485 quod

2182 493 2449 567 disputat
2464 495 2679 565 Pagius
2708 497 2787 561 (In
2818 494 3142 566 Critic.,an.
3175 495 3299 564 316,
3320 513 3374 553 η.
3397 498 3467 568 3),
3489 500 3618 557 nihil
3638 520 3761 561 nunc

2180 585 2377 651 refert,
2404 585 2681 640 adnectit.
2714 588 2850 639 Eam
2883 588 3080 640 autem
3113 590 3357 641 mortem
3398 588 3632 645 evenisse
3657 609 3760 649 nar-

2178 676 2268 727 rat
2318 674 2543 729 Idatius
2592 673 2650 728 in
2712 673 2902 729 Fastis
2960 690 3024 729 III
3079 673 3228 730 Non.
3288 675 3410 731 Dec.
3464 677 3761 739 Narraturus

2180 761 2392 817 deinde
2441 762 2733 819 Eusebius
2784 762 3281 834 nuncupationem
3321 765 3490 820 trium
3520 772 3763 827 Czesarum

2177 852 2384 922 Crispi,
2434 852 2638 907 Licinii
2696 857 2751 907 et
2797 853 3191 920 Constantini,
3225 870 3346 924 quze
3385 856 3572 911 eodem
3615 858 3765 916 Idatio

2174 944 2324 995 teste
2356 941 2505 995 facta
2547 945 2635 996 est
2683 940 2778 995 die
2816 939 2943 996 Kal.
2981 941 3174 996 Martii
3230 942 3479 1013 proxime
3505 944 3768 1017 insequen-

2176 1030 2273 1096 tis,
2309 1046 2529 1085 annum
2563 1031 2828 1100 ejusdem
2875 1030 3243 1086 Constantini
3272 1034 3457 1103 Magni
3485 1034 3517 1087 8
3546 1037 3765 1106 prmscri-

2177 1121 2313 1191 psit.
2349 1124 2533 1191 Atque
2563 1120 2936 1175 Decembrem
2963 1120 3113 1176 inter
3143 1124 3201 1177 et
3229 1122 3491 1177 Martium
3518 1124 3649 1179 duos
3668 1129 3769 1179 tan-

2174 1214 2301 1263 tum
2326 1225 2709 1264 numeramus
2732 1225 2968 1265 menses
2984 1210 3327 1265 Januarium
3346 1215 3401 1267 et
3416 1210 3767 1269 Februarium.

2174 1298 2320 1353 Puto
2357 1298 2669 1354 Eusebium
2704 1297 3060 1371 principium
3110 1298 3270 1356 illius
3308 1300 3442 1355 anni
3470 1301 3503 1354 8
3529 1302 3772 1357 Constan-

2174 1387 2277 1443 tini
2304 1387 2618 1443 Februario
2645 1404 2759 1443 non
2792 1387 3072 1460 illigasse.
3124 1393 3256 1444 Hac
3305 1388 3568 1460 pluribus
3595 1393 3774 1446 contir-

2174 1475 2323 1531 mari
2355 1480 2624 1548 possent;
2658 1478 2758 1532 sed
2791 1492 2859 1533 ea
2889 1477 3031 1533 satis
3063 1477 3183 1533 fore
3214 1478 3437 1534 Petavio
3456 1479 3668 1534 credam
3691 1480 3775 1551 qui

667 418 1041 469 ALEXANDRIA
1069 426 1405 468 CLARISSIMA
1434 424 1638 465 FEMINA
1666 421 1819 463 VIXIT

555 520 744 560 ANNOS
812 519 955 557 PLUS
1022 517 1208 556 MINUS
1282 498 1466 565 XXV,
1538 512 1805 553 necessu
1866 510 1925 548 IN

701 612 839 650 pace
874 609 1086 648 DECIMO
1128 596 1266 647 KAL.
1290 591 1423 645 JAN.
1451 606 1561 644 una
1581 587 1743 654 DIII;

596 701 820 741 PROBUS
869 699 1055 738 FILIUS
1104 698 1253 736 VIXIT
1283 695 1467 735 ANNOS
1498 693 1646 732 DUOS
1676 691 1815 731 ΜΕΝ.
1849 690 1887 729 ι.

488 776 909 831 Verumtamen
936 774 1281 843 argumenta
1305 784 1487 839 supra
1508 765 1766 837 exposita
1797 767 1851 819 et
1882 761 2070 818 sancti

420 865 626 922 Isidori
655 880 718 918 ac
749 861 994 917 Joannis
1024 859 1377 915 Biclarensis
1407 854 1762 927 exemplum,
1787 852 1887 925 qui
1920 853 2069 907 hanc

422 972 546 1010 terre
593 954 862 1025 Hispana:
903 950 1183 1022 epocham
1218 948 1276 1002 in
1330 946 1635 1002 Cbronicis
1670 944 1795 999 suis
1835 959 1935 1013 per
1962 958 2069 994 an-

420 1061 528 1099 nos
560 1042 890 1115 principum
943 1038 1189 1109 digestis
1227 1052 1527 1107 nunquam
1572 1032 1710 1105 (nisi
1747 1028 1926 1086 semel
1956 1030 2068 1084 for-

420 1138 577 1189 tasse
606 1132 665 1186 in
694 1131 811 1185 fine
842 1129 1124 1196 Isidorus)
1156 1129 1463 1196 usurpant,
1506 1120 1818 1178 dissentire
1868 1120 1940 1175 ab
1983 1118 2067 1173 eis

418 1239 510 1277 me
539 1221 681 1277 viris
712 1223 948 1291 cogunt.
983 1216 1235 1272 Maxime
1268 1217 1338 1271 de
1371 1214 1487 1270 aris
1523 1227 1628 1285 per
1670 1209 1934 1281 singulos
1965 1225 2067 1262 an-

418 1328 520 1367 nss
553 1328 676 1366 mra:
731 1307 999 1363 Chronici
1046 1306 1320 1376 adjectis;
1378 1320 1513 1359 nam
1565 1302 1635 1357 de
1666 1300 1897 1355 duabus
1937 1296 2067 1353 aliis

421 1417 601 1471 supra
632 1397 973 1453 memoratis
1005 1396 1275 1466 infraque
1323 1391 1562 1449 Chonici
1605 1392 1940 1445 contextum
1974 1402 2066 1440 re-

409 1489 608 1561 jectis,
641 1504 755 1543 non
789 1496 878 1543 est
908 1503 1013 1541 cur
1050 1491 1171 1539 tam
1224 1485 1563 1538 constanter
1611 1480 1962 1550 rei’ragemur
1992 1476 2064 1531 ab

416 1582 543 1650 ipso
567 1577 750 1634 Idatio
772 1576 890 1632 illis
919 1574 979 1629 in
1014 1574 1156 1630 locis
1185 1571 1504 1641 inscriptos
1531 1568 1731 1623 fuisse.

871 1664 1012 1734 §VI.
1044 1665 1116 1718 De
1142 1679 1251 1717 aera
1283 1659 1605 1715 Abrahami.

2174 1566 2245 1621 de
2273 1565 2523 1621 Eusebio
2583 1565 2883 1637 probabile
2942 1570 3172 1622 tantum
3227 1584 3293 1624 ac
3340 1568 3647 1624 verosimile
3672 1586 3777 1625 esse

2173 1653 2377 1710 scribit
2407 1657 2655 1724 (Italian.
2687 1665 2833 1727 part.
2882 1671 2946 1721 II,
2979 1656 3018 1710 ι.
3048 1673 3089 1726 ι,
3122 1672 3171 1712 c.
3210 1656 3292 1728 10)
3326 1673 3508 1713 annos
3537 1657 3602 1712 ab
3632 1662 3775 1713 autu-

487 1758 575 1813 14.
602 1754 835 1826 Reliqui
857 1750 1541 1819 characteres,nimirum
1565 1746 1702 1803 anni
1723 1742 2061 1801 Abrahami.
2094 1757 2143 1823 Β
2175 1760 2312 1800 mno
2346 1760 2479 1798 cum
2511 1745 2671 1817 Syris
2702 1743 2997 1801 inchoare.

412 1848 835 1918 imperatorum
853 1848 1027 1913 atque
1050 1839 1486 1913 Olympiadum,
1504 1837 1576 1892 ab
1597 1836 1781 1892 Idatio
1803 1835 2061 1907 profecto

415 1942 574 1994 sunt.
627 1935 696 1989 Et
753 1949 939 1988 annos
989 1930 1227 2002 quidem
1275 1926 1609 1991 Abrahami,
1644 1925 2061 1997 Hieronymum

415 2025 788 2094 Idatiumque
818 2020 1035 2076 Latinis
1070 2017 1392 2074 scribentes
1416 2034 1449 2070 a
1471 2015 1751 2071 Januario
1770 2012 2062 2084 auspicari

415 2116 762 2186 argumento
785 2111 991 2175 est,2l
1015 2108 1172 2179 quod
1196 2106 1267 2162 ab
1287 2105 1455 2160 initio
1480 2102 1748 2159 Chronici
1773 2118 2061 2156 annorum

414 2204 649 2259 illorum
675 2204 825 2254 notae
852 2198 1133 2254 continuo
1158 2212 1327 2251 secus
1360 2210 1423 2249 ac
1449 2192 1864 2264 Olympiadum
1893 2189 2061 2245 lateri

413 2292 677 2363 ascripta:
698 2291 837 2343 sunt
857 2302 1147 2342 annorum
1172 2283 1527 2355 principum,
1554 2298 1702 2353 quos
1726 2298 1757 2335 a
1782 2279 1967 2349 capite
1992 2279 2062 2333 ad

412 2380 631 2436 calcem
676 2394 809 2431 cum
857 2375 1028 2430 annis
1054 2373 1302 2431 Julianis
1346 2371 1545 2436 ﬂuere,
1573 2371 1667 2424 vix
1713 2371 1773 2423 in
1815 2368 2061 2423 dubium

414 2469 560 2524 verti
592 2470 804 2538 potest.
838 2465 945 2519 Sed
980 2467 1176 2518 tamen
1211 2460 1483 2534 quisquis
1516 2460 1585 2515 de
1630 2459 1739 2514 hoc
1782 2457 2062 2529 ambigat,

414 2558 569 2630 legat
601 2557 705 2612 hoc
733 2552 1058 2609 Cbronicon
1090 2551 1147 2605 in
1183 2550 1368 2622 ipsius
1392 2550 1509 2605 fere
1541 2546 1849 2616 vestibulo,
1884 2546 2064 2602 nimi-

416 2662 548 2703 rum
597 2645 669 2701 ad
715 2659 935 2699 annum
969 2642 1001 2695 4
1027 2645 1085 2697 et
1113 2640 1149 2694 5
1196 2639 1508 2695 Theodosii
1556 2637 1775 2709 Magni;
1808 2636 2067 2691 inveniet

417 2752 571 2792 anno
602 2735 632 2789 4
667 2748 866 2806 pacem
900 2732 1194 2786 Romanos
1235 2729 1385 2785 inter
1433 2732 1491 2784 et
1546 2728 1763 2783 Gothos
1811 2725 2065 2781 Idatium

417 2823 821 2895 consignasse,
853 2837 1029 2891 quam
1063 2819 1122 2873 in
1156 2818 1343 2874 Fastis
1394 2816 1617 2872 Idatius
1674 2815 1800 2887 ipse
1849 2816 2065 2887 perfec-

416 2919 536 2971 tam
568 2912 752 2968 fuisse
782 2908 864 2965 ait
893 2909 1098 2981 quinto
1147 2907 1295 2964 Non.
1352 2906 1578 2973 Octob.,
1630 2904 2063 2973 assentiturque

414 3006 465 3061 ei
507 3002 718 3074 Pagius
748 3001 838 3072 (In
872 3000 1084 3069 Critia,
1118 3014 1211 3053 an.
1248 2997 1370 3065 481,
1403 3014 1461 3052 η.
1491 2996 1571 3067 2).
1604 2995 1688 3050 Ab
1726 2994 1834 3049 hac
1867 2998 2061 3049 autem

2247 1835 2333 1889 16.
2359 1834 2503 1889 Cum
2532 1833 2935 1889 eruditissimo
2967 1838 3161 1890 tamen
3182 1834 3359 1908 Pugio
3384 1851 3495 1891 non
3513 1834 3590 1891 ita
3608 1835 3776 1906 paucis

2170 1924 2461 1995 agendum
2492 1926 2580 1978 est
2611 1923 2777 1989 mihi,
2813 1922 2952 1994 quia
2993 1928 3052 1979 et
3098 1924 3467 1996 frequentius
3506 1930 3560 1981 et
3586 1940 3779 1982 asseve-

2169 2012 2420 2079 rantius,
2438 2028 2625 2083 neque
2640 2012 2710 2067 de
2724 2012 2845 2068 solo
2868 2013 3353 2081 Eusebio,verum
3378 2016 3449 2071 de
3470 2015 3778 2087 Hieronymo

2169 2101 2347 2157 etiam
2372 2101 3026 2173 atqueIdatioidipsum
3047 2102 3104 2156 in
3128 2102 3341 2159 Critica
3356 2104 3782 2175 afﬁrmat,exque

2169 2190 2279 2245 hac
2311 2207 2419 2246 sua
2450 2190 2722 2260 opinione
2745 2190 3088 2247 methodum
3122 2193 3452 2263 praescribit
3479 2202 3692 2260 certum,
3728 2196 3783 2246 ut

2171 2280 2271 2348 ait,
2302 2283 2351 2334 et
2378 2280 2603 2350 facilem
2646 2280 2715 2334 ad
2766 2280 3216 2352 Eusebianorum,
3269 2283 3783 2355 Hieronymianorum

2170 2374 2221 2424 et
2252 2370 2633 2425 Idatianorum
2662 2386 2942 2424 annorum
2973 2371 3284 2427 ineundum
3307 2375 3606 2439 rationem;
3635 2381 3789 2427 etnon

2171 2464 2382 2515 tantum
2406 2458 2475 2513 (ιλ
2505 2458 2880 2531 agnoscenda:
2907 2476 3118 2517 errores
3145 2463 3396 2529 Eusebii,
3431 2461 3732 2535 Hieronymi
3748 2467 3790 2515 et

2172 2549 2361 2619 Itlatii,
2391 2548 2482 2604 sed
2512 2552 2561 2603 cl
2589 2564 2779 2603 eorum
2835 2549 3084 2605 omnium
3143 2551 3246 2621 qui
3291 2551 3506 2607 eosdem
3530 2565 3790 2622 perperam

2170 2642 2344 2695 citant
2370 2639 2622 2710 (Dissert.
2647 2638 2711 2694 de
2723 2639 2933 2709 period.
2965 2638 3403 2713 Grazcoroman.,
3430 2641 3612 2713 72.79).
3636 2639 3790 2712 Igitur

2171 2729 2419 2799 hacipse
2441 2728 2715 2800 opinione
2743 2729 3168 2799 imbutus,cum
3194 2728 3793 2803 Idatium,quemquia

2172 2835 2287 2874 non
2317 2818 2541 2872 viderat
2570 2818 2748 2872 enim.
2770 2818 2871 2873 τε
2893 2818 3180 2874 Baronius
3198 2825 3389 2892 atque
3418 2822 3560 2876 adeo
3590 2816 3791 2874 Annali-

2170 2908 2281 2963 bus
2313 2907 2439 2963 suis
2471 2923 2584 2961 non
2606 2906 3174 2981 inseruerat,magna
3203 2925 3282 2965 ex
3316 2915 3481 2982 parte
3504 2911 3560 2965 in
3583 2926 3680 2964 sua
3698 2906 3796 2963 Cri-

2169 2997 2285 3051 tica
2316 2997 2761 3051 describendum
2786 2996 2899 3052 sibi
2922 3013 3050 3053 esse
3092 3000 3352 3070 censuit,
3379 3015 3531 3071 saepe
3552 2996 3795 3067 corrigat,

414 3093 510 3183 die
539 3092 611 3147 ad
642 3106 757 3145 xvn
787 3088 901 3183 vel_
929 3088 1021 3159 (ut
1052 3088 1261 3183 demus
1439 3084 1641 3156 Pagio,
1674 3099 1745 3183 ne
1778 3084 1847 3183 de
1879 3081 2060 3183 nihilo
2090 3115 2133 3183 Ο
2173 3085 2451 3157 suggillet
2482 3101 2546 3140 ac
2578 3085 2816 3141 sinistre
2846 3085 3294 3159 interpretetur,
3314 3104 3640 3162 properque
3666 3104 3695 3142 a
3721 3098 3796 3140 me

414 3178 803 3252 disputemus)
836 3178 903 3232 ad
929 3193 1019 3231 xv1
1053 3180 1188 3231 ante
1211 3174 1333 3229 Kal.
1358 3174 1720 3245 insequentis
1745 3173 2059 3242 Februarii,

415 3270 509 3326 cui
540 3266 1059 3339 inaugurationem
1106 3263 1341 3319 Arcadii
1403 3263 1731 3333 eonsignat,
1764 3262 1820 3315 in
1856 3261 2067 3316 iisdem

414 3360 603 3415 Fastis
633 3358 951 3422 transiens,
1008 3369 1229 3409 annum
1281 3354 1317 3407 5
1371 3352 1639 3423 praefigit.
1709 3350 1870 3406 Unde
1901 3368 1934 3404 a
1965 3367 2069 3405 ne-

420 3448 579 3505 mine
610 3445 945 3518 negandum
978 3448 1119 3516 puto
1151 3442 1402 3498 Idatium
1451 3457 1637 3496 annos
1682 3440 2068 3495 Abrahamiti-

423 3554 521 3593 cos
553 3541 609 3591 et
642 3533 1050 3606 imperatorios
1082 3550 1115 3587 a
1144 3531 1423 3587 Januario
1459 3528 1829 3600 auspicatum
1866 3529 2066 3586 fuisse.

423 3625 504 3680 Ad
568 3639 789 3678 annum
849 3618 1501 3693 praeterealilllajorani
1558 3622 1613 3673 et
1670 3618 1871 3673 Leonis
1913 3618 2067 3673 idem

428 3715 735 3769 observare
780 3710 935 3766 licet.
993 3710 1134 3765 Nam
1166 3709 1249 3764 ibi
1303 3707 1553 3764 Idatium
1587 3724 1619 3762 a
1651 3707 1962 3763 Februario
1996 3708 2067 3761 ad

422 3801 829 3867 Novembrem,
862 3800 1061 3855 decem
1094 3798 1405 3854 continuos
1438 3812 1692 3866 menses,
1743 3797 1849 3851 sub
1875 3798 2066 3851 'unius

417 3893 810 3964 ejusdemque
844 3889 981 3944 anni
1033 3893 1196 3956 nota,
1230 3887 1504 3943 decurrit.
1541 3886 1599 3941 Si
1632 3890 1828 3941 autem
1861 3888 1931 3942 ab
1968 3888 2068 3943 Oc-

416 3982 571 4037 tobri
604 3980 838 4036 initium
866 3994 1155 4034 annorum
1190 3980 1471 4042 sumeret,
1504 3976 1585 4031 uti
1620 3975 1855 4031 assidue
1886 3976 2065 4031 incul-

414 4081 505 4126 cat
535 4069 769 4143 Pagius,
796 4085 929 4124 cum
958 4067 1029 4123 ad
1062 4066 1320 4134 §Idatius
1350 4067 1447 4138 qui
1465 4081 1636 4136 supra
1657 4065 1939 4136 pervenit,
1965 4070 2064 4120 aut

411 4160 588 4216 etiam
647 4162 840 4228 antea,
887 4172 1101 4214 novum
1161 4172 1381 4211 annum
1437 4155 1827 4225 designasset.
1861 4156 1968 4210 Sed
2002 4155 2060 4210 id

415 4250 630 4321 saepius
661 4252 923 4305 recurret
950 4247 1009 4300 in
1044 4245 1219 4300 notis.

486 4340 571 4395 15.
606 4339 772 4394 Nunc
805 4346 995 4392 autem
1026 4336 1095 4390 de
1127 4334 1478 4406 Hieronymo
1510 4335 1801 4403 dicamus,
1834 4334 1931 4406 qui
1957 4352 2058 4389 an-

403 4446 477 4484 no
511 4431 582 4484 20
621 4426 967 4493 Constantii,
994 4423 1363 4480 Constantini
1390 4424 1583 4495 Magni
1608 4424 1734 4491 ﬁlii,
1770 4424 1887 4477 haec
1917 4424 2052 4478 seri-

2174 3177 2509 3247 frequcnter
2540 3174 2982 3246 redarguendus
3014 3176 3111 3242 sit,
3142 3176 3332 3234 altius
3362 3178 3514 3233 banc
3544 3178 3613 3232 de
3640 3188 3793 3231 anno-

2174 3282 2305 3321 rum
2339 3265 2735 3321 Idatianorum
2769 3265 3003 3321 exordio
3052 3266 3525 3339 disputationem
3575 3269 3798 3338 repetere

2178 3360 2353 3427 atque
2384 3354 2706 3426 perspicuis
2738 3355 3104 3426 argumentis
3135 3357 3391 3412 definire
3442 3372 3594 3412 nunc
3625 3350 3796 3412 statui,

2177 3462 2250 3500 ne
2290 3445 2380 3500 cui
2414 3449 2616 3516 postea
2644 3443 2844 3499 videar
2873 3461 2940 3499 ex
2971 3444 3242 3501 lubidine
3286 3447 3491 3518 potius
3536 3445 3650 3500 viro
3693 3441 3801 3496 doc-

2175 3534 2405 3590 tissimo
2457 3533 2892 3589 contradicendi
2934 3551 3109 3606 quam
3154 3550 3227 3590 ex
3271 3536 3538 3591 officioso
3586 3530 3798 3589 Idatium

2176 3621 2525 3679 defendendi
2551 3622 2748 3677 studio
2778 3621 2865 3676 illi
2898 3622 3240 3695 frequenter
3271 3623 3577 3697 refragari.

2251 3714 2334 3769 l7.
2356 3712 2539 3782 Igitur
2560 3727 2693 3765 cum
2726 3710 2785 3765 in
2812 3710 3117 3778 Chronico,
3154 3712 3338 3783 quale
3369 3713 3518 3768 illud
3552 3710 3802 3766 habemus

2174 3803 2244 3859 ab
2270 3802 2641 3873 Hieronymo,
2667 3817 2850 3855 annos
2872 3800 3189 3855 Abrahami
3214 3818 3246 3857 e
3272 3802 3518 3875 regione
3550 3810 3799 3857 annorum

2174 3892 2505 3964 principum
2522 3907 2710 3961 neque
2723 3890 2893 3945 latum
2906 3906 3160 3962 unguem
3179 3908 3250 3946 su
3262 3887 3802 3964 periusautinferius

2174 3981 2551 4050 consignatos
2577 3979 2905 4048 videamus,
2939 3980 3070 4049 quis
3094 3979 3211 4034 sibi
3236 3981 3470 4053 aPagio
3500 3969 3802 4052 persuaderi

2174 4070 2433 4142 patiatur
2449 4068 2721 4124 Latinum
2745 4066 3061 4123 Eusebium
3088 4068 3184 4139 (ne
3218 4070 3296 4125 de
3331 4071 3536 4126 Graeco
3567 4073 3801 4136 autograo

2171 4160 2284 4231 pho
2316 4157 3173 4229 disputemus),Hieronymum
3194 4175 3266 4214 ac
3292 4152 3800 4224 Idatium,Abraha-

2170 4249 2250 4305 mi
2286 4266 2471 4305 annos
2506 4248 2576 4303 ab
2608 4247 2863 4317 Octobri,
2894 4247 3233 4318 principum
3249 4265 3394 4305 vero
3420 4244 3803 4309 aJauuario,ut

2169 4340 2641 4394 demonstratum
2665 4341 2774 4405 est,
2791 4334 3105 4406 auspicari,
3132 4338 3476 4406 praesertim
3496 4352 3623 4391 cum
3646 4344 3800 4388 annos

2165 4427 2633 4501 Olympiadicos,
2668 4426 2882 4496 quibus
2929 4424 3296 4496 principium
3345 4426 3510 4482 aliud
3555 4425 3803 4481 dederunt

404 4518 491 4574 bit
515 4533 527 4571 :
551 4517 819 4573 Julianus
849 4519 1033 4584 frater
1064 4514 1208 4568 Galli
1237 4493 1530 4569 Mediolarii
1576 4516 1760 4570 Caesar
1806 4515 2049 4585 appella-
2086 4493 2130 4557 D
2165 4493 2763 4591 quamimperatoris,
2798 4493 3293 4571 alio—etiamloco
3320 4517 3414 4571 vel
3450 4514 3702 4571 anterius
3726 4506 3797 4561 vel

400 4608 491 4660 tur
520 4620 619 4658 vm
651 4603 777 4658 Idus
806 4603 1087 4666 Novemb.,
1115 4600 1582 4672 subsignatoque
1630 4620 1761 4656 mox
1802 4620 1951 4657 anno
1981 4605 2045 4658 21

396 4693 661 4762 ejusdem
694 4690 1021 4747 Constantii
1055 4691 1136 4745 ait
1169 4707 1181 4745 :
1216 4692 1481 4762 Reliquiae
1515 4694 1747 4762 apostoli
1781 4692 2047 4748 Timothei

394 4780 927 4852 Constantinopolim
954 4781 1179 4834 invectas
1209 4785 1355 4835 sunt.
1381 4782 1557 4852 Atqui
1584 4782 1803 4836 Idatius
1823 4782 1878 4836 in
1905 4782 2041 4838 Fas-

394 4871 472 4927 tis
504 4869 821 4942 contigisse
851 4869 906 4923 id
939 4873 1194 4923 testatur
1227 4869 1318 4925 die
1351 4869 1474 4924 Kal.
1508 4870 1689 4925 Junii.
1728 4872 1924 4942 Neque
1955 4877 2041 4928 est

386 4960 489 5032 qui
522 4959 874 5015 evectionem
902 4958 1053 5013 hanc
1085 4958 1327 5030 longius
1362 4960 1687 5030 protrahat,
1721 4962 1833 5017 nisi
1866 4962 2045 5018 Theo-

387 5050 568 5105 dorus
600 5050 804 5105 Lector
832 5049 912 5119 (L.
946 5065 989 5103 ιι
1021 5048 1367 5120 Collectan.),
1424 5050 1522 5120 qui
1569 5055 1758 5105 tamen
1793 5052 1850 5105 in
1884 5052 2039 5109 diem

382 5140 453 5194 24
487 5140 585 5196 22
619 5139 883 5210 ejusdem
917 5138 1139 5193 mensis
1181 5137 1341 5193 Junii
1375 5138 1473 5193 illa
1523 5140 1713 5195 refert.
1761 5142 2033 5214 Hierony-

386 5245 521 5284 mus
571 5244 731 5300 ergo,
764 5245 797 5282 a
827 5226 1137 5283 Novembri
1171 5226 1229 5280 in
1263 5226 1593 5296 proximum
1626 5230 1870 5285 Junium
1904 5248 2034 5301 pro-

382 5319 618 5387 cedens,
655 5333 866 5372 novum
900 5332 1120 5371 annum
1144 5315 1460 5371 inchoavit.
1496 5317 1615 5379 Quo
1640 5318 1815 5387 igitur
1836 5336 2035 5374 mense

381 5407 494 5462 nisi
524 5407 847 5463 Januario?
894 5407 1059 5460 Certe
1090 5411 1439 5459 autumnum
1492 5423 1607 5460 non
1659 5411 2029 5477 exspectavit.

377 5496 593 5553 Verum
627 5502 682 5552 et
714 5496 1031 5551 Eusebium
1065 5494 1124 5548 in
1160 5494 1362 5548 Latino
1403 5494 1690 5550 Chronico
1739 5514 2025 5554 annorum

375 5586 708 5658 principum
742 5584 1044 5641 exordium
1079 5600 1110 5637 a
1138 5583 1419 5638 Januario
1463 5600 1669 5654 capere
1701 5585 2027 5644 clarissime

372 5682 624 5732 constat.
658 5675 961 5747 Siquidem
998 5674 1366 5730 Constantini
1401 5674 1591 5747 Magni
1626 5694 1776 5734 anno
1809 5680 1841 5732 7
1869 5695 2022 5735 mor-

2163 4607 2451 4678 posterius
2484 4605 2826 4676 designasse
2864 4604 3253 4675 perspicuum
3294 4606 3411 4661 sit?
3444 4606 3713 4660 Perterea
3737 4598 3801 4652 ita

2157 4697 2381 4752 Idatius
2416 4714 2447 4751 a
2483 4693 2948 4766 multiplicandis
2998 4694 3056 4747 in
3105 4695 3359 4763 epochis
3394 4712 3551 4766 quas
3584 4690 3798 4760 usurpat

2158 4802 2444 4842 annorum
2509 4784 2696 4839 initiis
2729 4783 3022 4845 abhorret,
3053 4788 3117 4837 ut
3160 4784 3213 4837 si
3251 4786 3505 4856 quando
3537 4780 3797 4857 principes

2156 4875 2469 4948 imperium
2505 4875 2722 4928 adeunt
2754 4877 2887 4944 post
2926 4872 3282 4928 Januarium
3318 4880 3578 4946 postque
3605 4882 3795 4943 prauo-

2154 4972 2343 5022 tatum
2376 4965 2434 5019 in
2466 4962 2750 5020 Chronico
2797 4966 3128 5017 currentem
3186 4979 3451 5035 annum,
3486 4968 3588 5019 aut
3615 4970 3797 5017 novam

2155 5056 2297 5112 aditi
2356 5052 2587 5126 imperii
2646 5055 2845 5107 notam
2906 5066 3021 5105 non
3080 5050 3396 5122 adhibeat,
3438 5053 3552 5118 vel,
3595 5051 3641 5106 si
3686 5060 3793 5102 eam

2155 5146 2411 5210 adhibet,
2471 5160 2602 5198 cum
2665 5141 2922 5213 primum
2975 5156 3038 5196 se
3094 5141 3197 5194 dat
3261 5143 3531 5211 occasio,
3580 5134 3792 5212 suppri-

2153 5244 2267 5289 mat
2293 5252 2304 5301 ;
2341 5234 2951 5305 quippe,reccurrente
2985 5228 3260 5301 proximo
3282 5232 3595 5297 Januario,
3618 5231 3792 5284 etiam-

2149 5325 2197 5378 si
2232 5323 2592 5395 principatus
2624 5320 2885 5392 expletus
2919 5336 3033 5374 non
3068 5318 3143 5374 sit
3193 5336 3403 5376 annus
3447 5320 3687 5393 primus,
3716 5329 3790 5370 sc-

2148 5415 2403 5467 cundum
2439 5411 2724 5481 designat.
2745 5411 2925 5480 Cujus
2959 5407 3280 5479 utriusque
3328 5411 3602 5482 exempla
3634 5405 3790 5462 habes

2142 5502 2199 5556 in
2236 5500 2466 5555 Placido
2523 5498 2954 5567 Valentiniano,
3015 5498 3074 5552 in
3130 5498 3337 5567 Avito,
3400 5500 3693 5571 Majorano
3740 5494 3789 5545 et

2145 5593 2353 5647 Leone.
2395 5590 2652 5645 Prudens
2697 5604 2837 5645 sane
2868 5586 3181 5644 consilium
3219 5606 3347 5660 quo
3404 5595 3641 5646 cautum
3679 5597 3791 5640 esse

2142 5679 2319 5736 voluit
2356 5695 2424 5734 ne
2458 5677 2874 5749 Chronologize,
2903 5693 3033 5749 quae
3055 5692 3144 5731 res
3170 5682 3270 5733 est
3302 5679 3456 5735 satis
3478 5695 3583 5751 per
3610 5691 3669 5732 se
3692 5673 3787 5727 im-
