3984 6174
168 338 279 392 689

1018 338 1114 389 AD
1154 337 1374 389 IDATII
1418 335 1733 389 EPISCOPI
1771 333 2182 389 CHRONICON
2221 339 2782 395 PROLEGOMENA.

3480 339 3588 393 690

163 464 362 537 plexa,
398 478 553 518 nova:
594 461 1036 516 offunderentur
1064 460 1337 527 tenebris,
1383 459 1601 531 quibus
1641 458 1822 514 lector
1849 459 1904 526 Α
1934 456 2488 531 Pagius,verisimile
2510 481 2639 520 esse
2662 482 2845 520 annos
2873 465 3226 520 Eusebianos
3248 465 3320 519 ab
3344 468 3581 519 autum-

174 552 539 625 praepeditus
571 551 628 605 in
652 566 904 606 errorem
938 549 1253 604 laberetur.
1278 553 1404 604 Non
1436 549 1607 620 longe
1629 549 1827 616 abibo,

158 659 358 714 neque
392 658 425 697 a
456 641 547 695 via
570 640 661 695 cui
684 640 903 695 instere
926 640 1107 694 debeo
1136 640 1425 703 recedam,
1463 640 1603 693 dum
1628 642 1829 693 osten~

160 733 237 788 do
272 732 816 803 interpretationem
853 731 951 785 24
986 729 1135 783 hanc
1168 730 1237 783 de
1270 728 1442 783 annis
1478 726 1825 783 Eusebianis

160 820 639 889 Hieronymianis
664 824 720 874 et
746 820 1046 883 [datianis,
1072 819 1141 873 ab
1165 820 1430 874 Octobris
1447 819 1567 873 sive
1590 822 1824 872 autum-

157 929 236 967 no
264 910 689 982 incipientibus
720 912 1130 981 (prmterquam
1165 909 1319 977 quod
1356 908 1502 962 falsa
1532 908 1663 977 est),
1696 924 1821 960 sex-

159 1006 477 1057 centorum
503 1015 768 1055 errorum
792 1014 1030 1053 causam
1050 1014 1163 1051 non
1188 997 1378 1051 solum
1408 996 1695 1051 tironibus
1720 996 1821 1050 sed

154 1091 345 1146 etiam
383 1087 761 1159 chronologis
792 1104 907 1143 non
943 1087 1194 1141 indoctis
1229 1087 1483 1141 futuram
1517 1101 1665 1140 esse.

228 1180 319 1234 18.
354 1178 531 1234 Porro
568 1178 723 1233 idem
758 1176 1143 1232 doctissimus
1178 1176 1409 1247 Pagius,
1446 1176 1585 1229 dum
1612 1176 1681 1229 de
1713 1173 1820 1228 hac

150 1286 219 1325 re
232 1269 528 1340 disputat,
546 1283 660 1323 non
680 1266 806 1322 sine
822 1264 1015 1336 aliqua
1027 1266 1241 1320 erroris
1256 1282 1321 1319 ac
1339 1263 1819 1320 contradictionis

152 1358 361 1430 specie
386 1360 624 1413 locutus
656 1360 763 1411 est.
784 1356 928 1411 Nam
948 1354 1285 1410 testimonio
1306 1353 1541 1409 Eusebii
1568 1353 1819 1408 adducto

163 1446 491 1503 scribentis
522 1445 770 1518 (Dissert.
804 1445 869 1499 de
897 1444 1110 1516 period.
1142 1443 1657 1512 erco-roman.,n.
1686 1443 1775 1513 78)
1801 1460 1818 1495 .-

164 1538 527 1607 Colliguntur
549 1552 734 1591 omnes
764 1534 903 1589 anni
932 1535 1236 1589 Abrahami
1258 1550 1424 1604 usque
1455 1533 1819 1588 adNativita-

154 1635 269 1681 tem
305 1624 521 1680 Christi
549 1625 781 1680 annimi
811 1641 904 1691 xv,
931 1623 1159 1678 incluso
1182 1622 1405 1678 scilicet
1466 1622 1522 1676 in
1550 1622 1638 1675 his
1664 1637 1817 1675 anno

148 1716 348 1787 primo
373 1714 608 1781 Christi,
635 1713 943 1785 subjungit
968 1731 979 1768 :
1000 1712 1218 1768 Certum
1240 1717 1476 1767 estauno
1496 1711 1736 1767 Juliano
1750 1710 1817 1764 43

149 1803 449 1859 Eusebium
477 1802 731 1874 primum
757 1801 1172 1857 incarnationis
1200 1818 1406 1856 annum
1432 1799 1733 1870 incarpisse.
1752 1802 1818 1852 Et

148 1911 223 1949 ne
250 1894 393 1965 quis
425 1892 507 1947 ita
534 1892 720 1964 possit
742 1891 863 1947 hinc
888 1891 1283 1964 interpretari,
1307 1890 1474 1961 quasi
1509 1905 1719 1944 sensus
1743 1888 1821 1943 sit

147 1983 477 2039 Eusebium
494 1982 919 2037 Christiortum
941 1980 1024 2035 illi
1040 1999 1192 2037 anno
1214 1979 1532 2035 Abrahami
1548 1978 1820 2049 alligasse

144 2072 252 2144 qui
289 2072 365 2127 ab
398 2076 687 2127 autumno
717 2071 856 2126 anni
880 2072 947 2125 43
964 2070 1188 2126 Juliani
1230 2068 1535 2126 exordium
1564 2066 1822 2139 sumpsit

150 2160 443 2217 continuo
474 2161 640 2216 addit
667 2176 680 2215 :
712 2160 1009 2216 Eusebium
1044 2160 1452 2215 Incarnationis
1480 2159 1820 2227 principium

138 2249 216 2303 ab
250 2264 411 2304 anno
440 2248 670 2304 Jutzano
695 2248 763 2303 43
785 2252 1046 2319 repetere.
1079 2247 1441 2317 Principium
1466 2245 1823 2301 Incarnatio-

146 2339 245 2394 nis
267 2340 536 2411 (sumpta
563 2338 972 2394 Incarnatione
998 2355 1100 2410 pro
1127 2338 1458 2407 Nativitate,
1482 2340 1824 2408 proutnunc

159 2427 495 2499 loquimur,
530 2426 684 2481 diem
717 2426 931 2482 Christi
965 2427 1084 2481 nati
1120 2427 1401 2498 primum,
1434 2430 1535 2480 aut
1566 2424 1823 2495 aliquem

160 2516 252 2572 illi
287 2517 619 2589 proximum
653 2532 783 2571 esse
812 2533 983 2571 nemo
1018 2533 1128 2571 non
1156 2515 1455 2579 fatebitur,
1481 2514 1821 2569 sicutnemo

160 2607 311 2662 item
348 2611 437 2661 est
466 2606 565 2678 qui
586 2608 841 2661 nesciret
864 2605 1329 2661 annosJulianos
1355 2622 1388 2659 a
1420 2602 1537 2658 Kal.
1561 2600 1822 2657 Januarii

147 2695 396 2751 initium
414 2711 641 2767 capere.
671 2695 813 2751 Cum
832 2695 1013 2767 igitur
1035 2694 1343 2760 Eusebius,
1368 2694 1595 2749 Graecos
1616 2692 1821 2745 imita-

158 2792 287 2856 tus,
322 2784 651 2856 alligaverit
680 2783 947 2840 Natalem
972 2784 1187 2841 Christi
1220 2784 1333 2839 diei
1355 2787 1527 2838 sextis
1558 2780 1820 2836 Januarii

156 2874 302 2931 anni
331 2874 597 2944 ejusdem
626 2872 938 2929 Ahrahami
958 2874 1119 2939 20l5,
1147 2873 1414 2945 potuitne
1442 2870 1670 2941 Pagius,
1697 2868 1821 2923 sine

153 2964 378 3020 erroris
397 2980 463 3018 ac
478 2963 960 3019 contradictionis
976 2962 1447 3035 specic,scribere
1463 2958 1821 3016 Incarnatio-

155 3054 251 3109 nis
284 3053 525 3108 initium
560 3053 631 3109 al)
666 3070 817 3108 anno
846 3055 1082 3109 Juliano
1117 3054 1185 3107 43
1218 3051 1535 3108 Eusebium
1572 3063 1825 3105 arcesse-

162 3161 224 3199 re
248 3143 276 3196 ?
308 3146 456 3199 Nam
482 3142 608 3196 dies
642 3141 742 3196 illa
768 3143 1107 3208 6Januarii,
1134 3143 1225 3197 cui
1250 3140 1535 3197 Eusebius
1556 3137 1821 3194 Natalem

161 3230 396 3286 Christi
425 3230 721 3301 ascripsit,
751 3231 785 3283 6
808 3231 1026 3301 pariter
1062 3236 1185 3286 erat
1206 3232 1330 3285 dies
1352 3231 1489 3285 anni
1514 3230 1581 3282 44
1601 3226 1822 3282 Juliani

163 3319 464 3393 siquidem
498 3319 608 3374 iste
641 3318 951 3375 inchoatus
980 3325 1070 3375 est
1098 3320 1191 3375 die
1222 3320 1411 3391 prima
1434 3318 1827 3388 ejusdemmet

162 3408 455 3464 Januarii.
491 3408 677 3479 Igitur
708 3408 1210 3479 quemadmodum
1246 3410 1423 3464 etiam
1452 3408 1499 3462 si
1536 3404 1823 3461 Eusebius

167 3514 391 3553 annum
425 3497 517 3551 cui
551 3498 806 3552 adnectit
840 3498 1308 3553 incarnationem
1336 3498 1407 3552 ab
1431 3496 1660 3551 Octobri
1686 3492 1825 3549 anni

164 3586 465 3642 43Juliani
490 3586 831 3658 auspicatus
855 3587 1205 3653 fuisset,non
1233 3591 1537 3659 propterea
1551 3584 1663 3639 dici
1683 3600 1824 3655 pos-

172 3680 257 3732 set
288 3675 391 3732 25
442 3674 654 3731 Christi
686 3676 953 3731 Natalem
991 3676 1162 3732 alicui
1197 3694 1265 3732 ex
1295 3676 1487 3731 tribus
1530 3673 1822 3745 prioribus

171 3764 438 3836 ejusdem
472 3763 611 3819 anni
639 3765 942 3819 mensibus
967 3764 1221 3833 Octobri,
1257 3764 1565 3822 Novembri
1593 3768 1693 3817 aut
1713 3762 1819 3816 De-

170 3852 411 3925 cembri,
436 3868 623 3925 neque
645 3854 952 3910 consulatu
977 3855 1201 3911 Lentuli
1224 3859 1280 3910 et
1298 3852 1618 3911 Messallini
1642 3851 1824 3907 ascri-

172 3942 382 4012 psisse,
417 3942 557 4012 quia
586 3950 641 3997 et
672 3943 1019 4000 consulatus
1052 3945 1161 4000 iste
1210 3949 1266 3999 et
1301 3949 1417 3999 tres
1468 3942 1551 3997 illi
1586 3957 1819 3996 menses

172 4029 313 4085 ﬁniti
343 4030 472 4101 jam
506 4035 676 4086 erant
706 4032 799 4088 die
839 4041 1003 4088 sexta
1034 4033 1401 4105 insequentis
1429 4030 1716 4093 Januarii,
1741 4031 1821 4084 ita

172 4135 359 4191 neque
388 4118 595 4191 attingi
627 4120 878 4177 Eusebio
907 4126 1098 4194 potest
1129 4140 1261 4178 eum
1295 4138 1444 4176 anno
1480 4123 1546 4175 43
1585 4119 1819 4175 Juliano

172 4207 437 4264 Natalem
451 4208 664 4264 Christi
689 4209 981 4282 alligasse,
1007 4213 1487 4284 quandoquidem
1513 4227 1704 4265 annus
1726 4208 1819 4284 hic

173 4313 277 4352 non
314 4295 519 4351 minus
553 4314 617 4352 ac
650 4302 769 4354 tres
801 4299 883 4354 illi
918 4317 1151 4355 menses
1202 4282 1546 4357 consulatus
1594 4282 1818 4353 Lentuli

173 4392 222 4440 et
240 4384 563 4441 Messallini
587 4388 792 4443 eadem
823 4388 921 4443 illa
944 4390 1035 4444 die
1050 4395 1212 4445 sexta
1234 4392 1469 4462 penitus
1494 4389 1815 4444 efﬂuxerat.

239 4476 328 4529 19.
366 4475 485 4547 Ego
519 4492 657 4530 sane
691 4493 803 4531 non
838 4478 1003 4534 video
1036 4496 1141 4533 cur
1169 4480 1403 4551 Pagius,
1432 4479 1530 4550 qui
1556 4479 1615 4532 in
1641 4494 1817 4549 appa-

180 4566 299 4616 ratu
335 4564 407 4616 ad
446 4562 723 4634 Annales,
757 4583 812 4619 n.
854 4567 976 4636 146,
1011 4567 1103 4621 cui
1136 4567 1456 4639 inscriptus
1503 4572 1591 4623 est
1628 4582 1817 4621 annus

174 4648 445 4706 Julianus
476 4652 565 4719 43,
590 4652 830 4709 disertis
860 4656 1050 4711 verbis
1079 4655 1293 4711 fatetur
1314 4656 1608 4711 Eusebium
1622 4657 1816 4711 existi—

176 4753 347 4795 masse
372 4740 658 4796 Christum
687 4752 881 4798 natum
913 4744 1004 4799 die
1030 4754 1186 4799 sexta
1212 4745 1522 4801 Jannuarii
1546 4745 1819 4816 sequentis

178 4828 325 4893 anni,
352 4844 531 4899 quem
558 4830 797 4900 ibidem,
824 4851 880 4887 n.
911 4834 1032 4899 153,
1058 4835 1182 4905 ipse
1206 4836 1273 4889 43
1290 4852 1356 4889 ex
1374 4834 1627 4888 Julianis
1651 4834 1817 4897 facit;

178 4930 305 4979 non.
328 4916 597 4987 inquam,
630 4920 815 4986 video,
841 4938 945 4976 cur
969 4922 1026 4975 in
1052 4921 1262 4976 Critica
1291 4922 1391 4993 (Ad
1422 4939 1516 4975 an.
1556 4924 1640 4987 14,
1675 4940 1731 4975 η.
1765 4923 1818 4991 6)

184 5000 475 5060 Petavium
492 5006 768 5079 corrigat,
784 5011 939 5080 quod
960 5010 1015 5064 in
1038 5011 1304 5065 eumdem
1323 5027 1540 5065 annum
1564 5012 1624 5063 44
1644 5010 1823 5065 Julia-

184 5107 316 5148 num
341 5094 664 5151 Eusebium
680 5096 1173 5154 ChristiNatalem
1193 5098 1461 5155 retulisse
1484 5098 1719 5153 scribat.
1736 5101 1819 5152 An

184 5182 313 5250 quia
336 5186 623 5241 Eusebius
649 5205 834 5243 annos
868 5190 1084 5261 quibus
1115 5190 1442 5245 Chronicon
1476 5207 1651 5245 suum
1676 5189 1821 5244 insi-

183 5269 377 5341 gnivit,
403 5274 476 5329 ab
501 5280 810 5345 autumno,
836 5284 899 5333 ut
920 5278 1214 5334 existimat
1238 5280 1472 5352 Pagius,
1504 5280 1820 5343 inchoavit,

186 5374 359 5415 annos
379 5362 672 5435 Julianos,
698 5383 845 5438 quos
871 5385 1174 5441 nunquam
1202 5376 1468 5443 usurpat,
1492 5389 1524 5427 a
1547 5371 1671 5425 suis
1695 5370 1819 5423 lini-

185 5445 289 5503 hus
320 5451 566 5510 avellere
598 5457 811 5527 potuit,
845 5458 1211 5533 elﬁcereque,
1248 5479 1319 5516 ne
1352 5462 1415 5517 44
1452 5477 1643 5515 annus
1696 5460 1819 5515 Kal.

180 5535 437 5606 ejusdem
468 5545 691 5602 mensis
708 5546 1381 5622 Januarii,cujus:sextaa
1413 5549 1525 5605 diei
1559 5549 1821 5604 Natalem

189 5624 391 5685 Christi
422 5636 729 5706 annexuit,
776 5636 1091 5696 inchoatus
1139 5640 1361 5705 fuerit?
1409 5640 1825 5695 Observaverat

191 5718 450 5778 Petavius
501 5722 741 5795 (Ration.
790 5734 941 5799 part.
984 5744 1047 5793 ιι,
1098 5729 1135 5783 ι.
1171 5744 1209 5797 ι,
1242 5745 1269 5784 c
1324 5730 1408 5782 10.
1441 5729 1598 5799 prius
1649 5743 1823 5799 quam

1938 566 2011 603 no
2043 552 2345 608 exordium
2396 570 2665 622 sumere;
2700 559 2981 619 attamen,
3011 554 3149 625 quia
3181 554 3367 623 major
3399 554 3581 609 Euse-

1936 638 2175 695 bianoru
2191 659 2240 695 m
2270 661 2403 713 pars
2427 661 2557 698 cum
2582 644 2827 699 Julianis
2851 644 3237 715 sequentibus
3260 643 3578 711 concurrit,

1934 731 2140 785 suadet
2176 740 2231 786 ut
2263 732 2320 786 in
2354 750 2461 787 usu
2498 751 2686 790 annus
2717 733 3055 799 Abrahami,
3084 731 3333 803 exempli
3366 732 3576 803 gratia,

1930 820 2091 887 2015,
2114 837 2247 875 cum
2273 823 2335 876 44
2354 822 2589 879 Juliano
2613 824 2962 892 conferatur,
2980 838 3230 893 quocum
3258 838 3577 892 pernovem

1932 924 2167 964 menses
2194 913 2510 980 concurrit,
2548 930 2661 967 non
2695 929 2827 967 vero
2859 929 2990 967 cum
3018 912 3104 977 43,
3132 926 3263 965 cum
3295 927 3410 981 quo
3434 926 3576 981 prae-

1930 998 2087 1053 dicto
2120 1017 2272 1054 anno
2304 1001 2622 1056 Abrahami
2645 1003 2787 1055 2015
2810 1001 2987 1057 trium
3014 1006 3244 1055 tantum
3284 998 3579 1054 mensium

1930 1090 2326 1145 communitas
2348 1094 2456 1145 est.
2478 1091 2545 1145 Et
2567 1091 2688 1146 haec
2711 1091 2947 1162 quidem
2975 1089 3241 1146 Petavius
3266 1086 3577 1144 consultis-

1928 1179 2075 1234 sime
2102 1197 2115 1234 ξ
2142 1197 2278 1235 nam
2312 1198 2604 1253 quaenam,
2638 1183 2737 1238 26
2763 1198 2922 1253 rogo,
2948 1180 3341 1251 chronologiae
3370 1179 3579 1235 cuntu-

1928 1269 2014 1323 sio
2038 1274 2094 1323 et
2119 1270 2478 1339 perturbatio
2501 1276 2611 1341 est,
2632 1272 2680 1325 si
2708 1276 2809 1326 aut
2831 1287 3052 1326 annum
3076 1268 3295 1326 Christi
3319 1267 3578 1339 primum

1927 1374 2058 1413 cum
2080 1359 2513 1415 Abrahamitico
2531 1361 2673 1414 2015
2694 1378 2725 1414 a
2742 1362 2835 1416 die
2858 1365 3021 1417 sexta
3044 1359 3309 1414 Januarii
3331 1358 3574 1427 conjun-

1926 1462 2090 1518 gens,
2122 1448 2390 1502 eumdem
2418 1449 2695 1521 sejungas
2720 1450 2791 1504 ab
2812 1465 2963 1504 anno
2986 1448 3220 1504 Juliano
3243 1448 3330 1515 44,
3357 1447 3456 1517 qui
3474 1461 3574 1501 sex

1927 1536 2090 1607 prius
2119 1536 2327 1591 diebus
2360 1537 2673 1593 inchoatus
2708 1538 2861 1593 fuit?
2892 1542 2995 1593 aut
3033 1537 3332 1592 Christum
3368 1539 3567 1590 natum

1926 1642 2197 1680 asserens
2229 1626 2538 1681 consulatu
2570 1627 2817 1698 Augusti
2849 1644 2973 1687 xui.
3008 1631 3217 1681 natum
3244 1639 3372 1680 esse
3398 1639 3575 1694 neges

1924 1715 2123 1769 eodem
2160 1715 2257 1770 illo
2288 1732 2442 1770 anno
2473 1716 2707 1772 Juliano
2732 1719 2819 1783 44,
2844 1722 3018 1787 atque
3041 1733 3139 1771 eos
3164 1715 3341 1770 etiam
3360 1729 3570 1785 carpas

1853 1815 1895 1879 Β
1925 1802 2023 1872 qui
2051 1802 2157 1857 hoc
2174 1802 2512 1858 allirmant?
2534 1809 2739 1859 Annon
2764 1803 3106 1859 consulatus
3137 1802 3435 1870 isteatque
3462 1815 3570 1853 an-

1926 1907 2037 1944 nus
2068 1891 2137 1945 44
2175 1890 2444 1947 Julianus
2476 1893 2678 1948 eadem
2711 1893 2805 1948 die
2846 1892 3073 1948 initium
3121 1888 3427 1945 habuere?
3457 1887 3566 1942 Sed

1928 1982 2167 2036 miseret
2184 1998 2273 2036 me
2296 1981 2567 2038 humanae
2592 1982 3031 2047 imbecillitatis,
3055 1983 3195 2036 dum
3218 1980 3383 2034 video
3408 1992 3571 2033 eum-

1928 2071 2184 2125 demmet
2216 2071 2455 2141 Pagium
2492 2072 2751 2143 idipsum
2797 2072 2951 2143 quod
2987 2071 3046 2125 in
3078 2070 3308 2125 Petavio
3352 2067 3450 2122 hic
3479 2081 3572 2120 re-

1929 2160 2239 2232 prehendit
2270 2159 2411 2215 alihi
2445 2162 2691 2231 probare
2723 2161 2961 2231 (Prolog.
2986 2160 3054 2214 ait
3084 2159 3301 2214 dissert.
3322 2157 3490 2228 Ilyp.,
3512 2172 3568 2210 η.

1930 2250 2044 2320 15],
2094 2249 2523 2323 Petavianaque
2569 2250 2772 2321 regula
2833 2250 3117 2305 utendum
3168 2264 3298 2303 esse
3345 2246 3571 2301 docere.

1927 2344 2126 2410 Agens
2165 2338 2318 2393 enim
2362 2340 2433 2393 de
2466 2356 2616 2394 anno
2648 2340 2683 2391 2
2731 2338 2962 2409 imperii
3015 2337 3076 2393 C.
3111 2334 3407 2407 Caligula,
3450 2334 3576 2390 haec

1930 2426 2173 2482 scribit:
2206 2428 2357 2481 Alter
2386 2427 2611 2499 imperii
2642 2427 2909 2495 Caligulae
2940 2441 3115 2481 annos
3147 2422 3356 2478 Christi
3390 2422 3575 2494 potius

1927 2517 1999 2571 38
2030 2533 2195 2587 quam
2225 2517 2293 2570 39
2325 2521 2427 2587 est,
2450 2533 2573 2571 cum
2602 2516 2672 2570 38
2706 2515 2917 2572 Christi
2946 2531 3126 2569 annus
3155 2511 3578 2583 correspondeat

1927 2622 2119 2661 novem
2164 2607 2411 2677 ejusdem
2449 2607 2677 2662 secundi
2725 2604 2951 2676 imperii
2980 2606 3119 2659 anni
3164 2602 3464 2667 mensibus,
3508 2600 3578 2655 39

1927 2710 2051 2751 vero
2082 2696 2260 2750 tribus
2290 2698 2505 2749 tantum
2536 2698 2712 2767 iisque
2742 2694 3111 2765 incomptelis.

1998 2786 2087 2839 20.
2123 2787 2305 2856 Auget
2336 2784 2545 2839 deinde
2579 2785 2851 2839 tenebras
2889 2783 3133 2855 Pagius,
3169 2780 3481 2853 inquiens:
3513 2780 3575 2833 In

1928 2889 2049 2929 aera
2089 2873 2437 2945 Dionysiana
2458 2873 2671 2943 primus
2703 2873 2910 2928 Christi
2926 2889 3106 2927 annus
3127 2870 3423 2926 inchoatur
3444 2870 3573 2924 Kai-

1926 2964 2191 3020 Januarii
2220 2964 2356 3017 anni
2381 2962 2607 3019 Juliani
2636 2964 2722 3017 46.
2752 2966 2999 3033 Namque
3026 2977 3207 3016 annus
3228 2960 3487 3016 Julianus
3508 2957 3577 3011 43

1929 3053 2093 3107 annis
2123 3051 2299 3106 tribus
2329 3069 2361 3106 a
2390 3052 2458 3107 46
2486 3052 2650 3107 distat
2677 3070 2689 3119 ;
2713 3056 2764 3106 et
2795 3054 2890 3123 qui
2918 3051 3173 3107 Natalem
3194 3050 3403 3105 Christi
3430 3063 3576 3102 anno

1934 3140 2155 3198 Juliano
2178 3142 2245 3194 44
2267 3142 2516 3206 ascribit,
2548 3142 2709 3195 illum
2730 3146 2845 3195 tres
2872 3141 3126 3194 anterius
3143 3154 3320 3193 annos
3341 3141 3577 3193 statuere

1936 3241 2210 3296 censetur,
2245 3247 2412 3302 quam
2459 3233 2557 3301 qui
2581 3248 2705 3285 eum
2733 3232 3014 3301 eonsignat
3042 3245 3186 3283 anno
3214 3228 3282 3281 46
3328 3225 3577 3297 (Dissert.

1934 3320 2000 3375 de
2028 3321 2241 3391 period.
2298 3320 2727 3386 Graecoroman,
2761 3338 2818 3373 η.
2850 3319 2964 3390 79).
3008 3319 3152 3374 Cum
3186 3332 3323 3387 ergo
3374 3314 3583 3369 dixerit

1932 3410 2145 3480 Pagius
2192 3410 2511 3463 Eusebium
2546 3408 2821 3480 alligasse
2860 3406 3123 3463 Natalem
3160 3405 3373 3461 Christi
3426 3420 3581 3458 anno

1930 3498 2167 3553 Juliano
2193 3500 2281 3564 43,
2315 3498 2657 3570 Dionysium
2689 3514 2820 3553 vero
2851 3513 3003 3552 anno
3034 3497 3124 3563 46,
3160 3510 3329 3550 nemo
3381 3493 3577 3564 ipsum

1930 3590 2147 3655 audiet,
2182 3588 2326 3661 quin
2358 3589 2469 3644 sibi
2497 3590 2846 3661 persuadeat
2868 3587 3131 3643 Natalem
3153 3583 3365 3640 Christi
3396 3586 3576 3637 Euse-

1932 3678 2172 3733 bianum
2224 3679 2394 3733 annis
2444 3678 2634 3733 tribus
2684 3677 3107 3749 Dionysianum
3156 3676 3396 3731 anteire.
3428 3677 3577 3727 Sane

1930 3766 2273 3823 doctissimo
2318 3767 2439 3823 viro
2471 3767 2593 3823 haec
2624 3766 2781 3840 Pagii
2816 3768 2991 3822 verba
3030 3766 3463 3837 imposuerunt,
3514 3764 3579 3815 ut

1928 3856 2189 3911 crederet
2220 3857 2373 3927 quod
2411 3857 2583 3912 modo
2616 3857 2978 3928 inquiebam,
3013 3855 3288 3926 quodque
3320 3852 3447 3924 ipse
3492 3850 3576 3906 ita

1926 3944 2232 4015 exposuit:
2269 3944 2515 4000 Eusebio
2538 3962 2720 3999 anexo
2752 3944 2805 3999 a1
2837 3946 2947 3999 aﬁo
2969 3944 3223 4015 primam
3253 3942 3323 3997 de
3343 3939 3572 3997 Christo

1926 4032 1979 4087 al
2012 4038 2122 4087 ano
2154 4034 2221 4087 43
2248 4034 2502 4099 Juliano,
2539 4052 2573 4105 y
2604 4032 2879 4105 Dionysio
2907 4031 2959 4088 ol
2990 4033 3078 4097 46,
3112 4032 3207 4086 27
3245 4046 3411 4085 como
3444 4028 3571 4081 dize

1926 4122 2059 4193 Pagi
2091 4139 2162 4176 en
2198 4121 2251 4176 la
2278 4123 2513 4177 dissert.
2546 4122 2634 4177 del
2660 4122 2896 4193 periodo
2929 4121 3303 4184 Grmcorom.,
3329 4132 3469 4171 num
3500 4116 3569 4167 78

1924 4227 1958 4280 y
1987 4211 2077 4264 79.
2103 4211 2184 4264 En
2219 4212 2413 4266 fuerza
2445 4212 2514 4265 de
2546 4217 2667 4267 esto
2700 4211 2869 4281 elque
2890 4211 2959 4264 de
2992 4208 3080 4263 los
3106 4210 3247 4263 alios
3280 4206 3351 4259 de
3382 4203 3568 4258 Abra-

1929 4300 2041 4354 han
2069 4299 2265 4369 quiera
2298 4315 2461 4355 sacar
2491 4299 2577 4354 los
2612 4301 2682 4354 de
2727 4299 2976 4364 Christo,
3012 4312 3194 4367 segun
3242 4311 3348 4349 nos
3380 4299 3568 4347 oslros

1928 4388 2015 4443 los
2063 4391 2387 4456 contamos,
2421 4405 2481 4443 se
2513 4388 2588 4442 ha
2620 4389 2688 4441 de
2730 4385 3079 4441 diferenciar
3108 4401 3178 4439 en
3220 4388 3337 4438 tres
3370 4380 3572 4435 unida-

1930 4476 2052 4543 des,
2076 4481 2183 4530 etc.
2219 4498 2246 4525 ››
2281 4476 2569 4547 Deceptus
2591 4482 2679 4531 est
2707 4476 2794 4529 vir
2825 4474 2896 4530 cl.
2916 4474 3159 4545 Pagium
3182 4472 3403 4544 legens,
3427 4474 3482 4524 et
3504 4484 3573 4523 ex

1928 4582 1992 4620 eo
2028 4564 2223 4619 hausit
2246 4564 2511 4621 Natalem
2536 4565 2747 4621 Christi
2770 4562 3169 4620 Eusebianum
3194 4560 3382 4615 tribus
3401 4557 3572 4613 annis

1930 4653 2348 4726 Dionysiauum
2406 4658 2765 4725 praevertere.
2816 4655 3010 4722 Neque
3058 4651 3150 4706 his
3199 4649 3359 4705 stetit
3389 4664 3570 4703 error.

1934 4743 2172 4798 Factum
2204 4745 2411 4798 exinde
2442 4748 2530 4798 est
2561 4748 2625 4797 ut
2652 4742 2955 4798 hazclabes
2989 4741 3044 4795 in
3072 4756 3280 4795 novam
3302 4736 3575 4794 Chronici

1930 4833 2256 4887 Editionem
2309 4834 2381 4889 ab
2426 4834 2554 4905 ipso
2610 4838 2874 4888 ornatam
2927 4832 3307 4885 derivaretur.
3377 4827 3576 4897 Neque

1931 4922 2087 4977 enim
2109 4922 2521 4977 animadvertit
2536 4924 2618 4976 vir
2632 4922 3011 4977 doctissimus
3030 4919 3441 4988 Hieronymum
3460 4932 3575 4969 non

1932 5012 2195 5082 potuisse
2245 5012 2419 5067 ﬁnem
2453 5012 2737 5067 Chronico
2770 5028 2878 5067 suo
2930 5011 3229 5081 imponere
3260 5002 3577 5061 Abrahami

1934 5117 2083 5155 anno
2105 5101 2266 5169 2395,
2300 5100 2653 5172 imposuisse
2684 5118 2811 5156 vers
2848 5117 3000 5155 anno
3032 5100 3192 5152 2394.
3226 5095 3370 5149 Vide
3401 5094 3574 5160 infra,

1934 5206 1991 5243 n.
2011 5189 2081 5242 26
2101 5193 2156 5243 et
2174 5206 2333 5260 seqq.
2361 5190 2505 5253 Quin
2530 5189 2725 5255 etiam,
2750 5190 2905 5260 quod
2930 5188 3093 5243 valde
3118 5184 3451 5241 mirandum
3467 5186 3578 5249 est,

1936 5277 2169 5349 Pagius,
2194 5281 2291 5349 qui
2326 5280 2382 5333 in
2408 5279 2565 5335 hunc
2588 5295 2843 5335 errorem
2873 5279 3125 5333 Florium
3152 5272 3404 5338 induxit,
3443 5286 3576 5325 eum

1932 5367 2061 5439 ipse
2094 5384 2203 5421 non
2240 5372 2560 5437 contraxit;
2602 5387 2734 5425 nam
2772 5368 2939 5423 Idatii
2971 5364 3299 5421 Chronicon
3328 5361 3399 5413 ab
3429 5374 3578 5412 anno

1931 5456 2249 5511 Ahrahami
2271 5458 2411 5513 2305
2434 5459 2679 5513 exordiri
2703 5456 3035 5513 existimare
3062 5470 3122 5507 se
3146 5447 3419 5511 ostendit,
3445 5459 3579 5498 cum

1934 5562 2085 5601 anno
2118 5550 2250 5617 post
2275 5549 2405 5619 ejus
2440 5548 2671 5603 initium
2710 5551 2869 5602 sexto
2903 5558 3121 5598 annum
3147 5539 3288 5593 2400
3306 5532 3577 5589 ascribat.

2003 5636 2091 5691 21.
2114 5640 2179 5691 At
2203 5637 2435 5708 Pagius,
2460 5639 2708 5709 inquies,
2732 5637 2927 5691 eodem
2953 5633 3049 5687 illo
3073 5632 3195 5686 loco
3220 5620 3577 5709 contrarium

1940 5740 2217 5798 expresse
2284 5730 2481 5783 docuit
2527 5708 2659 5781 nam
2719 5722 3016 5795 conceptis
3080 5715 3271 5773 verbis
3329 5708 3510 5766 edixit
3565 5719 3619 5767 ε,
