3898 6176
375 351 477 407 691

1224 348 1573 404 ADDENDA
1615 351 1709 402 AD
1748 345 2049 412 QUOSDAl

2159 342 2670 399 'RECEDENTES
2707 345 2963 401 ΤΟΜΟΒ.
3614 344 3702 396 692

382 476 601 531 Constat
650 474 945 529 Eusebium
997 489 1175 528 annos
1205 474 1620 528 lncarnalzonis
1656 472 1874 526 lrennio
1902 472 2029 524 ante
2056 468 2110 533 Α
2140 481 2309 520 secus
2343 482 2408 521 ac
2456 466 2884 539 Olympiadicos
2913 486 2944 523 a
2974 465 3250 524 Januario
3280 465 3492 520 initium
3536 466 3705 521 ducere

383 580 565 621 aerum
600 566 997 635 Dioni/sianum
1021 563 1518 619 2'nchoarn.Audioe
1550 560 2030 634 quidem.Verum

386 655 720 711 diversitate
756 653 855 708 illa
884 670 1171 708 annorum
1204 652 1662 707 Eusebianorum
1698 656 1750 706 et
1773 648 2034 705 Iuliano-

386 762 517 801 rum
553 742 848 797 distentus
893 742 977 796 ita
1020 742 1392 812 scriptionum
1437 758 1601 795 suam
1638 741 1931 804 obscurat,
1972 741 2036 791 ut

384 835 512 906 ipse
535 830 860 904 pugnantia
886 830 1045 901 loqui
1069 830 1355 895 videatur,
1381 829 1648 895 etlector,
1667 830 1837 898 cujus
1862 828 2033 881 modo

387 921 652 989 memini,
688 936 877 991 neque
910 918 1204 989 indoctus,
1238 936 1425 991 neque
1454 918 1789 990 indiligens,
1824 917 2036 987 quique

388 1030 421 1067 a
453 1008 626 1081 Pugio
659 1008 727 1063 de
764 1007 930 1063 initio
969 1024 1257 1064 annorum
1291 1010 1688 1064 Idatianorum
1739 1006 2035 1075 dissentit,

388 1115 538 1171 quos
570 1114 683 1152 non
718 1098 789 1152 ab
824 1097 1081 1163 Octobri,
1115 1099 1213 1153 sed
1248 1115 1279 1152 a
1308 1098 1589 1153 Januario
1623 1097 1801 1152 fluere
1834 1094 2036 1167 Opina-

387 1191 512 1254 tur,
546 1185 604 1239 in
647 1200 901 1241 errorem
948 1190 1183 1257 propter
1212 1186 1407 1257 ipsum
1458 1186 1662 1257 lapsus
1702 1186 1794 1240 sit.
1835 1186 2038 1254 Itaque

390 1277 577 1331 uthos
592 1274 866 1345 sc0pulos
891 1276 1132 1330 evitaret
1156 1275 1714 1348 Hieronymus(nam
1738 1272 2039 1330 verissime

391 1366 546 1421 idem
583 1364 795 1437 Pagius
824 1365 959 1419 alibi
989 1365 1223 1436 scripsit
1257 1366 1440 1437 [lbicb]
1466 1385 1484 1421 :
1507 1365 1873 1421 Periodorum
1894 1364 2038 1418 mul-

391 1456 670 1526 tiplicatio
718 1456 1003 1510 memorias
1052 1456 1343 1525 animoque
1392 1472 1620 1511 onerosa
1658 1455 1782 1525 est),
1818 1454 1950 1508 licet
1980 1452 2039 1506 in

393 1544 679 1601 Chronico
714 1543 945 1599 Eusebii
981 1561 1164 1599 annos
1193 1545 1666 1599 Abrahamiticos
1699 1544 1771 1597 ab
1804 1547 2038 1597 autum-

393 1652 468 1690 no
500 1634 783 1688 deductos
812 1632 1101 1688 invenerit
1135 1635 1148 1703 (
1186 1635 1334 1705 quod
1370 1635 1468 1690 28
1503 1635 1560 1688 in
1595 1633 2041 1705 praesentiarum

394 1720 541 1776 nihil
565 1720 769 1775 attinet
792 1726 1093 1791 qumrere),
1115 1737 1213 1775 eos
1236 1726 1413 1793 atque
1435 1721 1610 1776 etiam
1636 1720 2044 1792 imperatorios

395 1826 531 1865 cum
554 1810 805 1864 Julianis
823 1814 881 1864 et
907 1810 1180 1865 civilibus
1196 1811 1364 1865 annis
1394 1809 2043 1880 Romanorum,quibus

401 1900 725 1955 Cbronicon
760 1898 903 1953 illud
940 1900 1211 1954 Latinum
1236 1901 1500 1967 faciebat,
1527 1900 1855 1969 quibusque
1883 1900 2048 1969 igno-

403 1994 529 2045 rata
560 1992 683 2044 erat
712 1989 985 2060 Syrorum
1020 2005 1206 2044 annos
1239 1990 1480 2058 putandi
1514 1990 1682 2057 ratio,
1715 2006 1748 2044 a
1772 1990 2047 2043 Januario

398 2078 714 2145 inchoavit,
751 2093 820 2132 ne
844 2077 1057 2148 triplici
1092 2078 1328 2149 periodo
1382 2079 1562 2134 altera
1594 2078 1928 2145 Abrahami,
1963 2076 2050 2133 al.

400 2173 525 2224 tera
546 2166 931 2238 Olympiadis,
956 2167 1128 2223 tertia
1163 2168 1413 2239 denique
1426 2169 1779 2240 principum,
1797 2183 2047 2237 quarum

396 2271 765 2328 unaquaeque
777 2256 1006 2312 diverso
1020 2273 1083 2311 ac
1097 2255 1209 2311 alio
1225 2273 1423 2313 mense
1437 2274 1621 2313 annos
1633 2275 1772 2313 suos
1786 2256 2049 2327 auspica-

398 2350 581 2415 retur,
607 2346 890 2401 lectorum
913 2346 1142 2401 animos
1159 2346 1447 2402 obrueret.
1470 2347 1645 2403 Porro
1668 2352 1955 2418 quantum
1975 2345 2048 2399 si-

398 2436 455 2490 bi
478 2435 869 2506 Hieronymus
892 2435 1206 2490 indulserit
1232 2435 1288 2489 in
1313 2437 1589 2491 vertendo
1612 2435 1845 2492 Eusebii
1867 2435 2043 2490 Chro-

405 2526 535 2580 nico
562 2524 799 2580 disertis
821 2524 948 2596 ipse
970 2525 1161 2579 verbis
1184 2525 1242 2579 in
1266 2526 1602 2597 praefatione
1627 2526 1924 2597 professus
1957 2527 2045 2579 est

406 2615 547 2669 dum
578 2612 658 2669 ait
689 2630 750 2669 se
781 2630 909 2670 esse
933 2618 988 2670 et
1013 2614 1348 2686 interpretis
1369 2618 1426 2670 et
1457 2615 1760 2687 scriptoris
1790 2631 1857 2669 ex
1880 2619 2043 2685 parte

401 2702 593 2759 officio
627 2720 820 2759 usum.
847 2702 1055 2757 Idatim
1081 2708 1276 2759 autem
1303 2702 1721 2776 Hieronymum
1745 2704 2040 2759 imitatum

395 2791 579 2847 fuisse
608 2795 727 2847 tam
763 2791 905 2847 mihi
934 2795 1155 2846 certum
1182 2796 1289 2862 est,
1318 2796 1381 2847 ut
1402 2792 1729 2848 Chronicon
1753 2792 2042 2861 Graecum,

398 2880 567 2951 quale
586 2882 656 2936 ab
679 2880 929 2936 Eusebio
956 2880 1191 2952 prodiit,
1222 2898 1292 2937 ne
1325 2882 1561 2953 quidem
1582 2882 1792 2955 legisse
1818 2886 2039 2954 putem.

754 2973 781 3039 §
810 2971 933 3025 VII.
969 2974 1046 3025 De
1075 2972 1238 3025 annis
1262 2969 1683 3042 Olympiadicis.

468 3060 556 3116 22.
593 3064 667 3115 De
697 3060 790 3115 his
822 3058 990 3115 aliter
1020 3076 1086 3114 ac
1118 3060 1188 3114 de
1223 3060 1677 3116 Abrahamiticis
1709 3065 1764 3116 et
1787 3060 2040 3132 impera-

2078 1854 2126 1918 B

2142 555 2294 625 apud
2330 555 2642 611 Eusebium
2678 563 2734 612 et.
2769 558 3014 613 Idatium
3059 556 3319 611 dixerim.
3350 554 3478 609 Nam
3508 560 3707 625 praeter-

2140 660 2315 713 quam
2350 647 2505 715 quod
2539 645 2593 700 id
2621 647 2893 701 evincunt
2923 645 3185 718 exempla
3207 644 3459 717 superius
3487 644 3709 713 adducta,

2140 750 2330 788 annus
2345 736 2415 789 ab
2432 740 2715 791 autumno
2740 736 3189 808 iniens,qualem
3213 734 3551 805 vultPagius,
3566 734 3712 803 Syris,

2141 827 2203 875 ut
2235 823 2453 877 dictum
2482 828 2589 892 est,
2619 829 2847 879 tantum
2872 824 2926 878 in
2955 842 3062 879 usu
3089 828 3233 891 erat,
3258 821 3472 893 illisque
3496 819 3615 875 solis
3635 837 3712 872 no-

2139 915 2257 977 tus,
2296 916 2351 965 at
2384 929 2575 967 annus
2606 913 3042 984 Olympiadicus
3073 914 3144 967 ab
3175 916 3363 966 testate
3384 908 3652 980 incipiens,
3674 911 3717 961 et

2139 998 2200 1053 in
2228 1005 2487 1056 aestatem
2514 1019 2664 1057 anno
2681 997 3585 1074 consequentidesinens,cunctis
3606 1013 3718 1069 gens

2142 1088 2323 1154 tibus,
2358 1106 2474 1162 qua
2503 1090 2614 1146 late
2648 1092 2889 1163 patebat
2928 1092 3256 1146 Romanum
3290 1087 3597 1160 imperium,
3625 1089 3723 1140 erat

2144 1179 2513 1249 notissimus;
2548 1187 2724 1253 atque
2759 1183 2829 1237 ab
2862 1182 3141 1237 omnibus
3186 1197 3300 1236 una
3340 1180 3631 1249 eademque
3656 1193 3725 1230 ra-

2146 1267 2304 1323 tione
2328 1270 2667 1339 putabatur.
2693 1273 3059 1343 Quapropter
3080 1267 3525 1341 requaleerrandi
3550 1265 3730 1337 pericu-

2144 1355 2269 1411 lurn
2296 1357 2611 1415 lectoribus
2637 1366 2955 1428 crearetur,
2980 1361 3027 1415 si
3052 1377 3242 1415 annus
3271 1356 3669 1431 Olympiadicus
3687 1354 3730 1408 in

2143 1445 2219 1500 Ch
2230 1448 2451 1503 ronicon
2466 1447 2715 1504 insertus
2729 1454 2879 1505 esset
2894 1467 3013 1505 cum
3031 1466 3101 1505 an
3114 1448 3216 1505 noJ
3227 1447 3415 1503 uliano
3428 1444 3579 1516 parili
3592 1459 3734 1497 cursu

2148 1534 2336 1592 ﬂuens
2372 1555 2549 1609 quam
2588 1540 2633 1594 si
2668 1540 2945 1596 inductus
2978 1544 3133 1595 esset
3162 1554 3351 1593 annus
3395 1533 3735 1591 Abrahamiti-

2146 1641 2252 1681 cus
2299 1644 2430 1682 cum
2467 1632 2738 1699 Syrorum
2792 1629 2942 1684 civili
2974 1646 3127 1685 anno
3158 1630 3484 1684 decurrens.
3520 1623 3615 1678 Sed
3646 1621 3735 1676 hac

2148 1720 2306 1770 certa
2330 1717 2564 1773 cunctis
2596 1735 2724 1773 esse
2758 1719 2985 1774 debent.
3013 1718 3252 1774 Silentio
3282 1721 3471 1771 tamen
3497 1730 3559 1769 ea
3577 1716 3736 1783 prate-

2157 1805 2270 1858 rire
2304 1805 2464 1861 nolui
2500 1813 2735 1877 prOpter
2764 1807 3006 1879 Pagium
3037 1812 3094 1862 et
3126 1806 3403 1871 Florium,
3426 1798 3737 1875 quorumille

2160 1910 2345 1949 annos
2376 1895 2812 1967 Olympiadicos
2844 1898 2914 1951 ab
2942 1895 3193 1964 Octebri,
3213 1895 3307 1950 hic
3326 1912 3358 1950 a
3386 1891 3637 1949 Januario
3658 1905 3739 1943 nu-

2158 1984 2468 2039 merandos
2499 2001 2628 2039 esse
2660 1985 2717 2038 in
2752 1990 2947 2040 nostro
2975 1985 3258 2040 Chronico
3281 1985 3505 2049 docent,
3534 1996 3649 2035 cum
3668 1992 3743 2032 eos

2158 2089 2191 2125 a
2224 2088 2423 2127 mense
2454 2072 2608 2128 Julio
2641 2074 2865 2129 ldatius
2902 2074 3227 2130 certissime
3260 2071 3581 2143 auspicatus
3610 2068 3688 2123 sit.

2159 2179 2259 2233 30
2289 2180 2319 2252 §
2352 2178 2502 2236 VIII.
2540 2182 2706 2248 Quoto
2737 2181 3037 2236 Abrahami
3077 2198 3223 2237 anno
3254 2178 3461 2236 Idatius
3493 2175 3747 2232 Chronica:

2790 2253 3125 2309 inchoaverit
3144 2253 3171 2306 ‘l

2224 2339 2314 2393 24.
2342 2340 2507 2396 Nunc
2522 2346 2716 2397 autem
2734 2342 3013 2414 quoniam
3033 2360 3157 2415 qua:
3173 2338 3748 2412 hucusquedictasunt

2154 2428 2223 2482 de
2253 2428 2422 2485 initio
2460 2432 2596 2485 anni
2628 2430 3034 2503 Olympiadici,
3069 2432 3261 2503 deque
3292 2428 3447 2484 illius
3477 2433 3587 2482 tam
3622 2423 3744 2495 apud

2150 2521 2377 2575 Graecos
2411 2536 2589 2587 quam
2624 2522 2775 2592 apud
2812 2522 3049 2576 Latinos
3072 2520 3475 2593 usurpatione,
3502 2515 3748 2573 notasunt

2153 2617 2307 2688 apud
2359 2634 2588 2686 omnes,
2621 2617 2806 2675 solius
2837 2618 3135 2674 Censorini
3166 2616 3563 2674 testimonium
3599 2611 3746 2669 addu-

2151 2723 2304 2773 cam,
2326 2708 2536 2776 nonjut
2556 2724 2677 2763 rem
2712 2708 3015 2765 indubiam
3040 2708 3409 2774 confirmem,
3434 2705 3529 2761 sed
3555 2707 3613 2759 ut
3628 2718 3684 2758 ex
3701 2715 3750 2756 eo

2151 2796 2223 2851 ad
2257 2813 2478 2852 annum
2513 2797 2775 2869 primum
2809 2802 2864 2853 et
2882 2798 3158 2853 ultimum
3181 2791 3750 2853 auctariildatianiin-

2154 2884 2505 2956 quirendum
2531 2892 2927 2943 transeamus.
2952 2886 3133 2958 Igitur
3154 2886 3508 2943 Censorinus
3536 2903 3548 2940 ε
3572 2882 3655 2939 Hic
3671 2898 3753 2935 an-

2148 2989 2280 3039 nus,
2316 2974 2417 3041 ait,
2450 2976 2605 3045 cuius
2634 2976 2779 3031 velut
2804 2975 2972 3030 index
3000 2983 3049 3030 el
3077 2974 3279 3031 titulus
3308 2975 3529 3048 quidam
3553 2980 3623 3028 est
3643 2968 3757 3039 Ulpii

2144 3062 2200 3115 ei
2216 3062 2483 3117 Pontiani
2504 3064 2927 3132 consulalus,ab
2942 3062 3264 3136 Olympiade
3278 3066 3463 3136 prima
3476 3060 3755 3117 millesimus

396 3150 561 3206 toriis
581 3152 959 3206 statuendum
976 3155 1085 3222 est,
1108 3151 1634 3224 incunctanterquc
1658 3152 2038 3207 asscrendum
2097 3223 2102 3224 γ
2145 3159 2220 3204 est
2250 3158 2300 3204 et
2332 3151 2395 3204 14
2426 3166 2499 3205 ea:
2518 3151 2709 3208 diebus
2741 3156 2955 3207 tantum
2988 3152 3421 3224 wslalis,quibus
3451 3168 3577 3223 agon
3608 3150 3756 3219 Olym-

392 3239 711 3295 Eusebium
732 3284 744 3307 ,
772 3240 1189 3310 Hieronymum
1218 3244 1274 3296 et
1297 3223 1553 3296 Idalium,
1573 3242 1771 3297 aestivo
1794 3240 2044 3311 tempori
2078 3223 2119 3289 C
2154 3239 2309 3311 picus
2338 3241 2664 3296 celebratur.
2721 3242 2759 3296 A
2796 3244 2962 3297 Roma
2991 3246 3173 3297 autem
3228 3223 3449 3299 condita
3475 3241 3567 3295 991
3592 3242 3639 3293 et
3662 3236 3755 3308 qni-

396 3329 807 3402 Olympiadum
824 3331 1055 3386 initium
1079 3331 1551 3403 alligasse,idque
1574 3332 1834 3402 ipsarum
1851 3331 2051 3403 Olym-

396 3419 635 3490 piadum
671 3420 861 3491 positu
897 3425 1076 3489 atque
1108 3420 1557 3490 consignatione
1589 3424 1865 3475 testatum
1918 3419 2051 3474 reli-

408 3509 632 3579 quisse.
650 3510 1017 3580 Quapropter
1038 3508 1092 3561 in
1118 3507 1437 3562 novissima
1460 3509 1627 3563 Idatii
1651 3510 1916 3563 Editione
1939 3524 2051 3563 non

401 3604 556 3652 recte
588 3598 807 3651 factum
842 3597 1095 3666 est,dum
1120 3596 1256 3650 anni
1290 3596 1668 3668 Olympiadici
1703 3613 1833 3651 cum
1870 3598 2049 3651 Abra--

404 3685 701 3741 hamiticis
724 3690 779 3739 et
806 3684 1197 3755 imperatoriis
1220 3702 1285 3740 ex
1306 3702 1473 3756 inquo
1505 3686 2053 3757 confcruntur;qua-

408 3775 460 3829 si
492 3773 573 3828 illi
610 3791 720 3829 non
757 3790 927 3829 secus
956 3791 1019 3829 ac
1053 3773 1146 3827 isti
1181 3792 1212 3828 a
1241 3774 1522 3830 Januario
1542 3776 1890 3831 numerandi
1914 3777 2052 3832 sint.

408 3862 534 3920 Non
585 3864 667 3919 ita
699 3864 954 3936 profecto
1003 3866 1383 3921 connectendi
1420 3867 1651 3922 fuerunt
1688 3867 1747 3922 in
1769 3867 2053 3923 Chronico

405 3954 619 4009 harum
667 3952 1021 4025 epocharum
1056 3953 1215 4022 anni,
1267 3955 1367 4009 sed
1400 3960 1558 4011 sexto
1608 3960 2056 4028 praeterpropter

411 4060 612 4099 mense
643 4043 713 4098 ab
739 4042 906 4097 initio
937 4047 992 4097 et
1024 4043 1138 4097 fine
1162 4041 1408 4099 aliorum
1436 4045 1690 4118 incipere
1712 4051 1767 4101 et
1792 4046 2055 4102 desinere

408 4133 732 4189 debuerant
782 4132 1191 4203 Olympiadici.
1248 4133 1308 4188 Id
1360 4152 1465 4190 nos
1515 4136 1681 4191 docet
1727 4135 2054 4190 clarissime

405 4221 653 4287 Idalius,
683 4221 824 4276 dum
850 4220 907 4275 in
932 4220 1197 4276 Editione
1223 4222 1650 4294 Sirmondiana,
1676 4241 2053 4296 quasexpres-

408 4329 471 4367 sa
501 4315 590 4368 est
633 4310 804 4366 unico
838 4310 942 4366 Ms.
988 4311 1141 4381 quod
1176 4316 1463 4383 superest,
1515 4312 1919 4385 Olympiadem
1950 4314 2055 4367 290

410 4419 526 4457 non
560 4417 589 4456 e
611 4400 844 4472 regione
869 4400 1005 4454 anni
1035 4399 1422 4468 2Theodosii,
1456 4403 1555 4457 sed
1588 4402 1829 4457 inferius
1863 4403 2053 4457 medio

413 4489 617 4560 utique
662 4488 853 4559 spatio
884 4487 1040 4542 inter
1085 4492 1192 4543 2st
1222 4489 1255 4543 3
1277 4490 1347 4544 ad
1378 4492 1405 4559 §
1434 4491 1789 4549 Alexandria
1811 4492 1908 4548 29
1936 4492 2054 4546 ins-

2158 3328 2278 3383 dem
2308 3347 2340 3383 a
2361 3331 2652 3396 Palilibus,
2684 3331 2830 3387 unde
2853 3332 3010 3388 Urbis
3030 3334 3168 3387 anni
3193 3335 3573 3389 numerantur.
3595 3330 3754 3383 Eorum

2164 3434 2289 3473 vero
2323 3436 2595 3474 annorum
2626 3422 2824 3491 quibus
2853 3422 3099 3477 Julianis
3131 3438 3335 3479 nomen
3366 3431 3462 3489 est,
3484 3420 3579 3474 283
3603 3415 3679 3472 sed
3702 3430 3756 3470 ινιτ

2158 3506 2247 3561 die
2278 3508 2399 3562 Kal.
2427 3511 2717 3565 Januarii.
2770 3510 2900 3565 Hanc
2942 3510 3323 3567 Censorinus.
3377 3513 3456 3566 Ex
3485 3508 3675 3582 quibus
3701 3503 3754 3556 li-

2159 3597 2335 3666 quide
2384 3603 2611 3653 constat
2659 3616 2945 3654 annorum
2996 3600 3532 3673 Olympiadicorum
3564 3595 3751 3652 initium

2158 3684 2531 3757 allegandum
2581 3688 2762 3744 fuisse
2793 3688 2864 3743 ab
2896 3689 3251 3762 Hieronymo
3305 3696 3363 3745 et
3394 3688 3566 3746 Idatio
3594 3684 3758 3741 diebus

2160 3775 2402 3843 aestatis,
2425 3792 2496 3831 ne
2523 3793 2733 3832 novam
2765 3783 2939 3847 atque
2961 3777 3319 3834 insolentem
3348 3796 3445 3835 eos
3469 3769 3759 3832 numerandi

2160 3862 2452 3918 rationem
2470 3864 2527 3919 in
2545 3864 2870 3920 Chronicon
2887 3866 3189 3920 inferrent.
3207 3869 3399 3937 Atque
3413 3865 3608 3922 exinde
3626 3860 3761 3917 etiam

2161 3954 2553 4010 demonstrari
2588 3972 2757 4027 posse
2782 3957 3052 4012 existimo
3074 3959 3495 4032 Hieronymum
3520 3964 3761 4012 manuma

2158 4042 2441 4099 Chronico
2476 4045 2788 4100 sustulisse
2812 4063 2965 4101 anno
2988 4047 3302 4103 Abrahami
3334 4048 3495 4113 2394,
3516 4038 3761 4117 Olympia-

2160 4132 2251 4187 dis
2282 4133 2387 4186 289
2403 4151 2555 4189 anno
2580 4133 2990 4201 tertio,rnense
3012 4134 3194 4207 hujus
3225 4125 3761 4193 sexlolabenteChris

2159 4222 2200 4276 ti
2234 4238 2391 4293 vero,
2437 4223 2611 4294 juxta
2641 4223 2984 4294 Eusebium,
3036 4226 3183 4293 380;
3218 4231 3631 4299 proptereaque
3664 4217 3761 4273 Ida-

2158 4313 2327 4382 tium,
2351 4313 2449 4385 qui
2481 4315 2750 4385 sequenti
2788 4332 2940 4371 anno
2964 4315 3257 4372 calamum
3289 4315 3597 4390 applicavit
3615 4310 3760 4367 eidem

2161 4402 2444 4458 Chronico
2478 4404 2902 4471 continuando,
2928 4406 3278 4477 consignare
3300 4408 3361 4462 in
3378 4401 3762 4468 vestibuloope-

2163 4494 2241 4548 ris
2275 4493 2363 4547 sui
2391 4492 2663 4548 debuisse
2682 4510 2900 4548 annum
2925 4494 3244 4551 Abrahami
3269 4497 3434 4564 2395,
3459 4486 3764 4567 Olympiadis

414 4577 638 4651 cripsit.
675 4578 837 4643 Quod
871 4576 1093 4647 reliquo
1126 4578 1401 4650 deinceps
1452 4580 1735 4637 Chronico
1770 4582 1938 4638 toties
1970 4598 2056 4637 re-
2085 4585 2132 4650 Ι)
2166 4581 2451 4653 praedicta:
2471 4582 2848 4637 annumitem
2870 4582 2925 4651 3,
2947 4581 3181 4652 Christi,
3207 4585 3257 4640 si
3284 4585 3390 4641 hac
3412 4578 3766 4656 epoobajuxta

412 4667 584 4734 tinet,
624 4666 849 4737 quoties
881 4665 1259 4723 librariorum
1290 4670 1517 4725 incuria
1557 4671 1906 4742 depravatus
1940 4687 2054 4725 non

416 4760 524 4811 est.
560 4755 621 4809 In
657 4770 768 4826 quo
799 4754 1113 4809 Eusebium
1147 4763 1203 4811 et
1229 4757 1645 4830 Hieronymum
1678 4764 1912 4815 secutus
1947 4763 2056 4828 est,

417 4844 516 4918 qui
532 4845 587 4899 in
608 4844 709 4900 hoc
729 4843 839 4915 ipsi
864 4844 1270 4915 praeviverunt.
1289 4846 1432 4902 Nam
1448 4847 1935 4904 Eusebiusinter7
1956 4852 2010 4903 ct
2026 4848 2059 4901 8

418 4934 754 4989 Diocletiani
789 4938 846 4988 et
868 4932 1020 4988 inter
1044 4934 1067 4987 1
1096 4939 1152 4988 et
1175 4938 1211 4989 2
1231 4938 1618 5009 Constantini,
1642 4955 1825 4993 annos
1848 4936 2056 5008 aequali

420 5024 491 5080 ab
514 5023 825 5094 utriusque
845 5021 1171 5094 intervallo,
1198 5024 1569 5099 Olympiades
1594 5028 1696 5083 268
1719 5032 1776 5083 et
1798 5029 1903 5081 272
1922 5044 2058 5083 con-

419 5113 694 5185 signavit.
748 5111 1137 5185 Hieronymus
1169 5114 1347 5171 etiam
1380 5118 1531 5173 inter
1555 5135 1738 5173 annos
1793 5118 2057 5190 ejusdem

418 5203 780 5260 Constantini
815 5203 885 5256 25
914 5206 971 5256 et
998 5202 1067 5257 26
1095 5207 1271 5275 atque
1307 5208 1365 5260 11
1403 5212 1459 5261 et
1494 5208 1557 5261 12
1578 5207 1837 5263 Valentis
1869 5208 2061 5279 Olym~

419 5294 622 5365 piades
644 5292 748 5345 288
765 5295 821 5346 et
834 5291 1272 5363 289inseripsit.
1298 5295 1556 5350 Plurima
1571 5296 2057 5366 sunthujusmodi

418 5380 815 5453 exemplatoto
848 5382 1809 5452 sparsaChronico,Venetiisanno
1844 5386 1978 5439 1483
2004 5390 2061 5439 et

414 5471 651 5528 Basileaa
683 5487 834 5527 anno
859 5471 996 5526 1529
1024 5470 1311 5542 impresso
1332 5472 1809 5528 Sedistatantum
1840 5472 2060 5544 placuit

412 5562 703 5619 adducere
730 5576 851 5631 quas
885 5558 1115 5615 nullum
1148 5559 1495 5630 relinquunt
1525 5560 2059 5632 vitilitigationibus

409 5652 629 5707 locum.

483 5740 571 5795 23.
588 5738 702 5794 Nec
720 5737 922 5794 mirari
941 5736 1114 5795 debet
1127 5736 1312 5795 lector
1324 5738 1374 5795 si
1395 5755 1580 5795 annos
1596 5740 2059 5798 Abrahamiticos

2166 4670 2400 4725 Eusebii
2435 4669 2768 4741 Opinionem
2812 4687 2956 4726 usus
2988 4670 3217 4739 fuisset,
3250 4690 3475 4730 annum
3506 4672 3623 4727 381.

2241 4760 2333 4815 3]
2373 4760 2465 4813 ‘25.
2517 4761 2715 4831 Itaque
2766 4777 2985 4816 annum
3021 4777 3195 4831 quem
3247 4767 3338 4818 tot
3386 4754 3767 4818 cbaracteribus

2169 4848 2369 4920 design
2381 4857 2433 4904 at
2451 4848 2803 4905 Censorinus
2821 4850 3090 4905 eumdem
3107 4867 3235 4907 esse
3252 4868 3389 4907 cum
3407 4868 3556 4908 anno
3570 4846 3769 4902 2383:“!3

2167 4938 2429 5010 vulgaris
2448 4942 2761 4993 autumant
2784 4938 2890 4993 hoc
2914 4943 3175 5010 tempore
3195 4940 3465 5012 plerique
3488 4951 3687 4995 omnes.
3708 4928 3767 4985 Ab

2170 5047 2234 5085 eo
2272 5033 2463 5083 autem
2498 5044 2650 5083 anno
2686 5043 2871 5098 usque
2904 5028 2971 5081 ad
3010 5028 3185 5084 finem
3219 5029 3491 5086 Chronici
3534 5026 3770 5087 Hierony-

2174 5119 2353 5173 miani
2390 5136 2491 5173 cxx.
2520 5116 2658 5172 anni
2685 5122 3110 5186 numerantur;
3145 5119 3443 5190 siquidem
3468 5116 3602 5172 illud
3622 5106 3773 5167 finivit

2172 5207 2479 5263 consulatu
2514 5205 2774 5261 Valentis
2806 5223 2859 5260 v1
2882 5206 3341 5263 etValentiniani
3365 5192 3774 5280 juniorisu,qui

2173 5314 2394 5352 annum
2428 5313 2555 5351 83F?!)
2586 5295 2952 5367 Dionysianae
2976 5296 3078 5351 362
3111 5299 3360 5369 aperuit.
3383 5296 3558 5369 Atqui
3584 5293 3771 5347 becau-

2172 5404 2246 5442 no
2279 5401 2617 5441 numerasse
2648 5401 2883 5440 necesse
2900 5390 2988 5440 est
3018 5386 3440 5460 Hieronymum
3471 5371 3771 5447 cocus.de

2172 5481 2260 5532 est
2294 5478 2440 5532 duos
2464 5475 2719 5547 amplius
2751 5491 2936 5531 annos
2965 5493 3140 5547 quam
3165 5476 3501 5549 Dionysius,
3532 5465 3774 5544 quotquot

2174 5566 2243 5621 ab
2315 5568 2485 5621 initio
2544 5583 2656 5621 mra
2717 5564 2933 5619 Christi
3003 5565 3337 5622 Eusebiana
3410 5559 3774 5635 Dionysianam

2174 5657 2498 5711 antevertil.
2559 5654 2835 5725 Quisquis
2884 5671 3020 5726 ergo
3052 5655 3310 5727 antiquis
3355 5640 3777 5721 Hieronymianis

2178 5744 2452 5802 Cbronici
2486 5742 2921 5815 exemplaribus
2959 5742 3221 5815 credidit,
3251 5744 3314 5798 in
3367 5741 3574 5814 quibus
3614 5740 3775 5790 annus
