3984 6174
210 371 337 426 697

1050 377 1151 430 AD
1186 378 1412 431 IDATII
1448 375 1770 431 EPISCOPI
1807 370 2217 430 CHRONICON
2254 375 2811 433 PROLEGOMENA.

3524 370 3631 425 698

206 495 465 568 quinam
487 495 548 551 in
571 494 808 553 Oriente
836 496 1107 554 consules
1139 498 1457 554 renuntiati
1479 498 1748 563 fuissent,
1776 512 1870 568 pe-
1903 497 1955 561 Α
1987 501 2092 565 An,
2124 500 2277 555 sicut
2320 501 2391 555 de
2434 498 2841 555 consulatibus
2890 515 3071 569 supra
3122 498 3368 565 aiebam,
3403 497 3629 552 Idatius

209 585 381 641 nitus
423 583 736 657 ignoravit.
771 587 893 641 Imo
921 588 1071 643 etde
1101 587 1406 643 consulatu
1456 586 1677 659 Olybrii
1728 584 1874 640 nihil

204 690 347 729 cum
364 672 479 729 nisi
495 674 722 747 aliquot
737 679 869 747 post
882 693 1069 733 annos
1103 678 1398 733 audivisse
1411 677 1503 731 vid
1514 682 1660 731 etur.
1677 674 1873 745 Siqui—

206 764 345 819 dem
386 764 575 819 Fastis
607 765 900 835 ascriptus
930 770 1019 821 est
1047 766 1141 822 his
1174 767 1366 822 verbis
1399 783 1411 820 :
1446 768 1578 822 wa
1620 766 1873 836 Olybrio.

204 857 291 907 Ex
316 870 434 924 quo
462 852 768 926 colligitur
817 854 1191 911 consulatum
1225 856 1380 911 hunc
1411 857 1760 911 adnotatum
1795 853 1873 908 ibi

202 957 327 995 non
352 941 538 997 fuisse
562 946 698 997 ante
725 960 944 999 annum
973 944 1098 1013 472,
1131 961 1265 1000 cum
1290 948 1461 1000 antea
1484 942 1757 1014 Olybrius
1784 958 1872 996 re-

200 1029 524 1085 nuntiatus
556 1031 655 1085 39
688 1048 803 1087 non
837 1032 1358 1105 fueritAugustus,
1387 1037 1449 1088 ut
1477 1034 1732 1087 dominus
1757 1029 1872 1085 dici

197 1124 430 1191 posset.
445 1118 532 1174 Ob
548 1136 673 1175 eam
689 1121 919 1193 epochae
934 1123 1217 1195 principis
1239 1122 1618 1179 omissionem
1644 1135 1870 1176 errores

194 1206 395 1279 aliqui
418 1208 476 1263 in
499 1208 792 1279 Isidorum
815 1216 872 1266 et
888 1210 1034 1267 alios
1058 1212 1302 1267 derivati
1326 1216 1485 1277 sunt,
1512 1209 1798 1281 nobisque
1812 1213 1871 1265 et

196 1298 385 1351 annis
440 1298 651 1354 Leonis
682 1299 735 1367 9,
771 1298 838 1353 10
861 1303 920 1355 et
952 1300 1013 1354 11
1057 1299 1252 1356 locum
1285 1301 1344 1355 in
1375 1299 1660 1356 Chronico
1711 1314 1868 1370 quae-

194 1386 398 1453 rendi,
426 1391 483 1442 et
512 1404 733 1443 annum
756 1389 791 1443 8
814 1388 871 1443 in
905 1406 1074 1445 suam
1108 1390 1306 1447 sedem
1340 1388 1670 1456 revocandi,
1704 1386 1869 1442 labor

190 1475 449 1533 relictus
481 1481 589 1534 est.
612 1480 685 1533 At
715 1495 849 1534 cum
877 1479 935 1535 in
963 1481 1149 1536 Fastis
1181 1480 1527 1537 consulatus
1545 1476 1865 1543 Anthemii,

195 1565 309 1637 qui
343 1582 561 1622 nomen
611 1567 773 1623 dedit
819 1586 974 1625 anno
1005 1586 1132 1625 aera:
1168 1569 1533 1643 Dionysianae
1563 1569 1689 1633 468,
1720 1571 1776 1623 et
1807 1567 1865 1620 in

185 1654 493 1712 Chronico
518 1656 729 1713 tertius
758 1658 934 1713 etiam
968 1659 1233 1729 ejusdem
1256 1657 1554 1714 Anthemii
1573 1656 1865 1729 principa-

191 1748 300 1799 tus
327 1760 544 1815 annus,
566 1746 667 1817 qui
700 1746 759 1801 in
786 1763 1009 1803 annum
1041 1748 1250 1803 incidit
1281 1748 1403 1816 469,
1430 1746 1690 1803 adnotati
1724 1743 1861 1809 sint,

1983 594 2186 645 Severo
2217 593 2479 661 Augusto
2512 595 2765 655 mortuo,
2797 587 3131 658 dubiusque
3169 604 3239 641 an
3293 588 3403 641 Leo
3453 587 3627 641 etiam

1982 681 2108 732 tum
2138 679 2195 733 in
2228 680 2462 734 Oriente
2484 677 2865 746 viveret,il|as
2898 675 3508 747 omiserit,posteaque
3536 674 3625 730 vel

1982 767 2106 838 ipse
2134 768 2355 823 Idatius
2377 767 2461 822 vel
2489 767 2640 822 alius
2664 784 2849 821 annos
2870 765 3169 821 Anthemii
3193 762 3628 835 adjecerit,quis

1981 857 2245 911 divinet?
2278 857 2515 912 Interim
2543 862 2731 913 tamen
2760 858 2947 927 major
2968 855 3138 910 nobis
3158 853 3395 908 libertas
3427 852 3627 908 relicta

1979 963 2108 1003 esse
2129 947 2355 1002 vi'lctur
2386 948 2695 1003 ordinandi
2732 952 2896 1002 notas
2929 944 3371 1016 chronologicas
3402 943 3461 997 in
3496 960 3626 1015 pos-

1978 1040 2164 1092 tremo
2189 1035 2456 1092 Chronici
2491 1035 2915 1109 quinquennio,
2940 1038 3138 1106 utpote
3161 1050 3309 1104 quas
3330 1050 3443 1088 non
3470 1038 3623 1087 certo

1978 1128 2203 1179 constat
2225 1124 2296 1179 ab
2318 1124 2501 1179 ldatio
2524 1141 2671 1180 esse.
2697 1124 2911 1179 Verum
2944 1123 3053 1177 hac
3082 1137 3187 1193 ego
3217 1120 3486 1176 libertate
3511 1134 3625 1173 non

1979 1215 2128 1278 utar,
2155 1214 2267 1268 nisi
2302 1214 2357 1268 in
2393 1214 2564 1269 annis
2595 1216 2650 1281 8,
2672 1213 2729 1281 9,
2752 1214 2819 1269 40
2850 1218 2907 1269 et
2937 1213 2998 1267 11
3037 1210 3240 1267 Leonis
3272 1207 3625 1281 digerendis,

1973 1298 2211 1358 intactis
2241 1302 2475 1374 penitus
2493 1303 2586 1359 his
2604 1303 2756 1359 notis
2788 1319 2916 1375 quae
2942 1317 3127 1356 annos
3162 1297 3455 1354 Anthemii
3480 1298 3626 1352 refe-

1974 1393 2135 1446 runt.

2098 1484 2193 1536 41
2231 1486 2256 1549 §
2284 1484 2386 1538 XI.
2417 1484 2493 1539 De
2518 1484 2716 1549 Fastis,
2747 1487 2799 1539 et
2825 1482 2971 1554 quod
2997 1484 3108 1537 sint
3140 1478 3310 1536 ldatii
3338 1493 3488 1549 Opus.

2043 1570 2131 1626 35.
2156 1570 2416 1627 Alterum
2453 1573 2621 1628 ldatii
2650 1589 2819 1645 opus,
2843 1578 2907 1627 ut
2932 1587 3037 1643 ego
3059 1569 3283 1641 opinor,
3306 1567 3461 1623 Fasti
3483 1570 3623 1622 sunt

1973 1660 2334 1730 consulares,
2368 1663 2469 1733 qui
2502 1663 2560 1718 in
2605 1662 3009 1733 manuscripto
3054 1660 3258 1716 Codice
3308 1657 3621 1713 Parisiensi

1971 1749 2254 1806 Chronico
2285 1751 2547 1821 adjuncti
2578 1756 2735 1806 sunt.
2771 1752 2881 1807 Eos
2926 1752 3064 1805 dum
3118 1750 3315 1804 ederet
3360 1746 3618 1818 ingentis

190 1834 469 1904 profecto
499 1853 568 1891 ex
598 1853 689 1902 eo,
712 1837 1083 1908 maximeque
1113 1854 1182 1893 ex
1207 1837 1550 1911 Olympiade
1578 1836 1702 1901 3l2,
1737 1847 1859 1888 ses-
1893 1851 1938 1916 Β
1971 1838 2246 1893 doctrina:
2294 1839 2381 1893 vir
2406 1840 2772 1907 Sirmondus,
2800 1840 2880 1894 ita
2902 1840 3178 1910 praefatus
3208 1841 3298 1891 est
3328 1851 3341 1890 :
3382 1839 3488 1890 Uos
3516 1836 3619 1889 Fa-

190 1922 472 1992 qnianno
490 1928 627 1980 ante
642 1925 821 1981 ﬁnem
840 1925 1110 1982 Chronici
1135 1926 1460 1981 etiamnum
1493 1922 1864 1995 consignata,

194 2012 523 2069 historiam
552 2014 609 2069 in
636 2031 704 2071 eo
733 2016 1018 2072 contineri
1065 2016 1378 2072 deducitur
1424 2030 1711 2072 annorum
1744 2026 1858 2078 xor,

193 2102 271 2157 ab
299 2118 464 2157 anno
486 2102 708 2161 scilicet
722 2105 828 2160 379
848 2106 921 2162 ad
946 2106 1078 2176 469;
1111 2121 1247 2161 nam
1280 2110 1596 2176 utrumque
1614 2104 1861 2161 Chroni-

192 2203 313 2244 con
350 2190 748 2263 amplectitur.

266 2279 371 2334 34.
394 2281 582 2352 Atque
612 2281 731 2337 hac
763 2282 1003 2353 quidem
1036 2282 1118 2338 ita
1147 2283 1460 2338 statuenda
1488 2286 1649 2345 sunt,
1674 2298 1859 2354 quan-

191 2368 523 2440 docunque
556 2375 708 2427 notas
751 2371 1084 2428 numerales
1117 2372 1273 2428 ultra
1302 2372 1459 2427 hunc
1489 2388 1711 2428 annum
1744 2388 1859 2427 non

190 2462 551 2514 excurrunt.
584 2462 855 2516 Attamen
889 2478 1020 2516 cum
1071 2462 1131 2516 in
1180 2462 1296 2517 ﬁne
1326 2462 1594 2518 Chronici
1623 2462 1863 2532 Asparis

187 2548 604 2604 exauctoratio
620 2549 843 2621 ﬁliique
857 2550 985 2620 ejus
999 2551 1183 2606 caedes
1199 2559 1862 2621 memorentur,qua3an-

187 2653 264 2691 no
278 2637 393 2690 471
411 2643 755 2709 evenerunt,
775 2655 889 2694 non
912 2643 1131 2695 temere
1154 2639 1437 2710 scriptum
1463 2644 1552 2695 est
1573 2640 1645 2695 ab
1670 2640 1861 2694 erudi-

188 2725 442 2782 tissimo
464 2726 686 2783 Lahbeo
721 2728 917 2799 (Prw/2
943 2727 1006 2783 in
1027 2730 1174 2784 Fast.
1202 2729 1374 2797 Idat.,
1401 2734 1443 2785 t.
1477 2730 1502 2784 I
1528 2745 1651 2784 nov.
1689 2729 1860 2800 Bibl.)

183 2815 533 2871 Chronicon
557 2815 717 2871 istud
739 2816 811 2872 ab
836 2834 990 2873 anno
1013 2834 1137 2873 aeris
1169 2817 1517 2874 Christianae
1537 2819 1642 2872 379
1663 2818 1733 2873 ad
1755 2835 1857 2873 an-

185 2921 345 2960 num
378 2904 649 2975 ejusdem
682 2922 805 2962 ieris
836 2907 934 2961 471
970 2907 1532 2963 decurrere.Verum
1564 2924 1631 2963 ea
1663 2907 1731 2963 de
1753 2912 1857 2962 As-

186 3011 342 3067 pare
373 3001 435 3051 et
466 2995 584 3052 lilio
616 2997 709 3052 vix
737 2999 985 3055 dubium
1038 3004 1148 3067 est,
1180 2998 1325 3071 quin
1358 3005 1490 3071 post
1519 2998 1857 3055 absolutum

187 3085 540 3142 Chronicon
580 3087 653 3141 ab
689 3087 871 3142 ldatio
904 3092 1006 3143 aut
1038 3090 1108 3144 ab
1140 3087 1253 3143 alio
1303 3088 1554 3160 margini
1604 3088 1859 3160 ascripta

185 3173 449 3244 fuerint,
480 3182 791 3247 posteaque
834 3176 1057 3233 librarii
1089 3178 1283 3249 operis
1312 3178 1609 3233 contextui
1643 3178 1854 3234 intule-
1887 3219 1931 3288 ϐ

185 3264 307 3288 -2..ι
378 3264 694 3288 Π---.¹Ι-.,....-
729 3267 793 3288 -.1
831 3267 1113 3288 1-2.⁴Ι-..--..-
1158 3268 1361 3288 -ιι1..-ι
1425 3268 1552 3288 _I____
1596 3268 1666 3288 Ars
1698 3284 1710 3288 _
1748 3268 1829 3288 lJ-

184 3264 337 3319 rint.
376 3264 547 3330 Quod
566 3281 698 3321 vero
727 3267 796 3321 ad
829 3267 1119 3323 Isidorum
1153 3268 1383 3334 attinet,
1418 3268 1559 3323 dum
1591 3268 1712 3323 ait:
1738 3268 1858 3323 lda-

184 3355 302 3409 tius
328 3353 403 3408 ab
424 3368 574 3409 anno
600 3355 778 3425 primo
812 3357 1099 3411 Theodosii
1119 3358 1350 3425 Augusti
1377 3373 1548 3429 usque
1568 3358 1627 3411 in
1647 3374 1859 3412 annum

184 3441 436 3514 imperii
461 3443 653 3499 Leonis
680 3446 714 3500 8
742 3446 1097 3517 subjunctam
1121 3445 1379 3517 sequitur
1407 3446 1703 3503 historiam
1731 3447 1861 3515 (Dbi

184 3532 424 3603 supra),
453 3537 680 3588 certum
712 3535 885 3590 nobis
914 3552 1043 3592 esse
1071 3535 1243 3591 debet
1276 3535 1427 3592 ultra
1458 3535 1666 3591 Leonis
1697 3536 1731 3589 8
1760 3552 1861 3591 an-

186 3637 343 3676 num
379 3619 614 3677 nullum
640 3621 848 3693 alium,
868 3639 1056 3695 neque
1076 3624 1263 3695 ipsius
1291 3623 1499 3679 Leonis
1531 3640 1720 3695 neque
1742 3625 1860 3679 An-

187 3709 820 3783 themii,dcsignatum
841 3711 1137 3769 invenisse
1157 3729 1292 3768 eum
1318 3713 1377 3768 in
1397 3712 1857 3769 Chronico.Nam

186 3803 520 3872 postquam
536 3816 604 3856 ea
615 3801 934 3873 scripserat
952 3803 1025 3857 de
1046 3802 1103 3855 Μ
1114 3802 1252 3869 atio,
1277 3818 1346 3858 ex
1366 3801 1555 3875 ipsius
1576 3802 1860 3860 Chronico

187 3892 291 3947 40
349 3887 535 3945 verba
591 3889 931 3947 describens
981 3893 1144 3963 (Hist.
1194 3891 1404 3963 00th.),
1434 3891 1626 3963 inquit
1660 3908 1673 3947 :
1704 3894 1859 3950 Anno

187 3977 428 4051 imperii
450 3977 647 4034 Leonis
668 3980 725 4047 8,
749 3981 984 4036 Euricus
1000 3982 1130 4052 pari
1150 3997 1253 4053 quo
1268 3982 1443 4051 frater
1456 3983 1661 4038 scelere
1679 3998 1861 4040 succe-

187 4067 266 4123 dit
299 4070 369 4122 in
398 4082 590 4135 regno.
618 4067 735 4124 Ista
760 4072 956 4125 autem
990 4069 1269 4141 leguntur
1298 4086 1456 4127 nunc
1487 4070 1543 4126 in
1576 4069 1860 4127 Chronico

190 4157 258 4213 ad
286 4173 525 4213 annum
553 4156 579 4211 1
603 4157 925 4225 Anthemii,
948 4158 1050 4229 qui
1074 4158 1284 4215 Leonis
1313 4162 1438 4214 erat
1463 4160 1551 4215 11.
1574 4165 1705 4215 Haec
1726 4177 1860 4217 vero

189 4243 333 4311 alia,
373 4260 504 4313 quae
534 4260 603 4300 ex
632 4246 835 4302 eodem
860 4246 1047 4303 ldatio
1105 4248 1383 4304 exscrihit
1421 4250 1588 4321 (Hist.
1620 4244 1810 4321 Suec.)
1844 4265 1858 4306 :

192 4332 515 4406 Otysipona
544 4350 761 4407 quoque
780 4336 848 4391 ab
870 4351 931 4392 eo
954 4338 1008 4407 (a
1031 4352 1163 4409 rege
1179 4338 1525 4409 Suevorum)
1542 4343 1861 4411 occupatur,

190 4428 312 4481 eive
331 4440 462 4492 suo,
484 4426 584 4496 qui
603 4426 695 4481 ilti
712 4431 977 4499 praeerat,
992 4428 1244 4484 tradente
1263 4428 1504 4499 Lusidio,
1520 4429 1866 4501 consignata

193 4532 359 4572 nunc
391 4519 536 4571 sunt
558 4533 738 4588 prope
760 4519 935 4574 linem
959 4518 1230 4575 Chronici
1254 4519 1323 4574 ad
1349 4536 1571 4576 annum
1596 4520 1859 4576 3Anthe-

194 4607 321 4662 mii.
361 4606 448 4660 Ex
479 4574 577 4661 bis
613 4574 807 4663 autem
853 4574 1125 4664 omnibus
1173 4609 1289 4664 duo
1338 4574 1599 4681 proiectio
1891 4574 1936 4640 Β

194 4711 378 4767 posse
390 4694 695 4751 videntur:
718 4697 771 4751 1ο
794 4696 1083 4753 Isidorum
1116 4702 1327 4754 cuncta
1351 4699 1551 4771 quaein
1570 4699 1857 4756 Chronico

196 4801 360 4840 nunc
392 4783 689 4840 habentur
718 4803 907 4859 usque
938 4787 1007 4842 ad
1041 4786 1162 4843 hinc
1193 4787 1397 4843 saltem
1432 4788 1607 4844 verba
1640 4806 1653 4845 :
1688 4790 1863 4860 Otysi-

193 4890 344 4945 pono
360 4889 597 4945 quoque,
618 4878 753 4942 etc.,
779 4891 906 4946 quas
938 4877 1010 4932 ad
1044 4892 1265 4932 annum
1295 4876 1595 4932 Anthemii
1626 4877 1681 4947 3,
1715 4878 1859 4933 Leo-

198 4964 293 5020 nis
317 4963 412 5032 {3,
437 4980 565 5019 aerea
588 4965 924 5021 communis
955 4966 1059 5020 469
1090 4965 1402 5038 pertinent,
1426 4965 1675 5035 vidisse;
1706 4970 1767 5024 2ο
1800 4967 1859 5022 in

197 5051 526 5125 exemplari
579 5070 697 5126 quo
738 5054 1001 5111 Isidorus
1028 5072 1174 5111 usus
1201 5060 1293 5110 est
1321 5054 1529 5111 Leonis
1561 5056 1594 5110 8
1624 5059 1858 5111 tantum

195 5141 754 5210 annum,Anthemii
777 5160 910 5199 vero
935 5144 1175 5201 omnino
1203 5143 1857 5216 nullumconsignatum

195 5231 405 5299 fuisse;
432 5230 694 5303 alioquin
710 5233 761 5289 si
787 5233 1116 5290 Chronicon
1140 5234 1212 5290 ad
1241 5250 1461 5290 annum
1485 5250 1666 5304 usque
1688 5234 1721 5289 3
1742 5235 1857 5289 An-

192 5320 408 5377 themii
439 5321 783 5391 deductum,
818 5327 871 5379 et
904 5323 1181 5380 Euricum
1228 5341 1382 5381 anno
1432 5323 1621 5397 ipsius
1666 5324 1855 5396 primo

194 5413 547 5481 regnantem
583 5409 818 5483 legeret,
851 5411 1198 5484 neutiquam
1232 5413 1572 5486 scripsisset
1602 5413 1853 5470 Idatium

192 5514 389 5571 usque
421 5500 491 5555 ad
525 5499 560 5553 8
590 5498 958 5558 solummodo
989 5518 1213 5557 annum
1239 5502 1550 5560 historiam
1583 5507 1853 5559 secutum

194 5586 764 5659 fuisse,etEuricu:n
785 5592 990 5648 eodem
1013 5596 1217 5648 octavo
1238 5607 1393 5650 anno
1418 5608 1663 5665 regnum
1688 5592 1850 5649 inva-

197 5680 369 5737 sisse.
395 5680 505 5736 Sed
520 5697 594 5737 an
621 5680 976 5740 librariusin
989 5681 1307 5755 exemplari
1334 5684 1488 5755 quod
1512 5682 1722 5740 habuit
1744 5683 1853 5739 Isi-

196 5767 382 5825 dorus
411 5766 649 5825 illorum
668 5786 957 5829 annorum
987 5773 1155 5828 notas
1184 5769 1402 5829 oblitus
1420 5771 1498 5828 sit
1517 5768 1850 5828 ascribere?

1968 1935 2079 1981 stos
2108 1927 2384 1984 ldatianos
2430 1929 2858 1994 nominavimus,
2890 1945 3000 1984 non
3026 1936 3138 1982 tam
3166 1925 3307 1997 quod
3335 1927 3395 1979 in
3425 1923 3613 1979 eodem

1971 2014 2163 2072 Codice
2210 2017 2379 2073 ldatii
2427 2018 2693 2074 Chronico
2738 2019 3145 2087 subiiciantur;
3193 2032 3358 2087 quam
3402 2012 3609 2086 quod...

1968 2104 2196 2177 reliqua
2224 2106 2376 2163 infra
2404 2108 2576 2164 dabo.
2599 2107 2815 2164 Verum
2848 2110 3002 2180 quod
3037 2107 3097 2161 hi
3128 2104 3283 2161 Fasti
3326 2100 3612 2159 Chronico

1968 2195 2139 2250 ldatii
2162 2196 2373 2267 adjecti
2393 2197 2533 2266 sint,
2558 2196 2783 2252 nullum
2804 2195 3059 2251 auctoris
3075 2210 3289 2251 nomen
3311 2192 3616 2265 praeferen-

1969 2287 2080 2348 tes,
2112 2302 2225 2341 non
2274 2290 2396 2342 tam
2437 2285 2558 2342 leve
2588 2302 2765 2357 quam
2799 2285 3112 2342 Sirmondo
3145 2284 3334 2339 visum
3364 2286 3476 2352 est,
3509 2278 3609 2336 sed

1968 2373 2164 2445 potius
2195 2391 2366 2447 grave
2400 2375 2543 2430 mihi
2573 2376 2803 2432 videtur
2835 2379 3250 2447 argumentum
3282 2371 3498 2427 idcirco
3529 2369 3615 2425 ita

1970 2464 2358 2536 factum,quia
2380 2464 2831 2537 integrumillud
2848 2461 3394 2534 volumen,qualein
3408 2460 3615 2516 Codice

1967 2551 2068 2607 illo
2114 2553 2288 2609 etiam
2339 2570 2495 2609 nunc
2543 2559 2770 2610 exstare
2815 2554 3050 2621 dicitur,
3082 2569 3151 2607 ex
3182 2549 3353 2607 ldatii
3381 2547 3615 2605 ofﬁcina

1970 2642 2205 2714 prodiit,
2215 2648 2636 2715 prOptereaque
2659 2643 2914 2700 auctoris
2938 2658 3149 2699 nomen
3168 2640 3286 2696 illis
3305 2638 3611 2696 subditum

1968 2747 2085 2786 non
2102 2732 2343 2804 fuisse,q
2356 2734 2449 2789 uia
2462 2733 2757 2805 praeﬁxum
2773 2734 2899 2804 jam
2925 2734 3112 2789 fuerat
3136 2730 3304 2787 initio
3317 2726 3609 2796 Chronici,

1968 2822 2121 2891 quod
2150 2823 2440 2892 praecedit.

2037 2910 2125 2965 36.
2159 2911 2332 2967 Porro
2359 2915 2559 2967 Fastos
2592 2913 2696 2968 hos
2717 2913 2842 2983 jam
2875 2911 3010 2967 inde
3041 2911 3114 2966 ab
3145 2914 3381 2967 auctore
3411 2925 3518 2965 suo
3551 2908 3612 2964 in

1967 3015 2102 3054 eum
2134 3000 2422 3067 Codicem,
2454 3001 2623 3072 cujus
2653 3002 2946 3070 exemplar
2976 2999 3216 3055 Parisiis
3256 3004 3612 3063 asservatur,

1967 3087 2208 3144 collatos
2230 3089 2434 3159 fuisse,
2449 3106 2517 3145 ea
2538 3090 2794 3160 profecto
2816 3088 3115 3145 declarant
3135 3104 3262 3159 qua:
3286 3087 3366 3142 ibi
3388 3087 3576 3142 haben
3591 3116 3610 3127 -

1968 3181 2065 3232 tur
2085 3178 2390 3234 consulatu
2416 3178 2543 3235 Veri
2567 3194 2628 3234 ιιι
2652 3186 2706 3234 ct
2727 3178 3026 3244 Quadrati,
3051 3177 3275 3233 scilicet
3306 3192 3320 3231 :
3352 3177 3414 3231 In
3446 3174 3615 3230 Claro-

1964 3268 2090 3322 nico
2118 3283 2305 3339 passos
2319 3267 2516 3337 legis...
2543 3272 2771 3330 (cratera
2798 3267 3091 3323 truncavit
3117 3265 3437 3332 librarius).
3462 3263 3608 3318 Nam

1962 3359 2217 3413 auctoris
2231 3357 2449 3413 laudati
2465 3357 2733 3413 Chronici
2748 3373 2960 3413 nomen
2975 3374 3009 3413 a
3022 3360 3321 3412 Fastorum
3336 3355 3612 3426 scriptore

1964 3448 2293 3502 necessario
2320 3446 2748 3519 designandum
2773 3444 3109 3515 fuerat,nisi
3132 3443 3182 3501 si
3204 3445 3358 3499 idem
3375 3442 3613 3500 Chroni-

1962 3550 2069 3591 con
2094 3536 2283 3591 Fastis
2312 3537 2780 3608 prepositum,et
2810 3535 2867 3589 in
2890 3551 2957 3591 eo
2988 3534 3244 3591 auctoris
3277 3534 3370 3589 sui
3400 3546 3612 3588 nomen

1962 3640 2305 3696 expressum
2360 3629 2504 3681 erat.
2554 3626 2663 3681 Sed
2714 3641 2957 3697 prorsus
3007 3623 3357 3695 inscriptum
3382 3622 3461 3678 ibi
3493 3624 3618 3677 erat

1961 3714 2199 3770 Eusebii
2229 3730 2441 3771 nomen
2470 3714 2719 3786 ejusque
2758 3714 3107 3780 Chronicon,
3141 3712 3200 3768 in
3230 3728 3370 3784 quo,
3404 3710 3474 3766 ad
3508 3726 3612 3765 an-

1963 3820 2106 3860 num
2139 3804 2213 3860 M.
2247 3803 2449 3861 Aurel.
2480 3803 2761 3860 Antonini
2788 3804 2844 3872 7,
2877 3803 2980 3875 qui
3006 3802 3089 3858 illi
3122 3801 3454 3858 consulatui
3515 3816 3614 3855 re-

1962 3894 2234 3965 spondet,
2272 3893 2395 3950 haac
2454 3892 2731 3967 leguntur
2763 3911 2777 3950 :
2812 3894 3198 3950 Persecutione
3226 3900 3345 3947 orta
3375 3892 3436 3946 in
3465 3890 3616 3959 Asia,

1961 3982 2300 4054 Polycarpus
2311 3988 2362 4040 et
2376 3982 2802 4055 Pioniusfecere
2817 3982 3250 4055 martyriumln
3266 3981 3423 4037 hunc
3434 3980 3560 4035 locu
3571 3994 3623 4034 ω

1962 4076 2258 4128 auctorem
2282 4077 2591 4129 Fastorum
2623 4073 2824 4129 oculos
2854 4072 3179 4128 intendisse
3209 4070 3437 4125 nullum
3471 4066 3616 4123 mihi

1962 4161 2211 4217 dubium
2233 4166 2341 4218 est.
2360 4163 2534 4234 Atqui
2567 4162 2725 4219 hunc
2756 4177 2978 4217 morem
3008 4160 3279 4216 observat
3298 4157 3618 4221 ldatius,ut

1964 4250 2281 4307 Eusebium
2323 4252 2573 4324 appellet
2619 4252 2796 4307 tacito
2846 4250 3036 4322 ipsius
3088 4249 3343 4305 nomine.
3376 4251 3522 4300 Nam
3554 4244 3615 4299 in

1963 4339 2203 4412 prologo
2226 4342 2297 4396 ad
2324 4340 2801 4409 Chronicon,sub
2824 4337 3144 4394 illisverbis
3164 4338 3290 4393 :42
3311 4338 3375 4391 In
3401 4349 3618 4407 praece-

1963 4428 2116 4485 denti
2143 4445 2328 4500 opere,
2355 4434 2412 4486 et
2437 4430 2495 4485 in
2518 4429 2647 4503 ipso
2679 4428 2855 4485 etiam
2887 4425 3318 4495 Chronico,sub
3339 4423 3466 4480 his:
3490 4424 3617 4478 Post

1963 4516 2259 4589 praedictos
2280 4519 2316 4574 A
2330 4520 2540 4585 rianes,
2563 4516 2961 4574 Eusebianum
2981 4515 3304 4571 Chronicon
3329 4513 3401 4570 ab
3420 4512 3616 4567 Hiero-

1969 4624 2144 4680 nymo
2177 4612 2416 4664 auctum
2440 4608 2727 4680 designat.
2749 4607 2898 4662 Hinc
2928 4623 3044 4663 non
3073 4612 3290 4661 temere
3321 4607 3379 4659 et
3410 4603 3614 4659 Fastos

1968 4701 2026 4752 et
2045 4696 2364 4753 Chronicon
2396 4698 2664 4768 ejusdem
2697 4696 2952 4753 auctoris
2981 4712 3129 4767 opus
3160 4710 3291 4751 esse
3319 4692 3610 4754 existimo.

1970 4791 2028 4843 et
2070 4787 2142 4842 ab
2193 4788 2397 4843 eodem
2445 4787 2504 4843 in
2554 4803 2737 4843 unum
2794 4785 3067 4843 volumen
3127 4800 3258 4840 cum
3316 4781 3617 4839 Chronicis

1969 4876 2205 4933 Eusebii
2263 4880 2439 4949 atque
2497 4876 2831 4950 Hieronymi
2878 4880 3089 4933 cuncta
3134 4872 3312 4930 simul
3355 4871 3619 4943 conjecta

1969 4965 2170 5023 fuisse.

2037 5056 2125 5110 37.
2157 5056 2400 5126 Verum,
2434 5055 2687 5127 inquies,
2722 5057 2780 5112 in
2809 5056 3016 5112 iisdem
3048 5053 3233 5111 Fastis
3265 5048 3607 5124 martyrium

1966 5143 2335 5217 Polycarpiet
2354 5146 2548 5202 Pionis
2570 5146 2981 5218 consignatum
3006 5161 3184 5217 supra
3203 5144 3456 5214 legimus
3477 5157 3612 5196 con-

1967 5234 2183 5302 sulatu,
2210 5240 2276 5291 ut
2296 5234 2377 5291 ibi
2399 5235 2630 5305 dicitur,
2663 5236 2941 5292 Antonini
2962 5252 2999 5290 v
3020 5240 3076 5291 et
3095 5232 3311 5290 Aurelii
3343 5229 3607 5287 Caesaris.

1967 5325 2051 5380 Ita
2094 5341 2269 5393 sane;
2322 5327 2423 5381 sed
2457 5343 2526 5382 ea
2555 5343 2673 5382 una
2702 5325 2864 5382 labes
2895 5329 2984 5381 est
3013 5341 3080 5380 ex
3112 5322 3314 5379 multis
3345 5336 3472 5393 quae
3503 5318 3611 5372 hos

1966 5413 2169 5470 Fastos
2186 5414 2771 5489 inquinavere.Porro
2786 5410 3356 5486 magnusBaronius,
3372 5411 3434 5465 in
3455 5406 3611 5463 notis

1967 5503 2037 5559 ad
2083 5503 2558 5576 Martyrologium
2588 5505 2659 5560 26
2684 5504 2972 5573 Januarii,
3006 5503 3128 5558 haec
3174 5502 3246 5557 de
3293 5497 3607 5570 Polycarpo

1966 5592 2171 5649 scribit
2229 5610 2241 5648 :
2300 5599 2504 5650 Passus
2555 5598 2656 5661 est,
2706 5603 2768 5651 ut
2813 5594 3011 5650 scribit
3062 5591 3347 5658 Eusebius,
3396 5583 3605 5641 anno7

1961 5682 2030 5737 Μ.
2065 5681 2259 5740 Aurel.
2291 5684 2576 5739 Antonini
2593 5688 2647 5739 et
2666 5684 2828 5738 Lucii
2852 5681 2992 5752 Veri,
3011 5696 3147 5737 coss.
3179 5679 3343 5734 Lucio
3371 5671 3602 5731 Aurelio

1961 5771 2187 5827 tertium
2209 5778 2261 5828 et
2276 5768 2581 5838 Quadrato.
2597 5771 2786 5837 Quare
2801 5766 3144 5842 martyrium
3165 5765 3315 5825 istud
3342 5760 3599 5838 primum
