3984 6174
415 373 523 429 699
1249 371 1598 423 ADDENDA
1636 371 1732 421 AD
1772 363 2120 432 QUOSDAM
2156 363 2699 416 PRECEDENTES
2736 362 2990 417 ΤΟΜΟΒ.
3660 358 3743 412 700

412 501 659 573 optime,
703 501 902 569 utpote
933 497 1004 551 ab
1037 493 1224 549 Idatio
1253 494 1381 565 ipso
1413 495 1521 549 sub
1554 493 1647 549 his
1678 510 1829 549 coss.
1863 489 2060 547 consi-
2090 505 2143 573 Α
2173 503 2303 543 eum
2336 489 2421 543 uti
2442 489 2818 544 consuevisse
2836 493 3013 561 atque
3034 485 3421 543 locutionibus
3442 484 3741 557 vulgotritis.

415 595 661 663 gnatum
693 593 800 642 est.
828 585 1042 640 Deinde
1072 582 1382 638 caecutiens
1413 583 1630 654 aliquis
1662 581 1942 637 librarius
1965 596 2067 634 sex
2175 576 2359 647 Atque
2379 574 2500 630 haec
2526 592 2653 631 esse
2686 594 2862 631 causa
2886 576 3071 646 potui:
3098 592 3201 631 cur
3224 575 3323 629 hos
3347 575 3534 629 Fastos
3557 579 3747 630 sanctus

414 696 600 735 annos
636 676 782 731 illud
818 672 1176 744 anticipavit.
1214 673 1351 726 Inde
1398 678 1693 744 postremo
1726 670 1973 741 contigit
2004 672 2069 722 ut
2178 663 2439 718 Isidorus
2463 681 2577 719 non
2602 665 2833 730 viderit,
2855 665 2995 735 quia
3016 664 3279 720 videlicet
3298 663 3657 719 Chroniconin
3677 680 3747 732 pu-

419 769 570 825 alius
600 766 891 838 quispiam
927 764 993 817 ad
1031 761 1407 818 consulutum
1434 762 1563 817 Veri
1587 768 1640 816 et
1665 759 1941 824 Quadrati
1974 758 2068 811 his
2178 749 2387 805 blicam
2439 750 2627 806 lucem
2679 753 2953 807 amittens
2980 752 3219 819 ldatius,
3255 755 3444 807 Fastos
3472 750 3610 805 domi
3634 751 3751 805 inter

411 855 724 927 descriptis
747 872 759 908 :
782 856 838 909 In
874 852 1258 923 Chronico,his
1275 867 1429 917 £053.,
1454 868 1640 923 passos
1667 852 1866 921 legis...
1904 848 2067 918 Poly-

2182 839 2423 894 schedas
2454 841 2759 895 continuit.
2796 842 3173 897 Postmodum
3197 857 3349 910 vero,
3370 840 3453 895 vel
3482 840 3746 895 amicorum

407 946 566 1017 carpi
606 950 660 998 et
693 943 892 999 Pionis
941 942 1181 996 nomina
1224 940 1509 1007 omiserit,
1544 957 1671 1011 quae
1704 943 1865 995 sexto
1899 941 2071 1017 antea
2178 928 2640 997 importunitate,
2670 930 2759 985 vel
2808 948 2874 986 eo
2923 932 3041 985 vita
3086 931 3305 1000 functo,
3340 932 3482 1001 quod
3514 932 3564 984 in
3589 932 3748 987 eodem

416 1014 721 1089 consulatu
757 1049 823 1088 ex
852 1032 1054 1087 vitiato
1087 1030 1405 1103 exemplari
1461 1028 1871 1100 descripserat.
1906 1014 2072 1080 Sicut
2176 1019 2474 1074 volumine
2496 1036 2627 1075 cum
2652 1021 2936 1076 Chronico
2956 1021 3753 1092 conjunctiessent,lieripotuit

415 1122 716 1194 Polycarpi
739 1126 793 1177 et
822 1121 1037 1189 Pionis,
1062 1120 1145 1175 sic
1168 1120 1344 1175 etiam
1370 1136 1525 1173 mors
1548 1117 1842 1173 Ciceronis
1875 1115 1933 1168 in
1967 1113 2070 1167 iis-
2180 1113 2243 1163 ut
2276 1109 2721 1181 evulgarentur;
2756 1111 2895 1181 quin
2933 1112 3268 1181 bujusmodi
3312 1112 3604 1183 exemplar,
3633 1112 3752 1183 quod

413 1213 545 1268 dem
581 1211 769 1267 Fastis
800 1211 891 1266 bis
925 1212 1199 1265 adnotata
1221 1213 1309 1264 est
1331 1224 1524 1264 errore
1552 1208 1702 1279 pari,
1727 1207 1827 1261 sed
1852 1204 2076 1273 dispari
2180 1204 2499 1270 utrumque
2557 1215 2706 1271 Opus
2759 1201 3244 1273 amplectebatur,
3285 1207 3401 1258 tam
3447 1202 3553 1258 late
3586 1201 3757 1258 distra-

411 1302 592 1372 vitio;
646 1318 781 1356 nam
833 1300 1024 1371 primo
1072 1298 1198 1354 loco
1249 1301 1422 1367 recte,
1457 1298 1716 1352 secundo
1765 1307 2072 1365 perperam

412 1390 760 1462 consignata
792 1393 901 1443 est.
938 1388 1003 1442 Hi
1036 1392 1233 1442 autem
1267 1386 1410 1440 naavi
1443 1386 1498 1440 in
1537 1385 1799 1455 antiquis
1858 1398 2073 1437 manu-

410 1480 645 1552 scriplis
662 1480 998 1549 frequentes
1011 1481 1326 1548 sunt,quos
1340 1478 1611 1546 expertus
1628 1491 1740 1529 non
1761 1470 2073 1528 mirabitur

411 1569 614 1625 lector.
647 1567 752 1621 Hic
783 1565 1077 1621 monitum
1119 1564 1247 1620 volo
1294 1563 1490 1619 Pionis
1540 1578 1751 1618 nomen
1803 1561 2068 1617 additum

415 1660 600 1715 fuisse
614 1658 686 1712 ab
702 1657 1219 1725 Hieronymo,nam
1236 1655 1292 1709 in
1318 1654 1514 1710 Graeco
1536 1651 1767 1707 Eusebii
1786 1649 2068 1705 Chronico

419 1764 533 1803 non
558 1747 875 1812 invenitur,
904 1744 1235 1813 multosque
1264 1748 1575 1814 postquam
1600 1742 1947 1810 Polycarpus
1972 1756 2070 1793 an-

2180 1286 2415 1342 heretur
2444 1305 2622 1359 quam
2653 1289 3000 1346 Chronicon.

2248 1377 2338 1431 39.
2356 1377 2541 1447 Major
2553 1383 2748 1433 autem
2776 1396 2970 1435 rerum
2994 1381 3163 1452 copia
3183 1396 3359 1452 quam
3383 1399 3414 1437 a
3432 1382 3756 1437 Constantino

2180 1465 2250 1520 ad
2283 1467 2596 1522 Arcadium
2630 1468 2799 1523 nobis
2850 1468 2910 1522 hi
2960 1469 3119 1525 Fasti
3168 1470 3458 1541 exhibent,
3490 1486 3609 1526 cum
3637 1470 3760 1525 nuda

2178 1556 2360 1611 ferme
2382 1556 2689 1612 consulum
2715 1557 2954 1613 nomina
2976 1558 3197 1631 reliquo
3219 1560 3277 1615 in
3303 1576 3467 1631 opere
3488 1559 3763 1631 designent;

2177 1646 2317 1700 dum
2343 1646 2511 1717 longe
2533 1647 3079 1705 abestutdiversum
3105 1650 3177 1705 ab
3199 1650 3381 1705 Idatio
3403 1654 3669 1706 auctorem
3688 1649 3758 1703 de-

2179 1740 2436 1800 notet,ut
2457 1753 2485 1790 e
2507 1737 2796 1793 contrario
2827 1739 3230 1795 efficacissime
3255 1756 3325 1794 ex
3354 1756 3418 1795 eo
3447 1736 3756 1809 comprobari

420 1852 526 1890 nos
577 1850 788 1905 passus
837 1837 927 1887 est
976 1832 1086 1887 sub
1120 1832 1290 1886 Decio
1321 1830 1461 1899 (Vid.
1498 1829 1773 1897 Bottand.,
1807 1830 1831 1881 1
1866 1827 2065 1917 ἢούκ).
2098 1852 2145 1917 Β
2177 1824 2502 1917 existimem
2518 1844 2630 1917 non
2647 1826 3022 1917 nisildatium
3044 1829 3538 1900 huiusmodiopus
3554 1828 3761 1883 scribere

420 1926 628 1994 Itaque
651 1923 870 1979 ldatius
895 1938 963 1977 ex
983 1921 1268 1977 Chronico
1282 1918 1617 1991 Hieronymi
1636 1916 2068 1987 Latino,Graeco

420 2012 777 2079 inconsulto,
814 2012 933 2066 haec
969 2011 1028 2065 in
1060 2010 1248 2065 Fastis
1280 2008 1675 2081 transcripsit.

492 2102 591 2156 43
624 2101 709 2154 38.
736 2101 845 2155 Sed
884 2099 1071 2154 multo
1103 2098 1399 2153 efﬁcacius
1434 2100 1852 2169 argumentum
1878 2097 1947 2150 de
1969 2111 2069 2149 au-

421 2194 576 2244 ctore
597 2190 809 2244 horum
833 2189 1137 2244 Fastorum
1165 2187 1333 2242 nobis
1357 2187 1573 2257 praebet
1592 2201 1792 2240 eorum
1810 2182 2071 2247 finis,tini

419 2278 712 2347 Chronici,
755 2285 815 2333 ut
846 2294 1025 2350 supra
1056 2276 1280 2345 monui,
1306 2293 1365 2331 n.
1390 2276 1481 2339 33,
1505 2275 1676 2346 longe
1707 2272 2071 2329 simillimus.

422 2369 568 2424 Nam
598 2368 697 2422 ubi
721 2368 791 2423 ad
816 2366 1080 2439 quinque
1110 2371 1440 2437 postremos
1472 2382 1658 2419 annos
1689 2369 1930 2419 ventum
1962 2364 2072 2428 est,

420 2458 738 2528 utrobique
752 2455 1024 2527 pari,imo
1037 2456 1240 2510 eadem
1254 2462 1551 2527 gestorum
1568 2456 1729 2509 extra
1744 2450 2077 2523 Hispaniam

421 2545 752 2618 ignorantia
780 2544 1078 2601 laborasse
1100 2548 1399 2600 auctorem
1424 2540 1902 2615 deprehenditur.
1921 2537 2076 2594 Fasti

419 2639 623 2691 carent
651 2633 1019 2701 consulibus,
1054 2633 1155 2705 qui
1187 2634 1247 2688 in
1278 2632 1425 2704 ipsis
1456 2648 1642 2687 annos
1674 2630 2071 2704 distinguant;

418 2724 745 2782 Chronicon
766 2723 975 2781 Leonis
996 2722 1378 2794 ehronologia
1399 2722 1720 2795 spoliatum
1745 2724 1854 2775 est.
1873 2718 2079 2775 Simile

416 2815 556 2886 quid
579 2815 640 2870 in
654 2815 781 2885 ipso
804 2812 1223 2870 ferevestibulo
1240 2811 1549 2883 utriusque
1562 2809 1754 2882 operis
1768 2810 2079 2866 observare

420 2903 614 2975 quivis
636 2903 879 2975 poterit;
906 2902 1216 2974 utrobique
1238 2901 1392 2957 enim
1417 2900 1791 2972 inauguratio
1812 2896 2075 2954 Honorii.

416 2992 517 3065 qui
548 2992 607 3047 in
640 2992 955 3050 Occidente
987 2990 1313 3063 imperavit,
1342 2989 1577 3046 silentio
1610 2987 2080 3060 praetermittitur

423 3079 493 3134 ad
512 3096 732 3135 annum
747 3079 873 3135 393.
893 3077 1240 3134 Incredibile
1262 3081 1455 3133 autem
1480 3080 1570 3132 est
1592 3075 1932 3147 bujusmodi
1960 3073 2079 3129 sive

413 3167 810 3240 ignorantiam
836 3168 955 3223 sive
971 3166 1320 3223 oblivionem
1336 3165 1621 3221 accidisse
1637 3164 1868 3219 duobus
1883 3163 2072 3219 diver-

413 3258 613 3328 sisque
626 3256 1015 3329 scriptoribus
1030 3256 1357 3326 iisdemque
1372 3254 1849 3325 latinis,quorum
1864 3257 2072 3308 neuter

413 3345 634 3401 oblitus
663 3345 775 3401 fuit
803 3346 875 3400 ad
909 3361 1129 3400 annum
1171 3345 1277 3399 383
1324 3343 1577 3409 Arcadii,
1611 3344 1711 3414 qui
1742 3343 1802 3397 in
1834 3343 2069 3398 Oriente

413 3451 646 3508 semper
660 3437 871 3505 fuit,ad
886 3453 1107 3491 annum
1120 3436 1225 3490 383
1238 3435 1747 3507 inaugurationem
1764 3434 2064 3489 adnotare.

412 3526 498 3579 Ad
526 3526 644 3580 haec
668 3526 716 3581 si
741 3526 876 3597 quis
899 3542 1058 3581 error
1085 3525 1373 3597 reperitur
1394 3526 1449 3578 in
1476 3523 1782 3591 Chronico,
1801 3539 1915 3579 non
1936 3522 2069 3593 qui-

414 3614 545 3668 dem
576 3613 797 3669 librarii
821 3614 921 3669 sed
946 3613 1225 3680 auctoris,
1248 3614 1517 3668 eumdem
1541 3613 1600 3665 in
1620 3612 1808 3667 Fastis
1830 3610 2067 3666 offendi-

417 3718 570 3756 mus.
594 3702 679 3757 Ita
698 3706 1067 3757 terraemotus
1099 3701 1315 3772 quibus
1345 3705 1738 3771 conquassata
1767 3705 1855 3756 est
1887 3700 2067 3756 Palea-

417 3791 577 3846 stina
615 3807 768 3846 anno
801 3790 924 3860 419,
957 3795 1078 3846 tam
1113 3791 1172 3845 in
1206 3790 1493 3845 Chronico
1543 3807 1719 3862 quam
1772 3790 1831 3845 in
1882 3790 2067 3845 Fastis

414 3879 730 3951 contigisse
742 3880 1021 3935 dicuntur
1035 3880 1308 3951 episcOpo
1322 3878 2068 3949 Hierosolymorumloanne

415 3970 514 4039 qui
548 3969 805 4024 secundo
837 3973 939 4023 aut
962 3968 1136 4025 tertio
1160 3985 1312 4024 anno
1346 3969 1509 4039 prius
1540 3969 1887 4024 decesserat.
1922 3973 2067 4040 Lege

412 4062 609 4112 notam
641 4058 728 4114 30.
762 4058 903 4123 Quis
934 4058 1116 4130 igitur
1145 4062 1277 4129 post
1313 4058 1433 4112 haec
1469 4062 1635 4128 neget
1668 4059 1977 4113 Fastorum
2010 4061 2068 4112 et

415 4146 688 4203 Chronici
720 4148 989 4203 eumdem
1024 4164 1153 4203 esse
1176 4151 1498 4213 auctorem,
1523 4164 1737 4218 nempe
1769 4145 2067 4203 Idatium?

414 4236 523 4291 Sed
550 4238 1199 4309 pergo.Sirmondus,ut
1218 4238 1536 4293 hosFastos
1561 4238 1744 4292 Idatio
1769 4236 2065 4306 adjudica-

418 4330 525 4392 ret,
560 4325 687 4391 hac,
722 4330 789 4380 ut
813 4325 939 4397 ipse
967 4325 1198 4395 fatetur,
1232 4324 1456 4380 ratione
1508 4330 1705 4380 motus
1752 4332 1837 4381 est
1872 4342 1885 4379 :
1922 4324 2068 4393 Quod

418 4430 615 4469 rerum
634 4418 684 4469 et
706 4415 994 4470 verborum
1017 4416 1078 4469 in
1097 4419 1328 4486 utroque
1349 4430 1507 4486 opere
1525 4416 1562 4486 (i
1576 4433 1605 4469 η
1630 4414 1814 4470 Fastis
1846 4414 1990 4486 ipsis
2011 4420 2068 4471 et

421 4503 481 4557 in
513 4502 819 4575 Chronico)
849 4505 1098 4576 afﬁnitas
1145 4513 1199 4559 et
1246 4507 1494 4576 cognatio
1543 4505 1974 4576 epocharumque
2002 4521 2067 4560 ac

418 4602 729 4665 temporum
756 4612 860 4667 par
888 4596 1213 4662 observatio,
1243 4598 1412 4651 totius
1459 4595 1697 4666 denique
1743 4596 2064 4667 scriptionis
2096 4576 2141 4641 D

416 4683 565 4737 color
613 4682 756 4738 idem
785 4700 850 4740 ac
894 4685 1112 4756 genius,
1152 4684 1401 4741 eumdem
1447 4684 1737 4755 utriusque
1792 4694 2064 4741 auctorem

416 4770 593 4842 fuisse
612 4772 749 4828 satis
778 4774 1082 4842 ostendunt,
1106 4777 1322 4830 tametsi
1348 4774 1591 4830 auctoris
1620 4790 1815 4829 nomen
1848 4775 2066 4830 nultum

419 4865 684 4932 pra/erat
704 4863 1153 4935 inscriptioﬂiec
1174 4864 1523 4919 Sirmondus
1546 4864 1605 4918 in
1634 4863 1971 4935 praefatione
1993 4865 2063 4919 ad

420 4950 746 5008 Chronicon
791 4958 848 5009 et
897 4954 1117 5010 Fastos.
1153 4960 1225 5008 At
1254 4953 1388 5025 styli
1418 4952 1787 5021 afﬁnitatem,
1822 4958 1879 5008 et
1909 4954 2064 5025 quod

421 5038 576 5095 idem
610 5042 687 5097 sit
716 5042 1024 5113 utriusque
1070 5041 1274 5113 scripti
1319 5042 1475 5098 color
1504 5046 1561 5097 et
1592 5043 1801 5114 genius
1850 5050 2069 5115 negant

419 5130 814 5203 nonnulli,qui
832 5132 1108 5203 puriuset
1120 5136 1222 5187 44
1234 5132 1866 5204 accuratiusscriptum
1886 5133 2069 5189 fuisse

420 5218 742 5276 Chronicon
767 5237 939 5290 quam
958 5222 1160 5276 Fastos
1184 5221 1625 5276 afﬁrmant.Sed
1648 5222 1935 5291 imprimis
1949 5240 2066 5277 non

418 5312 507 5363 est
526 5324 631 5364 cur
652 5308 947 5381 quispiam
979 5309 1147 5364 Idatii
1185 5308 1560 5364 Latinitatem
1592 5308 1774 5364 nimis
1803 5310 2065 5376 extollat,

420 5413 547 5468 quas
570 5397 713 5454 satis
736 5402 961 5454 aetatem
985 5414 1153 5454 suam
1178 5397 1385 5469 prodit.
1411 5402 1696 5452 Praeterea
1723 5399 1923 5454 Fastos
1948 5402 2067 5455 for-

422 5487 571 5541 sitan
620 5488 842 5560 privato
891 5487 1027 5544 usui
1077 5487 1189 5545 sibi
1240 5487 1629 5542 concinnavit.
1661 5490 1903 5552 Quando
1935 5507 2067 5547 vero

425 5577 557 5648 quis
578 5577 968 5649 privatimsibi
985 5577 1387 5647 scribit,nemo
1410 5580 1498 5632 est
1522 5576 1623 5649 qui
1639 5578 1862 5635 nesciat
1876 5581 2066 5638 verbis

2178 1915 2457 1987 potuisse.
2474 1915 2613 1981 Quis
2635 1916 2786 1971 enim
2815 1922 3020 1988 praeter
3041 1918 3294 1974 Idatium
3318 1919 3421 1974 hos
3443 1919 3626 1974 Fastos
3646 1916 3762 1972 scri-

2178 2004 2359 2073 beret,
2383 2009 2439 2059 et
2457 2006 2527 2060 de
2548 2006 2721 2061 rebus
2751 2012 2887 2062 ante
2916 2024 3137 2062 annum
3161 2008 3264 2062 400
3288 2008 3467 2080 gestis
3487 2012 3594 2062 tam
3617 2005 3764 2061 multa

2180 2098 2463 2158 narraret,
2481 2096 2887 2165 praetermissis
2902 2096 2992 2151 his
3010 2114 3138 2169 quae
3151 2097 3354 2169 quinto
3369 2095 3692 2163 saeculo,hoc
3703 2098 3767 2150 est

2181 2200 2307 2253 quae
2331 2200 2437 2238 suo
2461 2188 2722 2256 tempore
2742 2190 2872 2241 acta
2894 2186 3072 2242 sunt?
3094 2191 3167 2242 At
3200 2187 3450 2242 ldatium
3474 2186 3549 2242 ita
3571 2185 3666 2241 sibi
3682 2183 3766 2255 ipsi

2182 2273 2520 2343 privatoque
2551 2273 2681 2329 usui
2706 2275 2956 2331 scribere
2986 2280 3141 2331 recte
3173 2275 3431 2347 conjicit,
3450 2275 3579 2347 quia
3605 2274 3667 2330 ab
3691 2277 3767 2327 Ar-

2183 2362 2348 2417 cadio
2379 2367 2436 2417 et
2458 2363 2795 2419 Honorioad
2809 2382 3031 2421 annum
3046 2365 3245 2433 369,in
3271 2382 3387 2438 quo
3411 2366 3607 2421 finiunt
3625 2360 3764 2431 Fasti,

2183 2470 2310 2523 quae
2333 2452 2447 2508 sibi
2470 2454 2786 2526 dignavisa
2803 2463 2933 2511 sunt
2955 2461 3019 2512 ut
3040 2457 3370 2529 posteritati
3388 2457 3767 2517 mandarentur,

2184 2542 2242 2596 in
2283 2542 2571 2599 Chronico
2622 2545 2962 2602 tradiderat.
3014 2549 3297 2603 Caeterum
3348 2549 3417 2604 de
3464 2547 3621 2602 rebus
3668 2545 3768 2598 ante

2184 2631 2462 2703 Magnum
2520 2633 2916 2691 Theodosium
2966 2635 3133 2703 nihil,
3166 2654 3199 2693 a
3228 2637 3547 2693 Theodosio
3570 2636 3629 2691 ad
3654 2631 3769 2687 ﬁlios

2184 2738 2476 2794 perpauca
2501 2722 2558 2778 in
2592 2740 2657 2780 eo
2692 2730 3049 2782 narraverat.
3085 2727 3355 2784 Fortasse
3383 2727 3552 2784 etiam
3583 2727 3771 2798 propter

2183 2811 2569 2884 chronologize
2591 2814 3008 2887 studium,quaa
3031 2818 3241 2873 certior
3260 2835 3330 2873 ex
3349 2818 3495 2874 serie
3514 2811 3771 2872 consulum

2184 2902 2431 2972 eruitur,
2478 2903 2683 2960 Fastos
2738 2906 3114 2978 conscripsit,
3165 2907 3417 2980 ideoque
3454 2908 3556 2980 ipsi
3597 2905 3649 2960 in
3691 2902 3771 2958 hoc

2184 3008 2356 3063 opere
2388 2994 2803 3050 consulatuum
2834 2994 2928 3051 sui
2962 2997 3248 3069 temporis
3280 2997 3467 3069 potior
3494 3010 3650 3068 quam
3680 2991 3772 3047 his-

2184 3081 2345 3135 toriae
2377 3097 2518 3136 cura
2549 3082 2677 3138 fuit.

2255 3171 2351 3227 45
2370 3171 2455 3226 40.
2479 3172 2589 3227 Sed
2604 3172 2906 3229 videamus
2912 3173 3034 3245 jam
3050 3190 3324 3245 quianam
3337 3175 3396 3230 in
3412 3172 3773 3241 Fastisimpro-

2185 3258 2343 3328 bent,
2369 3260 2469 3331 qui
2493 3260 2708 3332 stylum
2732 3266 3043 3318 causantes
3066 3279 3164 3319 eos
3189 3265 3375 3320 Idatio
3397 3263 3671 3335 abrogant.
3686 3258 3774 3313 Ista

2177 3348 2457 3405 nimirum
2487 3367 2499 3405 :
2524 3352 2599 3405 ad
2625 3351 2914 3423 fossatum,
2943 3352 3239 3421 Romania,
3268 3353 3478 3409 levatus
3492 3351 3773 3420 sstimpera-

2174 3442 2277 3493 tor.
2312 3440 2554 3494 Addunt
2596 3445 2875 3511 praeterea
2921 3446 3219 3499 auctorem
3274 3444 3567 3499 Fastorum
3608 3450 3771 3510 parum

2176 3527 2355 3583 fuisse
2370 3534 2705 3584 accuratum
2722 3530 2778 3585 iu
2795 3530 3657 3603 eclipsibusnotandis,ldatium
3671 3539 3770 3579 vero

2174 3616 2233 3670 in
2258 3617 2542 3674 Chronico
2564 3618 3111 3691 diligentissimum.
3129 3620 3541 3676 Verumtamen
3563 3622 3621 3673 ut
3637 3615 3771 3671 aFos-

2172 3716 2289 3763 sato
2319 3707 2621 3779 incipiam,
2646 3709 2785 3762 dum
2810 3712 3012 3764 auctor
3040 3710 3349 3765 Fastorum
3381 3707 3663 3766 consulatu
3682 3701 3767 3754 Va-

2172 3796 2346 3852 lentis
2385 3800 2544 3852 sexto
2592 3796 2673 3852 ita
2722 3798 2927 3853 scribit
2954 3815 2965 3851 :
2990 3799 3280 3869 Profectus
3309 3802 3385 3854 est
3417 3799 3596 3854 Valens
3619 3796 3769 3860 Augu-

2173 3895 2289 3941 stus
2309 3903 2381 3942 ex
2398 3887 2528 3941 urbe
2549 3887 2620 3941 ad
2641 3888 2941 3957 Fossatum,
2966 3888 3105 3959 quid
3131 3889 3325 3945 doctis
3346 3889 3483 3944 viris
3504 3876 3767 3956 displicet?

2173 3976 2495 4031 verbumne
2529 3975 2638 4031 hoc
2671 3978 2967 4041 Fossatum,
3002 3994 3075 4031 an
3108 3977 3509 4035 constructio?
3536 3974 3632 4031 Sed
3660 3983 3769 4026 con-

2174 4065 2417 4120 structio
2440 4065 2537 4136 qui
2564 4069 2775 4137 potest,
2800 4082 2933 4120 cum
2958 4065 3054 4129 sit,
3077 4070 3141 4121 ut
3170 4067 3253 4121 ita
3287 4068 3496 4133 dicam,
3514 4056 3767 4120 Latinissi-

2175 4154 2308 4208 ma?
2332 4155 2477 4226 Ergo
2500 4171 2605 4209 vox
2635 4156 2970 4209 Fossatum?
2999 4155 3174 4226 Atqui
3210 4156 3389 4211 Plinii
3422 4150 3659 4211 historici
3676 4159 3764 4201 avo

2166 4241 2321 4309 juris
2341 4248 2465 4297 erat
2487 4241 2654 4311 Latii,
2681 4247 2743 4297 ut
2774 4242 3037 4298 indicant
3056 4243 3229 4299 variae
3251 4244 3525 4300 lectiones
3540 4239 3763 4296 Codicum

2173 4331 2282 4385 Ms.
2320 4332 2431 4401 ipsi
2464 4332 2623 4402 operi
2657 4333 2923 4403 ascriptus
2965 4333 3065 4404 (a).
3096 4332 3151 4388 Si
3180 4338 3384 4389 tamen
3413 4326 3760 4389 testimonium

2172 4419 2332 4474 istud
2359 4438 2473 4475 non
2493 4423 2679 4492 placet
2694 4437 2726 4492 q
2739 4421 2831 4477 uia
2845 4421 3474 4488 incertum,alialdatio
3488 4414 3765 4487 antiquiora

2174 4508 2405 4564 exhibet
2435 4510 2827 4566 Gothofredus
2859 4515 3172 4568 comment.
3199 4512 3259 4567 in
3294 4512 3451 4584 leg.t
3486 4511 3550 4565 de
3580 4504 3766 4562 Limite-

2174 4600 2291 4653 neis
2322 4598 2460 4653 Cod.
2496 4599 2739 4667 Theod.,
2763 4617 2881 4672 qua
2910 4601 2968 4656 in
2998 4600 3123 4672 lege
3152 4617 3261 4658 vox
3291 4603 3563 4658 Fossatum
3590 4588 3764 4665 reperi-

2174 4692 2307 4755 tur;
2341 4688 2573 4759 lataque
2604 4688 2705 4744 illa
2732 4695 2820 4745 est
2844 4707 2995 4745 anno
3026 4691 3149 4759 409,
3183 4692 3540 4763 sexagesimo
3583 4679 3760 4741 scilicet

2175 4781 2487 4849 antequam
2522 4778 2742 4833 ldatius
2770 4779 3089 4834 Chronicon
3123 4780 3337 4836 finiret.

2246 4868 2334 4923 41.
2361 4866 2580 4923 Deinde
2613 4868 2891 4924 Romanis:
2922 4885 3132 4924 nomen
3155 4869 3330 4941 vulgo
3361 4870 3624 4925 usitatum
3664 4859 3761 4915 erat

2176 4956 2365 5013 Orosii
2396 4962 2676 5029 tempore.
2709 4960 2869 5022 Quod
2904 4961 3154 5014 testatur
3181 4959 3305 5031 ipse
3336 4959 3474 5014 dum
3504 4954 3663 5024 ait(L.
3684 4961 3743 5000 VII

2176 5064 2221 5101 c.
2247 5048 2336 5118 43)
2366 5066 2377 5102 :
2404 5050 2690 5118 Essetque,
2718 5056 2779 5103 ut
2825 5047 3138 5117 uulgariter
3182 5049 3395 5119 loquar,
3430 5044 3629 5108 Gothia,
3655 5032 3762 5109 (μιθά

2178 5136 2446 5191 Romania
2460 5137 3183 5207 fuisset.Possidiusetiam,
3200 5138 3299 5209 qui
3326 5127 3762 5201 Idatioaliquanto

2178 5225 2286 5279 fuit
2316 5226 2631 5296 antiquior,
2660 5226 2929 5281 eamdem
2981 5243 3175 5282 vocem
3223 5230 3467 5298 usurpat
3494 5228 3571 5295 (In
3606 5219 3688 5274 Vit.
3715 5211 3757 5265 S.

2174 5315 2341 5384 Aug.,
2362 5330 2408 5369 c.
2440 5315 2551 5385 30).
2574 5314 2815 5370 Demum
2850 5315 2984 5371 licet
3004 5315 3063 5371 in
3097 5316 3258 5372 nullo
3289 5318 3514 5371 auctore
3541 5308 3629 5382 qui
3655 5304 3759 5360 ante

2178 5403 2423 5457 Idatium
2449 5403 2751 5474 scripserit
2781 5421 2848 5460 ea
2878 5404 3094 5460 locutio
3124 5407 3447 5477 reperiatur
3470 5405 3673 5458 Levatus
3694 5392 3759 5446 ιιι

2177 5496 2339 5564 (sane
2352 5508 2457 5565 ego
2473 5509 2587 5549 non
2604 5493 3370 5568 legi),attamenAnonymus
3389 5488 3759 5568 Cuspiuianelts

2176 5582 2511 5654 frequenter
2530 5581 2634 5638 illa
2655 5582 2860 5641 utitur.
2889 5589 2965 5641 De
2982 5566 3241 5657 tempore
3261 5587 3453 5640 autem
3473 5576 3632 5653 quoia
3646 5566 3761 5629 scd-

496 5764 581 5831 (u)
611 5764 694 5817 Ad
726 5778 911 5832 oram,
942 5779 1068 5834 cap.
1099 5763 1164 5817 21
1198 5758 1299 5814 lib.
1332 5774 1492 5826 xv1u,
1526 5757 1582 5814 in
1618 5757 1879 5817 Editione
1910 5760 2176 5834 Lugdun.
2214 5760 2367 5818 1561.
