3898 6176
390 337 498 393 715

422 478 618 519 IMPER.

1225 328 1569 382 ADDENDA
1606 330 1703 381 AD
1742 328 2087 392 QUOSDAM
2126 329 2663 387 PRAECEDENTES
2700 332 2956 389 TOMOS.
3638 337 3727 393 716

3435 478 3513 516 0L.
3578 480 3627 520 Δ.
3658 482 3701 522 C.

747 552 1195 609 Valentinianus
1228 551 1305 623 (a)
1337 552 1665 607 Constantii
1697 555 1752 607 et
1782 550 2049 607 Placidia
2083 552 2239 607 filius
2272 554 2652 626 nasitur(33).

746 648 810 699 In
844 641 1143 698 Gallicana
1174 641 1429 711 regione,
1461 640 1522 694 in
1555 641 1788 696 civitate
1819 641 2062 696 Biterris
2112 643 2299 697 multa
2357 643 2525 715 signa
2580 646 2783 700 effecta
2838 643 3091 700 terrifica
3144 645 3370 701 Paulini

672 732 919 806 epistola
949 732 1215 801 ejusdem
1243 720 1491 784 civitatis
1523 728 1781 801 episcopi
1813 735 2046 785 enarrat
2078 730 2296 803 ubique
2328 734 2570 789 directa.

390 877 397 886 .
455 843 607 883 XXVI.

754 820 1025 887 Vandali,
1062 820 1379 875 Suevorum
1413 818 1718 874 obsidione
1750 819 2016 890 dimissa,
2037 820 2293 877 instante
2325 823 2551 878 Asterie
2583 823 2660 895 (b)
2678 822 3093 895 Hispaniarum
3127 824 3357 895 comite,
3618 829 3703 882 420

676 917 732 967 et
763 912 872 966 sub
902 909 1118 964 vicario
1148 910 1220 981 (c)
1252 908 1622 979 Maurocello,
1654 908 1975 981 aliquantis
2007 914 2265 965 Bracara
2298 912 2357 966 in
2390 912 2546 968 exitu
2579 930 2685 969 suo
2718 912 2948 981 occisis,
3001 912 3202 970 relicta
3246 913 3374 969 Gal-

671 1001 836 1055 lacia
867 1000 937 1054 ad
969 998 1238 1053 Baeticam
1271 997 1655 1053 transierunt.

745 1090 1043 1158 (Romana
1076 1086 1343 1142 Ecclesia
1374 1086 1465 1141 XL
1507 1087 1580 1158 (cl)
1608 1087 1879 1158 prasidet
1902 1088 2213 1161 episcopus
2241 1090 2616 1163 Bonifacius.)

747 1177 1041 1233 Honorius
1080 1178 1235 1248 apud
1279 1177 1613 1231 Ravennam
1656 1177 2063 1234 Constantium
2098 1180 2196 1234 69
2230 1185 2563 1236 consortem
2594 1181 2663 1252 (ε)
2714 1182 2827 1237 sibi
2853 1182 2991 1237 facit
3020 1183 3077 1238 in
3112 1198 3287 1255 regno
3318 1184 3377 1254 (f)
3415 1183 3513 1238 300

673 1267 1048 1324 Constantius
1080 1266 1399 1338 imperator
1432 1266 1721 1321 Ravenna
1753 1267 2003 1323 moritur
2036 1268 2093 1323 in
2128 1286 2237 1323 suo
2269 1270 2441 1325 tertio
2472 1269 2784 1326 consulatu
2817 1271 2951 1343 (34).

461 1377 633 1415 XXVII.

455 1466 652 1505 XXVIII.

2128 1363 3722 1418 421

751 1446 1026 1502 Castinus
1060 1446 1339 1517 magister
1376 1445 1630 1501 militum
1681 1463 1814 1501 cum
1849 1464 2065 1519 magna
2102 1464 2280 1503 manu
2313 1451 2371 1502 et
2401 1448 2634 1503 auxiliis
2694 1450 3014 1505 Gothorum
3045 1450 3266 1506 bellum
3317 1451 3375 1506 in
3644 1452 3728 1504 422

672 1537 885 1591 Batica
915 1535 1194 1591 Vandalis
1223 1534 1398 1590 infert
1426 1536 1535 1606 (h);
1572 1552 1717 1606 quos
1740 1552 1872 1590 cum
1906 1537 1978 1591 ad
2012 1537 2270 1607 inopiam
2293 1537 2348 1591 vi
2384 1538 2709 1593 obsidionis
2743 1542 3017 1606 arctaret,
3051 1541 3195 1596 adeo
3227 1544 3289 1595 ut
3319 1557 3381 1596 se

673 1628 905 1681 tradere
955 1626 1081 1696 jam
1131 1630 1424 1696 pararent,
1478 1626 1812 1680 inconsulte
1870 1626 2105 1696 publico
2165 1628 2485 1684 certamine
2543 1629 2859 1701 conﬂigens
2908 1631 2997 1702 (ἱ),
3028 1630 3379 1687 auxiliorum
3421 1648 3504 1687 ιιι.

672 1716 874 1771 fraude
896 1716 1173 1786 deceptus
1200 1716 1290 1786 (7'),
1324 1718 1397 1770 ad
1429 1716 1786 1770 Taraconem
1819 1715 2007 1769 victus
2039 1714 2136 1786 (Ic),
2170 1717 2419 1788 aufugit.

737 1804 1072 1860 Bonifacius
1104 1803 1394 1875 palatium
1426 1804 1715 1859 deserens
1746 1804 1810 1875 (ι)
1840 1803 2097 1858 Africam
2130 1805 2353 1861 invadit
2385 1808 2521 1879 (35).

452 1911 2067 1961 xxxx......,.........

458 2018 587 2056 xxx.
754 2001 852 2055 70
884 1999 1202 2055 Abrahami
1228 1985 1302 2055 H.
1336 1998 1626 2055 CCCCXL.

3645 1898 3732 1953 r23

3412 2022 3487 2059 IV.

748 2088 1057 2157 Honorius,
1092 2089 1237 2144 actis
1268 2087 1692 2143 tricennalibus
1720 2087 1846 2143 suis
1878 2088 2161 2145 Ravenna
2194 2089 2340 2146 obiit
2370 2092 2481 2163 (36)
2513 2092 2633 2163 (m).
3652 2092 3737 2146 424

752 2178 1034 2233 Paulinus
1066 2176 1475 2233 nobilissimus
1506 2182 1562 2232 et
1589 2176 2133 2249 eloquentissimus,
2165 2180 2392 2235 dudum
2426 2180 2802 2237 conversione
2832 2183 2903 2237 ad
2948 2187 3125 2238 Deum
3172 2182 3425 2240 nobilior

688 2268 902 2334 factus,
931 2267 1020 2321 vir
1049 2267 1430 2339 apostolicus,
1462 2266 1607 2321 Nola
1638 2266 1967 2338 Campania
1999 2266 2310 2339 episcopus
2341 2269 2591 2325 habetur
2630 2270 2916 2342 insignis;
2962 2272 3055 2326 cui
3107 2272 3394 2328 Therasia

687 2358 759 2412 de
789 2357 1039 2428 conjuge
1072 2357 1222 2411 facta
1253 2372 1418 2412 soror
1447 2355 1783 2411 tesiimonio
1814 2356 1946 2411 vita
1994 2356 2174 2412 beata
2225 2364 2492 2429 aquatur
2537 2364 2595 2414 et
2641 2360 2874 2415 merito.
2908 2361 3149 2417 Exstant
3196 2362 3394 2433 operis

685 2445 871 2517 ipsius
904 2446 1121 2517 egregii
1157 2445 1353 2500 studia
1384 2444 1773 2517 pradicanda.

756 2534 1151 2589 Romanorum
1184 2534 1305 2589 XLI
1332 2533 1696 2588 Theodosius
1726 2533 1957 2588 Arcadii
1992 2534 2147 2590 ﬁlius
2170 2540 2301 2591 ante
2334 2536 2555 2608 aliquot
2575 2555 2762 2593 annos
2793 2539 3136 2611 regnans(n)
3171 2538 3228 2593 in
3256 2556 3391 2611 paro

686 2623 845 2680 tibus
875 2623 1151 2694 Orientis,
1184 2623 1457 2679 defuncto
1490 2628 1671 2695 patre,
1707 2628 1839 2693 post
1868 2623 2097 2679 obitum
2130 2625 2366 2681 Honorii
2400 2627 2596 2698 patrui
2629 2628 3028 2684 monarchiam
3072 2628 3236 2683 tenui
3277 2629 3388 2683 im-

689 2712 833 2785 perii
867 2712 959 2784 (0),
993 2728 1125 2767 cum
1160 2717 1315 2768 esset
1344 2729 1633 2768 annorum
1664 2712 1849 2768 XXVI
1881 2712 1958 2784 (ρ)
1990 2714 2125 2785 (37).

757 2801 1011 2856 Joannes
1042 2801 1249 2873 arripit
1278 2802 1649 2874 tyrannidem
1683 2801 1775 2872 (q).

408 3044 560 3098 ropa
593 3026 791 3082 tabula
823 3029 875 3082 2.
912 3042 1089 3097 quam
1138 3024 1634 3098 urbemﬂcollocat
1679 3025 1936 3098 Ortelius
1969 3027 2053 3098 ad
2088 3029 2140 3092 Α

410 3097 656 3156 Durium
708 3114 963 3154 amnem.
1012 3098 1158 3152 Hinc
1214 3097 1384 3152 ldatii
1447 3102 1705 3167 tempore
1741 3097 2057 3155 Nervasius

410 3172 531 3227 sive
576 3171 906 3225 Narbassus
940 3186 1108 3224 mons
1131 3170 1325 3224 dictus
1361 3172 1469 3236 est,
1504 3169 1603 3238 qui
1644 3169 1781 3223 olim
1835 3169 2062 3223 Hermi-

409 3243 545 3299 nius
577 3243 901 3309 dicebatur,
931 3258 1043 3297 non
1070 3240 1239 3311 longe
1271 3241 1342 3294 ab
1376 3239 1658 3295 hodierna
1684 3240 1919 3295 civitate
1953 3240 2061 3295 Ro-

413 3314 612 3370 derici.
638 3313 885 3369 Morales
916 3321 973 3367 et
996 3312 1256 3368 Mariana
1287 3311 1456 3366 aliter
1484 3312 1818 3381 opinantur,
1844 3317 1899 3367 et
1920 3312 2061 3366 Ner-

411 3386 608 3441 vasios
640 3390 888 3454 montes,
916 3386 986 3439 de
1016 3385 1233 3455 quibus
1265 3383 1357 3437 hic
1392 3384 1652 3454 loquitur
1682 3384 1928 3455 Idatius,
1962 3400 2062 3438 eos

417 3474 546 3513 esse
576 3457 918 3512 existimant
946 3453 1092 3526 quos
1127 3471 1283 3509 nunc
1314 3453 1495 3509 Arvas
1531 3453 1917 3526 appellamus,
1954 3455 2063 3510 Le-

419 3530 650 3601 gionem
686 3529 837 3582 inter
867 3533 923 3583 et
954 3527 1221 3582 Ovetum.

490 3617 565 3688 (a)
600 3616 713 3671 Hoc
738 3632 889 3670 anno
924 3618 1097 3669 natus
1137 3618 1235 3688 _est
1295 3614 1549 3688 profecto
1597 3613 2065 3688 Valentinianus,

418 3686 557 3744 cum
586 3688 749 3760 prius
782 3691 919 3741 nata
948 3691 1104 3741 esset
1136 3686 1409 3741 Honoria.
1445 3690 1596 3741 Nota
1624 3686 1715 3740 33.

491 3778 567 3849 (ὁ)
600 3772 1357 3849 Αείονίυεβῐνᾳτ-ᾉεῐυῐιίφμε,
1383 3780 1631 3849 utroque
1657 3776 1812 3849 enim
1830 3776 2067 3849 nomine

423 3845 506 3905 ab
531 3845 713 3904 l'datio
740 3853 795 3903 ct
844 3848 915 3902 ab
966 3846 1097 3902 aliis
1129 3845 1438 3917 apellatur,
1490 3847 1578 3900 vir
1632 3848 1741 3900 fuit
1771 3848 2065 3913 comitiva,

426 3919 764 3976 maﬁisteria
792 3919 1098 3989 utriusque
1122 3917 1361 3984 militia,
1384 3917 1685 3973 consulatu
1710 3920 2069 3989 demumque

428 3991 733 4064 patriciatu
766 3990 1035 4061 insignis.
1070 3990 1149 4045 De
1181 4006 1246 4044 eo
1280 3989 1448 4060 plura
1478 3990 1547 4043 ad
1583 4006 1801 4044 annum
1835 3991 1959 4045 449.

498 4080 571 4151 (c)
598 4082 674 4135 Ex
698 4078 954 4151 hocloco
969 4078 1274 4144 discimus,
1304 4093 1404 4151 per
1423 4076 1705 4151 vicarium
1731 4078 2068 4151 Plf.Gallia-

426 4149 561 4207 rum
586 4150 895 4223 Hispanias
918 4151 1026 4205 hoc
1048 4154 1307 4220 tempore
1331 4149 1770 4203 administratas
1791 4149 1993 4205 fuisse.

496 4242 774 4311 (d)Anno
807 4240 909 4294 418
958 4243 1225 4311 exeunte,
1284 4236 1506 4311 electus
1566 4237 1677 4292 fuit
1734 4238 2067 4295 Bonifacius

427 4308 698 4368 Romana
743 4311 1011 4366 Ecclesia
1042 4310 1295 4381 pontifex
1326 4308 1508 4363 XLIV.
1545 4312 1673 4364 Hac
1725 4314 1919 4364 autem
1970 4312 2067 4382 (si-

422 4390 521 4438 cut
551 4389 608 4438 et
638 4383 735 4437 illa
767 4399 892 4453 qua
942 4385 1011 4437 de
1062 4381 1385 4445 Anastasio,
1422 4398 1621 4450 supra.
1670 4398 1823 4435 anno
1850 4381 1983 4447 397,
2008 4388 2065 4437 et

420 4457 490 4509 de
520 4455 722 4515 Leone,
761 4454 933 4520 infra,
968 4455 1065 4509 441
1100 4453 1400 4525 leguntur)
1432 4454 1658 4522 adjecta
1700 4453 1882 4508 fuisse
1930 4455 2067 4509 Ida-

423 4526 505 4581 tio
536 4526 827 4580 videntur.

488 4598 564 4668 (ε)
592 4595 915 4668 Constantii
951 4594 1761 4668 inaugurationethrosper
1811 4599 1867 4651 et
1924 4597 2058 4652 Cas-

418 4665 688 4723 siodorus
716 4667 852 4722 huic
881 4684 1033 4721 anno
1055 4665 1377 4734 ascribunt,
1397 4665 1614 4737 quibus
1645 4665 1899 4722 etldatio
1934 4686 2055 4723 ma-

417 4740 505 4811 ior
536 4756 650 4811 pra
685 4738 960 4794 Orientali
991 4739 1350 4811 Theophane
1375 4738 1641 4811 habenda
1673 4742 1761 4793 est
1787 4739 2057 4811 ﬁdes,qui

418 4810 475 4865 in
511 4809 732 4865 annum
765 4814 1101 4881 sequentem
1135 4827 1263 4865 eam
1300 4809 1512 4864 ditfert.

482 4898 557 4969 (f)
588 4897 745 4953 Libri
785 4897 924 4969 editi
962 4896 1073 4969 hoc
1101 4898 1225 4952 loco
1268 4913 1488 4952 annum
1531 4896 1768 4953 Honorii
1798 4900 1869 4952 27
1892 4900 2059 4954 exhi-

413 4968 571 5038 bent,
606 4974 808 5024 contra
851 4968 1181 5041 clarissima
1225 4969 1397 5041 ldatii
1439 4970 1636 5036 verba,
1669 4986 1796 5041 qua
1830 4989 1936 5027 nos
1963 4989 2055 5027 co-

410 5048 558 5114 gunt
584 5042 711 5111 ejus
735 5040 874 5094 anni
906 5044 1076 5094 notas
1100 5040 1239 5094 hinc
1260 5040 1531 5111 abjicere.
1558 5040 1703 5096 Vide
1733 5047 1930 5099 notam
1966 5045 2055 5099 34.

480 5130 557 5201 (g)
591 5129 855 5203 Vacuum
890 5126 1101 5203 reliqui
1152 5128 1313 5183 hunc
1344 5145 1585 5203 annum,
1611 5129 1748 5199 quia
1788 5133 1898 5189 sub
1929 5134 2058 5203 ipso

409 5198 726 5273 praeferunt
750 5200 880 5273 alia
913 5198 1211 5255 Editiones
1236 5218 1371 5273 qua
1402 5201 1473 5256 ad
1496 5198 1921 5273 praeedentem
1951 5198 2058 5259 an-

410 5272 576 5336 num,
612 5278 676 5327 ut
704 5272 923 5327 dictum
957 5277 1064 5335 est,
1101 5272 1416 5342 pertinent.

479 5364 573 5445 (hi
591 5363 803 5445 Eodem
839 5361 947 5445 hoc
967 5361 1549 5445 ‘annonCassiodorus.
1570 5361 1749 5445 hujus
1778 5361 1915 5445 belli
1934 5379 2058 5445 ‘me-

411 5433 601 5490 minit.
637 5433 895 5488 Meminit
927 5435 1100 5488 etiam
1137 5434 1403 5502 Prosper,
1448 5434 1541 5500 qui
1596 5437 1720 5487 tum
1778 5434 1895 5497 hic,
1929 5441 2057 5489 tum

405 5524 559 5561 anno
590 5507 714 5572 425,
748 5506 858 5560 sub
891 5505 1231 5560 consulibus
1263 5504 1588 5559 Theodosio
1621 5522 1689 5558 XL
1714 5510 1769 5560 et
1800 5504 2056 5561 Valenti-

410 5579 586 5635 niano
618 5576 888 5648 pluscula
919 5576 1034 5632 alia
1067 5578 1237 5632 addit
1258 5578 1328 5631 de
1360 5576 1613 5631 Castino.

2243 3026 2309 3099 (j)
2340 3027 2495 3083 Nihil
2529 3029 2599 3100 de
2632 3028 2736 3084 hac
2769 3029 2971 3085 fraude
3002 3030 3266 3100 Prosper,
3301 3027 3452 3083 nihil
3491 3025 3766 3082 Salvianus.

2173 3097 2529 3173 guperbiens
2556 3099 2831 3156 Castinus
2862 3101 3094 3173 sibique
3115 3097 3428 3171 p'ralidens
3450 3104 3651 3173 temere
3670 3113 3777 3151 con-

2173 3169 2318 3243 ﬂixit
2347 3175 2403 3225 ct
2429 3173 2741 3227 exercitum
2771 3169 3042 3243 perdidit,
3086 3169 3220 3227 nam
3254 3190 3330 3227 xx
3364 3172 3547 3226 millia
3566 3183 3766 3225 suorum

2172 3241 2366 3296 occisa
2398 3248 2555 3308 sunt,
2589 3243 2637 3297 si
2672 3241 2950 3315 Prospero
2975 3244 3269 3299 Pithaano
3299 3244 3608 3298 credimus.

2246 3338 2322 3409 (lc)
2356 3340 2648 3397 Romanos
2702 3346 2831 3413 tum
2883 3342 3166 3413 temporis
3216 3341 3559 3413 Hispaniain
3589 3336 3774 3413 citerio-

2175 3426 2319 3477 rem,
2352 3417 2592 3485 excepta
2612 3412 2892 3485 Gallacia
2927 3408 3243 3485 provincia,
3280 3408 3593 3469 retinuisse
3610 3426 3669 3465 ex
3691 3408 3773 3461 hoc

2176 3487 2353 3553 atque
2386 3482 2518 3538 aliis
2551 3484 2719 3539 ldatii
2750 3484 2893 3541 locis
2916 3482 3177 3557 apparet.

2247 3572 2310 3644 (ι)
2343 3571 2702 3627 Bonifacium
2723 3589 2754 3626 a
2776 3574 3011 3629 Castino
3042 3574 3447 3629 discedentem
3482 3571 3707 3644 primum
3733 3565 3773 3617 in

2177 3643 2429 3708 Italiam,
2464 3644 2674 3698 deinde
2704 3645 2761 3698 in
2786 3645 3041 3701 Africam
3089 3646 3396 3701 devenisse
3444 3643 3603 3699 docet
3646 3645 3771 3693 Pros-

2178 3730 2299 3785 per.
2334 3714 2477 3768 Vide
2510 3720 2609 3770 not
2637 3716 2706 3769 35
2738 3734 2793 3770 n.
2826 3718 2883 3771 2.

2248 3802 2346 3873 (m)
2373 3802 2458 3875 _De
2488 3803 2729 3858 Honorii
2759 3804 2918 3859 obitu
2942 3805 3164 3861 Idatius
3188 3811 3395 3861 noster
3417 3805 3474 3858 in
3509 3796 3773 3875 Fastisst

2181 3869 2525 3945 consulibus
2585 3875 2987 3945 Asclepiodoto
3045 3883 3101 3931 et
3150 3876 3513 3933 Maximiano
3564 3869 3775 3929 ait:His

2178 3943 2523 4019 consulibus
2552 3943 2841 4019 Honorius
2885 3953 3188 4019 Augustus
3239 3948 3488 4004 recessit
3518 3947 3771 4019 Ravenna.

2180 4017 2381 4099 Eidem
2416 4020 2723 4101 anno,‘qui
2761 4018 2867 4073 fuit
2913 4015 3039 4075 ara
3075 4020 3446 4101 Dionysia'na
3478 4015 3773 4101 -’i2»i,nH00_0°

2178 4087 2247 4163 rii
2283 4092 2527 4163 mortem
2562 4087 2802 4163 alligant
2832 4096 3099 4162 Prosper,
3150 4087 3548 4163 Marcellinus,
3594 4087 3777 4163 Cassiq-

2179 4160 2357 4214 dorus
2385 4158 2813 4233 SocratesIlib.
2838 4179 2936 4229 vn,
2969 4158 3095 4233 cap.
3126 4164 3219 4228 ‘22,
3257 4165 3471 4218 mortis
3495 4162 3635 4233 diem
3659 4158 3774 4231 desi-

2187 4236 2329 4306 gnat
2360 4232 2423 4285 15
2452 4234 2722 4306 Augusti,
2754 4232 3206 4306 Olympiodorus
3236 4235 3341 4302 27;
3377 4235 3529 4306 quod
3562 4232 3773 4306 fortassw

2177 4303 2512 4376 veriusest,
2536 4301 2760 4359 etiamsi
2794 4301 3014 4360 S'ocr'ati
3048 4301 3771 4376 astipuleturTheophanes.

2179 4380 2358 4449 Aqua
2389 4374 2681 4449 intercutii
2710 4376 2911 4449 morbo
2945 4368 3237 4449 interiisse
3285 4368 3709 4449 Olympiodorus
3730 4368 3770 4418 ei

2178 4441 2276 4499 alii
2309 4447 2697 4520 tradiderunt.
2756 4448 3119 4520 Tericennalia
3169 4441 3514 4520 agere'no'n
3563 4441 3774 4520 potuisse

2176 4520 2308 4588 post
2340 4534 2560 4571 annum
2594 4519 2698 4572 423
2728 4518 2965 4575 evidens
3014 4525 3127 4585 est,
3186 4516 3447 4587 namque
3478 4536 3541 4573 eo
3566 4516 3672 4588 vita
3701 4525 3774 4588 θεέ

2172 4583 2367 4662 cessit.
2401 4589 2516 4643 Cur
2547 4605 2683 4660 ergo
2715 4591 2961 4662 ldatius,
3015 4583 3202 4662 qui—eid
3258 4583 3378 4645 non
3432 4583 3776 4662 ignoravitﬂl

2171 4660 2395 4714 obitum
2430 4665 2487 4714 et
2518 4654 2868 4716 tric'ennalia
2900 4654 3089 4731 ipsius
3121 4661 3262 4716 huic
3294 4654 3588 4718 annovil’t
3615 4654 3771 4723 alliga

2167 4731 2300 4786 vit?
2329 4732 2734 4801 Conjccturam
2769 4750 2959 4789 meam
2992 4750 3279 4804 exponam
3315 4740 3456 4789 nota
3483 4734 3566 4787 36.

2239 4829 2320 4899 (η)
2357 4835 2396 4884 Δ
2429 4828 2699 4886 Kalendis
2730 4832 2887 4901 Maii,
2911 4849 3063 4888 anno
3087 4833 3222 4900 408;
3256 4849 3327 4889 eo
3357 4832 3512 4887 enim
3544 4828 3647 4885 dite
3666 4817 3775 4879 obiit

2169 4901 2454 4957 Arcadius
2487 4907 2667 4973 pater.

2243 4993 2315 5063 (0)
2354 4993 2737 5067 monarchiam
2765 4997 2960 5063 tenuit,
2995 4995 3135 5066 quia
3167 4994 3335 5050 solus
3367 4996 3491 5067 ipse
3518 4987 3768 5063 legitimus

2172 5069 2297 5120 erat
2329 5064 2633 5136 princeps;
2663 5066 2920 5121 Joannes
2952 5064 3147 5122 autem
3179 5064 3471 5139 tyrannus
3500 5068 3629 5119 erat.

2242 5153 2320 5228 (ρ)
2357 5152 2673 5228 Librarius,
2707 5172 2774 5228 ex
2804 5172 2955 5228 xx1v,
2999 5156 3153 5226 quod
3204 5156 3462 5228 scripsit
3494 5146 3772 5228 certissime

2172 5219 2586 5291 ldatius,xxv1
2636 5219 2788 5293 fecit,
2852 5219 3096 5282 unitatis
3154 5219 3353 5282 notam
3394 5223 3586 5283 lfacili
3638 5219 3770 5293 Ιερεμ

2172 5303 2319 5371 Ρρὲέθ
2374 5289 2411 5349 νγ
2462 5289 2844 5371 postponens,
2900 5314 3035 5354 cum
3095 5303 3452 5371 anteponere
3497 5289 3768 5350 debuisset.

2170 5365 2312 5422 Vide
2346 5365 2479 5422 noti
2501 5368 2587 5421 37.

2239 5454 2314 5525 (q)
2343 5455 2560 5528 Jonnes
2591 5473 2657 5511 ex
2689 5458 3026 5514 Primicerio
3062 5460 3421 5514 notariorum
3454 5449 3768 5528 tyrannidetr}

2172 5512 2419 5611 arripuit
2450 5527 2537 5611 vel
2569 5529 2895 5611 desinente
2927 5512 3427 5611 anno__4;23,vnquo
3461 5512 3669 5611 1559p”,
3696 5512 3762 5611 Vfl

2170 5599 2409 5653 ineunte
2442 5599 2565 5663 424,
2601 5617 2714 5670 quo
2750 5601 2974 5656 ldatius
3008 5608 3064 5655 et
3093 5597 3466 5656 Marcellinus
3500 5597 3646 5670 illius
3672 5602 3765 5670 In}?

476 5668 539 5737 (ἱ)
571 5669 726 5731 Quas
753 5666 1067 5743 obrcausas
1100 5666 1386 5743 expeditio
1430 5665 1541 5743 ista
1571 5665 1739 5743 Amale
1794 5668 2054 5741 cesserit,
2090 5663 2130 5728 C
2178 5670 2416 5724 mincre.
2445 5658 2755 5743 Adj'ut'orcs
2792 5673 3207 5743 perduellionis
3241 5674 3325 5727 illi
3359 5674 3585 5727 fuerunt
3613 5658 3763 5719 Casti-

420 5753 489 5793 ex
520 5743 765 5809 Propero
796 5742 853 5791 et
882 5736 1150 5791 Salviano
1180 5737 1371 5793 disces
1404 5741 1539 5792 nota
1567 5736 1659 5792 35.

2170 5757 2281 5796 nus
2313 5745 2369 5795 ct
2397 5742 2620 5814 Actius,
2656 5742 2805 5800 teste
2833 5744 3138 5818 Prospero.
