3984 6174
212 344 328 398 729

256 488 460 527 IMPER.

1395 344 1623 398 IDA’I‘II
1659 344 1978 399 EPISCOPI
2013 342 2448 399 CHRONICON.

3518 351 3625 406 730

3276 495 3364 533 OL.
3439 497 3496 535 Α.
3539 498 3588 536 Ω.

511 541 775 597 civitates
807 543 1054 598 eti‘ractis
1076 540 1173 614 (a).
1209 541 1273 596 In
1306 538 1529 611 campis
1559 538 1951 596 Catalaunicis
1982 541 2096 612 (67)
2126 540 2222 612 (b),
2262 540 2419 596 haud
2449 540 2621 614 longe
2652 542 2722 598 de
2765 543 2997 600 civitate
3030 563 3202 618 quam

500 633 853 703 eﬂ‘regerant
882 632 1006 699 90;
1040 631 1230 686 Mettis
1260 630 1423 686 Aetio
1454 630 1589 686 duci
1620 629 1691 701 (c)
1723 633 1781 685 et
1810 629 1928 701 regi
1947 629 2250 698 Theodori,
2296 632 2510 702 quibus
2541 637 2665 688 erat
2698 633 2754 687 in
2788 651 2927 705 pace
2948 634 3196 692 societas
3270 655 3345 693 iv.

501 722 614 793 (68)
642 722 719 793 (ά)
750 726 951 793 aperto
985 725 1170 776 marte
1202 720 1547 791 conﬂigens,
1579 718 1772 775 divino
1804 736 1953 775 etesa
1982 724 2294 791 superatur
2323 720 2559 777 auxilio.
2594 722 2816 778 Bellum
2852 740 2963 780 nox
2995 725 3205 781 intem-

506 815 674 883 pesta
704 810 961 865 diremit.
996 810 1115 866 Rex
1147 809 1263 864 illic
1296 808 1630 865 Theodores
1663 812 1991 880 prostratus
2036 809 2110 881 (ε)
2150 809 2425 865 occubuit
2455 811 2602 881 (69);
2635 810 2761 868 CCC
2806 813 2986 868 ferme
3018 812 3204 869 millia

504 899 812 956 hominum
842 902 909 969 (1)
940 900 997 955 in
1031 915 1097 955 eo
1126 898 1440 955 certamine
1461 898 1657 954 occisa
1685 902 2091 955 numerantur.

572 991 751 1045 Multa
782 1007 935 1045 anno
966 988 1135 1060 signa
1164 988 1502 1060 procedunt.
1536 988 1749 1051 Quinto
1781 986 1905 1042 Kal.
1937 987 2137 1043 Octob.
2167 987 2269 1059 (g),
2301 1004 2332 1043 a
2363 994 2526 1060 parte
2556 990 2808 1046 Orientis
2834 990 2974 1047 luna
3005 992 3193 1048 fusca-

500 1083 621 1134 tur.
643 1080 703 1134 In
728 1079 938 1134 diebus
985 1078 1287 1150 sequentis
1331 1077 1565 1133 Paschte
1594 1078 1696 1147 (Ιι),
1720 1076 1849 1132 visa
1867 1078 2131 1148 quaedam
2154 1077 2213 1132 in
2237 1076 2380 1133 caelo
2402 1078 2459 1133 in
2486 1078 2823 1151 regionibus
2845 1081 3190 1150 Galliarum,

507 1168 757 1240 epistola
783 1169 854 1223 de
886 1168 979 1224 his
1008 1167 1270 1223 Eufronii
1299 1166 1853 1238 Augustodunensis
1901 1166 2161 1237 episcopi
2214 1169 2308 1222 91
2364 1169 2435 1222 ad
2485 1169 2871 1241 Agrippinum
2919 1171 3194 1227 comitem

510 1258 662 1313 facta
691 1258 990 1314 evidenter
1012 1258 1289 1312 ostendit.
1327 1255 1508 1313 Stella
1540 1261 1791 1312 cometes
1819 1273 1853 1311 a
1879 1256 2009 1311 XIV
2040 1256 2155 1312 Kal.
2190 1256 2305 1311 Jul.
2336 1274 2616 1329 apparere
2668 1259 2893 1331 incipit,
2946 1278 3077 1331 qua:
3122 1262 3201 1317 ΙΙΙ

502 1348 630 1404 Kal.
662 1345 904 1403 diliculo
936 1347 1010 1402 ab
1045 1346 1277 1402 Oriente
1308 1346 1453 1413 visa,
1481 1350 1611 1417 post
1640 1345 1923 1401 Occasum
1956 1345 2098 1401 solis
2129 1346 2199 1401 ab
2233 1346 2477 1403 occidua
2525 1353 2690 1420 parte
2731 1365 2865 1405 mox
2901 1350 3193 1419 cernitur;

505 1436 631 1492 Kal.
665 1435 917 1508 Augusti
950 1453 984 1491 a
1014 1441 1176 1507 parte
1199 1435 1531 1491 Occidentis
1560 1439 1819 1507 apparet.

537 1525 739 1581 Occiso
767 1525 1090 1591 Theodore,
1122 1523 1429 1580 Thorismo
1456 1524 1614 1579 filius
1644 1526 1770 1593 ejus
1800 1524 2062 1581 succedit
2094 1525 2158 1595 (ἑ)
2190 1524 2247 1579 in
2281 1541 2480 1597 regno.

542 1613 730 1668 Hunni
765 1629 899 1668 cum
930 1629 1064 1685 rege
1095 1630 1201 1669 suo
1229 1613 1429 1681 Attila,
1462 1612 1681 1668 relictis
1710 1612 1916 1669 Galliis
1949 1618 2079 1685 post
2110 1618 2423 1681 certamen,
2458 1614 2687 1671 Italiam
2720 1620 2947 1688 petunt.

284 1717 486 1755 xxvm.
520 1718 578 1756 ιι.
600 1702 666 1771 (j)
696 1702 777 1770 (id
806 1707 914 1771 est,
931 1702 1162 1758 secundo
1185 1701 1344 1771 regni
1368 1718 1515 1757 anno
1536 1700 1803 1773 principis
1821 1700 2111 1773 Marciani)
2137 1700 2354 1768 Hunni,
2376 1702 2475 1773 qui
2511 1704 2738 1759 Italiam
2761 1705 3198 1775 praedabantur,

3486 1705 3591 1759 452

505 1790 820 1863 aliquantis
837 1792 1013 1846 etiam
1039 1791 1367 1847 civitatibus
1385 1791 1653 1863 irruptis,
1684 1790 1970 1847 divinitus
2003 1791 2219 1861 partim
2241 1792 2412 1862 fame,
2436 1792 2647 1863 partim
2681 1794 2885 1849 morbo
2916 1794 3194 1864 quodam,

505 1879 696 1951 plagis
728 1879 1063 1935 cmlestihus
1094 1880 1416 1949 feriuntur;
1468 1879 1670 1935 missis
1711 1879 1888 1935 etiam
1925 1896 2027 1951 per
2066 1879 2428 1935 Marcianum
2466 1880 2995 1953 principem,Aelio
3026 1882 3195 1948 duce,

503 1969 809 2023 caeduntur
831 1967 1061 2023 auxiliis
1086 1985 1099 2034 ;
1151 1969 1485 2039 pariterque
1528 1968 1587 2023 in
1633 1968 1870 2023 sedibus
1892 1968 2019 2023 suis
2040 1973 2099 2024 et
2123 1968 2459 2024 coelestibus
2490 1969 2678 2040 plagis
2701 1974 2756 2023 et
2786 1987 2890 2041 per
2916 1970 3194 2026 Marciani

498 2057 936 2129 subjungantur
959 2058 1309 2125 exercitum;
1332 2058 1434 2114 92
1467 2057 1541 2129 (Ic)
1573 2061 1629 2113 et
1659 2058 1742 2113 ita
1771 2057 2021 2125 subacti,
2055 2074 2194 2129 pace
2235 2059 2385 2113 facta
2413 2074 2547 2113 cum
2588 2058 2885 2127 Romanis,
2925 2060 3191 2131 proprias

500 2151 773 2217 repetunt
801 2148 990 2202 sedes.
1020 2147 1104 2201 Ad
1137 2162 1284 2217 quas
1314 2162 1412 2202 rex
1445 2163 1647 2202 eorum
1678 2145 1855 2201 Attila
1886 2163 2018 2202 mox
2047 2162 2308 2202 reversus
2336 2147 2399 2217 (ι)
2433 2147 2655 2202 interiit
2683 2147 2832 2219 (70).]

571 2237 657 2291 Ad
688 2240 905 2291 Suevos
938 2236 1288 2290 Mansuetus
1323 2252 1521 2291 comes
1547 2236 1960 2307 Hispaniarum
1993 2237 2112 2308 (m),
2140 2240 2195 2291 et
2223 2237 2433 2292 Fronto
2464 2236 2545 2307 (η)
2576 2235 2846 2291 similiter
2875 2254 3091 2305 comes,
3117 2237 3195 2293 leo

491 2325 610 2399 gati
651 2342 753 2396 pro
785 2340 922 2396 pace
954 2324 1270 2379 mittuntur
1298 2329 1356 2380 et
1385 2324 1656 2380 obtinent
1686 2324 2054 2380 conditiones
2084 2325 2408 2394 injunctas.

3229 2327 3335 2381 308

565 2414 877 2470 Thorismo
907 2430 1001 2469 rex
1033 2413 1373 2483 Gothorum,
1405 2414 1636 2485 spirans
1668 2413 1904 2470 hostilia
1932 2415 2083 2485 (o),a
2112 2413 2470 2470 Theodorico
2492 2418 2549 2469 et
2572 2414 2873 2471 Frederico
2908 2415 3189 2472 fratribus

489 2506 800 2576 jugulatur
829 2502 942 2575 (71)
973 2503 1072 2574 (p),
1105 2503 1198 2557 cui
1230 2502 1627 2558 Theodoricus
1659 2503 1921 2558 succedit
1951 2503 2010 2557 in
2043 2518 2243 2574 regno.

269 2614 430 2654 xxxx.
464 2612 550 2650 ιιι.
611 2592 682 2664 (q)
740 2593 819 2663 (id
877 2597 986 2657 est,
1037 2591 1197 2648 tertio
1228 2594 1389 2663 regni
1416 2608 1561 2648 anno
1606 2594 1886 2664 principis
1915 2592 2207 2666 Marciani)
2238 2595 2339 2650 93
2371 2593 2574 2667 regina
2603 2593 2850 2650 moritur
2885 2593 3191 2650 Pulcheria

501 2698 701 2738 mense
730 2679 886 2736 Julio
918 2680 1031 2753 (72)
1061 2680 1153 2752 (r).

3485 2596 3589 2651 453

280 2794 360 2864 (a)
398 2789 585 2864 Multa
604 2788 672 2842 de
688 2786 1089 2864 hoc_Attiliano
1116 2785 1265 2841 bello
1284 2788 1440 2864 ειμι-ά
1466 2786 1707 2864 Paulum
1731 2787 1861 2864 D_ia-
1892 2790 1947 2856 Α
1981 2790 2268 2845 mundum
2302 2792 2490 2864 aetatis
2512 2790 2919 2864 praerogativa
2933 2791 3083 2864 patri
3124 2807 3192 2846 ex
3226 2790 3504 2846 electione
3527 2794 3620 2864 ta-

208 2858 453 2920 conum.
483 2861 583 2915 lib.
606 2876 695 2914 xv.
719 2862 777 2913 et
795 2860 1171 2926 Jornandem,
1194 2875 1252 2912 n.
1275 2859 1366 2912 60.
1386 2859 1656 2913 Preterea
1679 2858 1737 2912 in
1756 2862 1862 2913 Ac-

216 2938 289 2991 tis
320 2933 654 2990 fusioribus
676 2931 864 2985 sancti
889 2930 1028 3000 Lupi
1056 2929 1652 3000 episc0piTricassini
1675 2930 1767 2985 die
1796 2930 1868 2984 29

205 3007 342 3079 julii
369 3006 433 3060 in
459 3020 645 3079 pauca
670 3002 933 3079 invenies
954 3005 1024 3056 de
1052 3000 1364 3079 provinciis
1387 3002 1459 3079 ab
1486 3002 1867 3079 Attilavasta-

208 3072 285 3134 tis
318 3079 399 3133 de
432 3072 681 3130 u'rbibus
708 3072 953 3143 direptis
985 3079 1088 3126 aut
1117 3073 1294 3126 etiam
1327 3072 1557 3127 excisis.
1584 3073 1719 3136 Quae
1742 3090 1867 3128 om-

208 3151 305 3205 nia
340 3148 626 3220 pleraque
655 3144 770 3220 alia
800 3143 1033 3220 collegit
1063 3144 1394 3199 Hadrianus
1422 3143 1704 3215 Valesius,
1723 3150 1865 3200 tom.

212 3224 233 3277 Ι
268 3216 496 3277 Rerum
528 3217 814 3273 Francia).
848 3216 948 3270 lib.
974 3232 1050 3269 ιν.

282 3304 1035 3380 (b)GregoriusTuronicus
1060 3307 1188 3380 Man
1200 3304 1387 3359 riacos
1409 3303 1702 3380 vocathos
1717 3320 1872 3380 cam-

216 3375 357 3452 pos;
382 3375 712 3452 Utrumque
747 3375 1360 3452 nomeuhabueruntL
1379 3380 1526 3431 teste
1553 3375 1867 3446 Jornande,

218 3447 271 3507 ἱι.
303 3455 367 3507 6.
399 3451 481 3505 De
510 3464 709 3504 eorum
743 3447 861 3502 situ
896 3447 1027 3502 vide
1060 3452 1260 3502 notam
1290 3447 1381 3501 67.

298 3541 375 3611 (c)
404 3541 468 3594 In
491 3536 974 3611 Chronicharpo
992 3535 1081 3611 ita
1103 3534 1317 3606 legitur
1349 3551 1362 3589 :
1398 3534 1532 3589 Cum
1569 3540 1726 3604 gente
1751 3538 1871 3611 ejus

213 3606 364 3667 ducis
394 3626 529 3681 gens
563 3610 707 3677 regis
743 3606 1023 3673 Theodori,
1056 3611 1165 3672 etc,
1202 3623 1233 3681 ι
1254 3612 1391 3681 puto
1423 3606 1868 3681 germanamle-

214 3678 475 3738 ctioném
498 3680 678 3735 fuisse
702 3696 715 3734 :
736 3681 879 3733 Cum
892 3689 1057 3746 gente
1081 3678 1236 3732 Aetii
1263 3678 1418 3733 ducis
1450 3688 1501 3733 et
1530 3681 1675 3746 regis
1700 3679 1868 3734 Theo-

212 3755 392 3821 doris,
427 3753 646 3824 quibus,
678 3755 789 3806 etc.
818 3775 833 3817 ;
866 3766 1001 3824 nam
1035 3748 1345 3824 conﬂigere
1374 3766 1498 3805 cum
1528 3753 1691 3820 gente
1720 3751 1871 3805 dici-

215 3844 369 3890 mus,
408 3821 522 3879 non
558 3828 752 3877 autem
786 3821 1100 3892 conﬂigere
1119 3823 1288 3889 genti.

282 3900 362 3968 (tt)
382 3896 582 3968 [datus
603 3893 825 3968 Gothos
839 3892 1237 3968 tantum_Aetii
1253 3892 1310 3946 in
1330 3892 1439 3947 hoc
1458 3892 1655 3968 praelio
1680 3893 1871 3968 socios

218 3964 796 4025 nu'merat.Sidonius
815 3964 1324 4035 insuperFrancos
1344 3980 1474 4018 cum
1492 3964 1671 4019 Attila
1690 3965 1870 4020 fuisse

213 4041 436 4096 diserte
454 4038 865 4107 tradit.ltaque
883 4036 1290 4103 improbabilia
1316 4042 1555 4090 narrant
1577 4037 1791 4107 Pagius
1815 4040 1873 4091 et

214 4111 306 4166 alii
332 4111 656 4180 scriptores
677 4107 847 4174 Galli,
871 4106 1329 4180 quiMeroveum
1370 4106 1724 4180 Francorum
1770 4124 1859 4162 re-

213 4199 339 4250 gem
372 4178 511 4237 cuin
544 4180 669 4235 suis
698 4180 863 4233 Aetio
895 4178 1233 4246 adhississe,
1279 4178 1627 4248 eosdemque
1660 4195 1859 4250 repor-

214 4249 345 4309 tatae
380 4254 457 4308 de
486 4251 669 4306 Attila
698 4249 947 4304 victoriae
990 4254 1211 4319 partem
1245 4265 1516 4319 magnam
1550 4249 1636 4305 vel
1685 4249 1863 4305 etiam

216 4327 579 4396 praecipuam
615 4320 795 4396 fuisse
818 4322 1066 4391 jactant.
1099 4319 1243 4374 Vide
1276 4327 1473 4375 notam
1505 4322 1595 4396 66.

281 4397 350 4467 (ε)
388 4391 465 4451 De
485 4393 819 4467 iTheodoris
852 4398 1061 4461 morte,
1112 4408 1286 4463 regno
1325 4398 1501 4464 atque
1532 4391 1690 4460 ﬁliis,
1724 4408 1864 4448 non-

214 4464 369 4523 nulla
404 4466 557 4521 dabo
593 4470 728 4520 nota
756 4464 842 4517 69'

280 4541 349 4607 (γ’)
372 4537 649 4594 Enormis
671 4535 832 4590 visus
855 4538 944 4589 est
967 4532 1267 4607 aliquibus
1288 4534 1613 4591 occisorum
1639 4534 1731 4607 hic
1754 4551 1859 4589 nu-

216 4604 436 4665 merus.
468 4609 636 4679 Apud
667 4610 962 4679 auctorem
997 4604 1266 4679 Miscellae
1297 4612 1354 4661 et
1402 4606 1765 4679 Jornandemi
1790 4608 1859 4679 ad

211 4696 274 4734 cc
306 4681 475 4737 milia
507 4677 622 4735 non
657 4677 943 4733 ascendit.
980 4678 1256 4733 Isodorus
1289 4678 1541 4732 Idatium
1563 4678 1857 4733 exscribit.

282 4770 360 4841 (g)
380 4768 571 4841 Isticd
585 4768 669 4823 ies
688 4765 1069 4841 corrigendos
1093 4770 1276 4832 est,ut
1294 4768 1730 4841 ad_annum_!i()2
1757 4768 1860 4821 do-

217 4837 328 4907 cui,
344 4837 414 4895 'et
436 4857 504 4895 ex
526 4840 759 4894 Petavio
787 4855 944 4909 prov
962 4837 1497 4907 Kal.reponendum
1521 4854 1574 4892 vr
1595 4837 1711 4893 Kal.
1735 4854 1863 4893 esse

218 4912 438 4966 monui.
478 4910 577 4965 llic
604 4908 799 4964 autem
821 4908 961 4964 solis
994 4909 1256 4963 defectus
1280 4926 1493 4963 novum
1526 4909 1864 4979 suppeditat

217 4983 383 5038 nobis
417 4986 856 5053 argumentum,
891 4979 1409 5053 quolibrariorum
1442 4979 1859 5053 negligentiam

212 5051 705 5109 demonstremus.
724 5051 1070 5107 Incredibile
1086 5051 1242 5105 enim
1263 5051 1630 5115 estIdatium,
1655 5052 1860 5119 quiac-

212 5125 587 5180 curatissime
611 5140 798 5179 annos
820 5122 1126 5193 eclipsium
1144 5123 1464 5188 adnotavit,
1481 5122 1631 5177 hanc
1652 5121 1859 5177 Valen-

210 5196 415 5250 tiniani
448 5212 602 5251 anno
619 5195 709 5263 28,
737 5194 951 5266 Christi
980 5194 1084 5249 452
1107 5194 1453 5263 subjecisse.
1483 5194 1685 5266 Itaque
1707 5210 1861 5249 anno

211 5267 278 5319 27
298 5267 718 5332 Valentiniani,
761 5265 975 5321 Christi
1010 5282 1146 5319 vero
1174 5266 1272 5319 451
1310 5283 1435 5321 eam
1468 5265 1855 5337 consignavit.

283 5356 359 5427 (h)
389 5356 630 5412 Vereror
658 5371 731 5427 ne
777 5352 1135 5427 praecedentis
1192 5357 1410 5411 Pascha
1459 5355 1681 5411 Idatius
1711 5357 1858 5411 scri-

221 5425 434 5497 pserit;
469 5445 605 5483 nam
638 5426 688 5480 si
720 5425 827 5481 hoc
849 5426 929 5499 ade
951 5432 1405 5499 consequentem
1430 5444 1651 5499 annum
1678 5428 1861 5499 perti—

1978 2876 2111 2915 men
2128 2862 2773 2933 successisse.Regnum
2790 2861 2873 2916 illi
2891 2862 3145 2917 delatum
3160 2864 3412 2918 estinter
3432 2862 3622 2918 fremi-

1973 2935 2070 2987 tus
2092 2932 2631 3005 exsultatiouesque
2655 2932 2931 3002 militum;
2954 2951 3087 2989 nam
3102 2935 3301 2989 eodem
3326 2935 3453 3005 ipso
3476 2939 3619 2989 tem-

1974 3020 2135 3074 pore,
2172 3009 2233 3058 ut
2266 3010 2466 3059 narrat
2495 3006 2845 3072 Jornandes,
2879 3022 2937 3059 n.
2996 3006 3050 3071 6,
3112 3005 3399 3061 Theodori
3440 3006 3618 3060 adhuc

1965 3075 2117 3144 justa
2137 3077 2411 3147 solventes,
2436 3075 2615 3139 Gothi,
2636 3078 2809 3130 armis
2844 3077 3247 3144 insonantibus,
3279 3078 3486 3147 regiam
3515 3078 3616 3133 de-

1971 3148 2224 3216 ferebant
2247 3146 3015 3213 Thurismundomaiestatem.
3039 3148 3143 3202 Hic
3166 3146 3430 3213 observa,
3452 3148 3609 3203 hunc

1975 3218 2073 3288 qui
2090 3218 2400 3273 Thorismo
2413 3224 2501 3273 est
2518 3218 3178 3285 ldatio,Thorismodum
3196 3219 3616 3289 Prosper,Tho-

1973 3289 3281 3353 rismundJornandes,IsodorusTburismund
3298 3288 3614 3360 appellant.

2044 3362 2107 3431 (7‘)
2134 3361 2445 3433 Nunquam
2475 3361 2623 3415 alias
2648 3360 2759 3414 nisi
2785 3360 3190 3414 numeralibus
3214 3366 3443 3414 tantum
3463 3361 3616 3416 notis

1974 3448 2160 3486 annos
2186 3433 2516 3504 principum
2539 3432 2811 3504 designat
2845 3431 3086 3504 Idatius.
3113 3431 3274 3486 Unde
3297 3447 3487 3504 neque
3512 3449 3616 3487 an-

1974 3520 2115 3557 num
2151 3505 2173 3557 1
2209 3502 2506 3571 Marci—ani,
2547 3502 2835 3573 expressis
2864 3502 2922 3556 id
2954 3518 3140 3573 genus
3186 3503 3404 3569 verbis,
3437 3504 3617 3559 adno-

1973 3580 2129 3630 tasse
2159 3576 2392 3630 videtur
2415 3593 2427 3630 :
2454 3574 2727 3645 alioquin,
2760 3573 2820 3628 in
2872 3579 3034 3628 tanta
3063 3574 3192 3629 luce
3223 3590 3414 3629 annus
3453 3574 3551 3629 ille
3582 3575 3605 3629 l

1972 3647 2219 3715 etl‘ugere
2252 3664 2365 3701 non
2399 3644 2687 3715 potuisset
2718 3644 3091 3700 librariorum
3125 3645 3349 3712 oculos,
3383 3650 3446 3700 ut
3475 3663 3615 3701 sane

1972 3718 2192 3789 effugit,
2216 3718 2692 3789 quandoquidem
2725 3716 3098 3789 designatum
3125 3734 3258 3772 eum
3288 3719 3346 3772 in
3371 3718 3612 3773 Chroni-

1972 3805 2037 3861 co
2071 3788 2181 3844 non
2218 3788 2563 3861 reperimus.
2590 3790 2737 3860 Ergo
2782 3788 2897 3844 ista
2932 3788 3241 3843 subdititia
3266 3795 3406 3844 sunt
3435 3794 3612 3860 atque

1972 3860 2081 3915 hoc
2107 3865 2165 3916 et
2189 3861 2687 3931 consequentibus
2719 3860 2890 3915 annis
2920 3861 3311 3931 expungenda
3332 3866 3494 3917 erant
3526 3877 3614 3915 re-

1971 3932 2181 4003 positis
2205 3931 2607 3987 numeralibus
2665 3933 2836 3986 notis.
2867 3933 2939 3985 At
2988 3938 3155 3987 notas
3194 3948 3299 4003 ego
3355 3932 3611 4003 reposui,

1974 4003 2075 4058 sed
2119 4004 2295 4059 verba
2341 4004 2517 4059 etiam
2570 4003 2812 4070 servavi,
2846 4018 2918 4057 ne
2947 4002 3211 4073 antiquis
3242 4002 3613 4058 Editionibus

1976 4074 2298 4145 quidquam
2332 4074 2719 4145 detraherent.

1891 4147 1937 4212 B
1994 4143 2009 4145 “
2040 4143 2201 4215 (k)Ex
2218 4147 2308 4201 his
2329 4144 2831 4217 apparet,bellum
2851 4143 3126 4217 hocanno
3150 4159 3281 4197 cum
3305 4143 3542 4217 Hunnis
3556 4148 3614 4197 et

1970 4214 2335 4300 inPannonia
2356 4214 2423 4272 ét'
2444 4216 2673 4272 inltalia
2690 4221 2922 4288 gestum
2941 4214 3122 4269 fuisse
3149 4214 3427 4285 auspiciis
3460 4219 3612 4269 Mar-

1970 4305 2424 4431 cu1(i])LImmanis
2482 4357 2713 4430 generis
2770 4355 3016 4431 humani
3066 4355 3253 4431 hostis
3282 4354 3461 4431 Attila
3493 4372 3608 4411 non

1966 4426 2095 4484 tam
2120 4431 2297 4486 armis
2318 4426 2572 4485 militum
2595 4445 2769 4499 quam
2802 4427 3019 4482 caelesti
3040 4428 3101 4499 rvi
3132 4426 3321 4482 victus
3360 4435 3416 4482 et
3442 4428 3614 4483 inter-

1970 4503 2157 4557 fectus
2188 4506 2300 4569 est,
2334 4507 2398 4557 ut
2427 4498 2647 4555 indicat
2669 4499 2911 4554 Idatius.
2944 4498 3088 4552 Vide
3112 4503 3309 4553 notam
3338 4500 3430 4554 70.

2036 4574 2135 4643 (m)
2168 4577 2371 4628 Comes
2402 4578 2525 4627 erat
2554 4576 2896 4628 Mansuetus
2931 4569 3608 4642 Hispaniarum,quabzs

1970 4645 2249 4700 Romanis
2282 4644 2580 4716 parebant.

2039 4716 2120 4788 (η)
2138 4717 2217 4771 De
2234 4712 2340 4772 hoc
2355 4717 2644 4771 Frontone
2658 4713 2871 4788 iterum
2889 4712 3615 4788 Idatiusann0456.Arver-

1967 4783 2080 4843 nus
2104 4783 2255 4855 erat,
2290 4788 2681 4857 laudaturque
2712 4802 2746 4840 a
2773 4783 3031 4857 Sidonio,
3056 4783 3157 4857 lib.
3183 4784 3425 4857 iv,epist
3451 4786 3541 4839 2t.

2040 4859 2109 4930 (0)
2132 4859 2280 4931 Tyro
2303 4860 2551 4931 Prosper
2572 4855 2680 4912 sub
2713 4856 3059 4931 consulibus
3090 4855 3456 4931 insequentis
3475 4855 3614 4911 anni

1967 4926 2163 4998 inquit
2183 4926 2204 4986 ἐ
2236 4931 2391 4999 Apud
2422 4926 2611 4985 Gothos
2644 4931 2797 4983 intra
2828 4926 3051 4982 Gallias
3078 4929 3430 4999 consistentes
3465 4931 3617 4982 inter

1965 5002 2113 5070 ﬁlios
2146 5001 2424 5058 Theodori
2452 5002 2595 5069 regis
2625 5016 2867 5070 quorum
2914 4998 3293 5054 Thorismodus
3332 5001 3614 5055 maximus

1964 5082 2100 5127 natu
2117 5074 2275 5143 patri
2300 5074 2655 5132 successerat,
2680 5076 2799 5126 orta
2819 5070 3085 5143 dissensio
3116 5079 3208 5143 est.
3245 5073 3317 5126 Et
3358 5087 3485 5143 cum,
3513 5087 3614 5125 rex

1967 5160 2032 5199 ea
2056 5140 2349 5199 moliritur
2377 5161 2494 5215 quae
2526 5148 2577 5199 et
2622 5144 2883 5215 Romana
2911 5140 3039 5212 paci
3068 5150 3118 5196 et
3144 5141 3388 5215 Gothica
3415 5142 3613 5215 adven-

1964 5224 2223 5270 sarentur
2251 5212 2447 5287 quieti,
2479 5234 2514 5271 α
2542 5214 2822 5287 germanis
2850 5216 2990 5280 suis,
3015 5213 3156 5287 quod
3172 5215 3356 5268 noxiis
3373 5212 3612 5285 disposi-

1968 5288 2209 5342 tionibus
2238 5285 2685 5343 irrevocabiliter
2716 5285 2973 5351 instaret,
3012 5286 3222 5339 occisus
3264 5289 3360 5340 est.
3393 5289 3611 5355 Grego-

1967 5358 2113 5425 rius,
2145 5359 2294 5413 Hist.
2330 5359 2533 5414 Franc.
2568 5358 2606 5412 l.
2640 5374 2704 5425 ιι,
2736 5374 2786 5412 c.
2818 5358 2873 5426 7,
2898 5356 3611 5413 narrat'l‘horismundum

1965 5430 2179 5485 Alanos
2204 5430 2352 5485 bello
2385 5431 2709 5486 domuisse.

212 5503 391 5574 necet,
420 5495 629 5574 utquid
662 5495 934 5574 praisenti
984 5495 1163 5574 anno'
1191 5497 1335 5574 illud
1380 5495 1724 5555 subdisset'?
1766 5505 1848 5554 De
1881 5509 1923 5574 (ζ
2034 5501 2113 5574 (ρ’)
2145 5502 2225 5557 De
2255 5519 2405 5557 anno
2435 5500 2648 5574 mortis
2684 5499 3489 5574 '_I‘_hori_sm_undi_agamnnqta
3514 5496 3605 5574 7t:

209 5566 478 5644 Eufrosio
506 5566 1017 5644 bonnelledicam
1048 5573 1185 5644 nqta
1211 5571 1303 5624 67-
1723 5642 1732 5644 _
1888 5566 1923 5574 “
2034 5566 2105 5644 (2;)
2139 5574 2179 5627 E
2201 5574 2434 5643 regione
2465 5574 2604 5629 anni
2626 5573 2658 5624 3
2686 5570 2966 5644 Marciani
2991 5566 3266 5624 exhibe-nt
3298 5568 3429 5623 libri
3462 5566 3605 5621 editi

279 5640 344 5713 (ἰ)
370 5640 719 5713 Theodores,
753 5640 835 5695 ait
864 5640 1219 5713 Jornandes,
1269 5649 1507 5713 quatuor
1535 5642 1672 5711 ﬁliis
1699 5642 1853 5698 domi
1962 5640 2184 5699 annum
2219 5640 2534 5700 Abrahami
2570 5643 2713 5697 2470
2754 5659 2766 5697 :
2816 5640 3123 5707 nimirum,
3159 5646 3327 5713 aucto
3360 5654 3604 5713 numero

206 5708 467 5794 dimissis,
502 5712 794 5794 Frederico
824 5718 877 5794 et
910 5708 1541 5794 Turicomﬂege'Eurico)
1566 5714 1853 5794 Boterneno
1961 5730 2250 5771 annorum
2283 5716 2617 5794 principum
2652 5714 2878 5794 supra§
2911 5712 3241 5767 Theodosius
3288 5712 3607 5794 imperator,

208 5787 256 5833 et
288 5783 595 5857 Himmerit,
627 5799 811 5857 secum
840 5786 1061 5857 tantum
1095 5781 1454 5857 Thorismund
1483 5788 1532 5839 et
1566 5784 1850 5857 Theodori-
1961 5781 2330 5857 consequens
2381 5781 2509 5855 fuif,
2543 5790 2607 5841 ut
2649 5781 2826 5857 citius
2859 5798 3039 5853 quam
3074 5800 3180 5855 par
3209 5786 3334 5838 erat
3365 5781 3437 5837 ad
3469 5797 3605 5838 eum

208 5866 326 5927 quin
348 5855 642 5927 pgrlicipes
676 5855 879 5911 laboris
917 5854 1263 5927 assumit,eid
1296 5860 1402 5927 est,
1436 5870 1637 5927 secum
1664 5856 1852 5927 eduxit
1959 5853 2281 5913 Abrahami
2307 5853 2527 5914 annum
2562 5853 2982 5927 perveniretur.

212 5920 271 5979 in
299 5924 519 5985 bellum
552 5920 782 5985 'contra
814 5926 1075 5985 Attilam.
1126 5925 1228 5984 His
1285 5920 1565 5985 docemur
1612 5926 1852 5984 Thoris-
2032 5929 2315 6001 (r)Divam
2332 5920 2869 5997 Pulcheriamjdiem
2889 5940 3065 5981 suum
3079 5924 3300 5982 abiisse
3325 5922 3431 5982 hoc
3450 5938 3605 5982 anno
