3984 6174
405 298 515 354 739
1245 298 1597 351 ADDENDA
1632 298 1732 351 AD
1770 293 2115 358 QUOSDAM
2155 290 2693 346 PRECEDENTES
2730 291 2985 346 TOMOS.
3676 294 3757 350 740

412 440 604 479 IMPER.

3496 434 3577 472 οι..
3640 436 3687 473 Δ.
3719 437 3760 476 (λ

482 531 567 568 nr.
766 512 919 565 106
949 508 1341 564 Theudoricus
1374 522 1506 564 cum
1535 509 1680 564 duce
1712 525 1816 564 suo
1849 504 2152 562 Sunierico
2182 502 2469 558 exercitus
2510 504 2602 558 sui
2633 501 2993 574 aliquantam
3018 504 3093 558 ad
3126 503 3391 559 Baeticam
3656 508 3736 562 459

698 598 900 671 dirigit
931 615 1193 653 manum.
1229 598 1444 669 Cyrilla
1475 602 1779 653 revocatur
1808 596 1880 651 ad
1913 593 2150 650 Gallias.
2184 593 2355 648 Suevi
2404 592 2791 647 nihilominus
2839 592 3150 648 Lusitaniae
3200 599 3394 666 partes

697 704 831 743 cum
867 686 1104 756 Maldra,
1140 686 1235 742 alii
1268 704 1401 742 cum
1435 685 1849 743 Remismondo
1881 685 1955 755 (τι)
1989 682 2316 739 Gallazciam
2350 682 2780 752 deprr'sdantur.

766 777 947 833 Erudi
980 777 1277 831 maritima
1306 780 1626 832 conventus
1659 774 1934 831 Lucensis
1965 772 2092 828 loca
2126 770 2412 826 nonnulla
2441 771 2850 827 crudelissime
2872 771 3177 841 invadunt,
3194 773 3265 827 ad
3286 777 3397 828 Baz-

695 869 870 923 ticam
901 867 1333 937 pertendentes.

766 956 1022 1012 Maldras
1068 971 1417 1026 germanum
1466 969 1642 1009 suum
1676 955 1913 1008 fratrem
1948 949 2244 1016 interficit,
2276 953 2334 1005 et
2366 948 2667 1005 Portucale
2694 950 2805 1022 (86)
2840 949 2914 1022 (b)
2947 961 3206 1006 castrum
3241 950 3393 1008 idem

697 1047 885 1102 hostis
915 1045 1157 1101 invadit.

767 1139 921 1191 Inter
949 1140 1163 1192 Suevos
1195 1140 1253 1191 et
1278 1133 1916 1205 Gallecos,interfectis
1946 1130 2266 1203 aliquantis
2296 1130 2558 1186 honestis
2592 1130 2989 1200 natu,malum
3015 1131 3229 1188 hostile
3262 1134 3399 1189 mis-

696 1234 879 1285 cetur.

764 1317 959 1390 Legati
981 1315 1736 1389 aNepotiano(c)magistro
1767 1314 2025 1370 militum
2057 1314 2206 1367 107
2239 1316 2296 1366 et
2326 1328 2359 1366 a
2389 1311 2691 1367 Sunierico
2719 1312 2932 1367 comite
2962 1312 3126 1368 missi
3160 1313 3400 1369 veniunt

692 1409 764 1463 ad
800 1408 1099 1477 Gallaecos,
1134 1406 1497 1471 nuntiantes,
1542 1405 1929 1474 Majorianum
1974 1408 2310 1474 Augustum
2338 1408 2392 1456 et
2417 1400 2849 1456 Theudoricum
2896 1418 3088 1471 regem
3141 1402 3398 1459 ﬁrmissa

692 1498 844 1553 inter
878 1515 939 1553 se
965 1497 1126 1569 pacis
1149 1498 1289 1566 jura
1320 1496 1608 1564 sanxisse,
1641 1494 1846 1550 Gothis
1878 1492 1937 1547 in
1971 1492 2224 1561 quodam
2257 1490 2576 1545 certamine
2605 1491 2684 1562 (ά)
2715 1491 3003 1561 superatis
3036 1492 3168 1563 (81).

475 1604 554 1644 IV.
766 1586 1041 1653 Maldras,
1076 1586 1136 1639 in
1170 1586 1283 1640 ﬁne
1312 1585 1425 1655 (88)
1458 1583 1759 1639 Februarii
1792 1585 1864 1653 (c)
1886 1581 2237 1653 jugulatus,
2269 1579 2481 1634 merito
2508 1580 2677 1649 periit
2703 1579 2966 1635 interitu.
3666 1582 3751 1634 460

762 1680 872 1732 Per
901 1676 1122 1730 Suevos
1152 1679 1308 1729 Luco
1339 1673 1671 1728 habitantes
1692 1672 1748 1725 in
1768 1671 1976 1726 diebus
2008 1668 2248 1724 Pascha:
2278 1669 2523 1723 Romani
2556 1668 2839 1737 aliquanti
2870 1685 3004 1723 cum
3038 1674 3259 1725 rectore
3287 1686 3397 1726 suo

690 1764 935 1819 honesto
967 1768 1108 1818 natu
1145 1750 1445 1832 repentino
1477 1761 1691 1829 (securi
1724 1761 1793 1815 de
1816 1758 2141 1815 reverentia
2170 1758 2423 1829 dierum)
2455 1758 2805 1813 occiduntur
2835 1760 3096 1813 incursu.

760 1854 955 1909 Mense
971 1851 1515 1922 Maio,Majorianus
1546 1849 1860 1921 Hispanias
1886 1848 2217 1919 ingreditur
2235 1848 2571 1917 imperator.
2588 1849 2712 1913 Quo
2729 1847 3246 1918 Carthaginensem
3268 1865 3396 1919 pro-

686 1943 939 1997 vinciam
976 1942 1379 2013 pertendente,
1410 1940 1748 2011 aliquantas
1778 1954 1979 2005 naves,
2014 1954 2163 2008 quas
2196 1936 2309 1991 sibi
2339 1937 2410 1991 ad
2442 1935 2761 1991 transitum
2795 1937 3074 1992 adversus
3095 1937 3393 1994 Vandalos

685 2032 1073 2103 przrparabat,
1101 2031 1171 2084 de
1200 2029 1394 2084 littore
1424 2026 1870 2100 Carthaginensi
1898 2028 1965 2098 (f)
1997 2025 2274 2082 commoti
2306 2024 2547 2081 Vandali
2583 2041 2685 2096 per
2711 2025 3039 2096 proditores
3069 2026 3391 2098 abripiunt.

687 2121 837 2175 I08
872 2119 1248 2189 Majorianus,
1276 2118 1358 2173 ita
1387 2135 1419 2172 a
1451 2134 1557 2172 sua
1586 2117 1957 2172 ordinatione
1988 2116 2331 2182 frustratus,
2364 2115 2434 2169 ad
2468 2112 2695 2169 Italiam
2728 2115 3058 2170 revertitur.

758 2209 896 2263 Pars
926 2208 1097 2262 Gothi
1129 2207 1439 2274 exercitus,
1475 2224 1508 2261 a
1537 2204 1835 2260 Sunierico
1867 2211 1922 2259 et
1951 2203 2271 2276 Nepotiane
2300 2204 2615 2259 comitibus
2662 2204 2731 2258 ad
2781 2204 3111 2260 Gallaeciam
3146 2205 3389 2276 directa,
3466 2207 3565 2262 3i0

688 2297 907 2352 Suevos
938 2297 1091 2368 apud
1129 2301 1346 2350 Lucum
1378 2295 1790 2365 depraedantur
1817 2297 1890 2364 (g)
1918 2311 1931 2361 ;
1968 2310 2092 2363 quae
2124 2292 2397 2357 Dictinio,
2428 2292 2706 2363 Spinione
2737 2296 2795 2347 et
2828 2294 3073 2349 Ascanio
3114 2295 3396 2350 delatori-

688 2386 817 2454 bus,
853 2385 1386 2456 spargentibusque
1416 2383 1486 2438 ad
1521 2388 1796 2437 terrorem
1827 2384 2076 2453 propriae
2102 2397 2321 2437 venena
2352 2381 2607 2452 perfidia:
2637 2382 2739 2452 (ἡ),
2771 2381 3026 2438 indicata
3053 2384 3114 2454 (ἰ)
3152 2385 3400 2440 recurrit

686 2474 755 2529 ad
796 2490 958 2529 suos.
991 2477 1070 2528 Ac
1101 2490 1235 2527 mox
1265 2473 1473 2527 iisdem
1507 2471 1867 2527 delatoribus
1900 2471 2114 2542 quibus
2147 2488 2346 2543 supra,
2379 2472 2742 2542 Frumarius,
2774 2487 2907 2526 cum
2959 2489 3133 2527 manu
3178 2476 3397 2527 Suevo-

686 2580 814 2617 rum
865 2579 1039 2632 quam
1088 2562 1340 2617 habebat
1384 2560 1699 2631 impulsus,
1732 2566 1902 2631 capto
1944 2560 2128 2615 Idatio
2159 2559 2429 2631 episcopo
2460 2577 2540 2614 vn
2571 2561 2699 2614 Kal.
2731 2561 2981 2631 Augusti
3014 2562 3074 2616 in
3105 2561 3399 2633 Aquaaﬂa-

681 2652 868 2707 viensi
899 2653 964 2723 (j)
998 2650 1262 2717 ecclesia,
1296 2650 1565 2705 eumdem
1597 2654 1943 2704 conventum
1977 2649 2184 2721 grandi
2219 2649 2424 2704 evertit
2453 2650 2699 2704 excidio.

758 2741 1217 2797 Remismundus
1246 2739 1439 2795 vicina
1469 2738 1689 2811 pariter
1702 2739 2125 2810 Auregensium
2143 2738 2219 2810 (lc)
2241 2739 2365 2794 loca
2381 2743 2437 2794 et
2456 2738 2726 2794 Lucensis
2748 2744 3070 2796 conventus
3095 2739 3395 2796 maritima

685 2829 1022 2901 populatur.

760 2919 917 2973 Inter
946 2918 1317 2973 Frumarium
1345 2922 1402 2973 et
1430 2918 1917 2973 Remismundum
1944 2918 2133 2972 oritur
2161 2918 2232 2972 de
2263 2916 2424 2989 regni
2458 2920 2746 2988 potestate
2769 2918 3081 2976 dissensio.

757 3008 910 3063 109
939 3009 1316 3064 Gallaecorum
1350 3012 1407 3062 et
1435 3011 1754 3063 Suevorum
1789 3006 1949 3079 pacis
1982 3007 2249 3079 quaedam
2285 3007 2493 3062 umbra
2523 3007 2871 3064 conseritur.

756 3098 799 3151 A
831 3097 1195 3153 Theudorico
1226 3095 1399 3168 legati
1431 3096 1502 3152 ad
1531 3099 1746 3151 Suevos
1777 3095 2019 3151 veniunt
2050 3102 2105 3151 et
2132 3099 2519 3151 revertuntur.

469 3285 622 3356 (a)In
659 3284 912 3360 Historia
934 3290 1255 3360 Suevorum
1281 3283 1399 3360 divi
1425 3283 2046 3360 Isidori_Recchimun-
2084 3290 2132 3353 Α
2168 3282 2504 3360 e_Vandalis
2538 3300 2715 3360 naves
2735 3284 2918 3360 fuisse
2935 3284 3288 3360 aitvldatius.
3310 3289 3492 3360 Atqui
3516 3287 3781 3344 littuslon-

400 3357 537 3411 dum
562 3362 619 3412 et
640 3358 1135 3412 Remismundum
1169 3356 1517 3427 reperimus.
1546 3357 1656 3410 Sed
1689 3372 1825 3409 cum
1861 3372 2051 3425 neque

395 3429 456 3482 in
484 3429 761 3483 omnibus
792 3429 952 3483 illius
985 3429 1253 3483 Historias
1295 3427 1741 3497 exemplaribus,
1775 3444 1963 3497 neque
1994 3428 2054 3481 in

396 3500 1020 3555 IdatioRecchimundi
1040 3516 1251 3554 nomen
1277 3516 1535 3568 unquam
1555 3499 2055 3567 legatur,unicum

396 3576 629 3625 tantum
654 3587 903 3640 eumque
928 3571 1335 3626 Remismundi
1361 3570 1597 3623 nomine
1618 3575 1937 3623 Suevorum
1966 3587 2055 3624 re-

398 3658 530 3713 gem
557 3641 739 3696 fuisse
762 3642 867 3697 hoc
891 3648 1151 3713 tempore
1175 3648 1335 3712 puto.
1364 3642 1427 3713 In
1451 3641 1750 3713 aliquibus
1774 3647 2056 3713 praeterea

397 3712 650 3767 Gothicm
670 3712 1206 3782 Historiaeejusdem
1226 3712 1432 3768 lsidori
1451 3712 1816 3766 Editionibus
1835 3712 2055 3766 Remis-

398 3785 659 3838 mundus
692 3784 906 3839 dicitur
929 3786 1161 3840 Maltlrw
1193 3786 1383 3855 ﬁlius;
1416 3789 1476 3838 at
1506 3784 1561 3837 in
1596 3783 1902 3838 Labbeana
1934 3785 2053 3840 haec

394 3856 572 3910 verba
598 3856 835 3921 desunt,
868 3864 920 3911 et
954 3858 1175 3911 ldatius
1205 3857 1571 3911 diversarum
1609 3855 1858 3924 partium
1888 3872 2053 3925 reges

393 3926 679 3981 Maldram
712 3931 768 3982 et
798 3928 1289 3983 Remismundum
1321 3927 1475 3981 facit.
1511 3928 1644 3980 ldeo
1677 3925 1871 3980 verius
1902 3930 2052 3982 exis-

390 3999 533 4054 timo
568 4000 1063 4055 Remismundum
1098 4017 1213 4055 non
1250 3999 1434 4053 fuisse
1463 3997 1698 4051 Maldraa
1732 3997 1942 4053 tilium.

463 4071 536 4143 (ὁ)
558 4072 735 4127 Penes
757 4071 1036 4127 Gallaacos
1066 4073 1171 4127 hoc
1201 4075 1460 4125 castrum
1491 4085 1558 4124 eo
1585 4074 1847 4141 tempore
1868 4070 2052 4125 fuisse

391 4143 682 4198 existimo.
717 4144 847 4198 Not.
880 4145 967 4198 86.

464 4216 535 4284 (ε)
567 4215 732 4269 Nunc
764 4215 1019 4287 primum
1053 4215 1205 4286 apud
1241 4213 1470 4287 Gothos
1490 4212 1734 4267 comites
1757 4214 2051 4287 etmagis-

394 4288 516 4339 tros
566 4284 823 4341 militum
875 4287 1025 4358 lego.
1058 4284 1135 4341 A'n
1170 4287 1365 4357 reipsa
1399 4285 1545 4358 tales
1574 4288 1743 4358 erant
1772 4284 2047 4358 Nepotia-

391 4372 505 4410 nus
530 4362 588 4411 et
604 4354 986 4412 Suniericus'?
1015 4376 1083 4412 an
1114 4354 1333 4411 Idatius
1355 4374 1386 4410 a
1409 4356 1688 4410 Romanis
1713 4355 1820 4409 hos
1844 4354 2048 4411 titulos

393 4428 449 4481 in
480 4444 578 4482 eos
609 4430 963 4483 transtulit?
991 4430 1139 4483 Sane
1168 4426 1538 4482 Suniericum
1572 4428 1830 4482 Gothum
1865 4427 2048 4482 fuisse

392 4514 508 4552 non
542 4499 763 4553 dubito.
804 4500 871 4553 Et
916 4500 1049 4553 licet
1099 4499 1420 4567 Nepotiano
1472 4514 1683 4552 nomen
1734 4499 2045 4554 Gothicum

391 4586 507 4623 non
555 4571 652 4637 sit,
686 4571 796 4625 sub
846 4569 1213 4625 Theudorico
1265 4569 1551 4623 militasse
1603 4575 1852 4623 testatur
1896 4571 2047 4626 intra

392 4640 618 4722 ldatius
644 4660 658 4709 ;
693 4647 948 4724 attamen
971 4641 1288 4724 adhaesisse
1311 4638 1515 4722 Gothis
1536 4640 1723 4710 potuit
1742 4646 1872 4764 Eost
1891 4643 2040 4724 Aviti
2074 4655 2121 4715 Β

392 4716 713 4764 interitum.
749 4718 902 4764 sicut
933 4718 1105 4764 etiam
1139 4718 1498 4764 Sunierlcus.
1533 4716 1710 4764 atoue
1788 4729 1836 4764 lc
1867 4729 2045 4764 comi-

390 4711 713 4779 interitum,
749 4714 902 4768 sicut
933 4713 1105 4768 etiam
1139 4712 1498 4773 Suniericus,
1533 4716 1710 4782 atque
1742 4711 1836 4766 hic
1867 4715 2045 4767 comi-

388 4783 541 4849 tivaa,
574 4783 669 4856 ille
701 4786 1048 4856 magisteria:
1082 4783 1388 4851 honorem,
1420 4797 1595 4854 quem
1641 4784 1792 4856 apud
1828 4787 2040 4840 Roma-

388 4870 496 4927 nos
527 4855 720 4926 adepti
755 4854 941 4923 erant,
976 4857 1128 4910 inter
1154 4856 1364 4911 Gothos
1415 4854 2038 4927 retinuere.rOstrogo-

389 4925 939 4999 thusTheodoricus
972 4928 1313 4999 hujusmodi
1349 4926 1834 4999 honorisggradus
1867 4925 2039 4997 paulo

388 5003 521 5072 post
550 4998 610 5052 in
646 4997 1108 5072 ltalicumsuum
1142 5015 1389 5072 regnum
1420 4997 1676 5072 invexit;
1712 5000 1862 5069 apud
1890 4999 2040 5054 Visi-

388 5069 743 5142 gothosnon
776 5071 891 5126 nisi
922 5071 1093 5142 longe
1124 5069 1314 5127 serius
1344 5070 1700 5142 invenimus.

458 5141 534 5213 (ά)
568 5140 812 5196 Ubinam
847 5140 1076 5213 gestum
1110 5143 1184 5198 sit
1215 5144 1323 5198 hoc
1352 5141 1593 5203 bellum,
1627 5142 1684 5196 in
1722 5158 1834 5211 quo
1868 5142 2041 5198 Gothi

387 5229 421 5265 a
464 5212 744 5284 Romanis
792 5212 928 5269 vieti
974 5220 1134 5279 sunt,
1193 5231 1305 5267 non
1352 5214 1626 5284 exprimit
1677 5214 1918 5269 Idatius.
1974 5215 2038 5269 1n

383 5283 579 5357 Gallia
625 5291 949 5357 pugnatum
986 5287 1141 5341 inter
1171 5283 1454 5355 utrosque
1483 5284 1668 5339 fuisse
1700 5301 1768 5338 ex
1800 5286 2039 5341 Sidonio

387 5354 874 5426 colligiturfNot.
906 5358 997 5409 87.

457 5426 525 5498 (ε)
553 5429 629 5482 Ex
664 5433 922 5500 tempore
964 5444 1078 5499 quo
1126 5426 1428 5500 Maldram_
1462 5441 1740 5500 regnasse
1762 5499 1766 5500 ί
1790 5432 2038 5500 constat,

384 5497 569 5569 liquet
602 5497 851 5555 ldatiulm
888 5497 1000 5554 ista
1022 5500 1089 5554 ad
1116 5515 1336 5552 annum
1367 5497 1683 5569 Abrahami
1708 5499 1851 5551 2476
1881 5504 2037 5553 retu-

385 5568 545 5638 lisse,
579 5571 679 5639 qui
726 5588 859 5627 cum
912 5589 1064 5628 anno
1115 5588 1238 5625 terte
1273 5568 1530 5641 vulgaris
1577 5571 1680 5623 460
1725 5573 2036 5625 concurrit.

386 5642 523 5787 Mi?)
550 5644 857 5785 gglittore,
882 5734 996 5774 non
1021 5717 1090 5773 de
1115 5719 1283 5789 portu
1302 5712 1739 5786 Carthaginensi
1766 5715 2039 5787 abreptas

2167 3356 2300 3425 gius
2331 3371 2393 3409 se
2425 3356 2703 3421 extendit,
2728 3357 2797 3410 ad
2824 3373 2986 3411 oram
3011 3358 3235 3413 scilicet
3262 3356 3615 3416 maritimam
3635 3360 3781 3414 totius

2163 3425 2489 3552 provinciae.
2527 3427 2917 3491 Quamobrem
2953 3445 3153 3484 verum
3183 3447 3311 3486 esse
3341 3433 3612 3487 existimo
3654 3430 3781 3503 quod

2194 3498 2384 3552 iarius
2404 3498 2809 3552 Aventicensis
2832 3501 3095 3552 pressius
3118 3502 3345 3552 scribit-
3373 3504 3513 3552 dum
3535 3504 3614 3552 ait
3636 3516 3781 3552 nrooe

2194 3498 2809 3573 jlariusAventicensis
2831 3501 3095 3573 pressius
3118 3502 3345 3569 scribit,
3373 3504 3514 3559 dum
3535 3504 3614 3558 ait
3635 3498 3781 3573 prope

2163 3570 2359 3646 llicem
2393 3569 2508 3623 ista
2538 3570 2877 3646 contigisse.
2913 3572 3098 3646 Porro;
3120 3573 3179 3627 in
3213 3573 3313 3646 illa
3340 3592 3443 3629 ora
3478 3569 3781 3646 promonto-

2161 3641 2455 3718 rium_est,
2489 3642 2659 3718 cujus
2690 3640 2916 3718 nullam
2950 3644 3102 3712 apud
3141 3645 3421 3715 antiquos
3452 3640 3781 3718 geographos

2162 3712 2519 3767 mentionem
2557 3712 2825 3781 invenio;
2859 3730 3017 3769 nunc
3047 3720 3243 3771 autem
3278 3712 3637 3773 nostratib'us
3662 3712 3780 3769 Dabo

2158 3783 2223 3838 de
2272 3784 2444 3860 San_ta
2477 3785 2606 3837 Pota
2639 3784 2879 3860 dicitur,
2910 3787 3322 3860 duplicemque
3359 3791 3574 3860 praebet
3600 3788 3778 3843 statio-

2160 3872 2315 3921 nem,
2343 3854 2587 3909 alteram
2620 3856 2689 3909 ad
2724 3861 2941 3915 ortum.
2969 3854 3067 3913 ubi
3099 3854 3299 3923 Alona,
3334 3854 3578 3916 alteram
3610 3860 3670 3915 ad
3699 3873 3777 3910 oc-

2158 3927 2489 3989 casum,ubi
2513 3931 2772 4003 castrum
2794 3933 2889 4003 est
2911 3934 2967 3983 et
2988 3930 3217 4003 viculus
3234 3931 3413 4003 vulgo
3427 3934 3775 4000 Lugarnuevo.

2160 3998 2647 4076 utrumquesatis
2681 3998 2926 4076 navibus
2973 4002 3149 4055 ﬁdam
3178 3998 3371 4076 atque
3396 3998 3773 4076 opportunam.

2227 4070 2302 4139 (g)
2333 4069 2393 4122 in
2426 4068 2694 4123 Editione
2726 4069 2965 4134 Veneta,
2985 4090 3137 4127 anno
3163 4068 3327 4140 4728,
3351 4068 3577 4129 haec-ita
3605 4076 3656 4127 in
3686 4071 3773 4125 Ms.

2159 4140 2409 4217 reperiri
2434 4141 2751 4195 adnotatur
2775 4157 2788 4195 :
2813 4142 3011 4217 Suevos
3040 4145 3185 4215 apud
3215 4147 3429 4202 Lucum
3457 4146 3776 4217 depraedatan

2156 4213 2490 4279 habitantes,
2518 4218 2659 4288 etc”
2692 4228 2869 4288 quam
2899 4210 3215 4288 lectionem
3261 4210 3601 4288 germanam
3635 4210 3774 4270 Idatii

2156 4299 2287 4407 gsse
2316 4289 2471 4407 pugn.
2518 4284 2776 4338 Habetur
2804 4285 2863 4339 id
2896 4284 2954 4339 in
2989 4284 3353 4359 praefatione,
3387 4297 3528 4345 tom.
3564 4291 3607 4343 ll
3634 4292 3773 4356 Oper.

2197 4372 2382 4407 1rmon
2431 4371 2467 4407 ι.

2154 4355 2467 4409 Sirmondi.

2228 4427 2585 4501 (h)_Apparet
2618 4426 2959 4501 Dictinium,
3003 4429 3345 4501 Spinionem
3398 4438 3455 4487 et
3502 4429 3773 4486 Ascanium

2156 4497 2427 4571 homines
2476 4497 2669 4571 fuisse
2715 4500 2988 4569 perfidos,
3022 4497 3123 4571 qui
3177 4519 3338 4556 nunc
3386 4508 3615 4565 Suevos,
3644 4511 3773 4553 nunc

2158 4569 2435 4624 Gallarcos
2470 4569 2873 4638 prodiderunt,
2901 4569 3290 4639 illos’Gotbis,
3324 4575 3432 4629 bos
3462 4574 3672 4629 Suevis.

2222 4642 2287 4707 (ἱ)
2321 4641 2670 4709 Suspectum
2706 4642 2850 4696 mihi
2883 4652 2969 4697 est
2998 4648 3239 4699 verbum
3281 4645 3451 4702 illud.
3484 4651 3547 4700 In
3576 4642 3769 4699 Sando-

2154 4712 2288 4790 valii
2318 4710 2885 4790 I‘datiolacunahoc
2907 4714 3032 4790 loco
3060 4717 3336 4790 cernitur.
3628 4786 3644 4790 _
3736 4779 3745 4790 ,

2223 4785 2287 4853 ὕ)
2321 4784 2480 4847 Quod
2515 4782 2573 4835 in
2607 4784 3018 4852 Aqniﬂaviensi
3049 4788 3295 4842 ecclesia
3324 4788 3593 4844 inventus
3623 4782 3769 4839 fuerit

2151 4855 2374 4909 Idatius
2390 4872 2428 4930 _a
2448 4854 2750 4930 Frumario
2774 4864 2830 4930 e_t
2852 4857 2921 4930 ad
2945 4860 3208 4913 eamdem
3243 4868 3372 4930 post
3393 4861 3621 4915 tertium
3640 4869 3767 4930 mgn-

2151 4943 2275 5002 sem
2309 4925 2564 5002 redierit,
2598 4924 2758 4981 illius
2790 4927 3060 4984 Ecclesia:
3091 4924 3431 5002 episcbpum
3470 4930 3637 4985 fuisse
3657 4924 3765 4981 atla-

2148 4998 2253 5051 tim
2292 4996 2566 5053 declarat.

2223 5068 2299 5140 (k)
2329 5076 2414 5123 An
2448 5085 2597 5140 quos
2626 5067 2721 5140 hic
2751 5070 3119 5140 Auregenses
3149 5079 3315 5129 vocat
3348 5074 3563 5129 ldatius
3608 5069 3755 5124 iidem

2151 5140 2236 5214 illi
2268 5146 2407 5194 sunt
2454 5139 2555 5214 qui
2603 5139 2663 5194 in
2713 5139 3359 5214 lapide'Aquiﬂaviensi
3410 5142 3761 5214 Aobrigeuses.

2151 5212 2479 5266 dicuntur?
2511 5211 2663 5266 Sane
2695 5211 2907 5268 nomen
2941 5211 3055 5269 non
3091 5216 3338 5272 multum
3377 5211 3613 5271 abludit.
3644 5211 3760 5265 Etsi

2151 5283 2574 5359 Auregensium
2606 5282 2840 5359 “civitas
2899 5289 3101 5342 eadem
3162 5295 3252 5343 est
3300 5304 3363 5343 ac
3415 5303 3585 5359 quam
3628 5291 3757 5336 nunc

2152 5353 2352 5410 Orense
2382 5353 2550 5421 vulgo
2590 5354 2865 5423 dicimus,
2898 5362 2954 5411 et
2986 5359 3055 5411 ad
3089 5353 3447 5415 conventum.
3472 5360 3753 5413 Lucensem

2151 5427 2356 5502 procul
2385 5426 2561 5502 dubio
2597 5428 2896 5502 pertinuit,
2921 5433 2976 5483 et
2998 5431 3160 5500 ponti
3192 5427 3754 5502 Aquiﬂaviensicons:

2150 5488 2435 5571 fruendo,
2456 5497 2528 5550 ob
2557 5488 2941 5571 vicinitatem,
2976 5488 3145 5570 dpem
3205 5488 3351 5557 ferre
3398 5508 3454 5556 et
3502 5495 3673 5571 potuit
3710 5488 3754 5543 εί

2152 5570 2372 5643 debuit.
2406 5568 2662 5643 Joannes
2696 5568 3045 5627 Biclarensis
3072 5591 3224 5629 anno
3258 5577 3291 5627 7
3323 5568 3620 5643 Leovigildi
3650 5578 3752 5620 nie-

2152 5641 2323 5695 minit
2353 5642 2523 5694 etiam
2557 5646 2783 5697 montes
2814 5645 3157 5715 Aregenses.
