3984 6174
189 292 271 348 741
1311 287 1537 341 IDATII
1575 287 1896 343 EPISCOPI
1934 288 2371 345 CHRONICON.

210 431 381 474 ῙΜΡΒΒ.

3438 294 3546 349 742

3192 435 3277 475 οι.
3353 440 3410 476 Α.
3451 438 3504 476 C.

486 480 824 538 Suniericus
854 479 1146 536 Scalabim
1178 480 1280 553 (a),
1314 481 1408 537 cui
1436 482 1877 552 adversabatur,
1908 485 2135 541 obtinet
2167 486 2482 542 civitatem.

488 573 727 642 Idatins,
757 571 858 643 qui
890 587 1090 642 supra,
1122 572 1313 626 tribus
1346 572 1654 628 mensibus
1692 574 2047 646 captivitatis
2078 576 2353 647 impletis,
2415 592 2617 631 mense
2647 576 2954 631 Novembri
3012 579 3115 649 (ὁ),

422 662 749 719 miserantis
780 662 879 716 Dei
900 662 1106 732 gratia,
1140 666 1343 717 contra
1374 668 1571 720 votum
1602 669 1659 719 et
1687 664 2119 720 ordinationem
2148 667 2622 738 supradictcrum
2656 666 2982 722 delatorum
3020 669 3115 739 (ε),

424 753 569 808 redit
600 751 671 806 ad
706 751 932 806 Flavias
963 750 1063 821 (ά).

493 841 571 896 De
601 856 737 912 rege
763 840 1129 895 Tbeudorico
1160 840 1336 913 legati
1369 842 1561 914 gentis
1591 845 1825 914 perﬁdae
1848 844 1919 916 (e)
1947 849 2338 900 revertuntur.

496 930 826 985 Gaisericus
860 946 959 984 rex
987 946 1020 985 a
1048 930 1368 1001 Majoriano
1399 933 1748 1003 imperatore
1782 950 1882 1004 per
1912 933 2134 1004 legatos
2168 934 2425 1005 postulat
2454 951 2656 1006 pacem
2690 935 2778 1007 (ί).

213 1041 256 1080 v.
501 1020 655 1074 110
688 1020 757 1090 (g)
794 1019 1177 1088 Majorianum
1213 1021 1283 1075 de
1313 1020 1516 1077 Galliis
1546 1026 1793 1077 Romam
1823 1024 2166 1079 redeuntem
2198 1029 2255 1079 et
2290 1029 2554 1080 Romano
2605 1025 2851 1097 imperio
2894 1026 2981 1081 vel
3018 1043 3121 1081 no-

3410 1029 3512 1083 461

430 1107 564 1165 mini
590 1124 683 1163 res
724 1108 1084 1163 necessarias
1114 1109 1483 1165 ordinantem
1518 1111 1844 1181 Rechimer,
1878 1112 2058 1168 livore
2089 1112 2348 1183 percitus
2379 1117 2435 1167 et
2481 1113 2813 1169 invidorum
2877 1114 3123 1170 consilio

435 1198 634 1264 fultus,
668 1197 873 1252 fraude
904 1198 1185 1253 interficit
1214 1200 1673 1255 circumventum
1702 1202 1805 1272 (ἡ).

492 1288 887 1343 Romanorum
919 1287 1056 1345 XLV
1114 1289 1360 1345 Severus
1389 1307 1419 1343 a
1454 1296 1660 1345 senatu
1697 1291 1887 1345 Romae
1920 1295 2224 1363 Augustus
2256 1292 2585 1364 appellatur
2612 1293 2677 1365 (ἰ)
2711 1310 2862 1349 anno
2893 1292 3127 1366 imperii

435 1377 639 1432 Leonis
671 1376 897 1448 quinto.

208 1484 270 1521 VL
308 1484 344 1523 L

433 1555 639 1627 accipit
669 1572 1061 1611 succesorem.

513 1466 577 1537 (j)
607 1465 943 1522 Suniericus
977 1466 1127 1522 redit
1182 1467 1253 1522 ad
1314 1466 1553 1523 Gallias.
1605 1469 1986 1540 Nepotianus,
2018 1470 2381 1527 Theudorico
2431 1471 2760 1541 ordinante,
2806 1472 3119 1527 Arborium

3414 1475 3519 1529 462

505 1644 571 1698 In
606 1643 900 1716 provincia
934 1644 1215 1700 Gallazciaa
1250 1645 1653 1718 prodigiorum
1698 1647 1973 1703 videntur
2018 1648 2189 1719 signa
2231 1649 2483 1705 diversa.
2542 1651 2672 1704 {Era
2706 1652 2769 1720 Ι),
2820 1650 2888 1705 VI
2938 1650 3132 1707 Nonas

444 1734 700 1800 Martias,
723 1735 763 1787 Ι
782 1736 870 1788 ll
902 1734 1196 1804 pullorum
1220 1740 1392 1791 cantu
1416 1736 1487 1790 ab
1514 1751 1725 1792 occasu
1758 1736 2069 1805 solis,luna
2090 1739 2149 1792 in
2171 1738 2517 1809 sanguinem
2540 1738 2725 1810 'plona
2754 1740 3132 1794 convertitur.

435 1823 595 1878 Idem
626 1822 751 1878 dies
781 1828 946 1877 sexta
980 1823 1123 1878 feria
1153 1823 1264 1878 fuit
1293 1824 1405 1895 (89)
1433 1824 1532 1896 (lc).

539 1912 826 1968 Antocbia
856 1913 1045 1983 major
1069 1914 1304 1968 Isauriae
1331 1914 1443 1984 (97)
1468 1914 1532 1986 (ι)
1562 1912 1905 1970 inobediens
1938 1915 2179 1971 monitis
2211 1915 2568 1971 salutaribus
2599 1916 2720 1987 (τη),
2751 1920 2907 1970 terra
2944 1916 3135 1970 dehis-

437 2006 601 2058 cente
633 2001 991 2073 demergitur
1019 2002 1122 2075 (η).

1181 2006 1411 2058 tantum
1447 2003 1635 2074 ipsius
1665 2004 1920 2059 civitatis
1952 2004 2293 2075 aliquantis,
2350 2005 2451 2075 qui
2506 2022 2593 2073 ea,
2650 2005 3034 2060 obaudientes
3065 2005 3132 2059 ti-

436 2090 578 2146 mori
610 2090 866 2157 Domini,
893 2094 1034 2145 sunt
1062 2092 1270 2158 secuti,
1304 2093 1373 2147 de
1406 2092 1644 2147 interitu
1702 2091 1968 2149 liberatis
2009 2094 2259 2149 turrium
2308 2095 2483 2149 etiam
2532 2093 2675 2148 solis
2725 2094 3132 2149 cacuminibus

432 2181 799 2236 exstantibus
858 2196 1037 2251 super
1064 2184 1307 2236 terram.

504 2269 841 2326 Gaisericus
884 2270 1281 2327 Valentiniani
1325 2270 1587 2326 relictam
1631 2270 2198 2343 Constantinopolim
2247 2270 2495 2327 remittit
2525 2272 2637 2343 (9t)
2671 2272 2765 2343 (0).
2804 2270 2954 2326 Filia:
2988 2287 3126 2341 sum,
3169 2288 3254 2328 III.

434 2376 548 2414 una
579 2359 829 2415 Gentoni
860 2359 962 2431 (p),
994 2360 1274 2416 Gaiserici
1307 2360 1426 2415 filio
1457 2361 1592 2432 (9:2),
1625 2360 1739 2416 alia
1768 2360 2030 2432 Olybrio,
2062 2362 2315 2417 senatori
2349 2361 2507 2416 urbis
2542 2361 2908 2431 Romaa,jure
2932 2362 3139 2416 matri-

432 2448 614 2504 monii
646 2448 1020 2520 copulantur.

499 2535 863 2609 Agrippinus
894 2538 1003 2606 (93)
1037 2537 1112 2609 (q)
1143 2537 1344 2594 Gallus
1375 2542 1431 2593 et
1469 2554 1665 2593 comes
1694 2542 1752 2593 et
1782 2538 1921 2594 civis
1950 2539 2173 2610 lEgidio
2206 2538 2428 2605 comiti,
2477 2538 2601 2594 viro
2650 2538 2891 2611 insigni,
2944 2538 3132 2595 inimi-

430 2641 552 2695 cus,
590 2628 659 2680 ut
686 2625 1007 2681 Gothorum
1042 2632 1365 2682 mereretur
1384 2626 1626 2697 auxilia,
1658 2628 1988 2684 Narbonem
2014 2628 2261 2683 tradidit
2286 2627 2668 2683 Theudorico.

212 2728 388 2768 VH.1L

495 2714 565 2786 (r)
591 2715 891 2771 Adversus
910 2715 1490 2785 [Egidiumlcomitem
1514 2720 1822 2790 utriusque
1841 2719 1993 2774 M2
2009 2716 2232 2773 militia:
2253 2718 2540 2785 virum,ut
2564 2717 2719 2772 lama
2734 2720 3127 2787 commendat,

3418 2723 3523 2777 463

242 2818 590 2900 (a)_Scalabis
625 2825 948 2900 notawnunc
972 2826 1062 2877 est
1082 2824 1402 2900 Lusitaniae
1431 2826 1657 2900 civitas
1690 2827 1801 2900 sub
1831 2831 1886 2895 Α
1912 2833 2135 2895 perator
2162 2841 2263 2900 xui
2295 2825 2412 2879 Kal.
2444 2824 2930 2900 pecenjtb._Eidem
2955 2825 3094 2881 huic
3127 2843 3283 2900 anno
3307 2827 3566 2900 alligant

187 2892 389 2970 nomine
416 2892 729 2970 Saptarem.
754 2893 1063 2950 Ptolemaeo
1089 2895 1346 2970 colonia,
1382 2897 1570 2953 Plinio
1606 2898 1801 2953 muni-

187 2962 371 3031 cipium
402 2964 617 3021 civium
652 2970 1047 3021 Romanorum
1081 2967 1207 3021 fuit.

1914 2898 2409 2970 nuncupationem
2440 2896 2634 2970 Severi
2666 2895 3037 2970 Marcellinus
3068 2902 3123 2953 ct
3153 2895 3561 2970 Cassiodorus,

1910 2984 2091 3040 quam

2176 2984 2411 3021 avennaa
2446 2968 2656 3021 factam
2714 2967 2895 3022 fuisse
2946 2969 3029 3023 ait
3076 2972 3297 3025 Marius
3330 2967 3562 3025 Aventi-

244 3032 308 3105 (b)
336 3038 526 3114 Annon
559 3037 1194 3114 clarissimeostendit
1216 3057 1371 3095 nunc
1404 3041 1649 3105 Idatius,
1683 3059 1746 3097 se
1774 3060 1807 3097 a
1911 3032 2126 3114 censis.
2161 3042 2233 3093 At
2264 3039 2610 3114 Idatius_res
2640 3055 2745 3093 suo
2778 3044 3038 3110 tempore
3087 3045 3286 3112 gestas
3338 3049 3565 3114 narrat,

187 3103 451 3177 JauUario,
487 3126 599 3163 non
635 3114 829 3163 autem
862 3111 934 3165 ab
956 3110 1198 3184 _0_c_tobri
1230 3128 1453 3167 annum
1488 3103 1802 3184 auspicari,

188 3192 296 3253 cum
328 3195 356 3232 a
386 3196 582 3236 mense
598 3187 872 3253 Augusto
900 3182 968 3235 ad
1005 3182 1389 3238 Novembrem
1416 3182 1677 3240 transeat
1697 3187 1807 3240 sub

1913 3128 2029 3167 non
2063 3111 2145 3164 ita
2176 3126 2335 3165 nunc
2364 3111 2601 3164 Marius.

1986 3182 2051 3252 (j)
2081 3182 2164 3235 Ad
2198 3180 2248 3235 si
2301 3180 2501 3235 Leonis
2553 3197 2771 3235 annum
2827 3197 3081 3251 quocum
3114 3183 3387 3238 currebat
3444 3202 3567 3238 terte

186 3248 356 3327 eadem
388 3248 972 3327 notapcbrovnologica
1022 3270 1139 3325 qua
1171 3255 1202 3308 4
1234 3272 1455 3312 annum
1504 3256 1809 3327 Majoriani
1914 3248 2781 3327 vulgaris-adaseveripannum
2802 3248 3569 3327 2'etAbrahami_2748O.pra-

189 3319 482 3391 designavit
510 3324 538 3378 ?

244 3395 305 3470 (ε)
328 3393 671 3461 Dictinium,
696 3393 1032 3470 Spinionem
1067 3401 1123 3470 et
1153 3398 1474 3453 Ascanium
1508 3398 1809 3470 intelligit,

186 3462 359 3537 Idatio,
392 3472 452 3520 ut
482 3462 759 3537 apparet,
804 3469 1055 3521 maxime
1085 3467 1353 3524 infestos.

247 3535 308 3603 (Δ)
332 3535 575 3593 Morales
606 3543 672 3592 et
703 3539 963 3593 Mariana
1012 3541 1230 3595 Flavias
1264 3542 1318 3595 in
1351 3539 1520 3596 Iriam
1556 3541 1809 3596 Flavium

189 3614 694 3693 c‘omni‘utaverunt,
730 3609 956 3693 decepti
987 3628 1019 3665 a
1050 3610 1331 3693 Rod‘erico
1351 3613 1810 3693 g‘oletano,qt_1i,

194 3677 310 3765 dum
339 3679 456 3735 haec
484 3687 715 3765 narrat.
743 3677 991 3765 Flavium
1022 3699 1119 3765 βίᾳ
1146 3682 1314 3765 Aquis
1343 3685 1550 3765 Fluviis
1586 3677 1810 3765 scribit.

194 3746 417 3823 Isidorus
448 3755 636 3807 etiam
678 3770 792 3807 non
825 3746 1277 3823 Aquas-Flavias
1309 3758 1410 3809 sed
1446 3756 1649 3810 urbem
1682 3757 1813 3811 Fla-

198 3819 420 3948 vienseicp
454 3824 807 3879 nominavit.
842 3819 1092 3880 M'orales
1145 3831 1201 3881 et
1249 3826 1510 3882 Mariana
1558 3827 1813 3883 Idatium

198 3906 292 3944 non
319 3910 365 3947 νι
413 3902 596 3948 erant.

198 3906 292 3944 non
319 3902 596 3951 viderant.

256 3962 319 4038 (e)
339 3966 672 4038 iSuevorum
706 3966 927 4022 scilicet
957 3967 1169 4038 gentis.

248 4034 307 4109 (Ι)
327 4037 664 4094 Gaisericus
686 4034 1400 4109 equidem'expeditionem
1429 4040 1728 4107 Maioriani
1754 4041 1812 4095 in

196 4106 442 4183 Africam,
476 4112 716 4183 direpta
736 4106 906 4164 illius
939 4106 1124 4165 classe
1179 4112 1234 4165 in
1292 4111 1483 4166 littore
1514 4106 1817 4183 Carthagi-

1918 3322 2115 3380 ferunt
2146 3324 2279 3377 libri
2320 3323 2480 3378 editi.
2542 3322 2654 3377 Sed
2710 3324 2904 3378 Severi
2961 3342 3151 3379 annus
3186 3326 3208 3378 1
3246 3324 3337 3380 bic
3369 3322 3563 3382 co-nsi-

1918 3397 2193 3469 gnandus
2224 3400 2333 3470 est,
2367 3393 2687 3470 Abrabami
2739 3412 2872 3449 vero
2922 3396 3098 3470 2480Ἀ
3142 3398 3401 3453 secundo
3436 3402 3570 3470 post

1918 3467 2093 3533 anno,
2123 3468 2277 3537 quod
2310 3483 2378 3538 ex
2409 3467 2584 3521 dictis
2616 3483 2796 3536 supra
2828 3468 3225 3538 consequitur.

1989 3540 2065 3611 (Ῐί)
2096 3539 2177 3612 Ex
2210 3539 2317 3612 boc
2348 3537 2472 3593 loco
2505 3542 2770 3612 apparet,
2826 3537 3033 3612 ldatii’
3055 3539 3494 3612 chronologiam
3538 3557 3571 3612 a

1918 3608 2183 3666 librariis
2216 3610 2399 3664 fuisse
2446 3608 2870 3679 perturbatam.
2902 3608 3047 3665 Vide
3094 3616 3293 3667 notam
3344 3608 3434 3680 89,
3470 3611 3571 3666 ubi

1924 3682 2039 3737 alia
2070 3681 2244 3737 etiam
2276 3681 2558 3735 invenies.

1991 3755 2051 3824 (Ι)
2086 3754 2215 3808 ΙΙωο
2256 3753 2433 3824 dubio
2463 3751 2668 3824 procul
2704 3752 2783 3824 ita
2815 3752 3051 3823 scripsit
3078 3754 3305 3809 Idatius
3332 3772 3344 3809 :
3369 3756 3569 3811 Antio-

1920 3823 2046 3879 chia
2078 3823 2309 3896 majoris
2340 3823 2517 3895 Syriae
2550 3823 2869 3879 inobediens
2900 3827 3122 3880 monitis
3159 3827 3570 3882 salutaribus...

1920 3897 2246 3967 aliquantis,
2281 3898 2379 3966 qui
2421 3912 2485 3950 ea
2532 3896 2790 3965 (mom’ta)
2829 3896 3182 3953 obaudientes
3226 3899 3419 3954 timori
3463 3900 3571 3953 Do-

1919 3971 2084 4032 mini,
2117 3979 2224 4022 elo.
2262 3968 2398 4023 Vide
2430 3975 2625 4021 nolam
2658 3968 2729 4020 9O
2761 3984 2817 4019 ιι.
2854 3969 2904 4022 1.

1995 4040 2093 4110 (m)
2127 4042 2260 4103 Quae
2286 4038 2505 4110 monita
2529 4039 2754 4110 dederit
2774 4036 2886 4110 hoc
2911 4044 3171 4109 tempore
3192 4038 3569 4094 Antiochenis

1923 4108 2407 4167 sanctusSimcon
2434 4108 2663 4177 Stylita.
2681 4109 2825 4163 Vide
2838 4108 3104 4163 eamdem
3125 4117 3320 4164 notam
3338 4111 3428 4178 90,
3451 4111 3567 4163 n.2.

194 4178 351 4243 nensi,
379 4178 850 4248 disturbaverat;
886 4183 985 4235 sed
1008 4188 1202 4237 tamen
1238 4183 1440 4238 fortem
1478 4178 1813 4239 strenuum-
1846 4191 1892 4252 Β
1997 4183 2080 4251 (n)
2112 4186 2186 4235 De
2219 4198 2372 4235 anno
2423 4196 2537 4251 quo
2587 4180 2682 4235 hic
2734 4184 2900 4234 terra}
2944 4187 3138 4235 motus
3171 4182 3440 4252 contigit,
3471 4197 3569 4236 ea-

197 4262 290 4315 que
318 4252 734 4327 imperatorem
768 4254 1066 4309 subvereri
1100 4260 1373 4326 cceperat,
1426 4255 1673 4327 ideoquo
1715 4273 1815 4326 pa-

198 4334 309 4396 cem
330 4324 397 4378 ab
430 4342 495 4379 eo
531 4326 818 4396 postulat.

252 4392 316 4463 (g)
348 4392 578 4469 Vulgati
606 4397 743 4451 libri
771 4397 879 4452 boc
908 4396 965 4452 in
989 4397 1114 4452 loco
1139 4401 1306 4451 notas
1334 4397 1647 4467 praeferunt
1669 4398 1818 4454 duas

196 4470 318 4540 vet}
342 4484 559 4525 annum
604 4469 817 4524 Leonis
846 4469 1119 4539 quintum
1143 4474 1201 4523 et
1232 4469 1487 4540 primum
1529 4471 1718 4525 Severi
1742 4472 1820 4523 si-

196 4533 536 4611 gniﬁcantes.
602 4540 821 4594 Verum
861 4533 1051 4595 -ldatii
1113 4533 1429 4611 perpetuus
1482 4558 1607 4597 mos
1638 4550 1726 4596 est
1759 4547 1823 4595 ut

197 4607 391 4683 nullius
424 4612 717 4683 principis
749 4629 933 4667 annos
984 4607 1239 4678 adnotet,
1291 4613 1432 4681 quin
1471 4614 1630 4681 prius
1662 4614 1820 4682 ejus-

197 4674 305 4732 dem
337 4674 854 4755 igua'ugura'tionem
905 4684 1187 4739 enuntiet.
1223 4674 1396 4755 Atqui
1447 4674 1527 4738 ita
1576 4701 1665 4739 res
1687 4674 1822 4755 ipsa

198 4752 431 4829 postulat
455 4752 650 4829 {cum
677 4772 991 4829 agnoscere
1017 4759 1267 4827 nequeat
1291 4752 1475 4809 lector
1507 4752 1820 4829 cujusnam

198 4824 455 4899 principis
485 4824 777 4899 epocbain
811 4827 1047 4899 denotet
1066 4824 1249 4899 novus
1275 4842 1580 4894 numerus,
1600 4827 1649 4899 si
1674 4844 1820 4880 non-

198 4890 316 4947 dum
349 4890 540 4971 novus
566 4898 845 4971 princeps
876 4898 931 4953 in
967 4890 1824 4971 Chronicoapparuit—.Przete-

198 4976 278 5018 rea
305 4970 525 5025 cunctis
561 4968 721 5026 retro
764 4969 1128 5041 principibus
1186 4968 1548 5037 adjudicavit
1602 4970 1823 5041 Idatius

196 5048 391 5114 annum
425 5042 596 5097 illum
634 5040 899 5114 quo’vita
945 5041 1127 5114 functi
1180 5046 1342 5114 sunt,
1374 5041 1603 5095 etiamsi
1655 5040 1823 5114 initio

198 5111 712 5183 eiuspexcesserint.
777 5112 957 5183 Igitur
990 5113 1220 5167 unicam
1252 5112 1403 5167 hanc
1436 5117 1631 5167 notam
1664 5129 1699 5165 v
1730 5111 1825 5167 hic

196 5178 376 5255 al'ﬁxit,
417 5203 629 5240 annum
666 5178 941 5255 quintum
978 5184 1179 5239 Leonis
1210 5188 1266 5239 et
1296 5184 1596 5254 Maioriani
1637 5183 1823 5254 signi-

198 5246 464 5327 ﬁcuntem,
502 5257 606 5327 qui
640 5246 873 5311 labente
910 5273 1062 5311 anno
1087 5255 1247 5311 obiit.

200 5387 208 5398 _
257 5319 325 5393 (ἢ)
347 5319 696 5399 Αιιόῐιῇιιιιιιε
718 5345 866 5398 saepe
891 5326 1186 5390 laudatus,
1218 5328 1325 5381 sub
1349 5326 1683 5383 consulibus
1716 5326 1824 5399 bu-

194 5404 276 5454 llis
304 5400 435 5470 anni
471 5417 484 5455 :
537 5401 883 5469 Majorianus
907 5399 1181 5469 depositus
1218 5404 1295 5453 est
1350 5417 1383 5453 a
1406 5401 1649 5470 patricio
1674 5398 1827 5454 Rici-

198 5477 323 5540 tjjcre
349 5469 602 5527 Dei-tona:
634 5488 691 5526 γι
722 5476 860 5527 Νοη.
894 5472 1053 5540 Aug.,
1085 5475 1137 5524 et
1155 5473 1364 5524 occisus
1392 5469 1470 5525 est
1499 5471 1568 5525 ad
1597 5473 1828 5539 ﬂuvium

198 5532 375 5603 Hyram
406 5559 483 5597 vn
516 5543 645 5597 Idus
697 5543 942 5613 Augusti.
976 5532 1366 5597 "cassidiorus
1407 5532 1677 5597 eumdem
1713 5560 1817 5596 an-

198 5620 341 5685 ημηι,
374 5613 753 5685 Marcellinus
785 5614 1054 5669 eumdem
1088 5619 1143 5667 ct
1174 5630 1392 5685 annum
1419 5613 1683 5668 etlocum
1721 5631 1817 5667 ne-

196 5682 554 5761 οῖξρθὲίεοέιι
582 5705 598 5754 ς
635 5685 791 5761 diem
826 5689 1032 5761 neuter
1063 5684 1355 5755 exprimit.

256 5754 312 5819 (i)
352 5754 442 5813 Dc'
475 5758 694 5814 Severo
738 5758 890 5815 idem
921 5754 1265 5830 Anonymus
1299 5771 1311 5810 :
1347 5757 1575 5812 Levatus
1602 5761 1682 5813 est
1710 5760 1820 5815 im-

1927 4256 2064 4310 dem
2103 4257 2265 4308 notat
2297 4269 2351 4305 n.
2387 4252 2439 4304 3.

1998 4326 2071 4395 (o)
2100 4324 2223 4378 Una
2244 4340 2385 4395 cum
2412 4321 2681 4395 AEpudopxia
2712 4326 2971 4395 Augusta
3004 4322 3244 4395 remissa
3277 4327 3365 4377 est
3389 4321 3571 4377 Cons-

1927 4392 2340 4465 tantinopolim
2399 4392 2516 4447 ﬁlia
2561 4392 2908 4448 Placida’et
2959 4394 3194 4465 quidem
3230 4393 3338 4449 hoc
3394 4409 3571 4463 anno,

1930 4469 2082 4539 quod
2139 4482 2445 4539 perperam
2476 4465 2914 4539 negatliagius.
2947 4465 3092 4539 Vide
3120 4470 3318 4539 notam
3346 4465 3437 4520 9i.

2002 4540 2079 4610 (p)
2112 4536 2218 4592 Alii
2244 4536 2543 4610 Heuerico,
2571 4536 2666 4589 alii
2690 4536 3082 4610 Trasimundo
3117 4538 3454 4610 Eudociam,
3486 4535 3573 4610 pal-

1930 4607 2109 4665 teram
2139 4608 2406 4663 Eudoxize
2432 4607 2635 4672 tiliam,
2667 4609 2940 4678 nupsisse
2963 4609 3279 4663 afﬁrmant.
3309 4608 3441 4663 Not.
3472 4608 3565 4663 92.

2004 4682 2078 4752 (ᾳ)
2101 4681 2181 4735 De
2210 4679 2434 4751 ngidio
2463 4683 2519 4752 et
2549 4680 2868 4752 Agrippino
2900 4697 3070 4752 agam
3104 4686 3243 4735 nam
3271 4680 3362 4734 93,

2002 4748 2075 4820 (θ’)
2103 4748 2409 4822 Explorate
2453 4749 2571 4822 Ahas
2608 4748 2791 4805 notas
2845 4748 2965 4806 hoc
2998 4752 3124 4807 loco
3184 4751 3405 4818 alfinxi,
3440 4748 3580 4805 licet

1931 4841 2029 4879 eas
2061 4820 2332 4877 omittam
2390 4820 2599 4893 reliqui
2650 4822 2871 4893 vulgati
2921 4823 3086 4885 libri;
3136 4841 3266 4877 nam
3304 4829 3366 4878 ut
3398 4838 3581 4893 supra

1932 4894 2349 4957 demonstravi,
2387 4910 2578 4948 annus
2640 4894 2664 4945 1
2715 4896 2907 4949 Severi
2968 4895 3380 4950 inscribendus
3415 4895 3583 4959 fuit§

1933 4968 2257 5022 Suniericus
2312 4964 2486 5030 redit;
2546 4980 2679 5037 cum
2738 4966 3301 5037 ergo§Nepotianus
3356 4966 3579 5031 recedit,

1932 5039 2030 5109 qui
2066 5037 2249 5091 multo
2275 5042 2404 5109 post
2435 5036 3021 5109 s_equitur,radjectus
3042 5036 3132 5093 isit
3162 5056 3354 5093 annus
3387 5040 3420 5093 3
3461 5037 3582 5109 eju-

1932 5106 2095 5165 sdem
2126 5108 2338 5174 Severi,
2375 5106 2587 5162 nullibi
2620 5106 2843 5163 melius,
2875 5126 3051 5178 quam
3083 5110 3195 5165 isto
3234 5112 3359 5166 loco
3388 5107 3584 5166 consi-

1932 5182 2095 5250 gnari
2133 5184 2320 5252 potest
2351 5196 2541 5252 annus
2565 5178 2723 5252 illius
2753 5181 2826 5235 2:
2854 5182 3178 5251 praesertim
3201 5198 3334 5236 cum
3362 5179 3582 5236 Marius

1930 5250 2331 5323 Aventicensis
2386 5251 2494 5305 hoc
2540 5250 2749 5323 Egidii
2808 5250 2940 5307 cum
2984 5254 3283 5308 Frederico
3319 5252 3581 5323 praelium

1934 5326 2044 5381 sub
2076 5322 2418 5379 consulibus
2452 5322 2668 5377 Basilio
2718 5327 2775 5377 et
2817 5323 3080 5391 Viviano,
3135 5328 3231 5395 qui
3290 5322 3398 5379 hoc
3430 5337 3581 5395 anno

1933 5396 2305 5471 consulatum
2354 5399 2687 5471 gesserunt,
2734 5395 3049 5471 contigisse
3106 5391 3374 5451 ter-stetur.
3418 5391 3579 5471 Quod

1934 5468 1983 5523 si
2016 5468 2151 5538 quis
2183 5464 2528 5539 praecedenti
2560 5466 2588 5537 ξ
2626 5464 2959 5536 Agrippinits
3015 5468 3118 5521 has
3179 5471 3348 5521 notas
3399 5464 3579 5539 ascri:

1936 5542 2160 5594 bendas
2191 5555 2318 5593 esse
2366 5538 2524 5600 velit,
2589 5554 2701 5589 non
2756 5540 3072 5592 admodum
3126 5539 3495 5595 contendam,
3530 5538 3580 5582 Si

1880 5611 1893 5629 ’
1936 5613 2110 5665 modo
2143 5610 2285 5664 mihi
2318 5608 2673 5663 assentiatur
2704 5609 2869 5662 alteri
2904 5626 2971 5663 ex
3006 5610 3095 5662 bis
3129 5610 3361 5663 duobus
3395 5611 3450 5673 ξς
3481 5614 3567 5673 Q8"

1935 5682 2374 5753 consignandas
2396 5696 2546 5753 esse.
2581 5680 2647 5732 Et
2664 5695 2825 5753 _sane_
2852 5680 3043 5749 potuit
3076 5680 3348 5753 Narbona
3376 5671 3504 5735 Gotl

1936 5754 2009 5810 ab
2040 5749 2361 5827 Agrippino
2393 5750 2548 5806 tradi
2575 5749 2779 5806 eodem
2811 5750 2921 5806 hoc
2950 5767 3103 5806 anno
3134 5752 3257 5806 463.
