4062 6208
449 355 504 409 ll
1447 346 1506 404 S.
1545 345 1820 402 CYRILLI
1858 345 2330 403 ALEXANDRINI
2359 346 2682 405 ARCHIEP.
3286 295 3292 300 .
3621 347 3690 401 ιε

452 488 669 534 naturas
690 479 1008 528 convertere
1033 485 1096 526 ac
1123 469 1418 526 traducere
1443 486 1456 522 :
1480 471 1624 540 quod
1646 471 1866 541 quidem
1888 486 2016 540 pro-

2139 474 2250 526 διον
2278 473 2370 527 τοῦ
2402 471 2543 526 κατὰ
2575 470 2736 540 φύσιν
2762 468 2919 522 Θεοῦ.
2968 466 3138 520 Τοῦτο
3176 458 3268 517 οὖν
3308 460 3556 531 βούλεται
3585 463 3691 516 διὶ-

445 565 623 634 prium
672 569 760 619 est
787 559 1086 617 secundum
1113 566 1365 613 naturam
1411 556 1526 612 Dei.
1571 557 1684 619 Hoc
1712 559 1884 628 igitur
1907 558 2019 612 vult

443 653 750 715 osrendere,
795 666 920 706 cum
973 649 1145 704 dicit:
1182 665 1200 700 ι
1238 647 1570 704 Potestatem
1605 647 1782 702 habeo
1814 662 2020 718 ponere

444 744 705 807 animam,
755 752 808 796 et
855 747 1181 811 potestatem
1221 738 1395 792 habeo
1428 738 1686 806 accipere
1715 752 1858 802 eam,
1900 757 1917 790 ι
1963 753 2021 793 se

447 849 553 888 non
597 834 814 902 jussum
860 832 1018 902 661
1068 837 1127 883 ut
1174 843 1394 885 servum
1421 835 1514 881 aut
1547 827 1882 891 ministrum,
1926 827 2020 883 sed

444 939 620 993 neque
645 939 709 976 ex
739 923 1070 976 necessitate
1095 919 1179 974 vel
1209 933 1238 971 a
1265 915 1596 988 quibusdam
1623 924 1904 980 coactum,
1927 915 2020 974 sed

445 1019 716 1070 volentem
753 1013 820 1068 ad
846 1013 898 1068 id
925 1011 1160 1074 venisse.

513 1105 582 1170 Χ,
619 1106 706 1160 18.
751 1103 867 1160 Hoc
901 1101 1210 1158 mandatum
1241 1099 1416 1168 accepi
1445 1117 1475 1153 a
1506 1095 1672 1153 Patre
1709 1114 1842 1152 meo.

513 1281 592 1337 Ne
615 1280 740 1352 quis
769 1280 914 1336 enim
955 1278 1124 1343 dicat,
1155 1287 1354 1348 prmter
1393 1276 1730 1331 voluntatem
1749 1273 1872 1328 Filii
1908 1289 2024 1329 non

445 1389 610 1444 posse
651 1372 864 1427 Patrem
913 1385 1132 1426 sumere
1171 1370 1412 1424 animam
1454 1369 1595 1437 ejus,
1633 1382 1809 1436 neque
1839 1382 1904 1421 ex
1959 1381 2025 1422 eo

447 1468 502 1520 in
540 1480 648 1518 una
681 1458 884 1518 deitate
929 1461 1109 1515 Patris
1148 1467 1203 1514 et
1235 1457 1357 1512 Filii
1383 1457 1675 1513 dissidium
1717 1467 1771 1513 et
1815 1457 2028 1513 discor-

447 1558 594 1610 diam
633 1554 822 1617 faciat,
853 1552 1075 1623 quando
1107 1551 1242 1606 dicit
1277 1567 1337 1607 se
1370 1550 1682 1605 mandatum
1720 1550 2023 1620 accepisse,

450 1649 504 1702 in
539 1649 644 1703 hoc
689 1646 1128 1702 consentientem
1181 1643 1713 1712 convenientemque
1745 1642 2028 1698 voluntate

449 1735 689 1791 ostendit
721 1735 965 1800 Patrem,
1016 1744 1070 1788 et
1119 1742 1382 1802 tanquam
1437 1731 1506 1785 ab
1561 1746 1670 1784 una
1732 1738 1916 1786 mente
1972 1735 2027 1785 et

2123 563 2229 629 ξαι,
2245 563 2332 616 διὰ
2358 563 2450 616 τοῦ
2469 561 2666 630 λέγειν,
2704 579 2724 612 ι
2745 557 3018 628 Ἐξουσίαν
3049 555 3156 624 ἔχω
3186 554 3355 606 θεῖναι
3380 552 3478 624 τὴν
3495 550 3690 622 ψυχὴν,

2122 654 2215 707 καὶ
2241 651 2484 717 ἐξουσίαν
2523 651 2631 721 ἔχω
2663 649 2847 703 λαϐεῖν
2876 649 3045 717 αὐτήν
3065 662 3080 676 ⁸
3113 664 3130 696 ι
3168 645 3250 698 ὅτι
3281 643 3343 697 οὐ
3380 640 3693 704 κελευσθεὶς

2122 743 2196 805 ὡς
2225 741 2408 804 δοῦλος
2449 740 2482 810 ἢ
2518 739 2831 810 ὑπηρέτης,
2865 735 2975 788 ἀλλ’
3007 734 3129 788 οὐδὲ
3178 732 3252 796 ὼς
3295 731 3355 796 ἒξ
3385 731 3629 801 ἀνάγκης
3660 729 3694 800 ἦ

2125 833 2369 903 βιασθεὶς
2395 831 2547 901 παρά
2571 849 2755 897 τινων,
2780 829 2894 883 ἀλλ’
2921 826 3064 880 ἑκὼν
3096 821 3260 896 ἦλθεν
3287 824 3381 876 ἐπὶ
3412 823 3590 876 τοῦτο.

2200 1094 2429 1161 Ταύτην
2462 1091 2576 1160 τὴν
2607 1089 2867 1177 ἐντολὴν
2895 1087 3115 1143 ἔλαϐον
3147 1084 3304 1155 παρὰ
3336 1083 3440 1139 τοῦ
3467 1086 3698 1154 Πατρός

2119 1201 2260 1256 μου.

2198 1278 2316 1330 Ἵνα
2343 1276 2450 1348 γὰρ
2488 1264 2561 1346 μή
2583 1291 2666 1337 τις
2700 1272 2849 1344 εἴπῃ,
2876 1272 2957 1326 ὅτι
2984 1272 3136 1343 παρὰ
3166 1271 3266 1341 τὴν
3295 1268 3388 1322 τοῦ
3417 1268 3547 1322 Υἱοῦ
3572 1268 3697 1339 βού-

2125 1369 2280 1440 λησιν
2318 1370 2378 1422 οὐ
2419 1368 2640 1421 δύναται
2683 1367 2711 1418 6
2756 1365 2946 1435 Πατὴρ
2973 1363 3156 1417 λαϐεῖν
3183 1359 3349 1416 αὐτοῦ
3383 1360 3480 1430 τὴν
3498 1360 3696 1430 ψυχὴν,

2128 1464 2220 1517 καὶ
2244 1465 2307 1516 ὲκ
2327 1460 2521 1515 τούτου
2551 1457 2885 1527 στασιασμὸν
2918 1455 3012 1509 καὶ
3045 1453 3310 1524 διχόνοιαν
3341 1449 3611 1521 εἰσαγάγῃ
3642 1450 3699 1500 ὲν

2125 1557 2192 1626 τῇ
2230 1555 2330 1625 μιᾷ
2363 1553 2577 1624 θεότητι
2610 1550 2704 1604 τοῦ
2733 1548 2942 1620 Πατρὸς
2984 1547 3078 1600 καὶ
3098 1543 3192 1598 τοῦ
3224 1543 3376 1609 Υἱοῢ,
3403 1543 3468 1595 δι’
3498 1535 3572 1595 ὧν
3595 1557 3700 1610 φη-

2130 1663 2234 1711 σιν,
2263 1644 2493 1698 Ἐλαὸον
2532 1641 2771 1711 ἐντολὴν,
2805 1637 3216 1710 συμφωνοῦντα,
3256 1635 3349 1688 καὶ
3381 1633 3702 1686 συνθέλοντα

2129 1737 2265 1807 πρὸς
2293 1735 2450 1789 τοῦτο
2504 1733 2742 1786 δείκνυσι
2800 1732 2896 1785 καὶ
2932 1730 3022 1782 τὸν
3080 1727 3320 1797 Πατέρα,
3354 1726 3446 1778 καὶ
3487 1717 3563 1786 ὡς
3594 1724 3703 1778 ἀπὸ

450 1843 617 1882 sensu
664 1827 730 1881 ad
787 1826 840 1881 id
885 1841 946 1881 se
999 1825 1186 1879 venire
1235 1823 1457 1887 fatetur,
1504 1822 1723 1877 tametsi
1779 1822 1894 1892 ipse
1942 1829 2027 1876 est

2139 1827 2262 1897 μιᾶς
2292 1822 2518 1894 γνώμης
2558 1823 2645 1885 εἰς
2684 1819 2842 1874 τοῦτο
2890 1818 3180 1890 παρελθεῖν
3207 1816 3480 1887 ὁμολογεῖ,
3522 1817 3570 1868 εί
3609 1817 3704 1869 καὶ

451 1919 628 1974 Patris
660 1918 980 1983 consilium,
1023 1915 1167 1986 quod
1212 1915 1376 1970 etiam
1433 1913 1724 1968 conveniet
1767 1913 2028 1968 incarna-

451 2011 608 2065 tioni.
654 2009 796 2079 Ergo
847 2007 1164 2074 mandatum
1231 2005 1438 2060 indicat
1499 2005 1854 2061 concordiam
1905 2020 2029 2060 cum

451 2101 648 2164 Patre,
711 2099 814 2155 etsi
869 2097 1150 2152 humili-ter
1205 2096 1479 2164 loquatur.
1529 2094 1843 2148 Mandatum
1898 2107 2032 2148 vero

452 2199 537 2246 est
567 2205 667 2262 pro
702 2187 906 2244 mundo
941 2189 1102 2243 mori.
1135 2184 1382 2240 Mandati
1413 2200 1546 2255 ergo
1593 2186 1716 2240 loco
1749 2185 2034 2254 accepisse

452 2302 512 2341 se
546 2285 738 2339 dicens
778 2282 831 2336 id
863 2279 1008 2352 quod
1035 2278 1179 2350 apud
1219 2277 1433 2332 Patrem
1465 2277 1644 2331 visum
1675 2285 1759 2332 est
1789 2292 1848 2330 se
1883 2283 2033 2331 recte

454 2375 678 2438 habere,
709 2387 820 2427 non
857 2370 1124 2425 minorem
1165 2382 1226 2422 se
1263 2365 1425 2420 Patre
1460 2365 1612 2430 facit,
1649 2373 1849 2420 natura
1881 2365 2031 2419 exsi-

453 2474 608 2520 stens
653 2462 820 2525 Deus,
845 2460 940 2516 sed
987 2469 1171 2514 servat
1203 2455 1259 2510 id
1305 2455 1453 2526 quod
1485 2456 1745 2511 convenit
1781 2454 2035 2509 humani-

450 2556 574 2612 tati.
600 2556 745 2622 Quin
777 2554 944 2609 etiam
979 2550 1204 2621 subiicit
1227 2549 1426 2605 animis
1459 2563 1517 2604 se
1555 2563 1679 2603 eum
1711 2547 2032 2616 pr0phetam

451 2664 596 2712 esse,
621 2648 688 2702 de
726 2661 836 2716 quo
869 2644 1004 2699 dicit
1055 2643 1216 2698 Pater
1250 2660 1264 2696 :
1303 2660 1322 2692 ι
1358 2640 1640 2709 Loquetur
1677 2636 2035 2708 quemadmo-

453 2742 585 2796 dum
636 2735 1086 2792 mandaverimus
1131 2732 1182 2786 ei
1217 2731 1234 2762 ¹
1271 2749 1286 2786 :
1318 2730 1759 2785 communionem
1815 2726 2030 2781 consilii

453 2847 580 2886 eum
625 2827 737 2882 Deo
785 2833 842 2881 et
881 2825 1042 2879 Patre
1101 2829 1361 2892 tanquam
1404 2818 1723 2873 mandatum
1764 2832 1823 2872 se
1874 2829 2034 2870 acce—

454 2924 602 2993 pisse
633 2921 844 2976 dicens.
877 2915 1034 2983 Quod
1069 2913 1291 2985 quidem
1341 2912 1560 2967 dicebat
1593 2909 1659 2963 ad
1682 2892 1932 2971 'Judacos,
1966 2922 2036 2963 ne

456 3015 859 3068 arbitrarentur
899 3022 1025 3063 eum
1072 3012 1273 3076 praeter
1315 3003 1570 3059 mandata
1625 2999 1806 3056 Patris
1858 3000 2032 3070 loqui.

455 3104 647 3174 Neque
684 3116 816 3157 vero
845 3108 898 3155 te
930 3097 1113 3153 turbet
1146 3094 1290 3167 quod
1322 3093 1484 3150 Pater
1513 3092 1797 3162 proprium
1830 3089 2030 3144 Filium

2133 1915 2296 1978 αὑτός
2319 1917 2464 1968 ἐστιν
2504 1915 2539 1984 ἡ
2579 1911 2673 1966 τοῦ
2719 1909 2933 1981 Πατρὸς
2959 1909 3149 1980 βουλή·
3186 1907 3416 1978 ἁρμόσει
3454 1905 3510 1958 δὲ
3546 1905 3704 1958 τοῦτο

2133 2008 2227 2063 καὶ
2255 2010 2318 2079 τῇ
2350 2005 2488 2077 μετὰ
2522 2004 2724 2071 σαρκὸς
2754 2002 3055 2072 οἰκονομίᾳ.
3105 2000 3169 2052 Ἡ
3208 1994 3302 2052 οὖν
3335 1994 3522 2068 ἐντολὴ
3556 1996 3707 2066 δηλοῖ

2131 2099 2229 2170 τὴν
2255 2100 2506 2169 ὁμόνοιαν
2545 2096 2642 2167 τὴν
2677 2094 2812 2166 πρὸς
2835 2093 2926 2147 τὸν
2957 2091 3197 2162 Πατέρα,
3225 2093 3273 2143 εἰ
3317 2089 3411 2143 καὶ
3436 2088 3705 2150 ταπεινῶς

2131 2190 2301 2243 λαλεῖ.
2346 2190 2409 2240 Ἠ
2441 2188 2497 2241 δὲ
2528 2186 2714 2256 ὲντολή
2755 2185 2924 2250 ἐστιν,
2969 2182 3262 2237 ἀποθανεῖν
3302 2181 3441 2252 ὑπὲρ
3477 2178 3571 2232 τοῦ
3612 2180 3704 2231 κό-

2135 2297 2294 2351 σμου.
2335 2278 2587 2347 Ἐντολῆς
2625 2277 2682 2330 δὲ
2712 2275 2863 2340 τάξει
2902 2273 3294 2345 παρειληφέναι
3328 2273 3500 2340 λέγων
3532 2271 3591 2324 τὸ
3619 2271 3706 2322 δό-

2133 2374 2229 2441 ξαν
2254 2371 2405 2442 παρὰ
2443 2369 2521 2440 τῷ
2546 2368 2719 2440 Πατρὶ
2747 2365 2926 2438 ὀρθῶς
2955 2364 3120 2435 ἔχειν,
3151 2365 3251 2416 οὐκ
3273 2354 3484 2416 ἐλαττοῖ
3518 2360 3707 2414 ἑαυτὸν
3737 2394 3744 2402 ι

2132 2463 2227 2518 τοῦ
2273 2462 2508 2532 Πατρὸς,
2540 2459 2614 2512 ὣν
2646 2459 2803 2527 φύσει
2831 2457 2984 2519 Θεὸς,
3014 2454 3150 2508 ἀλλὰ
3175 2455 3236 2506 τὸ
3273 2453 3371 2524 μὲν
3401 2451 3610 2523 πρέπον
3641 2452 3710 2519 τῇ

2135 2553 2548 2625 ὲνανθρωπήσει
2594 2551 2774 2620 τηρεῖ.
2805 2548 2951 2616 Πλὴν
2975 2546 3385 2615 ὑπομιμνήσκει
3423 2545 3505 2596 ὅτι
3551 2542 3712 2604 αὑτός

2136 2648 2283 2698 ἐστιν
2307 2647 2335 2696 6
2365 2643 2674 2713 προφήτης,
2717 2637 2846 2707 περὶ
2890 2629 2950 2690 οὗ
2983 2633 3136 2688 εἶπεν
3165 2637 3192 2687 6
3222 2634 3432 2704 Πατὴρ,
3453 2635 3535 2685 ὅτι
3557 2652 3577 2682 ι
3605 2634 3712 2684 Aa-

2135 2735 2308 2805 λήσει,
2334 2732 2522 2786 καθότι
2555 2731 2621 2784 ἂν
2654 2727 2978 2796 ἐντείλωμεν
3021 2724 3167 2796 αὑτῷ
3193 2742 3206 2757 ·
3253 2743 3272 2776 ι
3311 2725 3408 2794 τὴν
3449 2723 3584 2795 πρὸς
3620 2722 3712 2775 τὸν

2135 2824 2270 2878 Θεὸν
2296 2823 2390 2876 καὶ
2411 2821 2631 2893 Πατέρα
2675 2818 3065 2880 κοινοϐουλίαν,
3105 2817 3180 2880 ὡς
3218 2815 3437 2885 ἐντολὴν
3467 2812 3713 2884 δεδέχθαι

2135 2916 2331 2978 λέγων.
2365 2915 2544 2985 Ὅπερ
2581 2913 2734 2980 ἔλεγε
2769 2911 2906 2982 πρὸς
2951 2908 3240 2971 Ἰουδαίους
3263 2906 3400 2978 πρὸς
3427 2904 3489 2958 τὸ
3521 2904 3595 2975 μὴ
3624 2921 3713 2957 νο-

2143 3004 2320 3076 μίζειν
2347 3003 2508 3058 αὑτὸν
2569 3002 2721 3075 παρὰ
2765 3002 2834 3056 τὰ
2889 3000 2982 3054 τοῦ
3017 2999 3231 3069 Πατρὸς
3264 2997 3444 3051 λαλεῖν
3474 2995 3714 3065 προστά-

2140 3113 2345 3168 γματα.
2379 3096 2441 3149 Εἰ
2470 3095 2526 3148 δὲ
2568 3079 2853 3165 προφήτην
2904 3092 3155 3162 ὠνόμασε
3204 3090 3294 3142 τὸν
3335 3089 3464 3142 ἴδιον
3514 3086 3642 3140 Υίὸν
3682 3085 3719 3139 6

457 3191 994 3252 consubstantialem
1025 3187 1345 3258 prophetam
1382 3182 1742 3255 appellaverit
1772 3201 1784 3236 :
1817 3181 2036 3252 quando

2140 3191 2331 3260 Πατὴρ
2367 3189 2456 3242 τὸν
2485 3187 2791 3258 όμοούσιον,
2827 3184 2900 3255 μὴ
2932 3182 3260 3254 θορυϐηθῇς·
3301 3181 3389 3234 ὅτε
3420 3179 3528 3248 γὰρ
3553 3177 3717 3246 γέγο-

458 3289 604 3344 enim
651 3285 831 3340 factus
856 3287 943 3338 est
986 3280 1176 3344 homo,
1223 3285 1356 3331 tunc
1403 3275 1714 3345 quadrasse.
1751 3275 1855 3344 ipsi
1904 3288 2035 3343 pro-

458 3381 638 3451 pheta:
674 3390 895 3436 nomen,
925 3379 1060 3425 tunc
1099 3369 1352 3424 mandata
1393 3368 1441 3422 ei
1477 3381 1505 3420 a
1545 3366 1710 3422 Patre
1738 3365 1864 3419 data
1913 3379 2038 3420 esse

459 3469 821 3531 meonomicc,
852 3467 959 3519 hoc
1009 3470 1095 3517 est
1147 3469 1369 3516 servato
1414 3474 1600 3514 rerum
1641 3456 1858 3522 ordine,
1886 3456 2036 3511 dice-

462 3577 606 3616 mus.
651 3559 977 3628 Quanquam
1039 3555 1133 3626 qui
1189 3551 1389 3622 accipit
1439 3549 1698 3604 mandata
1756 3563 1868 3602 non
1913 3561 2041 3617 pro-

463 3665 646 3724 pterea
681 3651 861 3706 minor
885 3658 983 3704 aut
1012 3645 1299 3704 dissimilis
1329 3642 1510 3714 quoad
1545 3648 1801 3696 naturam
1829 3647 1883 3694 et
1911 3639 2041 3694 sub-

463 3746 719 3802 stantiam
759 3740 1071 3804 mandanti,
1103 3737 1326 3808 quando
1356 3745 1410 3790 et
1435 3733 1684 3789 homines
1725 3729 2040 3785 hominibus

459 3839 679 3909 jubent,
725 3844 780 3891 et
813 3833 992 3904 angeli
1019 3829 1254 3901 angelis,
1295 3841 1394 3882 nec
1440 3833 1666 3895 propter
1717 3821 1824 3876 hoc
1862 3831 2040 3909 tamen

465 3931 604 3984 alios
644 3935 841 3980 natura
885 3923 970 3978 vel
1018 3919 1317 3975 inferiores
1371 3917 1558 3985 iussos
1610 3912 1869 3967 dicimus.
1897 3908 2042 3980 Ergo

465 4034 647 4090 neque
692 4016 855 4072 Patre
883 4013 1054 4068 Filius
1089 4009 1341 4070 inferior.
1389 4006 1496 4062 etsi
1532 4004 1711 4059 factus
1737 4009 1824 4058 est
1856 4001 2040 4066 homo,

467 4121 528 4168 ut
554 4110 716 4167 nobis
744 4105 924 4163 omnis
958 4101 1184 4160 virtutis
1212 4099 1522 4169 exemplum
1558 4095 1711 4151 ﬁeret
1745 4115 1758 4148 :
1790 4107 1962 4164 quare
1991 4099 2046 4148 et

467 4206 572 4260 hoc
610 4204 766 4259 docet
814 4206 1068 4269 oportere
1115 4210 1218 4251 nos
1253 4191 1401 4248 dicto
1450 4189 1738 4245 audientes
1783 4201 1908 4242 esse
1945 4200 2045 4254 pa-

465 4298 742 4360 rentibus,
791 4292 897 4350 etsi
949 4305 1113 4362 pares
1167 4301 1358 4343 sumus
1401 4282 1704 4340 secundum
1765 4286 2042 4334 naturam.

468 4387 786 4458 Aliquando
846 4400 980 4440 vero
1028 4399 1058 4435 a
1091 4380 1257 4434 Patre
1294 4378 1527 4440 dictum,
1561 4371 1846 4434 mandabo,
1874 4368 2048 4438 signi-

470 4482 597 4534 ficat
630 4475 1042 4539 convenienter,
1088 4471 1308 4534 faciam,
1343 4476 1404 4521 ut
1443 4481 1571 4520 cum
1621 4463 1757 4517 dicit
1790 4482 1802 4518 :
1841 4482 1858 4513 ι
1895 4462 2046 4516 Man-

2138 3297 2226 3333 νεν
2258 3279 2562 3350 ἄνθρωπος,
2589 3277 2708 3329 τότε
2745 3273 3021 3345 ἡρμόσθαι
3049 3272 3199 3341 αὐτῷ
3234 3271 3327 3322 καὶ
3365 3270 3424 3323 τὸ
3454 3267 3548 3321 τοῦ
3583 3284 3720 3338 προ-

2139 3373 2310 3441 φήτου
2351 3370 2551 3438 διιομαυ
2581 3367 2701 3419 τότε
2757 3364 2850 3416 καὶ
2896 3359 3115 3422 ἐντολὰς
3163 3357 3310 3428 αὐτῷ
3341 3355 3582 3410 δεδόσθαι
3616 3371 3718 3423 φα-

2143 3463 2240 3532 μὲν
2263 3460 2412 3530 παρὰ
2444 3457 2536 3511 τοῦ
2575 3455 2783 3527 ΙΙατρὸς
2830 3452 3210 3523 οἰκονομικῶς.
3252 3448 3396 3519 Πλὴν
3439 3451 3467 3500 6
3504 3446 3717 3516 λαμϐά-

2140 3570 2245 3605 νων
2286 3548 2521 3611 ὲντολὰς,
2549 3549 2608 3600 οὐ
2640 3545 2780 3599 κατὰ
2804 3545 2961 3598 τοῦτο
2990 3543 3226 3597 ἐλάττων
3259 3541 3292 3611 ἢ
3323 3538 3574 3609 ἀνόμοιός
3599 3539 3717 3591 ἐστι

2139 3639 2241 3708 τῆς
2269 3636 2362 3690 τοῦ
2389 3633 2767 3702 ὲντελλομένου
2809 3632 2998 3696 οὐσίας
3028 3631 3060 3703 ἢ
3103 3629 3339 3700 φύσεως,
3375 3629 3508 3681 ὅπου
3531 3644 3595 3695 γε
3625 3627 3720 3680 καὶ

2141 3729 2414 3800 ἄνθρωποι
2446 3724 2753 3796 ἀνθρώποις
2791 3724 3148 3788 ἐντέλλονται,
3180 3723 3275 3774 καὶ
3302 3719 3524 3788 ἄγγελοι
3548 3717 3719 3787 ἀγγέ-

2141 3822 2273 3886 λοις,
2301 3821 2396 3875 καὶ
2429 3820 2490 3874 οὐ
2529 3819 2620 3872 διὰ
2655 3818 2816 3873 τοῦτο
2859 3816 3173 3887 ἑτεροφυεῖς
3205 3813 3238 3884 ἦ
3269 3812 3556 3875 ἐλάττονας
3594 3811 3719 3873 τοὺς

2135 3913 2603 3984 ’ἐπιταττομένους
2646 3910 2900 3980 λέγομεν.
2937 3907 3050 3961 Οὐκ
3081 3902 3176 3959 οὖν
3217 3904 3337 3958 οὕτε
3384 3902 3477 3956 τοῦ
3512 3901 3720 3973 Πατρὸς

2145 4010 2174 4062 6
2201 4007 2326 4070 Υἱὸς
2358 4007 2614 4069 ἐλάττων,
2666 4006 2714 4056 εί
2745 4004 2839 4056 καὶ
2870 4001 3090 4069 γέγονεν
3127 3997 3410 4069 ἄνθρωπος
3444 3996 3529 4050 ἵνα
3561 3993 3720 4064 γένη·

2146 4117 2234 4153 ται
2263 4099 2392 4168 ἡμῖν
2424 4088 2992 4163 πάσηςκὺπογραμμὸς
3027 4087 3248 4158 ἀρετῆς·
3280 4085 3360 4138 διὸ
3417 4084 3511 4138 καὶ
3564 4081 3722 4136 τοῦτο

2141 4191 2382 4244 διδάσκει
2431 4187 2513 4239 ὅτι
2549 4183 2654 4255 χρὴ
2689 4185 2801 4245 τοῖς
2841 4180 3090 4249 γονεῦσιν
3123 4176 3418 4231 ὑπακούειν
3463 4175 3629 4246 ἡμᾶς,
3673 4174 3721 4226 εἰ

2147 4279 2242 4332 καὶ
2260 4277 2320 4330 τὸ
2352 4276 2464 4329 ἴσον
2497 4275 2692 4345 ἔχομεν
2719 4270 2862 4326 κατὰ
2889 4270 2988 4340 τὴν
3017 4268 3198 4338 φύσιν.
3226 4266 3384 4320 Ἔστι
3413 4265 3470 4318 δὲ
3501 4266 3634 4318 ὅπου
3661 4264 3723 4316 τὸ

2149 4369 2300 4440 παρὰ
2336 4366 2428 4420 τοῦ
2477 4364 2687 4434 Πατρὸς
2715 4362 3027 4432 λεγόμενον,
3056 4359 3430 4427 ἐντελοῦμαι,
3471 4357 3619 4428 δηλοί
3640 4357 3722 4422 τὸ,

2151 4457 2428 4530 ἀραρότως
2472 4455 2702 4524 ποιήσω,
2759 4452 2836 4515 ὡς
2869 4452 2996 4504 ὅταν
3026 4449 3178 4521 εἴπῃ·
3210 4467 3228 4500 ι
3270 4447 3380 4500 Καὶ
3407 4445 3724 4516 ὲντελοῦμαι

470 4571 612 4625 dabo
657 4567 757 4621 toti
792 4563 999 4619 mundo
1031 4537 1207 4626 mala,
1238 4567 1292 4613 et
1318 4557 1500 4626 impiis
1534 4562 1762 4626 peccata
1806 4568 1905 4607 sua
1935 4555 1977 4604 ².
2023 4571 2038 4604 ι

2151 4552 2216 4619 τῇ
2242 4546 2534 4616 οἰκουμένῃ
2556 4545 2654 4616 ὅλῃ
2699 4542 2869 4608 κακὰ,
2905 4541 3142 4605 καὶτοῖς
3175 4539 3394 4594 ἀσεϐέσι
3416 4537 3514 4599 τὰς
3547 4538 3727 4608 ἁμαρ-

353 4661 362 4671 “
471 4659 717 4717 Tametsi
751 4665 806 4713 et
842 4667 1242 4723 nonnunquam
1295 4649 1540 4716 loquitur
1574 4646 1745 4700 Filius
1779 4660 1876 4715 per
1910 4658 2046 4698 con-

471 4751 917 4814 descensionem,
971 4755 1029 4802 ut
1080 4761 1182 4800 nos
1238 4740 1532 4796 ineffabilia
1574 4737 1824 4799 oracula,
1869 4735 2049 4808 quoad

472 4846 595 4918 ejus
648 4843 764 4899 fieri
817 4847 1019 4912 potest,
1073 4836 1446 4906 intelligamus
1502 4851 1515 4886 :
1570 4839 1624 4886 ct
1684 4837 1868 4884 tamen
1922 4844 2048 4884 eum

475 4936 796 4993 mandatum
837 4930 1118 5000 accepisse
1152 4929 1336 4982 dicere
1392 4939 1500 4978 non
1552 4920 1693 4975 tollit
1727 4923 1894 4975 Deum
1928 4933 2052 4974 esse

478 5039 674 5085 natura
713 5025 1068 5081 exsistentem
1096 5019 1288 5075 Deum.
1318 5015 1416 5072 Vel
1457 5014 1626 5086 igitur
1655 5013 1745 5067 die
1776 5011 1964 5073 Deum,
1995 5019 2052 5066 et

477 5118 719 5175 concede
752 5116 956 5172 habere
981 5111 1166 5167 omnia
1196 5125 1318 5180 quae
1348 5106 1539 5162 deitati
1573 5103 1932 5168 conveniunt,
1965 5102 2050 5157 vel

479 5213 570 5268 die
619 5213 799 5280 ipsum
841 5214 1152 5262 creaturam
1189 5199 1521 5270 manifesto.
1553 5196 1665 5253 Nec
1698 5200 1842 5252 enim
1893 5210 2052 5249 acce-

481 5302 629 5372 pisse
669 5297 983 5353 mandatum
1013 5295 1122 5348 ulla
1151 5292 1314 5363 662
1358 5299 1514 5359 parte
1549 5287 1885 5368 naturalium
1926 5301 2056 5356 per-

2152 4639 2274 4702 τίας
2306 4635 2507 4691 αὐτῶν.
2541 4654 2560 4688 ι
2607 4633 2754 4705 Πλὴν
2801 4633 2894 4687 καὶ
2947 4628 3428 4700 συγκαταδατικῶς
3480 4627 3591 4680 ἐσθ’
3637 4629 3742 4680 ὅτε,

2154 4729 2361 4785 λαλεῖὸ
2386 4728 2532 4791 Υἱὸς,
2566 4726 2654 4780 διὰ
2689 4726 2749 4779 τὸ
2788 4725 2936 4796 ἡμᾶς
2969 4724 3177 4793 νοῆσαι,
3206 4721 3281 4784 ὡς
3325 4719 3440 4774 ἐστι
3482 4718 3726 4784 δυνατὸν,

2154 4823 2224 4876 τὰ
2257 4823 2472 4894 ἄρρητα
2497 4819 2651 4887 λόγια
2683 4818 2831 4888 ὅμως
2859 4817 2918 4869 οὐ
2959 4814 3019 4867 τὸ
3048 4814 3219 4866 εἰπεῖν
3251 4813 3335 4866 ὅτι
3367 4809 3586 4881 ἐντολὴν
3607 4810 3729 4863 έλα-

2157 4914 2271 4979 6εν,
2294 4916 2434 4967 ποιεῖ
2465 4911 2540 4982 μὴ
2569 4907 2705 4964 εἶναι
2729 4908 2860 4962 Θεὸν
2886 4908 2976 4960 τὸν
3011 4904 3167 4974 φύσει
3198 4903 3504 4960 δνταΘεόν.
3546 4903 3614 4955 Ἢ
3633 4898 3729 4955 οὖν

2157 5006 2282 5074 λέγε
2308 5004 2459 5068 Θεὸν,
2497 5003 2592 5055 καὶ
2621 5001 2762 5054 δίδου
2795 5001 2894 5052 ὃσα
2914 5000 2980 5067 τῇ
3011 4996 3228 5066 θεότητι
3257 4994 3485 5067 ἁρμόζει
3511 4992 3668 5064 ἔχειν,
3693 4991 3728 5062 ἢ

2156 5097 2281 5166 λέγε
2311 5096 2474 5149 αὐτὸν
2504 5094 2710 5164 κτίσμα
2736 5088 3003 5160 φανερῶς.
3036 5087 3111 5142 Οὐ
3140 5087 3249 5159 γὰρ
3279 5087 3339 5139 τὸ
3375 5084 3558 5138 λαὸεἶν
3579 5086 3722 5137 ἐντο-
3736 5129 3750 5168 ς

2157 5189 2277 5262 λὴν,
2307 5188 2503 5258 γυμνοῖ
2527 5185 2633 5238 τῶν
2658 5181 2900 5253 φυσικῶν
2928 5198 3033 5234 τινι
3059 5177 3384 5251 προσώπων
3415 5175 3604 5247 ἐπειδὴ
3632 5175 3725 5228 ὅσα

2156 5284 2184 5336 6
2205 5279 2395 5350 Πατὴρ
2423 5275 2726 5330 ἐνετείλατο
2755 5273 2832 5344 τῷ
2860 5271 2976 5342 Υἱῷ
3012 5271 3180 5325 ταῦτα
3208 5268 3376 5332 λαλεῖ,
3405 5267 3499 5320 καί
3527 5282 3691 5336 φησιν
3714 5280 3728 5295 ³

482 5359 746 5448 sonarnm
775 5387 1010 5456 spoliat:
1046 5359 1492 5453 quadd—oquidem
1527 5362 1868 5449 quaecunque
1896 5375 2038 5430 Patet

2165 5393 2184 5425 ι
2225 5370 2367 5439 Ἐγὼ
2395 5371 2490 5423 καὶ
2517 5368 2546 5420 6
2572 5365 2762 5436 Πατὴρ
2800 5365 2857 5418 ἓν
2886 5364 3074 5433 ἐσμεν,
3117 5380 3134 5413 ι
3176 5359 3487 5429 ἠνάγκασεν
3533 5359 3728 5419 εἰπεῖν,

479 5476 764 5536 mandavit
807 5447 959 5530 -Filio
1014 5447 1128 5529 hate
1181 5447 1458 5543 loquitur,
1504 5447 1559 5526 et
1608 5470 1685 5523 ait
1723 5487 1736 5522 :
1775 5486 1793 5519 ‹
1839 5466 1952 5536 Ego
2003 5483 2032 5520 e

2163 5464 2286 5532 ἢτοι
2319 5462 2402 5513 ὅτι
2424 5455 2713 5528 ἀληθεύειν
2744 5457 2772 5508 6
2793 5455 2981 5525 Πατὴρ
3010 5450 3310 5506 ἐνετείλατο
3333 5449 3410 5520 τῷ
3434 5447 3564 5519 Υίῷ,
3587 5448 3621 5518 ἢ
3649 5448 3732 5500 ὅτι

484 5569 646 5626 Pater
674 5582 843 5624 unum
870 5581 1062 5622 sumus
1087 5565 1128 5630 ³,
1171 5583 1188 5616 ι
1233 5577 1463 5618 necesse
1498 5560 1594 5615 tibi
1635 5567 1722 5616 est
1751 5559 1936 5616 dicere
1966 5558 2048 5612 vel

2160 5548 2467 5623 ψεύδεσθαι.
2508 5548 2573 5601 *Α
2602 5545 2710 5617 γὰρ
2741 5545 2930 5600 ἔλαϐεν
2973 5547 3002 5598 6
3046 5542 3173 5606 Υἱὸς
3227 5539 3444 5600 ἐντολὴν
3475 5539 3725 5611 λαλῆσαι,

561 5749 578 5780 ¹
609 5746 789 5803 Jerem
859 5759 1014 5806 xxix,
1056 5742 1150 5799 23.
1227 5744 1246 5774 ²
1280 5738 1384 5797 lsa.
1414 5755 1535 5801 xm.
1564 5740 1650 5795 tl.
1727 5739 1747 5771 ³
1776 5734 1940 5793 Joan.
1970 5753 2025 5795 κ.
2062 5735 2153 5792 50.

3567 5979 3760 6140 ⁴ζέρ
