4062 6208
333 410 408 469 is
1118 399 1184 459 IN
1217 391 1555 461 JOANNEM.
1586 433 1652 446 —
1707 399 1838 460 me.
1882 404 1971 462 vn
2032 400 2121 463 ET
2175 408 2293 464 Vlll
2334 390 2779 465 FRAGMENTA.
3514 418 3581 476 η

334 524 507 580 λαλεῖο
542 538 563 574 ι
601 520 662 575 ’0
689 518 909 590 πέμψας
940 518 1071 601 γὰρ,
1113 520 1266 591 φησὶ,
1296 521 1506 593 Πατὴρ,
1534 520 1754 594 ἐντολὴν
1778 516 1902 576 ἔδω-

2009 505 2151 595 quod
2171 539 2297 579 vera
2319 522 2470 595 loqui
2490 522 2654 580 Pater
2675 521 2957 579 mandavit
2972 521 3136 592 Filio,
3156 526 3240 583 vel
3265 529 3409 602 quod
3428 502 3584 591 men-

335 632 402 669 κε
427 614 481 668 τί
505 613 644 666 εἴπω
672 611 767 666 καὶ
795 611 847 665 τί
867 611 1106 684 λαλήσω.
1140 632 1160 665 ι
1202 613 1265 667 Et
1286 612 1342 666 δὲ
1373 613 1468 666 καὶ
1494 608 1645 666 εἶπεν
1672 614 1753 667 ὅτι
1790 631 1809 666 ι
1853 614 1913 668 '0

336 707 528 777 Πατήρ
545 722 649 775 μου
679 703 877 775 μείζων
909 702 1011 776 μού
1045 705 1215 770 ἐστιν,
1243 722 1263 757 ι
1294 704 1446 758 οὐδὲν
1474 704 1732 760 ἐναντίον.
1762 705 1910 759 Καθὸ

342 798 440 871 μὲν
460 798 568 869 γὰρ
595 797 755 867 φύσει
780 796 933 861 Θεὸς,
959 797 1073 860 ίσος
1105 796 1183 867 τῷ
1209 796 1401 869 Πατρὶ,
1430 796 1564 850 καθὸ
1596 797 1652 851 δὲ
1687 798 1909 867 γέγονεν

340 886 626 958 ἄνθρωπος
661 886 756 940 καὶ
804 885 1165 940 ἐταπείνωσεν
1195 883 1404 954 ὲαύτὸν,
1436 886 1505 941 τά
1534 888 1811 958 πρέποντα
1845 890 1909 961 τῇ

340 976 719 1051 ἅνθρωπότητι
759 974 980 1050 ῥήματα
1023 974 1174 1031 λαλεῖ
1214 979 1590 1049 οἰκονομικῶς.
1623 981 1812 1050 Ὅμως
1849 981 1913 1033 τὸ

338 1075 437 1141 τῆς
474 1069 694 1140 ὲντολῆς
738 1069 908 1140 ὄνομα
935 1068 1133 1135 ἔξωθεν
1166 1069 1265 1140 τῆς
1294 1070 1482 1134 οὐσίας
1517 1070 1779 1141 ὐπάρχον,
1813 1071 1914 1126 οὐκ

339 1162 406 1216 ἂν
424 1161 639 1228 γένοιτο
661 1159 763 1229 τῆς
786 1160 977 1225 οὐσίας
998 1160 1274 1231 έγκλημιν
1305 1156 1367 1213 οὐ
1400 1161 1508 1233 γὰρ
1538 1163 1596 1214 ὲν
1629 1161 1707 1233 τῷ
1732 1158 1912 1216 ἐντέλι

339 1252 527 1305 λεσθαι
560 1250 652 1304 τδν
681 1248 920 1321 Πατέρα,
952 1246 1013 1304 τὸ
1042 1244 1181 1304 εἷναί
1207 1254 1323 1305 ἐστι
1351 1251 1428 1323 τῷ
1457 1238 1592 1323 Υίῷ,
1616 1253 1914 1309 οὐδὲτοῦτο

340 1341 549 1412 γένοιτό
579 1359 706 1395 ποτε
730 1344 831 1413 τῆς
864 1342 1051 1404 οὐσίας
1077 1343 1221 1411 ὅρος,
1263 1337 1385 1396 Οἵδε
1423 1343 1602 1397 τοίνυν
1632 1347 1660 1398 6
1692 1343 1817 1408 Υἱὸς
1837 1344 1914 1410 ὡς

342 1431 507 1505 βουλὴ
538 1433 633 1487 καὶ
665 1432 824 1501 σοφία
855 1431 949 1485 τοῦ
981 1429 1215 1504 Πατρὸς,
1251 1432 1311 1486 τὸ
1340 1433 1624 1506 ἀραρότως
1649 1434 1912 1506 κεκριμέ-

341 1542 435 1579 νον
461 1527 587 1597 παρ’
609 1523 796 1579 αὐτοῦ.
831 1525 892 1576 Ei
927 1524 982 1576 δὲ
1011 1523 1086 1587 ὡς
1124 1523 1341 1595 ἐντολὴν
1390 1523 1621 1595 δέχεται,
1663 1525 1738 1597 μὴ
1780 1525 1911 1579 θαυ-

345 1614 544 1685 μάσῃς·
596 1612 957 1684 ἀνθρωπίνοις
984 1611 1095 1684 γάρ
1122 1611 1304 1682 λόγοις
1346 1612 1418 1668 τὰ
1454 1614 1591 1686 ὑπὲρ
1621 1612 1779 1683 λόγον
1817 1630 1913 1687 σηε-

344 1693 616 1776 μαίνεται,
652 1704 749 1757 καὶ
793 1704 864 1758 τά
900 1706 1024 1768 ταῖς
1071 1704 1367 1776 ἡμετέραις
1407 1705 1622 1778 ἄρρητα
1686 1710 1911 1776 φωναῖς,

339 1793 695 1866 κατεσπάσθη
749 1793 887 1865 πρὸς
934 1793 1025 1848 τὸν
1079 1793 1235 1863 λόγον
1287 1793 1379 1848 τὸν
1416 1797 1474 1848 ὲν
1505 1789 1657 1867 ἡμῖν,
1699 1796 1785 1850 ἵνα
1820 1796 1914 1850 καὶ

2013 615 2131 670 tiri.
2155 615 2288 682 Quae
2314 616 2463 671 enim
2498 615 2552 670 in
2578 614 2852 671 mandatis
2878 614 3069 671 habuit
3098 616 3271 675 Filius
3304 628 3364 675 ιιι
3390 621 3580 695 loque-

2017 711 2193 771 retur,
2229 705 2477 774 loquitur
2509 720 2523 758 :
2563 721 2581 755 ι
2611 702 2713 771 Qui
2754 719 2842 760 me
2869 706 3015 760 enim
3041 706 3190 761 misit
3223 705 3405 775 Pater,
3424 726 3582 769 man-

2016 793 2205 850 datum
2248 795 2399 850 dedit
2435 794 2565 863 quid
2600 793 2785 867 dicam
2830 802 2885 848 et
2924 796 3070 865 quod
3100 797 3296 867 loquar
3323 798 3364 855 ⁸.
3409 819 3429 853 ι
3462 799 3583 859 Etsi

2011 899 2143 940 vero
2177 884 2317 940 dixit
2351 903 2366 940 :
2406 902 2424 935 ι
2470 881 2633 939 Pater
2669 898 2822 940 meus
2859 885 3038 957 major
3074 902 3160 943 me
3196 898 3279 944 est
3306 890 3350 953 ⁸,
3387 909 3406 943 ι
3446 892 3584 947 nihil

2012 982 2097 1032 est
2150 976 2515 1031 contrarium.
2546 973 2603 1029 In
2651 982 2919 1045 quantum
2977 979 3123 1034 enim
3167 987 3364 1035 natura
3416 981 3580 1051 Deus,

2012 1067 2245 1138 aequalis
2298 1074 2383 1122 est
2419 1066 2570 1120 Patri
2609 1079 2621 1121 :
2666 1066 2719 1120 in
2768 1076 3034 1137 quantum
3082 1086 3213 1126 vero
3264 1071 3445 1129 factus
3498 1087 3584 1132 est

2014 1158 2199 1225 homo,
2244 1166 2299 1213 et
2347 1158 2654 1212 humiliavit
2707 1159 2975 1230 seipsum,
3006 1162 3170 1217 verba
3222 1179 3344 1234 quae
3389 1166 3585 1223 decent

2013 1249 2412 1303 humanitatem
2470 1249 2815 1305 teconomice
2868 1250 3134 1321 loquitur.
3194 1252 3583 1313 Verumtamen

2012 1341 2256 1397 mandati
2286 1356 2509 1407 nomen,
2533 1356 2657 1397 cum
2702 1353 2857 1398 extra
2900 1346 3196 1400 essentiam
3245 1347 3339 1414 sit,
3394 1351 3581 1405 nullo.

2013 1433 2178 1487 modo
2208 1433 2459 1488 essentia;
2497 1431 2819 1501 praeiudicat
2856 1453 2868 1489 :
2905 1450 3015 1490 non
3064 1436 3210 1492 enim
3251 1438 3308 1494 in
3343 1454 3408 1496 eo
3439 1441 3584 1512 quod

2013 1519 2175 1576 Pater
2205 1522 2439 1592 imperat
2479 1530 2562 1577 est
2615 1538 2739 1579 esse
2789 1521 2954 1588 Filio,
3003 1540 3182 1596 neque
3234 1528 3287 1582 id
3340 1545 3579 1600 unquam

2016 1611 2181 1666 fuerit.
2208 1612 2465 1688 essentia
2495 1612 2769 1668 terminus
2801 1620 2897 1667 aut
2933 1614 3197 1669 deﬁnitio.
3227 1615 3385 1672 Novit
3415 1619 3583 1690 igitur

2013 1700 2188 1760 Filius
2213 1709 2495 1773 tanquam,
2514 1703 2805 1759 consilium
2829 1712 2884 1759 et
2912 1704 3183 1774 sapientia
3210 1705 3412 1777 Patris,
3437 1714 3583 1781 quod

2015 1794 2085 1849 ab
2110 1809 2176 1849 eo
2202 1794 2597 1851 convenienter
2621 1792 2929 1865 iudicatum
2957 1805 3059 1853 est.
3086 1794 3144 1851 Si
3165 1812 3294 1855 vero
3324 1810 3580 1872 tanquam

337 1888 480 1941 νοεῖν
529 1885 856 1957 ἰσχύσωμεν.
888 1883 1270 1957 Δίτιασώμεθα
1314 1884 1514 1951 τοίνυν,
1567 1886 1629 1939 οὐ
1678 1885 1775 1958 τὴν
1819 1887 1902 1942 τοῖ

2016 1884 2331 1940 mandatum
2366 1886 2591 1956 accipit,
2620 1901 2690 1943 ne
2723 1886 2983 1956 mireris;
3010 1886 3267 1944 humanis
3291 1867 3578 1949 enim-ser.

340 1978 663 2049 πράγματος
691 1977 945 2053 ἀτοπίαν,
978 1977 1115 2061 ἀλλὰ
1148 1977 1247 2050 τὴν
1289 1976 1398 2031 τῶν
1453 1977 1713 2050 ῥημάτων
1752 1978 1911 2033 ἀσθέ-

337 2085 490 2123 νειαν
528 2069 590 2122 οὐ
635 2067 949 2139 δυναμένων
998 2068 1306 2138 ἐφικέσθαι,
1358 2066 1479 2121 καθ’
1522 2068 1582 2123 ὃν
1627 2068 1734 2123 ἔδει
1781 2069 1909 2141 τρόο

340 2174 459 2222 πον,
493 2160 593 2229 τῆς
620 2158 728 2213 τῶν
761 2159 1102 2230 πραγμάτων
1158 2157 1445 2229 ποιότητος
1491 2157 1586 2213 καὶ
1643 2157 1907 2230 ἀκριϐοῦς

338 2248 655 2320 ἑρμηνείας.

2017 1975 2274 2030 monibus
2302 1989 2425 2045 qua:
2455 1990 2622 2047 supra
2658 1990 2971 2033 sermonem
3015 1984 3145 2033 sunt
3174 1978 3579 2049 signiﬁcantur,

2014 2072 2070 2120 et
2098 2080 2219 2136 qua:
2247 2066 2456 2122 nostris
2487 2067 2716 2122 vocibus
2757 2065 2992 2137 exprimi
3033 2081 3145 2122 non
3182 2077 3418 2139 possunt
3446 2085 3580 2126 con-

2013 2163 2191 2211 tracta
2234 2166 2363 2213 sunt
2412 2155 2482 2211 ad
2518 2158 2787 2212 rationem
2828 2156 3100 2212 internam
3151 2172 3269 2229 qua:
3315 2157 3369 2214 in
3421 2159 3580 2216 nobis

2010 2256 2116 2314 est,
2144 2257 2201 2303 ut
2235 2247 2480 2320 cogitare
2505 2248 2804 2304 valeamus.
2833 2246 3013 2314 Quare
3051 2248 3438 2321 incusabimus,
3465 2265 3580 2307 non

338 2360 526 2399 rerum
559 2344 910 2400 insolentiam
938 2351 998 2399 et
1037 2343 1458 2409 absurditatem,
1512 2343 1610 2400 sed
1651 2343 1949 2399 verborum
1987 2341 2385 2411 inﬁrmitatem,
2436 2358 2558 2414 quae
2615 2357 2800 2398 rerum
2854 2342 3179 2414 qualitatem
3238 2353 3581 2399 accuratam-

340 2455 447 2509 que
481 2439 988 2509 interpretationem
1027 2454 1126 2509 pro
1161 2455 1349 2496 earum
1384 2440 1656 2512 dignitate
1686 2440 1909 2511 assequi
1944 2453 2055 2495 non
2095 2446 2350 2510 possunt.

415 2535 653 2600 Σχλσμα
679 2528 791 2587 οὖν
827 2531 1009 2587 πάλιν
1042 2532 1278 2603 ἐγένετο
1321 2533 1391 2588 ἐν
1415 2532 1539 2599 τοῖς
1581 2533 1902 2599 Ἰουδαίοις,

346 2620 443 2687 καὶ
474 2619 543 2672 τὰ
570 2620 715 2691 ἑξῆς.

413 2711 642 2765 Κάτεισι
715 2709 809 2765 τοῦ
885 2712 1134 2783 Σωτῆρος
1188 2714 1216 2767 6
1284 2714 1440 2782 λόγος
1505 2713 1586 2776 εἰς
1644 2712 1741 2777 τὰς
1797 2712 1906 2766 τῶν

338 2803 702 2875 ἀκροωμένων
744 2803 985 2876 καρδίας,
1022 2804 1115 2859 καὶ
1146 2803 1565 2877 τρυφερωτέρας
1596 2804 1696 2876 μὲν
1729 2803 1905 2876 εὐρὼν

338 2894 704 2967 μεταπλάττει
738 2896 1100 2966 παραχρῆμα,
1139 2895 1235 2949 καὶ
1277 2896 1415 2966 πρὸς
1443 2894 1554 2960 ἕξιν
1591 2893 1907 2965 μεθίστησιν

336 2986 577 3056 ἀγαθήν
636 2984 896 3056 σκληραῖς
945 2985 1002 3039 δὲ
1038 2984 1347 3056 περιτυχὼν
1410 2985 1767 3040 ἀπανίσταται
1814 2988 1908 3041 καὶ

334 3076 589 3130 ἀπονεύει
616 3077 813 3147 τρόπον
838 3075 981 3130 τινά.
1008 3075 1215 3129 Οὐκοῦν
1253 3079 1282 3130 6
1310 3075 1410 3147 μὲν
1444 3076 1659 3147 ἕτοιμόν
1686 3096 1803 3142 πως
1829 3080 1908 3143 είς

333 3166 751 3239 εὐγνωμοσύνην
777 3168 916 3238 ἔχων
940 3166 1028 3221 τὸν
1059 3167 1203 3231 νοῦν,
1231 3168 1329 3223 τὸν
1360 3172 1625 3242 σωτήριον
1650 3169 1903 3241 ἀσμένως

2084 2504 2151 2596 ᾖ,
2182 2529 2266 2585 19.
2304 2529 2585 2583 υίεκηεὶο
2610 2504 2802 2582 iterum
2828 2528 2977 2596 facta
2997 2537 3076 2583 est
3105 2528 3241 2583 inter
3266 2527 3504 2584 ludens.

2085 2701 2396 2762 Servatoris
2447 2719 2629 2761 sermo
2675 2704 2960 2761 descendit
3003 2705 3059 2760 in
3115 2686 3428 2763 auditorum
3482 2724 3579 2782 pe-

2015 2806 2191 2863 ctora,
2216 2812 2389 2868 eaque
2426 2806 2623 2852 nactus
2658 2796 3005 2866 aliquantum
3044 2796 3254 2863 mollia,
3287 2797 3580 2870 derepente

2014 2895 2191 2946 mutat
2223 2896 2276 2945 et
2324 2888 2393 2945 ad
2430 2888 2633 2946 bonum
2667 2887 2908 2945 traducit
2944 2886 3206 2944 'habitum
3252 2907 3266 2944 :
3297 2888 3577 2949 oﬂ'endens

2008 2994 2143 3036 vero
2188 2979 2349 3048 dura,
2402 2979 2809 3052 quodammodo
2867 2981 3078 3036 recedit
3112 2995 3176 3036 ac
3225 2982 3574 3041 retrofertur.

2006 3068 2181 3143 Igitur
2232 3072 2322 3127 cui
2405 3087 2562 3128 mens
2624 3072 2692 3128 ad
2756 3073 3192 3129 benevolentiam
3261 3084 3575 3146 comparata

2008 3164 2196 3230 fuerit,
2250 3165 2563 3220 Servatoris
2609 3179 2919 3222 sermonem
2975 3167 3154 3223 libens
3211 3169 3446 3241 excipit;
3480 3173 3575 3242 qui

334 3258 693 3329 παραδέξεται
717 3258 894 3328 λόγον,
924 3260 954 3310 6
973 3254 1029 3310 δὲ
1056 3256 1130 3328 μὴ
1152 3254 1408 3324 τοιοῦτος,
1427 3259 1629 3313 οὐκέτι.
1654 3259 1902 3313 Τοιοῦτόν

2007 3271 2166 3312 secus
2206 3271 2266 3312 se
2294 3256 2478 3322 habet,
2523 3271 2889 3328 nequaquam.
2920 3258 3111 3314 Simile
3147 3260 3405 3331 quiddam
3439 3278 3574 3318 usu-

334 3366 383 3402 τι
413 3350 615 3421 συνέϐη
639 3349 829 3405 παθεῖν
860 3350 985 3413 τοὺς
1030 3348 1293 3402 Ἰουδαίων
1319 3348 1500 3413 λαούς.
1546 3349 1766 3421 Ἐπειδὴ
1797 3350 1905 3421 γὰρ

333 3440 441 3495 τῶν
462 3441 556 3494 τοῦ
586 3442 835 3512 Σωτῆρος
866 3439 1307 3510 κατηκροάσαντο
1335 3439 1529 3509 λόγων,
1558 3440 1907 3511 κατασχίζον-

335 3549 424 3588 ται
445 3533 584 3604 πρὸς
611 3532 896 3602 διχόνοιαν,
940 3532 1033 3583 καὶ
1073 3532 1121 3583 oi
1174 3530 1273 3601 μὲν
1311 3529 1777 3602 αἰσθητικώτεροι,
1815 3529 1907 3601 ρέα-

334 3640 527 3680 πουσιν
559 3624 662 3696 ἥδη
685 3624 821 3693 πρὸς
845 3622 1118 3694 σωτηρίας
1143 3622 1339 3692 ἀρχήν·
1374 3621 1424 3675 oi
1457 3620 1513 3674 δὲ
1538 3620 1783 3692 σκληροὶ,
1814 3638 1903 3673 νο-

338 3715 487 3770 σοῦσι
514 3718 795 3787 χειρόνως,
818 3714 961 3785 ἥπερ
990 3708 1134 3783 εἶχον
1166 3713 1223 3766 ὲν
1257 3713 1422 3783 ἀρχῇ.
1449 3710 1902 3782 Καταπλήττεται

336 3805 392 3858 δὲ
431 3805 624 3877 ὥσπερ
673 3807 702 3858 6
744 3803 1028 3866 θεσπέσιος
1062 3800 1454 3872 εὐαγγελιστὴς
1490 3803 1539 3855 εί
1568 3801 1655 3855 διὰ
1683 3799 1903 3864 τούτους

336 3896 457 3959 τοὺς
483 3896 676 3964 λόγους
713 3892 908 3966 συνέϐη
938 3893 1225 3964 σχισθῆναι
1255 3893 1381 3955 τοὺς
1419 3890 1685 3945 Ἰουδαίων
1715 3890 1896 3955 λαούς.

345 3983 834 4055 Ἐμφαντικὼτατα
863 3987 971 4056 γὰρ
989 3980 1143 4055 οἶμαι
1172 3982 1350 4051 λέγειν
1381 3980 1541 4037 αὐτὸν
1577 3980 1636 4036 τὸ
1668 3982 1901 4053 σκληρὸν

331 4076 434 4129 τῶν
460 4075 874 4146 ἀπειθησάντων
901 4073 1272 4146 θαυμάζοντα,
1304 4075 1385 4129 ὅτι
1425 4074 1633 4147 σχίσμα
1686 4076 1901 4144 ἐγένετο

330 4165 415 4220 διὰ
445 4166 574 4230 τοὺς
595 4166 785 4235 λόγους
810 4164 1029 4229 τούτους
1049 4164 1117 4219 δι’
1136 4163 1247 4229 οὓς.
1270 4166 1455 4237 φησὶν,
1486 4165 1593 4220 ἔδει
1624 4168 1749 4231 τοὺς
1772 4167 1899 4220 ’1ου-

330 4257 509 4322 δαίους
538 4256 780 4329 ἀκριϐῶς
809 4254 1098 4325 πεισθῆναι
1113 4255 1195 4309 ὅτι
1229 4256 1389 4319 αὐτός
1418 4257 1564 4310 ἐστιν
1593 4258 1621 4309 6
1642 4254 1891 4327 Χριστός·

328 4348 581 4401 τοσοῦτον
595 4347 736 4418 ἦσαν
750 4348 799 4400 οἱ
826 4346 920 4400 τοῦ
937 4346 1188 4418 Σωτῆρος
1217 4345 1364 4412 λόγοι
1390 4344 1709 4415 θαυμαστοί.
1739 4346 1897 4400 Ἀλλά

334 4439 422 4492 καὶ
475 4438 684 4492 τούτων
731 4439 914 4501 αὐτοῖς
962 4436 1266 4509 εἰρημένων
1317 4431 1400 4500 οἷς
1444 4437 1590 4501 εἰκὸς
1637 4432 1706 4509 ἦν
1760 4437 1896 4508 πρὸς

2009 3348 2160 3403 venit
2209 3343 2524 3403 Iudaeorum
2554 3349 2797 3419 populis.
2839 3348 3137 3419 Postquam
3180 3351 3327 3406 enim
3377 3350 3575 3408 Serva-

2010 3440 2149 3496 toris
2195 3439 2720 3504 verha_audierunt,
2775 3440 2831 3494 in
2886 3448 3074 3510 partes
3126 3441 3286 3496 scissi
3339 3453 3490 3509 sunt,
3520 3450 3575 3498 et

2010 3529 2227 3599 quidem
2273 3529 2435 3599 paulo
2490 3529 2797 3585 teneriores
2843 3528 2959 3598 jam
2998 3528 3064 3583 ad
3104 3529 3322 3584 initium
3376 3533 3573 3589 salutis

2004 3627 2260 3691 vergunt,
2289 3620 2410 3675 duri
2434 3634 2564 3675 vero
2596 3620 2886 3690 plusquam
2923 3628 3082 3675 antea
3116 3629 3402 3692 aegrotant.
3427 3622 3575 3690 Quo-

2002 3711 2297 3767 dammodo
2326 3725 2458 3767 vero
2485 3711 2826 3782 obstupescit
2858 3710 3082 3768 divinus
3109 3713 3443 3783 evangelista
3477 3717 3569 3785 qui

2003 3802 2157 3858 ﬂeret
2205 3811 2265 3856 ut
2304 3808 2529 3872 propter
2572 3800 2676 3856 hos
2709 3815 2992 3857 sermones
3031 3798 3205 3855 Judaei
3254 3801 3574 3859 scinderen-

2007 3901 2117 3950 tur.
2153 3891 2291 3947 Puto
2333 3892 2481 3948 enim
2511 3906 2639 3947 eum
2672 3893 2961 3947 mirantem
2994 3892 3251 3948 duritiem
3286 3893 3572 3950 rebellium

2010 3986 2347 4057 minimeque
2382 3986 2804 4057 obsequentium
2847 3985 3035 4043 dicere
3076 3986 3369 4043 admodum
3398 3987 3573 4059 signi-

2007 4074 2234 4129 ficanter
2272 4074 2578 4130 scissuram
2610 4075 2813 4130 factam
2851 4090 2975 4132 esse
3010 4084 3235 4147 propter
3272 4076 3424 4148 ipsos
3452 4092 3570 4133 ser-

2006 4179 2222 4230 mones,
2261 4171 2483 4235 propter
2516 4179 2680 4235 quos,
2728 4166 2945 4234 inquit,
2990 4164 3197 4221 Judaeis
3249 4166 3572 4236 plenissime

2006 4267 2334 4325 persuasum
2365 4267 2490 4310 esse
2515 4252 2755 4322 oportuit
2775 4267 2900 4307 eum
2930 4268 3051 4308 esse
3074 4252 3377 4319 Christum,
3397 4270 3572 4322 usque

2005 4345 2144 4401 adeo
2175 4344 2485 4401 admirandi
2516 4353 2673 4401 erant
2703 4344 3010 4400 Servatoris
3034 4359 3335 4410 sermones.
3362 4345 3568 4402 Etcum

2003 4438 2120 4493 haec
2144 4437 2226 4493 eis
2244 4437 2393 4493 dicta
2425 4444 2635 4503 essent,
2656 4436 2858 4508 quibus
2887 4451 2984 4507 par
3012 4445 3159 4495 esset
3181 4436 3343 4510 663
3372 4452 3567 4514 quem-

331 4526 640 4580 εὐπείθειαν
665 4525 1063 4599 σαγηνεύεσθαι
1087 4524 1179 4578 καὶ
1197 4525 1290 4578 τὸν
1317 4526 1519 4598 σφόδρα
1541 4526 1895 4599 δυσθήρατον,

2007 4529 2132 4585 libet
2154 4528 2239 4584 vel
2277 4527 2517 4584 maxime
2554 4528 2678 4598 capi
2717 4525 2992 4583 ditlicilem
3036 4528 3102 4582 ad
3128 4530 3455 4600 obsequium
3493 4529 3570 4583 ir.

334 4621 534 4690 σχίσμα
556 4620 781 4687 γέγονεν
813 4618 1017 4681 αὐτοῖς.
1064 4615 1466 4687 Ἀποθαυμάζει
1496 4619 1674 4673 τοίνυν
1698 4619 1893 4683 αὐτοὺς

328 4713 409 4772 εἱς
436 4710 783 4780 ἀναίσχυντον
818 4708 1100 4780 παρακοὴν
1125 4708 1353 4773 ἀνοσίως
1398 4710 1888 4781 ὲκτετραμμένους.

326 4799 576 4870 Τοσούτῳ
606 4800 742 4872 γὰρ,
772 4797 946 4871 οἶμαι,
978 4799 1398 4871 κατηγορεῖσθαι
1430 4799 1646 4865 δίκαιοι,
1677 4801 1893 4872 ὅσῳπερ

323 4888 392 4943 ἂν
419 4889 643 4953 είκότως
669 4893 697 4945 6
721 4908 788 4943 πε
796 4890 852 4962 ρὶ
870 4890 964 4944 τοῦ
987 4892 1236 4962 Σωτῆρος
1257 4888 1413 4961 ἡμῶν
1442 4889 1770 4962 θαυμάζοιτο
1801 4890 1892 4944 λό-

322 4997 435 5049 γος.
482 4980 542 5032 ’0
572 4982 668 5051 μὲν
694 4977 789 5034 οὖν
823 4980 1001 5033 ὲλάλει
1026 4979 1302 5051 θεοπρεπῆ
1340 4979 1432 5033 καὶ
1459 4980 1601 5051 ἆπερ
1623 4980 1895 5050 ὑπερανα-

323 5070 497 5127 6αίνει
528 5072 834 5143 ἄνθρωπονς
882 5073 916 5143 ἡ
966 5068 1022 5123 δὲ
1060 5070 1167 5126 τῶν
1214 5070 1356 5142 ὑπὲρ
1399 5070 1681 5140 ἄνθρωπον
1720 5072 1894 5140 λόγων

322 5162 644 5232 λαμπρότης
665 5163 760 5215 καὶ
789 5162 822 5231 ἡ
847 5161 1154 5233 θεοπρεπὴς
1176 5161 1475 5234 παρρησία,
1501 5160 1638 5230 πρὸς
1657 5160 1894 5232 ἄκρατον

326 5251 582 5305 ἀδουλίαν
609 5252 856 5322 ἐξίστησι
878 5251 1003 5314 τοὺς
1028 5250 1274 5314 πολλούς.
1293 5251 1403 5304 Καὶ
1429 5249 1657 5319 ἐπείπερ
1681 5246 1748 5320 ἦν
1775 5249 1894 5313 ἔθος

320 5344 432 5404 τοῖς
482 5341 698 5413 ἀληθῶς
744 5341 1211 5412 δαιμονιζομένοις
1262 5343 1659 5414 προχειρότατα
1689 5342 1895 5413 δυσφη-

325 5437 463 5501 μεῖν,
491 5433 589 5486 ἃτε
640 5432 705 5503 δὴ
752 5432 1133 5503 λελυττηκόσιν
1191 5431 1426 5495 εὐκόλως
1481 5434 1574 5487 καὶ
1626 5435 1893 5498 συνέσεως

322 5518 535 5593 ἁπάσης
569 5523 674 5589 ἔξω
715 5524 1005 5594 κειμένοις,
1046 5520 1213 5592 ᾤοντο
1243 5522 1299 5574 δὲ
1328 5522 1417 5576 τὸν
1443 5523 1644 5593 Κύριον
1669 5523 1891 5595 ἀνθρω-

324 5630 416 5665 πον
466 5610 605 5667 εἶναι
638 5613 814 5682 ψιλὸν,
843 5614 943 5666 οὐκ
976 5611 1301 5674 ἐννοοῦντες,
1336 5613 1417 5665 ὅτι
1448 5612 1577 5676 Θεὸς
1612 5611 1679 5684 ἦν
1705 5614 1882 5683 φύσει,

400 5779 592 5869 Ἴοαῃ.
632 5808 730 5856 an,
759 5786 845 5847 ω’.
925 5790 1125 5846 ’Joau.
1160 5805 1267 5856 inv,
1298 5789 1389 5843 28.

2002 4621 2176 4689 retiri,
2207 4620 2444 4677 schisma
2473 4619 2677 4676 factum
2710 4628 2793 4675 est
2820 4619 2922 4677 eis.
2961 4618 3190 4674 Miratur
3213 4636 3343 4692 ergo
3376 4637 3471 4678 eos
3511 4622 3566 4678 in

2000 4717 2110 4763 tam
2166 4708 2541 4780 impudentem
2590 4707 2994 4764 contumaciam
3034 4707 3201 4778 impie
3244 4724 3562 4767 conversos.

1999 4796 2177 4855 Tanto
2222 4798 2396 4871 magis
2434 4798 2579 4855 enim
2627 4798 2878 4854 accusari
2912 4808 3210 4863 merentur,
3246 4810 3451 4870 quanto
3481 4801 3565 4855 vi-

2000 4889 2202 4945 delicet
2227 4889 2540 4957 Servatoris
2566 4903 2748 4945 sermo
2770 4887 2972 4958 majori
3001 4888 3344 4944 admirationi
3373 4878 3562 4945 fuerit.

1998 4980 2094 5035 llle
2145 4981 2291 5036 enim
2337 4979 2451 5034 Deo
2505 4980 2667 5051 digna
2701 4986 2758 5035 et
2791 4978 3066 5034 hominem
3117 4980 3560 5037 transcendentia

1997 5071 2326 5142 loquebatur
2343 5088 2357 5136 ;
2374 5068 2634 5140 splendor
2666 5082 2802 5122 vero
2828 5068 3118 5122 verborum
3147 5067 3370 5122 homine
3388 5068 3562 5123 subli-

1996 5161 2233 5216 miorum
2282 5170 2334 5215 et
2388 5161 2727 5216 conveniens
2768 5158 2878 5214 Deo
2910 5157 3172 5228 loquendi
3222 5158 3446 5217 libertas
3492 5159 3560 5214 ad

1996 5251 2349 5308 immodicam
2383 5254 2693 5309 vecordiam
2732 5258 2786 5307 et
2834 5250 3199 5315 temeritatem
3225 5250 3421 5322 vulgus
3455 5251 3559 5305 im-

1997 5345 2173 5424 pellit.
2207 5343 2274 5398 Et
2300 5345 2429 5413 quia
2470 5343 2642 5399 moris
2681 5352 2763 5399 est
2798 5343 2866 5399 iis
2896 5342 2989 5411 qui
3024 5342 3203 5412 reipsa
3231 5342 3561 5398 daemonium

1998 5437 2202 5492 habent
2228 5435 2563 5492 effusissime
2592 5434 2945 5498 maledicere,
2969 5441 3161 5502 utpote
3191 5432 3288 5504 qui
3318 5431 3478 5489 facile
3505 5432 3560 5486 in

1996 5526 2209 5582 rabiem
2241 5533 2494 5598 agantur,
2539 5533 2594 5581 et
2625 5525 2692 5581 de
2722 5532 2869 5581 statu
2903 5525 3101 5580 mentis
3131 5523 3354 5580 omnino
3390 5521 3559 5579 emoti

1997 5616 2129 5683 sint,
2161 5618 2429 5687 putabant
2458 5617 2746 5673 Dominum
2775 5617 3051 5673 hominem
3079 5613 3387 5685 simplicem
3417 5625 3559 5675 esse,
