4062 6208
447 358 514 413 l5
1430 355 1485 408 S.
1527 350 1806 410 CYRILLI
1847 353 2017 411 Αιες

2120 351 2317 409 ιοηιΝι
2355 351 2678 411 ARCHIEP.
3608 354 3678 409 lii

446 470 586 526 haud
621 467 1118 524 animadvertentes
1145 482 1268 524 cum
1291 482 1415 526 esse
1434 478 1632 525 natura
1657 466 1846 535 Deum,
1866 470 2017 529 idem

2120 469 2203 527 διὰ
2226 470 2384 526 τοῦτο
2410 468 2487 536 ὡς
2507 470 2832 543 ἀκρατήτως
2861 467 3324 541 βλασφημοῦντες,
3347 467 3684 540 δαιμονῶντα

444 579 550 632 que
579 561 644 616 ad
677 560 1038 615 contumelias
1066 558 1299 617 ell‘renes
1333 560 1439 631 ipsi
1468 560 1718 618 dmmone
1745 563 2009 633 agitatum

445 653 734 710 vocabant.
783 652 1094 707 Audiebant
1130 652 1275 708 enim
1310 652 1580 708 dicentem
1628 668 1692 708 ea
1743 668 1866 725 quae
1916 654 2010 708 uni

451 745 558 798 lico
604 742 786 797 dicere
838 742 1204 812 covnpetebat,
1253 750 1514 812 tanquam
1570 758 1741 796 unum
1794 758 1927 798 vero
1957 757 2013 796 ‘e

447 835 609 889 nobis
639 834 985 898 videntes,et
1036 833 1161 902 quis
1214 832 1520 888 secundum
1568 840 1822 887 naturam
1870 842 2016 889 esset

446 927 688 981 nondum
736 933 1156 997 cognoscentes,
1206 939 1331 979 cum
1386 924 1593 994 aliquid
1628 923 1737 980 Deo
1787 924 2011 995 dignum

445 1018 677 1077 diceret,
705 1016 1081 1086 blasphemias
1122 1015 1646 1085 interpretabantur.
1672 1014 1837 1087 Igitur
1868 1030 2016 1071 (eco-

446 1110 661 1163 nomice
708 1117 762 1164 et
804 1123 987 1163 rerum
1031 1108 1226 1162 ordine
1263 1114 1502 1178 prepter
1541 1107 1878 1161 audientium
1916 1107 2015 1161 im-

448 1195 794 1250 becillitatem
825 1209 1204 1265 smpenumcro
1237 1195 1514 1251 submisse
1540 1202 1592 1250 et
1617 1195 1821 1250 usitato
1856 1195 2015 1252 nobis

447 1301 705 1342 sermone
747 1286 1012 1356 loquitur.
1044 1287 1188 1356 Ergo
1240 1286 1516 1341 scinditur
1562 1284 1876 1341 Iudaeorum
1918 1301 2014 1356 po.

445 1379 632 1449 pulus,
667 1387 722 1434 et
780 1378 873 1432 alii
930 1377 1153 1448 quidem
1211 1392 1558 1448 nequaquam
1616 1378 2016 1448 perpendentes

446 1468 704 1540 mysteria
742 1482 863 1537 qum
912 1467 969 1521 in
1017 1467 1106 1522 his
1156 1474 1339 1533 erant,
1400 1467 1571 1536 impie
1624 1468 2011 1523 contumeliosi

447 1560 715 1625 sunt;alii
749 1576 878 1614 vero
909 1559 1077 1614 animi
1105 1559 1294 1614 habitu
1318 1559 1719 1616 moderatiores
1739 1576 1847 1614 non
1882 1575 2018 1630 prm-

448 1668 679 1721 propere
709 1651 1100 1706 condemnant.
1131 1649 1491 1707 Revolventes
1543 1663 1722 1707 autem
1779 1652 1921 1723 apud
1958 1666 2018 1706 se

446 1746 567 1811 ejus
607 1744 770 1798 verba
799 1753 853 1798 et
891 1752 1146 1799 accurate
1184 1742 1576 1814 expendentes,
1604 1758 1798 1798 eorum
1836 1743 2019 1798 suavi-

2115 562 2362 621 ὶκάλουν.
2402 563 2640 617 ’Ἤκουον
2674 562 2783 635 γὰρ
2807 562 3227 634 λέγοντοςιᾶπερ
3255 562 3321 616 ἂν
3354 562 3560 634 πρέποι
3593 561 3687 632 p.6-

2116 673 2190 729 νῳ
2211 655 2387 726 λέγειν
2408 653 2485 726 τῷ
2503 652 2621 726 Θεῷ
2637 672 2650 686 ·
2678 653 2753 718 ὼς
2777 653 2872 709 ἕνα
2896 654 2952 707 δὲ
2977 652 3084 708 τῶν
3113 654 3236 707 καθ’
3260 655 3406 725 ἡμᾶς
3430 651 3686 723 ὁρῶντες,

2114 749 2208 801 καὶ
2244 747 2326 812 τίς
2356 749 2470 803 ἐστι
2497 745 2637 800 κατὰ
2677 744 2839 815 φύσιν
2870 745 3024 799 οὔπω
3054 745 3435 814 γινώσκοντες,
3479 742 3683 814 δυσφη-

2119 842 2239 911 μεῖν
2273 840 2523 912 ὲνὸμιζον
2559 840 2649 894 ὅτε
2676 856 2729 891 τι
2762 837 2910 907 λέγει
2944 836 3263 908 θεοπρεπὲς.
3305 836 3513 890 Οὐκοῦν
3540 838 3688 890 οἱκο-

2115 932 2360 1004 νομικῶς
2385 931 2475 986 διὰ
2501 930 2598 1003 τὴν
2622 930 2732 984 τῶν
2757 930 3124 1002 ἀκροωμένων
3149 929 3428 983 ἀσθένειαν
3462 927 3688 1000 ὑφειμέ-

2115 1041 2221 1087 νως
2273 1022 2534 1086 πολλάκις
2584 1021 2677 1076 καὶ
2721 1019 2800 1091 τῷ
2849 1020 2972 1074 καθ’
3017 1021 3167 1090 ἡμᾶς
3211 1020 3474 1091 κέχρηται
3522 1019 3685 1090 λόγῳ.

2118 1110 2520 1183 Κατασχίζεται
2565 1111 2746 1164 τοίνυν
2778 1110 2886 1163 τῶν
2928 1108 3198 1163 Ἰουδαίων
3235 1112 3264 1163 6
3290 1111 3479 1180 δῆμος,
3509 1111 3604 1164 καὶ
3637 1112 3686 1164 οί

2120 1202 2241 1275 μὲν,
2269 1203 2419 1256 οὐδὲν
2453 1202 2805 1268 ὲννοήσαντες
2829 1200 2980 1264 ’ὅλως
3004 1199 3114 1253 τῶν
3144 1200 3231 1253 ἐπ’
3266 1200 3447 1265 αὐτοῖς
3480 1218 3688 1273 μυστη-

2120 1293 2273 1364 ρίων,
2303 1291 2532 1354 ἀνοσίως
2559 1289 2959 1362 ὐόρίζουσιν,ὀὶ
2980 1289 3036 1343 δὲ
3052 1290 3150 1358 τὴν
3166 1289 3278 1356 ἕξιν
3296 1291 3688 1364 ἐπιεικέστεροι

2118 1381 2425 1453 προχείρως
2450 1380 2510 1433 οὐ
2537 1379 2977 1451 κατακρίνουσιν.
2995 1377 3446 1449 Ἀναμασὼμενοι
3474 1379 3533 1432 δὲ
3560 1379 3688 1443 τοὺς

2119 1471 2250 1542 παρ’
2273 1470 2438 1524 αὐτοῦ
2478 1470 2669 1539 λόγους
2689 1470 2786 1524 καὶ
2819 1469 2957 1538 μετὰ
2980 1468 3264 1541 ἀκριϐείας
3284 1468 3687 1539 βασανίζοντες,

2117 1566 2217 1635 τῆς
2245 1567 2303 1618 ὲν
2336 1565 2516 1629 αὐτοῖς
2546 1563 2879 1633 γλυκύτητος
2916 1562 3354 1625 ὑπαισθάνονται,
3387 1563 3691 1633 δοκιμωτά-

2118 1673 2218 1727 την
2268 1673 2323 1710 τε
2360 1655 2502 1709 οὔτω
2544 1655 2822 1709 ποιοῦνται
2850 1655 2947 1725 τὴν
2975 1655 3267 1726 διάκρισιν,
3298 1657 3565 1726 νήφοντας
3596 1655 3691 1710 καὶ

2120 1747 2390 1809 συνέσεως
2430 1746 2529 1812 τῆς
2554 1745 2835 1816 ἀνωτάτης
2877 1745 3147 1817 γέμοντας
3186 1746 3397 1815 λόγους,
3436 1748 3555 1812 ταῖς
3582 1747 3689 1799 τῶν

448 1844 620 1889 tatem
668 1834 1105 1899 subodorantur,
1155 1841 1209 1890 et
1264 1835 1337 1889 ita
1376 1835 1822 1905 probatissimum
1865 1833 2017 1905 judi-

2120 1837 2414 1908 δαιμονίων
2441 1836 2730 1909 ὲλαφρίαις
2749 1837 2810 1890 οὐ
2839 1836 3207 1909 χαριζόμενοι.
3237 1838 3398 1901 ’Έθος
3419 1837 3526 1908 γὰρ
3543 1837 3688 1892 ὲκεί-

447 1932 594 1983 cium
652 1929 855 1993 ferunt,
897 1936 1009 1983 tam
1063 1929 1276 1984 sobrias
1333 1929 1686 1998 coelestiSque
1741 1927 2021 1996 sapientia:

448 2024 640 2091 plenas
668 2036 833 2076 voces
863 2020 1068 2075 levitati
1112 2020 1423 2074 daemonum
1456 2018 1686 2073 minime
1715 2018 2021 2073 attribuen-

448 2122 549 2167 trs.
596 2111 691 2167 Est
729 2112 873 2167 enim
906 2111 1076 2166 moris
1111 2110 1221 2165 illis
1256 2111 1401 2165 inter
1431 2109 1816 2166 insaniendum
1854 2110 2022 2163 inter-

446 2202 689 2257 cidentia
739 2208 793 2255 et
841 2200 1136 2256 titubantia
1190 2199 1358 2271 loqui.
1401 2199 1571 2271 Igitur
1617 2199 1723 2271 ipsi
1759 2198 2019 2255 Pharisaei

449 2294 670 2365 magisa
699 2293 945 2348 daemone
971 2293 1524 2359 vexa'b:nitur,1alem
1558 2293 1898 2362 appellantes
1924 2293 2019 2362 qui

447 2388 517 2442 ab
547 2401 609 2443 ea
643 2384 1060 2457 perturbatione
1093 2384 1355 2439 innnunis
1395 2391 1480 2439 est
1507 2383 1573 2450 ",
1604 2397 1706 2439 nec
1736 2382 1927 2439 vident
1961 2397 2022 2438 se

448 2482 673 2535 insitum
714 2479 819 2533 sibi
871 2477 1126 2532 morbum
1182 2477 1470 2547 evulgare,
1518 2475 1766 2547 adeoque
1812 2477 2017 2530 malum

446 2583 556 2639 quo
628 2566 1022 2622 conﬂictantur
1073 2580 1184 2636 prae
1259 2565 1537 2635 imperitia
1612 2574 1667 2620 et
1719 2566 2023 2621 stoliditate

447 2661 625 2730 palam
661 2658 866 2713 facere.
894 2656 960 2710 Et
1001 2671 1122 2710 meo
1164 2656 1386 2725 quidem
1414 2655 1627 2722 judicio
1656 2671 1870 2709 summa
1906 2672 2023 2710 ma-

450 2751 564 2804 litia
596 2749 794 2802 dicunt
825 2747 1113 2801 Dominum
1149 2745 1348 2799 habere
1378 2745 1727 2799 daemonium.
1762 2744 2020 2811 Quando-

447 2838 668 2911 quidem
704 2837 1146 2905 cnim'tauquam
1184 2842 1436 2904 pastores
1477 2834 1769 2889 incusabat
1802 2835 2022 2890 timidos

447 2940 501 2985 et
523 2929 919 2992 mercenaries,
944 2928 1146 2998 quippe
1180 2928 1268 2995 qui
1307 2927 1687 2998 relinquerent
1708 2942 1839 2985 oves
1869 2929 2019 2999 lupo,

447 3036 753 3093 parumque
794 3019 1085 3074 admodum
1117 3018 1184 3074 dc
1218 3034 1380 3089 grege
1420 3019 1640 3074 solliciti
1674 3026 1880 3085 essent,
1914 3035 2019 3073 non

449 3113 804 3170 mediocriter
832 3111 1194 3174 consternati,
1219 3111 1486 3180 veritique
1509 3126 1580 3165 ne
1613 3111 1797 3181 populi
1834 3112 2022 3181 utique

450 3204 816 3273 intelligentcs
866 3202 1011 3274 quod
1053 3202 1261 3257 dictum
1315 3211 1452 3267 erat,
1504 3201 1767 3274 deinceps
1814 3204 1883 3258 ab
1940 3204 2020 3257 eis

450 3298 602 3366 pasci
643 3297 1043 3357 detrectarent,
1090 3304 1144 3349 et
1198 3295 1253 3348 in
1292 3293 1643 3364 disciplinam
1686 3292 1911 3349 iCliristi
1960 3309 2020 3350 se

449 3392 680 3443 darent:
715 3396 1004 3459 propterea
1060 3387 1260 3442 animis
1305 3386 1679 3455 gregariorum
1730 3385 2018 3439 hominum

451 3486 637 3535 lucum
688 3480 952 3533 facientes
1000 3478 1199 3533 aiunt:
1237 3494 1254 3527 ι
1298 3475 1632 3531 Daeinoniunt
1678 3477 1860 3542 habet,
1889 3477 2018 3547 quid

449 3574 602 3628 iiilllll
630 3572 831 3626 auditis
851 3571 954 3623 5“?
974 3589 991 3623 ι
1024 3568 1181 3635 Quod
1201 3566 1439 3638 cumper
1456 3582 1723 3622 summam
1755 3568 2017 3622 malitiam

449 3665 721 3729 dicerent,
747 3661 1043 3717 consilium
1080 3670 1261 3715 tamen
1296 3659 1405 3714 illis
1445 3659 1499 3713 in
1531 3660 1868 3715 contrarium
1899 3674 2019 3714 ces-

450 3756 523 3810 sit
556 3773 569 3809 :
598 3761 652 3809 et
686 3754 777 3808 alii
799 3751 963 3825 664
994 3750 1212 3822 quidem
1239 3757 1522 3821 perSpeeta
1555 3751 1846 3805 verborum
1884 3764 2017 3821 qua-

454 3840 600 3895 litate
632 3855 692 3895 ea
729 3849 880 3895 recte
925 3840 1198 3909 iudicant,
1221 3853 1323 3893 nec
1355 3839 1483 3891 talia
1511 3838 1706 3893 cadere
1753 3839 1807 3893 in
1838 3839 2016 3893 Immi-

449 3945 575 3984 nem
615 3944 644 3983 a
690 3930 937 3984 daemone
984 3942 1299 3999 possessum
1334 3944 1349 3981 :
1392 3934 1574 3981 tamen
1621 3926 2014 3982 miraculorum

449 4020 762 4076 eﬂectiones
833 4018 1261 4089 inexpugnabile
1318 4017 1694 4072 testimonium
1754 4016 2021 4087 praebent,

451 4111 546 4164 ait.
599 4110 712 4167 Etsi
742 4113 887 4166 enim
925 4110 1203 4165 accusatis
1236 4109 1400 4164 verba
1438 4116 1495 4162 ut
1531 4124 1637 4162 non
1681 4118 1828 4165 recte
1854 4108 2019 4172 dicta,

450 4212 692 4258 attamen
749 4203 864 4259 lieri
921 4217 1032 4257 non
1086 4209 1267 4271 potest
1325 4211 1384 4254 ut
1434 4200 1560 4272 quis
1623 4200 1916 4256 identidem
1970 4208 2024 4254 et

2122 1947 2227 1982 νων
2257 1927 2419 1999 ἐντῷ
2451 1928 2808 1999 παραπαίειν,
2838 1928 2900 1981 τὸ
2954 1928 3339 2000 παρεμπίπτον
3386 1927 3584 1982 λαλεῖν.
3625 1927 3687 1981 Οἳ

2120 2015 2214 2073 οὖν
2246 2021 2525 2090 Φαρισαῖοι
2559 2019 2759 2089 μᾶλλον
2780 2014 2918 2092 ἦσαν
2946 2020 2995 2072 oi
3022 2019 3404 2090 δαιμονῶντες,
3440 2020 3490 2073 οἱ
3511 2016 3689 2073 τοιοῦ-

2121 2127 2211 2163 τον
2256 2110 2547 2173 καλοῦντες
2587 2111 2677 2164 τὸν
2722 2111 2923 2175 παντὸς
2970 2110 3253 2182 ἐλεύθερον
3302 2111 3527 2177 πάθους,
3593 2111 3689 2164 καὶ

2121 2199 2406 2270 λελήθασιν
2430 2202 2654 2264 ἑαυτοὺς
2684 2201 2782 2272 τὴν
2810 2202 3032 2256 ἐνοῦσαν
3061 2202 3690 2274 αὐτοῖς’ὲξαγορεύοντες

2120 2291 2275 2344 νόσον
2321 2291 2416 2344 καὶ
2468 2291 2526 2344 τὸ
2577 2292 2796 2363 συνέχον
2840 2293 3038 2356 αὐτοὺς
3068 2291 3234 2346 κακὸν
3269 2292 3330 2357 ἐξ
3354 2292 3575 2361 ἀγνοίας
3603 2291 3690 2358 ἐξ·

2119 2382 2370 2452 ηγεῖσθαι
2405 2382 2467 2435 οὐ
2506 2383 2772 2454 παραιτοῦ
2781 2379 3143 2453 μενοι.’οἷμαι
3167 2382 3224 2437 δὲ
3252 2381 3425 2452 ἔγωγε
3453 2398 3689 2453 κακουρ-

2120 2473 2363 2541 γοτάτως
2389 2472 2591 2545 σφόδρα
2619 2473 2800 2542 λέγειν
2821 2471 3037 2538 αὐτοὺς,
3059 2474 3142 2527 ὅτι
3164 2472 3392 2543 δαιμονᾷ
3412 2473 3441 2524 6
3464 2471 3688 2544 Κύριος.

2135 2564 2352 2636 Ἐπειδὴ
2399 2563 2509 2634 γὰρ
2556 2563 2632 2628 ὡς
2678 2565 2938 2636 ποιμένας
2982 2565 3279 2636 κατῃτιᾶτο
3316 2563 3537 2628 δειλοὺς
3598 2565 3692 2618 καὶ

2125 2654 2453 2723 μισθωτοὺς,
2478 2654 2553 2716 ὡς
2602 2655 2829 2717 ἁνέντας
2861 2655 2938 2724 τῷ
2970 2655 3119 2725 λύκῳ
3164 2657 3231 2708 τὰ
3282 2656 3550 2725 πρόϐατα,
3596 2658 3691 2708 καὶ

2120 2743 2277 2812 ὀλίγα
2306 2744 2585 2807 παντελῶς
2636 2745 2733 2814 τῆς
2787 2746 2987 2814 ἀγέλης
3042 2746 3453 2816 φροντίσαντας,
3496 2747 3555 2800 οὐ
3590 2763 3690 2818 με-

2121 2836 2289 2905 τρίως
2312 2833 2779 2905 καταπτοούμενοι
2823 2835 2896 2906 μὴ
2922 2836 3029 2906 ἄρα
3061 2835 3331 2900 συνιέντες
3361 2839 3410 2890 οἱ
3433 2838 3598 2909 δῆμοι
3628 2839 3691 2892 τὸ

2123 2925 2430 2996 εἰρημένον,
2462 2926 2912 2996 παραιτήσωνται
2946 2926 3044 2998 μὲν
3069 2928 3169 2998 ἤδη
3201 2928 3263 2981 τὸ
3285 2929 3376 2982 ὑπ’
3398 2930 3580 2993 αὐτοῖς
3609 2929 3689 2983 ἔτι

2125 3015 2525 3086 ποιμαίνεσθαι,
2556 3017 2947 3089 προσδράμωσι
2966 3018 3024 3072 δὲ
3051 3021 3116 3090 τῇ
3145 3021 3249 3072 ὑπὸ
3274 3019 3493 3092 Χριστῷ
3517 3021 3693 3093 μαθη-

2123 3108 2263 3179 τεὶᾳ,
2287 3107 2372 3161 διὰ
2403 3108 2559 3162 τοῦτο
2587 3109 2677 3162 τὸν
2708 3107 2834 3163 νοῦν
2856 3109 2963 3162 τῶν
2993 3110 3264 3179 ἀγελαίων
3287 3111 3688 3180 φενακίζοντες,

2028 3187 2089 3242 'C
2125 3193 2277 3267 φασί·
2319 3215 2339 3249 ι
2379 3199 2663 3269 Δαιμόνιον
2719 3199 2852 3270 ἔχει,
2913 3201 2967 3253 τί
3002 3200 3167 3254 αὐτοῦ
3208 3187 3467 3269 ἀκούετε;
3516 3220 3534 3253 ι
3581 3202 3693 3254 Καὶ

2122 3288 2295 3343 ταῦτα
2336 3290 2558 3342 ἐκείνων
2612 3288 2699 3343 διὰ
2751 3291 3101 3360 κακουργίαν
3149 3291 3430 3361 λεγόντων,
3491 3293 3571 3354 είς
3629 3289 3694 3343 τὸ

2122 3381 2363 3433 ἐναντίον
2392 3382 2574 3444 αὐτοῖς
2611 3380 2780 3454 ἐπέϐη
2830 3382 2891 3435 τὸ
2925 3383 3170 3454 σκέμμα,
3197 3383 3345 3437 ἄλλοι
3377 3382 3434 3435 δὲ
3456 3382 3563 3435 ἀπὺ
3594 3382 3693 3452 μὲν

2121 3471 2220 3541 τῆς
2247 3470 2355 3524 τῶν
2384 3471 2557 3541 λόγων
2586 3473 2887 3544 ποιότητος,
2907 3474 3097 3544 ὀρθοὺς
3119 3470 3259 3529 εἶναι
3287 3475 3531 3546 κρίνουσι
3560 3473 3693 3537 τοὺς

2122 3562 2216 3616 τοῦ
2250 3564 2458 3634 Κυρίου
2495 3564 2708 3633 λόγους,
2738 3566 2815 3629 ὡς
2845 3566 2946 3620 οὐκ
2966 3566 3138 3620 ὄντων
3163 3566 3270 3620 τῶν
3289 3563 3548 3620 τοιούτων
3573 3564 3690 3618 δαι-

2130 3658 2504 3728 μονιζομένου’
2536 3658 2687 3729 ὅμως
2710 3661 2764 3712 αῖ
2786 3659 3241 3730 θαυματουργίαι,
3272 3659 3457 3730 φησὶν,
3482 3658 3694 3728 ἄμαχον

2124 3750 2307 3819 ἔχουσι
2337 3767 2411 3822 μα
2423 3750 2666 3819 ρτυρίαν.
2693 3751 2758 3803 Εἰ
2784 3750 2893 3820 γὰρ
2915 3751 3009 3804 καλ⁸
3038 3751 3144 3803 τῶν
3173 3751 3346 3819 λόγων
3379 3749 3453 3813 ὡς
3474 3749 3573 3802 οὐκ
3599 3749 3692 3821 ὀρ-

2124 3839 2233 3903 θῶς
2289 3840 2605 3910 λεγομένων
2672 3844 3050 3912 κατηγορεῖτε,
3116 3840 3230 3906 ὡλλ*
3292 3841 3570 3911 ἀμήχανον
3633 3840 3694 3891 έν

2122 3930 2306 4005 ταυτῷ
2364 3948 2483 3985 τινα
2532 3931 2627 3984 καὶ
2674 3930 2951 4002 δαιμόνιον
3011 3932 3175 4003 ἔχειν,
3222 3932 3447 3986 κάκεῖνα
3498 3932 3689 3983 ποιεῖν.

2138 4022 2270 4074 Ἀπὸ
2329 4017 2423 4076 οὖν
2478 4022 2587 4075 τῶν
2641 4024 2870 4094 καρπῶν
2934 4025 2984 4077 oi
3041 4024 3205 4078 αἴσιοι
3269 4024 3453 4095 κριταὶ
3507 4020 3694 4090 ἐπεγί-

2124 4129 2332 4168 νωσκον
2364 4114 2545 4177 αὑτὸν,
2578 4113 2715 4184 μετὰ
2744 4114 2838 4168 καὶ
2869 4115 2962 4168 τοῦ
2991 4115 3287 4187 θαυμάζειν
3319 4117 3412 4169 τὸν
3440 4116 3566 4187 παρ’
3595 4115 3694 4168 αὐ-

2124 4202 2219 4256 τοῦ
2255 4203 2431 4273 λόγον.

449 4294 781 4353 daemonium
815 4295 1012 4350 habeat
1041 4302 1096 4349 et
1125 4293 1218 4348 illa
1256 4293 1439 4349 faciat.
1504 4294 1547 4345 A
1590 4293 1862 4349 frtictibus
1895 4292 2063 4364 igitur
2099 4295 2238 4366 aequi
2269 4296 2487 4366 judices
2527 4299 2933 4371 cognoscebant
2976 4314 3120 4363 cum,
3186 4298 3349 4355 simul
3394 4305 3448 4354 et
3484 4310 3686 4353 sermo-

451 4379 574 4449 nem
610 4390 733 4458 ejus
766 4387 1207 4442 admirabantur.

520 4482 693 4544 Xﬂﬂ.
723 4480 894 4532 Facta
920 4488 1042 4532 sunt
1070 4487 1242 4531 autem
1267 4477 1520 4534 Encmniu
1542 4481 1592 4532 in
1613 4480 2017 4551 Hierosolymis,

2190 4480 2459 4550 Ἐγένετο
2479 4481 2546 4534 δὲ
2578 4481 2647 4535 τὰ
2667 4481 2971 4551 Ἐγκαίνια
2990 4481 3059 4535 ἐν
3084 4481 3207 4548 τοῖς
3235 4482 3691 4550 Ἱεροσολύμοις,

449 4585 497 4629 ει
532 4574 695 4629 hiems
727 4581 861 4626 erat.

524 4666 789 4720 Intererat
819 4669 1004 4716 autem
1035 4659 1191 4718 festis
1218 4659 1511 4726 Dominus,
1544 4677 1654 4715 non
1697 4671 1754 4715 ut
1786 4677 1847 4716 ca
1891 4677 2016 4717 cum

449 4756 656 4812 Judaeis
682 4753 1020 4819 celebraret;
1051 4753 1145 4823 qui
1177 4752 1231 4808 id
1261 4753 1409 4807 enim
1441 4752 1557 4807 lleri
1595 4760 1807 4822 poterat
1846 4751 1916 4809 ab
1953 4769 2018 4809 eo

450 4847 544 4918 qui
562 4843 917 4911 dixerat,0di
939 4854 998 4899 et
1026 4858 1228 4921 respuo
1248 4842 1384 4897 festa
1404 4843 1731 4898 vestraYsed
1769 4852 1828 4899 ut
1860 4844 2021 4900 utiles

451 4953 586 4994 Suos
620 4951 908 4993 sermones
939 4949 1125 4989 coram
1165 4934 1370 5004 populo
1413 4933 1586 4988 multo
1637 4934 1867 4999 diceret,
1899 4952 2017 4991 ma-

451 5028 711 5084 nifestum
744 5042 806 5083 se
839 5024 1043 5080 Judteis
1077 5024 1302 5087 sistens,
1342 5031 1397 5078 et
1432 5040 1746 5095 quanquam
1784 5042 1891 5082 non
1927 5043 2014 5083 re-

451 5121 688 5190 quisitus
738 5133 798 5173 se
837 5116 946 5170 illis
1003 5115 1339 5169 admiscens.
1394 5113 1776 5171 Encaaniorum
1833 5126 2014 5172 autem

450 5210 673 5264 nomine
722 5208 811 5262 liic
862 5213 946 5261 est
1002 5204 1420 5274 intelligendum
1456 5206 1539 5261 vel
1590 5207 1828 5278 primum
1883 5208 2015 5263 illud

444 5301 648 5354 festum
686 5311 795 5366 quo
847 5293 1108 5349 Salomon
1155 5307 1358 5347 novum
1405 5295 1671 5365 templum
1705 5295 2010 5362 dedicavit;

447 5393 532 5446 vel
568 5389 700 5444 illud
752 5385 1130 5449 Zorobabclis,
1167 5385 1259 5456 qui
1301 5386 1496 5442 deinde
1536 5402 1658 5442 cum
1699 5385 1852 5452 Jesu,
1894 5399 2018 5459 post

448 5480 687 5538 reditum
708 5495 739 5536 e
755 5477 1051 5550 Babylone,
1069 5477 1332 5546 templum
1360 5476 1502 5532 idem
1519 5479 2013 5535 restauravit.Cutn

515 5615 555 5647 "
585 5611 745 5669 Joan.
772 5628 892 5676 \‘lll,
921 5611 1010 5666 48.
1087 5612 1150 5641 ⁸³·
1181 5609 1314 5664 ibid.

2125 4571 2223 4628 καὶ
2253 4570 2473 4640 χειμὼν
2493 4567 2589 4640 ἦν.

2198 4662 2389 4732 Παρῆν
2405 4662 2482 4732 (1)
2507 4662 2564 4715 δὲ
2586 4664 2644 4716 ὲν
2663 4666 2783 4727 ταῖς
2800 4664 3014 4735 ἑορταῖς
3033 4660 3061 4717 6
3084 4662 3308 4733 Κύριος,
3340 4662 3436 4732 οὐχ
3462 4662 3538 4725 ὡς
3565 4679 3693 4716 συν-

2125 4754 2421 4825 εορτὰσων·
2437 4753 2554 4817 πῶς
2574 4754 2713 4824 γάρ;
2733 4754 2761 4805 6
2784 4752 3300 4824 εἰπὼν,Μεμίσῆκα,
3321 4750 3581 4823 ἀπῶσμαι
3596 4752 3695 4816 τὰς

2126 4847 2318 4918 ἑορτὰς
2345 4846 2374 4899 ὗ
2383 4845 2498 4917 μῶν
2527 4864 2541 4877 ο
2570 4846 2684 4900 ἀλλ’
2717 4845 2805 4899 ἵνα
2834 4847 2959 4910 τοὺς
2987 4832 3287 4914 ὲτιωερελεῖς
3314 4844 3480 4899 αὑτοῦ
3505 4845 3694 4914 λόγους

2125 4940 2217 4992 ἐπὶ
2233 4939 2503 5010 παρουσίᾳ
2531 4936 2738 4991 πολλῶν
2769 4937 2914 5008 εἴπῃ.
2965 4938 3179 5008 ἐμφανῆ
3211 4937 3399 4990 ἑαυτὸν
3421 4940 3693 5008 καταστῆ-

2126 5047 2220 5093 σας
2245 5033 2360 5093 τοῖς
2395 5029 2691 5092 Ἰουδαίοις,
2715 5028 2810 5081 καὶ⁵
2829 5027 3119 5097 ἀζητήτως
3148 5029 3333 5092 αὐτοῖς
3365 5028 3557 5081 ἐαυτὸν
3588 5044 3690 5081 κα-

2122 5119 2373 5190 ταμίξας.
2442 5116 2720 5186 Ἐγκαίνια
2770 5116 2825 5168 δὲ
2871 5118 3079 5188 οἰητέον
3131 5116 3381 5182 ἐνταῦθα,
3414 5118 3542 5187 ,ἦτοι
3594 5117 3694 5187 τὴν

2123 5207 2344 5280 πρώτην
2396 5206 2607 5278 ἑορτὴν,
2666 5204 2787 5258 καθ’
2836 5205 2902 5277 ἣν
2929 5207 2957 5258 6
3005 5205 3255 5277 Σολομὼν
3297 5206 3581 5260 ἐπετέλεσε
3628 5206 3697 5259 τὰ

2131 5298 2411 5367 Ἐγκαίνια
2436 5314 2449 5327 ο
2484 5296 2515 5366 ἢ
2544 5296 2632 5348 ὅτε
2656 5296 2684 5347 ὁ
2707 5294 3009 5366 Ζοροῦάὸελ
3040 5296 3262 5359 ὕστερον
3291 5296 3388 5349 σὺν
3409 5294 3487 5366 τῷ
3517 5295 3692 5367 Ἰησοῦ

2127 5388 2264 5458 μετὰ
2282 5386 2380 5458 τῆν
2406 5388 2470 5438 ἐκ
2499 5383 2816 5448 Βαϐυλῶνος
2858 5385 3132 5450 ἐπάνοδον,
3176 5384 3268 5437 τὸν
3308 5384 3436 5438 ναὸν
3494 5385 3689 5456 ᾠκοδόο

2129 5496 2320 5550 μησεν.
2349 5476 2632 5547 Χειμῶνος
2654 5474 2710 5529 δὲ
2741 5476 2833 5531 καὶ
2870 5475 3026 5529 ὑετοῦ
3055 5475 3206 5539 ὄντος
3249 5476 3573 5547 τηνικαῦτα,
3612 5477 3695 5531 εί-

516 5749 591 5817 (ί)
630 5750 833 5819 Παρῆν
858 5791 870 5807 .
901 5790 911 5802 .
940 5790 953 5804 .
977 5788 989 5803 .
1020 5750 1239 5819 λόγους
1266 5765 1328 5804 es
1362 5758 1549 5805 eatena
1591 5749 1849 5805 Vaticana
1874 5790 1886 5813 ,
1919 5747 2013 5804 fol.

2120 5748 2179 5817 l0,
2219 5765 2305 5819 ap.
2343 5750 2606 5808 Maillibl.
2638 5751 2770 5808 Nor.
2807 5751 2941 5819 PI’.,
2970 5751 3053 5821 ΙΙΙ,
3088 5754 3208 5810 154.

4060 3942 4062 3983 |

4059 4048 4062 4133 Α

4059 4362 4062 4423 l
