4062 6208
312 346 376 405 Π
1074 340 1144 395 IN
1183 290 1603 397 JOANNEDI.—
1638 335 1768 390 LIB.
1799 332 1887 387 VII
1928 333 2017 388 ET
2058 334 2168 389 VIII
2203 336 2621 395 FRAGMENTA
3293 386 3297 390 .
3480 349 3547 409 18
3615 406 3621 412 ,

312 466 478 521 κότως
505 457 747 515 ἅπαντες
774 454 866 508 ἐπὶ
893 455 992 525 τὴν
1009 452 1171 508 στοὰν
1198 453 1436 524 ἔτρεχον.
1463 453 1553 504 Διὸ
1573 451 1667 505 καὶ
1690 450 1719 503 6
1746 450 1876 519 Χρι-

1994 447 2165 506 hiems
2197 460 2346 508 esset
2376 462 2431 508 et
2465 462 2596 509 tunc
2626 456 2859 525 plueret,
2881 460 3088 525 cuncti,
3112 468 3172 513 ut
3197 476 3292 530 par
3317 471 3456 524 erat,
3478 463 3543 514 ad

314 549 430 615 στδς
458 549 575 601 ἐκεῖ
599 542 787 618 ἦλθεν,
807 545 892 598 ἵνα
912 545 1044 598 πᾶσι
1075 544 1314 615 γνωρίσῃ
1349 544 1536 597 ἑαυτὸν
1556 544 1666 601 τοῖς
1696 540 1878 592 Θέλου-

312 644 392 696 σιν
422 638 583 693 αὑτὸν
615 637 766 703 ἰδεῖν,
798 636 891 689 καὶ
917 633 1130 706 μεταδῷ
1152 635 1335 697 αὐτοῖς
1354 631 1639 701 ὠφελείας.
1675 631 1738 684 Οἱ
1771 629 1878 700 γὰρ

312 734 539 806 ὁρῶντες
554 728 827 799 ἠκονῶντο
856 729 992 799 πρὸς
1023 728 1084 781 τὸ
1106 728 1315 799 ἐρωτᾷν
1337 742 1388 778 τι
1416 725 1575 779 αὐτόν
1607 739 1620 755 ·
1658 724 1740 777 ὅτι
1788 723 1880 775 καὶ

316 826 509 898 μᾶλλον
533 827 591 880 ἐν
621 827 740 889 ταῖς
769 822 989 894 ἀργίαις
1009 819 1315 888 πεφύκασιν
1356 819 1405 871 οἱ
1439 816 1713 886 ἄνθρωποι
1755 814 1880 876 τοὺς

311 916 581 979 τοιούτους
596 912 870 985 ἐπιμελῶς
896 911 1170 965 ἀνακινεῖν
1202 908 1409 976 λόγους.

391 1090 785 1146 Ἐκὺκλωσαν
825 1080 936 1140 οὖν
984 1081 1173 1137 αὑτὸν
1223 1084 1277 1135 οἱ
1335 1079 1627 1144 Ἰουδαῖοι,
1677 1078 1769 1156 καὶ
1813 1076 1884 1129 τὰ

314 1182 459 1253 ἑξῆς.

382 1276 739 1347 Παραιτεῖται,
801 1274 901 1344 μὲν
955 1272 1154 1336 αὐτοὺς
1206 1269 1267 1322 τὸ
1311 1268 1391 1331 εἰς
1425 1265 1607 1319 πῖστιν
1638 1262 1731 1330 ὀξὺ
1768 1262 1886 1337 ὄριτ

319 1367 539 1440 μύσσων
572 1368 600 1420 6
630 1365 843 1435 φθόνος·
880 1364 1193 1426 ἐκϐιάζεται
1219 1361 1277 1414 δὲ
1316 1360 1452 1431 πρὸς
1479 1357 1627 1428 ἡμᾶς
1661 1355 1719 1409 τὸ
1751 1354 1883 1408 θαῦ-

320 1473 395 1526 μα
450 1454 560 1508 τῶν
611 1453 950 1525 τελουμένων
996 1452 1059 1506 τὸ
1106 1448 1355 1521 μέγεθος.
1402 1445 1788 1500 Ὑπαιτιῶνταί
1820 1460 1882 1512 γε

322 1549 427 1618 μὴν
456 1547 544 1599 τδν
583 1547 764 1614 λόγον,
808 1544 911 1597 καὶ
938 1543 1000 1596 τὸ
1045 1538 1522 1611 τῆς-διδασκαλίας
1561 1534 1883 1609 περιεσταλ-

320 1640 495 1707 μένον,
551 1635 809 1707 ἐμπόδιον
870 1633 1054 1695 αὐτοῖς
1104 1626 1263 1684 εἶναι
1314 1645 1449 1698 φασι
1498 1626 1591 1682 τοῦ
1648 1626 1883 1679 συνιέναι

313 1727 567 1783 δύνασθαι
600 1726 783 1790 καλῶς
815 1725 960 1795 ἀπερ
990 1722 1097 1776 ἔδει
1127 1722 1341 1794 μαθεῖν.
1390 1717 1623 1786 Ἀξιοῦσι
1665 1732 1885 1786 τοιγαρο

1983 542 2256 609 portieum
2321 545 2690 601 conﬂuebant.
2748 534 2925 614 Quare
2990 559 3045 604 et
3106 550 3359 606 Christus
3418 553 3543 604 illuc

1981 632 2153 698 venit,
2194 641 2252 688 ut
2298 649 2358 690 se
2404 637 2624 693 cunctis
2659 639 2744 693 sui
2788 639 3009 695 videndi
3058 640 3325 697 studiosis
3357 650 3543 695 osten—

1957 723 2156 807 deret,
2180 735 2233 781 et
2261 726 2551 782 utilitatem
2580 729 2836 799 aliquam.
2855 728 3248 801 impertirctur.
3270 724 3404 784 Nam
3428 732 3546 785 visu

1982 831 2069 881 eo,
2095 818 2162 872 ad
2218 818 2671 887 interrogandum
2706 821 2773 877 de
2825 837 2881 877 re
2926 823 3111 892 aliqua
3156 822 3542 877 acuebantur:

1982 907 2161 963 solent
2205 910 2350 964 enim
2390 910 2660 978 homines,
2709 928 2835 968 cum
2887 913 3179 978 feriantur,
3231 912 3545 983 bujusmodi

1983 1014 2266 1055 sermones
2303 1000 2540 1057 libenter
2575 1019 2937 1060 commovere.

2056 1088 2121 1156 Χ,
2148 1090 2249 1147 24..
2271 1091 2739 1149 Circumdedernnt
2768 1096 2927 1166 igitur
2954 1113 3071 1150 eum
3105 1094 3303 1162 Judwi,
3333 1102 3439 1151 etc.
3532 1126 3538 1131 -

2054 1284 2363 1351 Quominus
2395 1289 2462 1344 ad
2496 1289 2656 1346 fidem
2690 1289 3059 1361 pelliCiantnr,
3091 1289 3317 1361 impedit
3340 1305 3435 1345 eos
3467 1288 3549 1343 vis

1983 1378 2270 1433 aestuantis
2318 1379 2555 1445 invidiae,
2604 1382 2702 1437 sed
2757 1382 2861 1435 alia
2920 1392 3073 1451 parte
3114 1381 3285 1435 trahit
3325 1395 3549 1449 operum

1984 1468 2312 1525 miraculum
2366 1479 2421 1526 et
2459 1473 2796 1542 magnitudo.
2833 1473 3146 1530 Causantur
3178 1473 3396 1542 quidem
3433 1486 3553 1524 ser-

1985 1574 2203 1616 monem
2237 1571 2291 1616 et
2324 1563 2587 1618 doctrinae
2611 1572 2951 1620 contractam
2982 1566 3397 1628 obscuritatem,
3433 1577 3553 1631 quae

1987 1650 2381 1720 impedimento
2421 1656 2495 1709 sit
2544 1670 2613 1709 ne
2654 1662 2801 1712 recte
2837 1655 3140 1727 intelligere
3183 1655 3397 1726 possint
3432 1669 3555 1722 qua:

1987 1739 2254 1797 discenda
2289 1752 2438 1800 sunt.
2480 1743 2679 1801 Petunt
2727 1746 2894 1815 igitur
2924 1754 2982 1801 ut
3032 1747 3293 1816 loquatur
3330 1745 3553 1801 eviden-

315 1817 404 1872 οὖν
452 1818 628 1870 εἰπεῖν
690 1814 851 1869 αὑτὸν
906 1812 1330 1884 ἐναργέστερον,
1389 1810 1568 1865 καίτοι
1627 1807 1883 1869 πολλάκις

1994 1832 2122 1897 tius,
2151 1837 2370 1890 tametsi
2418 1852 2560 1906 saupe
2594 1837 2870 1895 audierint
2917 1840 3052 1895 satis
3084 1838 3357 1909 prolixam
3393 1839 3460 1893 de
3490 1853 3555 1893 co

314 1909 715 1979 ἀκροασάμενοι
795 1907 892 1961 καὶ
953 1904 1170 1977 μακρὰν
1230 1904 1321 1957 ἐπὶ
1385 1902 1584 1971 τοπῳε
1630 1899 1888 1961 λαϐόντες

315 1999 589 2068 ἐξήγησιν.
621 1997 685 2049 Εἰ
719 1996 827 2066 γὰρ
874 1995 966 2049 καὶ
1008 1994 1083 2065 μὴ
1124 1993 1226 2065 ἔφη
1264 1992 1472 2063 σαφῶς·
1515 1989 1669 2059 Ἐγώ
1695 1993 1810 2060 εἰμι
1855 1993 1884 2044 ό

312 2087 570 2159 Χριστὸς,
626 2087 762 2141 ἀλλά
838 2085 947 2139 τῶν
1010 2088 1295 2158 προσεῖναι
1361 2084 1683 2154 πεφυκότων
1736 2083 1884 2154 αὐτῷ

311 2181 660 2250 ἀξιωμάτων,
690 2177 1131 2249 πολλὰ-παρῆγεν
1164 2178 1244 2239 εἰς
1277 2175 1460 2247 μέσον,
1504 2175 1634 2229 ποτὲ
1673 2175 1771 2245 μὲν
1800 2174 1887 2226 λέ-

311 2288 439 2340 γων·
469 2290 489 2324 ι
524 2270 667 2339 Ἐγώ
694 2272 810 2339 εἰμι
846 2271 880 2340 ἡ
909 2269 1207 2332 ἀνάστασις
1233 2268 1327 2321 καὶ
1355 2268 1389 2339 ἡ
1418 2267 1554 2337 ζωήσ
1606 2265 1745 2335 Ἐγώ
1770 2269 1884 2336 εἰμι

312 2366 349 2434 ἡ
375 2363 510 2427 ὀδόςο
558 2361 703 2431 Ἐγὼ
719 2364 833 2432 εἰμι
859 2364 894 2433 ἡ
921 2361 1079 2431 θύραο
1121 2359 1261 2428 Ἐγώ
1288 2361 1404 2431 ειμι
1436 2361 1465 2413 6
1500 2358 1699 2430 ποιμὴν
1730 2361 1758 2412 6
1787 2375 1884 2412 κα-

315 2454 427 2517 λόςο
462 2473 481 2505 ι
517 2453 579 2518 ἐξ
609 2447 682 2506 ὧν
713 2453 819 2523 γάρ
856 2451 1026 2505 ταῦτα
1078 2451 1269 2504 ἑαυτὸν
1320 2448 1594 2519 ὀνομάζει,
1631 2449 1886 2519 σημαίνει

320 2545 404 2598 ὅτι
446 2546 476 2596 6
521 2544 753 2614 Χριστός
783 2544 913 2596 ἐστι.
942 2542 1068 2605 Τοῖς
1102 2543 1211 2610 γὰρ
1246 2540 1508 2603 τοιούτοις
1560 2538 1886 2608 ἀξιώμασιν,

321 2636 514 2689 εἴωθεν
548 2637 580 2705 ὴ
609 2635 799 2706 Γραφὴ
830 2632 1125 2703 στεφανοῦν
1157 2632 1249 2686 τὸν
1281 2632 1537 2703 Χριστόν·
1567 2633 1625 2685 εἰ·
1647 2632 1740 2685 καὶ
1769 2630 1887 2685 λευ-

316 2725 429 2788 κῶς
460 2724 617 2778 τοῦτο
648 2724 809 2778 αὐτὸν
837 2724 1077 2796 ἀπῄτουν
1121 2725 1170 2776 οἱ
1207 2723 1452 2776 Ἰουδαῖοι
1487 2723 1683 2785 εἰπεῖν,
1714 2720 1888 2784 άλλως

316 2835 374 2871 τε
417 2817 560 2886 τάχα
612 2833 727 2878 πως
782 2817 884 2869 καῖ’
928 2815 988 2869 οὐ
1031 2815 1234 2885 σφόδρα
1280 2814 1684 2885 εὐπαράδεκτον
1727 2813 1787 2866 τὸ
1829 2814 1888 2866 ἐν

313 2909 512 2972 ἁπλαῖς
540 2908 723 2976 λέγειν
752 2910 980 2977 φωναῖς,
1022 2907 1167 2975 Ἐγώ
1219 2906 1335 2976 εἰμι
1392 2909 1421 2960 ό
1478 2906 1735 2977 Χριστὸς.
1787 2906 1887 2976 οὐχ

314 3003 596 3072 ἑπομένων
624 3002 705 3063 εἰς
731 3000 1004 3064 ἀπόδειξιν
1042 2999 1150 3061 τῶν
1193 2998 1555 3070 πραγμάτων,
1603 2998 1672 3051 δι’
1704 2992 1780 3051 ὧν
1822 2996 1888 3051 ἂν

1985 1923 2424 1992 expositionem?
2474 1925 2589 1981 Etsi
2650 1927 2794 1982 enim
2868 1942 2977 1983 non
3034 1928 3263 1983 dixisset
3334 1936 3552 1997 aperte,

1992 2012 2103 2082 Ego
2172 2029 2293 2069 sum
2337 2014 2626 2081 Christus,
2671 2027 2909 2073 attamen
2966 2019 3136 2073 multa
3203 2019 3258 2073 in
3318 2017 3554 2073 medium

1990 2104 2218 2160 adduxit
2270 2115 2434 2166 tanta:
2489 2108 2827 2179 dignationis
2891 2111 3152 2180 adjuncta
3239 2119 3292 2165 et
3361 2125 3559 2181 praero-

1988 2195 2242 2266 gativas,
2296 2197 2590 2254 identidem
2649 2201 2877 2265 dicens,
2934 2221 2952 2253 r
3021 2201 3131 2271 Ego
3198 2216 3337 2256 sum
3371 2216 3559 2256 resur-

1988 2287 2162 2343 rectio
2187 2299 2241 2344 et
2270 2289 2384 2343 vita
2405 2291 2509 2353 ⁸·⁴·,
2541 2288 2654 2360 Ego
2688 2305 2809 2346 smn
2843 2291 2925 2346 via
2945 2291 2986 2357 ⁸,
3021 2291 3132 2361 Ego
3156 2307 3278 2347 sum
3321 2290 3489 2359 janua
3513 2290 3557 2351 ⁷,

1990 2375 2102 2446 Ego
2136 2392 2256 2432 sum
2296 2388 2487 2448 pastor
2521 2378 2702 2434 bonus
2728 2379 2750 2411 ⁸
2784 2398 2796 2432 :
2840 2400 2857 2430 ι
2895 2396 2960 2434 ex
2994 2394 3060 2435 eo
3097 2380 3243 2434 enim
3278 2378 3423 2448 quod
3456 2377 3560 2433 sibi

1989 2468 2118 2520 talia
2156 2468 2432 2532 attribuit,
2463 2469 2743 2538 significat
2794 2486 2855 2525 se
2904 2470 3187 2525 Christum
3223 2484 3368 2524 esse.
3401 2466 3562 2536 Ejus-

1988 2557 2138 2612 modi
2180 2558 2327 2614 enim
2364 2558 2686 2625 honoxilicis
2723 2559 3185 2629 appellationibus
3234 2560 3375 2614 solet
3408 2557 3559 2611 Scri-

1990 2656 2154 2720 ptura
2203 2649 2471 2711 decorare
2516 2649 2820 2714 Christum,
2864 2657 2917 2705 et
2959 2664 3273 2721 quanquam
3312 2650 3561 2720 postula-

1990 2738 2124 2793 bant
2174 2737 2348 2793 Judaei
2400 2747 2459 2793 ut
2505 2738 3144 2810 dilucideloqueretur,
3202 2754 3333 2795 non
3382 2747 3564 2794 tamen

1992 2842 2387 2899 usquequaque
2447 2827 2611 2885 tidem
2641 2828 2806 2885 facile
2872 2829 3117 2896 fecisset,
3148 2829 3380 2886 dicendo
3429 2829 3564 2884 sini-

1994 2919 2228 2988 plicibus
2273 2918 2523 2985 vocibus,
2554 2918 2668 2991 Ego
2716 2935 2839 2975 sum
2872 2919 3151 2984 Christus,
3182 2920 3287 2975 nisi
3331 2920 3399 2974 ad
3440 2935 3565 2988 pro-

1994 3010 2273 3065 bationem
2328 3025 2499 3080 opera
2570 3010 3383 3081 Sequerentur,quibus-par
3446 3016 3564 3063 erat

317 3095 541 3157 εικότως
576 3092 870 3163 ἐπιστεύθη
909 3093 985 3157 ὡς
1020 3092 1184 3156 αὐτὸς
1224 3092 1309 3163 εἴη
1345 3093 1373 3144 ὀ
1407 3091 1659 3162 Χριστός.
1697 3092 1889 3159 Ἀσυγο

1994 3099 2161 3154 (ιι-ειη
2182 3114 2307 3155 eum
2335 3115 2462 3156 esse
2488 3099 2795 3155 Christum.
2814 3099 3135 3171 Et~quidetn
3165 3109 3320 3155 extra
3345 3114 3564 3153 onmem

316 3187 519 3256 κρῑτως
549 3185 614 3238 δὲ·
633 3188 881 3255 κρεῖττον
927 3184 1002 3255 μὴ
1057 3186 1115 3250 ἐξ
1145 3177 1221 3237 ὧν
1245 3183 1406 3247 αὐτὸς
1446 3182 1599 3252 ἔλεγε
1628 3183 1890 3255 γνωρίζε-

318 3276 444 3330 σθαι
474 3276 659 3339 αὑτὸν,
700 3276 782 3329 ὅτι
812 3276 977 3336 αὑτός
1007 3278 1154 3329 ἐστιν
1190 3276 1219 3329 6
1250 3273 1505 3345 Χριστὸς,
1542 3272 1658 3327 ἀλλ’
1691 3276 1755 3328 ὲκ
1783 3273 1893 3327 τῶν

316 3371 603 3440 προσεῖναι
653 3367 979 3436 πεφυκότων
1032 3366 1254 3437 μᾶλλον,
1285 3367 1382 3420 καὶ
1427 3365 1484 3432 ἐξ
1537 3357 1613 3419 ὧν
1659 3365 1716 3418 αι
1753 3364 1893 3418 θεῖαι

315 3462 451 3532 περὶ.
476 3459 641 3514 αὑτοῦ
661 3458 1047 3531 χρησμῳδοῦσι
1078 3459 1314 3530 Γραφαὶ,
1348 3458 1441 3512 καὶ
1469 3456 1704 3528 φανερὸν
1733 3456 1893 3510 αὐτὸν

319 3552 539 3606 ἔσεσθαι
570 3553 891 3623 μηνύουσιν.
917 3552 1098 3621 ’Δπερ
1129 3552 1203 3623 μὴ
1233 3552 1524 3622 νοήσαντες
1542 3551 1602 3603 οἱ
1630 3549 1891 3615 Ἰουδαῖοι,

315 3645 392 3710 ὧς
417 3646 558 3714 ἄγαν
602 3643 1086 3716 μικροψυχοῢντες,
1117 3643 1489 3712 φασίν’«Ἔως
1512 3642 1643 3696 πότε
1667 3642 1765 3714 τὴν
1793 3642 1896 3710 ψυ-

321 3736 420 3807 χὴν
450 3736 607 3808 ὴμῶν
637 3737 849 3809 αῖρεις;
875 3755 894 3788 ι
936 3735 1099 3800 Ἔθος
1127 3734 1237 3806 γὰρ
1258 3737 1371 3799 τοῖς
1400 3733 1723 3807 ὀλιγωροῦσι
1741 3734 1896 3788 τοῦτο

320 3827 522 3895 λέγειν.

398 3922 475 3977 Τὰ
493 3922 638 3992 ἔργα
671 3921 709 3975 ἆ
734 3920 849 3991 ἐγὼ
876 3920 1023 3975 ποιῶ
1047 3920 1117 3973 ἐν
1153 3917 1234 3984 τῷ
1260 3921 1502 3988 ὀνόματι
1536 3918 1641 3972 τοῦ
1660 3920 1895 3986 Πατρός

315 4031 457 4084 μου,
488 4013 676 4068 ταῦτα
697 4013 988 4083 μαρτυρεῖ
1004 4011 1137 4081 περὶ
1167 4011 1335 4081 ἐμοῦ.

395 4104 654 4179 Περιττδν
687 4100 779 4158 οὖν
806 4104 1023 4174 ἐνόμισε
1051 4104 1145 4155 καὶ
1174 4104 1203 4156 6
1227 4100 1459 4173 Χριστὸς
1499 4103 1613 4164 τοῖς
1638 4099 1900 4163 πολλάκις

318 4196 593 4251 ἀκούσασι
632 4198 727 4250 καὶ
771 4195 845 4267 μὴ
888 4193 1180 4257 πεισθεῖσι,
1219 4193 1382 4248 πάλιν
1418 4192 1489 4246 τὰ
1530 4191 1670 4247 αὑτά
1699 4192 1898 4244 εἰπεῖν.

321 4290 445 4362 Χρὴ
465 4291 574 4362 γὰρ
599 4289 707 4343 ἀπὸ
730 4288 830 4358 τῆς
850 4286 958 4340 τῶν
981 4285 1282 4357 γινομένων
1310 4275 1593 4355 ποιότητος
1614 4280 1902 4353 δοκιμάζε-

326 4381 452 4436 σθαι
501 4381 572 4435 τὰ
607 4381 860 4443 ἑκάστου,
885 4379 981 4433 καὶ
1013 4379 1073 4432 οὺ
1130 4378 1348 4441 πάντως
1400 4377 1481 4441 εἰς
1521 4376 1713 4444 λόγους
1744 4375 1896 4446 ὁρᾷν.

1994 3192 2463 3264 comparationem
2522 3193 2731 3249 melius
2749 3203 2837 3249 est
2881 3208 2992 3251 non
3040 3210 3106 3250 ex
3148 3194 3215 3248 iis
3261 3205 3395 3262 quae.
3425 3191 3567 3246 dixit

1994 3296 2123 3336 cum
2159 3296 2494 3352 cognoscere
2520 3282 2670 3354 quod
2702 3281 2821 3353 ipse
2851 3282 2924 3338 sit
2950 3282 3228 3345 Christus,
3264 3281 3371 3336 sed.
3393 3282 3566 3351 magis

1994 3389 2058 3428 ex
2103 3372 2173 3429 iis
2204 3388 2326 3443 qua:
2358 3374 2548 3429 insunt
2578 3373 2707 3444 ipsi,
2745 3374 2923 3444 iisque
2975 3371 3415 3429 etiamoraculis
3445 3388 3567 3441 qua:

1995 3463 2063 3518 de
2089 3463 2381 3520 eodiviua:
2407 3464 2707 3536 Seripturae
2733 3475 2962 3529 canunt,
2992 3474 3045 3520 et
3078 3463 3322 3525 futurum
3358 3471 3418 3517 ut
3449 3464 3567 3532 ipse

1996 3541 2312 3612 innotescat
2361 3555 2689 3626 praedicunt.
2727 3554 2859 3623 Qua:
2901 3570 3027 3611 cum
3071 3571 3180 3611 non
3224 3556 3569 3625 perpendant

1995 3647 2192 3713 Judaei,
2223 3647 2372 3704 velut
2415 3648 2758 3705 consternati
2785 3647 2991 3703 animis
3014 3649 3170 3703 aiunt
3208 3666 3221 3704 :
3260 3666 3278 3697 ‹
3313 3645 3567 3711 Quandiu

1998 3740 2235 3795 animam
2277 3752 2521 3797 nostram
2572 3756 2896 3813 suspensam
2928 3742 3119 3798 tenes?
3152 3758 3169 3791 ι
3207 3738 3377 3794 Moris
3422 3738 3568 3793 enim

1998 3838 2083 3887 est
2112 3830 2516 3902 negligentibus
2542 3845 2606 3887 ac
2644 3830 3058 3886 fastidientibus
3091 3829 3193 3883 hoc
3227 3827 3398 3898 loqui.

2073 3920 2139 3983 Χ,
2168 3922 2263 3978 ‘25.
2295 3920 2469 3991 Opera
2492 3938 2611 3991 qua:
2637 3937 2730 3993 ego
2752 3921 2892 3991 facio
2916 3921 2970 3975 in
2996 3920 3206 3976 nomine
3236 3916 3417 3973 Patris
3446 3918 3567 3982 mei,

2000 4012 2109 4067 Iure
2133 4013 2197 4067 de
2223 4030 2302 4067 me
2330 4023 2610 4070 testantur.

2073 4099 2421 4171 Superﬂuum
2457 4102 2630 4174 igitur
2669 4104 2825 4159 duxit
2853 4103 3137 4160 Christus.
3163 4102 3313 4173 apud
3343 4117 3439 4157 cos
3477 4102 3572 4170 qui

1993 4192 2165 4248 toties
2194 4191 2489 4247 audierant
2521 4207 2622 4247 nec
2649 4192 3002 4248 crediderant
3034 4208 3247 4248 rursus
3271 4190 3471 4246 eadem
3493 4205 3574 4243 re-

2004 4291 2212 4355 petere.
2251 4284 2481 4355 Oportet
2512 4285 2658 4340 enim
2704 4299 3155 4356 unumquemque
3204 4299 3271 4338 ex
3306 4282 3573 4353 qualitate

2005 4391 2235 4446 operum
2280 4375 2540 4446 spectari,
2565 4390 2669 4431 nec
2701 4375 2769 4431 ad
2812 4375 2928 4432 sola
2964 4375 3127 4430 verba
3163 4373 3571 4444 respiciendum

333 4470 717 4541 Ἀποπληροῦν
746 4469 803 4522 δὲ
831 4469 979 4537 λέγει
1014 4468 1205 4522 ἑαυτὸν
1224 4466 1292 4520 τὰ
1317 4467 1454 4536 ἔργα
1477 4469 1534 4519 ὲν
1564 4465 1644 4537 τῷ
1671 4466 1892 4537 ὀνόματι

2001 4473 2108 4523 est.
2160 4466 2232 4524 Se
2281 4483 2410 4523 vero
2462 4468 2764 4539 adimplere
2819 4467 3174 4537 diciLopera
3242 4466 3295 4519 in
3355 4466 3576 4520 nomine

318 4560 418 4614 τοῦ
446 4559 684 4628 Πατρὸς,
710 4558 773 4612 οὐ
804 4556 901 4629 τὴν
928 4557 1135 4612 ἀνωθεν
1161 4557 1305 4611 καθά
1346 4574 1431 4620 τις
1468 4557 1624 4625 ἅγιος
1648 4559 1898 4629 καρπού-

327 4668 489 4723 μενος
520 4652 774 4722 δύναμιν.
799 4650 908 4704 οὐδ’
937 4650 1014 4714 ὡς
1043 4650 1348 4720 ἀδυναμίαν
1373 4649 1548 4719 ἑαυτῷ
1575 4651 1899 4723 κατηγορῶν

325 4746 361 4797 ὁ
392 4742 520 4805 Θεὸς
547 4744 612 4796 ἐκ
644 4740 805 4796 Θεοῦ·
834 4744 864 4795 6
901 4740 998 4795 τοῦ
1031 4740 1242 4812 Πατρὸς
1273 4739 1578 4812 όμοούσιος,
1606 4743 1641 4812 ἡ
1670 4741 1900 4813 δύναμις

246 4820 262 4834 ’
323 4833 427 4889 τοῦ
458 4836 687 4906 Πατρὸς,
719 4833 834 4888 ἀλλ’
862 4834 936 4897 ὡς
958 4833 1249 4904 ἀπονέμων
1271 4816 1490 4906 τῇνθείᾳ
1518 4833 1645 4906 δόξῃ
1667 4834 1767 4907 τὴν
1790 4834 1902 4887 τῶν

320 4925 664 4998 τελουμένων
686 4925 939 4996 δύναμιν,
989 4928 1048 4980 ὲν
1078 4925 1158 4997 τῷ
1191 4925 1417 4994 ὀνόματι
1455 4923 1551 4978 τοῦ
1583 4926 1793 4997 Πατρὸς
1832 4927 1902 4979 τὰ

320 5016 465 5087 εργα
497 5017 633 5087 φησὶ
666 5019 862 5071 ποιεῖν.
896 5016 1041 5085 Πλὴν
1082 5020 1179 5071 καὶ
1210 5017 1402 5087 ἀνάγει
1436 5017 1529 5070 ἐπὶ
1557 5015 1650 5070 τὸν
1686 5017 1904 5087 Πατέρα

321 5106 427 5178 τὴν
452 5108 643 5179 τιμήν·
687 5108 774 5161 ἵνα
823 5107 899 5179 μὴ
942 5108 1017 5178 δῷ
1056 5112 1168 5173 τοῖς
1221 5109 1495 5173 Ἰουδαίοις
1528 5107 1780 5178 ἀφορμὴν
1810 5109 1905 5162 τοῦ

325 5199 661 5269 ἐπιφύεσθαι
689 5201 859 5272 αύτῷ.
888 5201 1078 5271 Ὅμως
1106 5202 1200 5255 καὶ
1223 5201 1371 5268 ἀξιον
1396 5203 1643 5273 ἡγήσατο
1672 5199 1748 5272 μὴ
1772 5218 1907 5272 παρ’

324 5292 508 5347 ελθεῖν
538 5294 603 5348 τὸ
647 5296 842 5366 μέτρον
892 5296 991 5366 τῆς
1035 5295 1223 5349 δούλου
1269 5297 1485 5368 μορφῆς
1514 5296 1609 5350 καὶ
1638 5296 1905 5366 ὑπάρχειν

324 5381 464 5449 Θεὸς
486 5385 581 5440 καὶ
598 5386 821 5456 Κύριοςο
852 5387 1022 5441 εἰπὼν
1042 5387 1105 5441 δὲ
1125 5388 1208 5440 ὅτι
1230 5389 1287 5440 ὲν
1314 5388 1536 5459 ὀνόματι
1573 5387 1668 5441 τοῦ
1698 5388 1909 5458 Πατρὸς

329 5476 481 5526 ποιεῖ
503 5474 573 5527 τά
606 5475 762 5548 ἔργα,
787 5476 1027 5531 διδάσκει
1053 5478 1135 5530 ὃτι
1168 5476 1221 5529 oi.
1252 5477 1496 5533 Ἰουδαῖοι
1529 5477 1910 5548 βλασφημοῦν-

327 5577 426 5627 τες
454 5563 665 5634 ἔλεγον,
692 5567 749 5621 ὲν
774 5566 1098 5632 Βεελζεσοὺλ
1127 5566 1408 5622 ἐκϐάλλειν
1437 5570 1598 5624 αὐτὸν
1635 5569 1703 5623 τά
1729 5570 1913 5640 δαιμό-

408 5742 498 5774 ³”’
526 5738 688 5798 Joan.
724 5760 800 5805 si,
824 5745 914 5801 ‘24.

2004 4558 2207 4624 Patris,
2235 4574 2345 4615 non
2382 4561 2534 4615 velut
2573 4560 2776 4631 aliquis
2808 4566 3035 4615 sanctus
3073 4559 3310 4628 desuper
3335 4566 3576 4627 potesta-

2006 4660 2118 4707 tem
2155 4652 2451 4722 accipiens,
2478 4652 2572 4707 sed
2608 4666 2710 4707 nec
2737 4650 2904 4706 etiam
2936 4650 3088 4706 illam
3133 4651 3190 4709 in
3228 4665 3290 4706 se
3334 4649 3578 4704 imbecil-

2006 4742 2216 4797 litatem
2244 4757 2547 4809 accusans;
2581 4740 2745 4813 665
2773 4741 2973 4812 quippe
2990 4756 3058 4796 ex
3092 4740 3202 4795 Deo
3229 4739 3398 4805 Deus,
3429 4738 3578 4795 Patri

2007 4834 2523 4899 consubstantialis,
2580 4835 2763 4890 Patris
2819 4834 3013 4899 virtus,
3066 4841 3140 4889 et.
3168 4833 3322 4889 velut
3380 4833 3578 4886 divinae

2001 4928 2194 4999 gloria:
2220 4943 2411 4983 eorum
2446 4942 2569 4998 quae
2605 4928 2744 4982 fiunt
2777 4930 2883 4983 vim
2915 4926 3223 4990 ascribens,
3269 4926 3323 4979 in
3356 4926 3578 4979 nomine

2003 5021 2191 5077 Patris
2221 5036 2281 5077 se
2319 5035 2490 5091 opera
2525 5019 2705 5076 facere
2729 5019 2881 5074 dicit.
2918 5018 3229 5085 Quinetiam
3260 5025 3315 5072 et
3359 5017 3425 5071 ad
3476 5015 3571 5070 Pa-

2005 5122 2145 5169 trem
2175 5113 2440 5168 honorem
2474 5110 2665 5175 refert,
2690 5126 2758 5165 ne
2782 5110 2929 5166 illam
2964 5109 3175 5166 Judaeis
3205 5109 3258 5163 in
3300 5124 3361 5164 se
3387 5104 3575 5163 ansam

2006 5205 2272 5276 praebeat.
2324 5203 2496 5257 Simul
2556 5217 2775 5273 aequum
2828 5202 3046 5257 censuit
3105 5201 3327 5256 modum
3392 5200 3582 5253 forma:

2009 5298 2153 5353 servi
2189 5312 2298 5351 non
2343 5294 2653 5365 transgredi
2689 5302 2744 5349 et
2775 5295 3048 5350 exsistere
3088 5292 3229 5348 Deus
3278 5307 3344 5347 ac
3396 5290 3582 5346 Domi-

2012 5405 2119 5444 nus
2153 5406 2166 5441 :
2205 5389 2397 5443 dicens
2432 5401 2558 5441 vero
2608 5386 2667 5441 in
2711 5390 2934 5443 nomine
2966 5384 3149 5440 Patris
3187 5394 3353 5453 Opera
3399 5399 3458 5437 se
3499 5381 3581 5434 fa-

2013 5493 2159 5541 cere,
2197 5474 2438 5531 ostendit
2482 5472 2705 5530 Judaeos
2761 5473 3140 5544 blasphemare
3186 5471 3278 5539 qui
3327 5466 3581 5522 dicebant

2017 5585 2141 5625 eum
2176 5569 2230 5622 in
2256 5567 2539 5624 Beelzebul
2568 5564 2769 5637 ejiCcrc
2794 5565 3063 5623 daemonia
3090 5584 3099 5617 :
3127 5562 3251 5635 quia
3278 5575 3404 5615 vero
3421 5555 3583 5611 Pater

991 5746 1192 5802 “Joan.
1232 5762 1341 5810 Juv,
1378 5748 1429 5800 (5.
1508 5748 1525 5777 ⁷
1563 5744 1717 5801 Joan.
1758 5763 1809 5811 δ,
1846 5748 1897 5801 9.
1980 5746 1998 5775 ⁸
2030 5744 2166 5799 Ibid.
2218 5745 2297 5799 Il.
