4062 6208
434 332 502 389 l9
1425 325 1479 378 S.
1519 323 1796 380 CYRILLI
1830 324 2302 382 ALEXANDRINI
2335 318 2650 382 ARCHIEP.
3601 325 3672 384 90

434 465 545 504 non
571 445 699 517 quia
736 443 894 500 Pater
925 452 1012 498 est
1047 442 1178 498 facit
1201 443 1487 506 miracula,
1520 444 1614 498 sed
1646 444 1772 512 quia
1811 453 2005 496 natura

2127 465 2216 500 nat'
2245 449 2367 501 ἐπεὶ
2403 445 2458 500 δὲ
2489 447 2517 497 ὁ
2544 443 2754 513 Πατήρ,
2790 442 2890 494 οὐκ
2926 440 3113 510 ἐπειδὴ
3155 439 3342 508 Πατήρ
3371 441 3509 502 ἐστι,
3537 442 3676 494 ποιεῖ

435 540 581 594 Deus
612 546 716 600 est,
749 543 804 591 et
830 534 1006 590 Filius
1049 549 1244 589 rursus
1274 548 1380 588 non
1412 534 1540 602 quia
1579 533 1776 598 Filius,
1817 534 1911 588 scd
1943 542 2004 586 ut

421 636 580 688 Deus
610 645 677 684 ex
705 628 815 683 Deo
841 633 1018 697 potest
1077 626 1242 680 etiam
1285 625 1402 694 ipse
1449 640 1614 695 opera
1639 625 1819 679 Patris
1868 639 2004 694 pro.»

436 728 606 785 stare,
627 718 751 773 ideo
769 715 1107 772 oeconomice
1129 723 1181 770 et
1205 725 1420 770 servato
1446 730 1627 770 rerum
1656 715 1852 769 ordine
1873 713 2006 768 dicit

435 828 495 868 se
522 813 579 867 in
604 812 824 868 nomine
859 809 1038 865 Patris
1063 821 1229 877 opera
1259 805 1460 862 facere.

504 988 589 1050 Χ.
648 988 740 1043 26.
784 986 886 1041 Sed
939 1003 1024 1040 vos
1078 985 1207 1038 mihi
1262 1002 1363 1038 non
1413 983 1668 1049 creditis,
1719 984 1846 1052 quia
1907 1001 2012 1036 non

434 1083 564 1138 cui:
594 1097 659 1136 ex
694 1082 874 1134 ovibus
901 1080 1052 1133 meis.

503 1170 770 1226 Indicium
821 1179 875 1224 et
944 1176 1328 1239 argumentum
1388 1167 1765 1223 certissimum
1824 1166 2008 1220 ovium

433 1262 639 1318 Christi
683 1269 768 1316 est
809 1259 970 1314 facile
1010 1258 1201 1314 audire
1229 1268 1283 1314 et
1315 1266 1563 1328 paratum
1605 1273 1729 1313 esse
1778 1258 1845 1310 ad
1882 1259 2008 1311 obe-

434 1353 721 1416 diendum,
772 1352 917 1407 sicut
960 1358 1016 1405 et
1063 1351 1367 1405 alienarum
1427 1364 1534 1403 non
1584 1348 1833 1418 obsequi.
1874 1347 2006 1402 Nam

437 1446 631 1501 audire
667 1445 748 1500 sic
798 1445 1248 1512 interpretamur,
1295 1441 1462 1496 dictis
1511 1441 1667 1496 ﬁdem
1723 1441 2004 1496 adhibere.

435 1539 517 1592 llli
567 1551 695 1593 vero
729 1543 1141 1607 cognoscuntur
1180 1548 1210 1589 a
1258 1534 1372 1589 Deo
1425 1533 1516 1602 qui
1567 1533 1799 1588 audiunt
1835 1547 2006 1588 eum:

435 1627 694 1698 cognosci
725 1641 855 1681 vero
896 1624 1175 1695 signiﬁcat
1227 1623 1536 1693 conjungi:
1585 1622 1814 1676 omnino
1863 1622 2008 1676 enim

2111 539 2177 591 τὰ
2208 537 2480 606 θαύματα,
2514 534 2625 588 ἀλλ’
2650 533 2833 601 ἐπειδὴ
2861 532 2989 594 Θεὸς
3021 531 3134 584 ἐστι
3162 528 3341 599 φύσει
3379 531 3471 582 καὶ
3497 532 3526 582 ὁ
3552 527 3678 592 Υἱὸς

2111 631 2240 700 ἄρα,
2268 629 2368 681 οὐκ
2395 626 2583 697 ἐπειδὴ
2614 625 2760 689 Υἱδς,
2785 622 2897 677 ἀλλ’
2923 621 2997 686 ὼς
3021 622 3152 686 Θεὸς
3183 622 3247 673 ἐκ
3280 619 3436 683 Θεοῦ,
3460 619 3679 674 δύναται

2114 723 2206 774 καὶ
2251 720 2413 783 αὐτὸς
2478 717 2546 771 τὰ
2596 717 2690 772 τοῦ
2745 715 2953 785 ﬂat-pb;
3010 713 3144 784 ἔργα
3210 715 3400 766 ποιεῖν’
3469 710 3550 764 διδ
3603 711 3680 762 οἰ-

2114 812 2420 883 κονομικῶς
2474 808 2644 872 εἶπεν,
2696 809 2752 862 ὲν
2794 808 3017 877 ὀνόματι
3071 804 3162 857 τοῦ
3191 803 3402 875 Πατρὸς
3447 801 3517 855 τὰ
3544 800 3679 872 ἔργα

2113 906 2308 956 ποιεῖν.

2196 994 2344 1047 Ἀλλ’
2376 992 2543 1061 ὑμεῖς
2582 993 2653 1044 οὐ
2695 985 3005 1043 πιστεύετέ
3039 1002 3160 1056 μοι,
3185 985 3271 1037 ὅτι
3304 985 3413 1036 οὐκ
3443 981 3583 1036 ἐστὲ
3611 979 3678 1032 ἐκ

2110 1087 2229 1140 τῶν
2252 1085 2562 1153 προϐάτων
2583 1082 2700 1136 τῶν
2716 1079 2890 1152 ἐμῶν.

2195 1177 2495 1240 Ἀπόδειξις
2523 1175 2629 1227 τῶν
2652 1173 2745 1226 τοῦ
2771 1169 3004 1243 Χριστοῦ
3036 1167 3345 1239 προϐάτων,
3369 1165 3428 1217 τὸ
3457 1165 3681 1232 εὐήκοον

2115 1272 2209 1326 καὶ
2239 1270 2298 1322 τὺ
2318 1269 2532 1338 ἕτοιμον
2558 1269 2638 1329 είς
2661 1263 2992 1323 εὐπείθειαν,
3033 1260 3221 1328 ὥσπερ
3254 1257 3362 1311 τῶν
3387 1255 3682 1324 ἀλλοτρίων

2083 1366 2088 1368 ’
2116 1364 2176 1418 τὸ
2205 1360 2446 1424 ἀπειθές.
2473 1359 2546 1412 Τὸ
2574 1357 2684 1428 γὰρ
2707 1354 2927 1410 ἀκούειν
2947 1347 3046 1406 ὦδε
3076 1351 3323 1420 νοοῦμεν,
3358 1347 3420 1399 τὸ
3452 1347 3561 1408 τοῖς
3598 1343 3683 1396 λε-

2117 1456 2372 1526 γομένοις
2429 1450 2734 1518 πεισθῆναι.
2788 1446 3018 1500 Ἐκεῖνοι
3069 1442 3125 1494 δὲ
3179 1437 3536 1508 γινώσκονται
3581 1433 3684 1486 ὑπὸ

2117 1547 2251 1602 Θεοῦ
2284 1548 2332 1599 οἱ
2355 1543 2644 1605 ἀκούοντες
2671 1538 2855 1594 αὑτοῦ·
2878 1537 2938 1590 τὸ
2970 1535 3025 1588 δὲ
3052 1529 3414 1602 γινώσκεσθαι
3446 1525 3594 1597 δηλοῖ
3624 1522 3686 1576 τὸ

2117 1634 2465 1692 οἱκειοῦσθαν
2493 1631 2719 1686 καθόλου
2743 1627 2849 1698 γὰρ
2873 1625 3044 1686 οὐδεὶς
3071 1621 3174 1675 ὑπὸ
3194 1620 3286 1672 τοῦ
3311 1615 3444 1670 Θεοῦ
3477 1613 3686 1681 ἀγνοεῖ-

433 1718 620 1772 nullus
652 1732 682 1770 a
711 1715 822 1770 Deo
851 1715 1159 1785 ignoratur.
1183 1714 1319 1768 Cum
1347 1728 1477 1768 vero
1505 1713 1661 1777 dicit,
1688 1732 1705 1764 ι
1728 1713 2011 1783 Cognosco

2127 1751 2224 1786 ιαι.
2257 1730 2448 1783 Ὅταν
2473 1721 2566 1779 οὖν
2631 1723 2801 1791 λέγει,
2839 1739 2857 1771 ι
2901 1717 3158 1770 Γινώσκω
3204 1711 3274 1764 τὰ
3307 1707 3437 1780 ἐμὰ,
3473 1725 3492 1759 ι
3530 1703 3685 1756 τοῦτό

437 1806 645 1873 meas’,
688 1826 706 1859 ι
736 1807 840 1861 hoc
872 1806 1030 1868 dicit,
1072 1808 1369 1875 amplectar
1389 1814 1442 1860 et
1473 1805 1697 1875 jungam
1731 1804 1862 1858 mihi
1893 1820 2006 1875 my-

436 1900 575 1956 stice
625 1907 680 1954 et
726 1913 824 1969 per
881 1899 1203 1952 relationem
1263 1897 1510 1952 all‘ectus.
1565 1896 1848 1966 Quispiam
1883 1909 2014 1951 vero

356 2035 361 2039 .
441 1991 638 2045 dixerit
660 2005 806 2053 eum,
835 1997 1110 2060 quatenus
1149 1989 1314 2043 homo
1343 1989 1517 2044 factus
1556 1996 1660 2052 est,
1695 2002 1889 2042 omnes
1923 1986 2016 2040 ho-

437 2080 616 2136 mines
655 2081 757 2135 sibi
812 2081 1146 2160 conjungere
1196 2089 1419 2151 pr0pter
1453 2078 1895 2134 communionem
1925 2092 2016 2146 ge-

440 2172 588 2234 neris
632 2179 685 2227 et
725 2171 1309 2242 consanguinitatcm,
1355 2172 1430 2224 ita
1459 2178 1519 2224 ut
1553 2184 1744 2225 omnes
1792 2167 2016 2221 Christo

436 2263 718 2332 conjuncti
747 2265 923 2318 simus
953 2271 1008 2317 et
1044 2262 1238 2318 afﬁnes
1274 2277 1373 2331 per
1404 2260 1790 2316 habitudinem
1826 2257 2016 2328 mysti-

436 2368 559 2408 cam
597 2353 652 2409 in
683 2363 948 2424 quantum
983 2354 1145 2409 homo
1177 2352 1350 2409 factus
1379 2364 1496 2420 est;
1532 2353 1698 2408 alieni
1728 2367 1860 2406 vero
1895 2350 2017 2421 qui-

438 2460 656 2514 cunque
699 2444 1037 2500 conl‘ormem
1070 2445 1386 2499 sanctitatis
1417 2443 1712 2512 imaginem
1748 2456 1860 2496 non
1904 2455 2019 2495 ser-

437 2544 589 2590 vant.
627 2535 719 2590 Sic
753 2544 811 2592 et
852 2534 1026 2591 Judaei
1059 2550 1184 2589 cum
1227 2543 1416 2590 essent
1463 2532 1651 2587 aﬁines
1690 2540 1746 2586 et
1793 2533 2022 2600 conjun-

439 2628 516 2682 cti
551 2627 854 2684 secundum
893 2641 1069 2697 genus
1107 2623 1387 2679 Abraham
1432 2622 1636 2685 ﬁdelis,
1694 2621 1819 2677 ideo
1872 2620 2018 2691 quod

440 2722 690 2778 inﬁdeles
717 2721 846 2775 facti
870 2725 1238 2790 suntpmpter
1253 2731 1465 2772 morum
1486 2714 2015 2777 dissimilitudinem,

441 2815 511 2870 ab
528 2813 647 2883 ejus
665 2812 926 2866 afﬁnitate
940 2811 1278 2880 exciderunt.
1300 2809 1441 2864 Dicit
1464 2823 1615 2875 vero,
1640 2827 1659 2858 ‹
1687 2806 1750 2861 Ει
1775 2821 2020 2876 sequuti-

441 2913 535 2958 tur
566 2917 652 2958 me
682 2916 860 2957 oves:
898 2920 918 2954 ι
955 2902 1048 2971 qui
1073 2895 1224 2956 enim.
1262 2900 1520 2960 credunt,
1553 2897 1739 2952 divina
1784 2893 2016 2965 quadam

443 2993 619 3064 gratia
642 2994 810 3048 etiam
837 2990 1045 3047 Christi
1076 2991 1326 3061 vestigiis
1350 2989 1634 3051 insistunt,
1660 3001 1766 3041 non
1789 2983 2019 3054 amplius

2121 1838 2302 1893 φησιν,
2321 1821 2402 1872 ὅτι
2429 1814 2800 1887 Προσδέξομαι
2827 1809 2920 1862 καὶ
2940 1803 3293 1873 οἰκειώσομαι
3323 1798 3460 1852 αὐτὰ
3492 1810 3683 1865 μυστι-

2119 1914 2230 1976 κῶς
2263 1928 2320 1964 τε
2355 1909 2449 1962 καὶ
2476 1903 2758 1978 σχετικῶς.
2787 1902 2945 1955 Εἴποι
2983 1899 3026 1950 δ’
3057 1897 3120 1950 ἄν
3161 1909 3245 1956 τις
3289 1893 3369 1945 ὅτι
3415 1887 3508 1941 καὶ
3553 1883 3686 1938 καθὸ

2119 2004 2404 2073 ἄνθρωπος
2440 1998 2651 2066 γέγονε,
2677 1994 2881 2054 πάντας
2913 1986 3226 2059 ἀνθρώπους
3261 1979 3574 2052 ᾠκειώσατο
3601 1974 3689 2027 διὰ

2119 2097 2179 2150 τὸ
2198 2065 2473 2164 ὁμογενὲς*
2507 2089 2647 2142 ὥστε
2678 2087 2867 2139 οἰκεῖοι
2895 2082 3094 2142 πάντες
3122 2076 3284 2146 ἐσμὲν
3309 2069 3527 2143 Χριστῷ
3548 2065 3691 2122 κατὰ

2124 2159 2323 2255 σχέσιν
2347 2178 2631 2252 μυστικὴν,
2659 2175 2794 2228 καθὸ
2827 2173 3049 2240 γέγονεν
3081 2167 3384 2237 ἄνθρωπος’
3423 2159 3689 2228 ἀλλότριοι

2121 2279 2178 2331 δὲ
2207 2277 2320 2329 ὅσοι
2354 2273 2427 2344 μή
2457 2269 2785 2340 φυλάττουσι
2831 2263 2928 2332 τὴν
2970 2259 3292 2330 σύμμορφον
3339 2255 3437 2322 τῆς
3473 2249 3692 2318 ἁγιότη-

2122 2386 2212 2431 τος
2259 2365 2463 2419 εἰκόνα.
2502 2361 2658 2416 Οῦτω
2691 2357 2785 2411 καὶ
2826 2353 3069 2408 Ἰουδαῖοι
3121 2351 3310 2402 οἰκεῖοι
3359 2346 3512 2404 ὄντες
3550 2339 3689 2393 κατλι

2123 2464 2278 2531 γένος
2319 2457 2410 2511 τοῦ
2458 2453 2708 2525 Ἀϐραὰμ
2735 2448 2826 2504 τοῦ
2853 2445 3064 2508 πιστοῦ,
3090 2436 3154 2507 ἐξ
3179 2433 3254 2492 ὧν
3287 2437 3504 2491 ἄπιστοι
3537 2430 3694 2500 γεγό·

2125 2569 2298 2616 νασιν,
2329 2546 2701 2618 ἐστερήθησαν
2731 2543 2828 2612 τῆς
2866 2536 3074 2590 ἐκείνου
3119 2526 3438 2598 συγγενείας
3474 2523 3561 2576 διὰ
3595 2522 3695 2589 τήν

2124 2645 2233 2699 τῶν
2262 2613 2478 2712 τρόπων
2504 2613 2884 2705 ἀνομοιότητα.
2917 2625 3056 2696 Φησὶ
3087 2623 3145 2676 δὲ
3170 2622 3250 2673 ὅτι
3283 2616 3434 2678 (Καὶ
3469 2613 3693 2712 ἀκολου-

2126 2730 2278 2786 Θοῦσί
2301 2701 2403 2798 ’μοι
2426 2727 2494 2778 τὰ
2523 2701 2792 2793 πρόϐαταο
2819 2738 2836 2769 ι
2864 2718 2914 2768 oi
2937 2715 3043 2784 γὰρ
3071 2707 3402 2776 πειθόμενοι,
3429 2701 3695 2798 fatum!-

2123 2839 2214 2875 ται
2250 2818 2355 2872 ἀπό
2379 2831 2521 2875 τινος
2544 2809 2822 2864 θεοσδότου
2857 2803 3078 2875 χάριτος
3105 2797 3224 2852 κατ’
3252 2794 3397 2864 ἴχνος
3429 2787 3692 2860 Χριστοῦ,

2124 2910 2306 2966 οὐκέτι
2350 2910 2471 2969 ταῖς
2509 2903 2757 2973 νομικαῖς
2797 2894 3135 2953 δουλεύοντες
3173 2889 3372 2948 σκιαῖς,
3405 2881 3518 2936 ἀλλ’
3549 2873 3630 2941 οἷς
3669 2879 3697 2930 ὁ

2125 3000 2357 3074 Χριστὸς
2402 2996 2682 3050 ἐπιτάττει
2712 2990 2806 3043 καὶ
2850 2985 2928 3057 τῷ
2964 2981 3128 3038 αὑτοῦ
3169 2975 3584 3034 ἀκολουθοῦντες
3618 2969 3700 3022 λό-

445 3063 712 3158 iegalibus
749 3083 960 3139 umbris
1005 3083 1328 3145 servientes,
1362 3082 1456 3137 sed
1502 3079 1768 3135 mandata
1805 3077 2010 3131 Christi

2127 3063 2226 3166 γώ,
2257 3091 2345 3146 διὰ
2377 3089 2621 3160 χάριτος.
2651 3084 2729 3147 είς
2755 3081 2817 3134 τὸ
2850 3075 3014 3131 αὑτοῦ
3051 3071 3415 3142 ἀναϐήσονται
3459 3063 3697 3163 ἀξίωμα,

415 3187 500 3234 νει
535 3191 845 3234 sermonem
878 3175 1000 3246 ejus
1030 3190 1125 3245 per
1152 3175 1385 3245 gratiam
1423 3177 1738 3242 sequentes,
1787 3169 1854 3223 ad
1900 3167 2020 3238 ejus

447 3268 843 3340 dignationem,
877 3273 1066 3336 utpote
1107 3265 1203 3319 ﬁlii
1251 3264 1346 3319 Dei
1383 3261 1559 3317 vocati
1589 3262 1658 3326 ‘°,
1694 3260 2018 3316 ascendent.

447 3361 672 3417 Christo
712 3359 859 3416 enim
888 3356 1224 3414 ascendente
1254 3356 1308 3410 in
1352 3348 1575 3417 caelum,
1626 3353 1790 3408 etiam
1823 3352 1901 3405 illi
1937 3367 2021 3406 se-

449 3461 684 3523 quentur
717 3470 731 3506 :
762 3449 1067 3505 mercedem
1096 3443 1227 3502 vero
1257 3455 1310 3502 ct
1341 3444 1626 3516 przemium
1660 3457 1718 3498 se
1749 3443 2026 3513 sequenti.

453 3545 554 3600 bus
585 3544 751 3598 vitam
803 3551 1060 3597 aeternam
1111 3553 1171 3594 se
1215 3536 1405 3606 largiri
1451 3535 1547 3600 ait,
1602 3541 1865 3604 praeterea
1916 3547 2020 3586 nec

452 3634 649 3704 subjici
680 3635 840 3688 morti
871 3638 970 3686 aut
1008 3627 1376 3698 corruptioni,
1427 3639 1530 3680 nec
1571 3623 1865 3678 tormentis
1905 3635 2028 3692 qua:

453 3707 905 3794 delinquentibus
937 3734 966 3773 a
1017 3717 1204 3788 judice
1251 3716 1584 3785 irrogantur.
1638 3709 1716 3764 Ex
1777 3724 1842 3765 eo
1881 3709 2026 3762 enim

453 3815 604 3886 quod
642 3814 736 3869 dat
765 3813 952 3876 vitam,
988 3807 1230 3866 ostendit
1269 3821 1329 3861 se
1364 3812 1560 3859 natura
1588 3817 1713 3858 esse
1743 3801 1908 3855 vitam
1942 3798 2028 3869 ip-

455 3921 595 3969 sam,
638 3905 807 3976 666-
833 3916 1003 3972 seque
1031 3915 1152 3955 eam
1195 3896 1550 3968 suppeditare
1594 3909 1623 3948 a
1657 3893 1865 3963 seipso,
1915 3905 2024 3945 non

457 3999 528 4053 ab
562 3999 672 4051 alio
701 4003 988 4065 acceptam
1024 4011 1038 4047 :
1068 3997 1234 4048 vitam
1264 3997 1444 4045 autem
1478 3985 1843 4056 intelligimus
1871 3992 2030 4038 aeter-

458 4103 619 4152 nam,
653 4102 764 4142 non
801 4085 1064 4155 temporis
1086 4085 1409 4138 immensam
1429 4077 1874 4140 diuturnitatem,
1923 4088 2031 4145 qua

457 4194 649 4235 omnes
683 4186 794 4232 tam
842 4176 972 4231 boni
1017 4191 1183 4246 quam
1233 4172 1362 4227 mali
1404 4180 1530 4242 post
1563 4167 2029 4225 resurrectionem

460 4275 734 4340 fruentur,
784 4274 877 4330 sed
935 4273 992 4327 in
1034 4272 1200 4326 animi
1249 4267 1649 4339 tranquillitate
1688 4274 1741 4320 et
1774 4278 1906 4334 pace
1939 4261 2033 4316 de-

459 4384 606 4441 gere.
636 4367 944 4423 Possumus
977 4373 1032 4420 et
1064 4365 1232 4420 vitam
1271 4361 1520 4432 accipere
1548 4357 1836 4429 mysticam
1878 4355 2032 4410 eulo-

2128 3150 2235 3236 {ubi
2255 3150 2410 3234 Θεοῦ.
2425 3150 2771 3244 καλούμενοι.
2793 3165 3031 3241 Χριστοῦ
3064 3163 3174 3232 γὰρ
3203 3158 3442 3219 ἀνιόντος
3473 3155 3551 3215 είς
3573 3150 3700 3212 τοῦς

2127 3273 2410 3346 οὐρανοὺς,
2453 3270 2693 3322 κάκεῖνοι
2753 3257 3207 3328 ἀκολουθήσουσιν
3246 3248 3413 3319 αύτῷ·
3466 3242 3702 3315 ἀμοιϐήν

2128 3334 2320 3420 δὲ’καὶ
2351 3334 2516 3433 γέρας
2557 3360 2669 3421 τοῖς
2721 3352 3004 3424 ἑπομένοις
3060 3343 3209 3415 αὐτῷ
3269 3341 3368 3412 τὴν
3418 3337 3564 3407 ζωήν
3604 3334 3702 3433 τήν

2130 3425 2711 3526 αἰώνιον-χαρίσασθαί
2751 3462 2905 3514 φησι,
2937 3440 3030 3494 καὶ
3063 3438 3122 3492 τὸ
3153 3435 3226 3507 μὴ
3252 3427 3578 3526 ὑποκεῖσθαι.
3609 3425 3703 3477 θα-

2131 3549 2338 3620 νάτῳῆ
2373 3517 2548 3617 (ἔθορᾷ
2591 3541 2685 3595 καὶ
2729 3539 2848 3601 ταῖς
2888 3534 3139 3606 βασάνοις
3184 3528 3302 3589 ταῖς
3335 3517 3704 3620 ἐπαγομέναις

2135 3605 2286 3711 παρά
2325 3603 2419 3690 τοῦ
2453 3603 2640 3705 κριτοῦ
2677 3629 2790 3691 τοῖς
2833 3603 3278 3711 πλημμελήσασι⁹
3307 3611 3400 3711 ’Δι’
3432 3603 3506 3662 ὧν
3539 3607 3594 3711 δὲ
3624 3603 3707 3710 δί-

2133 3733 2265 3785 δωσι
2305 3727 2468 3798 ζωήν,
2503 3722 2771 3778 δείκνυσιν
2802 3714 2962 3776 αὐτὸς
2995 3709 3110 3780 ζωὴ
3146 3706 3221 3760 ὣν
3253 3701 3435 3773 φύσει,
3465 3695 3603 3798 ’καῖ’
3626 3694 3708 3747 ὅτι

2136 3783 2535 3884 αύτὸςπαῦτην
2570 3808 2796 3882 χορηγεῖ
2828 3803 2888 3868 ἐξ
2913 3795 3106 3854 ἑαυτοῦ
3151 3793 3246 3848 καὶ
3287 3789 3388 3884 οὐκ
3431 3784 3490 3850 ἐξ
3519 3783 3707 3884 ἑτέρου

2367 3871 2520 3976 Ζωὴν
2549 3871 2607 3956 δέ
2638 3871 2872 3968 ’νοοῦμεν
2902 3889 3138 3952 αἰώνιον,
3173 3885 3232 3976 ού
3264 3881 3362 3976 τήν
3395 3871 3711 3976 μακροημέ-

2142 4014 2345 4070 ρευσιν,
2380 3988 2447 4065 ἦς
2477 3959 2700 4049 ’πάντες
2754 3981 3036 4054 μέλλουσιν
3081 3969 3393 4031 ἀπολαύειν,
3439 3963 3575 4034 μετὰ
3609 3959 3709 4028 τήν

2139 4053 2443 4145 ἀνάστασιν
2499 4079 2655 4136 καλοί
2708 4053 2766 4128 τε
2826 4071 2919 4124 καὶ
2971 4063 3164 4120 κακοί’
3218 4059 3354 4114 ἀλλὰ
3405 4056 3501 4110 καὶ
3552 4053 3614 4107 τὸ
3649 4054 3708 4145 εν

2140 4143 2372 4249 εὐθυμία
2421 4172 2650 4238 διάγειν.
2699 4161 2933 4216 Δυνατὸν
2979 4158 3036 4211 δὲ
3084 4153 3229 4223 ζωὴν
3284 4151 3446 4212 νοεῖν,
3491 4146 3585 4200 καὶ
3612 4143 3710 4249 τήν

2145 4234 2410 4341 μυστικήν
2467 4234 2714 4326 εὐλογίαν
2770 4255 2838 4307 δι’
2876 4245 2942 4324 ἦς
2996 4237 3580 4341 ὲμφυτεύει”Χριστδς
3613 4234 3710 4304 τὴν

2142 4328 2339 4412 εαυτοῦ
2367 4328 2548 4420 ζωὴν,
2592 4346 2680 4402 διὰ
2729 4344 2832 4415 τῆς
2891 4335 3244 4412 μεταλήψεως
3280 4328 3542 4420 τῆςίδίας
3573 4341 3712 4420 ⁸σαρ-

460 4415 606 4441 D"""'
636 4415 660 4421 "
684 4415 940 4423 """‘"""
983 4415 1029 4420 "
1079 4415 1174 4420 "“‘
1204 4415 1229 4416 "
1277 4415 1327 4416 ”’
1350 4415 1359 4416 ί
1396 4415 1449 4432 I"
1607 4415 1625 4429 υ

460 4462 739 4529 giam,per
763 4471 930 4526 quam
953 4454 1150 4519 inserit
1167 4451 1426 4505 Christus
1453 4463 1608 4504 suam
1635 4447 1812 4515 ipsius
1840 4447 2022 4499 vitam.

2140 4449 2234 4511 κὸς
2274 4415 2646 4508 τοῖςνπιστοῖς,
2698 4433 2841 4489 κατά
2885 4432 2947 4484 τὺ
2985 4425 3299 4528 είρήμένον;
3327 4440 3345 4472 ι
3391 4419 3450 4473 '0
3485 4415 3710 4529 tptii‘ftfi

461 4551 588 4604 data
613 4545 852 4616 propriae
890 4543 1077 4598 carnis
1111 4541 1365 4595 ﬁdelibus
1403 4537 1844 4609 participatione,
1877 4535 2033 4604 juxta

462 4638 516 4692 id
551 4636 697 4709 quod
731 4634 942 4689 dictum
978 4637 1066 4688 est
1097 4648 1110 4684 :
1155 4648 1174 4681 ι
1212 4629 1316 4695 Qui
1351 4625 1648 4682 manducat
1691 4639 1866 4680 meam
1914 4638 2037 4678 car-

465 4744 614 4795 nem,
635 4734 692 4783 et
729 4725 870 4782 bibit
899 4737 1081 4780 meum
1106 4720 1451 4791 sanguinem,
1484 4717 1648 4772 habet
1679 4715 1843 4770 vitam
1875 4722 2028 4769 aeter-

465 4835 592 4875 nam
635 4819 700 4874 “.
743 4836 763 4870 ι

541 4909 623 4977 Χ,
675 4909 764 4964 29.
806 4907 877 4963 Et
909 4922 1058 4962 nemo
1103 4913 1273 4975 potest
1322 4917 1504 4969 rapere
1544 4899 1606 4953 de
1645 4906 1816 4951 manu
1861 4895 2040 4952 Patris

468 5001 591 5054 mei.

542 5089 758 5145 Fideles
787 5087 1052 5143 auxilium
1088 5086 1297 5141 habent
1327 5093 1380 5139 et
1421 5094 1450 5136 a
1489 5081 1733 5146 Christo,
1779 5091 1904 5132 cum
1949 5089 2044 5130 eos

471 5181 524 5235 in
552 5180 791 5249 praedam
817 5178 1024 5234 habere
1047 5175 1302 5231 diabolus
1337 5178 1573 5242 nequeat
1602 5189 1615 5224 :
1643 5169 1759 5222 sive
1792 5180 1918 5221 cum
1950 5164 2048 5218 ha-

475 5275 641 5328 beant
673 5271 1075 5327 indesinentem
1112 5269 1384 5324 bonorum
1419 5278 1579 5319 usum
1617 5275 1679 5314 ac
1704 5257 2046 5317 fruitionem,

475 5367 702 5415 manent
727 5359 785 5414 in
817 5374 903 5424 eo,
928 5358 1147 5413 nemine
1188 5356 1314 5410 illos
1340 5368 1370 5407 a
1403 5353 1536 5406 data
1580 5351 1662 5404 eis
1690 5346 1858 5401 animi
1895 5355 2046 5398 tran~

478 5448 753 5520 quillitate
798 5449 872 5503 ad
904 5463 1120 5520 pinnam
1151 5456 1206 5503 et
1247 5444 1528 5501 cruciatus
1579 5438 1903 5507 ahripiente.
1936 5433 2047 5488 Neo

479 5542 625 5599 enim
654 5540 770 5597 ﬁeri
809 5548 986 5611 potest
1020 5546 1083 5594 ut
1115 5539 1209 5608 qui
1246 5542 1377 5592 sunt
1419 5535 1474 5589 in
1522 5547 1685 5586 manu
1733 5525 1935 5583 Christi
1981 5524 2048 5579 ad

551 5725 573 5758 ⁹
610 5720 769 5777 Joan.
806 5736 858 5788 χ,
897 5719 980 5774 lt.
1059 5716 1100 5750 ¹⁹
1135 5715 1290 5774 Joan.
1333 5728 1412 5778 tu,
1451 5710 1498 5766 ί.
1579 5707 1618 5740 ¹³
1650 5705 1806 5761 Joan.
1842 5720 1916 5770 vr,
1956 5701 2044 5756 ὃὸ.

2147 4505 2246 4608 μου
2287 4505 2386 4605 τήν
2426 4531 2606 4603 σάρκα
2643 4526 2736 4580 καὶ
2790 4523 2957 4576 πίνων
3007 4534 3109 4588 μου
3142 4515 3203 4568 τὸ
3239 4507 3378 4583 αἷμα
3425 4510 3536 4580 ἔχει
3569 4505 3712 4576 ζωήν

2145 4627 2382 4682 αἰώνιον.
2421 4643 2438 4675 ι

2221 4891 2326 4946 Καὶ
2360 4886 2560 4950 οὐδεὶς
2591 4881 2848 4952 ἁρπάσει
2875 4879 2944 4932 ἐκ
2983 4875 3090 4942 τῆς
3124 4875 3318 4942 χειρὸς
3353 4865 3458 4922 τοῦ
3489 4861 3708 4930 Πατρός

2251 5000 2284 5034 ὀ

2171 4999 2284 5036 ιου.

2145 5002 2169 5053 Ι
2224 5073 2287 5125 Oi
2318 5067 2499 5123 πιστοὶ
2526 5065 2622 5121 καὶ
2649 5063 2749 5135 τὴν
2781 5055 3099 5129 ἐπικουρίαν
3135 5053 3314 5125 ἔχουσι
3339 5048 3431 5102 τοῦ
3455 5041 3715 5112 Χριστοῦ,

2154 5163 2215 5217 οὑ
2248 5159 2547 5231 δυναμένου
2581 5155 2673 5210 τοῦ
2700 5132 2947 5206 διαϐόλου
2986 5145 3251 5218 ἁρπάζειν
3285 5137 3501 5200 αύτούς·
3524 5135 3642 5206 ἢτοι
3667 5132 3719 5183 οἱ

2155 5253 2366 5323 ἔχοντες
2386 5219 2817 5303 ⁸ἀκατάπαυστον
2861 5240 2969 5293 τῶν
2998 5235 3217 5306 ἀγαθῶν
3259 5229 3580 5288 ἀπόλαυσιν,
3619 5219 3720 5323 με·

2096 5351 2102 5356 ’
2154 5358 2334 5398 νουσιν
2384 5343 2441 5393 ὲν
2490 5337 2658 5406 αὐτῷ,
2711 5335 2808 5404 οὐχ
2846 5330 3180 5403 ἁρπάζοντος
3223 5321 3417 5380 αὐτοὺς
3454 5316 3536 5368 ἔτι
3577 5309 3721 5406 τινος

2155 5396 2262 5486 ἀπὸ
2305 5431 2405 5502 τῆς
2447 5396 2692 5496 δοθείσής
2733 5396 2914 5486 αύτοῖς
2949 5417 3234 5487 εὐθυμίας,
3274 5413 3353 5474 είς
3382 5396 3719 5502 ι’.τιμωμίιῑνῇ

2158 5496 2438 5593 βασάνους.
2477 5517 2552 5572 Οὐ
2605 5515 2711 5587 γὰρ
2757 5511 2978 5568 δυνατὸν
3032 5505 3156 5569 τοὺς
3205 5503 3362 5563 ὄντας
3407 5500 3464 5551 ἐν
3512 5496 3580 5566 τῇ
3625 5496 3720 5544 τοῦ
