4062 6208
342 334 414 392 at
1135 333 1204 391 ιη
1243 333 1580 392 JOANNEM.
1605 363 1673 375 -
1704 332 1831 421 LiB.
1873 332 1965 389 vn
2002 322 2240 397 Er’vm
2265 328 2710 393 FRAGMENTA.
3518 334 3591 389 ει

344 451 589 524 Χριστοῦ
624 450 794 521 χειρὶ.
821 449 1141 522 ἀρπαγῆναι
1172 451 1255 514 εἰς
1280 451 1342 504 τὸ
1363 450 1720 520 κολασθῆναι,
1748 449 1836 503 διὰ
1866 449 1927 504 τὸ

2034 453 2359 523 upplicium
2377 452 2690 524 rapiantur,
2724 449 3055 519 prmvalentc
3068 448 3123 502 in
3136 446 3415 503 inﬁnitum
3433 448 3596 506 Chri-

345 543 493 609 ἆγαν
538 537 863 609 ἰοχύειντδν
890 539 1146 610 Χριστόν.
1186 539 1254 593 Ἦ
1299 538 1409 608 γὰρ
1444 539 1587 611 χεὶρ,
1609 540 1666 592 ὲν
1690 538 1758 610 τῇ
1805 539 1924 610 θεία

347 629 567 700 Γραφῇ,
593 627 695 700 τὴν
720 626 952 698 δύναμιν
992 627 1163 698 δηλοίο
1202 628 1285 681 δτι
1329 628 1429 700 μὲν
1459 624 1555 683 οὖν
1590 629 1848 699 ἀνίκητος
1889 631 1922 700 ἠ

348 722 444 775 τοῦ
477 719 716 791 Χριστοῦ
738 720 861 792 χεὶρ
884 721 977 775 καὶ
997 722 1080 782 εἰς
1109 719 1288 775 πάντα
1315 719 1593 791 ἰσχύουσα,
1624 720 1926 791 ἀναμφίδοιδ

354 813 462 868 λον.
499 811 638 866 Ἀλλ’
670 810 900 882 ἐπείπερ
923 810 1071 882 ἑώρα
1101 812 1227 874 τοὺς
1269 811 1551 874 Ἰουδαίους
1579 811 1923 881 καταγελῶνε-

359 921 453 966 τας
484 902 654 957 αὐτοῦ
691 903 767 966 ὡς
793 902 1083 975 ἀνθρώπου
1115 902 1293 973 ψιλοῦ,
1326 902 1400 974 μὴ
1431 901 1685 966 νοοῦντας
1717 904 1799 956 ὅτι
1824 902 1924 973 φύ-

353 1005 435 1042 σει
466 988 602 1052 Θεὸς
627 985 696 1059 ἦν
725 987 1007 1060 ὁρώμενος
1042 990 1135 1044 καί
1178 989 1574 1061 ψηλαφώμενος
1614 990 1939 1064 ἄνθρωπος.-

351 1081 555 1136 πείθων
594 1084 793 1147 αὐτοὺς
823 1085 907 1139 ὅτι
934 1085 1099 1149 αὐτός
1146 1086 1294 1140 ἐστιν
1333 1088 1366 1157 ἡ
1403 1086 1740 1160 τοῦπατρὸς
1766 1089 1927 1144 δύνα-

353 1191 468 1245 μις,
492 1176 685 1245 φησὶν,
711 1177 792 1231 ὅτι
823 1194 843 1227 ι
878 1176 1067 1238 Οὐδείς
1091 1176 1198 1230 ἀπό
1235 1177 1335 1248 τῆς
1365 1178 1547 1251 χειρὸς
1586 1180 1681 1234 τοῦ
1718 1181 1937 1255 Πατρός-

354 1281 512 1334 μου,›
533 1263 883 1330 τοῦτ’λέστιν,
914 1264 1101 1336 ’Βμοῦ.
1120 1263 1346 1319 Ἑαυτὸν
1367 1266 1476 1338 γάρ
1505 1283 1639 1337 φησι
1663 1269 1762 1339 τὴν
1789 1287 1923 1323 παν.

351 1355 650 1426 ¹εοδύναρων
683 1355 778 1409 τοῦ
811 1356 1023 1426 Πατρδς
1056 1355 1257 1421 δεξιὰν,
1307 1356 1383 1422 ὡς
1430 1358 1498 1411 δι’
1540 1359 1704 1414 αὐτοῦ
1752 1360 1932 1418 πάντα

354 1446 705 1519 ἐνεργοῦντος
754 1445 847 1501 τοῦ
890 1447 1124 1517 Πατρός·
1161 1448 1237 1512 ὡς
1268 1449 1362 1502 καὶ
1403 1449 1490 1503 διὰ
1523 1451 1623 1522 τῆς
1656 1452 1925 1525 ἡμετέρας

357 1540 540 1612 χειρὸς
567 1539 636 1595 τὰ
660 1537 978 1610 παρ”ήμῶν
1004 1540 1393 1610 ἐνεργούμενα.
1434 1540 1524 1594 Ἐν
1565 1541 1780 1606 πολλοῖς
1817 1542 1943 1614 γὰρ,

353 1632 457 1701 τῆς
485 1630 706 1701 Γραφῆς
734 1631 943 1696 τόποις,
967 1632 997 1684 6
1040 1631 1276 1702 Χριστὸς
1313 1632 1436 1704 χεὶρ
1474 1632 1797 1705 ὀνομάζεται
1829 1634 1925 1689 καί

2031 552 2138 599 sto.
2172 544 2363 599 lllanus
2404 544 2554 599 enim
2605 543 2661 598 in
2706 542 2893 597 divina
2936 539 3223 610 Scriptura
3269 547 3594 609 potestatem

2030 632 2345 704 signiﬁcat:
2379 634 2525 704 quod
2554 646 2685 688 vero
2719 633 2923 687 invicta
2972 631 3044 686 sit
3086 629 3292 709 Christi
3323 646 3518 687 manus
3546 645 3597 687 et

2029 726 2087 780 ih
2116 725 2299 780 omnia
2331 732 2546 793 potens,
2585 738 2695 778 non
2732 722 3047 792 ambigitur.
3089 721 3303 775 Etenim
3339 722 3597 790 quoniam

2028 815 2248 871 videbat
2274 813 2493 871 Judmos
2525 814 2703 885 ipsum
2739 821 2800 868 ut
2825 814 3129 883 simplicem
3165 811 3443 867 hominem
3475 812 3600 865 irri-

2029 905 2245 966 dentes,
2287 916 2386 959 nec
2440 901 3176 971 animadvertentcs_ipsum
3236 915 3355 957 esse
3405 909 3599 955 natura

2031 995 2195 1050 Deum
2224 994 2319 1064 qui
2358 1001 2682 1051 cerneretur
2711 1003 2766 1048 ct
2803 1001 3125 1061 tangeretur
3154 993 3336 1059 homo,
3370 993 3451 1048 eis
3480 1009 3604 1063 pcr-

2033 1084 2264 1141 suadere
2292 1086 2484 1140 volens
2517 1100 2577 1141 se
2597 1099 2726 1141 esse
2744 1084 2929 1140 Patris
2951 1086 3234 1152 virtutem,
3262 1086 3364 1142 ait:
3393 1104 3411 1138 ι
3432 1085 3601 1140 Νειηο

2031 1191 2061 1231 e
2089 1190 2252 1231 manu
2284 1175 2460 1231 Patris
2484 1176 2609 1241 mei,
2644 1176 2796 1231 rhoe
2819 1184 2904 1232 est
2939 1190 3081 1232 mea.
3116 1175 3369 1247 Seipsum
3399 1177 3604 1249 quippe

2026 1265 2161 1320 dicit
2215 1264 2652 1335 omnipotentem
2705 1265 2890 1321 Patris
2956 1265 3289 1329 dexteram,
3336 1273 3597 1335 tanquam

2027 1355 2190 1413 Patre
2220 1372 2319 1427 per
2350 1371 2474 1413 eum
2516 1356 2703 1412 omnia
2733 1362 3017 1426 operante,
3061 1356 3209 1411 sicut
3233 1364 3288 1411 et
3325 1372 3388 1412 ea
3421 1372 3542 1427 qua:
3572 1371 3602 1410 a

2029 1448 2191 1505 nobis
2217 1455 2349 1504 sunt
2378 1463 2477 1518 per
2508 1462 2732 1502 manum
2764 1454 3008 1503 nostram
3042 1455 3295 1518 operata.
3326 1448 3385 1502 ln
3416 1447 3604 1503 multis

2030 1542 2176 1598 enim
2207 1540 2510 1613 Scriptura:
2561 1541 2712 1597 locis
2737 1539 2997 1596 Christus
3035 1542 3358 1596 nominatur
3406 1557 3605 1596 manus

2030 1641 2088 1689 et
2113 1633 2337 1690 dextera
2386 1631 2587 1698 Patris,
2638 1632 2786 1703 quod
2833 1639 2995 1688 sonat
3035 1640 3364 1702 potestatem
3400 1648 3464 1687 ac
3489 1633 3605 1688 vir-

353 1723 502 1787 δεξιά
542 1723 637 1776 τοῦ
676 1723 911 1794 Πατρόςο
948 1722 1087 1793 ὅπερ
1118 1723 1375 1795 σημαίνει
1407 1724 1505 1796 τὴν
1548 1726 1797 1797 δύναμιν
1831 1728 1925 1781 καλ⁸

2034 1732 2203 1783 tutem
2244 1744 2258 1782 :
2298 1733 2352 1782 ct
2384 1719 2712 1797 simpliciter
2746 1739 2945 1780 manus
2982 1725 3073 1780 Dei
3114 1731 3473 1794 nuncupatur
3523 1725 3603 1781 vis

352 1814 538 1877 ἁπλῶς
569 1814 689 1886 χείρ
712 1814 1037 1884 ὀνομάζεται
1062 1813 1250 1887 Θεοῦῆ
1277 1818 1651 1889 παντουργικὴ
1679 1817 1928 1889 ἐνέργεια

355 1905 448 1957 καί
466 1904 643 1974 ἰσχύς.
686 1904 954 1974 Ἀμείνων
977 1905 1086 1977 γάρ
1120 1921 1240 1968 πως
1263 1905 1351 1960 ἀεὶ
1384 1908 1703 1979 σωματικῆς
1725 1924 1929 1977 φαντα-

356 1994 477 2059 σίας
522 1997 552 2048 ό
581 1994 713 2065 περί
748 1993 885 2048 Θεοῦ
914 1994 1091 2063 λόγος·
1118 1995 1337 2065 λέγεται
1366 1996 1423 2050 δὲ
1455 1999 1483 2051 6
1515 1998 1704 2071 Πατὴρ
1724 1999 1928 2053 διδόναι

2028 1828 2084 1878 et
2124 1829 2366 1892 potestas
2394 1820 2644 1876 omnium
2685 1817 2958 1875 elfectrix.
2996 1817 3224 1888 Semper
3246 1819 3393 1874 enim
3424 1832 3606 1875 scrmo

2029 1915 2101 1969 de
2142 1913 2258 1969 Deo
2305 1912 2482 1983 major
2529 1919 2617 1968 est
2646 1925 2811 1983 quam
2861 1918 2923 1966 ut
2973 1924 3098 1965 eum
3139 1924 3408 1980 corporeo
3440 1924 3605 1967 sensu

2031 2006 2318 2077 imaginari
2353 2021 2419 2062 ac
2461 2005 2795 2061 adumbrare
2838 2004 3120 2074 possimus
3152 2023 3166 2059 :
3198 2003 3405 2059 dicitur
3442 2003 3608 2059 Pater

351 2086 428 2157 τῷ
454 2085 589 2156 Υἰῷ,
620 2088 721 2158 οὐχ
746 2086 821 2151 ὡς
849 2086 926 2158 μὴ
955 2086 1132 2158 ἔχοντι
1156 2089 1243 2143 ἀεὶ
1272 2089 1378 2143 ὑπὸ
1406 2091 1567 2161 χεῖρα
1598 2091 1697 2163 τὴν
1730 2092 1929 2156 κτίσιν,

2034 2101 2162 2154 dare
2190 2096 2350 2165 Filio,
2383 2113 2494 2152 non
2533 2104 2798 2167 tanquam
2831 2110 2940 2149 non
2983 2094 3212 2150 habenti
3259 2109 3477 2165 semper
3503 2094 3608 2149 sub

355 2177 466 2231 ἀλλ’
489 2176 566 2240 ὥς
595 2176 710 2231 δντι
752 2176 903 2248 αὐτῷ
945 2177 1115 2246 φύσει
1166 2179 1304 2251 ζωῇ,
1352 2180 1735 2253 προσκομίζων
1784 2183 1931 2254 ἡμᾶς

353 2268 476 2332 τοὺς
505 2268 893 2340 ὲπιδεομένους
921 2269 1089 2340 ζωῆς,
1123 2271 1211 2325 ἵνα
1243 2271 1348 2325 ὑπὸ
1382 2272 1478 2327 τοῦ
1508 2274 1639 2328 Υἰοῦ
1667 2276 1935 2347 ζωοποιη-

352 2356 536 2431 θῶμεν
588 2360 686 2414 τοῦ
735 2362 890 2424 δντος
953 2360 1115 2431 φύσει
1159 2363 1323 2433 ζωῆς,
1351 2365 1444 2418 καί
1480 2364 1691 2420 οἴκοθεν
1719 2366 1933 2437 ἔχοντος

351 2451 539 2507 τοῦτο.
572 2453 723 2524 Πλὴν
761 2453 855 2508 καὶ
904 2452 1047 2509 καθὸ
1085 2454 1306 2523 γέγονεν
1346 2455 1649 2528 ἄνθρωπος,
1699 2458 1931 2528 ἁρμόζει

359 2541 535 2611 αὐτῷ,
572 2542 635 2594 τδ
663 2545 833 2596 αἰτεῖν
863 2560 922 2597 τε
956 2543 1051 2598 καί
1078 2542 1380 2616 λαμϐάνειν
1417 2543 1569 2616 παρά
1591 2543 1687 2598 τοῦ
1720 2545 1940 2617 Πατρός

358 2632 399 2687 ἃ
422 2628 580 2707 εἶχεν.
605 2633 684 2696 ὡς
706 2633 862 2701 φύσει
892 2633 1038 2697 Θεὸς.

408 2737 423 2743 ’
438 2722 589 2793 Ἐγὼ
614 2723 714 2777 καί
743 2726 778 2778 ὁ
802 2724 1008 2795 Πατὴρ
1030 2725 1101 2780 ἐν
1120 2727 1343 2797 ἐσμεν,

437 2814 640 2877 Ἐἀσας
676 2815 787 2886 γὰρ
821 2814 889 2869 τά
914 2816 1230 2888 ἀνθρώπινα
1261 2821 1290 2873 6
1320 2819 1572 2890 Χριστὸς,
1608 2819 1702 2874 ἐπὶ
1731 2820 1791 2873 τὸ
1813 2819 1953 2873 σεο-

354 2906 563 2981 πρεπὲς
587 2906 754 2960 αὑτοῦ
774 2907 1066 2978 ἀνατρέχει
1099 2906 1337 2981 ἀξίωμα,
1366 2910 1792 2982 ἐναϐρυνόμενος
1819 2913 1933 2975 τοῖς

357 3001 604 3068 φυσικοῖς
629 2998 795 3053 αὐτοῦ
830 2999 1276 3071 τὸεονειοτήμασι
1305 3002 1394 3057 διὰ
1432 3002 1501 3056 τδ·
1525 3003 1795 3075 χρήσιμον
1824 3003 1933 3057 τῶν

2032 2207 2197 2246 manu
2220 2198 2553 2256 creaturam,
2591 2190 2685 2247 sed
2717 2197 2980 2257 tanquam
3013 2185 3063 2241 ei
3094 2184 3384 2242 exsistenti
3410 2192 3607 2240 natura

2033 2285 2157 2340 vita:
2181 2292 2283 2340 nos
2307 2283 2419 2337 vita
2449 2281 2762 2354 indigentes
2783 2278 3045 2344 offerens,
3072 2285 3184 2331 uta
3209 2275 3377 2341 Filio,
3395 2277 3487 2348 qui
3509 2291 3608 2331 ex-

2034 2376 2183 2433 sistit
2217 2382 2414 2431 natura
2439 2373 2552 2429 vita
2574 2380 2635 2429 et
2655 2370 3022 2427 domesticum
3052 2369 3159 2423 hoc
3203 2368 3387 2434 habet,
3429 2366 3607 2422 viviﬁ-

2033 2482 2242 2523 cemur.
2274 2466 2380 2522 Sed
2407 2473 2682 2536 quatenus
2713 2463 2897 2517 factus
2924 2468 3009 2516 est
3044 2460 3232 2525 homo,
3268 2459 3529 2514 convenit
3556 2458 3607 2515 ei

2034 2569 2222 2632 petere
2255 2569 2309 2617 et
2342 2558 2592 2628 accipere
2618 2572 2648 2611 a
2679 2555 2844 2610 Patre
2873 2570 2936 2610 ea
2971 2569 3091 2624 qua:
3132 2560 3195 2608 ut
3222 2560 3421 2607 natura
3463 2551 3607 2607 Deus

2032 2652 2197 2708 etiam
2241 2650 2502 2705 habebat.

2094 2742 2149 2813 X
2174 2782 2187 2807 ,
2215 2744 2305 2799 30.
2353 2740 2462 2813 Ego
2505 2751 2556 2795 et
2594 2739 2753 2795 Pater
2780 2754 2944 2792 unum
2986 2754 3191 2792 sumus.

2106 2832 2355 2888 llumana
2389 2832 2531 2887 enim
2566 2829 2845 2886 facessere
2876 2825 3389 2899 jubensChristus,
3418 2825 3483 2879 ad
3520 2825 3606 2879 di-

2033 2925 2194 2981 vinas
2219 2937 2352 2981 suas
2382 2921 2542 2978 dotes
2572 2919 3059 2991 dignationemque
3084 2918 3341 2982 recurrit,
3379 2925 3611 2971 natura-

2037 3017 2184 3073 libus
2215 3016 2333 3074 suis
2360 3013 2741 3086 praerogativis
2769 3006 2936 3083 667
2970 3010 3321 3085 triumphans
3353 3009 3425 3065 ob
3457 3009 3607 3063 utili-

357 3089 563 3145 πιστῶν
594 3092 690 3145 καὶ
712 3091 813 3164 τὴν
866 3092 997 3161 ὑγιᾶ
1026 3092 1230 3157 πίστιν,
1269 3093 1392 3163 ἥτις
1437 3093 1555 3148 ἐστί
1582 3094 1643 3148 τὸ
1693 3093 1933 3165 μηδόλως

2037 3116 2205 3164 tatem
2234 3113 2291 3163 et
2315 3120 2507 3162 sanam
2542 3104 2704 3159 ﬁdem
2739 3102 3004 3167 ﬁdelium,
3037 3115 3159 3172 qua:
3186 3108 3305 3156 erat
3335 3099 3607 3170 ejusmodi

356 3181 685 3236 ὑποπτεύειν
707 3182 969 3237 ἐλάττονα
988 3179 1130 3240 εἶναι
1143 3183 1239 3239 τοῦ
1263 3185 1479 3256 Πατρδς
1493 3184 1585 3238 τὸν
1604 3186 1753 3239 Υἰόν.
1779 3184 1935 3240 Οὕτω

355 3274 462 3348 γὰρ
491 3275 765 3331 δείκνυται
807 3276 976 3333 εἰκὼν
1011 3278 1206 3348 ἀσινὴς
1237 3277 1331 3332 τοῦ
1376 3277 1609 3349 Πατρδς,
1643 3278 1941 3351 ὀλόκληρον,

354 3369 412 3420 ἰν
436 3367 619 3439 ἑαυτῷ
651 3369 743 3423 καὶ
767 3369 898 3440 ὑγιῆ
932 3368 1216 3433 διασώζων
1253 3369 1348 3423 τὸν
1386 3369 1480 3423 τοῦ
1512 3370 1724 3441 Πατρδς
1759 3387 1935 3442 χαρα-

355 3460 552 3531 κτῆρα.
592 3460 691 3515 Ἓν
714 3461 773 3515 δὲ
795 3461 1031 3533 λέγομεν
1060 3463 1150 3515 τὸν
1183 3460 1309 3515 Υἰδν
1331 3461 1426 3516 καὶ
1450 3462 1541 3516 τὸν
1574 3462 1812 3532 Πατέρα,
1836 3463 1935 3518 οὐκ

355 3552 725 3624 ἀναφύροντες
748 3552 849 3617 τὰς
880 3554 941 3607 ἐν
987 3552 1204 3626 ἀριθμῷ
1253 3554 1489 3625 μονάδας
1513 3593 1529 3617 ,
1561 3554 1743 3620 καθώς
1789 3572 1934 3620 τινες

354 3644 443 3698 τδν
464 3645 632 3699 αύτδν
660 3642 800 3699 εἶναι
831 3644 1051 3715 λέγουσι
1083 3646 1304 3717 Πατέρα
1323 3646 1418 3700 καί
1446 3646 1596 3709 Υίδν,
1627 3646 1764 3700 ἀλλὰ
1790 3646 1935 3711 ἰδίως

358 3737 657 3806 ὕφεστὰναι
705 3738 1056 3802 πιστεύοντες
1104 3737 1196 3792 τὸν
1241 3737 1482 3809 Πατέρα,
1523 3738 1625 3793 καίῖ
1671 3739 1818 3803 ἰδίως
1841 3738 1935 3792 τὸν

360 3826 505 3895 Υἰδν,
535 3830 666 3891 τοὺς
705 3829 762 3883 δὲ
812 3828 907 3883 δύο
956 3830 1037 3894 εἰς
1078 3828 1210 3902 μίαν
1254 3829 1443 3894 οὐσίας
1470 3829 1776 3901 ταυτότητα
1805 3846 1948 3884 συν-ς

356 3919 604 3988 ἄγοντες,
637 3920 732 3975 καί
762 3919 895 3991 μίαν
938 3923 1160 3991 ἔχοντας
1217 3920 1373 3991 ἰσχὺν
1411 3920 1630 3985 εἰδότες,
1670 3922 1747 3986 ὡς
1776 3922 1834 3976 ὲν
1855 3921 1934 3993 τῷ

357 4010 527 4082 ἑτέρῳ
558 4012 747 4082 ἕτερον
790 4009 1230 4083 ἀπαραλλάκτως
1271 4010 1532 4082 δρᾶσθαιο
1570 4011 1671 4075 τὰς
1694 4012 1753 4065 δέ
1780 4028 1844 4081 γε
1875 4012 1937 4066 ὲν

356 4104 470 4165 τοῖς
513 4101 865 4171 Εὐαγγελίοις
900 4101 1005 4156 τοῦ
1050 4101 1303 4173 Σωτῆρος
1354 4102 1513 4173 ήμῶν
1552 4100 1757 4172 φωνὰς,
1807 4100 1935 4157 οὔτε

358 4191 689 4247 ὑποστάσεσι
711 4192 886 4258 δυσὶν,
918 4193 1041 4247 οὔτε
1068 4194 1178 4265 μὴν
1204 4193 1518 4265 προσώποις
1561 4193 1935 4267 καταμερίζο-

365 4301 479 4352 μεν.
509 4285 588 4339 ού
614 4285 739 4356 γάρ»
762 4287 878 4340 ἐστι
922 4284 1145 4350 διπλοῦς
1173 4287 1203 4339 6
1241 4280 1322 4350 εἷς
1352 4287 1449 4341 καί
1480 4286 1640 4358 μόνος
1676 4287 1937 4358 Χριστὸς,

363 4375 462 4428 κᾶν
480 4378 545 4429 ὲκ
566 4375 671 4430 δύο
687 4377 876 4446 νοῆται
904 4378 1001 4431 καὶ
1036 4378 1311 4450 διαφόρων
1342 4379 1684 4451 πραγμάτων
1713 4380 1794 4443 εἰς
1816 4378 1935 4433 ἑνό-

2036 3208 2102 3255 ut
2128 3198 2322 3253 Filium
2361 3196 2521 3251 Patre
2559 3194 2828 3249 minorem
2858 3207 2983 3249 esse
3011 3189 3332 3246 nullomodo
3359 3189 3604 3258 suspica-

2034 3281 2373 3342 rentur.'Sic
2406 3282 2555 3338 enim
2584 3282 2913 3337 intemerata
2942 3278 3125 3335 Patris
3152 3279 3332 3349 imago
3362 3276 3607 3333 ostendi-

2034 3377 2415 3446 tur-integrum
2432 3382 2486 3430 et
2503 3372 2745 3429 solidum
2779 3387 3010 3429 servans
3036 3372 3091 3425 in
3119 3386 3178 3426 se
3203 3369 3383 3426 Patris
3410 3369 3605 3423 chara-

2034 3475 2261 3523 cterem.
2304 3461 2487 3518 Unum
2525 3477 2659 3519 vero
2704 3461 2947 3518 dicimus
3002 3460 3222 3516 Patrem
3270 3467 3326 3516 et
3377 3457 3604 3523 Filium,

2034 3570 2144 3613 non
2190 3554 2431 3611 unitates
2482 3554 2539 3608 in
2570 3551 3250 3610 numero-confundentes
3284 3593 3300 3619 ,
3338 3552 3605 3623 quemad-

2032 3645 2259 3702 modum
2301 3643 2561 3699 nonnulli
2603 3644 2859 3700 eumdem
2888 3658 3024 3707 esse
3061 3643 3254 3699 dicunt
3287 3644 3505 3698 Patrem
3554 3649 3607 3698 et

2030 3733 2258 3799 Filium,
2289 3735 2388 3791 sed
2410 3731 2632 3805 proprie
2669 3746 2733 3787 ac
2768 3733 2999 3789 seorsim
3038 3732 3343 3788 subsistere
3372 3730 3607 3787 creden-

2033 3834 2119 3884 tes
2150 3828 2396 3890 Patrem,
2434 3822 2661 3895 proprie
2685 3830 2739 3878 et
2771 3823 3005 3879 seorsim
3048 3819 3273 3886 Filium,
3312 3820 3452 3876 duos
3477 3835 3607 3876 vero

2035 3918 2091 3974 in
2131 3933 2295 3973 unam
2337 3915 2665 3973 substantia:
2704 3913 3051 3970 identitatem
3091 3914 3510 3985 conjungentes,
3554 3920 3610 3967 et

2034 4023 2200 4064 unam
2234 4007 2438 4062 habere
2463 4007 2575 4061 vim
2614 4019 2680 4061 ac
2723 4008 3059 4076 potestatem
3107 4004 3371 4067 scientes,
3424 4004 3498 4057 ita
3546 4013 3608 4057 ut

2035 4101 2176 4155 alter
2208 4098 2468 4154 inaltero
2499 4096 2985 4153 indiscriminatim
3022 4106 3316 4164 cernatur;
3349 4104 3607 4151 caeterum

2036 4188 2354 4248 Servatoris
2391 4188 2572 4244 nostri
2607 4188 2667 4242 in
2696 4186 3016 4256 Evangeliis
3036 4201 3226 4248 voces,
3255 4202 3432 4256 neque
3474 4175 3610 4240 dua-

2034 4280 2142 4337 hus
2171 4275 2568 4351 hypostasibus
2602 4289 2780 4344 neque
2822 4272 3079 4344 personis
3121 4272 3443 4327 dividimus.
3488 4270 3607 4327 Non
3674 4316 3683 4321 -

2037 4369 2186 4428 enim
2220 4369 2419 4441 duplex
2456 4374 2542 4424 est
2589 4381 2735 4422 unus
2781 4372 2838 4421 et
2890 4363 3047 4421 solus
3076 4360 3356 4426 Christus.
3400 4363 3503 4418 etsi
3540 4378 3606 4418 ex

358 4481 492 4536 τητα
515 4467 935 4538 τὴνάμέριστον
964 4469 1441 4539 συνενηνεγμένος,
1464 4469 1715 4541 καθάπερ
1740 4470 1933 4542 ἀμέλει

2038 4463 2257 4521 duabus
2285 4470 2341 4517 et
2365 4457 2747 4517 differentibus
2776 4456 2945 4513 rebus
2976 4455 3033 4511 in
3059 4455 3328 4510 unitatem
3358 4454 3610 4510 indivisi-

360 4558 450 4610 καὶ
482 4556 771 4630 ἄνθρωπος
821 4560 887 4613 ὲκ
927 4560 1107 4631 ψυχῆς
1153 4561 1248 4614 καί
1287 4561 1558 4633 σώματος,
1607 4564 1668 4617 ού
1712 4562 1936 4627 διπλοῦς

362 4648 582 4716 μᾶλλον,
620 4649 736 4703 ἀλλ’
759 4644 841 4713 εἷς
866 4650 927 4715 ἐξ
958 4653 1183 4722 ἀμφοῖν.
1227 4652 1388 4706 Ἀλλά
1409 4653 1503 4707 καί
1529 4653 1628 4717 τὰς
1653 4653 1934 4724 ἀνθρωπί-

358 4754 461 4803 νας
490 4741 585 4794 καί
606 4741 704 4805 τάς
730 4740 921 4806 θεῖκὰς
948 4742 1080 4814 παρ’
1109 4743 1230 4808 ἑνὸς
1258 4742 1512 4814 εἰρῆσθαί
1558 4760 1765 4814 φαμεν,
1800 4760 1934 4815 φρο-

355 4830 583 4894 νοῦντες
611 4833 783 4905 ὀρθῶς
802 4851 820 4867 ο
849 4834 979 4888 ὅταν
1013 4837 1111 4905 μὲν
1132 4834 1243 4907 γὰρ
1275 4833 1595 4905 θεοπρεπῶς
1625 4834 1760 4907 λέγῃ
1805 4834 1936 4905 περί

355 4922 561 4977 ἑαυτοῦ
580 4939 596 4953 ⁸
628 4943 648 4975 r
691 4924 830 4994 Ἐγὼ
863 4925 961 4979 καὶ
984 4926 1012 4978 6
1040 4925 1230 4997 Πατὴρ
1253 4925 1312 4979 ἓν
1342 4926 1528 4997 ἐσμεν,
1568 4944 1586 4978 ι
1626 4924 1724 4994 τὴν
1749 4923 1937 4996 Θεϊκὴν

356 5017 523 5071 αὐτοῦ
552 5018 646 5071 καὶ
670 5019 985 5090 ἀπόρρητον
1013 5017 1301 5088 ἐννοοῦμεν
1341 5015 1524 5085 φύσιν,
1565 5014 1690 5069 καθ’
1728 5015 1796 5088 ῆν
1841 5014 1937 5070 καὶ

356 5107 415 5161 ἓν
440 5110 558 5162 ἐστι
592 5108 730 5179 πρὸς
762 5108 855 5162 τὸν
877 5107 1075 5161 ἑαυτοῦ
1105 5108 1327 5180 Πατέρα
1369 5106 1458 5160 διὰ
1494 5106 1594 5178 τὴν
1631 5104 1937 5178 ταυτότητα

358 5196 456 5267 τῆς
486 5196 700 5261 οὐσίας,
750 5196 915 5252 εἰκών
948 5215 1009 5250 τε
1038 5199 1132 5251 καί
1166 5197 1454 5270 χαρακτὴρ
1481 5196 1576 5251 καὶ
1600 5197 1940 5269 ἀπαύγασμα

356 5289 456 5359 τῆς
482 5289 642 5359 δόξης
674 5288 842 5343 αὐτοῦ
863 5302 877 5318 ⁶
907 5289 1038 5343 ὅταν
1081 5288 1138 5342 δὲ
1169 5289 1230 5343 τὸ
1260 5290 1359 5360 τῆς
1401 5288 1818 5360 ἀνθρωπότητος
1849 5289 1938 5360 μέ-

357 5395 485 5448 τρον
517 5379 618 5431 οὐκ
646 5376 951 5449 ἀτιμάζων,
978 5378 1091 5440 τοῖς
1131 5374 1408 5441 Ἰουδαίοις
1436 5376 1748 5449 προσλαλῇ·
1774 5395 1794 5426 ι
1823 5375 1951 5429 Νῦν.

359 5468 412 5520 δὲ
438 5468 653 5537 ζητεῖτέ
687 5485 757 5538 με
787 5469 1108 5524 ἀποκτεῖναι
1138 5467 1445 5538 ἄνθρωπον,
1469 5468 1527 5531 ὃς
1548 5466 1648 5538 τὴν
1679 5465 1938 5538 ἀλήθειαν

360 5560 484 5629 ὑμῖν
506 5559 784 5629 λελάληκα
806 5578 822 5594 ο
868 5580 890 5613 ι
920 5560 1084 5615 πάλιν
1108 5561 1262 5615 οὐδὲν
1297 5555 1458 5631 ἦττον
1502 5560 1559 5613 ὲν
1599 5559 1803 5629 ἰσότητι
1843 5554 1935 5611 τοῦ

361 5650 592 5719 ΙΙατρδς,
620 5653 712 5704 καί
730 5652 796 5705 ὲκ
824 5652 934 5706 τῶν
968 5652 1067 5725 τῆς
1091 5651 1510 5725 ἀνθρωπότητος
1532 5648 1695 5704 αὑτοῦ
1717 5649 1933 5720 μέτρων

431 5762 474 5794 ⁸³
508 5760 672 5817 Joan.
698 5776 819 5832 vui,
854 5761 941 5815 57.

2037 4555 2203 4611 bilem
2238 4552 2463 4609 collatis
2486 4550 2849 4621 intelligatur,
2871 4545 3335 4619 quemadmodum
3355 4546 3611 4602 videlicet

2038 4648 2203 4702 homo
2253 4652 2338 4701 est
2387 4643 2569 4699 anima
2617 4649 2675 4698 et
2706 4654 2940 4710 corpore
2988 4654 3106 4695 non
3140 4638 3366 4708 duplex,
3398 4639 3491 4693 sed
3542 4656 3608 4693 ex

2038 4750 2272 4810 utroque
2301 4753 2466 4793 unus.
2500 4734 2607 4791 Sed
2645 4743 2700 4791 et
2738 4733 3010 4788 humanas
3049 4738 3121 4787 et:
3148 4731 3362 4785 divinas
3388 4730 3458 4785 ab
3501 4745 3610 4785 uno

2039 4831 2286 4902 prolatas
2315 4827 2572 4890 dicimus,
2622 4832 2775 4880 recto
2831 4822 3054 4893 quidem
3119 4835 3328 4877 sensu:
3384 4819 3609 4890 quando

2041 4921 2210 4989 enim,
2248 4926 2414 4991 prout
2485 4918 2655 4972 Deum
2699 4914 2882 4980 decet,
2918 4913 2987 4968 de
3050 4912 3233 4982 seipso
3298 4911 3542 4982 loquitur
3590 4926 3607 4965 :

2047 5030 2068 5064 ι
2104 5010 2221 5082 Ego
2262 5016 2319 5065 et
2365 5009 2524 5062 Pater
2561 5020 2729 5059 unum
2770 5017 2987 5069 sumus,
3037 5020 3056 5055 ι
3103 5002 3342 5057 divinam
3389 5000 3510 5069 ejus
3557 5012 3612 5054 et

2042 5100 2372 5158 ineﬂabilem
2413 5096 2720 5167 cogitamus
2760 5100 3040 5156 naturam,
3087 5090 3392 5161 secundum
3441 5104 3606 5159 quam

2043 5207 2215 5249 unum
2247 5197 2332 5247 est
2358 5200 2617 5244 cum‘suo
2655 5185 2815 5239 Patre
2845 5192 3071 5255 propter
3099 5182 3427 5238 substantiae
3457 5181 3611 5238 iden-

2041 5282 2279 5343 titatem,
2322 5279 2509 5346 imago
2543 5287 2762 5344 quoque
2812 5281 2867 5327 et
2909 5271 3195 5326 character
3241 5277 3295 5325 et
3348 5270 3613 5340 splendor

2038 5373 2232 5444 gloria
2253 5368 2374 5438 eius
2399 5387 2413 5422 :
2447 5365 2669 5438 quando
2687 5378 2826 5419 vero
2856 5362 3215 5418 humanitatis
3245 5361 3468 5417 modum
3500 5376 3611 5417 non

2043 5475 2315 5534 spernens
2345 5458 2564 5514 Judaaos
2588 5455 2891 5525 alloquitur
2915 5471 2928 5507 :
2969 5471 2987 5505 ι
3018 5451 3176 5507 Nunc
3204 5468 3336 5507 vero
3365 5452 3611 5523 quaeritis

2044 5569 2132 5609 me
2158 5551 2470 5608 interﬁcere
2499 5547 2776 5603 hominem
2807 5544 2903 5615 qui
2943 5545 3230 5601 veritatem
3262 5544 3421 5599 vobis
3462 5542 3610 5598 locu-

2043 5654 2133 5703 tus
2166 5660 2288 5702 sum
2323 5644 2403 5709 ";
2470 5660 2487 5695 ι
2538 5655 2734 5697 rursus
2788 5638 3148 5695 nihilominus
3199 5636 3253 5693 in
3299 5632 3610 5706 aequalitate
