4062 6208
381 350 386 355 ’
435 367 508 417 22)
1382 392 1391 401 -
1424 356 1480 413 S.
1514 352 1793 413 CYRILLI
1827 348 2029 407 ALEX:

2132 347 2300 406 DBINI
2334 348 2659 407 ARCHIEP.
3602 348 3673 400 24

436 472 620 540 Patris
645 470 813 527 etiam
843 483 910 525 ex
943 466 1307 524 humanitatis
1351 467 1477 537 ejus
1502 465 1682 522 modis
1714 460 2003 534 cognosci-

2132 458 2563 530 μπιγινὼσκομεν.
2607 459 2673 513 Εί
2698 458 2812 530 ’γὰρ
2838 456 3167 528 πιστεύομεν
3202 456 3287 511 ὅτι
3311 455 3443 521 Θεὸς
3472 454 3550 509 ὢν
3572 454 3672 526 φύ-

436 579 581 625 mus.
616 561 674 617 Si
693 561 840 617 enim
866 558 1148 615 credimus
1177 558 1306 628 quia
1330 557 1475 614 Deus
1497 564 1696 612 natura
1728 553 2004 611 exsistens

436 654 601 709 homo
647 651 829 707 factus
873 656 981 718 est,
1032 650 1117 704 vel
1145 648 1294 720 Quod
1330 656 1590 720 tanquam
1626 646 1795 702 homo
1820 644 2004 699 anima

436 742 694 799 rationali
724 741 1023 806 animatus,
1049 754 1173 809 qua:
1202 737 1345 794 ratio
1373 746 1480 801 est,
1509 751 1673 792 voces
1712 734 1833 804 ejus
1878 748 2005 788 eru-

436 836 687 901 bescere,
719 831 867 904 quod
907 830 1021 887 sint
1053 829 1262 885 homini
1291 826 1723 885 convenientes?
1768 823 1827 880 Si
1857 824 2004 880 enim

437 926 766 981 detrectaret
792 936 1075 979 sermones
1098 920 1380 976 hominem
1404 921 1683 982 decentes,
1710 916 1834 988 quis
1850 915 2004 970 illum

438 1019 617 1090 coegit
651 1017 926 1073 hominem
962 1014 1267 1072 secundum
1299 1030 1403 1071 nos
1425 1014 1585 1071 ﬁeri?
1616 1012 1717 1079 Qui
1752 1025 1885 1067 vero
1906 1010 2007 1066 de-

438 1108 591 1163 misit
619 1106 861 1176 seipsum
902 1114 1130 1177 propter
1173 1121 1277 1162 nos
1302 1105 1372 1162 ad
1417 1104 1791 1163 voluntariam
1825 1102 2007 1157 inani-

440 1205 607 1253 tatem
660 1197 741 1263 ",
775 1212 941 1268 quam
989 1196 1065 1252 ob
1092 1211 1317 1252 causam
1362 1196 1530 1251 verba
1579 1194 1708 1249 huic
1756 1190 2006 1248 inanitati

441 1288 829 1344 convenientia
862 1287 1224 1344 detrectaret?
1253 1288 1358 1344 Uni
1394 1287 1562 1358 igitur
1599 1300 1850 1357 personae
1886 1299 2009 1338 om-

442 1394 543 1435 nes
574 1394 741 1435 voces
787 1380 844 1439 in
889 1378 1224 1449 Evangeliis,
1272 1378 1366 1432 uni
1414 1377 1700 1448 hyposlasi
1737 1373 1901 1430 Verbi
1928 1375 2011 1429 in-

442 1472 661 1527 carnati
688 1470 1053 1526 attribuenda
1084 1477 1235 1526 sunt.
1267 1467 1532 1524 Dominus
1563 1468 1710 1524 enim
1745 1482 1891 1522 unus
1923 1464 2011 1521 Je-

443 1577 541 1619 sus
567 1560 838 1628 Christus,
859 1561 1161 1618 secundum
1178 1575 1368 1616 voces.
1398 1559 1664 1616 Praeterea
1683 1558 1731 1614 si
1756 1557 2012 1614 omnibus

443 1652 623 1724 major
642 1662 725 1708 est
754 1652 940 1720 Pater,
969 1652 1211 1708 divinam
1244 1651 1500 1707 videlicet
1524 1650 1880 1707 eminentiam
1914 1649 2012 1702 lna-

443 1745 584 1802 bens
619 1752 679 1801 ut
714 1760 842 1817 erga
887 1744 1150 1813 facturas,
1209 1752 1267 1801 et
1318 1755 1470 1800 extra
1520 1742 1706 1799 omnia
1749 1748 1804 1797 et
1846 1755 2013 1811 supra

2113 466 2563 530 ἐπιγινώσκομεν.
2607 466 2673 513 Et
2698 466 2812 530 ’γάρ
2838 466 3167 528 πιστεύομεν
3202 466 3287 511 οτι
3311 466 3443 521 Θεὸς
3472 466 3550 509 ῶν
3572 466 3672 526 φύ-

2113 566 2196 603 σει
2233 549 2454 618 γέγονεν
2479 548 2784 618 ἄνθρωπος,
2816 547 2944 618 ἢὼς
2971 546 3257 618 ἄνθρωπος
3285 466 3891 759 ὲμψυχωμένοςβ

2113 643 2256 712 ψυχῇ
2288 640 2505 711 λογικῇ,
2539 643 2691 693 ποῖον
2715 639 2782 695 ἂν
2824 639 2937 711 ἔχοι
2969 639 3126 708 λόγον
3155 640 3217 693 τὸ
3254 637 3679 709 ἐπαισχύνεσθαι

2113 736 2232 759 -..τ-
2257 732 2387 759 ---ν
2422 731 2581 759 -.·...π
2608 734 2813 759 .-.ματρ
2874 733 2919 759 ,ξ
2961 731 3246 759 ..-..ι....-...
3290 729 3650 759 a._n-._..._....

2110 643 2256 712 ψυχῇ
2288 640 2505 711 λογικῇ,
2539 643 2691 693 ποῖον
2715 639 2782 695 ἂν
2824 639 2937 711 ἔχοι
2969 639 3126 708 λόγον
3155 640 3217 693 τὸ
3254 637 3679 709 ἐπαισχύνεσθαι

2109 736 2232 796 ταῖς
2255 732 2387 804 παρ’
2418 731 2582 787 αὑτοῦ
2608 734 2833 801 φωναῖς,
2872 733 2923 785 εἰ
2961 731 3246 800 γεγόνασιν
3289 729 3681 803 ἀνθρωποπρε-

2112 825 2266 892 πῶςς
2294 826 2358 879 Ei
2386 824 2497 897 γάρ
2539 825 2856 895 παραιτοῖτο
2890 826 3018 886 τοὺς
3054 821 3329 894 ἀνθρώπῳ
3368 821 3681 893 πρέποντας

2111 915 2323 986 λόγους,
2354 916 2440 980 τίς
2465 917 2495 969 6
2521 914 2836 984 ἀναγκάσας
2860 913 3115 983 γενέσθαι
3153 912 3275 966 καθ’
3301 915 3448 983 ἡμᾶς
3479 912 3682 983 ἄνθρω-

2114 1026 2250 1074 πον;
2295 1008 2354 1061 '0
2383 1008 2441 1061 δὲ
2476 1006 2665 1070 καθεὶς
2698 1006 2891 1060 ἑαυτὸν
2935 1005 3004 1059 δι’
3026 1005 3173 1075 ἡμᾶς
3205 1005 3283 1068 είς
3312 1002 3557 1056 ἑκούσιον
3585 1001 3680 1055 κέ-

2114 1116 2300 1165 νωσιν,
2321 1098 2410 1153 διὰ
2430 1097 2589 1152 ποίαν
2612 1097 2789 1151 αἰτίαν
2814 1099 3130 1167 παραιτοῖτο
3162 1095 3229 1150 ἂν
3258 1095 3385 1158 τοὺς
3409 1096 3497 1165 τῇ·
3514 1096 3682 1146 κενώ-

2116 1208 2197 1246 σει
2219 1190 2532 1263 πρέποντας
2564 1189 2786 1256 λόγουςς
2826 1187 2941 1241 Ἑνὶ
2966 1185 3256 1258 τοιγαροῦν
3276 1184 3553 1256 προσώπῳ
3584 1182 3684 1245 τὰς

2115 1284 2174 1336 ἐν
2205 1284 2319 1347 τοῖς
2366 1279 2718 1348 Εύαγγελίοις
2752 1278 2930 1341 πάσας
2977 1276 3265 1331 ἀναθετέον
3317 1276 3520 1345 φωνὰς.
3556 1275 3686 1327 ὑπο-

2119 1375 2307 1428 στάσει
2345 1374 2443 1444 μιᾷ
2462 1370 2559 1425 τοῦ
2575 1370 2749 1439 Λόγου
2777 1368 3215 1439 σεσαρκωμένου.
3232 1365 3439 1437 Κύριος
3470 1365 3576 1435 γάρ
3604 1358 3686 1427 εἷς

2131 1463 2336 1537 Ἰησοῦς
2373 1461 2628 1533 Χριστὸς.
2667 1459 2810 1515 κατὰ
2832 1459 2932 1523 τὰς
2985 1456 3188 1527 φωνάς.
3214 1457 3337 1509 Ἔτι
3367 1457 3418 1509 εί
3469 1455 3686 1507 πάντων

2122 1556 2325 1628 μείζων
2351 1554 2498 1608 ἐστὶν
2521 1555 2550 1607 6
2574 1554 2784 1623 Πατὴρ,
2824 1548 3100 1620 θεοπρεπῆ
3125 1546 3366 1619 δηλονότι
3397 1546 3497 1616 τὴν
3521 1544 3690 1613 ὑπερ-

2117 1646 2249 1718 οχὴν
2279 1644 2417 1715 ἔχων
2465 1642 2541 1706 ὡς
2579 1641 2716 1713 πρὸς
2763 1641 2831 1694 τὰ
2878 1640 3173 1709 ποιήματα,
3217 1636 3308 1691 καὶ
3331 1635 3434 1700 ἔξω
3471 1633 3689 1687 πάντων

2121 1737 2212 1792 καὶ
2234 1737 2327 1789 ἐπὶ
2351 1734 2527 1789 πάντα
2561 1731 2712 1786 ἔσται
2735 1747 2748 1758 ’
2778 1733 2807 1785 6
2832 1729 2889 1783 δὲ
2912 1729 3084 1791 οὕτως
3108 1727 3247 1797 ἔχων
3271 1724 3485 1795 φύσεώς
3509 1740 3569 1776 τε
3594 1723 3690 1775 καὶ

446 1837 639 1892 omnia
677 1839 751 1893 sit
779 1812 801 1890 ξ
829 1838 925 1911 qui
966 1851 1099 1893 vero
1138 1836 1214 1891 ita
1247 1851 1308 1892 se
1337 1834 1505 1891 habet
1543 1834 1723 1905 quoad
1756 1839 2014 1888 naturam

2132 1828 2447 1899 ὶξιώματος,
2503 1825 2561 1878 ἓν
2611 1826 2759 1877 ἐστιν
2796 1822 2873 1882 ὡς
2900 1822 3036 1891 πρὸς
3069 1819 3158 1874 τὸν
3197 1818 3356 1873 Υίόν·
3401 1812 3521 1870 εἶτα
3548 1814 3688 1877 ’πῶς

447 1937 503 1985 et
525 1944 593 1985 ex
632 1926 922 1998 dignitate,
954 1943 1124 1984 unum
1148 1938 1233 1985 est
1259 1935 1318 1982 ut
1345 1942 1474 1999 erga
1504 1924 1707 1980 Filium
1740 1943 1754 1979 :
1786 1938 2014 1995 quomo-

449 2018 542 2084 do,
561 2017 781 2086 amabo,
797 2019 1012 2088 genitus
1029 2017 1136 2072 erit
1163 2002 1521 2089 quiingenito
1541 2014 1689 2069 Patri
1713 2011 2015 2069 secundum

450 2107 814 2166 substantiam
862 2107 1007 2163 idem
1074 2107 1196 2164 est?
1234 2106 1332 2162 Vel
1385 2106 1665 2177 quomodo
1707 2104 1765 2159 in
1828 2102 2015 2158 omni-

448 2199 556 2257 bus
586 2203 646 2253 ut
678 2198 888 2254 factura
910 2199 1226 2255 censebitur
1256 2199 1347 2269 qni
1379 2199 1548 2270 668
1577 2197 1752 2268 major
1783 2204 1868 2251 est
1900 2209 2018 2249 om-

448 2289 618 2346 nibus.
651 2303 777 2346 cum
820 2289 1003 2356 Patre,
1045 2299 1099 2346 et
1132 2291 1350 2362 quidem
1399 2290 1571 2360 major
1610 2303 1681 2344 eo
1717 2286 1879 2343 modo
1911 2301 2018 2358 quo

453 2382 598 2438 Deus
621 2380 786 2438 fuerit
807 2396 940 2452 erga
975 2381 1223 2437 iacturas
1252 2380 1423 2436 suas?

524 2471 637 2544 Ego
662 2480 711 2527 et
743 2470 908 2527 Pater
929 2488 1090 2526 unum
1117 2489 1318 2527 sumus.
1350 2470 1552 2541 Nempe
1574 2472 1842 2527 vocabulo
1860 2487 2021 2526 unum
2052 2478 2065 2483 ‘

453 2564 698 2634 eiusdem
739 2579 863 2622 esse
903 2581 961 2621 se
995 2564 1316 2621 substantiae
1350 2578 1475 2618 cum
1509 2561 1671 2620 Patre
1711 2562 2022 2633 signiﬁcat;

452 2655 625 2711 verbo
652 2663 834 2710 autem
868 2671 1051 2710 sumus
1089 2656 1143 2710 in
1175 2655 1286 2710 duo
1300 2654 1493 2709 dividit
1526 2669 1637 2709 rem
1669 2653 2021 2717 intellectam,

456 2763 758 2818 rursusque
787 2746 845 2802 in
873 2761 1036 2802 unam
1071 2746 1281 2817 colligit
1319 2745 1600 2801 deitatem.

525 2834 611 2901 Χ,
657 2837 746 2891 3.1.
789 2833 1129 2890 Sustulerunt
1178 2850 1298 2906 ergo
1342 2848 1527 2888 rursus
1592 2829 1770 2884 Judaei
1821 2829 2022 2898 lapides

456 2936 518 2982 ut
542 2924 839 2997 lapidarent
864 2942 1002 2981 eum.

530 3016 653 3076 Non
677 3018 823 3074 enim
850 3017 1088 3075 ferentes
1127 3034 1257 3075 eum
1296 3019 1387 3089 qui
1414 3032 1535 3076 sese
1564 3031 1732 3072 unum
1756 3030 1879 3071 esse
1900 3028 2025 3068 cum

460 3109 625 3165 Patre
651 3109 884 3176 diceret,
916 3110 982 3167 ad
1014 3111 1378 3167 occidendum
1407 3126 1532 3166 eum
1556 3110 1760 3181 impetu
1788 3106 2025 3179 quodam

2119 1920 2272 1974 ἔσται
2302 1916 2559 1988 γεννητὸς
2580 1917 2609 1969 6
2644 1914 2722 1986 τῷ
2756 1912 3036 1982 άτεννήτῳ
3078 1908 3251 1980 Πατρὶ
3284 1909 3406 1962 κατ’
3439 1907 3629 1960 οὐσίαν
3660 1907 3689 1957 6

2120 2011 2317 2077 αὑτόςς
2350 2012 2420 2064 Ἢ
2442 2007 2559 2072 πῶς
2582 2009 2640 2062 ἐν
2659 2008 2770 2069 τοῖς
2785 2007 2952 2059 πᾶσιν
2975 2002 3052 2067 ὡς
3074 2001 3288 2071 ποίημα
3310 1998 3689 2067 λογισθήσεται

2120 2107 2150 2158 6
2182 2103 2385 2175 μείζων
2401 2101 2616 2156 πάντων
2645 2098 2783 2170 μετά
2811 2086 3050 2167 Πατρδς,
3081 2091 3282 2165 μείζων
3308 2090 3365 2145 δὲ
3396 2088 3587 2153 οὕτως,
3614 2085 3690 2149 ὡς

2124 2197 2189 2252 ἂν
2212 2197 2297 2268 είη
2325 2193 2457 2259 Θεδς
2489 2192 2623 2265 πρὸς
2646 2191 2714 2245 τά
2746 2189 3055 2260 ποιήματα;

2210 2457 2355 2528 Ἐγὼ
2393 2456 2468 2526 (1)
2505 2454 2602 2510 καὶ
2624 2456 2656 2508 ὁ
2683 2452 2884 2522 Πατὴρ
2910 2451 2980 2507 ἓν
3007 2451 3214 2519 ἐσμεν.
3264 2445 3363 2500 Διά
3410 2445 3507 2515 μὲν
3534 2442 3594 2495 τδ
3623 2439 3694 2493 ἓν

2127 2551 2226 2622 τὴν
2271 2549 2577 2618 ταυτότητά
2626 2547 2725 2616 τῆς
2783 2544 2972 2606 οὐσίας
3024 2539 3315 2612 σημαίνει’
3363 2535 3454 2590 διὰ
3502 2534 3562 2586 δὲ
3591 2528 3685 2585 τοῦ

2129 2641 2319 2711 ἐσμὲν
2343 2643 2424 2703 είς
2452 2638 2619 2693 δυάδα
2647 2637 2837 2706 τέμνει
2863 2636 2926 2688 τὸ
2974 2632 3280 2702 νοούμενον,
3308 2629 3403 2683 καὶ
3430 2626 3590 2679 πάλιν
3616 2625 3696 2681 είς

2133 2734 2261 2803 μίαν
2287 2729 2542 2801 περισφίγ
2557 2744 2636 2794 γει
2670 2726 2919 2792 θεότητα.

2210 2819 2583 2874 Ἐὄάστασαν
2605 2810 2721 2870 οὖν
2749 2813 2934 2867 πάλιν
2952 2813 3005 2865 οἱ
3047 2806 3319 2864 Ἰουδαῖοι
3342 2805 3569 2869 λίθους,
3596 2801 3700 2854 ἵνα

2128 2909 2462 2965 λιθάσωσιν
2485 2906 2689 2961 αὐτόν.

2202 3000 2296 3071 Μὴ
2327 2998 2688 3069 ἀνασχόμενοι
2717 2994 2825 3065 γὰρ
2841 2989 3029 3052 αὐτοῦ,
3054 2989 3113 3042 ἓν
3142 2982 3282 3040 εἶναι
3308 2983 3499 3039 ἐαυτὸν
3518 2981 3700 3050 λέγον-

2133 3112 2224 3159 τος
2246 3090 2381 3163 πρὸς
2412 3089 2502 3143 τὸν
2526 3084 2746 3157 Πατέρα
2765 3125 2779 3149 ,
2820 3082 2912 3135 ἐπὶ
2939 3082 3001 3133 τὸ
3026 3078 3285 3148 φονεῦσαι
3323 3076 3482 3130 αὑτὸν
3509 3074 3701 3146 ὥρμη-

462 3199 605 3271 rapti
634 3209 784 3268 sunt,
809 3201 938 3259 licet
970 3202 1403 3275 unumquodque
1454 3165 1680 3273 operum
1717 3165 1838 3270 ejus
1863 3198 2028 3254 Deum

2135 3202 2234 3240 σαν
2259 3200 2272 3214 ’
2295 3182 2497 3253 καίπερ
2523 3179 2755 3232 ἑκάστου
2778 3173 2886 3228 τῶν
2916 3174 3046 3243 παρ’
3065 3169 3232 3226 αὑτοῦ
3254 3167 3554 3239 γινομένων
3569 3165 3705 3220 Θεὸν

2611 3270 2623 3275 -
2849 3264 2863 3275 .
3012 3266 3044 3275 Α
3060 3264 3073 3275 .
3176 3262 3188 3275 .
3320 3260 3360 3275 ...
3456 3260 3479 3271 -
3581 3256 3655 3275 ,μ
3678 3256 3691 3275 ι

464 3305 589 3346 esse
623 3290 773 3348 illum
805 3300 1007 3347 natura
1043 3292 1180 3348 satis
1217 3290 1561 3363 praedicaret.
1587 3287 1707 3343 Non
1733 3286 1909 3342 solum
1933 3302 2031 3340 au-

466 3395 576 3441 tem
601 3398 769 3449 nunc,
806 3384 903 3440 sed
945 3390 1000 3439 et
1048 3383 1187 3438 alias
1217 3382 1453 3439 sublatis
1494 3381 1772 3452 lapidibus
1816 3388 1878 3435 ut
1907 3394 2032 3435 eum

468 3472 865 3539 interficerent,
922 3472 1235 3526 immobiles
1286 3478 1555 3526 steterunt
1594 3471 1648 3524 vi
1692 3477 1746 3524 et
1794 3466 2034 3539 eilicacia

466 3562 673 3619 Christi
695 3582 708 3619 :
728 3579 796 3619 ex
814 3576 924 3634 quo
950 3561 1159 3632 liquido
1174 3568 1395 3616 constat
1419 3576 1567 3624 eum,
1599 3560 1704 3615 nisi
1732 3559 2027 3623 volentem,

467 3669 749 3725 nunquam
789 3667 1083 3724 passurum
1127 3650 1318 3707 fuisse.
1365 3651 1736 3708 Nihilosecius
1766 3667 1862 3722 per
1887 3666 2038 3706 sum-

470 3759 613 3799 mam
638 3739 1112 3799 mansuetudinem
1133 3740 1388 3797 Christus
1413 3739 1685 3797 l'uriosum
1715 3752 1908 3796 eorum
1935 3738 2038 3793 im-

469 3844 656 3908 petum
685 3832 936 3890 cohibuit
966 3831 1163 3887 dicens
1192 3850 1207 3887 :
1239 3829 1497 3903 Nunquid
1530 3832 1600 3887 ob
1638 3831 1869 3900 aliquod
1910 3846 2038 3886 ver-

470 3930 603 3984 hum
631 3925 776 3996 quod
828 3922 945 3979 dixi
988 3922 1318 3989 irascimini,
1373 3931 1466 3977 aut
1513 3923 1586 3978 ob
1624 3921 1847 3993 aliquod
1899 3937 2040 3992 opus

469 4017 615 4090 quod
651 4016 790 4072 feci?
817 4014 874 4069 Si
905 4016 1051 4071 enim
1081 4029 1192 4070 non
1223 4016 1394 4070 multa
1438 4014 1689 4070 fecissem
1726 4014 1834 4070 Deo
1876 4015 2043 4084 digna

469 4124 753 4181 opera,me
783 4115 987 4163 natura
1011 4108 1181 4165 Deum
1209 4123 1337 4166 esse
1358 4108 1643 4168 testantia.
1667 4107 1869 4163 merito
1897 4104 2043 4159 indi-

469 4198 777 4276 gnaremini
810 4197 1096 4254 audientes
1131 4211 1220 4253 me
1246 4211 1393 4252 nunc
1429 4194 1704 4251 dicentem
1742 4212 1756 4249 :
1795 4213 1813 4246 ι
1853 4193 1967 4261 Ego
1990 4197 2044 4245 et

469 4291 632 4348 Pater
672 4305 844 4346 unum
879 4303 1112 4357 sumus;
1150 4306 1171 4341 ι
1206 4287 1304 4344 sed
1339 4303 1448 4343 non
1479 4286 1584 4341 hoc
1613 4285 1901 4348 dixissem,
1937 4279 2044 4335 nisi

470 4400 572 4457 per
597 4384 787 4439 omnia
820 4396 943 4453 quae
984 4381 1090 4436 ieci
1121 4380 1468 4452 probassem.
1512 4378 1602 4433 Ait
1646 4392 1776 4432 vero
1818 4392 1849 4430 a
1886 4374 2046 4427 Patre

470 4485 528 4533 et
553 4490 666 4530 non
688 4489 718 4528 a
745 4474 931 4545 seipse
956 4488 1145 4544 opera,
1177 4471 1447 4527 modestia
1489 4469 1750 4523 nimirum
1788 4475 1952 4520 utens
1977 4462 2045 4518 ad

2132 3278 2294 3333 αὐτὸν
2324 3270 2765 3343 ἀναγορευόντων
2794 3264 2977 3336 φύσει.
3008 3264 3082 3318 Ού
3122 3262 3282 3333 μόνον
3314 3260 3372 3314 δέ
3420 3260 3534 3323 νῦν,
3569 3256 3706 3312 ἀλλὰ

2133 3371 2228 3425 καὶ
2259 3367 2446 3424 ἄλλοτε
2482 3361 2736 3424 λαϐόντες
2782 3357 2962 3420 λίθους
2984 3355 3077 3409 ἐπὶ
3112 3353 3192 3424 τῷ
3234 3351 3396 3407 αὐτὸν
3428 3349 3705 3419 φονεῦσαι,

2133 3460 2383 3529 ἀκίνητοι
2413 3457 2647 3525 ἔστησαν
2668 3448 2918 3521 ἐνεργείᾳ
2940 3449 3007 3518 τῇ
3034 3444 3127 3499 τοῦ
3154 3440 3389 3514 Χριστοῦ
3406 3457 3423 3473 ο
3454 3440 3531 3503 ὡς
3549 3438 3707 3529 δῆλον

2135 3553 2231 3607 καὶ
2261 3552 2327 3604 ἐκ
2366 3549 2556 3603 τούτου
2603 3542 2878 3613 γενέσθαι,
2920 3539 3004 3593 ὅτι
3026 3537 3127 3590 οὐκ
3170 3536 3234 3590 ἂν
3267 3535 3525 3603 ἔπασχεν,
3555 3531 3603 3581 εί
3632 3528 3708 3598 μὴ

2138 3643 2300 3698 ἐκών.
2334 3641 2525 3711 Ὅμως
2549 3634 2636 3689 διὰ
2654 3632 2925 3704 ὴπιότηνα
2945 3631 2973 3682 6
3004 3627 3239 3697 Χριστὸς
3262 3622 3585 3680 κατέστελλε
3610 3621 3710 3689 τὴν

2139 3736 2360 3793 ἐκείνων
2406 3730 2598 3798 άλογον
2640 3724 2837 3800 ὁρμὴν,
2867 3722 3043 3790 λέγων
3063 3762 3078 3785 ,
3118 3720 3203 3781 ού,
3245 3717 3343 3770 Διά
3373 3717 3523 3768 ποῖον
3552 3712 3711 3780 λόγον

2138 3831 2198 3885 ὃν
2218 3824 2391 3890 εἶπον,
2415 3819 2720 3893 θυμοῦσθες
2748 3814 2905 3880 ἀλλὰ,
2921 3812 3020 3865 Διά
3046 3812 3196 3863 πυῖον
3218 3808 3377 3879 ἔργον
3394 3805 3423 3859 6
3443 3804 3708 3872 ἐποίησας

2141 3922 2205 3975 Εἰ
2231 3918 2342 3989 γὰρ
2382 3915 2458 3985 μὴ
2484 3911 2738 3979 ἐποίησα,
2768 3906 2922 3975 φησὶ,
2968 3900 3137 3955 πολλὰ
3176 3897 3450 3969 θεοπρεπῆ
3484 3894 3616 3965 ἔργα
3646 3894 3715 3946 τὰ

2141 3988 2424 4066 δεικνύντα
2460 4021 2526 4074 με
2564 4000 2727 4070 φύσει
2771 3996 2924 4061 Θεὸν,
2983 3993 3208 4054 εἰκότως
3235 3990 3302 4043 ἂν
3331 3988 3712 4057 ἠγανακτεῖτε,

2142 4103 2240 4158 νῦν
2265 4094 2554 4156 ἀκούοντές
2585 4107 2688 4162 μου
2706 4084 2955 4158 λὲγοντος
2974 4103 2988 4116 σ
3027 4103 3046 4136 ι
3087 4082 3228 4152 Ἐγὼ
3256 4082 3350 4136 καὶ
3375 4083 3404 4134 ὁ
3437 4078 3627 4148 Πατὴρ
3656 4076 3716 4129 ’ἐν

2143 4196 2311 4256 ἐσμεν
2344 4208 2362 4239 ι
2395 4185 2534 4239 Ἀλλ’
2560 4183 2662 4237 οὑκ
2696 4181 2762 4234 ἂν
2810 4174 2962 4232 εἷπον
2987 4175 3166 4235 τοῦτο,
3189 4174 3237 4226 εί
3269 4171 3341 4244 μὴ
3384 4170 3475 4225 διὰ
3500 4168 3718 4222 πάντων

2145 4276 2220 4336 ὧν
2252 4278 2505 4345 ἐποίησα,
2542 4273 2703 4326 τοῦτο
2730 4269 2926 4335 ἔδειξα.
2955 4268 3093 4339 Φησὶ
3120 4265 3176 4319 δὲ
3205 4263 3359 4335 παρὰ
3389 4261 3483 4317 τοῦ
3507 4260 3718 4332 Πατρδς

2144 4375 2207 4429 ού
2240 4369 2370 4443 παρ’
2404 4362 2599 4422 ἐαυτοῦ
2635 4361 2706 4417 τὰ
2750 4360 2888 4432 ἔργα
2916 4400 2932 4422 ,
2977 4353 3382 4428 μετριοφρονῶν
3435 4352 3587 4443 πρδς-
3619 4349 3720 4443 την

2147 4462 2304 4536 ἡμῶν
2324 4439 2622 4527 eadem,
2650 4453 2739 4508 ἵνα
2771 4452 2846 4522 μὴ
2873 4451 3002 4504 ὅταν
3040 4447 3296 4518 λάϐωμέν
3315 4462 3370 4499 τι
3391 4441 3540 4514 παρὰ
3556 4439 3716 4536 Θεοῦ,

473 4578 729 4627 nostram
760 4527 1073 4631 utilitatein,
1119 4583 1186 4621 ne
1216 4581 1346 4620 cum
1376 4562 1581 4633 aliquid
1623 4577 1655 4615 a
1685 4560 1795 4615 Deo
1828 4558 2029 4628 accepi

2149 4527 2625 4615 ἀλαζονευώμεθα.
2667 4539 2975 4610 Δεδειχέναι
3012 4539 3069 4592 δὲ
3120 4539 3250 4608 περὶ
3289 4535 3383 4589 τοῦ
3412 4531 3621 4602 Πατρδς
3653 4527 3720 4585 τὰ

475 4677 629 4731 mus,
659 4668 985 4731 arrogantes
1007 4659 1203 4715 simus.
1224 4656 1547 4712 Ostendisse
1576 4668 1708 4708 vero
1737 4667 1796 4707 se
1827 4665 1858 4704 a
1887 4650 2050 4704 Patre

475 4767 649 4823 opera
678 4751 835 4817 dicit,
866 4768 978 4807 non
1007 4765 1067 4806 se
1094 4749 1164 4803 ab
1199 4761 1387 4803 eorum
1413 4743 1608 4800 effectu
1642 4753 1696 4799 et
1733 4740 2050 4813 operatione

476 4848 719 4903 alienum
764 4843 1179 4905 demonstrans,
1221 4839 1331 4893 imo
1384 4837 1557 4892 totius
1606 4835 1831 4891 deitatis
1881 4847 2051 4904 opera

477 4953 603 4995 esse
633 4937 856 4992 docens.
892 4932 1079 4989 Deitas
1123 4947 1259 4988 vero
1307 4947 1414 4986 una
1460 4930 1786 5000 intelligitur
1813 4943 1844 4984 a
1886 4927 2053 4983 nobis

479 5031 536 5085 in
571 5026 733 5082 Patre
763 5033 817 5081 et
844 5023 986 5079 Filio
1010 5030 1067 5079 et
1099 5022 1317 5093 Spiritu
1347 5032 1562 5077 sancto.
1602 5019 1759 5087 Quod
1790 5020 1935 5075 enim
1966 5021 2052 5073 vi-

479 5121 679 5177 delicet
730 5117 862 5185 facit
899 5115 1084 5179 Pater,
1138 5116 1246 5169 hoc
1280 5114 1566 5186 perﬁcitur
1613 5128 1710 5184 per
1743 5111 1942 5166 Filium
1995 5111 2052 5165 in

483 5208 716 5279 Spiritu.
766 5206 833 5261 Et
881 5220 1080 5260 rursus
1130 5205 1276 5276 quod
1323 5203 1502 5261 Filius
1549 5204 1705 5267 facit,
1734 5204 1838 5258 hoc
1889 5205 2054 5259 Pater

484 5298 666 5355 facere
692 5300 748 5352 in
784 5296 996 5368 Spiritu
1028 5296 1257 5353 dicitur.
1281 5296 1462 5364 Quare
1485 5305 1540 5353 et
1580 5297 1699 5368 ipse
1723 5296 1863 5351 dixit
1894 5313 1908 5350 ;
1942 5313 1961 5346 ι
2009 5295 2054 5348 Α

484 5389 697 5461 meipso
727 5388 866 5444 nihil
910 5388 1072 5456 facio,
1114 5388 1276 5446 Pater
1301 5405 1432 5445 vero
1471 5390 1528 5444 in
1559 5407 1645 5445 me
1670 5404 1906 5446 manens
1934 5388 2059 5458 ipse

485 5476 619 5535 facit
641 5490 829 5549 opera.
872 5495 891 5527 ι

559 5590 607 5626 σε
633 5588 873 5661 Philipp.
902 5604 961 5655 ιι,
1006 5588 1053 5641 7.

2151 4646 2290 4717 ἔργα
2319 4641 2504 4713 φησιν,
2537 4636 2639 4690 οὒκ
2666 4632 2945 4704 ἀλλότριον
2982 4629 3175 4685 ἑαυτὸν
3208 4626 3424 4688 δεικνὺς
3450 4623 3551 4692 τῆς
3573 4621 3720 4674 ἐκεί·

2288 4711 2589 4799 ἐνεργείας,
2615 4720 2751 4777 ἀλλὰ
2772 4719 3037 4773 διδάσκων
3067 4719 3149 4771 ὅτι
3186 4717 3283 4786 τῆς
3302 4716 3431 4786 ὅλης
3462 4712 3578 4765 ἐστὶ
3601 4711 3722 4764 θεό-

2152 4834 2314 4889 τητος
2341 4816 2408 4870 τὰ
2442 4813 2599 4885 ἔργα.
2639 4810 2844 4880 Θεότης
2875 4808 2931 4861 δέ
2955 4809 3054 4877 μία
3086 4808 3285 4860 νοεῖται
3318 4803 3448 4874 παρ’
3480 4802 3637 4873 ἡμῶν
3666 4802 3722 4852 ἐν

2154 4909 2330 4979 Πατρὶ
2348 4906 2443 4960 καὶ
2460 4902 2576 4973 Υἱῷ
2601 4900 2696 4955 καὶ
2733 4898 2872 4967 ἁγίῳ
2897 4895 3196 4967 Πνεύματι.
3222 4896 3401 4966 ὀπερ
3428 4895 3537 4964 γάρ
3566 4892 3725 4961 τυχὶυ

2155 5001 2302 5053 ποιεῖ
2336 4999 2364 5050 6
2386 4993 2594 5066 Πατὴρ.
2616 4989 2777 5045 τοῦτο
2803 4986 3036 5042 τελεῖται
3071 4987 3138 5040 δι’
3181 4985 3312 5040 Υἱοῢ
3333 4986 3392 5038 ἐν
3421 4981 3723 5051 Πνεύματι.

2156 5091 2266 5147 Καὶ
2293 5088 2477 5150 πάλιν,
2526 5086 2556 5139 ὃ
2596 5083 2748 5145 ,ποιεῖ
2791 5081 2819 5135 6
2849 5080 2996 5146 Υἱὸς,
3037 5079 3196 5133 τοῦτο
3227 5079 3446 5146 λέγεται
3476 5080 3505 5130 6
3539 5072 3727 5143 Πατὴρ

2158 5184 2332 5236 ποιεῖν
2377 5182 2435 5233 ἐν
2479 5174 2775 5245 Πνεύματι.
2830 5171 2919 5225 Διὸ
2964 5174 3058 5226 καὶ
3095 5171 3256 5236 αὐτὸς
3294 5170 3511 5238 ἔλεγενο
3544 5186 3562 5220 ι
3606 5164 3725 5218 Ἀπ’

2161 5270 2400 5345 ἐμαυτοῦ
2438 5267 2588 5322 οὐδὲν
2618 5264 2777 5326 ποιῶ,
2810 5264 2839 5316 6
2861 5264 2917 5318 δὲ
2939 5264 3127 5336 Πατὴρ
3164 5262 3223 5316 ἐν
3246 5260 3370 5332 ἐμοὶ
3405 5259 3603 5331 μένων,
3631 5256 3736 5311 αὖα

2159 5367 2249 5430 τὸς
2282 5363 2424 5417 ποιεῖ
2453 5356 2523 5413 τὰ
2550 5357 2705 5428 ἔργα.
2750 5376 2768 5407 ι

562 5730 801 5807 (ιγετὼ
839 5770 852 5785 .
881 5772 892 5785 .
927 5769 939 5785 .
969 5771 981 5786 .
1012 5730 1259 5798 θεότητα
1292 5726 1417 5784 add.
1451 5738 1517 5784 ex
1545 5731 1735 5783 catena
1764 5722 1911 5788 νειμ,
1949 5717 2023 5776 fol

2132 5717 2189 5774 06
2222 5715 2280 5783 Β,
2316 5730 2401 5787 ap.
2440 5714 2541 5770 Mai
2579 5715 2712 5771 ibid.
