4062 6208
425 319 504 375 ‘25
1210 319 1282 375 IN
1320 318 1657 378 .IOANNEM.
1701 355 1770 364 —
1809 325 1941 382 LIB.
1983 328 2074 385 VII
2117 329 2202 386 ET
2243 329 2353 387 VIII
2386 331 2833 389 FRAGMENTA.
3606 333 3677 390 96

509 437 649 510 Περὶ
680 436 871 494 καλοῦ
900 435 1078 506 ἔργου
1104 438 1176 492 οὐ
1208 438 1531 508 λιθάζομέν
1561 455 1657 505 σε,
1693 441 1854 496 ἀλλὰ
1872 445 2004 513 περὶ

2180 447 2261 514 Χ,
2300 447 2388 502 55.
2435 448 2508 503 De
2539 449 2675 503 bona
2713 462 2863 518 opere
2889 461 2993 500 non
3036 445 3339 516 [epidemus
3384 455 3453 514 te,
3495 448 3584 501 sed
3610 449 3674 497 de

440 532 858 601 βλασφημίας-

513 624 772 694 Ἐχοντες
796 621 957 691 ζῆλον
976 620 1133 685 Θεοῦ,
1154 622 1270 675 ἀλλ’
1300 622 1362 675 οῦ
1392 625 1514 678 κατ’
1541 624 1857 692 ἐπίγνωσιν.
1879 626 2017 694 ἠγα-

438 717 672 772 νάκτουν
729 714 1020 777 ἀκούοντες
1073 714 1168 767 τοῦ
1198 713 1436 785 Χριστοῦ
1486 714 1768 784 λέγοντος·
1799 734 1818 766 ι
1874 715 2015 784 Ἐγὼ

438 810 533 863 καὶ
563 805 804 877 ὁΠατὴρ
831 804 891 859 ἐν
936 805 1126 875 ἐσμεν.
1173 823 1193 856 ι
1232 806 1296 858 Τί
1336 805 1446 877 γάρ
1474 805 1535 860 τὸ
1590 806 1802 860 κωλῦον
1855 806 2016 861 αὐτὸν

438 894 582 950 εἶναι
619 895 679 948 ἐν
710 892 845 965 πρὸς
896 893 987 946 τὸν
1029 894 1270 962 Πατέρα,
1324 895 1482 966 εῐπερ
1539 896 1869 950 ἐπίστευσαν
1931 896 2013 950 δτι

438 988 572 1052 Θεὸς
599 983 670 1058 ἦν
689 989 832 1040 κατὰ
863 986 1027 1056 φύσιν
1046 1004 1061 1051 ;
1083 987 1174 1039 Διὸ
1202 987 1295 1040 καί
1332 986 1572 1051 λιθάζειν
1612 989 1772 1043 αὐτὸν
1801 989 2016 1059 ἐπεχεί-

443 1096 591 1151 ρουν,
617 1079 713 1133 καὶ
734 1076 1161 1146 ἀπολογούμενοι
1198 1077 1265 1131 δι’
1293 1078 1359 1149 ἥν
1387 1080 1566 1133 αἰτίαν
1595 1079 1752 1133 τοῦτο
1772 1081 2010 1145 ἐποίουν,

441 1170 626 1237 φασὶν,
658 1171 741 1223 ὄτι
775 1169 874 1238 οὐχ
896 1169 1080 1222 ἕνεκεν
1107 1161 1183 1221 ὧν
1219 1170 1486 1241 ἐποίησας
1506 1171 1688 1225 καλῶν
1722 1171 2013 1240 λιθάζομέν

444 1278 526 1323 σε,
551 1261 669 1315 ἀλλ’
691 1261 774 1314 ὅτι
791 1260 1132 1332 βλασφημεῖς
1152 1281 1168 1295 ·
1185 1263 1341 1318 αὐτοὶ
1371 1266 1436 1318 ἐκ
1463 1264 1557 1318 τοῦ
1580 1265 1823 1320 ἐναντίου
1846 1266 2011 1336 βλασ-

442 1350 771 1421 φημοῦντες,
802 1349 870 1403 δι’
892 1344 967 1403 ὧν
1005 1351 1195 1420 ἦθελον
1238 1352 1484 1418 λιθάζειν
1512 1354 1604 1407 τὸν
1642 1354 1770 1408 δντα
1798 1355 2012 1426 ἀληθῶς

445 1442 597 1505 Θεὸν,
627 1441 950 1511 ἀγνοοῦντες
973 1444 1055 1497 ὃτι
1088 1444 1150 1497 οὐ
1180 1448 1362 1516 γυμνῇ
1395 1448 1459 1516 τῇ
1497 1446 1706 1516 θεότητι
1731 1447 1953 1518 ἔμελλεν
1981 1448 2011 1500 6

460 1528 659 1601 Ἰησοῦς
685 1531 992 1601 ἐπιδημεῖν,
1019 1530 1155 1585 ἀλλὰ
1184 1533 1556 1604 σαρκούμενος
1603 1535 1666 1587 ἐκ
1698 1536 2011 1607 σπέρματος

443 1622 625 1683 Δασὶδ,
658 1621 1010 1693 βλασφημίαν
1043 1619 1183 1676 εἶναι
1208 1624 1460 1692 λέγοντες
1485 1625 1584 1697 τὴν
1619 1625 1785 1697 ὀρθὴν
1814 1627 2010 1697 ὁμολο-

443 1713 588 1782 γίαν.
613 1713 920 1777 Φάσκοντος
947 1708 1061 1780 οῦν,
1092 1733 1112 1767 ι
1134 1715 1276 1784 Ἐγὼ
1300 1716 1393 1769 καὶ
1415 1718 1444 1768 6
1465 1717 1650 1788 Πατὴρ
1680 1717 1739 1771 ἓν
1768 1719 1953 1789 ἐσμεν,
1984 1738 2002 1767 ι

2115 538 2458 606 blasphemia.

2184 626 2373 681 Zelum
2409 625 2503 681 Dei
2537 626 2841 692 habentes,
2886 626 2985 681 sed
3026 640 3136 680 non
3166 624 3465 681 secundum
3502 624 3679 678 scicn-

2114 717 2285 779 tiam,
2342 718 2780 789 indignabantur
2828 718 3118 773 audientes
3176 716 3451 771 dicentem
3518 714 3681 769 Chri-

2114 817 2256 863 stum
2292 828 2305 863 :
2345 828 2364 860 ι
2401 808 2512 879 Ego
2555 818 2609 864 et
2642 808 2804 864 Pater
2837 825 3009 863 unum
3053 824 3265 863 sumus.
3302 827 3320 859 ι
3366 806 3503 873 Quid
3529 806 3678 859 enim

2113 899 2330 953 vetabat
2361 915 2485 953 emn
2522 915 2645 955 esse
2681 916 2849 954 unum
2891 915 3016 954 cum
3050 899 3231 964 Patre,
3277 899 3323 953 si
3361 898 3522 951 modo
3557 910 3679 948 cre-

2112 988 2391 1052 didissent.
2439 1005 2562 1045 eum
2615 1008 2740 1047 esse
2798 992 3103 1048 secundum
3156 998 3410 1046 naturam
3470 987 3682 1042 Dcmn?

2113 1078 2292 1144 Quare
2335 1087 2387 1133 et
2439 1080 2647 1148 lapides
2689 1080 2744 1133 in
2787 1096 2910 1134 eum
2938 1080 3125 1149 jacere
3176 1078 3594 1150 aggrediuntur,
3628 1084 3682 1130 et

2112 1169 2380 1223 rationem
2410 1170 2706 1225 reddentes
2731 1184 2831 1224 cur
2857 1169 2913 1224 id
2951 1169 3219 1232 facerent,
3252 1170 3427 1233 aiunt,
3460 1165 3576 1221 Non
3611 1167 3683 1219 oh

2111 1275 2177 1316 ea
2226 1275 2348 1331 qua:
2396 1261 2657 1331 praeclare
2704 1259 2882 1315 fecisti
2919 1260 3227 1330 lapidamus
3277 1268 3357 1322 te,
3410 1259 3506 1314 sed
3553 1258 3681 1328 quia

2111 1352 2457 1421 blasphemas
2496 1370 2510 1407 :
2554 1367 2679 1406 cum
2719 1352 2825 1422 ipsi
2878 1367 2909 1405 e
2942 1352 3226 1407 contrario
3275 1351 3678 1420 blasphement.

2112 1442 2179 1497 ad
2217 1442 2572 1511 lapidandum
2606 1457 2756 1507 eum,
2790 1442 2883 1512 qui
2916 1457 3044 1497 vere
3077 1450 3163 1497 est
3209 1441 3372 1507 Deus,
3408 1440 3680 1506 accincti,

2111 1533 2363 1589 videlicet
2411 1534 2629 1603 ignari,
2680 1550 2792 1588 non
2844 1533 2900 1588 in
2950 1527 3192 1604 simplici
3242 1534 3448 1588 deitate
3492 1530 3680 1587 Jesum

2110 1626 2475 1681 adventuram
2528 1640 2592 1680 ac
2642 1625 3143 1696 peregrinaturum,
3191 1626 3287 1681 sed
3339 1641 3403 1680 ex
3466 1624 3678 1679 semine

2114 1717 2279 1772 David
2310 1718 2685 1781 incarnatum,
2717 1728 2772 1773 et
2804 1726 3010 1773 rectam
3052 1716 3454 1773 confessionem
3484 1717 3537 1770 in
3570 1716 3683 1770 ωε.

445 1805 518 1874 μὴ
543 1804 790 1869 νοοῦντες
809 1806 869 1860 δὲ
891 1805 974 1869 τίς
1002 1808 1031 1860 6
1054 1806 1227 1861 ταῦτα
1251 1808 1423 1876 λέγων
1450 1809 1619 1872 ἐστὶν,
1648 1809 1785 1863 άλλὰ
1810 1812 1890 1876 είς
1909 1811 2007 1882 τὴν

2111 1810 2415 1879 sphemiam
2449 1809 2901 1879 interpretantes.
2948 1810 3085 1864 Cum
3121 1809 3290 1880 igitur
3337 1807 3509 1880 669
3541 1807 3683 1862 dice-

442 1893 622 1965 σάρκα
662 1894 831 1965 μόνην
876 1895 1199 1965 βλέποντες,
1237 1899 1555 1952 καταλεύειν
1590 1899 1751 1952 αὐτὸν
1795 1901 2007 1970 ἐπεχεί·

448 2004 591 2058 ρουν,
615 1988 963 2058 βλασφημίας
987 1988 1289 2059 ἐγκλήματι
1313 1990 1748 2060 περισάλλοντες.
1777 1992 1875 2046 Διὰ
1899 1994 2007 2062 γὰρ

438 2079 536 2133 τοῦ
564 2080 760 2149 φάναι,
802 2099 822 2133 ι
864 2079 1005 2149 Ἐγὼ
1028 2072 1140 2133 ’καὶ
1168 2083 1196 2135 6
1224 2080 1416 2153 Πατὴρ
1461 2082 1521 2135 ἐν
1556 2083 1721 2153 ἐσμεν
1746 2120 1761 2145 ,
1796 2101 1815 2135 ι
1855 2083 2006 2151 φασὶ,

437 2169 570 2224 Θεὸν
599 2171 824 2224 σεαυτὸν
852 2170 996 2224 κατὰ
1016 2170 1178 2239 φύσιν
1204 2175 1406 2235 ποιεῖς·
1457 2172 1616 2226 τοῦτο
1652 2174 1810 2244 μόνον
1831 2173 2009 2228 νοοῦν-

437 2276 530 2323 τες
556 2258 753 2329 ὀρθῶς.
773 2259 1069 2330 Κρείττους
1091 2257 1184 2314 οῦν
1213 2260 1323 2314 τῶν
1354 2260 1583 2315 ἀνοσίων
1623 2262 1912 2335 Ἀρειανῶν
1956 2263 2006 2315 οί

448 2352 711 2417 Ἰουδαῖοι,
749 2352 841 2406 τὸν
871 2352 1009 2417 ὅλως
1030 2354 1202 2406 είπεῐν
1245 2352 1596 2424 θαρσήσαντα
1618 2370 1633 2385 ο
1681 2374 1698 2405 ι
1742 2354 1883 2423 Ἐγὼ
1912 2356 2007 2409 καὶ

440 2443 471 2494 6
495 2442 684 2513 Πατὴρ
706 2444 765 2496 ἒν
804 2446 989 2513 ἐσμεν,
1026 2462 1045 2495 ι
1084 2444 1273 2513 ὥσπερ
1301 2445 1359 2509 ἐξ
1386 2445 1681 2513 ἀναγκαίου
1716 2444 1872 2513 λόγου
1898 2445 2008 2498 λοι·-

449 2534 553 2587 πὸν
578 2534 712 2603 πρὸς
742 2535 797 2587 τὸ
821 2535 917 2603 τῆς
941 2534 1194 2605 θεότητος
1224 2534 1532 2588 ἀναϐαίνειν
1568 2535 1787 2603 ἀξίωμα
1826 2536 2008 2589 διαϐε-

450 2622 782 2693 ϐαιούμενοι.
815 2623 938 2686 Πῶς
965 2624 1071 2696 γὰρ
1098 2624 1164 2679 ἂν
1196 2624 1254 2678 ἒν
1291 2625 1525 2695 ὑπάρχοι
1563 2624 1698 2694 πρὸς
1734 2625 1824 2678 τὸν
1850 2626 2009 2692 φύσει

440 2709 598 2774 Θεὸν,
628 2710 657 2761 6
687 2710 760 2781 μὴ
787 2711 943 2764 τοῦτο
971 2712 1270 2784 ὐπάρχων;
1323 2712 1539 2783 Ἐπειδὴ
1564 2712 1621 2765 δὲ
1643 2713 1702 2765 οὐ
1732 2712 2006 2782 ψεύδεται,

443 2800 586 2854 κατὰ
628 2800 787 2870 φύσιν
817 2802 925 2872 ἄρα
966 2803 1061 2856 καὶ
1095 2803 1257 2865 αὐτὸς
1290 2802 1550 2871 ὑπάρχων
1596 2799 1760 2866 Θεὸς,
1796 2802 1855 2855 ἐν
1893 2805 2010 2856 ἐστι

439 2892 579 2963 πρὸς
613 2893 706 2947 τόν
729 2895 978 2966 Πατέραο
1015 2897 1044 2949 6
1071 2894 1129 2948 δὲ
1148 2894 1388 2957 τοιοῦτος
1416 2893 1535 2957 πῶς
1569 2893 1636 2948 ἂν
1666 2893 1750 2965 εἴη
1784 2895 2010 2965 γενητὸς

437 2982 474 3054 ἢ
504 2984 897 3054 πεποιημένοςς

2112 1909 2195 1956 ret
2224 1919 2237 1953 :
2269 1918 2287 1951 ι
2324 1901 2434 1971 Ego
2464 1909 2518 1955 et
2550 1897 2710 1955 Pater
2739 1915 2907 1955 unum
2941 1916 3155 1965 sumus,
3190 1919 3207 1951 ι
3261 1915 3370 1955 non
3411 1913 3682 1969 cognove-

2111 1998 2242 2045 runt
2270 1991 2395 2059 quis
2423 2001 2570 2045 esset
2598 1991 2692 2061 qui
2736 1992 2841 2045 hoc
2869 1991 3100 2054 diceret,
3132 1990 3225 2046 sed
3260 1989 3314 2043 in
3335 2004 3555 2043 carnem
3586 2004 3680 2044 so-

2112 2080 2221 2133 lam
2252 2080 2620 2142 intendentes,
2662 2082 2897 2142 obruere
2928 2082 3210 2151 lapidibus
3237 2096 3362 2136 eum
3402 2080 3677 2144 volebant,

2112 2172 2472 2243 blasphemia:
2519 2173 2728 2228 crimen
2759 2175 3099 2243 alliugentes.
3138 2174 3292 2240 Quod
3334 2173 3478 2227 enim
3524 2172 3681 2226 dixe-

2112 2271 2199 2318 rat
2233 2281 2248 2317 :
2289 2282 2307 2316 ι
2348 2261 2463 2334 Ego
2492 2272 2546 2317 et
2579 2262 2745 2319 Pater
2774 2281 2942 2319 unum
2975 2280 3192 2327 smnus,
3242 2284 3261 2317 ι
3307 2266 3481 2329 aiunt,
3518 2261 3682 2331 Τείρ-

2112 2369 2235 2409 sum
2266 2352 2433 2409 Deum
2468 2355 2769 2410 secundum
2819 2363 3072 2410 naturam
3108 2355 3263 2418 facis,
3313 2355 3417 2409 hoc
3459 2352 3678 2423 quidem

2113 2444 2289 2501 solum
2322 2453 2471 2500 recte
2514 2446 2919 2501 existimantes.
2975 2444 3164 2515 Itaque
3220 2445 3401 2516 impiis
3459 2442 3681 2498 Arianis

2115 2536 2369 2590 meliores
2398 2543 2528 2591 Sunt
2556 2536 2765 2602 Judaei,
2799 2551 2924 2591 eum
2965 2539 3059 2608 qui
3091 2538 3318 2591 omnino
3367 2536 3551 2590 dicere
3583 2548 3682 2587 au-

2114 2642 2210 2681 sus
2263 2625 2463 2689 fuerat,
2513 2644 2532 2676 ι
2580 2626 2698 2696 Ego
2744 2634 2799 2681 et
2829 2626 2997 2682 Pater
3031 2642 3195 2681 nnmn
3241 2642 3455 2691 sumus,
3498 2644 3517 2677 ι
3558 2633 3681 2678 tan-

2114 2729 2279 2785 quam
2321 2729 2386 2769 ει
2422 2714 2732 2770 necessaria
2772 2714 2987 2769 ratione
3034 2714 3292 2784 deinceps
3343 2716 3408 2766 ad
3457 2713 3680 2768 deitatis

2115 2808 2336 2861 culmen
2399 2807 2703 2862 ascendere
2762 2806 3118 2862 afﬁrmantes.
3191 2805 3478 2871 Quomodo
3530 2804 3679 2860 enim

2115 2912 2285 2950 unmn
2317 2911 2441 2950 cum
2494 2906 2692 2952 natura
2736 2896 2847 2952 Deo
2884 2904 3050 2960 esset,
3086 2896 3178 2965 qui
3229 2911 3336 2950 non
3370 2896 3473 2950 hoc
3496 2896 3680 2964 ipsum

2112 2986 2374 3041 haberet?
2408 2987 2550 3053 Quia
2593 3003 2722 3043 vero
2766 3004 2876 3044 non
2920 2991 3206 3052 mentitur,
3252 2990 3438 3058 utique
3482 3000 3681 3041 secun-

437 3074 571 3130 dum
612 3085 862 3130 naturam
910 3077 1027 3146 ipse
1060 3074 1202 3131 Deus
1228 3076 1527 3140 exsistens.
1561 3090 1734 3132 unum
1795 3084 1880 3132 est
1910 3090 2034 3131 cum
2111 3078 2272 3137 Patre
2309 3101 2321 3137 :
2375 3083 2468 3152 qui
2513 3098 2641 3138 vero
2685 3081 2955 3154 ejusmodi
3009 3092 3116 3149 est,
3168 3083 3443 3153 quomodo
3499 3080 3678 3135 factus

437 3167 643 3225 fuerit?

520 3260 661 3331 Ἐγὼ
686 3257 827 3316 εἶπα
846 3277 862 3292 ’
907 3261 1043 3317 Θεοί
1068 3260 1231 3328 ἐστε,
1250 3261 1342 3316 καὶ
1368 3262 1437 3316 τὰ
1467 3262 1615 3332 ἑξῆς.

508 3352 622 3405 Νῦν
660 3351 900 3422 ἐλέγχων
922 3352 1048 3416 τοὺς
1086 3353 1392 3419 Ἰουδαίους,
1422 3355 1504 3407 ὅτι
1527 3354 1588 3408 οὐ
1614 3352 1702 3407 διὰ
1725 3353 1786 3407 τὸ
1814 3354 2009 3407 είπεϊνο

440 3463 464 3497 ε
501 3443 640 3512 Ἐγὼ
663 3444 759 3498 καὶ
779 3446 808 3498 6
834 3443 1022 3514 Πατὴρ
1049 3443 1107 3496 ἐν
1131 3446 1321 3515 ἐσμεν,
1365 3464 1384 3496 ι
1413 3444 1655 3509 ἐλίθαζον
1674 3443 1855 3506 αὐτὸν.
1877 3443 2012 3497 ἀλλὰ

437 3536 639 3607 μάτην,
674 3535 858 3605 φησίν·
888 3535 972 3600 El,
1003 3535 1232 3607 ἐπείπερ
1266 3530 1419 3588 εἷπον
1439 3536 1672 3606 ἐμαυτὸν
1692 3535 1842 3601 Θεὸν,
1869 3534 2012 3589 δοκῶ

434 3626 804 3697 βλασφημεῖν,
833 3626 977 3679 διατι
1004 3626 1099 3679 τοῦ
1134 3627 1349 3697 Πατρὸς
1373 3627 1659 3698 εἰρηκότος
1691 3627 1780 3681 διὰ
1800 3625 1894 3679 τοῦ
1926 3626 2013 3680 νό-

435 3733 539 3788 μου
567 3718 706 3787 πρὸς
740 3720 866 3781 τοὺς
895 3716 1235 3788 ἀνθρώπους,
1287 3718 1410 3772 Θεοί
1441 3722 1585 3784 ἐστε,
1616 3719 1716 3771 οῦκ
1761 3717 2011 3789 ἐκρίνατε

430 3806 592 3861 τοῦτο
629 3804 771 3862 εἶναι
798 3808 1178 3879 βλασφημίαν;
1211 3810 1380 3863 Τοῦτο
1401 3811 1456 3864 δέ
1475 3828 1663 3881 φησιν,
1696 3810 1815 3879 οὐχὶ
1843 3826 2011 3878 προσ-

431 3897 768 3968 καλούμενος
796 3900 988 3964 αὐτοὺς
1022 3904 1197 3954 είπεῖν
1226 3918 1279 3954 τι
1307 3896 1465 3954 κατά
1485 3901 1581 3954 τοῦ
1615 3902 1826 3973 Πατρός
1847 3918 1860 3932 ·
1895 3902 2009 3955 ἀλλ’

433 3991 673 4061 ἐλέγχων
700 3992 781 4045 ὅτι
801 3992 894 4045 τὸν
916 3993 1076 4063 νόμον
1096 3991 1352 4061 ἀγνοοῦσι
1374 3992 1470 4045 καὶ
1497 3991 1596 4055 τὰς
1622 3992 2011 4056 θεοπνεύστους

432 4081 680 4152 Γραφάς.
724 4082 943 4153 Ἐπειδὴ
980 4084 1037 4136 δέ
1084 4084 1196 4137 τῶν
1247 4084 1552 4155 εἰρημένων
1596 4083 1733 4157 θεῶν
1773 4085 1868 4136 καὶ
1916 4083 2009 4137 τοῦ

433 4168 598 4236 φύσει
630 4169 788 4235 Θεοῦ,
817 4171 954 4225 πολὺ
983 4171 1046 4225 τὸ
1071 4173 1269 4241 μέσον,
1298 4172 1365 4226 δι’
1393 4166 1468 4226 ὧν
1500 4173 1649 4241 λέγει
1679 4172 1921 4226 διδάσκει
1949 4172 2011 4226 τὸ

429 4258 689 4329 διάφορον
712 4277 726 4291 ·
783 4263 832 4314 εί
859 4261 967 4333 γὰρ
1015 4264 1066 4315 οί
1097 4263 1375 4335 ἄνθρωποι
1424 4264 1561 4335 πρὸς
1599 4263 1692 4328 οὒς
1730 4264 1955 4332 γέγονεν
1981 4264 2010 4317 6

432 4349 526 4404 τοῦ
549 4350 688 4404 Θεοῦ
725 4351 901 4422 λόγος,
941 4353 1056 4407 Osci.
1084 4355 1397 4426 κέκληνται,
1429 4355 1525 4408 καὶ
1549 4355 2009 4427 ἐλαμπρύνθησαν

429 4444 501 4513 τῇ
522 4443 627 4513 τῆς
655 4442 908 4514 θεότητος
927 4447 1083 4514 τιμῇ,
1117 4445 1209 4500 τὸν
1240 4444 1335 4499 τοῦ
1369 4445 1505 4499 Θεοῦ
1526 4446 1683 4514 λόγον
1713 4446 2008 4499 εἰσοικισά-

434 4550 588 4604 μενοι
616 4534 712 4587 καὶ
732 4534 1126 4606 είσδεδεγμένοι
1148 4536 1291 4591 κατὰ
1331 4537 1531 4608 ψυχὴν,
1560 4536 1676 4601 πῶς
1708 4537 1808 4590 οὐκ
1833 4536 1899 4589 ἂν
1922 4537 2006 4608 εἴη

2031 3267 2073 3324 C
2180 3262 2221 3316 Χ
2243 3301 2258 3326 ,
2289 3261 2377 3317 54.
2416 3259 2528 3331 Ego
2562 3261 2716 3315 dixi:
2750 3261 2836 3316 Dii
2869 3263 3030 3329 estis,
3052 3269 3107 3318 et
3136 3262 3363 3331 reliqua.

2184 3351 2340 3405 Nunc
2397 3352 2739 3421 redargueus
2790 3350 3044 3416 «Iudaeos,
3086 3352 3181 3422 qui
3223 3368 3332 3406 non
3389 3359 3678 3422 propterea

2111 3443 2259 3512 quod
2292 3445 2527 3500 dixisset
2552 3445 2612 3513 ιξι
2641 3443 2752 3514 Ego
2773 3453 2828 3499 et
2849 3443 3012 3500 Pater
3036 3460 3204 3498 unum
3233 3460 3426 3499 sumus
3446 3484 3460 3506 ,
3492 3464 3511 3496 ι
3544 3446 3680 3515 lapi-

2111 3533 2317 3588 dahant
2368 3549 2516 3596 eum,
2569 3532 2666 3588 sed
2711 3532 2942 3599 frustra,
3000 3534 3202 3603 inquit.
3247 3532 3305 3587 Si
3345 3534 3491 3588 enim
3531 3549 3674 3602 quo-

2111 3623 2260 3678 niam
2297 3624 2409 3678 dixi
2451 3625 2720 3695 meipsum
2757 3625 2929 3680 Deum
2957 3664 2973 3690 ,
3015 3624 3206 3680 videor
3261 3624 3674 3694 blasphemare,

2111 3730 2211 3771 cur
2253 3729 2379 3770 eum
2418 3714 2582 3769 Pater
2610 3716 2811 3771 dixerit
2845 3731 2941 3787 per
2969 3716 3138 3786 legem
3172 3716 3239 3770 ad
3265 3715 3520 3770 homines
3543 3756 3558 3781 ,
3592 3713 3674 3768 dii

2110 3806 2245 3860 estis
2264 3844 2279 3869 ,
2320 3821 2428 3859 non
2463 3805 2857 3876 blasphemiam
2886 3821 3010 3862 esse
3036 3805 3377 3875 iudicastis?
3404 3804 3519 3859 IIoc
3545 3819 3678 3858 vero

2110 3896 2248 3951 dicit
2296 3911 2404 3952 non
2448 3912 2580 3963 eos,
2631 3905 2692 3950 ut
2736 3896 2945 3967 aliquid
2977 3904 3173 3951 contra
3202 3893 3420 3950 Patrem
3454 3894 3675 3960 dicant,

2112 3989 2350 4044 incitans
2370 4029 2385 4053 ,
2421 3988 2515 4044 sed
2544 3997 2808 4059 tanquam
2840 3987 2976 4059 legis
3004 3997 3061 4043 et
3095 4002 3380 4045 sacrarum
3423 3986 3678 4056 Scriptu-

2110 4091 2296 4130 rarum
2346 4077 2567 4145 ignaros
2614 4079 2976 4133 convincens.
3032 4075 3495 4146 Quandoquidem
3545 4090 3679 4131 vero

2111 4166 2256 4219 inter
2284 4166 2467 4220 dictos
2497 4167 2630 4221 deos
2658 4174 2713 4221 et
2738 4165 2909 4222 Deum
2942 4176 3144 4220 natura
3178 4181 3440 4237 magnum
3471 4165 3679 4221 discri-

2112 4273 2233 4313 men
2261 4265 2367 4322 est,
2392 4256 2775 4322 diITerentiam,
2803 4272 2899 4326 per
2924 4258 3039 4310 hare
3059 4273 3182 4326 qum
3208 4258 3377 4319 dicit,
3398 4257 3676 4312 ostendit:

2110 4347 2157 4402 si
2191 4348 2336 4401 etnim
2372 4346 2625 4402 homines
2658 4347 2725 4401 ad
2757 4360 2899 4414 quos
2936 4361 3120 4401 sermo
3164 4346 3254 4401 Dei
3298 4346 3520 4401 habitus
3547 4356 3677 4411 est,

2108 4437 2183 4492 dii
2215 4438 2393 4492 vocati
2434 4444 2604 4501 sunt,
2645 4444 2700 4491 et
2740 4435 2970 4491 deitatis
3011 4436 3223 4491 honore
3258 4438 3539 4503 decorati,
3581 4435 3678 4492 Dei

2110 4531 2277 4584 verbo
2311 4530 2454 4584 intra
2495 4530 2738 4583 animam
2782 4536 3045 4598 recepto,
3090 4526 3369 4597 quomodo
3411 4543 3523 4583 non
3574 4529 3681 4584 erit

433 4622 595 4693 φύσει
615 4623 767 4688 Θεὸς,
798 4626 827 4678 6
863 4622 929 4677 δι’
961 4625 1020 4679 δν
1074 4627 1269 4679 ἐκεῖνοι
1330 4627 1480 4693 θεοί;
1520 4626 1655 4687 Θεὸς
1715 4627 1823 4698 γὰρ
1870 4622 1938 4696 ἦν
1977 4629 2006 4681 6

2112 4633 2305 4677 natura
2336 4621 2479 4677 Deus
2509 4621 2556 4676 is
2588 4636 2685 4690 per
2708 4635 2871 4690 quem
2905 4619 2987 4674 illi
3012 4619 3130 4674 dii?
3156 4638 3176 4671 ι
3207 4619 3352 4675 Deus
3380 4621 3527 4675 enim
3560 4627 3681 4674 erat

437 4713 625 4781 Λόγος,
658 4714 802 4768 κατὰ
815 4715 913 4787 τὴν
964 4716 1210 4771 Ἰωάννου
1242 4719 1431 4788 φωνήν
1455 4734 1469 4748 ⁸
1506 4718 1534 4770 6
1567 4718 1661 4771 καὶ
1690 4720 1803 4778 τοῖς
1825 4717 2003 4779 ἄλλοις

437 4802 592 4856 τοῦτο
634 4805 976 4876 προξενήσας
1019 4808 1083 4861 τὸ
1124 4806 1397 4879 λαμπρόν.
1439 4808 1501 4861 Et
1543 4808 1654 4880 γὰρ
1686 4811 1714 4862 6
1742 4808 1835 4863 τοῦ
1866 4808 2001 4861 Θεοῦ

432 4894 607 4963 Λόγος
629 4896 715 4950 διὰ
728 4898 825 4951 τοῦ
845 4896 1002 4964 ἁγίου
1029 4899 1347 4969 Πνεῦματος
1367 4900 1556 4968 ἀνάγει
1578 4900 1712 4971 πρὸς
1740 4901 1840 4971 τὴν
1862 4902 2003 4973 ὑπὲρ

429 4983 716 5056 ἄνθρωπον
747 4989 928 5059 χάριν,
958 4989 1051 5043 καὶ
1088 4992 1427 5059 κατακοσμεῖ
1458 4989 1611 5061 θεῖκῇ
1639 4994 1768 5062 τιμῇ
1790 4992 1915 5055 τοὺς
1947 4995 2005 5049 ἐν

426 5069 511 5139 οἷς
543 5075 611 5131 ἂν
638 5078 870 5146 γένοιτο,
903 5080 993 5133 διὰ
1010 5081 1084 5145 τί,
1104 5082 1262 5152 φησὶ.
1301 5082 1510 5151 λέγετε,
1544 5085 1626 5138 ὃτι
1678 5083 2000 5154 βλασφημῶ,

426 5166 603 5236 λέγων
625 5169 863 5239 ἐμαυτὸν
891 5170 1019 5223 Υίὸν
1045 5172 1180 5226 Θεοῦ
1236 5173 1330 5227 καὶ
1367 5173 1533 5239 Θεόν;
1570 5174 1786 5246 Καίπερ
1831 5174 1899 5227 δι’
1926 5168 2004 5227 ὧν

425 5257 805 5330 ἐνεχειρίσθην
862 5264 995 5335 παρ’
1044 5263 1210 5317 αὐτοῦ
1261 5266 1706 5336 μαρτυρούμενος
1750 5266 2002 5347 ὃτιΙΘεός

426 5350 545 5419 εἰμι
566 5349 746 5419 φύσει.
794 5352 1057 5421 Ἀιγιάσας
1090 5354 1197 5427 γάρ
1230 5373 1298 5426 με
1335 5356 1653 5411 ἀπέστειλεν
1676 5361 1756 5421 εἰς
1798 5357 1888 5411 τὸν
1911 5364 2004 5412 κός

428 5454 569 5509 σμον
594 5442 825 5513 Σωτῆρα
849 5443 946 5498 τοῦ
980 5444 1218 5516 κόσμου·
1275 5447 1413 5519 ὅπερ
1466 5448 1629 5519 μόνου
1675 5450 1795 5502 ἐστὶ
1839 5449 1999 5519 φύσει

423 5527 585 5593 Θεοῦ,
616 5531 679 5583 τὸ
705 5531 967 5588 δύνασθαι
987 5519 1271 5599 διασώζειν
1299 5538 1364 5591 ἐκ
1383 5538 1475 5592 τοῦ
1505 5538 1752 5594 διαϐόλου
1785 5540 1876 5596 καὶ
1901 5540 2001 5611 τῆς

498 5708 540 5739 ³⁸
576 5706 731 5766 Joan.
765 5729 801 5775 I,
839 5713 890 5775 I.

2113 4717 2381 4776 Verbum,
2411 4715 2615 4784 sjuxta
2662 4711 2932 4768 Joannem
2985 4712 3052 4778 “,
3092 4713 3187 4781 qui
3235 4720 3289 4767 et
3338 4713 3464 4767 aliis
3510 4713 3679 4781 hujus

2108 4807 2418 4876 splendoris
2441 4804 2771 4860 conciliator
2794 4818 2861 4859 ac
2898 4804 3152 4874 pararius
3189 4802 3310 4858 fuit.
3337 4802 3394 4857 Si
3416 4804 3561 4859 enim
3587 4802 3683 4860 Dei

2109 4899 2355 4954 Verbum
2385 4913 2482 4967 per
2509 4896 2772 4967 Spiritum
2807 4904 3059 4950 sanctum
3084 4896 3150 4950 ad
3177 4897 3410 4966 gratiam
3438 4896 3680 4953 hominis

2108 4987 2425 5043 conditione
2464 4984 2726 5054 majorem
2757 4984 2978 5049 evehit,
3012 4993 3067 5038 et
3107 4984 3317 5038 honore
3348 4982 3536 5038 divino
3581 4999 3679 5040 eos

2109 5080 2312 5151 quibus
2337 5079 2481 5134 inest
2552 5077 2838 5132 illustrat:
2885 5091 3191 5147 quorsum,
3238 5075 3450 5145 inquit,
3493 5075 3680 5131 dicitis

2108 5187 2197 5228 me
2250 5170 2661 5240 hlasphemare,
2720 5183 2847 5223 cum
2901 5168 3028 5223 dico
3082 5182 3167 5221 me
3215 5165 3417 5220 Filium
3478 5166 3571 5223 Dei
3623 5176 3680 5222 et

2110 5263 2318 5327 Deum,
2362 5261 2614 5331 quamvis
2643 5276 2706 5315 ex
2738 5261 2810 5316 iis
2841 5275 2965 5329 quae
2996 5259 3127 5313 mihi
3162 5259 3233 5314 ab
3265 5273 3334 5313 eo
3374 5259 3678 5316 commissa

2108 5362 2238 5409 sum
2269 5352 2404 5408 satis
2432 5351 2727 5406 testimonii
2744 5351 2958 5405 dederit
2985 5365 3072 5406 mc
3093 5365 3220 5407 esse
3238 5363 3435 5406 natura
3462 5349 3677 5407 Deum?

2107 5444 2210 5501 Ubi
2240 5445 2384 5500 enim
2416 5460 2502 5499 me
2534 5442 2902 5500 sanctificavit
2923 5481 2939 5507 ,
2974 5442 3124 5498 misit
3156 5443 3213 5498 in
3244 5441 3513 5498 mundum
3541 5440 3675 5496 Ser-

2108 5545 2352 5594 vatorcm
2380 5536 2605 5603 mundi,
2629 5534 2776 5609 quod
2806 5538 2971 5592 unius
2998 5544 3085 5592 est
3107 5543 3305 5593 natura
3338 5534 3472 5599 Dei,
3508 5545 3674 5603 posse
