4062 6208
371 296 438 352 27
1388 302 1444 358 S.
1476 301 1753 357 CYRIILI
1790 300 2260 356 ALEXANDRINI
2291 298 2608 355 ARCHIEP.
3533 299 3612 354 28

370 406 621 462 homines
651 421 678 460 ι
710 405 928 462 diabolo
955 418 1009 463 et
1040 421 1260 477 peccato
1287 420 1340 467 et
1373 414 1596 468 interitu
1626 403 1932 468 vindicare.

2042 413 2316 482 ἁμαρτίας
2349 412 2443 465 καὶ
2477 411 2576 480 τῆς
2633 410 2838 480 φθορᾶς
2887 411 3012 471 τοὺς
3061 407 3400 479 ἀνθρώπους.
3469 410 3608 464 Ἀλλ’

371 497 477 552 Sed
520 497 750 552 forsitan
785 515 908 552 cum
941 499 1127 555 divina
1175 503 1460 572 Scriptura
1507 505 1656 558 dicat
1698 520 1727 556 a
1774 503 1937 559 Patre

367 587 564 644 Filium
599 605 725 644 esse
769 590 1001 645 missum
1028 633 1043 658 ,
1089 594 1274 647 statim
1317 594 1612 649 haereticus
1639 594 1934 649 dictionem

367 679 422 731 in
453 679 540 733 sui
571 678 778 733 erroris
811 681 1069 747 pabulum
1095 683 1324 752 arripit,
1353 691 1407 738 et
1435 684 1658 738 omnino
1687 685 1938 739 dicturus

367 777 452 822 est
478 810 492 834 ,
520 786 620 825 vos
649 772 741 840 qui
785 771 982 830 Filium
1017 773 1179 830 Patre
1228 776 1495 830 minorem
1543 777 1728 832 dicere
1772 792 1938 831 recu-

369 861 547 926 satis,
582 863 858 932 quomodo
890 880 1001 918 non
1055 866 1249 921 videtis
1295 867 1363 920 ab
1414 882 1484 922 eo
1533 867 1761 922 missum
1809 876 1932 922 tan-

365 966 532 1019 quam
579 953 648 1006 ab
697 954 884 1024 aliquo
919 956 1127 1024 majore
1159 959 1325 1028 670
1357 973 1423 1012 ac
1457 960 1940 1028 superemineute?

366 1033 506 1098 Quid
557 1049 690 1105 ergo
732 1036 1015 1102 dicemus,
1055 1041 1160 1095 nisi
1211 1043 1360 1111 quod
1403 1044 1691 1099 missionis
1738 1060 1934 1100 nomen

367 1123 530 1176 modo
565 1132 617 1180 et
650 1127 951 1181 conditioni
1000 1129 1289 1186 inanitatis
1331 1136 1567 1186 maxime
1601 1137 1940 1189 conveniat?

363 1215 537 1269 Audis
569 1218 712 1271 enim
747 1227 798 1272 ul
838 1218 1046 1274 Paulus
1091 1223 1199 1275 ista
1246 1223 1354 1277 duo
1387 1224 1729 1294 coniungens
1757 1227 1936 1291 dicat,

365 1316 497 1360 tunc
529 1308 756 1362 missum
789 1325 817 1362 a
849 1309 1005 1365 Patre
1041 1312 1239 1366 Filium
1263 1355 1276 1377 ,
1304 1315 1525 1383 quando
1557 1314 1734 1370 factus
1761 1326 1844 1370 est
1872 1333 1934 1372 ex

365 1401 594 1456 muliere
615 1442 628 1465 ,
663 1413 715 1458 et
747 1403 852 1458 sub
883 1404 1054 1473 legem
1086 1404 1374 1458 nobiscum
1413 1407 1562 1459 venit
1599 1408 1662 1471 ”‘,
1698 1408 1827 1462 licet
1859 1409 1937 1464 le-

365 1493 601 1561 gislator
642 1495 919 1550 i-xsistens
944 1490 1018 1549 ὀι
1051 1494 1317 1550 Dominus
1364 1497 1426 1549 ’⁸.
1475 1497 1532 1549 Si
1571 1513 1702 1552 vero
1739 1500 1939 1554 intelli-

363 1595 526 1654 gatur
553 1594 714 1640 natus
744 1586 796 1638 iu
839 1586 980 1641 servi
1035 1586 1209 1639 l'ortna
1258 1585 1457 1647 Filius,
1488 1587 1686 1642 deinde
1726 1590 1940 1644 dicatur

362 1675 570 1731 missus
612 1691 640 1729 a
681 1678 880 1739 Patre,
933 1678 1144 1730 nullum
1192 1679 1420 1732 omnino
1454 1679 1580 1733 inde
1608 1681 1809 1750 accipit
1843 1681 1937 1736 de-

364 1766 684 1821 trimentunt
726 1807 740 1830 ,

364 1857 536 1926 gloria
569 1874 690 1928 par,
723 1859 985 1930 nullaque
1021 1877 1079 1914 re
1115 1876 1342 1932 prorsus
1367 1863 1726 1918 imminutus.
1761 1863 1936 1919 Voces

363 1947 633 2017 siquidem
679 1957 883 2003 nostra:
914 1950 958 2003 si
990 1950 1059 2005 de
1091 1949 1203 2004 Deo
1243 1951 1629 2016 enuntientur,
1659 1966 1766 2004 non
1801 1953 1936 2006 adeo

362 2047 679 2092 accuratum
709 2054 937 2092 examen
969 2039 1302 2104 admittunt,
1335 2054 1435 2094 nec
1461 2056 1554 2096 eas
1579 2041 1833 2109 accipere
1862 2047 1932 2094 ita

361 2137 579 2195 oportet
618 2135 676 2182 ut
705 2143 772 2183 ex
801 2139 987 2182 no<tra
1023 2129 1424 2186 consuetudine
1456 2139 1701 2194 sonant,
1737 2132 1831 2188 sed
1875 2140 1935 2186 ut

360 2219 561 2274 divina:
612 2236 993 2292 supremaque
1033 2233 1247 2278 natura:
1272 2225 1554 2279 convenit.
1579 2224 1721 2291 Quid
1751 2227 1894 2279 enim
1916 2264 1933 2288 ,

361 2310 406 2365 si
437 2310 677 2366 hominis
710 2312 893 2380 lingua
919 2330 1030 2367 non
1056 2315 1220 2370 habet
1246 2331 1409 2371 voces
1433 2317 1499 2370 ad
1523 2317 1932 2371 enarrationem

358 2401 558 2455 divina:
577 2402 761 2472 gloria:
776 2403 1028 2460 idoneas?
1047 2405 1230 2472 Quare
1247 2407 1548 2462 absurdqu
1572 2417 1679 2473 est,
1708 2417 1933 2478 propter

359 2493 617 2547 humana:
652 2495 850 2564 lingua:
880 2496 1253 2551 inﬁrmitatem
1281 2505 1336 2552 et
1368 2499 1630 2554 dictionis
1666 2500 1933 2570 jejuuita-

367 2591 477 2637 tem
537 2599 602 2638 ac
656 2587 932 2656 inopiam,
992 2603 1264 2657 supremre
1339 2590 1692 2656 cmlestisque
1746 2593 1934 2661 gloria:

355 2677 708 2731 eminentiam
759 2680 899 2734 lardi.
946 2679 1259 2734 Memineris
1299 2682 1616 2737 Salomonis
1653 2685 1930 2738 dicentis:

361 2788 380 2820 ι
406 2765 593 2822 Gloria
625 2768 835 2823 Domini
867 2771 1113 2826 occultat
1140 2787 1506 2826 scrmoucmu
1529 2773 1760 2828 Curiosc
1784 2775 1930 2828 enim

355 2858 696 2926 inquirentes
719 2859 935 2916 Domini
962 2863 1225 2931 gloriam,
1247 2863 1457 2918 similes
1479 2864 1592 2918 illis
1620 2879 1816 2918 sumus
1840 2865 1932 2935 qui

357 2953 540 3020 palmo
573 2953 770 3006 cmlum
801 2955 978 3008 metiri
1013 2954 1206 3010 volunt
1240 2957 1304 3009 ¹⁷.
1339 2955 1510 3026 Igitur
1539 2971 1661 3010 eum
1694 2956 1933 3010 humano

357 3057 508 3096 more
534 3043 744 3113 aliquid
771 3044 981 3100 dicitur
1009 3047 1075 3102 de
1123 3046 1232 3102 Deo
1255 3090 1268 3113 ,
1298 3048 1604 3117 accipiatur
1631 3056 1690 3102 ut
1721 3049 1786 3103 de
1817 3049 1928 3103 Deo

2041 505 2168 567 ῐσως
2189 505 2317 557 ὅταν
2347 506 2380 573 ὴ
2409 503 2526 554 θεία
2560 499 2748 572 Γραφὴ
2798 501 2951 570 λέγῃ,
2981 499 3129 570 παρὰ
3153 500 3245 552 τοῦ
3267 501 3478 572 Πατρὸς
3499 501 3608 555 ἁπ-

2039 594 2292 668 εστάλθαι
2325 594 2417 646 τὸν
2459 592 2607 658 Υίὸν,
2637 591 2797 654 εὐθὺς
2831 593 2858 645 ὁ
2880 591 3152 660 αἱρετικὸς
3183 590 3388 661 τροφὴν
3425 593 3489 661 τῇ
3529 590 3608 644 cl-

2037 688 2161 759 κεία
2195 686 2369 758 πλάνῃ
2415 688 2647 738 ποιεῖται
2674 684 2771 754 τὴν
2795 681 2956 746 λέξιν,
2995 683 3110 751 ὲρεῖ
3149 680 3204 734 δέ
3249 699 3351 734 που
3389 681 3607 745 πάντως

2037 780 2119 831 ὅτι
2145 779 2302 848 ὑμεῖς
2321 778 2370 829 of.
2391 773 2813 848 παραιτούμενοι
2847 772 3025 840 λέγειν
3067 771 3160 824 τὸν
3190 770 3318 823 Υίὺν
3350 769 3607 823 ἐλάττονα

2037 869 2130 923 τοῦ
2166 869 2399 938 Πατρδς,
2432 867 2548 930 πῶς
2573 869 2672 936 οὐχ
2703 866 2864 936 ὁρᾶτε
2893 865 3020 932 παρ’
3054 862 3218 918 αὐτοῦ
3254 861 3605 934 πεμπόμενον

2037 962 2112 1023 ὡς
2145 959 2295 1030 παρὰ
2326 957 2570 1028 μείζονος
2615 973 2759 1019 τινος
2796 956 2890 1010 καὶ
2930 954 3356 1024 ὑπερκειμέ,νου;
3402 954 3466 1006 Τί
3509 949 3602 1006 οὖν

2037 1049 2364 1121 ἐροῦμεν;ἢ
2411 1050 2493 1102 ὅτι
2549 1047 2610 1101 τὸ
2656 1047 2755 1117 τῆς
2789 1045 3090 1114 ἀποστολῆς
3136 1045 3326 1114 δνομα,
3373 1043 3607 1114 μάλιστα

2041 1144 2142 1213 μὲν
2180 1141 2381 1212 πρέπει
2430 1141 2543 1202 τοῖς
2583 1139 2682 1208 τῆς
2737 1137 3016 1200 κενώσεως
3063 1136 3314 1206 μέτροιςς
3364 1136 3604 1200 Ἀκούεις

2038 1233 2146 1304 γὰρ
2175 1234 2256 1286 ὅτι
2298 1233 2582 1284 συνάπτων
2617 1229 2644 1280 ὁ
2682 1227 2892 1290 Παῦλος
2933 1226 3237 1296 ἀμφότερα,
3289 1226 3408 1278 τότε
3442 1228 3604 1294 φησὶν

2040 1322 2376 1377 ἀπεστάλθαι
2405 1321 2552 1391 παρὰ
2579 1319 2672 1373 τοῦ
2702 1318 2910 1390 Πατρὸς
2939 1319 3030 1372 τὸν
3064 1319 3190 1371 Υίὺν
3211 1359 3225 1383 ,
3265 1319 3352 1370 ὅτε
3393 1319 3484 1370 καὶ
3513 1316 3604 1384 γέ-

2040 1430 2196 1483 γονεν
2221 1414 2285 1464 ὲκ
2313 1410 2572 1479 γυναικὸς
2600 1411 2696 1462 καὶ
2733 1409 2837 1461 ὑπὸ
2865 1409 3026 1478 νόμον
3069 1408 3144 1471 ὠς
3173 1408 3456 1477 ἄνθρωπος
3488 1405 3604 1476 μεθ’

2040 1503 2214 1574 ἡμῶν,
2245 1502 2422 1555 καίτοι
2447 1499 2746 1570 νομοθέτης
2773 1498 2850 1551 ὢν
2884 1500 2978 1552 καὶ
3009 1497 3233 1568 Κύριος.
3260 1498 3320 1549 Εἰ
3357 1497 3414 1550 δὲ
3438 1501 3610 1551 νοοῖτο

2038 1594 2275 1664 γεγονὼς
2309 1595 2366 1647 ὲν
2395 1596 2460 1663 τῇ
2497 1592 2683 1645 δούλου
2709 1593 2888 1661 μορφῇ
2911 1594 2938 1644 ὁ
2960 1591 3103 1654 Υἱὸς,
3137 1586 3253 1644 εἶτα
3279 1591 3602 1643 ἀποστέλλε-

2043 1686 2166 1738 σθαι
2207 1684 2417 1752 λέγοιτο
2443 1683 2590 1758 παρὰ
2616 1681 2708 1734 τοῦ
2733 1682 2964 1750 Πατρὸς,
2991 1681 3142 1734 οὐδὲν
3182 1681 3318 1745 ὅλως
3346 1681 3602 1750 ὑπομένει

803 1769 1164 1825 nihilominus
1222 1770 1271 1825 ei
1325 1771 1823 1827 consubstantialis
1881 1784 1933 1828 et

2036 1777 2095 1828 τὸ
2123 1775 2338 1844 βλάϐος,
2365 1776 2444 1838 είς
2487 1775 2546 1826 τὸ
2569 1769 2707 1826 εἶναι
2732 1774 2827 1826 καὶ
2849 1771 3131 1843 ὁμοούσιος
3158 1772 3304 1842 αὐτῷ
3357 1772 3446 1825 καί⁵
3496 1773 3614 1824 ἔσο-ς

2035 1868 2198 1936 κλεὴς
2235 1867 2329 1919 καὶ
2356 1865 2474 1918 κατ’
2502 1864 2651 1918 οὐδὲν
2692 1863 2827 1927 ὅλως
2871 1861 3366 1934 μειονεκτούμενος.
3403 1864 3466 1913 Ai
3495 1861 3602 1930 γάρ

2033 1975 2116 2010 τοι
2142 1957 2314 2020 λέξεις
2340 1957 2396 2009 αἱ
2429 1954 2556 2025 παρ’
2592 1954 2749 2024 ἡμῶν
2776 1957 2826 2008 εί
2871 1954 2999 2023 περὶ
3022 1952 3158 2006 Θεοῦ
3190 1951 3606 2022 προσφέροιντο,

2035 2051 2132 2121 τὴν
2158 2047 2357 2118 ἀκριϐῆ
2387 2046 2780 2117 παραιτοῦνται
2804 2045 3036 2115 βάσανον
3057 2061 3070 2074 ·
3107 2043 3211 2113 χρὴ
3235 2044 3291 2096 δὲ
3315 2041 3483 2104 αὑτὰς
3505 2042 3604 2111 οὐχ

2035 2142 2176 2194 οὕτω
2208 2141 2345 2192 νοεῖν
2392 2137 2532 2190 κατά
2567 2137 2666 2207 τὴν
2700 2139 2756 2190 ὲν
2801 2139 2932 2206 ἡμῖν
2964 2135 3248 2206 συνήθειαν
3291 2134 3450 2202 λέγω,
3487 2133 3614 2188 ἀλλ’·

2034 2232 2108 2296 ὡς
2143 2231 2207 2285 ἂν
2240 2231 2375 2300 αὐτῇ
2421 2227 2617 2297 πρέποι
2644 2231 2708 2298 τῇ
2737 2227 2857 2296 θείᾳ.
2899 2227 2989 2280 καὶ
3023 2227 3300 2297 ὑπερτάτη
3333 2225 3510 2292 φύσει.
3538 2225 3602 2278 Τί

2034 2325 2161 2395 γὰρ,
2182 2325 2228 2376 εί
2252 2322 2327 2391 μὴ
2357 2320 2469 2390 ἔχει
2487 2319 2670 2389 φωνὰς
2698 2321 2730 2389 ἡ
2757 2317 3043 2392 ἀνθρώπου
3071 2317 3282 2386 γλῶττα
3299 2316 3600 2386 δυναμένας

2033 2415 2262 2486 ἀρκέσαι
2296 2415 2360 2483 τῇ
2400 2411 2520 2483 θεία
2551 2409 2678 2482 δόξῃ
2725 2409 2862 2480 πρὸς
2906 2408 3200 2479 ὲξήγησιν;
3249 2407 3402 2460 Ἔστι
3425 2405 3602 2459 τοίνυν

2034 2509 2232 2562 ἄτοπον
2262 2505 2348 2559 διὰ
2371 2505 2469 2574 τὴν
2495 2503 2594 2573 τῆς
2645 2500 2990 2572 ἀνθρωπίνης
3048 2499 3292 2568 γλώττης
3323 2498 3605 2551 ἀσθένειαν

2019 2601 2128 2653 καὶ
2161 2599 2258 2667 τὴν
2289 2600 2346 2650 ὲν
2368 2595 2508 2659 λέξει
2539 2593 2831 2662 πτωχείαν,
2859 2592 2956 2659 τῆς
2992 2591 3250 2644 ἀνωτάτω
3287 2590 3476 2642 πασῶν
3507 2589 3606 2640 δός

2035 2689 2131 2757 ξης
2155 2683 2452 2740 ἀδικεῖσθαι
2483 2682 2580 2752 τὴν
2606 2681 2899 2749 ὑπεροχήν.
2925 2678 3186 2746 Μέμνησο
3211 2676 3304 2728 τοῦ
3329 2675 3604 2742 Σολομῶν⁸

2031 2797 2121 2841 τος
2145 2777 2392 2845 λέγοντος
2414 2791 2428 2804 ·
2467 2792 2485 2824 ι
2525 2772 2660 2838 Δόξα
2682 2771 2888 2840 Κυρίου
2925 2767 3155 2837 κρύπτει
3181 2767 3358 2834 λόγον.
3394 2785 3412 2817 ι
3439 2767 3602 2836 Περι-

2035 2868 2385 2942 εργαζὸμενοι
2426 2863 2535 2934 γὰρ
2591 2860 2834 2933 ἀκριϐῶς
2890 2860 2987 2926 τὴν
3038 2859 3132 2912 τοῦ
3171 2857 3378 2928 Κυρίου
3422 2855 3598 2922 δόξαν,

2034 2961 2288 3028 ἐοίκαμεν
2317 2958 2428 3019 τοῖς
2451 2955 2690 3008 ἐθέλουσι
2721 2951 2966 3021 σπιθαμῇ
3017 2948 3280 3019 μετρῆσαι
3320 2948 3412 3003 τὸν
3435 2948 3601 3019 ούρα-

2034 3053 2142 3106 νόν.
2179 3048 2388 3104 Ούκοῦν
2420 3049 2548 3101 ὅταν
2575 3043 2926 3114 ἀνθρωπίνων
2961 3059 3013 3094 τι
3039 3041 3263 3110 λέγηται
3292 3057 3356 3093 πε
3365 3041 3419 3110 ρ).
3445 3040 3600 3106 Θεοῦ,

353 3135 628 3187 convenit.
651 3133 790 3200 Quid
815 3135 961 3190 enim
989 3152 1118 3207 agas
1142 3153 1267 3192 eum
1292 3139 1484 3193 audias
1506 3129 1794 3193 canentem
1823 3138 1927 3191 Da-

2036 3142 2258 3198 νοείσθω
2281 3137 2618 3209 θεοπρεπῶς.
2659 3137 2814 3190 Ἐπεί
2843 3136 2896 3187 τί
2927 3135 3170 3204 ποιήσεις
3208 3133 3335 3185 ὅταν
3367 3131 3603 3204 ἀκούσῃς

354 3225 570 3281 videm:
600 3245 616 3276 ι
643 3225 747 3292 Qui
779 3227 940 3284 sedes
971 3243 1138 3298 super
1158 3228 1475 3294 Cherubim,
1503 3245 1728 3299 apparc,
1755 3231 1934 3284 excita

355 3324 678 3386 potestatem
721 3326 896 3382 tuam,
924 3330 978 3373 ct
1021 3321 1142 3374 veni
1187 3320 1254 3374 ad
1296 3320 1624 3374 servandum
1669 3335 1770 3374 uos
1816 3323 1882 3373 ¹⁸.
1910 3342 1928 3372 ι

355 3408 644 3474 Quomodo
668 3411 812 3465 enim
845 3411 995 3466 sedet
1022 3410 1167 3480 quod
1193 3419 1276 3464 est
1300 3413 1728 3480 lncorporeum?
1755 3411 1816 3464 Et
1843 3411 1930 3463 ubi

356 3509 441 3554 est
469 3501 712 3555 universi
748 3500 896 3554 Deus
921 3540 934 3562 ,
968 3517 1134 3570 quem
1167 3510 1228 3554 ut
1256 3502 1444 3555 veniat
1472 3503 1536 3554 ad
1566 3517 1668 3556 nos
1700 3503 1929 3566 invitat,

357 3589 630 3646 dicentem
656 3591 861 3660 alioqui
892 3607 986 3660 per
1014 3593 1365 3660 prophetam:
1392 3611 1410 3643 ι
1434 3589 1692 3661 Nunquid
1730 3592 1930 3646 caelum

358 3690 413 3736 et
436 3691 637 3737 terram
670 3699 771 3752 ego
800 3684 1020 3753 impleo,
1048 3685 1186 3738 dicit
1217 3683 1485 3741 Dominus
1506 3687 1546 3718 "
1566 3686 1617 3738 ί»
1637 3683 1932 3750 Quomodo

361 3775 531 3845 igitur
586 3777 769 3828 veniat
815 3776 879 3827 ad
930 3790 1033 3829 nos
1083 3776 1177 3844 qui
1214 3778 1398 3830 omnia
1453 3777 1686 3846 implet?
1717 3775 1932 3832 Rursus

359 3869 627 3936 scriptum
683 3876 766 3921 est
818 3867 1014 3920 turrim
1061 3868 1116 3921 itt
1165 3869 1366 3922 cmlum
1415 3865 1791 3936 magnitudine
1836 3881 1930 3920 as-

361 3966 670 4025 surgentem
695 3956 962 4023 quosdatu
988 3951 1260 4012 rediiicare
1287 3972 1599 4027 aggressos;
1627 3967 1678 4012 et
1703 3958 1930 4013 descen-

361 4047 437 4100 dit
480 4048 743 4102 Dominus
785 4055 843 4100 ut
877 4048 1087 4104 videret
1122 4051 1311 4104 urbem
1350 4058 1404 4104 et
1440 4051 1635 4104 turrim
1659 4089 1674 4114 ,
1707 4058 1761 4104 et
1796 4050 1932 4103 dixit

363 4137 657 4191 Dominus:
679 4139 976 4208 «Agedum,
997 4140 1397 4197 descendentes
1422 4141 1699 4196 conlauda
1711 4158 1830 4194 mus
1847 4157 1932 4196 eo-

368 4245 488 4283 rum
531 4230 747 4300 linguas
791 4233 940 4287 illico
979 4235 1044 4286 ³ο.
1078 4253 1095 4286 ι
1127 4234 1413 4300 Quomodo
1435 4233 1720 4289 descendit
1743 4232 1930 4286 Domi-

361 4336 495 4386 nus,
524 4323 608 4376 vel
642 4338 748 4392 qua
795 4326 1010 4380 ratione
1056 4335 1245 4380 sancta
1287 4325 1536 4378 Trinitas
1589 4325 1828 4392 seipsam
1863 4324 1929 4376 ad

358 4415 687 4469 descensum
721 4417 1020 4470 hortatur?
1047 4415 1187 4481 Quid
1214 4430 1374 4477 vero,
1403 4414 1490 4467 dic
1522 4415 1654 4466 mihi
1680 4453 1692 4475 ,
1723 4423 1776 4467 et
1813 4414 1932 4482 ipse

2035 3230 2326 3300 ψάλλοντος
2354 3227 2445 3280 τοῦ
2472 3225 2635 3279 Δαϐίδ
2653 3241 2668 3256 ο
2695 3243 2713 3276 ι
2753 3224 2812 3278 '0
2831 3223 3137 3294 καθήμενος
3157 3223 3249 3274 ἐπὶ
3270 3220 3376 3273 τῶν
3400 3223 3602 3292 Χερου-
3626 3220 3634 3228 ’

2035 3322 2170 3390 ϐὶμ,
2215 3317 2512 3388 ὲμφάνηθι,
2549 3315 2823 3385 ὲξέγειρον
2859 3315 2958 3384 τὴν
2993 3312 3309 3366 δυναστείαν
3341 3329 3469 3375 σου,
3511 3312 3606 3365 καὶ

2035 3411 2156 3464 ἐλθὲ
2181 3413 2262 3473 είς
2291 3410 2352 3463 τδ
2379 3392 2548 3462 σῶσαι
2577 3409 2754 3479 ήμᾶςς
2785 3425 2804 3458 ι
2839 3406 2964 3468 Πῶς
2990 3406 3098 3474 γὰρ
3131 3405 3360 3473 κάθηται
3381 3404 3442 3456 τδ
3463 3403 3602 3456 ἀσώ-

2037 3520 2239 3574 ματον;
2271 3501 2382 3555 Ποῦ
2407 3501 2464 3554 δὲ
2491 3501 2617 3554 ὅντα
2637 3499 2745 3553 τῶν
2767 3499 2904 3552 ὅλων
2924 3497 3056 3551 Θεὸν
3081 3497 3215 3567 πρὸς
3246 3497 3392 3565 ἡμᾶς
3414 3492 3603 3562 ἀφικέο

2036 3597 2158 3650 σθαι
2210 3593 2517 3666 παρακαλεῖ
2562 3592 2654 3645 τὸν
2705 3587 3071 3666 λέγονταβά
3120 3585 3227 3639 τῶν
3277 3583 3599 3655 προψητῶν·

2039 3709 2057 3739 ι
2081 3687 2171 3758 Μὴ
2198 3688 2318 3758 οὐχὶ
2345 3686 2434 3738 τὸν
2455 3683 2679 3755 ούρανὸν
2696 3682 2790 3734 καὶ
2820 3681 2917 3750 τὴν
2942 3679 3048 3746 γῆν
3068 3674 3176 3742 ἐγὼ
3207 3675 3396 3744 πληρῶ
3417 3691 3430 3738 ;
3458 3673 3604 3741 λέγει

2033 3779 2259 3851 Κύριος.
2300 3776 2410 3831 Ποῦ
2433 3777 2612 3828 τοίνυν
2648 3774 2714 3827 ἂν
2743 3771 2871 3842 ἔλθῃ
2894 3769 3030 3840 πρὸς
3056 3768 3201 3836 ἡμᾶς
3222 3767 3248 3819 ὁ
3275 3766 3447 3818 πάντα
3469 3762 3605 3832 πλη-

2035 3871 2178 3943 ρῶν;
2233 3869 2398 3922 Πάλιν
2449 3852 2811 3936 γέγραπται,
2860 3861 2942 3914 ὃτι
2995 3857 3202 3928 πύργον
3253 3853 3605 3924 οὐρανομήκη

2033 3957 2430 4021 κατεσκεύαζόν
2475 3973 2640 4017 τινες.
2697 3952 2808 4006 Καὶ
2833 3949 3037 4015 κατέϐη
3095 3946 3298 4016 Κύριος
3353 3944 3475 3997 ἰδεῖν
3507 3944 3604 4014 τὴν

2034 4053 2186 4105 πόλιν
2208 4051 2301 4104 καὶ
2327 4049 2414 4102 τὸν
2435 4047 2643 4118 πύργον
2663 4061 2676 4075 ·
2709 4045 2801 4097 καὶ
2825 4038 2945 4095 εἶπε
2974 4039 3206 4110 Κύριος·
3251 4056 3270 4088 ι
3300 4035 3462 4088 Δεῦτε
3513 4035 3606 4087 καὶ

2032 4141 2366 4202 καταϐάντες
2420 4138 2736 4206 συγχέωμεν
2786 4132 2967 4187 αὐτῶν
2999 4131 3098 4194 τὰς
3125 4128 3375 4197 γλώσσας
3401 4128 3534 4179 ἐκεῖ.
3580 4145 3598 4176 ι

2033 4233 2140 4286 Ποῦ
2169 4230 2371 4300 κατέϐη
2424 4230 2658 4300 Κύριος;
2704 4227 2887 4298 ἢτίνα
2940 4223 3196 4294 τρόπονή
3258 4219 3387 4286 ἁγία
3437 4217 3604 4286 Τριὰς

2033 4322 2229 4394 ἑαυτὴν
2252 4323 2332 4384 εἰς
2360 4321 2583 4375 κάθοδον
2613 4317 2972 4389 παροτρύνει;
3005 4315 3068 4367 Τί
3095 4313 3173 4377 δὲ,
3215 4309 3336 4363 είπέ
3365 4327 3475 4379 μοι,
3510 4307 3600 4360 καὶ

2035 4414 2194 4476 αὐτὸς
2223 4414 2250 4466 ὁ
2284 4412 2473 4481 Πατὴρ
2495 4411 2732 4479 πέμπειν
2767 4410 2898 4478 ἡμῖν
2931 4405 2991 4470 ἐξ
3024 4403 3254 4474 ούρανοῦ
3290 4401 3382 4454 τὸν
3417 4399 3602 4467 Παρὰ-

359 4505 524 4560 Pater
553 4507 853 4560 missurum
889 4521 947 4560 se
983 4507 1144 4560 nobis
1180 4521 1210 4560 e
1244 4505 1386 4556 etnlo
1418 4501 1760 4556 Paraeletum
1805 4518 1931 4572 pro-

2036 4505 2228 4574 κλητον
2253 4501 2642 4572 ἐπηγγέλλετο;
2685 4499 2795 4552 Ποῦ
2819 4498 2924 4568 γὰρ
2953 4497 2986 4567 ἢ
3017 4494 3179 4548 πόθεν
3215 4492 3488 4562 πέμπεται
3541 4487 3603 4540 τὸ

362 4599 560 4653 misit?
593 4596 692 4652 Ubi
730 4597 878 4651 enim
913 4597 994 4650 vel
1032 4595 1180 4650 unde
1214 4595 1455 4648 mittitur
1494 4594 1594 4647 hoc
1625 4593 1774 4661 quod
1810 4609 1929 4647 om-

361 4690 453 4744 nia
483 4689 710 4758 implet?
737 4707 755 4740 ι
789 4686 1032 4758 Spiritus
1060 4688 1204 4741 enim
1234 4685 1446 4740 Domini
1476 4682 1708 4753 replevit
1740 4683 1930 4742 orbem

360 4787 630 4834 terrarum
675 4780 753 4843 ",
787 4798 807 4830 ι
843 4787 902 4832 ut
935 4777 1204 4847 scriptum
1243 4783 1350 4829 est.
1395 4773 1562 4843 Igitur
1597 4789 1758 4827 voces
1809 4785 1934 4841 quae

361 4869 662 4924 secundum
691 4884 793 4923 nos
826 4877 982 4930 sunt,
1010 4865 1322 4936 signiﬁcant
1366 4879 1430 4918 ea
1480 4878 1601 4930 qua:
1639 4878 1803 4933 supra
1835 4879 1936 4919 nos

362 4968 528 5024 sunt,
561 4961 608 5016 si
651 4961 719 5015 de
769 4958 879 5013 Deo
912 4957 1185 5012 dicantur.
1247 4954 1343 5010 Vis
1387 4953 1676 5023 concipere
1727 4954 1936 5024 aliquid

363 5065 549 5106 rerum
582 5049 852 5120 ejusmodi
893 5048 1217 5112 dillicilium,
1271 5045 1471 5100 deinde
1520 5045 1618 5099 tibi
1669 5041 1732 5098 ad
1782 5060 1937 5099 eom-

363 5142 786 5212 prebensionetn
809 5141 1032 5194 animus
1053 5137 1364 5192 imbecillus
1382 5146 1488 5200 est,
1508 5135 1668 5206 idque
1691 5143 1804 5191 tute
1823 5136 1939 5206 ipse

365 5232 580 5287 sentis?
608 5232 681 5286 Ne
715 5233 903 5302 iniquo
930 5232 1118 5283 animo
1154 5229 1319 5295 feras,
1348 5245 1382 5284 ο
1418 5229 1582 5282 homo
1604 5268 1618 5290 ,
1655 5227 1824 5284 fatere
1857 5227 1934 5280 tui

363 5320 538 5390 ipsius
579 5328 790 5374 natura:
825 5319 1199 5373 inﬁrmitatem
1233 5359 1247 5383 ,
1291 5318 1611 5372 memineris
1649 5317 1889 5372 dicentis
1919 5335 1932 5369 :

371 5431 390 5462 ε
420 5411 670 5466 Fortiora
700 5411 861 5482 671
901 5419 952 5465 te
980 5425 1049 5464 ne
1075 5425 1290 5478 quaeras
1322 5410 1369 5441 ¹²
1395 5424 1408 5460 ;
1442 5427 1461 5458 ι
1487 5423 1611 5462 cum
1653 5408 1707 5460 in
1744 5408 1933 5461 orbem

363 5503 504 5562 solis
531 5501 754 5556 oculum
783 5499 1032 5570 corporis
1060 5497 1366 5552 intenderis
1387 5535 1402 5562 ,
1429 5497 1612 5549 statim
1647 5495 1933 5557 averteris.

2040 4596 2216 4648 πάντα
2251 4592 2518 4664 πληροῦν;
2559 4610 2577 4642 ‹
2612 4589 2836 4659 Πνεῦμα
2862 4589 2969 4656 γὰρ
3020 4586 3226 4654 Κυρίου
3276 4581 3602 4648 πεπλήρωκε

2037 4684 2135 4754 τὴν
2160 4683 2503 4752 οἰκουμένην,
2538 4699 2555 4730 ι
2612 4678 2754 4732 καθᾶ
2818 4677 3145 4746 γέγραπται.
3189 4668 3395 4754 Ούκοῦν
3433 4669 3488 4720 αἱ
3517 4666 3606 4718 λέ·-

2039 4774 2150 4841 ξεις
2184 4773 2239 4824 αἱ
2273 4770 2393 4824 καθ’
2443 4771 2613 4840 ἡμᾶς,
2648 4767 2716 4821 τὰ
2755 4767 2894 4836 ὑπὲρ
2928 4766 3072 4834 ἡμᾶς
3122 4760 3502 4830 σημαίνουσιν,
3556 4757 3605 4808 εί

2039 4865 2131 4917 ἐπὶ
2152 4861 2285 4916 Θεοῦ
2316 4861 2576 4930 λέγοιντο.
2604 4859 2788 4912 Βούλει
2821 4875 2873 4910 τι
2895 4859 3083 4926 νοῆσαι
3111 4853 3218 4906 τῶν
3256 4852 3398 4906 οὓτω
3420 4851 3606 4920 δυσχε-

2040 4952 2168 5024 ρῶν,
2193 4947 2309 5005 είτὰ
2347 4967 2430 5003 σοι
2459 4949 2594 5020 πρὸς
2626 4943 2934 5014 κατάληψιν
2976 4944 3004 4994 ὁ
3036 4939 3160 5001 νοῦς
3205 4937 3423 4992 ἀσθενεῖ
3449 4973 3464 4996 ,
3512 4932 3607 4986 καὶ

2035 5042 2195 5096 τοῦτο
2248 5039 2458 5101 παθὼν,
2505 5038 2765 5109 αἰσθάνῃ;
2806 5034 2896 5104 Μὴ
2947 5031 3277 5103 χαλεπήνῃς,
3330 5025 3604 5095 ἄνθρωπε,

2028 5134 2285 5206 ὡμολόγει
2306 5133 2404 5202 τῆς
2433 5129 2598 5184 αὑτοῦ
2631 5128 2842 5198 φύσεως
2876 5125 2974 5195 τὴν
3005 5121 3285 5195 ἀσθένειαν
3306 5157 3320 5180 ,
3364 5115 3608 5206 μέμνησο

2037 5224 2130 5278 τοῦ
2169 5224 2418 5292 λέγοντος
2441 5237 2454 5250 ο
2503 5239 2520 5269 ι
2558 5216 2900 5287 Ἰσχυρότερά
2933 5231 3024 5266 σου
3083 5213 3156 5281 μὴ
3195 5209 3377 5278 ζήτει·
3418 5225 3436 5254 ι
3478 5205 3608 5292 ὅταν

2041 5317 2120 5378 εἰς
2153 5316 2241 5368 τὸν
2270 5312 2360 5366 τοῦ
2400 5311 2550 5381 ἡλίου
2574 5308 2769 5362 κύκλον
2811 5308 2902 5360 τὸν
2934 5303 3028 5358 τοῦ
3062 5302 3310 5371 σώματος
3331 5290 3608 5363 ὀφθαλμὸν

2042 5407 2347 5476 ἀνατείνῃς,
2392 5404 2552 5467 εὐθὺς
2586 5401 2966 5472 ἀποστρέφεις,
3017 5399 3083 5466 τῇ
3112 5393 3204 5446 τοῦ
3235 5388 3410 5459 φωτὸς
3439 5399 3609 5476 προσ-

2042 5498 2170 5567 ϐολῇ
2202 5472 2522 5564 νικώμενος.
2567 5492 2761 5547 Ὶστέον
2782 5491 2845 5562 δὴ
2872 5485 2962 5544 οῦν
2991 5489 3072 5542 ὅτι
3111 5483 3203 5538 καὶ
3229 5483 3264 5551 ἡ
3291 5476 3411 5532 θεία
3447 5472 3613 5544 φύσις

442 5617 484 5646 ¹⁵
515 5612 691 5668 Galat.
726 5628 800 5679 tv,
835 5613 890 5668 4.
968 5613 1011 5645 ¹⁸
1039 5611 1155 5666 Jac.
1189 5627 1262 5675 tv,
1293 5611 1376 5663 19..
1455 5611 1506 5679 ⁸⁷,
1525 5607 1685 5661 Prov.
1717 5623 1844 5679 ξεν,
1869 5608 1920 5662 9..
2004 5610 2046 5643 ’⁸
2070 5607 2216 5665 Psal.
2253 5621 2439 5671 ωιτη,
2466 5605 2530 5671 ’5;
2567 5604 2668 5662 lsa.
2701 5617 2907 5668 xxxvii,
2938 5599 3020 5656 16.
3100 5597 3140 5629 ¹⁹
3175 5593 3377 5651 Jcrcm-
3405 5599 3485 5652 111,
3514 5583 3603 5639 2‘-

356 5686 418 5748 ,³⁸
461 5685 692 5752 ticum,
721 5675 797 5738 7.’
853 5684 892 5716 ¹¹
934 5681 1062 5750 Sap.
1098 5698 1143 5749 ι,
1173 5680 1226 5735 7.
1302 5679 1345 5765 ξ’
1387 5678 1555 5734 Ecrli.
1586 5693 1678 5743 tu,
1710 5675 1799 5730 2:2.
