4062 6208
319 292 395 348 ID
718 366 721 369 ν
1165 288 1232 345 IN
1269 290 1618 347 JO.‘.~NNEM.
1655 292 1875 349 —LIB.
1919 294 2009 348 Vll
2042 294 2131 348 ET
2175 292 2288 349 ι’ίιι
2332 294 2780 352 FRAGMENTA.
3502 303 3572 359 50

321 413 439 483 φῶς
466 411 758 483 ἀπρόσιτον
783 410 953 464 οίκεῖ’
981 409 1275 480 ἀπρόσιτον
1307 409 1363 463 δὲ
1397 413 1518 474 ταῖς
1544 409 1650 464 τῶν
1676 428 1898 483 περιερ-

2011 413 2365 482 ejaculatioue
2400 413 2604 469 lumine
2639 414 2970 485 perstrictus
3014 414 3321 486 victusque.
3386 418 3578 477 Scien-

318 502 639 575 γαζομένων
659 501 937 565 διανοίαις.
964 501 1083 572 Χρὴ
1104 500 1301 564 τοίνυν,
1339 501 1467 554 ὅταν
1500 501 1592 558 καὶ
1624 502 1899 573 ἀνθρωπί-

318 612 439 659 ναις
467 596 673 665 φωναῖς
697 592 924 663 λαλῆται
942 591 1009 645 τά
1048 593 1176 663 περὶ
1202 592 1359 655 Θεοῦ,
1405 592 1569 662 μηδὲν
1592 593 1899 662 λογίζεσθαι

318 684 599 748 ταπεινὸν,
625 682 740 737 ἀλλ’
770 683 830 735 ὲν
853 684 919 754 τῇ
954 683 1199 754 πτωχείᾳ
1223 683 1332 736 τῶν
1354 683 1477 736 καθ’
1501 684 1650 752 ἡμᾶς
1676 684 1896 751 λέξεων,

319 774 410 828 τὸν
447 773 549 843 τῆς
577 771 735 835 θείας
756 771 911 842 δόξης
942 770 1402 843 κατοπτρίζεσθαι
1440 771 1685 825 πλοῦτον.
1708 772 1772 824 Τί
1793 772 1900 844 γάρ

320 869 368 920 si
409 863 798 919 ἀποστέλλεται
829 861 982 934 παρὰ
1008 862 1102 915 τοῦ
1134 862 1344 932 Πατρὺς
1373 865 1402 918 6
1446 862 1575 925 Υἱός
1601 880 1615 926 ;
1644 858 1789 932 'Apa
1814 862 1902 916 διά

317 956 480 1011 τοῦτο
530 955 771 1009 ἐλάττων
816 953 1004 1019 ἔστ-αις
1052 953 1261 1008 Οὐκοῦν
1291 956 1419 1008 ὅταν
1451 957 1515 1008 ἐκ
1544 954 1639 1007 τοῦ
1675 954 1901 1026 ἡλιακοῦ

317 1048 578 1118 σώματος
605 1046 668 1100 τὸ
694 1046 754 1111 ἐξ
794 1046 958 1100 αὐτοῦ
988 1047 1275 1118 πέμπηται
1306 1047 1442 1117 φῶς,
1468 1047 1755 1120 ἑτεροφυᾶ
1786 1049 1902 1101 ἐστι

316 1140 453 1209 παρ’
484 1138 639 1203 αὐτὸ,
673 1138 768 1192 καὶ
795 1140 855 1192 ὲν
879 1137 1126 1192 ἐλάττοσι
1155 1139 1287 1209 παρ’
1323 1139 1518 1206 ain-0'3;
1562 1142 1752 1194 Καίτοι
1787 1141 1903 1205 πῶς

317 1230 482 1284 τοῦτο
512 1232 606 1284 καὶ
652 1231 812 1301 μόνον
859 1232 1157 1303 ἐννοῆσαι,
1207 1234 1307 1286 οὐκ
1364 1233 1757 1305 ἀμαθές;Φῶς
1807 1232 1902 1288 οὖν

327 1323 587 1394 ὑπάρχων
619 1325 713 1377 τοῦ
742 1324 955 1395 Πατρδς
984 1326 1013 1377 6
1036 1325 1183 1388 Υἱὸς,
1224 1325 1500 1396 πέμπεται
1557 1326 1686 1398 πρὸς
1730 1328 1900 1397 ἡμᾶς,

325 1414 402 1476 ὡς
427 1413 579 1483 ἡλίου
603 1412 765 1482 τυχὸν
797 1413 970 1482 αὐγὴν
1004 1412 1481 1482 άπαστράψαντος.
1515 1416 1579 1466 '0
1604 1413 1667 1484 δὴ
1702 1414 1794 1491 καὶ
1819 1432 1905 1482 γε·

329 1504 517 1558 νέσθαι
544 1502 846 1574 παρεκάλεὶ
868 1502 1041 1570 λέγων
1073 1504 1103 1556 6
1130 1502 1293 1555 Δα6ίδ
1313 1518 1324 1531 ·
1356 1522 1375 1554 ι
1410 1503 1822 1568 Ἐξαπόστειλον
1844 1504 1904 1558 τὸ

331 1594 449 1663 φῶς
485 1610 576 1646 σου
606 1594 702 1646 καὶ
735 1592 833 1663 τὴν
855 1592 1113 1663 ἀλήθειάν
1133 1609 1248 1646 σου.
1282 1611 1300 1643 ι
1329 1594 1438 1646 Καὶ
1460 1594 1509 1646 εί
1531 1593 1659 1658 δόξα
1689 1594 1807 1647 ἐστὶ
1828 1594 1904 1665 τῷ

330 1683 528 1754 Πατρὶ,
558 1683 620 1735 τὸ
654 1682 769 1752 φῶς
798 1682 962 1751 ἔχειν,
993 1683 1109 1745 πῶς
1136 1682 1379 1748 ἔλαττον,
1408 1683 1594 1755 φησιν,
1636 1684 1801 1739 αὐτοῦ
1840 1686 1901 1740 τὸ

2000 502 2131 556 dum
2164 519 2383 573 quoque
2430 512 2682 557 naturam
2714 503 2957 557 divinam
2995 502 3246 560 habitare
3277 507 3331 562 in
3370 510 3577 567 lumine

2002 596 2290 650 inaccesso
2311 634 2324 656 ,
2359 602 2414 650 et
2446 595 2666 663 quidem
2706 596 2993 651 inaccesso
3026 596 3377 653 curiosorum
3417 617 3574 656 tuen-

2001 683 2372 751 tibus.Q:tare
2394 693 2636 753 oportet,
2672 684 2770 737 'ubi
2803 684 2870 737 dc
2903 682 3012 738 Deo
3050 686 3311 741 humanis
3342 689 3573 744 vocibus

2001 793 2183 832 Sermo
2238 778 2363 836 ﬁet,
2419 776 2555 829 nihil
2591 774 2866 846 alijectum
2903 785 2997 830 aut
3033 776 3237 833 lnnnile
3295 780 3574 849 cngitare.

2002 863 2097 919 sed
2144 865 2197 918 in
2252 873 2578 935 paupertate
2626 880 2690 920 ac
2742 866 3101 922 mendicitate
3148 877 3350 923 nostra:
3383 870 3578 923 dictio-

2002 956 2089 1011 nis
2110 997 2123 1021 ,
2157 955 2357 1010 divinae
2385 957 2577 1026 gloria:
2608 965 2867 1025 tanquam
2909 958 2962 1010 in
2995 958 3223 1027 speculo
3255 960 3458 1014 intueri
3492 960 3578 1013 di-

2003 1050 2183 1103 vitias.
2210 1048 2351 1115 Quid
2377 1048 2525 1104 enim
2550 1048 2595 1102 si
2622 1046 2860 1101 mittitur
2883 1061 2913 1100 a
2933 1046 3097 1103 Patre
3122 1048 3298 1104 Filius
3316 1050 3338 1104 Υ
3358 1050 3437 1104 An
3462 1066 3580 1120 pro-

2005 1149 2192 1212 pterea
2228 1140 2408 1194 minor
2451 1139 2600 1195 erit?
2663 1136 2834 1209 Igitur
2884 1154 3008 1192 cum
3054 1155 3085 1193 e
3135 1155 3368 1210 corpore
3409 1142 3576 1195 solari

2005 1231 2241 1284 mittitur
2260 1232 2374 1292 lux,
2394 1230 2629 1284 diversa:
2647 1237 2859 1283 natura:
2884 1229 2949 1282 ab
2965 1244 3031 1283 eo
3049 1238 3129 1283 est
3160 1245 3223 1283 ac
3247 1232 3579 1288 deterioris?

2005 1319 2159 1385 Quod
2187 1317 2407 1389 quidem
2449 1320 2530 1372 vel
2557 1326 2770 1372 tantum
2810 1318 3058 1387 cogitare
3092 1334 3275 1374 nonne
3305 1329 3389 1376 est
3429 1338 3579 1376 sunt-

2006 1425 2107 1463 ma:
2138 1407 2475 1479 imperitiae?
2513 1407 2631 1461 Lux
2670 1407 2838 1477 igitur
2880 1408 3058 1463 Patris
3086 1412 3368 1466 cxsisleus
3405 1410 3581 1468 Filius

2006 1500 2243 1554 mittitur
2258 1498 2324 1553 ad
2358 1514 2481 1562 nos,
2511 1506 2778 1567 tanquam
2810 1500 2930 1553 sole
2963 1500 3153 1569 utique
3184 1500 3396 1555 radium
3426 1503 3581 1557 emit-

2006 1599 2174 1647 tente.
2199 1590 2353 1657 Quod
2380 1576 2601 1661 quidem
2630 1589 2747 1644 ﬁeri
2778 1592 3113 1660 precabatur
3138 1591 3308 1648 David
3343 1594 3534 1651 dicens
3561 1613 3577 1650 :

2012 1702 2031 1734 ι
2063 1681 2264 1735 Emitte
2295 1682 2471 1735 lucem
2504 1690 2650 1734 tuam
2676 1688 2729 1733 ct
2757 1681 3041 1735 veritatem
3075 1690 3225 1736 tuam
3270 1684 3338 1739 ³³.
3373 1703 3391 1735 ι
3420 1684 3486 1738 Et
3531 1686 3579 1743 si

330 1775 390 1827 ἐν
432 1767 477 1841 ᾧ
516 1774 830 1839 δοξάζεται;
864 1774 973 1827 Καὶ
1001 1773 1161 1837 αὐτὸς
1192 1773 1248 1827 δὲ
1290 1776 1319 1828 6
1357 1774 1484 1837 Υίδς
1540 1775 1666 1847 περὶ
1705 1774 1898 1829 ἑαυτοῦ

2011 1772 2183 1842 gloria
2214 1779 2298 1825 est
2326 1769 2506 1824 Patris
2540 1762 2716 1824 lucem
2747 1769 2953 1823 habere
2973 1809 2987 1830 ,
3021 1771 3296 1839 quomodo
3326 1771 3580 1835 inferius.

328 1866 511 1934 λέγει’
548 1882 566 1915 ι
614 1866 709 1918 ’ον
738 1866 766 1917 6
792 1864 982 1936 Πατὴρ
1015 1865 1208 1936 ἡγίασε
1235 1866 1327 1918 καὶ
1359 1866 1666 1919 ἀπέστειλε.
1706 1885 1723 1916 ι
1749 1867 1823 1919 Τὸ
1848 1866 1905 1920 δὲ

330 1956 586 2028 ἡγίασεν
627 1957 660 2025 ἡ
705 1956 899 2027 Γραφὴ
945 1956 1086 2009 κατὰ
1126 1956 1353 2020 πολλοὺς
1395 1956 1608 2026 δέχεται
1646 1958 1902 2028 τρόπους.

330 2046 561 2114 Λέγεται
581 2046 681 2117 μὲν
696 2046 804 2116 γὰρ
821 2045 1165 2115 άγιάζεσθαι,
1183 2048 1243 2101 τὸ
1264 2047 1483 2101 ἀνατιθέ
1492 2066 1652 2118 μενον
1671 2048 1749 2119 τῷ
1765 2047 1904 2119 Θεῷ.

330 2134 440 2187 Καὶ
466 2133 596 2201 γοῦν
622 2133 727 2204 ἔφη
754 2135 889 2204 πρὸς
908 2135 1108 2187 Μωσέα
1128 2152 1140 2166 ·
1176 2155 1194 2185 ι
1230 2134 1479 2203 Ἀγίασόν
1508 2154 1598 2206 μοι
1629 2138 1737 2191 πᾶν
1758 2155 1907 2209 πρω·

330 2225 567 2279 τότοκον.
600 2245 620 2277 ι
666 2225 976 2294 ’Δγιάζεται
1006 2226 1061 2279 δὲ
1090 2228 1249 2280 πάλιν
1269 2228 1329 2280 τὸ
1356 2230 1736 2300 προχειρισθὲν
1758 2232 1908 2303 παρὰ

328 2318 464 2370 Θεοῦ
493 2317 631 2389 πρὸς
670 2316 731 2371 τὸ
768 2317 974 2389 πρᾶξαί
1004 2336 1054 2372 τι
1091 2319 1199 2372 τῶν
1241 2320 1382 2374 κατὰ
1426 2320 1653 2392 γνώμην
1704 2322 1867 2375 αὐτοῦ
1891 2340 1904 2353 ·

329 2409 475 2462 οὕτω
506 2409 616 2479 γὰρ
642 2410 767 2479 περί
803 2426 863 2463 τε
893 2409 988 2462 τοῦ
1020 2409 1203 2482 Κύρου
1230 2410 1323 2464 καὶ
1352 2412 1459 2465 τῶν
1498 2414 1696 2484 Μήδων
1721 2416 1903 2484 φησὶν,

333 2501 428 2551 ὅτε
459 2501 557 2569 τῆς
600 2500 953 2554 Βαϐυλωνίων
988 2502 1186 2577 αὐτοὺς
1224 2504 1691 2574 καταστρατεύειν
1713 2506 1869 2576 ἤθελε
1892 2525 1905 2538 υ

347 2609 366 2639 ι
380 2589 638 2656 Γίγαντες
652 2588 893 2660 ἔρχονται
911 2592 1009 2661 πλη
1019 2593 1189 2664 ρῶσαι
1205 2594 1292 2647 τὸν
1310 2595 1479 2664 θυμόν
1495 2612 1617 2665 μου,
1630 2597 1911 2668 χαίροντες

335 2680 456 2749 ἅμα
491 2681 584 2733 καὶ
628 2680 934 2752 ὑϐρίζοντες
965 2684 1289 2754 ἡγιασμένοι
1344 2686 1484 2752 είσὶ,
1522 2688 1615 2740 καὶ
1658 2687 1767 2755 ἐγὼ
1792 2688 1910 2756 άγω

334 2770 554 2833 αὐτούς.
594 2791 612 2821 ι
661 2772 966 2840 Ἀγιάζεται
1006 2775 1062 2827 δὲ
1081 2775 1242 2829 πάλιν
1269 2776 1330 2829 τὸ
1357 2777 1412 2828 ὲν
1448 2778 1662 2847 μεθέξει
1689 2780 1909 2848 γεγονὸς

333 2862 430 2916 τοῦ
466 2864 623 2931 ἁγίου
653 2865 988 2935 Πνεὺματος.
1017 2866 1227 2920 οὐκοῦν
1247 2868 1508 2938 ήγιᾶσθαί
1535 2887 1699 2940 φησιν
1721 2872 1910 2925 ἑαυτὸν

336 2956 488 3025 παρά
536 2955 630 3009 τοῦ
669 2956 882 3028 Πατρὺς
910 2959 938 3011 6
969 2957 1133 3023 Υίὸς,
1168 2958 1242 3021 ὡς
1286 2960 1735 3030 προχειρισθέντα
1780 2964 1909 3032 παρ’

338 3044 504 3099 αὑτοῦ
560 3047 699 3118 πρὸς
744 3047 1082 3119 κατόρθωσιν
1115 3050 1212 3120 τῆς
1244 3049 1340 3102 τοῦ
1382 3050 1587 3121 κόσμου
1622 3052 1787 3121 ζωῆς,
1818 3054 1912 3106 καὶ

2009 1864 2221 1933 inquit,
2258 1880 2325 1917 eo
2352 1872 2437 1917 cst
2472 1862 2522 1916 id
2552 1862 2608 1915 iu
2639 1875 2749 1932 quo
2795 1851 3184 1930 glorificatur?
3231 1860 3350 1931 Ipse
3380 1863 3583 1932 quippe

2007 1956 2180 2012 Filius
2211 1957 2280 2011 de
2310 1956 2491 2026 seipse
2521 1955 2697 2009 dicit:
2733 1973 2751 2004 ι
2786 1952 2958 2020 Quem
3007 1950 3173 2007 Pater
3215 1954 3585 2008 sanctiﬁcavit

2009 2057 2063 2103 ct
2095 2048 2244 2103 misit
2275 2047 2341 2101 “.
2373 2066 2390 2099 ι
2422 2045 2535 2100 Hoc
2559 2062 2688 2101 vero
2721 2044 3082 2113 sancti/ienuit
3118 2043 3407 2115 Scriptura
3439 2046 3582 2103 utul-

2011 2142 2080 2194 tis
2112 2140 2285 2194 modis
2315 2139 2538 2208 accipit.
2586 2137 2800 2192 Dicitur
2848 2140 2993 2191 enim
3049 2136 3388 2192 sani-tilicari
3439 2135 3586 2206 quod

2009 2234 2227 2287 dicatur
2257 2231 2385 2286 Deo.
2421 2233 2487 2285 Et
2513 2230 2732 2301 quidem
2776 2229 2919 2283 dixit
2948 2229 3012 2283 ad
3044 2228 3231 2284 Mosen
3260 2250 3271 2283 :
3310 2247 3329 2281 t
3364 2228 3586 2284 Sancti-

2012 2321 2111 2376 ﬁca
2157 2321 2287 2375 mihi
2324 2336 2488 2374 omne
2532 2317 2956 2388 primogenitum
2983 2316 3049 2368 ³⁸.
3082 2338 3104 2371 ι
3134 2316 3348 2370 Rursus
3378 2317 3588 2370 sancti-

2013 2414 2208 2468 licatur
2255 2413 2400 2481 quod
2451 2410 2813 2465 commissum
2855 2415 2942 2463 est
2974 2423 3004 2460 a
3039 2406 3151 2460 Deo
3181 2414 3236 2459 et
3271 2407 3586 2475 delegatum

2011 2506 2076 2559 ad
2111 2504 2316 2574 aliquid
2348 2517 2575 2567 eorum,
2605 2516 2726 2570 qua:
2758 2499 2859 2571 ipsi
2889 2498 3042 2553 cordi
3089 2508 3256 2561 sunt,
3295 2498 3585 2567 agendum.

2020 2594 2113 2647 Sic
2140 2593 2285 2647 enim
2316 2592 2383 2645 de
2413 2588 2557 2661 Cyro
2586 2597 2640 2643 et
2675 2588 2845 2642 Medis
2874 2588 2973 2649 ait,
3001 2587 3226 2655 quando
3255 2601 3351 2641 eos
3387 2586 3442 2640 in
3484 2586 3589 2638 Ba-

2013 2688 2264 2758 bylonem
2295 2666 2578 2753 suscipere
2596 2682 3004 2752 expeditionem
3032 2680 3207 2735 voluit
3238 2698 3251 2733 :
3280 2696 3298 2729 ‹
3332 2676 3590 2748 Gigantes

2011 2780 2239 2834 veniunt
2268 2776 2493 2846 implere
2533 2774 2777 2828 animum
2821 2788 3041 2840 meum;
3088 2771 3393 2842 gaudentes
3424 2768 3590 2824 simul

2012 2878 2066 2925 et
2127 2866 2527 2922 insolescentes
2581 2860 2916 2918 sani-tilicati
2971 2867 3137 2921 sunt,
3181 2866 3234 2911 et
3287 2871 3388 2927 ego
3446 2856 3593 2909 duco

2014 2973 2109 3012 eos
2141 2957 2207 3011 “.
2245 2974 2262 3007 ι
2291 2952 2532 3007 Proinde
2564 2951 2727 3006 etiam
2773 2948 3172 3008 sanctilicatur,
3225 2945 3374 3016 quod
3422 2945 3593 3014 parti-

2021 3065 2152 3119 ceps
2185 3055 2272 3104 est
2300 3045 2546 3116 Spiritus
2574 3042 2774 3098 sancti.
2807 3042 2952 3110 Ergo
2983 3037 3158 3094 Filius
3187 3052 3245 3091 se
3278 3034 3594 3091 sanctiﬁca-

336 3137 484 3190 κατὰ
512 3139 611 3209 τῆς
643 3138 752 3192 τῶν
790 3140 1184 3211 ἀντικειμένων
1212 3139 1559 3204 καταλύσεως
1578 3158 1592 3173 δ
1628 3143 1660 3212 ἢ
1690 3144 1781 3195 καὶ
1812 3143 1909 3206 ἔτι,

2023 3149 2135 3195 ιιιιιι
2168 3139 2244 3192 ait
2275 3152 2305 3191 ιι
2330 3136 2493 3191 Patre
2514 3175 2527 3197 ,
2561 3144 2821 3204 tanquam
2855 3132 2924 3185 ab
2956 3144 3023 3184 eo
3057 3129 3122 3183 ad
3151 3126 3591 3183 emendationem

336 3228 478 3282 καθὸ
508 3229 767 3301 ἐπέμφθη
791 3231 871 3294 είς
892 3232 952 3284 τὸ
977 3231 1117 3303 ὑπὲρ
1143 3231 1242 3301 τῆς
1264 3230 1358 3284 τοῦ
1406 3233 1611 3302 κόσμου
1645 3235 1919 3305 σωτηρίας

340 3320 655 3391 σφαγῆναι·
684 3322 776 3375 καὶ
809 3322 919 3394 γὰρ
948 3323 1080 3391 ἆγια
1106 3322 1423 3387 καλοῦνται,
1445 3323 1541 3376 καὶ¹
1573 3324 1639 3377 τὰ
1666 3326 1921 3397 ἀφοριζό-

343 3430 482 3483 μενα
513 3417 591 3475 είς
623 3414 816 3469 θυσίαν
842 3415 983 3485 Θεῷ.
1030 3416 1320 3483 Ἥγιᾶσθαι
1349 3415 1408 3468 δέ
1438 3433 1617 3485 φαμεν
1642 3415 1803 3469 αὑτὸν
1828 3416 1920 3470 καὶ

344 3504 463 3572 μεθ’
500 3504 660 3575 ἡμῶν
706 3506 1065 3576 ἀνθρωπίνως
1118 3507 1207 3559 ὅτε
1241 3506 1432 3574 γέγονε
1481 3504 1653 3576 σάρξ·
1689 3505 1919 3577 ἡγιάσθη

341 3596 452 3667 γάρ
481 3596 647 3649 αὐτοῦ
668 3597 702 3665 ἠ
733 3596 890 3668 σὰρξ,
925 3597 1192 3670 δεξαμένη
1230 3601 1321 3651 τὸν
1357 3598 1624 3651 ἑνωθέντα
1655 3599 1791 3669 αὐτῇ
1822 3598 1923 3652 A6-

341 3702 459 3752 γον,
503 3685 578 3756 μὴ
611 3681 744 3740 οὖσα
778 3686 937 3755 φύσει
991 3687 1141 3756 άγίι.
1191 3688 1268 3741 Δι’
1306 3681 1381 3741 ὧν
1409 3687 1466 3741 δὲ
1505 3687 1665 3741 τοῦτο
1692 3687 1920 3758 γίνεται,

342 3782 630 3852 ἁγιάζεται
667 3782 819 3850 παρὰ
850 3782 943 3837 τοῦ
986 3784 1198 3855 Πατρός
1223 3799 1237 3813 ·
1287 3784 1385 3853 μία
1428 3783 1536 3853 γάρ
1582 3784 1795 3856 Πατρδς
1832 3782 1925 3837 καὶ

346 3873 479 3927 Υἰοῦ
502 3876 598 3928 καὶ
620 3875 775 3942 ἁγίου
795 3874 1157 3944 Πνεύματοςή
1187 3876 1398 3943 θεότης.
1430 3875 1576 3944 Πλὴν
1591 3877 1653 3929 οὐ
1677 3876 1926 3947 καθάπερ

344 3968 404 4018 ὲν
438 3966 657 4035 ἑκάστῳ
685 3966 794 4019 τῶν
822 3966 992 4032 άγίων
1029 3966 1318 4036 γινόμενος
1346 3969 1374 4019 6
1393 3966 1525 4030 Θεὸς
1556 3968 1771 4034 ἁγιάζει
1800 3967 1927 4020 τοὺ-

344 4073 497 4119 τους,
527 4054 703 4120 οὕτως
731 4057 848 4108 ἐστὶ.
878 4052 971 4109 καὶ
992 4057 1049 4109 ὲν
1071 4056 1149 4127 τῷ
1180 4054 1295 4127 Υίῷ
1317 4074 1329 4087 ·
1366 4056 1480 4109 ἀλλ’
1522 4056 1683 4118 αὐτὸς
1714 4059 1741 4110 6
1768 4057 1925 4120 Υἱὸς,

2017 3236 2144 3286 vita:
2176 3229 2364 3284 mundi
2396 3227 2742 3295 delegatum,
2790 3231 2845 3277 ct
2880 3223 2934 3275 in
2983 3218 3428 3275 adversariorum
3477 3214 3593 3269 rui-

2020 3339 2145 3379 nam
2192 3338 2256 3377 ac
2297 3323 2670 3383 eversionem,
2717 3316 2798 3370 vel
2843 3314 3008 3369 etiam
3059 3322 3334 3381 quatenus
3386 3308 3593 3363 missus

2018 3428 2133 3475 est.
2194 3426 2253 3470 ut
2307 3430 2408 3485 pro
2466 3412 2645 3468 salute
2697 3406 2890 3462 mundi
2952 3412 3291 3459 mactaretur
3339 3419 3352 3454 :
3394 3400 3597 3470 quippe

2021 3518 2211 3564 sancta
2244 3516 2531 3571 vocantur,
2573 3519 2695 3576 qua:
2731 3512 2791 3556 ιιι
2830 3499 2939 3555 Deo
2980 3500 3036 3553 in
3080 3494 3413 3555 sacrilicium
3464 3489 3600 3546 oll‘e-

2022 3610 2236 3663 rantur.
2272 3600 2475 3657 selecta
2523 3607 2675 3652 sunt.
2715 3590 3127 3648 Sanctiﬁcatum
3164 3588 3325 3643 etiam
3361 3584 3599 3640 dicimus

2021 3702 2075 3749 et
2106 3692 2394 3748 nobiscum
2425 3691 2666 3745 humano
2700 3687 2862 3745 modo
2884 3724 2900 3749 ,
2934 3681 3157 3754 quando
3192 3678 3370 3733 lactus
3394 3685 3476 3731 est
3506 3690 3602 3730 ca-

2023 3800 2127 3840 ro:
2161 3784 2504 3840 sanctiﬁcata
2533 3781 2679 3837 enim
2712 3785 2797 3833 est
2844 3776 2967 3846 ejus
3004 3787 3168 3834 caro.
3227 3770 3443 3823 unitum
3495 3765 3599 3821 sibi

2023 3876 2263 3933 Verbum
2296 3875 2516 3943 adepta,
2552 3888 2677 3926 cum
2711 3878 2913 3925 natura
2947 3882 3054 3921 non
3083 3868 3231 3919 esset
3260 3865 3477 3914 sancta.
3499 3855 3604 3911 Per

2025 3983 2148 4036 qua:
2198 3966 2344 4022 enim
2390 3965 2448 4019 [it
2491 3964 2677 4026 istud,
2723 3959 3106 4016 sanetilicatur
3156 3970 3185 4007 a
3243 3953 3457 4007 Patre:
3494 3961 3603 4032 una

2028 4055 2296 4125 siquidem
2332 4053 2514 4106 Patris
2555 4059 2610 4106 et
2654 4049 2778 4103 Filii
2812 4056 2866 4104 et
2902 4046 3143 4116 Spiritus
3177 4040 3353 4096 sancti
3401 4037 3603 4093 deitas.

344 4147 582 4216 δύναμίς
638 4147 756 4200 ἐστι
801 4148 894 4199 καὶ
928 4146 1090 4216 σοφία
1141 4147 1235 4201 τοῦ
1269 4148 1504 4219 Πατρδς,
1542 4147 1785 4217 ἁγιάζων
1826 4148 1909 4218 μὲι

2032 4145 2421 4202 Verumtamen
2476 4158 2585 4196 non
2640 4137 3105 4209 quemadmodum
3163 4133 3219 4187 in
3272 4140 3609 4198 unoquoque

347 4240 528 4293 πάντα
570 4240 640 4292 τά
694 4236 997 4309 μετέχοντας
1026 4239 1192 4293 αὑτοῦ
1238 4241 1294 4292 ὲν
1328 4240 1605 4309 Πνεὺματι
1631 4257 1645 4271 ·
1679 4240 1844 4303 αὐτὸς
1874 4239 1909 4292 δὲ

2031 4245 2348 4294 sanctorum
2384 4248 2507 4289 cum
2539 4241 2623 4285 est
2660 4230 2941 4289 Deus.eos
2972 4223 3299 4289 sanctiﬁcat,
3331 4222 3409 4275 sic.
3435 4220 3605 4273 etiam

350 4332 512 4384 πάλιν
527 4330 591 4383 οὐ
607 4330 752 4384 κατά
769 4348 890 4385 τινα
910 4331 1220 4402 μετουσίαν,
1242 4332 1396 4400 ἅγιος
1426 4331 1502 4383 ὢν
1533 4331 1722 4401 ὥσπερ
1744 4332 1907 4402 ἡμεῖς

2030 4338 2115 4386 est
2151 4330 2203 4382 in
2241 4325 2422 4388 Filio,
2467 4321 2561 4378 sed
2594 4322 2714 4391 ipse
2776 4317 2953 4372 Filius
3001 4325 3249 4387 potestas
3291 4322 3373 4367 est
3415 4318 3470 4364 et
3518 4324 3608 4363 sa-

348 4423 470 4476 οὐδὲ
491 4421 638 4476 κατά
661 4423 821 4494 χάριν
848 4422 976 4488 Υίὸς
1004 4423 1362 4495 κεκλημένος,
1396 4421 1532 4475 ἀλλὰ
1566 4421 1811 4492 γέννημα
1834 4422 1909 4490 τῆ

2039 4417 2245 4489 pientia
2276 4412 2462 4468 Patris
2492 4412 2562 4476 ⁸⁷,
2618 4407 2803 4463 omnia
2839 4420 2961 4476 quae
2998 4402 3331 4474 participant
3377 4414 3500 4454 eum
3548 4402 3607 4451 in

348 4513 446 4566 τοῦ
482 4513 699 4583 Πατρὸς
754 4514 946 4577 οὐσίας
998 4515 1259 4585 ὑπάρχων
1311 4514 1499 4568 ἀΐδιον.
1544 4512 1768 4566 Ἑαυτὸν
1798 4511 1909 4579 γοῦε

2035 4508 2280 4579 Spiritu.
2321 4503 2714 4561 sanctilleaus:
2762 4498 2883 4567 ipse
2933 4511 3067 4551 vero
3120 4507 3313 4548 rursus
3365 4498 3451 4546 est
3498 4504 3608 4544 nou

349 4606 776 4661 ἀντιδιαστέλλει
804 4608 917 4669 τοῖς
933 4606 1074 4659 κατὰ
1097 4606 1246 4659 θέσιν
1265 4604 1425 4668 θεοῖς,
1448 4605 1524 4668 ὡς
1558 4603 1719 4667 αὐτὸς
1742 4602 1831 4673 δη)
1844 4619 1909 4655 ονη

2033 4599 2335 4656 secundum
2368 4596 2607 4665 aliquam
2650 4590 2814 4662 672
2858 4586 3338 4661 participationem
3385 4587 3610 4636 sanctus

352 4700 439 4750 ότι
492 4698 634 4751 κατὰ
664 4697 826 4767 φύσιν
852 4699 1135 4769 ὑπάρχων,
1171 4697 1308 4766 ὅπερ
1348 4695 1577 4758 ἐκείνοις
1614 4696 1671 4747 ὲν
1713 4694 1909 4766 χάριτα

2034 4692 2315 4747 exsistens
2382 4686 2547 4743 sicuti
2583 4698 2724 4746 nos,
2770 4695 2951 4748 neque
3009 4676 3313 4733 secundum
3380 4674 3612 4745 gratiam

361 4789 526 4859 μέρει
575 4765 1119 4861 προήστέθειταιί-Ᾰιδ
1166 4789 1294 4855 περὶ
1328 4787 1427 4857 μὲν
1469 4786 1633 4839 αὑτοῦ
1674 4765 1892 4853 λέγεται

2037 4782 2218 4837 Filius
2267 4787 2532 4842 vocatus,
2585 4773 2684 4829 sed
2736 4771 2992 4843 genitura
3022 4777 3243 4825 aeternae
3291 4765 3613 4822 substantia:

364 4856 386 4927 ἦ
418 4856 517 4941 Τίς
541 4856 717 4949 ὅμοιός
740 4896 824 4932 σοι
844 4879 902 4932 ὲν
923 4878 1086 4942 θεοῖς,
1109 4877 1281 4947 Κύριε
1301 4856 1366 4943 ;Ῠι
1392 4877 1467 4940 ὡς
1488 4877 1589 4930 οὐκ
1614 4876 1909 4929 ἐπείσακτα

2039 4874 2219 4929 Patris
2246 4858 2543 4928 exsistens.
2589 4865 2845 4935 Seipsum
2895 4862 3067 4933 igitur
3094 4858 3387 4930 distinguit
3436 4872 3465 4910 ιι
3508 4856 3613 4912 diis

352 4973 594 5044 ἔχοντος,
623 4976 761 5030 ἀλλά
787 4976 1013 5046 φυσικὸν
1041 4978 1101 5029 τὸ
1122 4974 1359 5044 ἀξίωμα.
1398 4975 1508 5028 Καὶ
1548 4973 1711 5028 πάλιν
1734 4988 1749 5003 '
1784 4992 1802 5025 ι
1838 4973 1909 5025 Τίς

2039 4983 2139 5040 per
2182 4965 2572 5036 adoptionem,
2623 4974 2748 5014 cum
2800 4958 2919 5027 ipse
2966 4955 3155 5025 utique
3203 4967 3302 5022 per
3359 4959 3612 5005 naturam
3680 4972 3691 4979 ο

352 5043 417 5119 ὲν
448 5066 707 5135 νεφέλαις
742 5043 1070 5137 ίσωθήσεται
1110 5064 1188 5137 τῷ
1218 5043 1444 5137 Kuplqt;
1472 5066 1505 5137 ἢ
1545 5064 1625 5128 τίς
1672 5063 1909 5134 ὁμοιωθή

2022 5052 2308 5120 exsistat,
2347 5052 2494 5127 quod
2529 5049 2750 5123 quidem
2780 5049 2890 5105 illis
2914 5048 3039 5102 loco
3067 5043 3260 5143 gratiae
3281 5043 3612 5143 appositum

356 5131 689 5229 cszatvaﬁtt‘p
718 5159 778 5211 ἐν
807 5131 943 5221 υἱοῗς
976 5131 1189 5224 Θεοῦίι
1218 5131 1351 5211 Ἰδοὺ
1382 5131 1717 5228 γάρτὲνθάδε-
1751 5131 1908 5223 σαςρῶ

2044 5156 2148 5203 est.
2196 5146 2321 5200 Ideo
2363 5143 2431 5198 de
2474 5142 2597 5210 ipso
2647 5138 2855 5195 dicitur
2882 5156 2895 5192 :
2924 5155 2943 5187 ι
2971 5135 3109 5202 Quis
3157 5132 3216 5187 in
3262 5131 3369 5187 diis
3414 5131 3616 5229 similis

354 5250 387 5303 6
421 5215 750 5321 Ψαλμῳδὸς,
783 5215 976 5306 οὐδένα
1005 5215 1192 5322 φησίν,
1225 5250 1349 5305 οὔτε
1381 5215 1437 5304 έν
1462 5215 1814 5319 ’προφήταιςο
1835 5215 1907 5300 ὀὗ

2045 5237 2144 5291 tibi
2168 5274 2184 5298 ,
2229 5233 2459 5288 Domine
2481 5231 2572 5285 "2
2602 5248 2620 5282 ι
2651 5238 2911 5298 tanquam
2958 5240 3071 5279 non
3116 5222 3493 5283 adventitiam.
3521 5219 3614 5276 sed

356 5339 458 5392 γαὶ
489 5314 721 5409 νεξρέλας
758 5314 1188 5414 τροπικώτερον
1216 5340 1387 5408 λέγει,
1434 5314 1557 5392 οὔτε
1596 5314 1702 5407 μην
1734 5337 1793 5387 ὲν
1825 5337 1909 5387 τοϊ

2044 5328 2351 5385 naturalem
2379 5324 2707 5394 dignitatem
2737 5321 2993 5376 habente.
3022 5317 3091 5372 Et
3113 5330 3312 5371 rursus
3334 5314 3528 5381 :tQuis
3560 5316 3617 5369 in

358 5431 443 5492 εἰς
470 5405 697 5501 υιότητα
721 5405 857 5487 Θεοῦ
900 5405 1393 5501 καταταττομένοις
1432 5429 1520 5483 διά
1559 5405 1668 5498 τῆξ
1693 5426 1909 5498 χάριτος

2046 5419 2286 5476 nubibus
2315 5416 2625 5488 aequabitur
2648 5410 2925 5468 Domino?
2952 5409 3038 5466 vel
3064 5407 3192 5480 quis
3219 5405 3619 5465 assimilabitur

2275 5619 2321 5652 ’⁸
2356 5615 2460 5672 lsa.
2509 5629 2638 5683 xm,
2670 5613 2726 5670 '5.
2833 5611 2878 5644 ”
2920 5606 3093 5665 lCor.
3129 5622 3181 5675 I,
3217 5605 3310 5660 2L
3380 5594 3426 5626 ³³
3465 5597 3612 5657 Psal.

440 5627 489 5659 ⁸³
532 5627 680 5702 Psal.
734 5646 885 5702 nn,
920 5633 975 5691 3.
1066 5632 1113 5667 “
1151 5629 1308 5687 Joan.
1345 5646 1413 5694 ι,
1445 5628 1533 5687 56.
1610 5630 1655 5663 ’⁸
1698 5625 1870 5685 Exod.
1908 5639 2030 5691 xm,
2102 5622 2157 5677 2.

362 5713 571 5759 uxxv.
601 5699 655 5754 8.
