4062 6208
407 299 468 354 3i
1398 294 1467 350 S.
1509 295 1787 351 CYRlLLl
1827 296 2298 353 ALEXANDRINI
2333 298 2655 353 AlIClllEP.
3124 358 3125 361 η
3584 299 3659 355 ΞΩ

407 415 459 470 ei
489 410 547 468 in
582 410 706 468 ﬁliis
740 410 834 468 Dei
864 412 952 465 ὀἳ
982 431 999 463 ›
1030 409 1170 465 Ecce
1197 412 1341 464 enim
1374 410 1695 468 Psalmistes
1725 414 1827 467 hoc
1858 415 1981 467 loco

2095 414 2197 465 ἴσον
2233 411 2451 466 ἔσεσθαι
2479 412 2557 484 τῷ
2583 430 2722 466 κατα
2754 413 2912 483 φύσιν
2945 412 3075 484 Υὶῷ.
3111 414 3242 482 Περὶ
3269 413 3323 467 δὲ
3376 412 3528 484 ἡμῶν
3558 414 3650 481 γέ-

409 502 705 559 m-anil'este
738 503 1015 557 neminem
1053 502 1129 554 ait
1158 510 1250 555 aut
1280 502 1332 555 in
1366 503 1684 571 prophetis,
1721 519 1862 574 quos
1890 520 1980 559 ne-

409 594 568 650 bulas
603 601 765 649 vocat
794 594 1005 662 tropice
1031 632 1046 657 ,
1081 602 1176 646 aut
1206 594 1259 646 in
1292 592 1360 646 iis
1392 594 1483 663 qui
1526 609 1625 664 per
1663 595 1892 664 gratiam
1925 596 1978 648 in

411 686 731 740 ﬁliationem
754 683 847 739 Dei
876 685 1034 739 asciti
1062 695 1213 747 sunt,
1237 686 1501 754 aequalem
1534 684 1650 740 lore
1676 686 1979 740 secundum

410 787 660 830 naturam
693 774 851 830 Filio.
894 774 969 829 De
1001 777 1158 830 nobis
1193 791 1327 831 vero
1364 778 1634 848 scriptum
1665 786 1750 832 est
1778 799 1791 831 :
1819 797 1835 828 ε
1874 777 1984 847 Ego

411 869 523 924 dixi
551 888 564 923 :
596 868 677 923 Dii
705 869 841 924 estis
870 875 924 921 et
949 868 1045 921 lilii
1072 867 1340 923 Altissimi
1369 885 1559 925 onmes
1590 890 1602 925 :
1632 886 1731 925 vos
1758 886 1890 926 vero
1924 876 1984 923 ut

411 960 665 1016 homines
692 959 1003 1014 moriemini
1033 960 1100 1017 ".
1136 980 1154 1011 ι
1184 959 1261 1014 lta
1302 971 1361 1016 ut
1395 962 1501 1033 nisi
1545 978 1704 1017 omne
1739 964 1980 1018 studium

407 1059 466 1107 et
500 1052 908 1107 contentionem
961 1052 1382 1107 adltibuerimus
1420 1036 1487 1107 ad
1526 1054 1728 1107 malum
1770 1053 1981 1125 fugien.

410 1143 541 1197 dum
564 1183 578 1207 ,
611 1124 773 1198 facile
797 1145 863 1199 de
890 1159 1081 1198 eorum
1122 1160 1242 1215 qua:
1274 1144 1597 1214 accepimus
1629 1146 1987 1214 possessione

409 1234 751 1290 excidemus.
788 1235 1113 1304 Accepimus
1156 1243 1334 1288 autem
1382 1251 1477 1304 per
1519 1235 1786 1304 gratiam,
1833 1243 1891 1289 ut
1930 1244 1985 1289 et

413 1326 512 1380 ﬁlii
544 1324 638 1381 Dei
665 1335 719 1382 et
742 1327 815 1381 dii
848 1342 1172 1379 vocaremur
1212 1326 1253 1357 ³¹
1278 1367 1291 1388 ,
1331 1342 1452 1395 qmc
1488 1325 1708 1394 quidem
1753 1333 1979 1379 natura-

414 1418 541 1472 liter
569 1419 756 1475 insunt
787 1418 947 1473 Filio.
989 1418 1179 1488 Magna
1226 1418 1414 1488 itaque
1464 1428 1520 1474 et
1569 1416 1781 1472 inﬁnita
1826 1418 1981 1473 diﬁ‘e-

413 1510 592 1564 rentia
625 1510 768 1563 inter
796 1524 896 1565 nos
928 1509 1227 1565 sectmdnm
1261 1511 1496 1581 gratiam
1541 1520 1763 1566 vocatos
1804 1509 1985 1576 ﬁlios,

410 1608 467 1656 et
492 1615 617 1655 eum
651 1600 742 1670 qui
770 1616 935 1655 verus
965 1609 1047 1656 est
1085 1617 1149 1655 ac
1183 1602 1489 1656 secundum
1532 1610 1809 1657 naturam.
1844 1600 1980 1657 Ver-

2085 520 2359 573 γραπται’
2402 524 2416 555 ι
2465 502 2605 571 Ἐγὼ
2632 501 2791 557 εἶπα⁸
2830 503 2951 556 Θεοί
2974 506 3094 557 ὲστε
3123 504 3215 558 καὶ
3255 505 3360 557 υἱοὶ
3398 504 3657 574 Ὑψίστου

2087 596 2289 658 πάντες
2314 611 2327 626 ’
2363 595 2520 665 ὑμεῖς
2546 594 2601 648 δὲ
2627 595 2700 658 ὡς
2725 594 2998 661 ἄνθρωποι
3016 594 3408 667 ἀποθνήσκετε.
3450 615 3468 647 ι
3491 595 3653 650 Ὥστε

2086 688 2134 739 εἰ
2168 687 2241 757 μὴ
2281 688 2462 739 πᾶσαν
2496 683 2861 756 ποιησαίμεθα
2883 685 3115 756 σπουδὴν
3154 688 3231 751 εἰς
3272 687 3333 740 τὸ
3372 689 3655 760 παραιτεῖ-

2090 778 2211 832 σθαι
2239 780 2299 833 τὸ
2328 777 2550 848 φαῦλον,
2581 778 2777 849 ῥᾳδίως
2815 777 2874 842 ἐξ
2902 772 2978 831 ὧν
3007 779 3329 850 εἰλήφαμεν,
3362 780 3654 833 ἀποπεσεῖν

2086 867 2380 937 δυνάμεθα.
2411 854 2726 938 Εἱλήφαμεν
2753 865 2809 919 δὲ
2834 865 2975 920 κατὰ
2996 866 3151 938 χάριν
3172 867 3232 920 τὸ
3254 866 3534 919 καλεῖσθαι
3560 867 3654 919 καὶ

2085 961 2191 1013 υἱοὶ
2222 960 2357 1012 Θεοῦ
2390 962 2482 1013 καὶ
2508 959 2638 1025 θεοὶ,
2672 958 2707 1013 ἃ
2732 958 2795 1029 δὴ
2827 957 3072 1026 φυσικῶς
3108 959 3367 1029 πρόσεστι
3405 958 3485 1028 τῷ
3513 956 3661 1028 Υἱῷ..

2086 1049 2261 1119 Πολλὴ
2291 1044 2384 1103 οὖν
2418 1050 2512 1103 καὶ
2534 1050 2772 1120 ἄμετρος
2816 1049 3111 1120 ήδιαερορά
3158 1048 3359 1119 μεταξύ
3400 1066 3456 1102 τε
3496 1050 3653 1119 ἡμῶν

2086 1142 2195 1195 τῶν
2224 1141 2366 1195 κατά
2390 1141 2550 1211 χάριν
2579 1140 2932 1211 κεκλημένων
2967 1140 3097 1193 υίῶν
3132 1140 3229 1193 κα)⁸
3251 1140 3344 1195 τοῦ
3379 1141 3521 1196 κατά
3550 1142 3651 1211 φύ-

2088 1252 2171 1287 σιν
2200 1234 2350 1297 ὄντος
2376 1235 2468 1286 καὶ
2498 1232 2774 1305 ἀληθινοῦ.
2805 1235 2979 1303 Λόγον
3006 1233 3062 1286 δὲ
3100 1232 3364 1285 ἀποκαλεῖ
3392 1232 3481 1284 τὸν
3504 1233 3652 1295 Υἱὸν.

2087 1327 2115 1378 6
2153 1324 2427 1394 Ἰωάννης,
2461 1324 2665 1393 ταύτην
2715 1324 2862 1394 αὐτῷ
2891 1322 3203 1395 κυριώτατα
3246 1321 3516 1385 ἀνατιθεὶς
3559 1323 3656 1391 τὴν

2089 1417 2406 1488 ἐπωνυμίαν
2436 1417 2531 1470 καὶ
2559 1416 2657 1487 τῆς
2683 1416 2874 1479 οὐσίας
2915 1415 3149 1485 μάλιστα
3189 1413 3552 1484 σημαντικήν.
3594 1413 3655 1465 Et

2089 1508 2145 1561 δὲ
2194 1508 2270 1579 μὴ
2299 1508 2459 1576 φύσει
2494 1508 2581 1578 εἴη
2612 1508 2702 1561 καὶ
2728 1509 2824 1577 τῆς
2871 1505 3058 1569 οὐσίας
3104 1504 3397 1575 δηλωτικὸν
3437 1504 3530 1556 ἐπὶ
3564 1502 3659 1556 τοῦ

2091 1601 2221 1654 Υίοῦ
2242 1602 2301 1654 τὸ
2323 1600 2493 1668 Λόγος
2519 1599 2709 1669 ὄνομα,
2735 1597 2991 1669 σημαίνει
3016 1613 3066 1649 τι
3091 1595 3305 1657 πάντως
3330 1593 3415 1646 ἒτε
3425 1610 3513 1664 ρον
3531 1610 3546 1626 ⁸
3569 1594 3661 1647 καὶ

411 1690 540 1743 bum
588 1704 718 1744 vero
764 1698 926 1743 voeat
985 1688 1184 1743 Filium
1233 1688 1510 1755 Joannes,
1566 1690 1880 1745 attribucns
1931 1690 1979 1744 ei

2095 1691 2272 1762 ζητεῖν
2297 1690 2629 1759 ἀναγκαῖον,.
2656 1690 2707 1740 τί
2736 1687 2875 1741 κατὰ
2900 1685 3061 1754 φύσιν
3086 1682 3159 1737 ὢν
3192 1684 3221 1734 6
3264 1682 3415 1745 Υἱὸς,
3455 1680 3665 1751 ἐκλήθη

413 1780 651 1835 maxime
683 1781 902 1850 proprie
930 1780 1069 1834 hanc
1097 1781 1519 1851 appellationem
1545 1819 1559 1843 ,
1598 1787 1655 1834 ut
1678 1796 1801 1852 qua:
1832 1781 1985 1834 miri-

415 1872 571 1923 ﬁcam
603 1870 710 1922 vim
743 1870 1091 1940 signiﬁcandi
1125 1871 1496 1925 substantiam
1535 1870 1658 1939 ejus
1697 1871 1885 1926 liabet.
1927 1872 1986 1926 Si

413 1977 544 2016 vero
569 1959 809 2017 Verbum
841 1978 1037 2017 nomen
1065 1971 1262 2016 natura
1292 1979 1399 2017 non
1433 1963 1703 2033 signiﬁcet
1730 1964 1987 2018 substan-

414 2056 545 2107 tiam
582 2055 634 2108 in
674 2053 844 2120 Filio,
877 2053 1103 2108 omnino
1138 2052 1414 2123 signiﬁcat
1449 2054 1596 2107 aliud
1620 2093 1634 2116 ,
1671 2062 1724 2108 et
1760 2069 1988 2109 necesse

413 2153 499 2202 est
528 2161 776 2217 quterere
810 2146 944 2217 quid
976 2146 1253 2202 exsistens
1280 2144 1452 2200 Filius
1483 2145 1786 2200 secundum
1821 2158 1987 2200 natu-

415 2252 532 2292 ram
562 2236 802 2293 Verbum
832 2246 1060 2292 vocatus
1087 2246 1172 2292 est
1202 2278 1216 2301 ,
1244 2238 1289 2291 si
1323 2253 1430 2291 non
1468 2236 1835 2291 substantiam
1865 2237 1989 2307 ejus

415 2343 617 2384 nomen
650 2330 875 2384 indicat.
901 2328 1081 2385 Veluti
1112 2346 1236 2385 cum
1263 2329 1390 2399 quis
1413 2328 1549 2382 dicit
1577 2327 1795 2382 labrum
1822 2369 1836 2392 ,
1871 2338 1986 2384 sta-

414 2422 657 2477 tuarium
681 2462 696 2487 ,
745 2424 1018 2487 scribam,
1067 2438 1176 2477 non
1226 2421 1486 2476 delinitur
1517 2421 1649 2491 quid
1680 2420 1755 2475 sit
1783 2438 1987 2477 sectan-

416 2515 547 2569 dum
602 2523 856 2569 naturam
907 2515 959 2568 id
1009 2514 1157 2585 quod
1213 2514 1581 2585 signiﬁcatur,
1637 2513 1733 2567 sed
1776 2521 1989 2567 tantum

415 2619 580 2674 quam
620 2610 793 2661 artem
833 2605 1081 2672 factitet,
1124 2607 1390 2659 ostendit.
1433 2605 1489 2657 Si
1532 2605 1702 2673 igitur
1742 2604 1849 2657 hoc
1892 2618 1990 2656 ιιοο

415 2710 541 2750 men
599 2710 708 2748 non
757 2697 1031 2765 signiﬁcet
1082 2695 1450 2748 substantiam
1507 2692 1664 2755 Filii,
1708 2701 1763 2747 et
1805 2693 1989 2746 vocari

416 2784 656 2839 Verbum
694 2801 804 2838 non
844 2784 1086 2839 declaret
1142 2785 1322 2853 ipsum
1372 2784 1504 2854 quid
1559 2784 1629 2839 sit
1682 2784 1990 2838 secundum

419 2883 674 2928 naturam
698 2915 711 2935 ,
740 2873 833 2928 sed
867 2881 995 2943 puta
1015 2913 1031 2937 ,
1061 2873 1207 2943 quod
1232 2874 1305 2928 sit
1335 2876 1457 2943 ejus
1486 2873 1832 2927 institutum:
1861 2874 1990 2943 quid

419 2964 624 3020 frustra
651 2965 1042 3035 evangelistam
1080 2965 1368 3026 miramur,
1393 2977 1446 3020 et
1469 2981 1734 3036 quorsum
1766 2974 1991 3020 vocatus

2087 1783 2279 1850 Λόγος,
2330 1784 2379 1835 εἱ
2428 1779 2504 1852 μὴ
2545 1780 2644 1850 τὴν
2673 1778 2859 1833 οὐσίαν
2892 1776 3056 1832 αὐτοῦ
3098 1775 3352 1848 σημαίνει
3378 1774 3438 1827 τὸ
3468 1772 3657 1841 ὄνομα.

2087 1869 2213 1928 Οἶον
2233 1914 2246 1937 ,
2286 1872 2519 1925 τέκτονά
2564 1888 2646 1935 τις
2683 1868 2850 1923 εἰπὼν
2878 1867 2912 1939 ἦ
2944 1867 3183 1932 λιθοξόον
3211 1865 3244 1934 ἢ
3274 1863 3656 1935 ταχυγράφον,

2086 1965 2145 2017 οὐ
2176 1964 2228 2016 τί
2256 1966 2368 2016 ἐστι
2398 1962 2537 2016 κατά
2572 1961 2732 2030 φύσιν
2755 1960 2815 2013 τὸ
2838 1958 3235 2029 σημαινόμενον
3260 1954 3523 2027 ὁρίζεται,
3543 1951 3659 2006 ἀλλ’

2086 2051 2196 2107 οἷον
2228 2054 2341 2124 ἔχει
2372 2053 2432 2105 τὸ
2464 2052 2801 2122 ἐπιτήδευμα
2849 2049 3064 2120 μηνύει.
3121 2049 3187 2101 Εἰ
3237 2047 3415 2101 τοίνυν
3448 2047 3510 2099 οὐ
3560 2045 3662 2114 τὴν

2086 2145 2275 2199 οὐσίαν
2303 2144 2396 2197 τοῦ
2422 2142 2552 2196 Υίοῧ
2592 2141 2848 2212 σημαίνει
2875 2139 3132 2210 τοῦνομα,
3160 2140 3253 2193 καὶ
3285 2138 3348 2191 τὸ
3379 2136 3661 2191 καλεῖσθαι

2087 2235 2279 2303 Λόγον,
2302 2234 2360 2287 οὐ
2391 2233 2443 2287 τί
2468 2236 2582 2287 ἐστι
2606 2233 2745 2285 κατά
2768 2231 2949 2300 φύσιν,
2980 2230 3309 2302 παρίστησιν
3327 2229 3508 2289 αὐτὸν,
3526 2228 3662 2281 ἀλλά

2088 2328 2221 2400 φέρε
2251 2329 2445 2391 εἰπεῖν,
2483 2323 2593 2381 οἷον
2625 2326 2739 2396 ἔχει
2770 2326 2830 2379 τὸ
2857 2324 3232 2395 ἐπιτήδευμα·
3272 2324 3326 2377 τί
3373 2323 3549 2393 μάτην
3570 2322 3662 2373 τὸν

2089 2424 2480 2494 εὐαγγελιστὴν
2526 2421 2914 2492 Θαυμαζομεν;
2957 2419 3074 2482 πῶς
3109 2418 3165 2471 δὲ
3196 2418 3291 2471 καὶ
3317 2416 3520 2487 ἐκλήθη
3549 2414 3663 2478 υίδς

2094 2516 2340 2589 βροντῆς.
2361 2515 2436 2578 ὡς
2469 2514 2611 2586 μέγα
2634 2530 2684 2565 τι
2719 2512 2956 2581 λαλήσας
2997 2510 3090 2562 καὶ
3122 2508 3428 2579 ὑπέρογκον
3449 2524 3461 2535 ’
3490 2507 3664 2560 καίτοι

2092 2607 2305 2669 πολλοῖς
2334 2607 2591 2674 ὀνόμασιν
2646 2600 3026 2671 ἀποκαλούσης
3071 2598 3160 2652 τδν
3207 2600 3334 2652 Υἱὸν
3365 2600 3465 2668 τῆς
3514 2594 3664 2659 θείας

2092 2697 2343 2767 Γραφῆς;
2407 2695 2572 2748 Ἀλλά
2621 2693 2791 2760 Λόγον
2828 2690 3065 2762 εἰρηκὼς
3087 2732 3102 2754 ,
3152 2689 3452 2760 παράδοξόν
3483 2705 3536 2741 τι
3570 2687 3665 2740 καὶ

2093 2786 2367 2857 ὑπερφυὲς
2411 2784 2713 2854 ἐφθέγξατο
2741 2826 2756 2846 ,
2813 2782 2907 2835 καί⁵
2963 2782 3116 2835 οὐδὲν
3160 2781 3345 2851 ἕτερον
3394 2780 3485 2832 ἐπὶ
3518 2778 3665 2848 αὐτῴ

2093 2876 2474 2949 προστέθεικεν
2502 2918 2516 2939 ,
2554 2870 2665 2929 οἷον
2716 2874 2809 2928 ἐπὶ
2848 2872 2941 2927 τοῦ
2989 2872 3201 2926 Παύλου
3258 2872 3527 2941 φαίνεται,
3581 2869 3661 2933 τὸ,

2099 2986 2116 3017 ‹
2156 2965 2367 3027 Παῦλος
2396 2963 2690 3027 ἀπόστολος
2713 2980 2727 2992 °
2766 2982 2785 3014 ι
2810 2962 3056 3034 ἠρκέσθη
3090 2961 3145 3014 δὲ
3170 2960 3247 3031 τῷ
3281 2962 3472 3020 εἰπεῖν,
3505 2959 3534 3011 6
3565 2958 3667 3011 A6-

419 3066 508 3112 ρει
559 3056 707 3112 ﬁlius
764 3057 1032 3123 tonitrui,
1075 3067 1339 3128 tanquam
1384 3074 1638 3128 magnum
1682 3058 1899 3127 aliquod
1940 3070 1991 3111 et

2095 3074 2207 3126 γος,
2232 3057 2311 3119 εἰς
2338 3055 2397 3107 τὸ
2429 3058 2775 3125 παραστῆσαι
2819 3053 2912 3108 τοῦ
2945 3053 3072 3106 Tia-3
3112 3053 3221 3122 τὴν.
3245 3050 3430 3104 οὐσίαν
3457 3067 3470 3079 ·
3506 3047 3669 3112 αὐτὸς

421 3149 657 3204 sublime
713 3148 973 3213 locutus,
1030 3150 1157 3205 licet
1203 3150 1390 3205 divina
1446 3149 1732 3220 Scriptura
1802 3150 1992 3205 multis

422 3242 742 3298 nominibus
773 3239 971 3297 Filium
1009 3242 1380 3314 indigitante?
1413 3244 1483 3297 At
1521 3258 1645 3297 cum
1687 3242 1826 3298 dixit
1862 3241 1996 3296 Ver-

421 3333 551 3387 bum
570 3374 584 3398 ,
611 3334 937 3390 admirabile
959 3335 1234 3406 quoddam
1254 3343 1308 3390 et
1332 3334 1754 3406 supernaturale
1778 3334 1995 3387 locutus

421 3433 540 3490 est,
582 3426 831 3496 nihilque
866 3426 1014 3479 aliud
1054 3427 1103 3481 ei
1152 3426 1388 3496 adjecit,
1429 3436 1491 3480 ut
1538 3441 1763 3481 cernere
1806 3432 1892 3480 est
1929 3425 1997 3479 de

422 3516 596 3572 Paulo
617 3559 633 3583 ,
672 3519 811 3580 huc,
843 3537 861 3568 ‹
883 3517 1087 3573 Paulus
1122 3520 1446 3589 apostolus:
1481 3539 1499 3570 ι
1523 3527 1815 3573 contentus
1866 3531 1997 3571 vero

424 3616 511 3663 est
531 3608 736 3672 dicere,
758 3606 1035 3673 Verbum,
1063 3610 1130 3663 ad
1160 3608 1546 3665 declarandam
1579 3607 1702 3662 Filii
1732 3608 1996 3664 substan-

427 3698 596 3763 tiam;
623 3698 738 3767 ipse
769 3698 936 3769 igitur
960 3707 1043 3754 est
1070 3715 1258 3754 verum
1287 3698 1529 3755 Verbum
1560 3697 1741 3754 Patris
1761 3736 1776 3762 ,
1807 3708 1863 3753 et
1890 3715 1997 3752 non

427 3789 577 3846 alius
602 3791 894 3861 quisquam
923 3800 1120 3864 praeter
1147 3793 1323 3847 illum.
1348 3792 1503 3859 Quod
1535 3791 1582 3847 si
1610 3793 1680 3847 ob
1707 3791 1848 3845 hanc
1870 3806 2001 3846 cau-

429 3899 546 3938 sam
585 3885 974 3940 existimarunt
1014 3886 1203 3943 hostes
1241 3886 1449 3941 Cbristi
1490 3900 1598 3939 non
1637 3901 1762 3940 esse
1798 3881 1997 3937 Filium

427 3975 577 4031 Patri
619 3977 1191 4043 consubstantialem,
1223 3978 1444 4047 quando
1474 3992 1656 4047 neque
1682 3975 1845 4031 Pater
1872 3976 2002 4031 Ver—

357 4077 367 4087 ‘
426 4067 560 4123 bum
585 4109 602 4134 ,
644 4085 826 4141 neque
866 4068 1107 4126 Verbum
1150 4071 1352 4143 Pater,
1389 4078 1445 4125 et
1480 4069 1747 4135 unitatem
1788 4077 2002 4123 naturre

425 4160 589 4233 673
625 4160 936 4218 diﬁ‘erentia
966 4164 1249 4219 nominum
1284 4161 1460 4220 scindi
1491 4162 1851 4218 crediderunt
1871 4202 1887 4227 ,
1915 4162 2001 4214 di-

428 4260 556 4305 cant
576 4253 748 4310 nobis
775 4256 1054 4325 quomodo
1083 4257 1404 4327 progenitor
1428 4255 1603 4311 Adam
1636 4253 2003 4309 consubstan-

429 4342 577 4399 tialis
608 4345 713 4399 erit
754 4359 784 4398 a
821 4360 880 4400 se
923 4346 1148 4416 genito,
1195 4361 1319 4399 cum
1376 4360 1478 4399 nec
1525 4346 1643 4411 ipse
1691 4342 1826 4397 Abel
1874 4354 2003 4396 esse

430 4433 637 4502 possit,
695 4449 873 4503 neque
934 4434 1152 4488 futurus
1212 4434 1285 4488 sit
1337 4448 1580 4502 unquam
1632 4420 1850 4484 Adam:

431 4521 776 4578 identitatem
806 4533 1019 4579 naturae
1057 4539 1340 4594 nunquam
1378 4524 1532 4579 tollet
1571 4522 1855 4578 nominum
1891 4521 2002 4576 dif-

2095 3151 2203 3220 ἄρα
2224 3147 2370 3200 ἐστὶν
2397 3149 2425 3200 6
2450 3146 2702 3216 ἀληθινὸς
2724 3146 2896 3214 Λόγος
2922 3145 3015 3198 τοῦ
3040 3141 3273 3213 Πατρός,
3305 3142 3398 3194 καὶ
3426 3141 3521 3210 οὐχ
3551 3141 3667 3193 ἓτε-

2097 3239 2186 3310 ρό,;
2205 3255 2289 3300 τις
2323 3237 2452 3307 παρ’
2478 3238 2705 3290 ἐκεῖνον.
2740 3238 2801 3289 Ei
2828 3237 2888 3305 δὲ
2917 3235 3004 3288 διὰ
3030 3233 3235 3303 ταύτην
3274 3232 3544 3286 ὑπέλαϐον
3569 3230 3670 3298 τὴν

2096 3329 2275 3382 αἰτίαν
2304 3330 2353 3381 οἱ
2392 3327 2771 3398 χριστομάχοι,
2830 3326 2905 3398 μὴ
2934 3322 3079 3379 εἶναι
3106 3325 3198 3377 τὸν
3229 3323 3356 3376 Υίδν
3384 3320 3666 3392 όμοούσιον

2096 3420 2174 3492 τῷ
2203 3419 2396 3489 Πατρὶ,
2426 3419 2547 3471 ἐπεὶ
2579 3420 2716 3488 μήτε
2746 3420 2774 3471 6
2811 3418 3020 3488 Πατὴρ,
3049 3416 3243 3484 Λόγος,
3271 3415 3406 3486 μήτε
3435 3416 3462 3467 ὁ
3497 3414 3672 3481 Λόγος

2097 3516 2322 3583 Πατὴρν
2375 3515 2467 3568 καὶ
2506 3515 2604 3582 τὴν
2661 3511 2885 3580 ἑνότητα
2914 3509 3011 3579 τῆς
3054 3508 3291 3576 φύσεως,
3318 3506 3395 3577 τῷ
3429 3506 3679 3574 διαφόρῳ

2098 3604 2205 3658 τῶν
2230 3605 2509 3674 ὀνομάτων
2534 3599 2922 3672 διατέμνεσϐαι
2953 3599 3386 3653 πεπιστεύκασι·
3437 3599 3674 3667 λεγέτω-

2102 3712 2200 3749 σαν
2227 3697 2380 3765 ἡμῖν,
2422 3695 2540 3758 πῶς
2565 3697 2594 3748 6
2640 3693 2942 3764 προπάτωρ
2985 3692 3161 3763 Ἀδὰμ
3201 3691 3481 3762 όμοούσιος
3519 3691 3673 3745 ἔσται

2101 3785 2235 3858 πρὸς
2274 3787 2361 3840 τὸν
2393 3786 2451 3854 eg
2473 3785 2637 3840 αὐτοῦ
2669 3786 2953 3855 γεγονότα,
2980 3784 3105 3840 οὔτε
3148 3784 3311 3848 αὐτὸς
3344 3783 3508 3837 ’Δόελ
3536 3779 3672 3837 εἶναι

2100 3876 2417 3948 δυνάμενος,
2433 3876 2557 3930 οὔτε
2588 3876 2693 3947 μὴν
2717 3876 2810 3931 τοῦ
2844 3874 3009 3930 ’Ἅϐελ
3042 3877 3301 3946 ἐσομένου
3325 3874 3673 3945 ποτὲἊδάμς

2102 3970 2216 4023 ἀλλ’
2248 3971 2346 4023 οὐκ
2378 3968 2598 4023 ἐκϐαλεῖ
2637 3969 2734 4038 τῆς
2775 3968 2959 4030 οὐσίας
3008 3967 3108 4037 τὴν
3146 3966 3451 4038 ταύτότητα
3495 3969 3529 4037 ἠ
3568 3966 3677 4020 τῶν

2102 4062 2381 4132 ὀνομάτων
2403 4059 2654 4130 διαφορά.
2697 4059 2757 4111 Εἰ
2785 4058 2840 4111 δὲ
2865 4057 3022 4111 τοῦτο
3051 4059 3144 4110 ἐπὶ
3175 4059 3409 4129 γενητῆς
3437 4059 3532 4113 καὶ
3556 4077 3676 4112 κτι-

2106 4155 2234 4223 στῆς
2269 4152 2503 4221 φύσεως,
2539 4149 2656 4214 πῶς
2677 4150 2778 4203 οὐκ
2812 4149 3004 4214 ἀσεϐὲς
3038 4150 3131 4204 ἐπὶ.
3159 4136 3549 4222 τῆςάγενήτου
3577 4152 3679 4220 φύ-

2105 4261 2242 4307 σεως
2265 4245 2439 4297 ἐκεῖνο
2457 4242 2699 4310 δοξάζειν
2726 4242 2904 4297 πάντα
2922 4242 3322 4314 ὑπερκειμένης
3343 4241 3412 4295 τὰ
3439 4243 3675 4313 γενητὰς

2104 4337 2180 4400 ὠς
2207 4331 2299 4390 οὖν
2338 4337 2492 4408 εῖπερ
2517 4332 2584 4407 ἦν
2613 4336 2941 4407 ἐτερούσιος,
2968 4335 3073 4388 οὐκ
3093 4334 3160 4388 ἂν
3178 4330 3245 4406 ἦν
3286 4334 3458 4403 Λόγος
3490 4333 3678 4403 ἀληθι-

1904 4427 2001 4485 sed
2036 4411 2081 4470 Ῑ)
2109 4428 2217 4493 νδς,
2259 4428 2431 4492 οὕτως
2478 4426 2775 4498 ἐπειδήπερ
2824 4428 2972 4483 ἐστὶν
2994 4426 3299 4498 όμοούσιος,
3325 4424 3574 4497 ἀληθινὸς
3610 4423 3677 4476 ἂν

2111 4523 2195 4593 εἴη
2218 4522 2408 4589 Λόγος.

433 4616 863 4685 ferentia.Qnod
904 4619 951 4674 si
992 4619 1097 4673 hoc
1155 4620 1397 4690 ingenita
1435 4630 1491 4675 et
1528 4628 1718 4674 creata
1760 4627 1954 4673 natura
1990 4618 2084 4681 sit,
2118 4615 2398 4687 quomodo
2444 4630 2554 4670 non
2590 4615 2819 4686 impium
2853 4623 2939 4671 est
2977 4612 3109 4669 illud
3142 4612 3357 4684 Opinari
3391 4611 3446 4666 in
3484 4617 3681 4665 natura

431 4704 701 4781 ingenita,
731 4721 784 4767 et
818 4712 1000 4766 omnia
1040 4713 1224 4785 genita
1262 4711 1757 4782 supergredicnte?
1798 4719 1856 4765 ut
1897 4710 2085 4779 igitur,
2122 4710 2170 4763 si
2209 4716 2360 4764 esset
2396 4708 2537 4764 alius
2570 4708 2921 4770 substantiae,
2968 4721 3078 4760 non
3121 4715 3270 4764 esset
3308 4719 3497 4760 verum
3548 4700 3684 4758 Ver-

432 4803 600 4868 bum,
645 4804 716 4857 ita
751 4803 879 4872 quia
902 4812 989 4859 est
1009 4804 1494 4865 consubtantiatis.
1525 4820 1715 4860 verum
1753 4804 1944 4874 utique
1979 4800 2216 4857 Verbum
2251 4799 2509 4857 exsistet.

504 4899 574 4964 Χ,
608 4901 698 4955 57.
733 4898 793 4954 Si
822 4917 925 4955 non
962 4900 1102 4970 facio
1140 4915 1301 4969 opera
1341 4900 1523 4954 Patris
1561 4901 1685 4966 mei,
1710 4916 1772 4954 ne
1807 4897 2007 4953 credite

435 4992 583 5055 mihi,
613 5002 721 5048 etc.

506 5083 659 5150 Quod
688 5082 844 5147 dicit,
871 5082 1189 5152 hujusmodi
1225 5091 1331 5141 est.
1362 5083 1816 5154 Quandoquidem
1847 5082 2010 5138 facile

437 5184 520 5230 est
554 5182 612 5228 ut
637 5176 836 5246 aliquis
870 5175 1022 5231 dicat
1063 5185 1274 5245 patrem
1307 5192 1466 5232 suum
1503 5178 1695 5239 Deum,
1727 5175 1822 5231 sed
1865 5174 2008 5230 ditii-

441 5266 566 5332 cile,
599 5266 710 5320 imo
735 5282 901 5337 supra
932 5275 1147 5322 natura:
1167 5276 1367 5322 creata:
1389 5268 1496 5322 vim
1526 5268 1789 5336 positum,
1816 5274 1873 5319 ut
1904 5265 2008 5320 hoc

442 5371 502 5413 re
529 5364 584 5414 et
613 5356 825 5415 eﬂ‘ectis
854 5360 1110 5416 ostendat
1148 5378 1161 5414 :
1198 5376 1294 5430 per
1336 5374 1422 5422 ea,
1467 5360 1666 5428 inquit,
1705 5372 1829 5428 qua
1861 5366 2009 5411 recte

441 5456 496 5504 et
529 5449 922 5506 convenienter
962 5451 1072 5506 Deo
1127 5450 1546 5520 facio,a:qualis
1596 5448 1706 5501 Deo
1755 5454 1809 5500 et
1860 5445 2007 5499 Patri

440 5555 662 5611 ccrnor,
693 5556 795 5598 nec
822 5557 1047 5598 causam
1093 5541 1281 5598 dicere
1310 5539 1541 5612 potestis
1593 5554 1694 5594 cur
1729 5552 1837 5592 non
1886 5551 2009 5591 cre-

517 5723 560 5753 "
602 5722 747 5779 Psal.
780 5735 1048 5787 Lumu,
1084 5722 1137 5781 7.
1214 5723 1255 5753 ³ο
1297 5721 1439 5779 l‘sal.
1476 5737 1675 5788 Laut,
1709 5721 1776 5787 ὓ,
1819 5719 1871 5775 7.

2182 4898 2254 4952 Et
2306 4897 2379 4950 οὐ
2413 4894 2560 4949 ποιῶ
2602 4892 2674 4947 τὰ
2717 4892 2861 4961 ἔργα
2890 4890 2996 4945 τοῦ
3035 4892 3266 4959 Πατρός
3290 4908 3433 4960 μου,
3457 4890 3545 4960 μὴ
3586 4909 3682 4945 πι-

2113 4986 2356 5044 στεύετέ
2381 5004 2504 5055 μοι,
2536 4985 2631 5039 καὶ
2655 4983 2725 5037 τά
2753 4982 2900 5052 ἑξῆς.

2191 5081 2256 5131 '0
2295 5077 2462 5145 λέγει,
2501 5073 2736 5128 τοιοῦτόν
2777 5074 2945 5125 ἐστιν.
3004 5072 3221 5144 Ἐπειδὴ
3250 5071 3312 5125 τὸ
3357 5073 3533 5124 εἰπεῖν
3562 5087 3685 5123 τινα

2117 5173 2328 5243 πατέρα
2360 5169 2450 5223 τὸν
2479 5166 2611 5220 Θεὸν
2655 5164 2908 5235 εὐχερές·
2944 5163 3005 5218 τὸ
3034 5164 3133 5235 μέν
3170 5182 3252 5217 τοι
3293 5162 3464 5228 δεῖξαι
3489 5161 3561 5214 δι’
3592 5161 3686 5230 ἔρ-

2115 5281 2248 5333 γων,
2280 5260 2439 5315 τοῦτο
2463 5257 2721 5327 δυσχερὲς
2754 5256 2846 5309 καὶ
2884 5255 3144 5311 ἀδύνατον
3167 5259 3233 5327 τῇ
3268 5256 3459 5310 κτίσει·
3497 5256 3577 5309 Δι’
3606 5249 3683 5310 ὧν

2116 5351 2388 5423 κατορθῶ,
2419 5348 2555 5421 φησι
2578 5389 2592 5411 ,
2624 5347 2944 5419 θεοπρεπῶς
2967 5386 2983 5412 ,
3025 5347 3136 5412 ἴσος
3169 5347 3426 5417 φαίνομαι
3456 5346 3536 5418 τῷ
3563 5345 3683 5415 θεῷ

2117 5445 2212 5499 καὶ
2238 5441 2408 5513 Πατρί
2432 5458 2446 5472 ο
2480 5440 2574 5494 καὶ
2600 5439 2825 5511 οὐδεμία
2849 5440 2974 5511 ὐμῖν
2999 5439 3260 5508 ἀπολογία
3284 5434 3589 5499 ἀπιστοῦσι,
3614 5440 3681 5507 τῇ

2118 5536 2284 5606 πείρᾳ
2307 5531 2591 5604 μαθοῦσιν,
2623 5532 2708 5587 ὅτι
2744 5532 2855 5595 ῖσος
2884 5530 3000 5603 εἰμὶ
3021 5530 3320 5603 τῷΠατρὶ,
3356 5530 3423 5586 δι’
3446 5526 3521 5589 ὧν
3548 5526 3685 5584 ποιῶ

1949 5719 1988 5751 ³⁸
2030 5716 2051 5772 ι
2092 5716 2243 5774 loan.
2278 5732 2372 5788 ιιι,
2407 5718 2454 5771 l.
