4062 6208
358 301 431 358 33
857 335 867 345 -
1209 299 1279 353 ΙΝ
1317 300 1658 356 JOANNEM.
1678 300 1767 342 ”-
1810 300 1938 359 LIB.

2044 300 2053 355 ι
2088 300 2174 355 ET
2213 298 2325 355 Vill
2360 298 2805 357 FRAGMENTA.
3547 308 3620 363 σι

347 412 683 487 θεοπρεπῶν
732 410 910 483 ἔργων
937 452 951 478 ,
987 411 1036 464 εἰ
1065 412 1160 463 καὶ
1198 410 1286 465 διὰ
1316 410 1416 483 τὴν
1459 414 1639 484 σάρκα
1675 412 1832 477 ἔδοξὰ
1854 430 1941 477 τις

2045 412 2213 479 datis,
2245 427 2373 466 cum
2427 413 2764 484 experientia
2797 409 3106 468 didiceritis
3140 428 3224 470 me
3259 416 3403 473 Patri
3431 434 3620 493 requa-

356 502 500 561 εἶναι
530 505 659 574 παρ’
678 502 833 574 ὑμῖν,
865 502 940 566 ὡς
963 495 1042 566 εἷς
1058 500 1166 556 τῶν
1198 499 1431 557 πολλῶν.
1468 502 1749 556 Ἐντεῦθεν
1786 502 1944 556 δυνα-

356 597 450 650 τὸν
482 597 681 649 ἐννοεῖν
710 592 794 648 ὅτι
837 612 854 645 ι
892 592 1033 661 Ἐγὼ
1068 594 1125 646 ἐν
1151 592 1227 664 τῷ
1251 592 1426 664 Πατρὶ
1464 593 1559 646 καὶ
1593 595 1621 646 6
1649 593 1837 665 Πατὴρ
1884 596 1941 645 ἐν

358 687 505 758 ἰμοί.
541 706 559 739 ι
607 686 672 739 Ἦ
711 686 821 755 γὰρ
864 687 964 756 τῆς
992 684 1181 746 οὐσίας
1207 684 1497 755 ταυτότης,
1522 683 1612 736 τὸν
1637 682 1856 754 Πατέρα
1884 685 1941 736 ἐν

358 777 476 848 Υίῷ
496 778 591 831 καὶ
622 777 716 830 τὸν
749 776 875 830 Υἱὸν
902 777 959 829 ὲν
990 776 1166 846 Παττιὶ
1196 770 1351 829 εἶναι’
1376 775 1471 829 καὶ
1508 774 1739 846 ὁρᾶσθαι
1775 775 1939 830 ποιεῖ.

359 869 470 924 Καὶ
501 869 611 940 γὰρ
644 868 740 922 καὶ
783 868 869 935 ἐφ’
920 867 1079 938 ἡμῶν
1117 870 1151 937 ἡ
1194 865 1287 920 τοῦ
1323 866 1535 936 Πατρός
1583 865 1740 952 magna
1783 866 1941 919 οὐσία

357 958 687 1028 γινώσκεται
717 961 776 1012 ἐν
825 957 902 1028 τῷ
942 958 1072 1028 παρ’
1118 958 1284 1011 αὐτοῦ
1338 958 1606 1028 τεχθέντι,
1634 960 1728 1012 καὶ
1759 960 1817 1012 ὲν
1864 957 1942 1029 τῷ

359 1049 573 1103 τεκόντι
607 1047 769 1102 πάλιν
800 1048 833 1116 ἡ
877 1047 971 1101 τοῦ
1013 1048 1315 1119 τεχθέντος.
1365 1043 1459 1113 Εἷς
1492 1050 1600 1123 γὰρ
1639 1051 1695 1102 ἐν
1720 1051 1886 1103 πᾶσιν
1914 1053 1943 1104 6

359 1142 458 1207 τῆς
484 1140 699 1208 φύσεως
724 1140 870 1210 ὄρος,
898 1139 995 1193 καὶ
1029 1139 1086 1192 ἓν
1116 1142 1166 1193 οἱ
1193 1143 1393 1205 πάντες
1421 1144 1488 1214 τῇ
1537 1141 1718 1211 φύσει,
1766 1143 1855 1197 Ἐν
1883 1142 1942 1196 δὲ

361 1233 441 1304 τῷ
463 1231 891 1303 διακεχωρὶσθαι
933 1234 1082 1302 ἡμᾶς
1119 1236 1233 1298 τοῖς
1282 1233 1564 1305 σώμασιν,
1596 1234 1777 1289 οὐκέτι
1812 1234 1870 1288 ἓν
1892 1236 1943 1289 οἱ

361 1322 547 1377 πολλοί
567 1330 601 1355 °’
630 1324 769 1394 ὅπερ
797 1322 898 1375 οὐκ
938 1322 1086 1377 ἔστιν
1138 1326 1311 1378 εἰπεῖν
1351 1327 1443 1378 ἐπὶ
1487 1326 1582 1381 τοῦ
1616 1328 1753 1381 κατὰ
1782 1327 1944 1398 φύσιν

362 1415 521 1471 Θεοῦ.
565 1414 879 1486 Ἀσὼματον
903 1415 1010 1488 γὰρ
1033 1416 1093 1469 τὺ
1120 1417 1281 1483 θεῖον,
1329 1419 1377 1470 εἰ
1406 1419 1501 1471 καὶ
1519 1420 1578 1472 ὲν
1614 1418 1945 1484 ἰδιαζούσαις

365 1505 634 1577 ὑπάρξεσι
656 1506 756 1575 τὴν
773 1504 934 1573 ἁγίαν
954 1506 1185 1577 νοοῦμεν
1206 1507 1435 1578 Τριάδα.
1460 1508 1649 1580 Πατὴρ
1674 1509 1781 1581 γάρ
1799 1510 1944 1563 ἐστιν

364 1600 393 1649 6
427 1597 637 1666 Πατὴρ,
673 1597 768 1649 καὶ
794 1596 892 1667 οὐχ
922 1595 1053 1660 Υἱός
1075 1612 1087 1625 ’
1114 1596 1243 1661 Υἱὸς
1278 1598 1336 1651 δὲ
1367 1593 1527 1653 πάλιν
1556 1600 1585 1651 6
1611 1599 1737 1663 Υἱὸς
1762 1601 1854 1654 καὶ
1879 1602 1938 1656 οὑ

2047 504 2152 559 lem
2202 519 2347 570 esse,
2377 518 2442 559 ex
2496 505 2567 560 iis
2606 503 2870 574 Operibus
2917 517 3038 573 qua:
3074 502 3216 559 facio
3258 503 3367 561 Deo
3414 523 3619 563 conve-

2046 595 2352 659 nientibus,
2400 596 2508 650 etsi
2566 605 2791 666 propter
2845 609 3064 649 carnem
3108 594 3258 650 visus
3310 597 3413 652 sim
3464 600 3623 655 vobis

2044 696 2309 756 tanquam
2341 703 2487 743 unus
2512 702 2542 742 e
2572 688 2755 756 vulgo.
2791 684 2948 742 Unde
2976 695 3158 756 potest
3189 686 3425 758 intelligi
3450 690 3621 758 quod,

2052 796 2070 828 ε
2109 775 2223 847 Ego
2258 778 2311 832 in
2353 776 2534 843 Patre,
2557 786 2612 832 et
2641 780 2807 831 Pater
2834 777 2888 831 in
2926 793 3011 832 tne
3036 779 3101 831 ".
3138 797 3156 831 ι
3202 777 3335 837 Nam
3363 780 3625 836 substan-

2044 870 2139 924 tia:
2172 870 2437 925 identitas
2472 869 2691 924 Patrem
2750 871 2805 924 in
2854 869 2995 925 Filio
3026 880 3081 939 et
3127 868 3325 924 Filium
3359 871 3410 925 in
3459 870 3623 928 Patre

2044 948 2169 1017 esse
2210 977 2274 1016 ac
2314 960 2483 1017 videri
2518 961 2669 1017 facit.
2694 960 2909 1017 Etenim
2944 962 3114 1017 etiam
3155 962 3210 1016 in
3247 962 3407 1019 nobis
3440 962 3621 1020 Patris

2045 1052 2220 1106 nostri
2258 1051 2572 1106 substantia
2618 1049 2983 1121 cognoscitur
3019 1049 3072 1104 in
3115 1064 3181 1105 eo
3208 1066 3367 1120 quem
3409 1053 3619 1121 genuit,

2043 1151 2100 1199 et
2133 1143 2375 1198 vicissim
2418 1143 2473 1198 in
2518 1143 2766 1214 genitore
2807 1141 2996 1213 geniti.
3030 1140 3184 1196 Unus
3227 1142 3373 1197 enim
3416 1144 3470 1198 in
3502 1158 3623 1198 om-

2042 1235 2206 1290 nibus
2231 1244 2315 1289 est
2342 1244 2555 1289 natura:
2580 1236 2871 1301 terminus,
2894 1244 2949 1288 ct
2974 1248 3163 1289 omnes
3192 1242 3384 1288 natura
3426 1251 3618 1291 unum.

2044 1325 2153 1382 Sed
2194 1343 2260 1383 eo
2300 1332 2444 1399 quod
2479 1328 2810 1399 corporibus
2843 1328 3083 1397 separati
3117 1342 3332 1392 sumus,
3362 1328 3475 1395 jam
3510 1343 3621 1383 non

2043 1418 2284 1489 amplius
2320 1419 2480 1474 multi
2518 1435 2713 1485 unum,
2741 1419 2892 1488 quod
2918 1418 3140 1488 quidem
3167 1419 3277 1473 dici
3308 1434 3418 1472 non
3446 1427 3622 1488 potest
3660 1402 3679 1424 “

2044 1508 2112 1564 de
2170 1508 2282 1563 Deo
2326 1510 2629 1565 secundum
2687 1518 2965 1563 naturam.
3015 1507 3285 1563 Divinitas
3341 1511 3487 1565 enim
3538 1520 3624 1566 est

2048 1601 2404 1671 incorporea,
2430 1602 2652 1657 tametsi
2686 1602 2740 1655 in
2782 1600 3021 1672 propriis
3052 1603 3283 1657 seorsim
3310 1602 3622 1658 subsisten-

363 1690 552 1760 Πατήρ
571 1706 582 1716 ·
617 1690 711 1741 καὶ
742 1687 968 1759 Πνεῦμα
993 1690 1146 1757 ἆγιον
1173 1688 1481 1754 ἰδιαζόντως
1511 1689 1573 1744 τὸ
1611 1691 1856 1777 Πνεῦμα,
1894 1695 1941 1747 εί

2048 1690 2141 1745 tiis
2184 1698 2437 1745 sanctam
2499 1690 2847 1761 concipimus
2881 1688 3228 1745 Trinitatem.
3269 1688 3433 1745 Pater
3474 1693 3620 1746 enim

361 1782 455 1834 καὶ
477 1782 578 1833 οὑκ
609 1780 747 1832 είσὶν
780 1781 839 1832 ἐν
872 1780 1173 1845 διαστάσει,
1203 1780 1291 1834 διὰ
1327 1781 1427 1852 τὴν
1450 1782 1586 1856 πρὸς
1609 1784 1811 1856 ἄλληλα
1829 1804 1942 1840 κοι-

361 1869 555 1922 νωνίαν
588 1887 646 1922 τε
675 1871 770 1923 καὶ
795 1870 1044 1939 ἑνότητα.
1087 1873 1234 1935 Μιᾶς
1274 1872 1453 1927 τοίνυν
1491 1873 1659 1946 οὑσης
1690 1875 1943 1949 θεότητος

361 1964 420 2015 ὲν
444 1962 618 2032 ΠατρίΙ
640 1962 734 2015 καὶ
759 1960 874 2031 Υἱῷ
906 1963 1000 2015 καὶ
1032 1963 1172 2033 ἁγίῳ
1196 1964 1494 2035 Πνεύματι,
1530 1967 1621 2019 τὸν
1645 1968 1861 2040 Πατέρα
1887 1972 1943 2023 ὲν

363 2055 499 2124 Υἱῴ,
530 2056 618 2107 τὸν
640 2055 695 2107 δὲ
723 2054 851 2106 Υἱὸν
890 2055 950 2106 ἐν
979 2055 1155 2125 Πατρλ⁵
1181 2054 1413 2127 λέγομεν
1458 2059 1708 2128 ὁρᾶσθαι.
1752 2061 1944 2129 Ἀναγ-

362 2150 514 2199 καῖον
534 2146 591 2199 δὲ
612 2146 835 2198 κάκεῖνο
856 2144 1074 2209 εἰδέναι,
1092 2145 1286 2217 ὅτιπερ
1301 2147 1361 2200 οὑ
1385 2148 1445 2201 τὸ
1465 2146 1750 2219 βούλεσθαι
1771 2152 1944 2205 ταύτὰ

360 2239 436 2309 τῷ
461 2240 640 2310 Πατρὶ
665 2279 680 2303 ,
710 2238 828 2291 οὐδὲ
859 2237 921 2290 τὸ
967 2237 1095 2308 μίαν
1124 2237 1281 2314 ἔχεινΔ
1311 2240 1445 2310 πρὸς
1486 2241 1650 2295 αὐτὸν
1694 2242 1938 2314 γνώμην,

358 2330 775 2400 παρασκευάζει
791 2329 970 2398 λέγειν
995 2330 1085 2383 τὸν
1113 2330 1259 2384 Υίόν·
1282 2350 1300 2383 ι
1324 2331 1465 2400 Ἐγὼ
1483 2334 1540 2387 ὲν
1560 2333 1637 2404 τῷ
1656 2335 1828 2406 Πατρὶ
1849 2336 1943 2389 καὶ

359 2423 390 2473 6
414 2420 601 2491 Πατὴρ
624 2423 681 2473 ὲν
712 2420 853 2492 ὲμὸι,
876 2440 895 2473 ι
928 2421 1023 2474 καὶ
1052 2441 1069 2472 ι
1097 2422 1239 2492 Ἐγὼ
1264 2423 1358 2478 καὶ
1378 2425 1405 2476 6
1426 2424 1612 2494 Πατὴρ
1629 2425 1687 2477 ἓν
1719 2426 1903 2496 ἐσμεν·
1920 2447 1937 2478 ι

366 2512 485 2564 ἀλλ’
518 2514 601 2565 ’ότι
629 2514 727 2583 τῆς
777 2512 868 2565 τοῦ
923 2515 1135 2584 Πατρός
1182 2514 1372 2578 οὐσίας
1425 2517 1649 2586 γνήσιον
1683 2516 1944 2587 ὑπάρχων

369 2604 642 2674 γέννημα,
678 2605 854 2673 φαίνει
889 2607 981 2675 μὲν
1010 2608 1067 2659 ἐν
1101 2606 1278 2676 ἑαυτῷ
1305 2607 1395 2660 τὸν
1423 2608 1661 2679 Πατέρα,
1695 2608 1945 2676 φαίνεται

362 2696 421 2748 δὲ
466 2696 564 2751 καὶ
600 2697 762 2760 αὐτὸς
804 2699 860 2750 ἐν
895 2699 1088 2769 Πατρί.
1137 2699 1275 2768 Φησὶ
1306 2701 1413 2770 γὰρ
1444 2701 1523 2752 ὅτι
1570 2701 1639 2753 τὰ
1681 2700 1819 2754 αὐτὰ
1851 2702 1944 2754 καὶ

364 2788 617 2858 βούλεται
645 2790 739 2844 καὶ
775 2790 927 2844 λαλεῖ
954 2793 1049 2845 καὶ
1094 2791 1266 2862 ἰσχύει
1297 2794 1375 2863 τῷ
1402 2794 1597 2864 Πατρὶ,
1630 2793 1723 2847 καὶ
1747 2810 1945 2864 κατορ·

362 2881 447 2933 θοί
466 2880 703 2944 εὐκόλως
734 2882 763 2933 ὃ
789 2882 951 2944 θέλει,
986 2882 1080 2935 καὶ
1108 2881 1250 2953 ἅπερ
1282 2884 1310 2935 6
1338 2884 1525 2954 Πατὴρ
1552 2886 1714 2942 ποιεῖ.
1751 2883 1837 2936 ἵνα
1856 2883 1945 2937 διὰ

361 2974 581 3026 πάντων
606 2972 788 3043 δειχθῇ
825 2973 1108 3043 όμοούσιος
1135 2973 1282 3044 αὐτῷ
1318 2976 1412 3027 καὶ
1438 2975 1537 3044 τῆς
1565 2974 1751 3037 οὐσίας
1778 2973 1942 3028 αὑτοῦ

2045 1789 2128 1835 est
2162 1779 2323 1834 Pater
2346 1788 2400 1836 et
2434 1794 2541 1835 non
2567 1778 2766 1847 Filius,
2799 1778 2971 1836 Filius
3008 1796 3199 1835 rursus
3230 1778 3403 1836 Filius
3431 1792 3484 1836 et
3512 1797 3622 1836 non

2043 1874 2229 1935 Pater,
2274 1882 2327 1927 et
2387 1870 2631 1943 Spiritus
2682 1882 2913 1929 sanctus
2952 1874 3304 1945 peculiariter
3357 1873 3622 1945 Spiritus,

2045 1962 2267 2017 tametsi
2325 1961 2468 2017 inter
2519 1979 2579 2018 se
2632 1979 2739 2018 non
2786 1962 3046 2017 differant
3096 1972 3321 2035 prepter
3372 1979 3625 2019 commu-

2046 2052 2265 2107 nionem
2308 2052 2452 2108 inter
2490 2069 2550 2109 se
2583 2067 2648 2107 ac
2688 2054 2970 2109 unitatem.
2997 2053 3136 2109 Cum
3185 2054 3357 2125 igitur
3401 2068 3507 2107 una
3550 2055 3626 2110 sit

2049 2144 2230 2199 deitas
2259 2146 2313 2199 in
2356 2144 2519 2202 Patre
2549 2153 2605 2201 et
2642 2143 2787 2199 Filio
2829 2154 2885 2201 et
2920 2145 3129 2216 Spiritu
3162 2154 3379 2215 sancto,
3406 2145 3623 2200 Patrem

2046 2235 2100 2289 in
2132 2236 2270 2290 Filio
2300 2247 2354 2292 et
2383 2236 2582 2293 Filium
2618 2240 2671 2293 in
2688 2237 2851 2295 Patre
2873 2238 3400 2309 conspicidicimus.
3432 2236 3540 2293 Sed
3568 2244 3625 2292 et

2046 2318 2178 2381 illud
2229 2328 2370 2383 scire
2398 2345 2625 2384 necesse
2660 2337 2764 2395 est,
2800 2345 2908 2384 non
2937 2327 3083 2399 quod
3125 2328 3316 2383 eadem
3346 2328 3475 2383 velit
3495 2343 3622 2382 cum

2045 2416 2232 2482 Patre,
2265 2418 2428 2488 eique
2472 2420 2632 2491 plane
2662 2420 2998 2484 consentiat,
3038 2419 3162 2475 ideo
3191 2419 3325 2473 effici
3361 2429 3417 2474 ut
3447 2417 3622 2474 Filius

2044 2507 2193 2561 dicat
2224 2526 2238 2563 :
2282 2528 2300 2558 ι
2339 2508 2450 2576 Ego
2486 2511 2542 2562 in
2576 2508 2738 2563 Patre
2768 2517 2821 2564 et
2855 2507 3019 2562 Pater
3042 2509 3095 2561 in
3135 2524 3258 2571 me;
3291 2527 3310 2559 ι
3342 2518 3416 2571 et,
3448 2527 3468 2559 ι
3508 2509 3622 2577 Ego

2045 2607 2099 2653 et
2125 2599 2287 2653 Pater
2323 2614 2491 2653 unum
2529 2616 2764 2655 sumus:
2796 2618 2813 2651 ι
2854 2596 2960 2653 Sed
3012 2602 3137 2669 quia
3170 2614 3295 2653 cum
3338 2600 3409 2654 sit
3442 2597 3622 2655 Patris

2046 2693 2369 2747 substantiae
2403 2707 2700 2762 germanus
2742 2707 2807 2746 ac
2854 2691 3129 2761 ingenuus
3176 2691 3340 2755 fetus,
3379 2691 3623 2747 ostendit

2045 2784 2099 2838 in
2142 2786 2327 2854 seipso
2362 2783 2607 2847 Patrem,
2637 2783 2950 2839 ostenditur
2982 2791 3037 2840 et
3070 2784 3187 2854 ipse
3231 2784 3283 2838 in
3320 2783 3502 2840 Patre.
3531 2785 3623 2838 Ait

2045 2876 2190 2932 enim
2220 2878 2410 2931 eadem
2457 2893 2516 2932 se
2549 2877 2685 2931 velle
2714 2886 2768 2931 et
2801 2876 2952 2946 loqui
2980 2884 3033 2931 et
3078 2892 3241 2946 posse
3281 2891 3403 2931 cum
3434 2874 3619 2939 Patre.

2045 2980 2097 3023 et
2139 2967 2296 3024 facile
2332 2969 2593 3039 perficere
2625 2967 2770 3037 quod
2797 2968 2945 3032 velit,
2974 2980 3027 3022 et
3078 2967 3244 3040 674
3276 2982 3623 3038 quacunque

361 3064 575 3135 καρπὸς
614 3064 849 3135 ἀληθής·
894 3066 991 3119 καὶ
1019 3066 1079 3118 οὐ
1107 3066 1267 3135 μόνον
1304 3065 1442 3135 ἔχων
1477 3066 1611 3138 πρὸς
1648 3066 1808 3120 αὐτὸν
1836 3066 1941 3120 ἑνό-

2045 3061 2207 3116 Pater
2237 3061 2422 3124 faciat.
2473 3072 2531 3116 ut
2582 3077 2677 3129 per
2725 3062 2909 3116 omnia
2946 3061 3354 3115 demonstretur
3380 3060 3623 3115 consub-

359 3172 501 3226 τητα
521 3156 775 3225 σχετικὴν
796 3156 850 3206 ὲν
883 3155 1067 3226 μόνοις
1085 3156 1290 3226 ὁμοίοις
1312 3156 1581 3226 θελήμασι
1606 3157 1700 3211 καὶ
1724 3156 1941 3227 θεσμοῖς

359 3249 584 3317 ἀγάπης
601 3266 615 3278 ’
638 3247 666 3298 ὅ
684 3247 780 3300 καὶ
801 3250 914 3310 τοῖς
937 3248 1198 3319 κτίσμασι
1221 3252 1504 3320 προσεῖναι
1529 3250 1780 3320 λέγομεν.
1825 3251 1945 3302 Ἔτι

359 3339 458 3391 καὶ
479 3340 508 3390 6
540 3339 665 3401 Υἱὸς
695 3339 754 3390 ἐν
785 3338 862 3408 τῷ
891 3339 1067 3410 Πατρὶ
1097 3339 1192 3393 καὶ
1217 3341 1245 3392 6
1272 3340 1460 3410 Πατὴρ
1484 3342 1540 3393 ἐν
1572 3340 1649 3410 τῷ
1681 3339 1794 3410 Υίῷ
1825 3356 1947 3409 νοη-

360 3430 587 3501 θήσεται
618 3430 762 3484 κατὰ
797 3429 987 3483 τοῦτον
1013 3432 1106 3483 τὸν
1143 3430 1371 3505 τρόπονξ
1388 3432 1491 3493 ὅτι,
1516 3432 1577 3483 οὐ
1603 3432 1853 3501 καθάπερ
1878 3432 1944 3485 τὰ

360 3523 667 3593 κτίσματα,
701 3524 767 3575 ἐκ
799 3522 894 3576 τοῦ
928 3523 1003 3593 μὴ
1033 3522 1184 3586 ὄντος
1228 3524 1307 3587 εἰς
1350 3523 1410 3576 τὸ
1444 3519 1582 3576 εἶναι
1614 3522 1888 3594 παρῆλθεν
1918 3524 1946 3575 ό

361 3615 509 3675 Υἱὸς.
541 3614 574 3683 ἦ
605 3614 802 3681 ἔξωθέν
842 3614 1007 3669 ποθεν
1038 3614 1137 3685 τὴν
1167 3615 1261 3669 τοῦ
1293 3613 1432 3669 εἶναι
1461 3615 1718 3669 σύστασιν
1760 3616 1942 3686 ἔσχεν,

360 3706 476 3759 ἀλλ’
499 3707 567 3759 ὲκ
596 3706 693 3776 τῆς
732 3705 827 3759 τοῦ
875 3706 1089 3777 Πατρὸς
1137 3705 1325 3770 οὐσίας
1355 3706 1624 3779 προῆλθεν
1652 3705 1842 3779 ὥσπερ
1881 3710 1946 3761 ὲκ

362 3799 542 3865 φωτὸς
574 3795 940 3865 ἀπαύγασμα,
972 3795 1124 3865 ἢκαὶ
1153 3795 1262 3849 ἀπό
1302 3813 1446 3859 τινος
1478 3796 1664 3867 πηγῆς
1703 3797 1946 3851 ἐκϐαίνοι

358 3889 627 3959 ποταμός.
664 3888 852 3941 Ἔστιν
879 3885 972 3942 οὖν
1021 3892 1135 3952 τοῖς
1181 3888 1349 3959 ὁρῶσι
1395 3888 1486 3942 τὸν
1527 3889 1675 3955 Υίδν,
1721 3891 1818 3961 τὴν
1849 3889 1943 3943 τοῦ

358 3980 575 4051 Πατρός
604 3979 791 4032 οὐσίαν
841 3981 992 4051 όρᾷν,
1038 3981 1132 4033 καὶ
1167 3980 1230 4033 τὸ
1274 3978 1372 4032 τοῦ
1426 3982 1784 4048 γεννήσαντος
1819 3981 1946 4034 ἴδιον

356 4071 470 4125 ἀπό
505 4089 565 4123 τε
592 4071 783 4124 τούτου
810 4075 949 4125 νοεῖν
967 4089 981 4103 ο
1008 4074 1201 4142 ὅτιπερ
1235 4072 1422 4140 ἐπειδὴ
1464 4072 1685 4142 σύμπαν
1723 4072 1784 4125 τὸ
1806 4070 1946 4126 εἶναι

358 4162 454 4216 τοῦ
484 4162 614 4215 Υἱοῦ
645 4166 707 4215 ἐκ
740 4164 840 4233 τῆς
871 4162 965 4216 τοῦ
999 4164 1211 4235 Πατρὺς
1255 4164 1443 4227 οὐσίας
1481 4165 1749 4235 πρόεισιν,
1785 4164 1947 4227 αὐτός

358 4254 513 4305 ἐστιν
542 4255 602 4306 ἐν
625 4254 797 4324 Πατρί
821 4270 833 4282 ⁸
866 4256 959 4306 καὶ
985 4253 1146 4307 πάλιν
1180 4255 1245 4307 ὲκ
1270 4253 1378 4307 τῶν
1399 4255 1675 4319 ἐναντίων,
1711 4258 1739 4308 6
1756 4255 1947 4326 Πατήρ

360 4344 515 4396 ἐστιν
544 4344 605 4395 ὲν
643 4344 758 4415 Υἱῷ
785 4385 801 4411 ,
834 4344 1025 4416 ἐπειδὴ
1080 4346 1216 4416 ὅπερ
1271 4346 1419 4398 ἐστὶν
1452 4345 1612 4408 αὐτὸς
1642 4348 1711 4417 τῇ
1764 4346 1942 4417 φύσει,

2048 3150 2330 3206 stantialis
2359 3139 2435 3212 ei,
2470 3159 2524 3204 et
2565 3149 2893 3204 substantia:
2939 3150 3060 3218 ejus
3105 3148 3315 3205 fructus
3346 3164 3532 3214 verus,
3564 3157 3622 3205 et

2047 3257 2155 3294 non
2193 3242 2369 3296 solum
2409 3240 2617 3296 habens
2667 3239 2734 3294 ad
2767 3256 2889 3294 eum
2927 3241 3188 3294 unitatem
3233 3247 3287 3296 et
3336 3239 3618 3295 habitudi-

2048 3316 2168 3387 nem
2202 3334 2544 3402 reciprocam
2587 3333 2639 3385 in
2678 3333 2814 3387 solis
2856 3332 3131 3385 similibus
3162 3332 3538 3386 voluntatibus
3565 3341 3621 3386 et

2014 3418 2262 3496 -le'gibus
2310 3424 2648 3489 dilectionis,
2702 3439 2825 3490 qua:
2864 3425 3025 3477 etiam
3079 3424 3133 3478 in
3177 3425 3447 3479 creaturis
3496 3439 3620 3481 esse

2046 3516 2303 3570 dicimus.
2346 3512 2618 3568 Praeterea
2671 3522 2725 3569 et
2769 3512 2941 3570 Filius
2993 3514 3048 3569 in
3102 3512 3261 3569 Patre
3289 3520 3342 3568 et
3374 3511 3536 3568 Pater
3562 3515 3618 3569 in

2045 3606 2187 3661 Filio
2235 3606 2575 3676 concipietur
2641 3622 2737 3677 per
2794 3605 2940 3661 hunc
2992 3604 3237 3667 modum,
3294 3605 3464 3674 quod,
3509 3618 3618 3659 non

2046 3698 2509 3768 quemadmodum
2550 3705 2836 3760 creaturae,
2869 3712 2897 3749 a
2930 3711 3037 3749 non
3074 3711 3198 3751 esse
3236 3698 3303 3751 ad
3334 3711 3457 3751 esse
3490 3710 3619 3766 pro-

2046 3789 2232 3853 cessit,
2264 3788 2347 3844 vel
2375 3788 2722 3842 extrinsecus
2754 3787 3008 3842 alicunde
3032 3786 3115 3841 sui
3159 3802 3283 3842 esse
3310 3787 3619 3842 subsisten-

2045 3882 2177 3936 tiam
2223 3881 2454 3945 habens,
2487 3878 2582 3936 sed
2642 3895 2707 3934 ex
2756 3878 2934 3933 Patris
2986 3879 3299 3934 substantia
3351 3878 3614 3944 manavit,

2048 3980 2313 4041 tanquam
2356 3986 2386 4023 a
2432 3970 2640 4023 lumine
2675 3969 2957 4038 splendor,
2986 3970 3069 4024 vel
3121 3969 3190 4023 ab
3233 3970 3419 4038 aliquo
3466 3968 3618 4024 fonte

2046 4065 2223 4118 oritur
2268 4064 2494 4117 ﬂumen.
2536 4063 2631 4117 Est
2689 4063 2861 4133 igitur
2912 4063 3266 4117 cernentibus
3313 4062 3510 4117 Filium
3561 4071 3617 4118 et

2045 4154 2229 4210 Patris
2274 4153 2639 4210 substantiam
2675 4169 2923 4217 cernere,
2954 4161 3007 4207 ct
3038 4154 3305 4224 genitoris
3334 4156 3614 4224 proprium

2045 4263 2111 4303 ex
2148 4262 2214 4302 eo
2251 4246 2543 4314 concipere
2573 4264 2586 4299 :
2616 4245 2760 4314 quod
2813 4245 2938 4314 quia
2974 4246 3287 4298 universum
3321 4260 3444 4300 esse
3488 4243 3612 4299 Filii

2048 4354 2113 4393 ex
2144 4337 2325 4393 Patris
2362 4336 2672 4392 substantia
2703 4334 2971 4406 procedit,
3003 4336 3119 4403 ipse
3148 4342 3233 4388 est
3267 4334 3321 4386 in
3350 4333 3533 4401 Patre,
3561 4342 3617 4389 et

359 4435 524 4491 τοῦτο
558 4436 654 4489 καὶ
691 4439 719 4490 6
769 4436 829 4501 ἐξ
860 4438 1026 4491 αὑτοῦ
1072 4438 1351 4508 προελθὼν
1383 4439 1572 4508 Λόγος.
1600 4440 1851 4494 Φαίνεται
1883 4440 1940 4493 δὲ

2051 4447 2247 4487 rursus
2276 4445 2307 4485 e
2341 4438 2534 4485 contra
2564 4427 2725 4483 Pater
2756 4437 2840 4495 est
2886 4427 2940 4481 in
2978 4424 3139 4491 Filio,
3175 4428 3433 4495 quoniam
3468 4426 3612 4497 quod

357 4530 455 4583 καὶ
486 4528 634 4583 ἐστιν
681 4532 741 4582 ὲν
780 4530 914 4601 req),
950 4530 1140 4601 ὥσπερ
1169 4527 1261 4584 οὖν
1289 4532 1381 4585 καὶ
1405 4534 1462 4584 ὲν
1508 4532 1586 4603 τῷ
1614 4532 1865 4602 ποταμῷ,
1906 4534 1939 4602 ἡ

356 4616 552 4670 τοῦτον
583 4619 959 4683 ἀναϐλύζουσα
990 4622 1164 4691 πηγή.
1193 4621 1265 4672 Τὸ
1296 4620 1401 4693 γὰρ
1430 4620 1555 4673 ίδιον
1580 4620 1678 4690 τῆς
1700 4619 1795 4673 τοῦ
1827 4620 1940 4672 Πα-

363 4706 494 4775 τρδς
518 4709 699 4773 οὐσίας
730 4711 789 4762 ὲν
819 4710 931 4780 Υξῷ
963 4711 1216 4782 κείμενον
1237 4749 1254 4775 ,
1294 4711 1389 4764 καὶ
1434 4712 1529 4779 τῆς
1574 4710 1846 4782 θεότητος,
1871 4711 1936 4764 ἵν’

364 4802 540 4865 οὔτως
573 4803 727 4865 εἴπω.
752 4803 814 4856 τὸ
843 4799 1003 4869 εἶδος,
1034 4804 1272 4857 δεικνύει
1304 4804 1461 4857 πάλιν
1488 4804 1649 4857 αὐτὸν
1680 4806 1738 4857 ἐν
1770 4801 1938 4873 αὐτῷ.

374 4895 735 4965 Ἐπιτηρῆσαι
764 4895 821 4949 δὲ
844 4897 950 4967 χρὴ
975 4897 1167 4965 ὅτιπερ
1197 4896 1257 4948 οὑ
1292 4895 1393 4964 τῆς
1431 4895 1702 4965 τυχούσης
1733 4896 1939 4947 οἰκονο-

359 4986 496 5053 μίας
546 4986 708 5039 ἕνεκα
759 4986 856 5054 τὴν
887 4987 1144 5058 τοιαύτην
1189 4987 1373 5057 φωνὴν
1400 4987 1622 5057 εἴρηκεν
1660 4987 1688 5038 ό
1724 4986 1936 5056 Σωτήρ.

370 5075 592 5147 Ἐπειδὴ
638 5078 747 5149 γὰρ
785 5079 886 5148 τὴν
930 5080 1238 5149 ταύτότητα
1290 5079 1392 5149 τῆς
1437 5078 1670 5147 φύσεως,
1712 5078 1776 5150 ἦν
1823 5078 1936 5148 ἔχει

355 5170 499 5239 πρὸς
524 5170 615 5223 τὸν
640 5171 1005 5242 Γεννήσαντα,
1032 5172 1201 5237 δεῖξαι
1237 5172 1522 5243 βουληθεὶς
1557 5166 1730 5233 εἶπεν,
1756 5189 1774 5220 ι
1800 5168 1938 5237 Ἐγὼ

355 5261 454 5311 καὶ
477 5261 507 5312 6
531 5260 722 5332 Πατὴρ
751 5260 811 5315 ἓν
845 5262 1014 5333 ἐσμεν
1039 5280 1052 5294 ·
1079 5282 1097 5315 ι
1134 5264 1222 5318 ἴνα
1259 5265 1333 5334 μή
1364 5280 1449 5326 τις
1481 5260 1642 5316 αὐτὸν
1674 5256 1810 5314 εἶναι
1843 5265 1937 5314 καὶ¹

354 5350 584 5421 Πατέρα
614 5333 853 5406 καὶΫίὸν
882 5353 1166 5418 ὑπολάϐοι,
1188 5354 1370 5423 μόνοις
1384 5354 1644 5423 ὀνόμασιν
1672 5353 1751 5414 εἰς
1774 5351 1940 5406 δυάδα

350 5440 856 5510 διαστελλομένους,
897 5444 1057 5507 ὄντας
1098 5444 1156 5497 δὲ
1188 5445 1285 5513 οὑχ
1321 5444 1490 5508 οὕτως
1516 5445 1573 5496 ἐν
1618 5441 1934 5505 ὑποστάσει,

350 5532 672 5602 ἀναγκαίως
691 5534 1127 5608 ἑπεξηγούμενος
1153 5537 1288 5608 ὅπερ
1317 5535 1523 5608 εἴρηκε,
1555 5536 1648 5591 καὶ
1676 5533 1936 5603 σαφέστε-

425 5712 474 5745 ”
501 5711 660 5771 Joan.
694 5730 806 5782 xw,
844 5715 927 5771 il.

2047 4534 2131 4579 est
2166 4524 2257 4578 ille
2298 4532 2516 4585 natura,
2551 4522 2655 4576 hoc
2688 4530 2743 4577 et
2782 4536 2846 4576 ex
2884 4533 2949 4575 eo
2994 4519 3319 4589 proveniens
3352 4517 3611 4573 Verbum.

2045 4618 2290 4686 Apparet
2324 4630 2451 4677 vero
2478 4622 2533 4668 et
2558 4622 2644 4669 est
2686 4614 2742 4668 in
2789 4612 2953 4671 Filio.
2986 4610 3259 4681 quomodo
3283 4621 3339 4666 et
3368 4612 3422 4665 in
3450 4611 3613 4666 fluvio

2046 4709 2138 4777 qui
2172 4708 2323 4760 illuni
2367 4706 2597 4761 scaturit
2622 4712 2676 4760 et
2728 4705 2933 4760 emittit
2980 4703 3120 4758 fons.
3146 4701 3432 4772 Proprimn
3467 4705 3609 4757 enim

2043 4798 2225 4854 Patris
2265 4798 2590 4854 substantia:
2620 4799 2673 4852 in
2704 4795 2846 4851 Filio
2878 4797 3076 4862 situm;
3100 4804 3153 4850 et
3177 4795 3422 4862 deitatis,
3453 4803 3510 4849 ut
3538 4806 3612 4850 tta

2043 4888 2259 4957 loquar,
2300 4887 2516 4957 species
2567 4887 2765 4940 iterum
2822 4886 3003 4955 ipsum
3042 4888 3095 4940 in
3129 4901 3194 4942 eo
3235 4894 3609 4956 repraesentat.

2046 4978 2152 5034 Sed
2190 4988 2244 5034 et
2282 4978 2693 5034 observandum
2729 4984 2833 5041 est,
2875 4992 2983 5031 non
3025 4975 3093 5032 de
3124 4976 3299 5031 nihilo
3329 4991 3472 5042 esse,
3514 4990 3613 5030 nec

2044 5070 2256 5140 absque
2307 5084 2521 5125 summa
2581 5068 2797 5123 ordinis
2854 5069 3088 5128 ratione.
3138 5066 3284 5138 quod
3339 5066 3610 5136 ejusmodi

2044 5154 2233 5218 vocem
2307 5160 2533 5232 protulit
2592 5160 2875 5215 Serv-ator.
2938 5159 3392 5228 Quandoquidem
3463 5161 3612 5214 enim

2044 5255 2394 5310 identitatctn
2431 5265 2642 5308 natura:
2671 5269 2834 5323 quam
2870 5268 2994 5307 cum
3029 5251 3191 5306 Patre
3232 5250 3393 5306 habet
3421 5260 3610 5307 osten-

2041 5349 2171 5404 dere
2196 5348 2384 5401 volens
2422 5344 2559 5400 dixit
2588 5362 2602 5399 :
2643 5362 2662 5395 ι
2705 5344 2816 5414 Ego
2848 5352 2904 5399 et
2934 5342 3098 5399 Pater
3126 5359 3294 5397 unum
3335 5356 3549 5411 sumus,
3584 5360 3605 5394 ι

2044 5456 2109 5493 ne
2139 5438 2264 5509 quis
2300 5452 2428 5492 cum
2474 5451 2598 5491 esse
2630 5443 2686 5491 et
2725 5435 2937 5490 Patrem
2985 5444 3038 5491 et
3074 5430 3272 5490 Filium
3310 5433 3608 5497 existimet,

2042 5532 2175 5588 solis
2212 5528 2530 5586 nominibus
2572 5528 2628 5583 in
2674 5526 2951 5584 binarium
2998 5527 3231 5594 divisos,
3265 5538 3609 5597 nequaquam
