4062 6208
360 363 431 420 35
1350 355 1405 412 S.
1450 353 1723 411 CYRILLI
1763 354 2231 414 ALEXANDRINI
2269 356 2589 415 ARCHIEP.
3166 359 3176 368 ’
3538 371 3608 430 56

362 490 493 534 vero
524 474 777 532 similiter
804 475 1113 547 hypostast,
1133 474 1453 529 necessario
1471 475 1754 545 explicans
1784 472 1930 545 quod

2039 488 2128 543 ρον
2161 475 2272 536 τοῖς
2308 473 2676 544 ἀκροωμένοις
2724 473 2856 528 αὐτὸ
2905 474 3204 540 καθιστῶν,
3244 477 3495 552 ἐπιφέρει
3522 483 3605 547 τδ,

360 569 524 634 dixit,
562 583 627 623 ac
660 567 962 623 dilucidius
990 565 1346 621 audientibus
1386 565 1519 620 illud
1549 565 1810 629 reddens,
1839 564 1935 620 ad-

356 660 537 730 jungit
570 660 672 714 hoc
705 678 717 713 :
759 678 777 711 ι
813 658 924 728 Ego
947 659 1001 712 in
1035 659 1212 721 Patre,
1238 665 1289 711 et
1317 656 1550 711 Paterin
1572 673 1680 723 me,
1723 676 1741 708 ι
1784 665 1843 710 ιιι
1866 671 1934 712 ex

361 747 465 802 hoc
492 749 711 817 quidem
762 749 905 817 quod
937 747 989 801 in
1030 746 1147 808 illo,
1180 753 1238 799 et
1266 746 1357 799 ille
1394 745 1448 799 in
1502 745 1610 800 huc
1659 746 1932 812 cernitur,

362 840 702 896 identitatem
741 838 982 900 deitatis,
1014 846 1068 892 et
1101 837 1429 891 substantiae
1457 837 1718 892 unitatem
1751 848 1936 905 osten-

362 929 477 984 dat.
510 929 585 983 Ex
618 944 683 984 eo
710 943 840 982 vero
874 926 1017 996 quod
1051 927 1189 981 alter
1216 926 1268 979 in
1299 927 1469 980 altero
1495 928 1588 990 sit,
1611 942 1722 981 non
1765 943 1932 982 unum

362 1019 491 1091 quid
518 1033 747 1073 numero
773 1018 1102 1088 accipiatur,
1124 1015 1345 1087 quando
1374 1017 1535 1071 modo
1566 1015 1750 1080 Pater,
1776 1018 1935 1074 modo

360 1111 534 1166 Filius
569 1111 797 1174 dicitur,
828 1109 921 1164 sed
961 1125 1090 1164 vere
1149 1109 1541 1164 subsistentem
1590 1106 1828 1173 Patrem,
1881 1120 1936 1164 et

362 1204 753 1258 subsistentem
798 1200 1022 1266 Filium,
1068 1199 1345 1254 efﬁcacius
1384 1200 1745 1254 demonstret.
1772 1199 1936 1255 Pater

360 1295 505 1350 euim
539 1304 594 1349 et
634 1293 808 1347 Filius
844 1308 1013 1346 unum
1050 1291 1271 1362 quidem
1310 1300 1441 1346 sttnt
1499 1291 1803 1344 secundum
1839 1306 1934 1345 na-

362 1395 562 1449 turam,
592 1384 701 1438 duo
731 1398 860 1437 vero
889 1397 1137 1442 numero,
1170 1397 1278 1436 non
1317 1391 1575 1446 tanquam
1612 1394 1722 1434 uno
1748 1381 1935 1451 aliquo

362 1476 436 1530 ita
471 1475 524 1529 in
557 1475 694 1529 duas
738 1483 925 1545 partes
972 1473 1173 1537 diviso,
1205 1480 1266 1526 ut
1299 1472 1559 1542 deinceps
1591 1471 1742 1526 nulla
1780 1487 1934 1526 com-

361 1566 627 1619 munione
661 1563 808 1617 inter
837 1579 897 1618 se
927 1569 981 1616 et
1009 1560 1333 1616 habitudine
1366 1569 1553 1615 mutua
1575 1562 1887 1630 jungantur
1916 1579 1930 1615 :

360 1671 538 1726 neque
574 1669 770 1709 rursus
804 1662 1068 1723 tanquam
1107 1667 1216 1706 uno
1246 1651 1551 1722 eodemque
1579 1652 1801 1708 duobus
1833 1668 1936 1706 no-

362 1748 603 1802 minibus
638 1754 981 1816 nuucupato,
1030 1754 1090 1799 ut
1124 1743 1490 1815 appellatione
1523 1752 1684 1799 tenus
1732 1744 1931 1798 hinarii

2041 584 2061 616 r
2083 565 2223 633 Ἐγὼ
2254 568 2310 619 ὲν
2343 564 2422 635 τῷ
2450 564 2625 634 Πατρὶ
2667 565 2760 618 καὶ
2789 567 2818 619 6
2849 565 3035 637 Πατὴρ
3069 568 3127 619 ὲν
3155 569 3312 637 ἐμοὶ,
3352 587 3371 621 ι
3408 570 3494 624 ἵνα
3519 571 3609 627 διὰ

2039 656 2139 726 μὲν
2172 655 2266 709 τοῦ
2295 655 2483 708 τοῦτον
2512 656 2571 707 ἐν
2598 655 2809 726 ἐκείνῳ,
2849 658 3097 710 κάκεῖνον
3127 659 3183 710 ἐν
3216 658 3390 730 τούτῳ
3420 662 3607 729 φαίνει

2037 746 2182 812 σθαι,
2237 747 2334 818 τὴν
2375 747 2677 819 ταυτότητα
2729 748 2827 819 τῆς
2875 747 3125 820 θεότητος
3163 752 3255 803 καὶ
3290 752 3391 822 τῆς
3420 754 3608 818 ούσίας

2033 838 2133 908 τὴν
2161 837 2353 891 ἕνωσιν
2373 837 2539 909 δείξῃ.
2583 837 2682 891 Διά
2707 836 2763 891 δὲ
2802 837 2895 890 τοῦ
2935 839 3119 910 ἕτερον
3158 843 3214 894 ἐν
3237 842 3408 912 ἑτέρῳ
3441 838 3605 910 εἶναι,

2038 929 2112 1000 μὴ
2137 929 2195 981 ἓν
2227 946 2278 982 τι
2310 928 2385 982 ὣν
2416 929 2631 1000 ἀριθμῷ
2660 930 2845 1001 νοηθῇ,
2874 931 2902 983 6
2931 932 3060 984 ποτὲ
3092 931 3189 1001 μὲν
3227 933 3444 1005 Πατὴρ,
3476 935 3605 989 ποτὲ

2035 1022 2089 1074 δὲ
2136 1022 2281 1084 Υἱὸς
2314 1022 2550 1090 λέγεται,
2584 1020 2699 1074 ἀλλ’
2725 1021 2895 1085 ὅντως
2934 1022 3220 1090 ὑφεστῶτα
3261 1024 3478 1096 Πατέρα
3513 1027 3607 1079 καὶ

2036 1115 2319 1185 ὑφεστῶτα
2347 1112 2472 1167 Υἱὸν
2503 1115 2892 1186 ἐναργέστερον
2926 1115 3203 1188 ἀποδείξῃ.
3256 1116 3315 1170 ὐ
3349 1118 3458 1187 γὰρ
3492 1119 3604 1172 Πα-

2035 1202 2139 1278 τὴρ
2172 1206 2267 1259 καὶ
2309 1208 2336 1258 ὀ
2362 1205 2488 1268 Υἱὸς
2518 1205 2576 1257 ἓν
2627 1204 2726 1273 μὲν
2756 1207 2864 1258 είσὶ
2914 1205 3056 1258 κατά
3099 1206 3293 1275 φύσιν,
3327 1207 3419 1261 δύο
3451 1209 3508 1261 δὲ
3547 1211 3605 1261 ὲν

2030 1295 2273 1369 ἀριθμῷ,
2300 1297 2398 1366 οὐχ
2423 1297 2496 1360 ὡς
2522 1296 2638 1358 ἑνός
2670 1313 2812 1357 τινος
2854 1297 2932 1359 εἰς
2972 1295 3065 1349 δύο
3109 1297 3606 1367 καταδιαιρεθέντος

2038 1387 2200 1457 μέρη,
2223 1387 2297 1448 ὡς
2329 1381 2467 1439 εἶναι
2490 1384 2677 1439 λοιπὸν
2706 1386 2803 1456 τῆς
2827 1385 2961 1455 πρὸς
2993 1385 3195 1455 ἄλληλα
3232 1387 3515 1450 κοινωνίας
3544 1404 3603 1439 τε

2034 1476 2130 1529 καὶ
2155 1474 2394 1546 σχέσεως
2429 1475 2717 1546 ἀμέτοχοι·
2767 1475 2888 1530 οὕτε
2928 1476 3032 1549 μὴν
3072 1478 3147 1540 ὡς
3178 1477 3270 1530 τοῦ
3315 1477 3480 1531 αὑτοῦ
3510 1480 3606 1533 καὶ

2020 1566 2152 1628 ἑνὸς
2188 1565 2382 1628 διττοῖς
2417 1564 2674 1636 ὀνόμασιν
2727 1566 3168 1638 ἀποκαλουμένου
3190 1584 3203 1598 ο
3254 1568 3340 1620 ἵνα
3368 1569 3426 1620 ἐν
3469 1567 3603 1640 μόνῃ

2035 1656 2374 1727 προσηγορίᾳ
2404 1655 2658 1724 φαίνηται
2684 1658 2782 1728 τῆς
2802 1657 2990 1721 δυάδος
3027 1660 3059 1729 ἠ
3095 1657 3339 1728 δύναμις.
3371 1660 3504 1712 Οὐδὲ
3528 1659 3604 1722 ὡς

2028 1745 2128 1799 τοῦ
2165 1747 2350 1811 αὐτοῦ,
2376 1748 2505 1801 ποτὲ
2547 1748 2645 1818 μὲν
2680 1748 2911 1819 Πατρὸς,
2959 1750 3085 1803 ποτὲ
3132 1750 3188 1803 δὲ
3215 1750 3344 1803 Υἱοῦ
3377 1749 3607 1821 λεγομέ-

360 1839 446 1894 vis
479 1846 759 1908 appareat.
791 1835 979 1906 Neque
1006 1851 1173 1907 porro
1203 1836 1392 1890 eodem
1429 1836 1566 1890 alias
1596 1833 1930 1899 Patre,alias

2035 1856 2126 1891 νου
2148 1857 2161 1871 ·
2183 1839 2342 1893 τοῦτο
2367 1842 2475 1912 γὰρ
2503 1840 2792 1894 Σαϐελλίου
2824 1843 2885 1895 τὸ
2922 1842 3116 1913 δόγμα.
3176 1844 3313 1897 Ἀλλ’
3351 1846 3455 1897 είσὶ
3482 1845 3602 1914 μὶν,

358 1916 500 1986 Filio
527 1931 697 1994 dicto,
726 1930 873 2000 quod
901 1940 986 1985 est
1013 1929 1210 1999 dogma
1239 1927 1483 1982 Sabellii.
1510 1920 1630 1980 Sed'
1663 1935 1792 1981 sunt
1830 1942 1933 1980 nu-

360 2038 510 2078 mero
555 2022 685 2090 duo,
731 2024 935 2093 quippe
981 2031 1064 2078 est
1124 2021 1284 2076 Pater
1339 2010 1554 2090 semper
1605 2017 1787 2082 Pater,
1834 2020 1930 2091 qui

358 2130 637 2186 nunquam
682 2115 736 2169 in
768 2113 965 2169 Filium
1010 2119 1275 2176 mutatur,
1306 2121 1360 2167 et
1409 2127 1604 2167 rursus
1635 2119 1720 2167 est
1756 2111 1932 2168 Filius

359 2221 578 2276 semper
613 2203 806 2272 Filius,
852 2206 943 2275 qui
987 2219 1268 2274 nunquam
1314 2204 1369 2258 in
1407 2202 1621 2259 Patrem
1660 2203 1932 2259 transfor-

359 2307 540 2352 matur
566 2316 579 2352 :
602 2296 764 2369 675
793 2312 1028 2367 cumque
1071 2312 1131 2359 se
1170 2296 1243 2350 ita
1279 2312 1368 2352 res
1405 2296 1623 2359 habeat,
1655 2304 1710 2350 et
1740 2311 1933 2351 nume-

358 2406 456 2445 rus
506 2390 562 2444 in
606 2391 823 2445 binario
867 2390 938 2445 sit
970 2390 1209 2460 positus,
1249 2398 1303 2443 et
1335 2403 1441 2442 una
1472 2400 1556 2443 est
1585 2395 1779 2442 natura
1810 2402 1930 2441 am-

358 2482 555 2544 bobus,
615 2491 672 2536 et
728 2481 937 2540 eadem,
984 2480 1242 2535 voluntas
1301 2495 1365 2534 ac
1421 2479 1621 2542 deitas,
1681 2477 1930 2548 genitura

358 2587 579 2642 semper
606 2574 913 2643 genitorem
950 2578 1385 2642 repraesentante
1415 2586 1428 2623 :
1458 2577 1540 2624 est
1574 2569 1719 2623 enim
1751 2570 1931 2641 imago

356 2672 411 2719 et
465 2662 725 2733 splendor
775 2671 832 2718 et
883 2663 1175 2717 character
1228 2662 1552 2717 substantiae
1607 2661 1786 2716 Patris
1836 2660 1929 2715 Fi-

358 2756 465 2810 lius
492 2755 570 2822 ³³;
598 2756 678 2811 sic
709 2756 853 2809 enim
890 2770 1059 2808 unum
1094 2753 1333 2809 dicimus
1364 2768 1486 2807 esse
1515 2752 1681 2806 Deum
1712 2760 1930 2821 propter

358 2846 697 2902 identitatcm
745 2856 958 2901 natura:
1003 2844 1187 2900 Patris
1221 2861 1346 2901 cum
1380 2842 1520 2898 Filio
1559 2851 1614 2899 et
1642 2842 1766 2897 Filii
1801 2858 1926 2898 cum

357 2937 541 2993 Patre.
571 2938 1042 3003 Quemadmodum
1077 2949 1257 2992 autem
1293 2938 1483 3004 lumen,
1511 2944 1565 3003 et
1598 2935 1867 3005 fulgorem
1897 2950 1927 2989 a

356 3029 471 3084 sole
497 3030 765 3084 emissum
795 3044 904 3083 non
937 3031 1064 3100 quis
1097 3029 1296 3088 dixerit
1328 3028 1630 3084 secundum
1676 3039 1926 3082 naturam

357 3120 507 3175 aliud
552 3136 676 3183 esse
710 3121 892 3176 lumen
937 3122 1007 3176 ab
1054 3123 1170 3186 illo,
1208 3130 1305 3176 aut
1348 3120 1650 3177 secundum
1692 3121 1926 3191 partici-

2033 1929 2251 2001 ἀριθμῷ
2276 1930 2397 1983 δύοο
2421 1930 2536 1984 ἔστι
2568 1932 2678 2003 γὰρ
2708 1935 2736 1985 6
2757 1933 2968 2003 Πατὴρ,
2993 1934 3078 1986 ἀεὶ
3115 1934 3322 2004 Πατὴρ,
3351 1933 3604 1986 οὐδέποτε

2034 2024 2114 2085 εἰς
2143 2023 2271 2075 Υίδν
2308 2022 2792 2093 μεταποιούμενος,
2820 2024 3110 2077 καῖπάλιν
3139 2026 3167 2077 6
3194 2024 3341 2091 Υἱὸς,
3375 2025 3461 2079 ἀεὶ
3475 2024 3606 2090 Υἱὸς

2033 2114 2289 2167 οὐδέποτε
2319 2114 2399 2177 είς
2432 2114 2649 2185 Πατέρα
2675 2112 3140 2184 μεταϐαλλόμενος
3157 2124 3171 2140 ⁶
3205 2112 3348 2167 οὕτω
3370 2114 3425 2166 δὲ
3453 2113 3606 2191 ὄντος

2032 2204 2126 2259 τοῦ
2152 2205 2498 2277 πράγματος,
2535 2204 2631 2258 καὶ
2652 2208 2708 2257 ἐν
2733 2205 2886 2258 δυάδι
2912 2205 3164 2275 κειμένου
3187 2205 3281 2258 τοῦ
3326 2203 3557 2275 ἀριθμοῦ
3582 2240 3599 2270 ,

2035 2296 2134 2368 μία
2154 2314 2213 2349 τε
2247 2296 2403 2364 φύσις
2440 2296 2770 2367 ἀμφοτέροις
2799 2296 2892 2349 καὶ
2919 2297 2951 2366 ἡ
2981 2295 3117 2366 αὑτὴ
3142 2298 3235 2348 καὶ
3264 2295 3482 2366 Θέλησις
3508 2296 3602 2348 καὶ

2032 2388 2245 2459 θεότης,
2271 2388 2506 2451 ἐοικότος
2531 2389 2618 2441 ἀεὶ
2646 2389 2740 2442 τοῦ
2780 2390 3118 2459 γεννήματος
3145 2387 3222 2460 τῷ
3249 2389 3600 2458 γεγεννηκότι

2033 2478 2275 2548 φυσικῶς
2299 2495 2314 2509 ·
2341 2475 2506 2531 εἰκὼν
2537 2479 2645 2550 γάρ
2675 2479 2792 2531 ἐστι
2817 2478 2911 2532 καὶ
2941 2479 3282 2550 ἀπαύγασμα
3316 2480 3410 2532 καὶ
3427 2496 3602 2550 χαρα-

2034 2571 2173 2643 κτὴρ
2204 2572 2302 2642 τῆς
2327 2570 2421 2624 τοῦ
2468 2570 2682 2640 Πατρδς
2722 2570 2911 2633 οὐσίας
2936 2572 2965 2623 6
2991 2570 3148 2634 Υἱός·
3201 2570 3342 2625 οὕτω
3373 2572 3481 2643 γὰρ
3508 2572 3603 2625 ἕνα
3701 2637 3707 2642 ι

2032 2661 2213 2733 φαμὲν
2234 2658 2375 2715 εἶναι
2408 2662 2541 2714 Θεὸν
2566 2661 2654 2714 διὰ
2676 2661 2775 2730 τὴν
2793 2660 3096 2731 ταυτότητα
3126 2661 3226 2731 τῆς
3257 2661 3469 2729 φύσεως
3490 2664 3602 2715 Πα-

2028 2753 2154 2823 τρδς
2182 2753 2315 2823 πρὸς
2349 2751 2475 2804 Υίδν
2506 2753 2599 2804 καὶ
2618 2750 2743 2804 Υίοῦ
2771 2750 2910 2822 πρὸς
2932 2752 3170 2823 Πατέρα.
3196 2752 3302 2804 Καὶ
3329 2751 3514 2822 ὥσπερ
3539 2752 3601 2804 τὸ

2029 2844 2092 2895 ἐκ
2124 2841 2218 2895 τοῦ
2245 2842 2398 2913 ἡλίου
2434 2841 2788 2912 πεμπόμενον
2816 2841 2931 2910 φῶς
2960 2841 3052 2894 καὶ
3101 2840 3463 2911 ἀπαύγασμα,
3501 2843 3600 2895 οὐκ

2028 2934 2094 2988 ἄν
2125 2950 2206 2997 τις
2241 2933 2386 2986 εἴποι
2418 2932 2561 2986 κατά
2586 2932 2745 3001 φύσιν
2768 2932 2957 3002 ἕτερον
2979 2927 3117 2983 εἶναι
3147 2930 3260 2999 φῶς
3290 2930 3419 3002 παρ’
3454 2933 3600 2983 ἐκεῖ-

2028 3043 2138 3088 νον,
2180 3025 2212 3096 ἢ
2243 3024 2385 3096 κατά
2413 3023 2703 3094 μετουσίαν
2742 3023 2861 3076 τινὰ
2893 3022 2987 3075 καὶ
3016 3021 3198 3091 σχέσιν
3226 3021 3324 3093 τὴν
3347 3020 3405 3086 ἐξ
3436 3020 3599 3074 αὐτοῦ

2028 3118 2267 3179 τοιοῦτον
2296 3115 2570 3186 γενέσθαι,
2595 3115 2708 3170 ἀλλ’
2733 3116 2901 3178 ὅντως
2937 3115 3094 3184 φύσει
3121 3114 3307 3184 προϊὸν
3323 3114 3380 3180 ἐξ
3399 3113 3564 3167 αὐτοῦ
3582 3124 3600 3145 ⁸

356 3211 635 3280 pationem
673 3212 916 3282 aliquam
970 3221 1024 3267 et
1073 3213 1449 3268 habitudinem
1496 3215 1563 3267 ab
1613 3228 1679 3268 eo
1726 3213 1928 3284 depen-

2033 3208 2126 3260 καὶ
2155 3205 2248 3260 δύο
2276 3205 2375 3277 μὲν
2400 3204 2573 3258 ταῦτα
2606 3205 2759 3274 φῶτα
2784 3208 2904 3258 κατ’
2925 3205 3166 3257 ἐπίνοιαν
3210 3206 3422 3274 ὁρᾶται,
3456 3203 3515 3257 ἓν
3542 3203 3602 3257 δέ

358 3302 578 3358 dentem
613 3304 722 3359 tale
751 3320 898 3369 esse,
929 3304 1024 3359 sed
1056 3320 1184 3360 vere
1218 3313 1417 3359 natura
1458 3321 1522 3360 ex
1550 3320 1617 3360 eo
1649 3304 1932 3376 prodiens,

357 3400 412 3448 et
456 3394 566 3449 duo
619 3396 841 3464 quidem
896 3396 1011 3450 haec
1053 3396 1260 3451 lumina
1312 3397 1730 3466 concipiuntur,
1762 3411 1934 3449 unttm

354 3501 485 3541 vero
534 3497 661 3542 sunt
717 3488 1023 3543 secundum
1074 3497 1331 3544 naturam
1375 3505 1389 3541 2
1435 3490 1517 3542 sic
1574 3502 1734 3541 nemo
1781 3494 1934 3541 ret-ta

355 3594 478 3632 cum
511 3579 744 3641 ratione,
771 3579 993 3634 tametsi
1041 3580 1326 3635 scindatur
1359 3578 1541 3633 Patris
1577 3587 1624 3634 et
1669 3576 1793 3633 Filii
1825 3594 1931 3632 nu-

356 3681 558 3730 merus,
592 3666 736 3721 aliud
771 3666 1039 3736 quiddam
1071 3668 1218 3722 dicet
1267 3682 1296 3720 a
1326 3666 1488 3742 Patre
1516 3666 1714 3721 Filium
1745 3666 1927 3737 quoad

356 3751 609 3809 deitatem
654 3763 709 3811 et
758 3758 1086 3811 substantia:
1131 3756 1494 3811 identitatem.
1531 3755 1634 3811 Sed
1666 3755 1927 3827 quemad-

355 3845 577 3899 modum
612 3847 697 3902 sol
729 3848 782 3901 in
821 3848 1037 3916 fulgore
1073 3864 1101 3901 a
1133 3863 1193 3903 se
1229 3847 1556 3918 prodeunte,
1586 3855 1640 3902 ct
1668 3848 1846 3917 fulgor
1871 3847 1924 3902 in

355 3937 471 4016 sole
501 3953 533 3992 a
571 3954 682 4010 quo
717 3941 940 4009 prodiit,
968 3942 1047 3996 sic
1084 3948 1170 3997 est
1200 3940 1361 3996 Pater
1391 3942 1444 3995 in
1479 3939 1638 4005 Filio,
1667 3949 1723 3996 et
1751 3938 1924 3996 Filius

353 4028 411 4082 in
442 4026 621 4094 Patre,
668 4046 901 4086 numero
949 4031 1004 4085 in
1050 4032 1324 4087 biuarium
1361 4032 1544 4097 divisi,
1573 4040 1627 4088 et
1663 4032 1746 4087 sic
1779 4032 1925 4087 exsi-

354 4126 564 4174 stentes
615 4119 670 4173 in
726 4120 1047 4192 hypostasi,
1094 4122 1388 4179 identitate
1420 4139 1551 4179 vero
1607 4133 1817 4178 natura;
1866 4122 1924 4177 in

353 4227 521 4267 unam
549 4212 804 4269 deitatem
841 4214 1136 4285 compacti.
1174 4246 1180 4253 ι

424 4303 491 4369 X,
529 4305 617 4361 40.
650 4303 718 4359 Et
754 4307 883 4361 abiit
914 4325 1099 4363 rursus
1130 4317 1277 4364 trans
1304 4306 1618 4374 Iordanem,
1649 4316 1758 4364 etc.

422 4483 653 4539 Relictis
680 4483 1083 4555 Hierosolymis
1103 4485 1368 4539 Servator
1388 4485 1443 4538 in
1462 4485 1645 4538 locum
1677 4484 1926 4539 fontibus

351 4573 746 4630 scaturientem
790 4573 1040 4641 trajicit,
1074 4575 1228 4629 velut
1266 4575 1322 4628 in
1365 4573 1542 4644 figura
1578 4572 1837 4627 indicans
1867 4589 1928 4628 se

352 4665 679 4721 relicturum
732 4662 1016 4727 Judaeum,
1072 4674 1127 4721 et
1189 4665 1258 4718 ad
1313 4665 1559 4735 gentium
1617 4663 1953 4720 Ecclesiam‘

353 4754 721 4822 migraturum
744 4794 763 4820 ,
795 4765 921 4826 qua:
959 4754 1143 4812 fontes
1188 4755 1354 4812 habet
1400 4754 1784 4825 baptismatis,
1815 4769 1925 4825 quo

354 4848 477 4901 loco
509 4846 667 4900 multi
704 4848 923 4918 quidem
977 4848 1045 4904 ad
1098 4863 1223 4902 eum
1280 4847 1550 4904 accedunt
1595 4846 1955 4902 transmisso

350 4935 590 4993 Iordane
617 4957 631 4993 :
665 4938 775 4993 hoc
807 4941 953 4994 enim
989 4939 1235 4996 declarat
1265 4940 1414 4996 istud
1448 4948 1600 4995 trans
1629 4936 1922 4993 Jordanem

351 5029 624 5086 diversari
648 5029 946 5090 Christum
967 5075 981 5087 .
1006 5072 1019 5087 .
1056 5075 1070 5088 .
1102 5031 1202 5098 Qui
1238 5033 1411 5102 igitur
1440 5030 1778 5101 trajecerant
1804 5028 1925 5083 Jor-

352 5121 553 5176 danem
583 5136 682 5192 per
703 5129 961 5183 sanetum
986 5122 1260 5192 baptisma
1281 5120 1608 5177 deferuntur
1627 5118 1692 5173 ad
1716 5117 1882 5173 Deum
1908 5134 1922 5171 :

420 5261 467 5293 ⁸³
505 5259 670 5316 Hebr.
704 5273 761 5324 ι,
795 5259 850 5314 5.

425 5387 500 5458 (ί)
523 5385 693 5458 Paulo
714 5389 868 5444 aliter
888 5386 1374 5447 catenaVaticana.
1396 5384 1492 5458 ιρι.
1508 5382 1615 5458 ἓΙἹ
1635 5381 1697 5444 Β,
1718 5396 1804 5458 ap.
1824 5380 1925 5458 Mai

354 5450 494 5515 ibid;
510 5472 536 5529 :7
558 5460 633 5511 Δι’
655 5452 730 5512 ὧν
750 5459 849 5529 μέν
871 5477 952 5513 τοι
972 5458 1336 5529 ἀπανίσταται
1354 5455 1478 5529 ,τῆς
1507 5450 1863 5529 Ἰερουσαλὴμ
1897 5451 1926 5501 6

353 5528 639 5600 Χριστὸς,
669 5520 964 5600 divinaret
1010 5530 1091 5600 δτι
1135 5520 1614 5600 ’καταλείψειημξν
1659 5521 1759 5583 τὴν
1798 5520 1928 5600 Ἰου-

351 5588 526 5663 enim,
563 5588 656 5669 tia
679 5599 737 5669 δὲ
765 5598 863 5669 τὴν
893 5593 1343 5669 Ἐκκλησίαν-τὴν
1368 5588 1632 5669 ἑξβσνῷν
1657 5657 1668 5669 ,
1692 5588 1930 5669 μ,ετασή;

352 5657 523 5738 σεται,
538 5667 641 5736 τὴν
668 5657 895 5738 ἔχουσαν
911 5667 982 5738 Δὲν
1003 5657 1165 5738 ἑαυτῇ
1183 5657 1625 5738 εὴνξπηγὴν-τὴν
1647 5657 1807 5738 ἁγίαν
1833 5657 1927 5709 τοῦ

356 5725 749 5808 βαπίσμάτῶ,
771 5734 1014 5790 τουτέστι
1051 5725 1164 5786 τδν”
1183 5725 1475 5801 Ἰορδάνην,
1504 5725 1564 5781 ὃν
1582 5725 1629 5779 οι
1660 5725 1931 5797 περάσαν-

2031 3299 2137 3352 είσι
2175 3298 2317 3351 κατά
2339 3296 2527 3366 φύσιν·
2550 3296 2736 3360 ,οὕτως
2771 3297 2871 3349 οὐκ
2897 3295 2962 3349 ἄν
2992 3312 3077 3358 τις
3117 3294 3387 3362 εὐλόγως,
3430 3297 3478 3349 εί
3510 3294 3602 3348 καὶ

2031 3391 2112 3454 είς
2148 3388 2310 3441 δυάδα
2357 3388 2607 3458 τέμνοιτο
2636 3387 2848 3456 Πατρός
2879 3403 2937 3438 τε
2965 3385 3060 3438 καὶ
3099 3385 3230 3438 Υἱοῦ
3274 3388 3302 3439 6
3344 3384 3596 3456 ἀριθμὸς,

2030 3480 2217 3547 ἔτερόν
2245 3484 2297 3529 τι
2324 3476 2472 3546 παρὰ
2513 3475 2604 3527 τὸν
2632 3474 2852 3544 Πατέρα
2891 3474 3008 3543 ἐρεῖ
3046 3471 3137 3524 τὸν
3171 3470 3321 3535 Υίδν,
3353 3471 3476 3525 ὅσον
3522 3471 3601 3533 είς

2031 3568 2131 3638 τὴν
2165 3567 2391 3634 θεότητα
2427 3566 2519 3618 καὶ
2561 3564 2660 3634 τὴν
2714 3561 3018 3633 ταυτότητα
3070 3561 3164 3629 τῆς
3205 3560 3410 3623 οὐσίας.
3462 3559 3600 3612 Ἀλλ’

2033 3657 2222 3727 ὥσπερ
2253 3656 2281 3706 6
2309 3654 2459 3727 ἥλιος
2479 3656 2536 3707 ἐν
2560 3653 2637 3724 τῷ
2671 3654 3068 3721 ἀπαυγάσματί
3103 3652 3218 3704 ἐστι
3240 3650 3317 3720 τῷ
3352 3648 3410 3713 ἐξ
3435 3648 3599 3702 αὐτοῦ

2034 3746 2384 3818 προελθόντι,
2427 3748 2520 3799 καὶ
2562 3745 2624 3798 τδ
2676 3743 3016 3813 ἀπαύγασμα
3063 3743 3120 3795 ὲν
3154 3742 3234 3811 τῷ
3254 3740 3398 3811 ,ἡλίῳ
3420 3738 3512 3808 ἀφ’
3541 3734 3601 3793 οὗ

2033 3838 2129 3892 και
2159 3836 2413 3908 ἐξῆλθεν·
2439 3822 2759 3900 οὕτωςἐστι
2785 3833 2975 3904 Πατὴρ
3009 3834 3066 3886 ὲν
3090 3831 3203 3902 Υιῴ
3256 3831 3348 3883 καὶ
3386 3829 3512 3891 re;
3542 3829 3602 3882 ὲν

2030 3928 2206 4001 Πατρί
2228 3946 2242 3959 ·
2275 3927 2494 3999 ἀριθμῷ
2528 3928 2624 3998 μὲν
2652 3926 2730 3989 είς
2755 3924 2922 3979 δυάδα
2956 3920 3285 3992 ,τεμνόμενοι
3334 3920 3427 3973 καὶ
3451 3918 3602 3982 ὄντες

2029 4019 2201 4085 οὕτως
2232 4023 2290 4075 ὲν
2309 4020 2622 4080 ὑποστάσει,
2657 4016 2801 4085 τῇδὲ
2826 4013 3116 4080 ταυτότητι
3147 4012 3245 4080 τῆς
3274 4009 3489 4079 φύσεως
3520 4011 3600 4073 είς

2034 4112 2163 4180 μίαν
2193 4111 2543 4180 σφιγγόμενοι
2573 4106 2821 4172 θεότητα.

2095 4284 2209 4338 Καὶ
2231 4282 2466 4354 ἀπῆλθε
2489 4280 2673 4337 πάλιν
2694 4279 2882 4348 πέραν
2902 4276 3007 4332 τοῦ
3038 4275 3340 4345 Ἰορδάνου
3361 4315 3377 4344 ,
3402 4278 3498 4332 καὶ
3529 4276 3599 4337 τὰ

1951 4389 1996 4446 D
2024 4378 2169 4448 ἑξῆς.
2262 4395 2270 4403 '

2107 4471 2196 4523 Ἐν
2226 4464 2373 4537 τόπῳ
2396 4465 2578 4537 πηγὰς
2612 4465 2785 4535 ἔχοντι
2816 4461 3204 4535 μεθορμίζεται
3239 4463 3268 4516 6
3288 4460 3496 4532 Σωτὴρ,
3526 4456 3596 4512 τὰ

2035 4558 2383 4631 Ἰεροσόλυμα
2422 4553 2759 4619 καταλιπὼν,
2793 4556 2879 4607 ’ίνα
2926 4554 3002 4617 ὡς
3035 4554 3123 4606 διὰ
3170 4552 3341 4605 τύπου
3383 4547 3594 4616 αίνίξη-

2021 4669 2111 4706 ται
2137 4651 2213 4715 ὡς
2262 4648 2572 4716 καταλείψει
2623 4647 2722 4719 μὲν
2753 4648 2851 4719 τὴν
2924 4647 3219 4711 Ἰουδαίαν,
3251 4644 3341 4697 ἐπὶ
3382 4643 3483 4712 τὴν
3535 4638 3596 4704 ἐξ

2023 4744 2191 4799 ἐθνῶν
2224 4743 2281 4797 δὲ
2320 4740 2644 4810 Ἐκκλησίαν
2695 4740 3058 4812 μεταϐήσεται
3103 4738 3199 4810 τὴν
3240 4737 3467 4808 ἔχουσαν
3496 4732 3596 4796 τὰς

2032 4836 2214 4908 πηγὰς
2256 4834 2348 4889 τοῦ
2398 4833 2770 4906 βαπτίσματος
2810 4834 2906 4902 (1)·
2960 4831 3088 4885 ἔνθα
3128 4830 3223 4884 καὶ
3265 4827 3596 4901 προσέρχονο

2028 4947 2117 4983 ται
2168 4926 2317 4998 αὐτῷ
2380 4926 2563 4980 πολλοὶ
2619 4922 3091 4995 διαπεραιούμενοι
3142 4922 3234 4976 τὸν
3301 4920 3594 4992 ἰορδάὕηνο

2028 5020 2185 5074 τοῦτο
2217 5019 2326 5090 γὰρ
2354 5017 2505 5088 δηλοῖ
2534 5016 2594 5070 τὸ
2629 5017 2801 5086 πέραν
2842 5014 2936 5067 τοῦ
2986 5014 3248 5085 Ἰορδάνου
3281 5009 3596 5075 αὐλίζεσθαι

2030 5114 2123 5168 τὸν
2165 5109 2420 5184 Χριστόν.
2468 5109 2533 5162 Ol
2567 5107 2744 5161 τοίνυν
2788 5105 3127 5178 περάσαντες
3171 5107 3262 5160 τὸν
3325 5102 3594 5173 Ἰορδάνην

2031 5394 2123 5440 τες
2145 5375 2232 5429 διὰ
2256 5375 2348 5428 τοῦ
2376 5375 2532 5442 ἁγίου

2105 5445 2243 5498 Dum
2272 5446 2382 5497 abit
2426 5443 2808 5512 Hierosolymis
2841 5445 3102 5507 Christus,
3138 5446 3309 5499 innuit
3350 5462 3405 5499 se
3444 5448 3592 5501 dere-

2035 5516 2283 5586 ticturum
2326 5512 2596 5586 Judwam,
2629 5524 2785 5584 atque
2827 5514 2896 5568 ad
2941 5516 3262 5569 ethnicorum
3310 5531 3592 5586 congregaj

2037 5585 2229 5638 tionem
2298 5583 2823 5654 transmigralurum,
2878 5601 2996 5654 quia
3053 5594 3296 5639 sanctum
3345 5583 3586 5653 baptismi

2037 5654 2234 5722 fontem
2262 5653 2401 5721 apud
2439 5670 2493 5726 se
2528 5653 2704 5718 habet,
2754 5655 2807 5707 id
2835 5663 2915 5708 est
2966 5653 3277 5723 Iordanem,
3315 5671 3463 5726 quem
3500 5654 3589 5723 qui

2040 5738 2129 5793 per
2169 5731 2411 5778 sanctum
2443 5723 2760 5793 baptismum
2791 5733 3085 5792 transeant,
3121 5734 3226 5782 etc.
3328 5723 3337 5726 ⁷
3564 5732 3570 5738 ‘

2570 5374 2964 5445 βαπτίσματος.

4052 920 4062 1237 J
