4062 6208
328 284 408 342 3'2
1184 272 1260 332 ἸΝ
1300 272 1645 333 JOANNEM.
1673 307 1742 316 —
1769 272 1904 330 LIB.
1943 271 2038 331 VII
2068 271 2156 329 ET
2194 270 2309 328 Vill
2343 269 2810 333 FRAGMENTA"

3533 271 3611 331 38

337 400 429 455 διὰ
483 394 577 452 τοῦ
635 395 790 462 ἁγίου
855 391 1255 465 βαπτίσματος,
1310 392 1737 462 ἀποκομίζονται
1791 390 1918 462 πρὸς

2031 387 2304 459 siquidem
2338 386 2563 442 transiit
2587 400 2617 439 a
2641 385 2930 456 Synagoga
2949 381 3262 440 Iudaeorum
3294 385 3361 442 ad
3392 398 3605 460 gentes,

337 492 491 549 Θεόν·
521 490 616 545 καὶ
667 488 779 558 7&9
826 486 1030 559 μετέϐη
1068 486 1176 540 ἀπὸ
1196 486 1297 555 τῆς
1328 485 1436 539 τῶν
1478 483 1747 538 Ἰουδαίων
1789 484 1922 536 Συν-

338 581 560 652 αγωγῆς
586 579 686 633 ἐπὶ
714 577 785 631 τὰ
806 576 960 648 ἔθνη·
983 577 1079 630 καὶ
1106 575 1227 629 τότε
1256 575 1442 629 πολλοὶ
1468 570 1630 646 ἦλθον
1656 574 1794 645 πρὸς
1819 574 1917 628 αύ-

336 673 447 734 τὸν,
479 671 574 724 καὶ
606 668 929 722 ἐπίστευσαν
951 666 1224 736 ταῖςαπερὶ
1242 664 1406 719 αὐτοῦ
1439 656 1743 735 λεχθείσαις
1771 662 1919 736 παρά

338 762 445 816 τῶν
475 760 648 830 ἁγίων
701 761 928 828 φωναῖς,
963 758 1058 810 καὶ
1107 756 1425 811 πιστεύουσι
1452 757 1533 819 εἰς
1577 755 1739 809 αὐτὸν
1779 757 1915 818 ἐκεῖ,

341 854 474 906 ὅπου
519 851 578 906 αἱ
626 849 734 902 τῶν
783 848 993 902 ὑδάτων
1033 847 1230 918 πηγαὶ,
1284 847 1418 899 ὅπου
1462 845 1524 899 τὸ
1559 846 1652 898 ἐπὶ
1699 842 1921 916 Χριστῷ

338 938 704 1010 διδασκόμεθα
727 938 1045 1007 μυστήριον.
1092 937 1149 989 Ὀ
1189 935 1296 1007 7&9
1322 936 1556 1009 Χριστὸς
1584 936 1684 988 οὐκ
1716 935 1773 987 ἐν
1810 937 1922 997 τοῖς

340 1032 478 1101 πρὸς
536 1028 807 1100 Ἰορδάνην
846 1026 1080 1096 νάμασιν
1118 1021 1209 1097 ἦν’
1262 1025 1398 1079 ἀλλά
1443 1025 1616 1095 πέραν
1660 1039 1782 1076 που·
1826 1023 1923 1077 καὶ

340 1119 511 1174 ἐλθὼν
531 1118 746 1188 ἔμεινεν
785 1118 843 1169 ἐν
870 1118 935 1187 τῇ
970 1114 1029 1181 ἐξ
1052 1114 1220 1168 ἐθνῶν
1262 1112 1557 1185 Ἐκκλησία
1584 1112 1919 1185 προσμείνας

341 1210 574 1278 παγίως.
607 1207 871 1279 Τιμῶμεν
912 1206 969 1259 δὲ
996 1205 1086 1258 τὸν
1129 1205 1405 1274 Ἰωάννην,
1435 1206 1532 1275 οὐχ
1576 1205 1652 1268 ὡς
1689 1206 1915 1276 ἐνεργή-

340 1303 513 1359 σαντά
552 1319 603 1355 τι
645 1297 970 1370 θεοπρεπὲς,
1014 1296 1129 1351 ἀλλ’
1170 1296 1246 1362 ὡς
1289 1295 1461 1366 ἀληθῆ
1509 1296 1637 1366 περὶ
1679 1295 1917 1366 Χριστοῦ

344 1395 783 1467 μαρτυρήσαντα.
848 1389 921 1442 Ού
981 1388 1139 1459 μόνον
1180 1389 1289 1459 7&9
1339 1387 1584 1441 Ἰωάννου
1602 1425 1617 1449 ,
1657 1386 1794 1441 ἀλλά
1826 1387 1919 1440 καὶ

345 1486 545 1549 παντὸς
571 1482 725 1552 ἁγίου
754 1482 786 1534 6
831 1480 1063 1551 Χριστὸς
1111 1480 1568 1551 θαυμαστότερος·
1601 1480 1652 1532 οἱ
1684 1480 1781 1549 μὲν
1810 1480 1918 1550 γὰρ

347 1575 645 1648 ⁸προφῆται,
687 1576 716 1627 6
742 1570 800 1626 δὲ
844 1571 975 1634 Θεὸς
1010 1570 1442 1643 θαυματουργός.
1486 1570 1826 1643 Σημειωτέον
1863 1571 1920 1625 δὲ

2027 489 2081 535 et
2099 490 2231 536 tunc
2254 480 2406 535 multi
2442 486 2716 537 venerunt
2740 476 2808 532 ad
2841 492 2997 545 eum,
3027 487 3082 533 et
3107 479 3461 536 crediderunt
3482 495 3608 536 ver-

2028 572 2112 628 bis
2150 572 2218 628 de
2247 586 2314 625 eo
2348 586 2445 643 per
2482 578 2711 626 sanctos
2750 569 3016 639 prolatis,
3054 579 3109 624 et
3149 569 3224 624 ibi
3267 571 3507 625 credunt
3546 574 3605 627 in

2024 679 2192 725 eum,
2235 662 2331 718 ubi
2381 676 2651 732 aquarum
2696 668 2827 715 sunt
2869 660 3089 725 fontes,
3127 660 3220 715 ubi
3260 660 3467 716 Christi
3507 663 3606 718 do-

2025 768 2216 807 cemur
2257 753 2605 824 mysterium.
2646 749 2904 807 Christus
2943 753 3087 807 enim
3129 767 3238 807 non
3277 762 3394 807 erat
3434 752 3500 806 ad
3533 754 3605 808 ri-

2024 860 2122 899 vos
2172 845 2320 899 circa
2371 842 2698 909 Jordanem,
2736 844 2832 899 sed
2874 844 3019 898 ultra
3054 844 3297 909 alicubi,
3332 858 3443 913 quo
3477 858 3603 899 cum

2027 936 2304 1001 venisset,
2345 937 2549 990 mansit
2590 934 2644 988 in
2681 934 2921 1004 gentium
2965 933 3212 990 Ecclesia
3237 975 3251 999 ,
3286 943 3342 989 et
3380 934 3605 989 stabilis

2026 1026 2248 1081 mansit.
2280 1025 2531 1080 Colimus
2561 1039 2694 1079 vero
2720 1022 2991 1079 Joannem
3021 1066 3036 1091 ,
3070 1041 3180 1079 non
3212 1036 3470 1095 tanquam
3502 1023 3605 1078 ali-

2027 1116 2161 1186 quid
2207 1116 2456 1181 divinum
2510 1123 2832 1187 operatum,
2892 1114 2985 1171 sed
3041 1123 3302 1185 tanquam
3361 1130 3488 1170 vera
3534 1114 3604 1169 de

2024 1208 2248 1263 Christo
2290 1214 2578 1262 testatum.
2619 1206 2739 1261 Non
2796 1207 2975 1262 solum
3017 1207 3165 1262 enim
3215 1204 3463 1270 Joanne,
3505 1205 3603 1261 sed

2022 1303 2171 1358 omni
2212 1308 2409 1357 sancto
2448 1299 2709 1355 Christus
2756 1306 2840 1355 est
2871 1298 3253 1354 admirabilior
3286 1317 3298 1353 :
3336 1299 3412 1353 illi
3453 1298 3603 1353 enim

2025 1393 2346 1464 prophetae,
2398 1391 2488 1445 hic
2543 1405 2677 1446 vero
2727 1389 2874 1446 Deus
2913 1392 3180 1446 miracula
3221 1390 3452 1447 faciens.
3488 1389 3603 1445 No-

2023 1481 2248 1537 tandum
2286 1479 2457 1551 676
2494 1493 2691 1548 porro,
2724 1486 2841 1533 tum
2877 1477 3110 1535 Joannis
3133 1518 3149 1545 ,
3185 1487 3299 1534 tum
3344 1480 3603 1549 reliquo-

2025 1589 2145 1628 rum
2191 1570 2588 1642 pr0phetarum
2644 1570 2813 1625 verba
2867 1570 3083 1629 munire
3138 1569 3282 1623 viam
3329 1569 3599 1625 ad'tldem

344 1667 426 1720 ὅτι
451 1665 564 1727 666;
586 1666 725 1717 εἰσιν
749 1663 799 1715 oi
838 1661 1083 1714 Ἰωάννου
1122 1662 1215 1714 καὶ
1260 1661 1364 1714 τῶν
1394 1661 1597 1713 λοιπῶν
1628 1660 1921 1733 προφητῶν
1957 1665 1996 1719 Β
2021 1664 2252 1720 Christi.

343 1756 509 1825 λόγοι,
534 1756 614 1819 είς
641 1754 701 1808 τὸ
731 1752 1017 1806 πιστεῦσαι
1045 1751 1286 1823 Χριστῷ.

408 1843 519 1905 Ἦν
542 1848 611 1901 δέ
630 1865 721 1913 τις
744 1844 1021 1902 ἀσθενῶν
1053 1842 1335 1912 Λάζαρος,
1370 1843 1466 1898 καὶ
1492 1843 1564 1897 τὰ
1594 1844 1743 1915 ἑξῆς.

424 1937 707 2009 Ἐπίτηδες
737 1936 796 1991 δέ
823 1936 1096 2008 μέμνηται
1133 1933 1244 1987 τῶν
1287 1933 1567 2004 ὀνομάτων
1592 1933 1701 1987 τῶν
1741 1950 1921 2002 γυναι·

340 2028 459 2085 σιῶν
493 2033 522 2083 6
547 2027 960 2098 εὐαγγελιστὴς,
995 2026 1208 2089 δεικνὺς
1250 2026 1334 2079 ὃτι
1373 2026 1636 2096 ἐπίσημοι
1679 2021 1820 2097 ἦσαν
1843 2026 1921 2090 ὡς

344 2121 632 2184 θεοσεϐεῖς·
666 2120 746 2173 διδ
779 2119 874 2172 καὶ
906 2117 1100 2187 ἠγάπα
1133 2116 1345 2180 αύτάςὸ
1371 2116 1592 2187 Κύριος.
1616 2117 1833 2172 Πολλῶν
1861 2118 1920 2171 δὲ

343 2213 664 2283 γεγονότων,
692 2210 768 2274 ὡς
791 2210 958 2273 εἰκὸς,
983 2210 1062 2272 εἰς
1089 2208 1178 2261 τὸν
1204 2209 1409 2278 Κύριον
1434 2209 1541 2261 ὑπὸ
1561 2209 1658 2279 τῆς
1678 2208 1916 2280 Μαρίας,

341 2305 436 2360 τοῦ
474 2305 648 2377 μύρου
701 2303 971 2374 μέμνηται
1008 2300 1113 2369 οὐχ.
1138 2299 1212 2362 ὡς
1250 2300 1460 2370 ἔτυχεν,
1498 2300 1613 2354 ἀλλ’
1653 2301 1739 2354 ῖνα
1771 2300 1920 2375 δείξῃ

340 2397 427 2450 ὅτι
482 2394 748 2463 τοσαύτην
798 2390 910 2463 εἶχε
962 2392 1123 2460 δίψαν
1169 2392 1205 2460 ἡ
1252 2390 1439 2462 Μαρία
1479 2392 1610 2463 περὶ
1645 2392 1737 2446 τὸν
1785 2394 1920 2463 Χρι-

350 2488 503 2548 στὸν,
537 2487 619 2539 ὅτι
673 2484 894 2554 ἐξέμαξε
952 2483 1078 2545 τοὺς
1130 2483 1296 2546 πόδας
1350 2482 1516 2537 αὐτοῦ
1564 2486 1686 2548 ταῖς
1763 2484 1920 2557 ἰδίαις

356 2577 528 2647 θριξὶ,
571 2575 801 2646 ζητοῦσα
827 2576 919 2646 τὴν
949 2576 1012 2627 ὲκ
1044 2575 1143 2644 τῆς
1176 2574 1337 2642 ἀγίας
1387 2575 1589 2645 σαρκὸς
1622 2592 1921 2644 πνεύματι.

348 2669 460 2738 κήν
499 2668 750 2735 εὐλογίαν
773 2666 1166 2736 ἀναμάξασθαι.
1197 2667 1515 2738 Θερμοτέρα
1543 2668 1598 2721 δὲ
1637 2670 1669 2738 ἡ
1707 2669 1915 2739 Μαρία,

324 2758 438 2829 ,διὰ
461 2760 556 2813 τοῦ
588 2758 962 2829 προσεδρεύειν
983 2760 1408 2830 ἀπερισπάστως
1447 2759 1525 2833 τῷ
1553 2759 1794 2833 Χριστῷ,
1820 2760 1918 2833 τὴν

328 2834 487 2924 ’πρὸς
520 2849 681 2904 αὐτὸν
717 2850 1072 2922 ἐπισπωμένη
1093 2849 1424 2921 οἰκειότητα.

2089 1838 2183 1907 XI,
2226 1841 2274 1895 l.
2314 1838 2450 1895 Erat
2481 1849 2654 1895 autem
2685 1840 2899 1911 quidam
2927 1839 3180 1909 languens
3203 1837 3469 1905 Lazarus,
3488 1847 3597 1895 etc.

2093 1929 2337 1984 Meminit
2369 1945 2433 1984 ex
2474 1928 2729 2000 professo
2767 1928 3105 1999 evangelista
3145 1928 3433 1983 nominum
3474 1944 3599 1983 mu-

2020 2019 2216 2075 lierum
2240 2061 2254 2085 ,
2286 2019 2593 2076 ostendens
2623 2034 2719 2075 eas
2753 2019 2928 2074 fuisse
2954 2019 3202 2074 illustres
3222 2057 3236 2082 ,
3264 2027 3453 2089 utpote
3478 2020 3600 2089 pias

2020 2122 2074 2167 et
2105 2111 2399 2182 religiosas
2422 2151 2438 2176 ,
2468 2118 2761 2181 propterea
2793 2117 2849 2166 et
2879 2109 3149 2165 Dominus
3181 2125 3280 2165 eas
3313 2109 3596 2180 diligebat.

2019 2204 2155 2261 Cum
2197 2212 2379 2258 autem
2433 2213 2722 2259 exstarent
2763 2204 2936 2258 multa
2979 2204 3033 2258 in
3074 2203 3361 2258 Dominum
3414 2203 3600 2258 Maria:

2021 2296 2322 2365 promerita
2346 2337 2359 2361 ,
2398 2296 2663 2366 unguenti
2698 2294 2984 2358 meminit,
3024 2310 3132 2348 non
3168 2297 3454 2365 perperam
3495 2308 3598 2349 nec

2019 2388 2169 2443 aliud
2201 2404 2391 2457 agens,
2423 2388 2520 2443 sed
2550 2396 2610 2443 ut
2637 2388 2983 2442 demonstret
3022 2395 3173 2441 tanta
3209 2387 3303 2440 siti
3363 2384 3598 2439 Mariam

2018 2495 2150 2550 erga
2188 2480 2470 2536 Christum
2523 2479 2830 2542 exarsisse,
2874 2486 2933 2532 ut
2983 2478 3151 2548 pedes
3208 2477 3331 2547 ejus
3380 2476 3598 2546 capillis

2019 2571 2381 2633 absterserit,
2425 2570 2657 2638 cupiens
2700 2584 2763 2623 ex
2806 2577 3002 2623 sancto
3040 2584 3275 2638 corpore
3315 2583 3379 2622 ac
3419 2581 3592 2621 carne

2018 2661 2361 2731 spiritualem
2416 2660 2724 2729 exprimere
2763 2659 3230 2714 benedictionem.
3273 2658 3370 2713 Est
3410 2666 3598 2712 autem

2019 2750 2301 2807 ardentior
2335 2750 2529 2818 Maria,
2567 2758 2629 2805 ut
2662 2766 2783 2822 quae
2802 2761 3066 2823 perpetuo
3097 2751 3322 2807 Christo
3354 2750 3599 2805 adhaere-

2019 2853 2135 2910 ret,
2190 2859 2292 2901 nec
2341 2845 2411 2899 ab
2447 2860 2512 2900 eo
2566 2859 2627 2899 se
2678 2844 2838 2900 avelli
2890 2850 3192 2913 pateretur,
3245 2850 3410 2912 atque
3461 2839 3599 2896 adeo

2020 2942 2285 3006 magnanf
2309 2951 2434 2991 eum
2473 2936 2575 2990 illo
2609 2934 2736 2991 inde
2772 2935 3147 2991 contraxisset
3180 2934 3526 2987 alliuitatem.

429 3025 876 3081 ’Δποστέλλουσιν
918 3028 975 3080 αἱ
1023 3029 1277 3095 γυναῖκες
1315 3026 1450 3097 πρὸς
1475 3026 1565 3079 τὸν
1590 3027 1793 3097 Κύριον
1832 3028 1918 3081 ἀεὶ

2035 3092 2037 3095 τ
2092 3026 2317 3082 Mittunt
2358 3027 2429 3082 ad
2474 3025 2770 3081 Dominum
2818 3026 3115 3088 mulieres,
3164 3040 3326 3095 quem
3373 3023 3598 3094 quidem

349 3118 452 3189 μὲν
497 3117 747 3171 θέλουσαι
793 3118 957 3171 αὐτὸν
1010 3118 1155 3188 ἔχειν
1192 3117 1417 3189 πλησίον
1451 3117 1680 3181 ἑαυτῶν,
1718 3118 1837 3171 τότε
1860 3119 1918 3172 δὲ

343 3207 718 3278 εὐπροσῶπως
752 3208 910 3262 τοῦτο
961 3208 1049 3261 διὰ
1095 3208 1186 3261 τὸν
1229 3207 1615 3281 ἀρρωστοῦντα
1647 3207 1915 3262 ποιοῦσαι.

362 3299 672 3353 Ἐπίστευον
692 3298 819 3369 7&9,
842 3298 918 3362 ῶς
941 3299 989 3352 εἰ
1014 3298 1205 3369 φανείη
1233 3300 1390 3371 μόνον
1410 3299 1439 3350 6
1466 3299 1717 3370 Χριστὸς,
1743 3298 1919 3353 ἀπαλ-

348 3385 543 3457 λαγείη
577 3387 674 3457 τῆς
716 3387 872 3440 νόσου
918 3388 947 3439 ὀ
995 3386 1265 3456 κείμενος.
1310 3387 1815 3458 ’Υπομιμνήσκουσι
1863 3387 1921 3442 δὲ

348 3476 452 3545 τῆς
494 3476 716 3546 ἀγάπης
753 3472 822 3549 ἧς
870 3472 983 3547 εἶχε
1048 3477 1184 3548 πρὸς
1215 3477 1306 3532 τὸν
1347 3478 1624 3542 νοσοῦντα,
1668 3478 1921 3533 ἕλκουσαι

347 3567 514 3620 αὐτὸν
560 3567 649 3619 διὰ
695 3568 886 3620 τούτου
940 3570 1072 3621 ἐκεῖ-
1122 3568 1341 3639 ᾔδεισαν
1385 3568 1495 3639 7&9
1524 3569 1606 3621 ὅτι
1641 3557 1920 3639 ἐφρόντιζε

346 3657 563 3714 τούτου.
597 3660 706 3713 Καὶ
729 3659 961 3730 ἠδύνατο
1001 3660 1102 3731 μὲν
1141 3662 1235 3715 καὶ
1279 3660 1433 3714 ἀπὼν
1453 3661 1527 3724 ῶς
1557 3661 1688 3725 Θεὸς
1716 3662 1808 3716 καὶ
1854 3661 1922 3715 τὰ

348 3751 528 3804 πάντα
572 3752 869 3822 περιέπων,
900 3753 1234 3823 θεραπεῦσαι
1280 3753 1461 3807 αὐτόν·
1489 3754 1639 3824 ὅμως
1675 3753 1923 3825 ἐνόμιζον

346 3841 429 3894 δτι
457 3843 508 3895 εί
541 3841 746 3912 παρῆν,
775 3844 929 3915 χεῖρα
957 3842 1022 3899 ἂν
1059 3844 1272 3915 ὀρέξας,
1308 3845 1529 3916 ἧγειρεν
1566 3846 1747 3900 αὐτόν.
1790 3847 1922 3897 Δυσ-

343 3932 582 4004 φοροῦσι
628 3933 702 3993 δὲ,
731 3933 808 3995 ὼς
860 3932 1025 3998 εἰκὸς,
1069 3935 1252 4004 οἴομαι
1290 3932 1346 3985 δὲ
1392 3934 1527 4003 μηδὲ
1573 3935 1921 4006 ἀρῤωστῆσαι

343 4024 487 4087 ὅλως
513 4023 606 4077 τὸν
636 4024 904 4091 Λάζαρον,
939 4027 988 4077 εί
1020 4025 1095 4096 μὴ
1128 4024 1403 4095 ἠμέλησεν
1426 4024 1591 4077 αὐτοῦ
1619 4026 1647 4077 6
1668 4023 1918 4094 Χριστόςο

346 4111 538 4165 Πάντα
574 4114 702 4183 γάρ,
735 4113 915 4180 φασὶν,
958 4113 1189 4183 ἐχόντων
1222 4113 1292 4167 τὰ
1324 4113 1503 4183 ἀγαθά
1552 4112 1661 4167 τῶν
1699 4114 1923 4180 ἀγαπω-

348 4204 531 4273 μένων
557 4203 708 4273 παρὰ
750 4202 905 4266 Θεοῦ,
928 4203 1016 4258 διὰ
1067 4205 1227 4258 ποίαν
1252 4205 1432 4259 αἰτίαν
1466 4206 1627 4268 αὐτὸς
1648 4204 1705 4258 ὃν
1728 4203 1920 4274 φιλεῖς,

347 4296 599 4360 ἀσθενεῖ;
650 4296 717 4347 Ἦ
752 4296 844 4349 καὶ
896 4295 1055 4349 τοῦτό
1099 4313 1250 4366 φασι·
1285 4297 1510 4368 Μεγάλη
1538 4298 1635 4367 τῆς
1680 4297 1836 4350 νόσου
1883 4298 1916 4367 ή

2022 3135 2238 3190 semper
2267 3119 2374 3174 sibi
2407 3119 2724 3189 proximum
2752 3117 2959 3172 habere
2986 3116 3321 3188 cupiebant,
3354 3114 3451 3170 sed
3483 3123 3599 3169 tum

2022 3212 2261 3267 maxime
2292 3226 2401 3267 non
2437 3212 2555 3267 sine
2592 3217 2860 3280 praetextu
2893 3209 3129 3263 honesto
3159 3216 3385 3278 propter
3417 3222 3601 3278 πετο-

2023 3310 2253 3358 tantem.
2321 3302 2636 3358 Credebant
2693 3302 2839 3355 enim
2898 3299 2990 3354 ubi
3047 3299 3216 3355 semel
3265 3305 3599 3367 conspectus

2022 3400 2170 3448 esset
2198 3392 2491 3458 Christus,
2538 3407 2662 3447 eum
2695 3392 2786 3460 qui
2811 3390 3030 3461 jacebat
3075 3390 3268 3444 morbo
3297 3391 3597 3445 liberatum

2024 3484 2089 3538 iri
2117 3502 2130 3538 :
2163 3491 2217 3538 et
2257 3483 2311 3537 in
2348 3482 2673 3538 memoriam
2710 3482 2760 3536 ei
2798 3489 3066 3537 revocant
3103 3479 3453 3536 dilectionem
3490 3495 3598 3550 qua

2021 3590 2225 3646 azgrum
2272 3583 2600 3646 prosecutus
2644 3581 2826 3640 esset,
2875 3589 3013 3639 eum
3058 3574 3160 3629 hoc
3207 3573 3371 3630 modo
3421 3574 3490 3628 ad
3538 3587 3600 3629 se

2021 3668 2343 3733 trahentes,
2406 3651 2550 3722 haud
2610 3667 2804 3738 utique
2857 3667 3066 3737 ignara:
3123 3665 3206 3720 illi
3269 3678 3599 3735 magnopere

2022 3775 2171 3831 curae
2196 3775 2318 3816 esse
2349 3759 2590 3815 hominis
2626 3759 3087 3815 incolumitatem.
3127 3760 3192 3812 Et
3224 3765 3439 3827 poterat
3470 3756 3598 3825 qui-

2023 3851 2147 3906 dem
2181 3851 2312 3907 licet
2343 3852 2548 3908 absens
2576 3860 2844 3923 tanquam
2890 3850 3035 3907 Deus
3072 3858 3127 3906 et
3164 3849 3351 3904 omnia
3394 3848 3598 3919 guber-

2023 3954 2165 3996 nans
2189 3955 2314 3995 eum
2363 3955 2595 4007 curare;
2630 3950 2810 3997 tamen
2854 3939 3245 3996 existimabant
3286 3939 3332 3993 si
3375 3937 3598 3992 adesset

2022 4040 2280 4101 porrecta
2310 4047 2478 4086 manu
2506 4048 2631 4087 eum
2668 4032 2832 4089 facile
2859 4033 3249 4088 excitaturum.
3279 4031 3462 4097 Quare
3484 4045 3598 4085 non

2023 4121 2300 4187 immerito
2326 4121 2468 4177 hanc
2492 4123 2799 4178 absentiam
2827 4120 2973 4193 aegre
2996 4123 3216 4178 ferunt:
3241 4122 3408 4189 credo
3428 4120 3595 4177 etiam

2023 4230 2129 4270 nec
2169 4214 2399 4270 omnino
2440 4221 2840 4285 aagrotaturum
2893 4214 3067 4268 fuisse
3116 4213 3428 4277 Lazarum,
3482 4210 3596 4267 nisi

2024 4320 2148 4379 eum
2200 4305 2349 4361 velut
2400 4304 2669 4360 oblivioni
2727 4303 3052 4358 tradidisset
3108 4302 3418 4357 Christus:
3466 4315 3593 4381 cum

351 4386 648 4458 θρασύτης,
673 4387 752 4440 ὃτι
782 4385 1185 4458 κατετόλμησεν
1212 4386 1493 4441 ἐπιθέσθαι
1517 4390 1629 4452 τοῖς
1650 4389 1753 4443 ὑπὸ
1781 4389 1916 4444 Θεοῦ

2024 4397 2172 4451 enim
2227 4397 2324 4467 qui
2359 4396 2669 4467 diliguntur
2702 4395 2877 4450 a~Deo
2906 4394 3057 4448 nullo
3093 4410 3200 4449 non
3235 4407 3432 4465 genere
3463 4392 3594 4448 boni

341 4476 751 4546 ἀγαπωμένοις.
775 4476 927 4546 Τάχα
956 4475 1011 4528 δὲ
1042 4476 1136 4528 καὶ
1155 4475 1392 4530 τοιοῦτόν
1410 4494 1460 4530 τι
1480 4476 1694 4531 δοκοῦσι
1716 4478 1910 4548 λέγειν.

352 4569 578 4639 Ἐπειδὴ
632 4568 728 4621 καὶ
769 4570 895 4631 τοὺς
912 4567 1138 4638 ἐχθροὺς
1169 4569 1389 4639 ἀγαπᾷς
1435 4570 1528 4623 καὶ
1568 4572 1912 4644 θεραπεύεις,

341 4656 529 4727 πολλῷ
542 4657 742 4727 μᾶλλον
763 4659 1055 4728 χρεωστεῖς
1076 4658 1157 4721 είς
1177 4657 1304 4719 τοὺς
1326 4658 1652 4725 ἀγαπῶντάς
1683 4678 1741 4714 σε
1763 4663 1921 4719 τοῦτο

343 4746 697 4810 ἐνδείξασθαι.
729 4749 967 4804 Δύνασαι
1004 4747 1115 4819 γὰρ
1141 4748 1199 4800 ἐν
1230 4748 1375 4819 μόνῳ
1413 4749 1492 4819 τῷ
1526 4750 1699 4805 θέλειν
1743 4756 1921 4812 πάντα

340 4840 590 4908 ποιῆσαι.
637 4839 880 4903 Πίστεως
920 4834 1014 4893 οὖν
1048 4841 1077 4893 ό
1116 4838 1274 4906 λόγος
1313 4839 1508 4908 μεστὸς
1548 4841 1645 4917 διαὶ
1690 4845 1791 4916 τῆς
1835 4847 1917 4911 είς

326 4928 582 5000 Χριστὸν
605 4930 952 5002 γνησιότητος
979 4929 1270 4996 ἀπόδειξις.

2025 4486 2305 4550 fruantur,
2335 4501 2498 4556 quam
2536 4486 2608 4540 ob
2641 4500 2866 4540 causam
2904 4485 2997 4540 ille
3030 4500 3195 4555 quem
3233 4498 3388 4539 amas
3419 4498 3596 4554 aegro-

2022 4576 2149 4631 tat?
2197 4576 2290 4633 Vel
2323 4577 2426 4632 hoc
2457 4577 2621 4632 etiam
2654 4577 2846 4632 dicunt
2875 4595 2889 4631 :
2942 4592 3140 4645 magna
3199 4575 3386 4646 utique
3415 4575 3591 4631 morbi

2016 4677 2104 4724 est
2136 4668 2366 4723 audacia
2389 4708 2404 4733 ,
2440 4669 2533 4739 qui
2567 4668 2729 4724 etiam
2766 4683 2864 4723 eos
2892 4682 3036 4737 quos
3070 4666 3213 4722 Deus
3245 4675 3391 4721 amat
3432 4668 3592 4721 iuva-

2018 4759 2172 4814 serit.
2215 4758 2386 4813 Forte
2416 4772 2548 4813 vero
2573 4766 2628 4812 et
2663 4758 2770 4813 tale
2801 4757 3064 4827 quiddam
3092 4757 3279 4813 dicere
3300 4757 3588 4811 videntur:

2016 4847 2478 4919 Quandoquidem
2511 4849 2696 4905 hostes
2728 4847 2914 4918 diligis
2939 4854 2996 4903 et
3022 4862 3190 4902 curas
3217 4888 3232 4909 ,
3264 4847 3440 4900 multo
3471 4860 3592 4899 ma-

2005 4942 2106 5010 gis
2137 4941 2304 4997 debes
2343 4943 2396 4996 in
2428 4956 2524 4996 eos
2553 4941 2648 5010 qui
2683 4948 2735 4995 te
2764 4947 2950 4994 amant
2972 4939 3078 4994 hoc
3100 4938 3429 4994 beneﬁcium
3452 4952 3588 4992 con-

327 5021 506 5079 ferre.
544 5022 709 5080 Potes
748 5022 1020 5092 siquidem
1052 5027 1167 5081 sola
1202 5023 1485 5080 voluntate
1514 5026 1700 5081 omnia
1733 5026 1937 5087 facere.
1980 5032 2125 5105 Ergo
2169 5036 2330 5106 plena
2359 5042 2446 5091 est
2483 5033 2605 5089 ﬁdei
2654 5033 2769 5089 haec
2810 5033 3029 5099 oratio,
3065 5040 3120 5091 et
3169 5030 3389 5102 ingenui
3457 5042 3589 5099 erga

326 5112 510 5169 Deum
538 5112 771 5170 allectus
801 5114 1219 5173 demonstratio.

405 5204 571 5272 Αὕτη
610 5204 649 5272 ή
684 5203 968 5260 ἀσθένεια
1019 5206 1129 5258 οὐκ
1159 5204 1293 5259 ἐστι
1341 5206 1491 5274 πρὸς
1520 5205 1800 5277 θάνατον,
1817 5210 1907 5264 καὶ

315 5295 400 5348 τὰ
430 5294 579 5362 ἑξῆς.

402 5384 569 5453 Λέγει
595 5383 697 5454 μέν
717 5401 799 5438 τοι
825 5383 1000 5439 ταῦτα
1027 5386 1055 5438 6
1093 5385 1315 5457 Κύριος,
1338 5389 1435 5459 οὐχ
1461 5389 1549 5444 ἵνα
1576 5391 1905 5457 ἀπελθόντες

313 5478 375 5533 οι
423 5473 706 5547 ἄνθρωποι
738 5475 1116 5546 ἀπαγγείλωσι
1159 5480 1280 5541 ταῖς
1317 5479 1585 5550 -ἀδελφαῖς
1641 5482 1737 5536 τοῦ
1792 5485 1903 5538 Λα-

2086 5208 2178 5278 XI,
2203 5211 2256 5265 4.
2297 5209 2427 5265 Have
2451 5211 2738 5281 inﬁrmitas
2769 5226 2873 5266 non
2907 5218 2984 5265 est
3015 5207 3086 5264 ad
3119 5217 3357 5275 ηιθυταυ,
3386 5216 3496 5266 etc.

2082 5387 2208 5444 Ilaec
2241 5388 2460 5461 quidem
2491 5390 2628 5445 dicit
2661 5390 2926 5447 Dominus
2948 5431 2964 5458 ,
2992 5405 3102 5446 non
3135 5398 3195 5445 ut
3226 5389 3321 5461 qui
3353 5389 3591 5446 aderant

2010 5481 2275 5538 abeuntes
2321 5482 2708 5539 renuntiarent
2743 5484 3031 5541 sororibus
3063 5482 3259 5537 Lazari
3281 5522 3297 5549 ,
3330 5481 3428 5538 sed
3462 5490 3587 5537 tan-

314 5566 526 5635 Medo.
552 5565 667 5618 ἀλλ’
697 5565 772 5630 ὡς
796 5566 926 5630 Θεὸς
968 5565 1248 5649 προλέγων
1274 5568 1333 5620 τὸ
1357 5569 1632 5639 ἐσόμενον,
1662 5574 1744 5627 ὅτι
1773 5574 1907 5644 πρὸς

2021 5590 2178 5643 quam
2214 5572 2358 5631 Deus
2388 5575 2638 5629 futurum
2687 5577 3029 5646 praedicens,
3080 5575 3346 5647 quoniam
3379 5574 3461 5630 rei
3488 5587 3585 5627 ex-

312 5657 487 5721 δὸξαν
518 5654 654 5710 θεοῦ
699 5656 840 5729 ἐώρα
865 5657 925 5712 τὸ
950 5657 1045 5712 τοῦ
1092 5657 1413 5729 πράγματος
1450 5663 1811 5728 ἀποτέλεσμα,
1843 5667 1904 5720 ού

2021 5666 2148 5722 itum
2183 5666 2248 5722 ad
2284 5667 2515 5736 gloriam
2561 5666 2655 5724 Dei
2684 5669 2961 5739 pertinere
2993 5667 3244 5733 videbat,
3279 5656 3582 5734 non‘quod
