4062 6208
430 292 500 350 39
1408 287 1467 342 ε.
1502 284 1778 344 CYRILLI
1819 284 1987 341 ALE}

2087 284 2293 342 lDRlNl
2325 278 2645 344 ARCHIEP.
3596 293 3665 353 40

427 404 550 461 ideo
583 401 808 457 morbus
856 398 1148 457 accidisset
1193 406 1253 454 ut
1300 398 1726 469 gloriﬁcaretnr,
1771 401 1987 456 stultun

2108 400 2195 455 διὰ
2227 400 2386 455 τοῦτο
2417 403 2700 475 συμϐάσης
2731 402 2828 474 τῆς
2858 403 3035 469 νόσου,
3059 404 3146 459 ἵνα
3176 403 3436 479 δοξασθῇ’
3480 404 3676 481 εὔηθες

425 497 573 553 enim
617 494 722 548 hoc
757 494 939 547 dicere
969 510 983 558 ;
1053 491 1146 546 sed
1180 492 1622 561 quandoquidem
1655 494 1993 563 contigerat,

423 588 589 643 etiam
644 584 708 637 ad
763 583 1144 638 admirabilem
1187 581 1347 637 ﬁnem
1395 585 1700 652 spectabat.
1746 583 1997 653 Seipsum

424 692 555 731 vero
585 676 747 748 677
777 677 853 729 ait
881 683 1075 729 natura
1113 674 1315 740 Deum,
1351 676 1555 745 quippe
1585 677 1641 730 in
1677 676 1853 746 ipsius
1883 676 1999 746 glo—

427 769 562 822 riam
598 767 802 820 factum
834 774 915 820 est
947 764 1091 834 quod
1127 764 1327 818 factum
1361 775 1468 819 est.
1498 766 1824 823 Prolocutus
1851 768 1995 823 enim

423 859 566 930 quod
607 843 719 913 limo
756 857 1053 913 infirmitas
1083 857 1149 912 ad
1185 858 1418 926 gloriam
1452 857 1545 913 Dei
1580 866 1749 923 esset,
1768 859 1991 929 adjecit,

432 970 449 1001 ι
481 951 552 1006 L‘t
583 951 980 1021 gloriﬁcarclur
1011 948 1103 1005 Dei
1153 947 1327 1005 Filius
1360 949 1411 1003 in
1443 964 1528 1015 ea,
1559 969 1579 1002 ι
1607 951 1676 1007 de
1706 952 1888 1022 seipso
1918 952 1996 1004 lo-

422 1059 618 1113 quens.
658 1041 804 1096 Nihil
839 1049 1020 1119 autem
1066 1041 1267 1096 mirum
1312 1042 1457 1112 quod
1497 1043 1696 1098 dixerit
1728 1059 1838 1098 non
1872 1059 1996 1099 esse

423 1135 488 1189 ad
522 1143 750 1190 mortem
778 1135 1151 1189 infirmitatem
1179 1132 1369 1189 Lazari
1395 1179 1409 1202 ,
1440 1143 1494 1189 rt
1520 1144 1703 1191 tamen
1734 1152 1884 1191 mors
1913 1151 1997 1191 ac-

422 1223 661 1279 ciderit:
696 1224 761 1278 ad
792 1224 867 1279 rei
897 1224 1040 1278 enim
1070 1224 1278 1277 exitum
1313 1227 1704 1297 respicientes,
1736 1227 1994 1305 quodque

421 1315 589 1385 paulo
628 1326 753 1387 post
793 1322 912 1369 erat
957 1326 1412 1382 resurrecturus,
1466 1332 1573 1370 non
1627 1319 1764 1388 quid
1814 1320 1993 1374 medio

422 1414 665 1475 tempore
696 1407 993 1476 contigerit
1029 1416 1347 1477 spectamus
1369 1448 1383 1469 ,
1415 1408 1507 1460 sed
1550 1408 1602 1462 in
1635 1425 1794 1479 quem
1828 1410 1989 1464 linem

421 1510 511 1549 res
545 1503 653 1547 tota
687 1495 962 1549 reciderit.
989 1493 1179 1550 Voluit
1207 1495 1353 1549 enim
1386 1495 1653 1551 Dominus
1678 1505 1739 1551 ut
1766 1509 1815 1553 et
1850 1515 1993 1569 :eger

420 1577 672 1649 mortem,
708 1592 759 1638 et
794 1585 935 1654 quod
971 1586 1097 1640 inde
1117 1596 1362 1640 seeutmn
1395 1596 1503 1654 est,
1530 1589 1584 1642 in
1611 1589 1700 1645 Dei
1724 1590 1986 1661 gloriam,

420 1672 525 1727 hoc
547 1683 629 1729 est
648 1675 729 1728 sui
767 1674 965 1743 ipsius.
1001 1676 1336 1731 ostenderet.

489 1763 581 1829 Xl,
614 1764 667 1819 5.
711 1764 965 1836 Diligebat
1002 1784 1119 1821 vero
1140 1766 1316 1831 Jesus,
1352 1777 1458 1824 etc.

490 1852 754 1924 Exposita
786 1856 1079 1910 mulierum
1114 1857 1349 1921 virtute,
1382 1859 1716 1930 evangelista
1747 1878 1843 1918 cas
1868 1879 1987 1920 me-

417 1940 529 1998 tito
569 1944 645 1998 ait
673 1960 701 1998 a
730 1943 1025 2002 Servatore
1060 1947 1291 2002 dilectas
1340 1965 1353 2002 :
1396 1963 1498 2004 nec
1529 1950 1725 2007 mirum
1756 1955 1803 2008 si
1838 1970 1988 2011 mors

416 2039 471 2088 et
503 2036 732 2091 morbus
762 2036 807 2091 ei
841 2053 1003 2107 quem
1037 2037 1182 2093 Deus
1213 2038 1478 2109 diligebat
1508 2042 1792 2098 acciderit.
1825 2047 1989 2100 Com-

416 2127 605 2180 munia
635 2127 781 2181 enim
828 2129 1071 2183 omnium
1123 2145 1243 2199 qum
1282 2147 1344 2185 ex
1391 2133 1709 2191 inﬁrmitate
1747 2139 1989 2196 naturali

415 2220 783 2287 proveniunt,
814 2222 1030 2277 tametsi
1064 2222 1423 2293 diligentibus
1475 2220 1641 2282 Deum
1686 2232 1986 2299 peculiaris

413 2322 478 2363 ea
518 2312 693 2380 gratia
738 2313 862 2366 data
908 2322 1027 2379 est,
1078 2323 1138 2368 ut
1182 2330 1290 2369 non
1342 2317 1529 2388 iniq‘uo
1577 2322 1761 2377 animo
1805 2324 1986 2380 ferant

411 2416 577 2457 aerum
588 2418 708 2458 uas.

482 2494 574 2558 XI,
609 2498 661 2551 6.
696 2493 897 2551 Mansit
925 2497 979 2553 in
1011 2499 1187 2555 eodem
1220 2501 1335 2558 loco
1367 2502 1569 2562 duobus
1601 2505 1804 2560 diebus.

484 2586 706 2641 Distulit
751 2604 911 2643 suum
957 2590 1285 2658 adventum,
1323 2600 1383 2647 ut
1411 2610 1518 2650 non
1554 2612 1675 2650 eum
1709 2604 1984 2668 mgrotan-

414 2690 520 2735 tem
552 2687 774 2734 curaret
793 2721 805 2744 ,
831 2680 949 2746 sed,
968 2683 1111 2750 quod
1137 2684 1363 2753 majoris
1389 2695 1473 2740 est
1502 2690 1807 2756 potestatis,
1834 2706 1980 2745 mor-

413 2780 567 2824 tuum
597 2771 930 2835 suscitaret.
979 2782 1039 2827 ut
1069 2775 1243 2829 multo
1285 2777 1522 2846 amplius
1557 2780 1977 2849 gloriﬁraretur.

411 2857 603 2915 Merito
635 2876 765 2914 vero
807 2862 1080 2933 quispiam
1129 2864 1335 2920 dixerit
1388 2866 1614 2923 Mariam
1669 2872 1976 2941 symbolum

410 2962 535 3004 esse
591 2950 874 3020 gentium,
929 2951 1193 3006 lllartham
1253 2963 1433 3010 autem
1485 2957 1976 3021 circumcisormn,

412 3039 636 3097 {fall'elll
668 3056 798 3096 νειό
826 3057 1014 3096 earum
1051 3058 1080 3097 a
1112 3046 1348 3101 mortuis
1379 3047 1708 3103 suscitatam
1739 3063 1863 3103 eum
1896 3050 1979 3103 ἰη-
2005 3077 2049 3136 c

411 3146 584 3187 nuere
612 3132 703 3201 qui
734 3132 807 3186 ob
836 3133 1018 3203 aliqua
1053 3143 1279 3204 peccata
1309 3136 1376 3191 ad
1423 3136 1631 3193 inferos
1678 3137 1978 3194 descende-

412 3223 517 3287 rit,
545 3223 701 3290 juxta
731 3223 901 3278 illud:
932 3243 950 3276 ι
983 3225 1316 3281 Avertanlur
1349 3239 1666 3298 peccatores
1707 3230 1761 3284 in
1806 3229 1979 3284 infcr-

412 3330 544 3370 num
574 3314 638 3370 “.
676 3334 694 3366 ι
722 3313 832 3371 Nec
862 3317 999 3370 citra
1032 3317 1300 3374 rationem
1334 3335 1400 3375 ex
1453 3321 1645 3376 ordine
1690 3322 1822 3391 legis
1869 3321 1981 3376 llo-

412 3407 575 3462 saica:
607 3406 815 3481 dictum
855 3408 930 3461 ait
958 3407 1181 3463 Martha:
1211 3428 1223 3464 :
1257 3429 1274 3460 ι
1306 3410 1540 3475 Martha,
1577 3411 1811 3479 Martha,
1836 3413 1980 3467 solli-

412 3497 518 3551 cita
548 3512 609 3552 es
637 3506 692 3552 et
725 3499 968 3553 turbaris
1000 3514 1125 3569 erga
1169 3500 1428 3570 plurima.
1457 3501 1638 3557 Unum
1685 3518 1848 3573 porro
1895 3515 1980 3559 est

412 3587 789 3642 necessarium
815 3627 830 3651 ,
867 3607 885 3640 ι
917 3589 1019 3644 hoc
1053 3596 1168 3655 est,
1203 3605 1378 3659 pauca
1407 3609 1421 3658 ;
1464 3592 1529 3645 ad
1562 3593 1794 3647 salutem
1832 3595 1976 3649 enim

414 3692 522 3729 non
572 3678 760 3732 multis
809 3679 1096 3746 praeceptis
1144 3695 1284 3750 opus
1327 3680 1484 3748 juxta
1542 3681 1681 3751 legis
1728 3684 1979 3751 praescri-

414 3775 566 3837 ptum
588 3807 602 3832 ,
638 3768 732 3822 sed
768 3769 956 3838 paucis
987 3770 1167 3839 iisque
1195 3769 1264 3825 de
1292 3771 1562 3825 charitate
1592 3786 1655 3827 ac
1686 3770 1981 3829 dilectione

413 3857 561 3911 datis
581 3896 595 3916 .
628 3856 679 3909 in
706 3859 908 3926 quibus
940 3859 1121 3931 posita
1152 3869 1235 3915 est
1266 3861 1447 3914 omnis
1478 3861 1562 3915 lex
1592 3870 1647 3916 et
1675 3865 1976 3934 prophetat.

484 3944 574 4008 XI,
607 3948 655 4000 7.
692 3948 892 4003 Eamus
915 3954 967 4003 in
998 3949 1247 4004 Judwam
1278 3967 1484 4006 rursus.

485 4039 588 4093 Per
627 4040 769 4094 istud
822 4042 971 4109 quod
1018 4042 1233 4097 loculus
1279 4055 1362 4097 est
1397 4045 1693 4110 Dominus,
1728 4065 1746 4098 ι
1776 4045 1980 4105 Eamus

412 4147 610 4187 rursus
631 4172 644 4196 ,
678 4152 696 4184 ι
725 4133 936 4188 videtur
969 4133 1075 4189 hoc
1105 4136 1326 4191 dicere:
1367 4136 1485 4192 Etsi
1515 4139 1724 4210 indigni
1748 4142 1857 4197 sint
1900 4142 1978 4195 illi

412 4221 709 4288 beneﬁcio,
743 4231 922 4277 tamen
957 4225 1088 4295 quia
1121 4233 1282 4281 vocat
1313 4228 1537 4282 occasio
1567 4243 1691 4299 qua:
1722 4230 1831 4283 illis
1872 4230 1980 4283 uti-

413 4312 621 4367 litatem
656 4313 933 4383 importet,
967 4315 1259 4372 redeamus
1309 4316 1377 4371 ad
1432 4318 1578 4373 illos.
1623 4320 1692 4374 At
1723 4320 1978 4390 discipuli

2100 490 2386 562 γάρτοῦτο
2420 493 2616 546 εἰπεῖν·
2665 493 2778 547 ἀλλ’
2816 495 3051 566 ἐπείπερ
3080 497 3281 568 συνέϐη
3316 500 3411 552 καὶ
3440 499 3521 564 εἰς
3545 502 3678 554 θαυ-

2103 581 2308 650 μαστὸν
2342 582 2491 653 ἑώρα
2524 582 2697 646 τέλος.
2716 584 2936 639 Ἑαυτὸν
2963 586 3020 639 δέ
3049 604 3182 658 φησι
3214 588 3305 641 τὸν
3328 589 3487 659 φύσει
3519 591 3672 644 Θεόν⁹

2097 671 2261 724 αὐτοῦ
2292 672 2400 745 γάρ
2428 675 2509 738 είς
2540 673 2699 741 δόξαν
2739 675 2929 744 γέγονε
2971 681 3034 730 τὸ
3063 680 3303 748 γεγονός.
3336 680 3524 734 Εἰπὼν
3563 683 3673 753 γὰρ

2098 762 2181 815 ὅτι
2228 763 2370 834 ὑπὲρ
2408 763 2509 833 τῆς
2532 763 2690 835 δόξης
2733 764 2828 818 τοῦ
2881 765 3018 820 Θεοῦ
3056 768 3279 836 γέγονεν
3318 772 3351 840 ἠ
3396 769 3668 830 ἀσθένεια.

2097 854 2400 924 ἐπήγαγεν,
2449 857 2565 910 Ἵνα
2589 856 2821 929 δοξασθῇ
2858 860 2887 912 ὁ
2911 858 3041 922 Υἱὸς
3086 859 3180 926 τοῦ
3235 859 3381 913 Θεοῦ
3415 862 3473 914 ὲν
3506 863 3666 934 αὐτῇ,
3774 910 3777 913 .

2097 946 2227 1016 περὶ
2275 946 2467 1001 ἑαυτοῦ
2514 949 2706 1017 λέγων.
2748 951 2811 1004 Εἰ
2832 950 2889 1004 δὲ
2925 950 3084 1014 αὐτὸς
3129 951 3228 1022 μὲν
3256 948 3378 1007 εἶπε
3425 953 3499 1024 μὴ
3527 948 3666 1009 εἶναι

2097 1036 2233 1106 πρὸς
2279 1036 2509 1093 θάνατον
2550 1041 2650 1107 τὴν
2694 1040 2791 1094 τοῦ
2842 1042 3091 1112 Λαζάρου
3147 1041 3474 1113 ἀρρωστίαν,
3531 1061 3667 1114 συμ-

2094 1123 2293 1196 ϐέϐηκε
2322 1127 2378 1181 δὲ
2406 1128 2435 1179 ὁ
2477 1128 2720 1193 θάνατος,
2760 1129 2912 1184 οὐδὲν
2946 1129 3273 1201 θαυμαστόν
3308 1132 3444 1203 πρὸς
3468 1135 3576 1205 γάρ
3602 1133 3663 1185 τὸ

2094 1216 2268 1287 πέρας
2313 1218 2549 1289 ὁρῶντες
2601 1219 2691 1273 τοῦ
2722 1220 3068 1291 πράγματος,
3099 1222 3193 1277 καὶ
3212 1223 3294 1276 ὅτι
3325 1223 3516 1293 ἔμελλε
3545 1226 3663 1294 μετ’

2092 1306 2271 1374 ὀλίγον
2295 1301 2613 1378 ἀναστῆναν
2654 1310 2772 1379 οὑχί
2801 1311 2854 1363 τί
2883 1311 3229 1381 συμϐέϐηκεν
3254 1313 3312 1367 ὲν
3341 1313 3419 1385 τῷ
3457 1312 3662 1381 μεταξὺ

2093 1397 2423 1468 σκοποῦμεν,
2461 1400 2578 1452 ἀλλ’
2609 1400 2689 1463 εἰς
2722 1403 2874 1454 ποῖον
2904 1400 3070 1472 ἀνέϐη
3096 1402 3158 1455 τὸ
3195 1403 3386 1472 πέρας.
3437 1404 3663 1473 Ἔκρινε

2090 1486 2197 1558 γάρ
2264 1489 2292 1541 ό
2348 1487 2550 1559 Κύριος
2611 1489 2940 1544 ἀσθενοῦντα
3021 1491 3188 1556 δεῖξαι
3250 1493 3341 1546 τὸν
3412 1493 3661 1559 θάνατον,

2089 1579 2186 1633 καὶ
2208 1579 2268 1632 τὸ
2295 1580 2542 1650 συμϐὰν,
2591 1583 2671 1646 είς
2717 1581 2874 1647 δόξαν
2917 1581 3052 1637 Θεοῦ
3110 1583 3298 1651 δεῖξαι,
3328 1585 3474 1639 τοῦτ’
3515 1585 3665 1640 ἐστιν

2089 1671 2305 1727 ἑαυτοῦ.

2172 1763 2393 1833 Ἠγάπα
2421 1765 2489 1819 δὲ
2516 1768 2548 1820 ό
2576 1766 2833 1834 Ἰησοῦς,
2870 1767 2962 1821 καὶ
2990 1766 3057 1821 τὰ
3086 1768 3231 1837 ἑξῆς.

2161 1855 2496 1920 Καταλέξας
2518 1856 2575 1910 δὲ
2606 1858 2633 1909 ὁ
2664 1858 3053 1930 εὐαγγελιστὴς
3087 1860 3184 1929 τὴν
3221 1858 3330 1912 τῶν
3382 1858 3656 1927 γυναικῶν

2089 1944 2308 2014 ἀρετὴν,
2333 1945 2557 2010 εἰκότως
2582 1947 2750 2012 αὐτὰς
2775 1948 3090 2015 ἀγαπᾶσθαι
3116 1949 3266 2019 παρά
3285 1947 3379 2002 τοῦ
3406 1949 3655 2020 Σωτῆρος

2087 2036 2213 2106 ἔφη’
2268 2038 2362 2090 καὶ
2399 2022 2553 2091 οὗδὲν
2597 2038 2926 2110 θαυμαστὸν,
2968 2040 3016 2092 εί
3073 2040 3224 2104 νόσος
3281 2041 3377 2093 καί⁵
3427 2040 3657 2103 θάνατος

2090 2127 2285 2196 συνέϐη
2340 2129 2419 2199 τῷ
2467 2130 2531 2183 ἐκ
2590 2130 2724 2183 Θεοῦ
2774 2131 3135 2202 ἠγαπημένῳ.
3192 2130 3361 2184 Κοινά
3418 2130 3525 2202 γάρ
3585 2128 3652 2183 τὰ

2085 2218 2143 2285 ἐξ
2188 2219 2471 2284 ἀσθενείας
2530 2221 2762 2290 φυσικῆς
2808 2221 3174 2293 συμϐαίνοντα
3220 2222 3405 2292 πάθη,
3467 2224 3515 2274 εἰ
3561 2222 3653 2275 καὶ

2087 2309 2227 2380 ἰδικὴ
2260 2310 2418 2383 χάρις
2463 2315 2575 2374 τοῖς
2608 2313 2860 2377 ἀγαπῶσι
2898 2313 2988 2367 τὸν
3030 2311 3161 2366 Θεὸν
3192 2312 3398 2366 δέδοται
3424 2352 3438 2378 ,
3466 2312 3527 2366 τὸ
3575 2310 3649 2383 μὴ

2088 2399 2299 2471 βαρέως
2327 2403 2514 2474 φέρειν
2542 2403 2611 2456 τά
2628 2403 2864 2475 λυπηρά.

2158 2492 2428 2560 Ἔμεινεν
2457 2493 2525 2545 ἐν
2549 2492 2596 2557 ᾦ
2628 2489 2705 2564 ἦν
2733 2496 2893 2560 τόπῳ
2921 2493 3029 2547 δύο
3058 2493 3299 2562 ἡμέρας.

2167 2583 2484 2637 Ἀνεϐάλετο
2532 2584 2631 2654 τὴν
2677 2583 2878 2653 ἄφιξιν,
2940 2584 3026 2636 ἵνα
3076 2584 3150 2654 μὴ
3193 2583 3450 2637 νοσοῦντα
3493 2582 3653 2638 αὐτὸν

2083 2677 2431 2749 ὴραπεΰσῃ,
2517 2676 2652 2730 ἀλλά
2712 2676 3111 2747 τελευτήσαντα
3173 2676 3468 2745 ἀναστήσῃ·
3515 2674 3650 2745 ὅπερ

2082 2772 2195 2823 ἐστὶ
2227 2770 2471 2841 μείζονος
2492 2770 2792 2840 δυνάμεως,
2825 2769 2912 2822 ἴνα
2946 2768 3205 2839 μειζόνως
3242 2766 3648 2837 δοξασθήσεται.

2080 2860 2318 2921 Εἰκότως
2367 2859 2433 2912 ἄν
2480 2874 2563 2921 τις
2609 2857 2751 2910 εἴποι
2790 2856 2889 2928 τὴν
2936 2856 3154 2927 Μαρίαν
3205 2855 3468 2926 σύμϐολον
3513 2848 3651 2909 εἶναι

2080 2948 2185 3003 τῶν
2220 2950 2327 3003 ἀπὸ
2355 2949 2542 3013 ἐθνῶν,
2577 2949 2674 3020 τὴν
2705 2949 2758 3002 δὲ
2790 2948 3039 3019 Μάρθαν,
3090 2948 3197 3001 τῶν
3238 2950 3302 3000 ἐκ
3331 2946 3647 3018 περιτομῆς,

2080 3041 2170 3093 τὸν
2201 3040 2258 3094 δὲ
2288 3042 2353 3093 ὲκ
2396 3040 2605 3112 νεκρῶν
2654 3042 3009 3111 ἀνιστάμενον
3054 3039 3278 3110 ἀδελφὸν
3310 3039 3513 3103 αὐτῶν,
3558 3038 3650 3092 τὸν

2078 3133 2165 3187 διά
2193 3150 2314 3187 τινα
2347 3134 2720 3205 ἁμαρτήματα
2747 3136 2825 3197 εἰς
2858 3133 2983 3206 ᾅδου
3021 3131 3450 3202 καταϐεϐηκότα,
3508 3127 3650 3185 κατὰ

2079 3223 2158 3288 τὸ,
2191 3243 2210 3276 ι
2256 3225 2795 3295 Ἀποστραφήτωσαν
2829 3225 2877 3276 οἱ
2909 3224 3220 3294 ἁμαρτωλοὶ
3239 3224 3317 3285 εἰς
3332 3222 3423 3275 τὸν
3449 3221 3599 3292 ᾅδην.
3621 3238 3641 3272 ι

2081 3316 2189 3368 Καὶ
2214 3315 2313 3368 οὐκ
2346 3315 2624 3379 ἀπιθάνως
2658 3314 2743 3367 διὰ
2774 3314 2870 3384 τὴν
2905 3317 2964 3366 ἐν
2989 3313 3066 3384 τῷ
3101 3312 3345 3376 Μωσέως
3377 3313 3524 3381 νόμῳ
3551 3326 3650 3363 πο·

2079 3404 2279 3458 λιτείαν
2306 3406 2470 3476 φησὶν
2500 3404 2750 3477 εἰρῆσθαι
2775 3407 2838 3475 τῇ
2862 3402 3081 3473 Μάρθῳ
3121 3420 3140 3453 ‹
3175 3401 3394 3471 Μάρθα,
3430 3397 3645 3470 Μάρθα,

2083 3499 2353 3568 μεριμνᾷς
2394 3500 2487 3550 καὶ
2527 3496 2770 3568 τυρϐάζῃ
2811 3496 2940 3566 περὶ
2991 3494 3177 3548 πολλά.
3226 3493 3372 3555 Ἐνὺς
3419 3491 3477 3544 δέ
3533 3492 3647 3543 ἐστι

2081 3590 2258 3663 χρεία,
2299 3608 2316 3640 ι
2376 3591 2494 3661 ἦτοι
2541 3588 2754 3655 ὀλίγων⁸
2812 3589 2892 3651 εἰς
2944 3588 3218 3659 σωτηρίαν
3259 3585 3388 3657 γὰρ,
3436 3585 3497 3637 οὐ
3539 3584 3648 3637 τῶν

2080 3679 2291 3733 πολλῶν
2320 3678 2547 3732 ἐντολῶν
2570 3676 2727 3748 χρεία
2749 3678 2889 3732 κατά
2916 3678 2975 3730 τὸ
2997 3678 3090 3730 τοῦ
3117 3677 3281 3747 νόμου
3300 3675 3650 3745 πρόσταγμα,

2079 3769 2192 3823 ἀλλ’
2225 3769 2419 3837 ὀλίγων
2444 3768 2551 3822 τῶν
2599 3767 2729 3838 περὶ
2764 3767 2987 3837 ἀγάπης
3036 3765 3563 3837 νενομοθετημένων,
3591 3765 3652 3817 ὲν

2080 3856 2160 3924 οἷς
2186 3861 2458 3934 κρέμαται
2478 3861 2595 3924 ὅλος
2618 3863 2646 3914 ὁ
2671 3860 2834 3930 νόμος
2866 3859 2961 3913 καὶ
2988 3860 3037 3912 οἰ
3071 3859 3363 3929 προφῆται.

2153 3946 2413 4020 Ἄγωμεν
2429 3952 2517 4017 εἰς
2545 3948 2660 4018 τὴν
2705 3948 2997 4003 Ἰουδαίαν
3020 3947 3225 4000 πάλιν.

2150 4043 2333 4098 Εἰπὼν
2363 4043 2465 4114 μέν
2509 4059 2590 4095 τοι
2628 4041 2657 4092 ό
2685 4041 2890 4108 Κύριος
2937 4038 3016 4102 τὸ,
3072 4055 3092 4087 ι
3138 4036 3307 4089 Πάλιν
3347 4036 3590 4107 ἄγωμεν,
3625 4055 3648 4089 ι

2080 4137 2226 4189 δοκεῖ
2268 4132 2646 4202 ὑπεμφαίνειν,
2682 4130 2764 4183 ὅτι
2793 4131 2855 4182 Εἰ
2889 4127 2983 4183 καὶ
3021 4125 3230 4194 ἀνάξιοί
3271 4128 3407 4179 εἰσιν
3455 4129 3658 4182 ἐκεῖνοι

2081 4225 2415 4295 εὐεργεσίας,
2453 4221 2589 4275 ἀλλά
2627 4220 2820 4291 καιροῦ
2860 4220 3152 4285 καλοῦντος
3175 4221 3267 4275 τοῦ
3298 4219 3660 4294 ὲμποιοΞντος

2082 4318 2263 4377 αὐτοῖς
2307 4315 2595 4386 ὠφέλειαν,
2644 4314 2968 4383 ἀπέλθωμεν
3029 4313 3164 4385 πρὸς
3206 4315 3422 4377 αὐτούς.
3478 4317 3540 4369 Οἱ
3598 4316 3660 4370 δὲ

412 4403 609 4459 all‘ertu
637 4420 769 4473 erga
798 4420 921 4459 eum
959 4407 1226 4473 impedire
1256 4408 1533 4471 ridentur,
1591 4412 1894 4480 quinetiam
1925 4422 1981 4467 et

2087 4408 2323 4480 μαθηταὶ
2370 4406 2586 4460 δοκοῦσι
2628 4405 2715 4459 διά
2748 4405 2847 4475 τὴν
2888 4405 3108 4476 ἀγάπην
3145 4405 3245 4478 τὴν
3291 4406 3428 4477 πρὸς
3467 4406 3657 4473 αὐτὸν,

412 4504 474 4549 ut
521 4494 588 4548 de
632 4494 854 4547 homine
897 4495 1178 4564 cogitant,
1223 4496 1379 4565 quasi
1433 4511 1732 4554 occurrens
1774 4500 1979 4556 Judaeis

413 4581 719 4652 periculum
756 4581 1012 4637 aditurus
1043 4583 1146 4648 sit,
1176 4584 1392 4639 etiamsi
1437 4586 1608 4649 nolit,
1636 4588 1804 4659 678
1834 4589 1980 4643 ideo—

413 4687 519 4742 qne
550 4670 829 4725 recordari
857 4671 1051 4739 jubent
1086 4670 1325 4726 furorem
1364 4680 1418 4727 et
1460 4672 1730 4729 insaniam
1766 4674 1981 4730 ,1υάωο-

414 4779 532 4817 rum
560 4761 613 4815 in
644 4777 725 4828 se,
751 4761 1149 4832 propemodum
1182 4763 1428 4818 dicentes
1454 4781 1468 4819 :
1498 4763 1640 4831 Quid
1669 4781 1863 4822 rursus
1892 4767 1979 4821 in-

413 4862 497 4911 ter
545 4853 798 4909 inﬁdeles
843 4861 897 4909 et
942 4854 1191 4926 ingratos
1233 4859 1445 4913 versari
1501 4858 1690 4927 cupis,
1739 4859 1831 4929 qui
1879 4874 1982 4916 nec
2026 4886 2043 4900 ι

416 4946 636 5013 verbis,
668 4961 772 5001 nec
813 4946 1079 5016 operibus
1129 4948 1286 5003 leniri
1337 4949 1618 5019 possunt?
1665 4951 1755 5019 qui
1801 4950 1982 5007 adhuc

414 5038 626 5106 spirant
657 5037 861 5093 eaedem
891 5051 955 5092 ac
986 5040 1309 5110 sanguinem
1343 5041 1632 5096 adversum
1666 5050 1747 5106 te,
1779 5043 1980 5112 quibus

413 5128 632 5184 animus
679 5130 834 5186 rabie
868 5137 1049 5185 tumet
1078 5145 1142 5186 ac
1174 5129 1624 5188 eﬁ‘ervescit.Vel
1664 5133 1770 5188 huc
1814 5134 1981 5204 igitur

413 5222 639 5286 dicunt,
685 5222 772 5277 vel
804 5222 911 5276 hoc
942 5236 1137 5278 eorum
1181 5237 1366 5279 sermo
1396 5224 1700 5295 signiﬁcat,
1729 5224 1880 5295 ipsos
1910 5226 1980 5279 ab

410 5324 478 5366 eo
521 5308 651 5364 duci
679 5311 733 5364 in
778 5309 1132 5369 manifestum
1163 5314 1494 5383 periculum.
1527 5313 1733 5370 Tamen
1768 5331 1977 5371 morem

409 5413 608 5477 gerunt
642 5405 945 5473 magistro,
979 5415 1240 5477 tanquam
1270 5407 1363 5477 qui
1400 5407 1636 5479 meliora
1666 5408 1833 5462 norit.

479 5493 574 5556 Xl,
599 5492 652 5549 9.
696 5493 951 5564 Nunquid
986 5496 1265 5552 duodecim
1290 5507 1413 5552 sunt
1441 5497 1586 5552 hora:
1618 5497 1764 5553 diei?
1797 5509 1901 5553 etc.

474 5596 646 5660 Forte
680 5615 966 5688 comparat
1000 5608 1285 5666 hominum
1324 5617 1559 5667 mentem
1588 5608 1852 5665 novitatis
1881 5622 1976 5664 cu-

482 5734 711 5794 “'Psal.
747 5754 800 5794 ιχ
819 5778 833 5803 ,
868 5738 953 5795 l8.

2086 4498 2314 4555 κωλύειν
2355 4498 2554 4564 αὐτὸν,
2605 4495 2742 4566 πλὴν
2778 4496 2853 4560 ὡς
2895 4495 3180 4567 ἄνθρωπον
3219 4494 3417 4550 οἴονται
3451 4497 3532 4549 δτι
3557 4497 3661 4549 καὶ

2085 4594 2232 4646 ἄκων
2262 4588 2594 4642 κινδυνεύσει
2635 4591 2746 4652 τοίς
2786 4587 3057 4651 Ἰουδαίοις
3101 4585 3425 4658 περιτυχών*
3457 4586 3536 4639 διὸ
3558 4588 3661 4641 καὶ

2085 4681 2596 4752 ἀναμιμνήσκουσιν
2639 4678 2800 4732 αὑτὸν
2847 4679 2944 4749 τῆς
3003 4678 3272 4731 Ἰουδαίων
3308 4678 3445 4731 κατά
3489 4677 3661 4733 αὐτοῦ

2088 4770 2307 4841 μανίας,
2362 4770 2644 4840 μονονουχὶ
2683 4767 2951 4837 λέγοντεςο
2992 4768 3057 4820 Τί
3103 4767 3266 4821 πάλιν
3300 4767 3481 4837 ζητεῖς
3518 4769 3669 4839 μετά

2086 4861 2195 4915 τῶν
2234 4861 2476 4916 ἀπειθῶν
2504 4859 2754 4930 γενέσθαι
2781 4860 2873 4912 καὶ
2901 4857 3206 4929 ἀχαρίστων
3242 4859 3348 4913 τῶν
3379 4860 3453 4930 μὴ
3479 4860 3671 4928 λόγοις

2091 4954 2225 5025 μηδὲ
2292 4953 2474 5025 ἔργοις
2532 4950 2982 5024 μαλασσομινων;
3039 4952 3090 5002 οἱ
3142 4951 3238 5003 καὶ
3299 4951 3379 5003 ἔτι
3456 4952 3670 5019 φονῶσι

2087 5043 2227 5097 κατὰ
2259 5043 2373 5109 σοῦ,
2408 5044 2503 5097 καὶ
2524 5043 2711 5108 ζέοντα
2741 5042 2831 5094 τὸν
2863 5040 3030 5112 θυμὸν
3058 5041 3285 5112 ἔχουσιν.
3321 5042 3390 5094 Ἢ
3417 5036 3509 5094 οὖν
3529 5041 3670 5095 τοῦ-

2086 5132 2147 5186 τό
2182 5150 2364 5202 φασιν,
2407 5134 2439 5204 ἢ
2477 5133 2636 5186 τοῦτο
2671 5131 2921 5202 σημαίνει
2962 5134 2991 5186 ό
3024 5132 3180 5201 λόγος
3212 5130 3406 5185 αὐτῶν·
3444 5130 3527 5185 ὅτι
3580 5136 3671 5198 εἰς

2087 5226 2340 5296 προφανῆ
2367 5225 2609 5278 κίνδυνον
2629 5223 2827 5288 αὐτοὺς
2854 5224 2995 5292 ἄγει.
3020 5225 3204 5295 Ὅμως
3226 5223 3560 5278 ὑπακούουσι
3582 5227 3671 5296 τῷ

2084 5315 2408 5384 διδασκάλῳ,
2436 5315 2510 5377 ὡς
2530 5313 2690 5368 εἰδότι
2728 5314 2788 5366 τὸ
2814 5313 3039 5385 βέλτιον.

2154 5488 2303 5559 οὐχὶ
2332 5487 2560 5544 δώδεκα
2578 5484 2726 5560 ὧραί
2754 5494 2869 5545 εἰσι
2902 5490 3008 5560 τῆς
3027 5488 3276 5559 ἡμέρας
3298 5488 3392 5542 καὶ
3410 5490 3477 5543 τά
3504 5486 3664 5560 ἑξῆς.

2158 5601 2310 5673 Τάχα
2341 5603 2395 5657 δὲ
2431 5607 2495 5676 τῇ
2526 5605 2623 5677 τῆς
2664 5604 2876 5676 ἡμέρας
2910 5604 3197 5673 ἀεικινήτῳ
3233 5604 3370 5673 φορᾷ
3392 5599 3653 5674 παρεικάο
