4062 6208
250 377 322 430 ιι
1117 373 1184 427 ΙΝ
1208 371 1551 428 JOANNEM.
1583 402 1652 414 —-
1675 372 1807 427 LIB.
1846 373 1866 424 Ἰ

1968 371 2057 426 ΕΤ
2086 370 2197 427 Vlll
2240 370 2688 428 FRAGMENTA.
3445 374 3516 431 ιε

250 496 346 559 ζει
388 493 485 565 τὴν
527 491 882 563 εὖπάροιστον
918 494 1011 547 καὶ
1053 494 1357 561 φιλόκαινον
1388 497 1497 550 τῶν
1535 494 1841 567 ἀνθρώπων

1968 494 2131 549 iidam
2163 508 2228 548 ac
2260 492 2520 548 mobilem
2543 535 2558 559 ,
2593 505 2811 561 semper
2846 488 3032 544 liuenti
3067 488 3280 543 dierum
3310 491 3513 549 motui.

254 586 529 649 διάνοιαν,
584 583 681 653 τὴν
731 583 807 654 μὴ
858 585 1153 655 ἱσταμένην
1204 587 1298 640 ἐπὶ
1363 588 1494 658 μιᾶς
1540 586 1846 656 δοκήσεως,

248 678 406 734 ἀλλὰ
439 674 839 747 μεταπηδῶσαν
889 675 999 729 ἀπὸ
1022 676 1236 746 κέτέρας
1268 677 1493 748 γνώμης
1534 678 1614 739 είς
1661 674 1849 745 ἄλλην,

253 770 337 833 ὡς
398 768 494 821 καὶ
551 768 586 838 ἡ
632 766 815 836 ἡμέρα
862 767 969 837 ᾁπὸ
1029 766 1181 838 ὧρας
1225 768 1391 839 ἄλλης
1423 770 1503 830 είς
1547 767 1713 837 ἄλλην
1759 784 1855 837 με-

258 854 535 909 ταϐαίνει.
580 854 813 924 Νοήσεις
858 854 915 906 δὲ
957 856 1053 907 καὶ
1102 856 1273 919 οὕτως
1301 856 1382 920 τὸ,
1420 875 1439 907 ι
1475 857 1609 927 Οὐχὶ
1645 857 1895 910 δώδεκά’

264 944 411 998 εἰσιν
467 942 528 995 αἱ
571 935 713 1014 ὧραι
746 942 842 1011 τῆς
875 943 1122 1014 ἡμέραςς
1164 963 1181 995 ι
1229 944 1373 997 τοῦτ’
1431 945 1600 1010 ἐστιν,
1643 946 1855 1017 Ἡμέρα

257 1036 385 1105 είμὶ
416 1035 511 1088 καὶ
562 1036 698 1104 φῶς.
744 1036 958 1107 Ὥσπερ
1010 1032 1231 1091 οὖνούκ
1279 1037 1345 1090 ἂν
1404 1037 1729 1109 καταλήξειε
1754 1037 1856 1107 τῆς

254 1126 555 1199 ἠμέραςτὸ
572 1126 708 1195 φῶς,
732 1128 809 1197 μὴ
831 1127 951 1197 οὐχὶ
967 1127 1056 1180 τὸν
1090 1128 1425 1199 τεταγμένον
1450 1128 1857 1200 ἀποπληρῶσαν

258 1219 497 1289 καιρόν·
541 1217 712 1283 οὕτως
753 1220 851 1271 οὐκ
882 1219 995 1272 ἔστι
1029 1218 1136 1272 τῶν
1182 1219 1569 1291 ἐνδεχομένων,
1605 1222 1696 1274 τὸν
1725 1199 1858 1291 παρ⁹

260 1310 409 1381 ἐμοῦ
469 1310 850 1364 συστέλλεσθαι
897 1311 1178 1381 φωτισμὸν
1225 1312 1334 1367 ἀπὸ
1382 1313 1489 1366 τῶν
1556 1311 1857 1376 Ἰουδαίων,

267 1405 350 1475 μὴ
399 1406 479 1468 είς
523 1403 584 1456 τὸ
628 1404 838 1473 πρέπον
880 1405 978 1473 τῆς
1029 1404 1439 1476 φιλανθρωπίας
1495 1405 1863 1479 προελθούσης

272 1496 496 1566 μέτρον.
547 1494 789 1566 Ἦμέραν
818 1494 874 1548 δὲ
910 1495 1059 1564 λέγει
1087 1497 1178 1550 τὸν
1199 1498 1297 1568 τῆς
1321 1498 1625 1569 παρουσίας
1647 1497 1859 1567 καιρὸν,

268 1585 450 1639 νύκτα
473 1584 544 1649 δὲ,
576 1585 667 1637 τὸν
703 1583 808 1654 πρὸ
844 1584 1067 1654 ταύτης·
1098 1585 1173 1648 ὡς
1217 1588 1310 1639 καὶ
1343 1588 1472 1641 ὅταν
1517 1586 1672 1657 λέγῃο
1711 1606 1730 1638 ι
1772 1580 1865 1638 Δεῖ

272 1677 601 1750 ἐργάξεσθαι
641 1678 709 1730 τὰ
739 1678 876 1747 ἔργα
904 1678 998 1729 τοῦ
1049 1678 1364 1747 πέμψαντός
1406 1697 1495 1749 με,
1539 1679 1642 1741 ἕως
1683 1679 1865 1749 ἡμέρα

1950 599 2232 655 nunquam
2265 585 2494 639 llrmiter
2529 584 2585 638 in
2615 597 2723 637 una
2776 581 3040 652 opinione
3085 581 3480 636 consistentem
3501 624 3517 648 ,

1953 676 2048 732 sed
2094 677 2165 732 ab
2195 691 2301 731 una
2336 676 2392 730 in
2424 676 2585 729 aliam
2612 676 2941 731 sententiam
2973 672 3275 728 desultoria
3305 672 3522 728 levitate

1954 773 2333 821 transeuntem
2357 804 2372 828 ,
2404 763 2863 834 quemadmodum
2893 762 3012 818 dies
3053 764 3121 817 ab
3164 777 3272 816 una
3301 762 3439 817 hora
3467 762 3521 816 in

1955 858 2121 910 aliam
2149 856 2372 911 transit.
2404 854 2622 910 Poteris
2649 855 2817 909 etiam
2855 855 2941 910 sic
2979 854 3329 924 interpretari
3383 854 3522 918 hoc,

1961 965 1980 999 ι
2039 945 2314 1017 Numquid
2347 946 2633 1002 duodecim
2683 954 2814 1001 sunt
2861 946 3009 1000 horae
3039 946 3188 1001 diei?
3232 966 3251 998 ι
3282 945 3522 1011 scilicet,

1956 1036 2076 1093 dies
2106 1054 2207 1109 ego
2240 1054 2364 1093 sum
2396 1047 2449 1092 et
2480 1038 2594 1091 lux.
2632 1035 2790 1091 Sicut
2821 1036 2986 1107 igitur
3020 1038 3112 1092 lux
3153 1036 3262 1091 diei
3295 1052 3404 1091 non
3437 1036 3528 1091 de-

1960 1128 2140 1194 ﬁciet,
2168 1130 2274 1184 nisi
2312 1129 2468 1199 prius
2498 1127 2864 1182 constitutum
2915 1136 3132 1198 tempus
3180 1128 3525 1198 impleverit:

1961 1222 2036 1277 ita
2065 1238 2179 1277 non
2206 1230 2293 1277 est
2322 1223 2375 1275 in
2391 1220 2836 1291 contingentibus
2864 1228 2924 1274 ut
2953 1236 3131 1275 meum
3161 1221 3347 1276 lumen
3380 1235 3411 1273 a
3440 1218 3529 1276 Ju-

1960 1314 2093 1370 daeis
2126 1314 2353 1370 tollatur
2382 1323 2436 1368 et
2470 1315 2823 1377 obscuretur,
2873 1312 3193 1381 priusquam
3229 1311 3295 1365 ad
3336 1326 3509 1367 conve

1962 1407 2208 1461 nicntcm
2239 1422 2305 1461 ac
2335 1406 2582 1461 debitum
2629 1404 2989 1460 humanitatis
3030 1402 3525 1459 modum'devene-

1965 1498 2055 1553 rit.
2102 1496 2279 1552 Porro
2312 1496 2456 1551 diem
2486 1495 2623 1549 dicit
2670 1503 2887 1563 tempus
2939 1495 3025 1548 sui
3074 1492 3379 1559 adventus,
3433 1508 3533 1546 no-

1964 1599 2109 1646 ctem
2164 1604 2296 1644 vero
2323 1605 2443 1659 quae
2477 1588 2632 1641 illum
2666 1586 2965 1657 praecedit,
3008 1585 3154 1639 velut
3197 1600 3319 1639 cum
3366 1586 3530 1640 etiam

1966 1684 2141 1757 dicit:
2178 1701 2196 1732 ι
2226 1679 2435 1735 Facere
2462 1687 2679 1750 oportet
2718 1694 2883 1748 opera
2923 1678 3044 1748 ejus
3085 1677 3181 1748 qui
3229 1676 3379 1731 misit
3409 1691 3530 1740 me,

272 1770 415 1821 ἔστί.
465 1787 485 1819 ι
522 1768 693 1822 Τοῦτο
735 1764 827 1823 οὖν
868 1769 1101 1823 ἐνταῦθά
1142 1787 1294 1841 φησι,
1337 1772 1422 1824 ὃτι
1460 1772 1573 1825 Οὐκ
1610 1770 1724 1823 ἔστι
1770 1769 1866 1824 νῦν

1969 1779 2095 1834 dum
2127 1778 2247 1834 dies
2276 1785 2363 1832 est
2388 1778 2453 1829 ³³.
2483 1796 2500 1828 ι
2524 1775 2642 1830 lloc
2670 1774 2837 1845 igitur
2864 1773 2987 1827 loco
3019 1772 3071 1825 id
3102 1771 3269 1826 dicit:
3302 1768 3421 1824 Non
3448 1778 3535 1825 est

272 1862 466 1931 καιρὸς
482 1863 778 1932 ἀποσχίσαι
806 1864 1044 1933 ἐμαυτὸν
1068 1864 1179 1916 τῶν
1214 1863 1503 1928 Ἰουδαίων,
1524 1865 1628 1918 κᾶν
1654 1864 1859 1918 ἀνόσιοι

1968 1888 2112 1928 nunc
2134 1881 2348 1942 tempus
2372 1878 2430 1925 ιιι
2460 1868 2775 1924 abstraham
2796 1882 2881 1921 me
2913 1880 2942 1918 a
2971 1863 3198 1928 Iudaeis,
3222 1863 3350 1917 licet
3381 1862 3531 1931 impii

272 1947 429 2016 ὦσιν,
463 1953 602 2006 ἀλλὰ
634 1953 812 2008 πάντα
846 1958 1022 2008 ποιεῖν
1055 1955 1123 2007 τὰ
1157 1956 1294 2026 πρὸς
1329 1956 1628 2027 θεραπείαν
1657 1955 1858 2009 αὐτῶν.

276 2046 353 2098 Οὐ
381 2045 489 2115 γὰρ
508 2046 587 2097 δεῖ
617 2044 815 2107 αὐτοὺς
853 2043 948 2098 νῦν
982 2045 1326 2111 κολάζεσθαι,
1354 2047 1746 2117 ἁποχωρούσης
1767 2031 1863 2099 ἀπ’

276 2136 456 2189 αὐτῶν
484 2137 581 2207 τῆς
602 2135 757 2199 θείας
789 2137 1011 2206 χάριτος
1040 2136 1192 2207 ἡλίου
1234 2139 1411 2208 δίκηνο
1444 2136 1558 2189 ἀλλ’
1591 2136 1780 2207 ὥσπερ
1802 2135 1864 2189 τὸ

281 2225 395 2292 φῶς
427 2226 529 2295 τῆς
564 2225 777 2296 ἡμέρας
827 2228 927 2279 οὐκ
972 2227 1234 2293 ἐκλείπει,
1279 2229 1327 2280 εί
1382 2227 1456 2298 μὴ
1500 2226 1761 2299 πληρωθῇ
1802 2226 1863 2280 τὸ

276 2312 648 2385 δωδεκὰυρον·
701 2313 875 2378 οὕτως
928 2316 1050 2369 οὐδὲ
1104 2318 1132 2369 ό
1182 2317 1313 2387 παρ’
1346 2317 1481 2387 ἐμοῦ
1519 2315 1862 2370 συστέλλεται

272 2408 555 2477 φωτισμδς
588 2407 696 2479 πρὸ
715 2408 932 2478 καιροῦ,
981 2408 1117 2463 ἀλλὰ
1156 2410 1317 2481 μέχρι
1349 2408 1443 2463 τοῦ
1483 2409 1863 2482 σταυρωθῆναι

284 2498 433 2567 μενῶ
496 2500 633 2567 μετὰ
668 2500 777 2553 τῶν
842 2499 1133 2565 Ἰουδαίων,
1187 2501 1351 2564 ἐνιεὶς
1412 2501 1594 2564 αὐτοῖς
1636 2500 1712 2563 ὡς
1748 2498 1864 2567 φῶς

284 2589 389 2656 τῆς
422 2588 745 2654 θεογνωσίας
784 2591 880 2659 τὴν
928 2589 1161 2645 σύνεσιν,
1201 2591 1416 2662 Ἐπειδὴ
1458 2591 1565 2663 γὰρ
1622 2590 1864 2643 Ἰουδαῖοι

288 2678 352 2728 ἐν
387 2677 566 2729 σκότει
616 2678 765 2741 ὄντες
802 2680 1072 2743 ἀπιστίας,
1112 2681 1549 2752 προσκόπτουσιν
1605 2681 1691 2731 ἐπ’
1739 2679 1865 2751 ἐμοὶ

280 2768 359 2829 ῶς
398 2767 552 2839 λίθῳ,
587 2769 669 2822 δεῖ
685 2770 937 2825 ἀπελθεῖν
970 2772 1106 2841 πρὸς
1142 2773 1338 2835 αὐτοὺς
1370 2774 1466 2826 καὶ
1506 2771 1736 2841 φωτίσαι
1769 2772 1867 2826 αὐ-

284 2858 432 2920 τοὺς,
457 2858 542 2911 ἵνα
565 2859 878 2914 παύσωνται
893 2862 993 2932 τῆς
1024 2861 1293 2932 θεομάχου
1323 2861 1540 2931 μανίας.
1574 2861 1645 2912 Ἦ
1667 2859 1862 2924 οὕτως·

295 2948 516 3020 Ἐπειδὴ
546 2950 597 3002 oi
649 2950 889 3022 μαθηταὶ
942 2953 1177 3005 ἐκώλυον
1208 2953 1301 3005 τὸν
1322 2951 1556 3023 Χριστὸν
1592 2951 1865 3005 συνελθεῖν

285 3044 396 3103 τοῖς
434 3042 728 3108 Ἰουδαίοις,
747 3044 809 3096 οὐ
836 3045 906 3097 δι’
940 3045 1185 3107 ἑαυτοὺς,
1213 3044 1348 3097 ἀλλὰ
1366 3043 1454 3097 διὰ
1480 3044 1579 3115 τὴν
1604 3043 1739 3113 πρὸς
1770 3037 1865 3096 ad"

1966 1967 2095 2031 sint,
2131 1966 2225 2021 sed
2256 1975 2317 2020 ut
2348 1963 2415 2019 ad
2437 1952 2775 2019 curationem
2810 1974 2999 2016 eorum
3032 1958 3168 2012 nihil
3204 1959 3531 2012 intentatum

1967 2058 2299 2127 relinquam.
2331 2055 2450 2111 Non
2482 2054 2624 2111 enim
2650 2059 2865 2123 Oportet
2894 2066 2989 2106 eos
3016 2065 3165 2104 nunc
3190 2049 3450 2121 castigari
3480 2056 3537 2104 et

1964 2149 2185 2218 puniri,
2219 2146 2510 2202 recedente
2529 2185 2544 2209 ,
2574 2146 2722 2200 velut
2757 2145 2895 2209 sole,
2929 2143 2999 2197 ab
3021 2142 3101 2197 eis
3127 2141 3310 2197 divina
3337 2141 3534 2212 gratia,

1965 2240 2059 2296 sed
2092 2237 2553 2309 quemadmodum
2603 2236 2789 2289 lumen
2836 2233 2947 2290 diei
2999 2248 3111 2287 non
3156 2232 3379 2298 delleit,
3428 2232 3537 2287 nisi

1964 2330 2255 2387 duodecim
2285 2329 2547 2383 horarum
2581 2326 2833 2382 conlecto
2864 2324 3061 2395 spatio,
3091 2322 3173 2379 sic
3203 2338 3381 2392 neque
3411 2333 3536 2377 ante

1965 2431 2181 2493 tempus
2227 2437 2346 2477 mea
2398 2419 2748 2475 contrahitur
2795 2416 3163 2478 illuminatio,
3211 2416 3321 2469 imo
3363 2429 3539 2484 usque

1964 2513 2033 2568 ad
2062 2527 2281 2568 crucem
2313 2511 2545 2565 manebo
2565 2525 2688 2563 cum
2710 2506 3246 2569 Judmisjmmittens
3263 2504 3344 2559 eis
3366 2505 3535 2559 veluti

1965 2606 2152 2660 lumen
2183 2601 2279 2657 Dei
2313 2600 2649 2672 cognitionis
2677 2597 3126 2666 intelligentiam.
3172 2594 3539 2666 Quandoqui-

1964 2693 2089 2749 dem
2119 2692 2263 2748 enim
2293 2689 2488 2753 Judaei,
2522 2690 2577 2744 in
2616 2687 2957 2743 inﬁdelitatis
2974 2686 3222 2741 tenebris
3248 2692 3497 2740 errantes
3518 2725 3533 2748 ,

1967 2780 2023 2835 in
2064 2794 2152 2834 me
2194 2787 2255 2833 ut
2296 2779 2362 2833 ad
2408 2778 2647 2848 lapidem
2692 2775 3010 2840 ollendunt,
3053 2775 3293 2830 eundum
3337 2784 3422 2830 est
3470 2774 3538 2855 ad

1967 2871 2093 2927 illos
2123 2879 2180 2925 ut
2209 2871 2616 2936 illuminentur,
2644 2879 2699 2924 et
2724 2868 2979 2922 desinant
3006 2867 3062 2922 in
3091 2866 3259 2922 Deum
3291 2881 3539 2943 pugnare

1966 2977 2031 3016 ac
2063 2960 2275 3031 furere;
2299 2963 2387 3017 vel
2417 2962 2521 3016 hoc
2551 2959 2714 3014 modo
2743 2977 2756 3013 :
2791 2958 3249 3028 Quandoquidem
3280 2959 3539 3028 discipuli

1966 3050 2247 3107 Christum
2276 3051 2536 3107 accedere
2568 3049 2633 3104 ad
2664 3047 2882 3104 Judzeos
2925 3048 3184 3103 vetabant
3207 3088 3222 3111 ,
3264 3062 3375 3102 non
3417 3063 3540 3117 pro-

283 3137 375 3189 τὸν
430 3137 594 3206 δῆθεν
647 3137 845 3205 φειδὼ,
896 3138 1310 3210 παραθαρρὐει
1372 3138 1571 3200 αὐτοὺς
1631 3137 1718 3190 διὰ
1762 3135 1864 3205 τῆς

1968 3152 2089 3214 pter
2118 3143 2368 3213 seipsos,
2418 3142 2513 3197 sed
2545 3140 2693 3212 quod
2724 3141 2843 3210 ejus
2877 3140 3068 3211 utique
3117 3139 3285 3194 saluti
3337 3150 3541 3194 metuc-

285 3228 624 3298 παραϐολῆς,
679 3230 761 3282 ὃτι
827 3229 1084 3282 οὐδέποτε
1135 3226 1381 3281 πείσεταί
1425 3245 1478 3281 τι
1524 3227 1633 3281 τῶν
1707 3226 1865 3280 ἀϐου-

196 3348 209 3363 κ
285 3321 481 3391 λήτων.
531 3322 595 3374 Et
632 3322 741 3392 γὰρ
772 3324 801 3375 ὁ
853 3324 912 3375 ὲν
950 3320 1132 3392 ἡμέρᾳ
1177 3318 1515 3391 περιπατῶν,
1541 3319 1602 3372 οὐ
1634 3317 1869 3393 προσκό-

284 3429 439 3475 πτει,
480 3413 598 3475 πῶς
638 3414 667 3465 ὁ
706 3414 839 3466 πᾶσι
880 3412 942 3465 τὸ
974 3410 1092 3479 φῶς
1140 3412 1323 3475 ἐνιεὶς,
1373 3410 1633 3481 ὑπομένοι
1664 3427 1718 3463 τι
1757 3409 1866 3462 τῶν

286 3504 568 3574 λυπηρῶν,
621 3506 802 3569 ἄκων;
854 3505 925 3557 Ἦ
990 3504 1106 3568 πῶς
1162 3506 1191 3558 ὁ
1250 3505 1416 3558 πᾶσιν
1470 3501 1868 3556 ἀποκαλύπτων

288 3600 410 3661 τοὺς
440 3595 860 3667 κεκρυμμένους
893 3596 1000 3649 τῶν
1031 3595 1280 3666 πονηρῶν
1310 3594 1555 3665 βόθρους,
1590 3593 1869 3664 όλισθῆσει

295 3688 349 3739 ὲν
373 3689 557 3750 αὐτοῖς
599 3687 674 3757 μὴ
694 3686 884 3754 είδώςς
920 3687 994 3740 ’Ἦ
1018 3686 1081 3740 οὗ
1123 3686 1250 3757 περὶ
1275 3684 1467 3739 ἑαυτοῦ
1511 3684 1670 3738 τοῦτο
1696 3685 1865 3752 λέγει,

291 3778 424 3831 ἀλλὰ
448 3779 581 3849 περὶ
616 3778 727 3830 τῶν
760 3778 1036 3849 μαθητῶν,
1079 3778 1162 3832 ὅτι
1187 3777 1341 3832 οὐδὲν
1385 3778 1665 3831 πείσονται
1692 3776 1868 3831 δεινὸν

298 3869 540 3932 συνόντες
566 3867 649 3939 τῷ
670 3869 849 3923 πάντα
898 3868 1209 3937 φωτίζοντι,
1259 3869 1354 3921 καὶ
1393 3869 1454 3921 οὑ
1488 3868 1646 3939 μόνον
1683 3868 1865 3931 εἰδότι,

292 3962 429 4016 ἀλλὰ
482 3962 579 4014 καὶ
623 3961 833 4031 ἑτέροις
874 3961 1314 4015 ἁποκαλῦπτοντι
1344 3960 1445 4023 τὰς
1485 3960 1871 4031 κεκρυμμένας

294 4053 489 4125 βουλὰς
520 4053 630 4106 τῶν
662 4053 931 4123 πονηρῶνο
962 4054 1043 4107 διὸ
1068 4051 1348 4125 προλέγων
1382 4052 1565 4116 αὐτοῖς
1594 4053 1653 4107 ἐν
1675 4069 1784 4106 τισι
1803 4053 1871 4107 τὰ

294 4145 529 4216 ἐσόμενα
566 4146 663 4198 καὶ
699 4144 1092 4214 καταφωτίζων
1128 4146 1365 4209 αὐτοὺς..
1396 4144 1497 4198 οὐκ
1534 4144 1600 4215 ἑᾷ
1647 4144 1870 4216 περιπί-

295 4253 449 4291 πτειν
480 4234 794 4297 σκανδάλοις
823 4236 882 4286 ἐν
909 4236 1023 4296 τοῖς
1044 4231 1496 4304 συμϐησομένοις.

366 4476 630 4547 Λάζαρος
651 4479 685 4530 ὀ
720 4476 896 4544 φίλος
927 4471 1096 4543 ἡμῶν
1125 4473 1490 4542 κεκοίμηται.

379 4592 684 4660 ’Δξιόλογος
730 4590 1006 4661 πρόφασις
1052 4588 1199 4642 ἒλκει
1262 4604 1331 4657 με
1398 4588 1479 4650 είς
1518 4581 1875 4656 Ἰερουσαλὴμ

310 4683 388 4754 (τὸ
419 4684 549 4755 γὰρ,
593 4700 611 4735 ι
678 4683 738 4736 '0
772 4683 920 4751 φίλος
959 4681 1117 4752 ἡμῶν
1157 4680 1502 4749 κεκοίμηται,
1538 4695 1556 4729 ι
1590 4676 1750 4730 τοῦτο
1784 4692 1876 4746 ση-

317 4775 531 4845 μαίνει),
569 4775 662 4829 καὶ
687 4774 781 4828 ἐὰν
814 4774 1144 4844 περιίδωμεν
1172 4770 1382 4832 τοῦτον,
1404 4768 1876 4839 ἁφιλοικτίρμονος

312 4867 650 4938 λαμὸἁνομεν
689 4864 866 4932 δόξας.
912 4865 1003 4918 Διὸ
1045 4862 1414 4917 δυσωπεῖσθαι
1459 4862 1563 4934 χρὴ
1605 4862 1753 4932 ἡμᾶς
1784 4860 1878 4929 ἐπὶ

301 4958 506 5031 τούτῳ,
557 4960 644 5012 καὶ
696 4959 925 5029 δραμεῖν
969 4956 1063 5009 ἐπὶ
1088 4955 1188 5026 τὴν
1240 4954 1335 5008 τοῦ
1374 4954 1527 5022 φίλου
1583 4952 1876 5024 σωτηρίαν,

305 5047 687 5121 ὑπερορῶντας
725 5047 836 5101 τῶν
880 5044 1186 5099 Ἰουδαϊκῶν
1218 5044 1539 5098 ἐπιϐουλῶν.
1569 5042 1794 5105 Δεικνὺς
1821 5040 1879 5095 δὲ

191 5212 199 5220 ο
302 5141 468 5195 αὑτοῦ
499 5142 599 5212 τὴν
631 5138 915 5211 θεοπρεπῆ
957 5138 1205 5208 δύναμιν,
1245 5135 1410 5191 ὕπνον
1452 5135 1609 5189 καλεῖ
1646 5135 1745 5203 τῆς
1782 5134 1879 5187 ἁν-

306 5233 585 5303 θρωπίνης
612 5231 794 5301 ψυχῆς
835 5229 935 5301 τὴν
985 5229 1093 5281 ἀπὸ
1135 5228 1230 5281 τοῦ
1271 5229 1517 5298 σώματος
1549 5225 1744 5291 ἐξοδονο
1791 5222 1881 5278 θά-

305 5340 465 5376 νατον
490 5322 597 5393 γὰρ
626 5321 728 5374 οὐκ
756 5320 985 5389 ἠξίωσεν
1014 5319 1186 5371 εἰπεῖν
1208 5319 1237 5370 ὁ
1276 5318 1466 5380 κτίσας
1494 5316 1585 5368 ἐπὶ
1606 5313 1882 5386 ἀφθαρσίᾳ

305 5412 398 5466 τὸν
429 5412 735 5482 ἄνθρωπον,
770 5410 911 5464 κατὰ
936 5410 996 5462 τὸ
1020 5408 1424 5480 γεγραμμένον,
1451 5406 1546 5461 καὶ
1579 5403 1882 5477 σωτηρίους

307 5502 592 5567 ἀναδείξας
634 5501 731 5565 τὰς
763 5501 1002 5569 γενέσεις
1044 5497 1140 5552 τοῦ
1180 5499 1407 5569 κόσμου.
1441 5498 1587 5569 [Ιλήν
1632 5500 1747 5550 ἐστι
1787 5494 1882 5550 καὶ

306 5592 514 5663 ἀληθὴς
531 5593 561 5643 ὁ
583 5591 760 5659 λόγος·
786 5589 950 5651 ὕπνος
976 5589 1083 5661 γὰρ
1106 5590 1273 5651 ὅντως
1296 5588 1448 5659 παρὰ
1469 5587 1706 5658 Sequani.
1758 5584 1879 5638 ἓτε-

384 5769 432 5803 ”
471 5767 633 5826 Joan.
668 5786 757 5838 ιχ,
792 5770 844 5824 ι.
921 5771 965 5803 ³⁸
1007 5773 1136 5843 Sap.
1175 5786 1229 5833 ι,
1267 5766 1454 5819 15-16.

647 5860 926 5921 Parnm“
974 5861 1092 5921 Gtt.
1189 5855 1466 5916 LXXIV.

1970 3242 2131 3298 rent,
2183 3232 2472 3288 coulirmat
2518 3247 2615 3288 eos
2664 3246 2763 3301 per
2815 3230 3169 3302 parabolam,
3201 3230 3350 3300 quod
3403 3229 3541 3285 nihil

1972 3340 2203 3395 usquam
2236 3331 2436 3394 praeter
2477 3310 2815 3377 voluntatem
2849 3336 3119 3391 passurus
3148 3320 3243 3375 sit.
3305 3320 3362 3375 Si
3394 3320 3541 3377 enim

1968 3420 2062 3488 qui
2094 3416 2341 3471 ambulat
2374 3415 2428 3470 in
2453 3415 2546 3470 die
2573 3430 2682 3469 non
2713 3413 2940 3470 oll‘endit
2961 3456 2976 3480 ,
3001 3414 3280 3484 quomodo
3308 3414 3403 3483 qui
3432 3429 3544 3469 om-

1969 3508 2132 3561 nibus
2156 3506 2337 3559 lumen
2363 3504 2608 3565 immittit
2627 3544 2642 3567 ,
2670 3510 2959 3573 pateretur
2985 3502 3191 3573 aliquid
3248 3502 3541 3557 molestum

1970 3596 2177 3653 invrtus
2198 3596 2224 3650 ί
2259 3598 2368 3651 Aut
2394 3597 2675 3672 quomodo
2706 3597 2797 3667 qui
2831 3596 3089 3652 omnibus
3124 3595 3331 3651 revelat
3362 3596 3544 3650 occul-

1967 3699 2053 3747 tas
2092 3689 2359 3744 malorum
2406 3688 2617 3752 foveas,
2649 3688 2969 3759 imprudens
2997 3688 3052 3741 in
3084 3704 3178 3743 eas
3210 3688 3417 3744 cadet?
3442 3686 3540 3744 Vel

1970 3796 2083 3835 non
2116 3780 2183 3835 de
2213 3780 2395 3852 seipso
2427 3780 2531 3834 hoc
2562 3779 2725 3844 dicit,
2772 3779 2867 3836 sed
2915 3778 2983 3834 de
3026 3778 3357 3849 discipulis,
3406 3779 3541 3834 nihil

1970 3888 2068 3929 eos
2120 3874 2375 3927 acerbum
2454 3885 2755 3941 passuros,
2807 3868 2975 3941 679
3017 3852 3262 3939 quandiu
3290 3884 3415 3923 cum
3447 3869 3544 3924 illo

1971 3970 2165 4026 erunt,
2199 3964 2292 4033 qui
2349 3962 2535 4016 omnia
2591 3960 2899 4025 illuminat,
2950 3960 3159 4029 quique
3205 3975 3313 4013 non
3366 3959 3545 4015 solum

1911 4110 1923 4122 ,
1973 4056 2113 4117 scit,
2146 4053 2242 4108 sed
2277 4053 2403 4107 aliis
2432 4053 2599 4106 etiam
2633 4053 2830 4121 retegit
2870 4052 3085 4106 occulta
3118 4051 3389 4104 malorum
3420 4064 3549 4105 con-

1976 4144 2133 4206 silia,
2163 4142 2396 4213 ideoque
2427 4140 2737 4211 praedicens
2778 4141 2862 4196 cis
2892 4143 2947 4195 in
2979 4140 3307 4210 quibusdam
3358 4139 3546 4194 futura

1969 4245 2032 4291 et
2059 4233 2378 4288 illuminans
2404 4246 2500 4286 eos
2520 4271 2535 4297 ,
2569 4245 2679 4284 non
2711 4230 2843 4284 sinit
2873 4230 3171 4299 impingere
3196 4230 3253 4283 in
3284 4228 3547 4284 scandala

1976 4326 2031 4379 in
2063 4326 2130 4379 iis
2168 4338 2290 4393 qua:
2323 4329 2590 4376 eventura
2619 4328 2769 4375 sunt.
2852 4390 2857 4395 _

2050 4452 2147 4519 XI,
2179 4454 2265 4508 11.
2300 4454 2539 4508 Lazarus
2569 4451 2769 4506 amicus
2801 4459 2977 4506 noster
2999 4456 3218 4505 dormit.

2050 4568 2247 4624 Gravis
2277 4564 2496 4622 occasio
2523 4563 2690 4618 trahit
2736 4578 2822 4618 me
2861 4562 3205 4628 Jerusalem,
3254 4562 3358 4618 hoc
3401 4561 3549 4621 enim

1982 4662 2259 4732 signiﬁcat
2288 4657 2419 4712 illud
2450 4676 2463 4711 :
2503 4676 2521 4708 ι
2556 4656 2779 4710 Amicus
2824 4662 3012 4711 noster
3055 4654 3300 4722 dormit;
3337 4673 3356 4706 ι
3394 4668 3460 4708 ac
3502 4654 3548 4709 si

1981 4770 2106 4810 eum
2134 4753 2459 4824 neglexero.
2488 4749 2623 4804 mihi
2653 4750 2843 4818 opinio
2868 4746 3319 4802 immisericordis
3344 4756 3398 4802 et
3424 4746 3550 4801 duri

1983 4845 2266 4900 subeunda
2314 4850 2422 4899 est.
2474 4841 2655 4907 Quare
2705 4840 2911 4909 pudere
2960 4854 3062 4894 nos
3112 4845 3361 4907 oportet,
3397 4845 3452 4893 et
3483 4838 3551 4893 ad

1984 4937 2150 4993 amici
2196 4936 2433 4991 salutem
2484 4932 2809 4995 convolare,
2854 4932 3184 5000 contemptis
3233 4928 3549 4984 Juda‘orum

1984 5029 2222 5086 insidiis.
2256 5028 2528 5084 Caeterum
2560 5025 2861 5081 ostendens
2894 5038 3193 5095 congruam
3226 5022 3336 5077 Deo
3368 5029 3553 5092 poten-

1986 5122 2115 5176 tiam
2144 5135 2208 5175 ac
2234 5121 2404 5181 vires.
2436 5118 2689 5172 humanae
2718 5116 2915 5171 anima;
2946 5131 2976 5168 a
3007 5130 3239 5185 corpore
3269 5128 3551 5169 secessum

1987 5227 2239 5270 somnum
2269 5217 2426 5266 vocat
2451 5227 2467 5265 :
2503 5224 2679 5279 neque
2709 5208 2854 5263 enim
2889 5214 3121 5262 mortem
3148 5219 3354 5259 vocare
3379 5204 3554 5259 voluit

1986 5308 2077 5379 qui
2102 5306 2305 5362 creavit
2324 5302 2597 5358 hominem
2620 5302 2685 5356 ad
2708 5299 3173 5354 immortalitatem
3193 5338 3207 5362 ,
3223 5296 3384 5365 juxta
3408 5294 3557 5349 Scri-
3604 5294 3607 5299 ’

1989 5410 2181 5469 pturas
2211 5397 2280 5463 ³⁸,
2317 5403 2372 5453 et
2400 5394 2788 5468 generationes
2817 5389 3009 5444 mundi
3042 5388 3109 5444 ad
3140 5390 3374 5445 salutem
3403 5386 3553 5442 fecit.

1989 5488 2384 5547 Verumtamen
2417 5488 2579 5543 etiam
2616 5499 2777 5540 verus
2810 5489 2896 5538 est
2931 5496 3145 5544 sermo,
3201 5488 3256 5535 et
3306 5493 3433 5534 vere
3472 5483 3556 5533 est

1986 5596 2216 5640 somnus
2245 5578 2390 5652 apud
2420 5576 2590 5634 Deum
2660 5573 2906 5645 nihilque
2934 5569 3082 5627 aliud
3112 5579 3197 5626 est
3227 5572 3553 5639 temporarta

3110 5778 3247 5891 ἐ
