4062 6208
482 372 562 432 t6
1487 366 1544 422 s.
1587 365 1865 421 CYlllLLl
1901 366 2369 422 ALEXANDlthl
2411 368 2710 423 ARClllEP
3362 348 3365 351 ’
3591 364 3597 369 θ
3690 380 3759 427 ι,

484 506 557 548 ae
588 497 974 547 momentanea
1008 484 1262 556 corporis
1296 485 1472 541 nostri
1509 499 1658 539 mors
1682 522 1696 547 ,
1735 483 1981 553 simplici
2015 493 2071 538 et

2181 501 2268 555 ρον
2294 485 2469 551 οὐδὲν,
2503 487 2531 538 ὁ
2563 488 2897 556 πρόσκαιρος
2924 484 3079 555 ἡμῶν
3106 484 3198 538 τοῦ
3232 484 3481 556 σώματος
3510 487 3759 552 θάνατος,

489 585 608 641 solo
645 588 922 654 prostrata
971 588 1107 634 nutu
1152 579 1273 647 ejus
1317 577 1413 646 qui
1461 576 1765 631 secundum
1809 583 2067 629 naturam

491 691 646 731 suam
687 675 796 729 vita
832 682 955 738 est,
998 672 1105 726 hoc
1134 679 1220 727 est
1256 671 1489 725 Christi.
1529 670 1926 724 Animadverte
1965 682 2069 722 au-

471 783 598 824 deut
626 784 749 824 eum
784 782 893 821 non
918 766 1165 821 dixisse:
1202 763 1445 818 Lazarus
1460 772 1714 818 mortuus
1737 768 1915 829 est,et
1930 761 2071 816 vado

482 857 945 913 iul-excitandum
982 870 1147 921 eum;
1195 854 1289 910 sed
1340 854 1456 907 ait:
1490 872 1509 905 ι
1543 852 1780 919 Dormit,
1819 872 1839 906 ι
1866 852 2071 907 fastum

492 962 544 1001 et
579 947 902 1018 jactantiam
937 946 1120 1001 vitans
1162 944 1231 999 ad
1271 953 1521 1001 nostram
1562 944 1968 1001 institutionem
2005 957 2072 998 ac

494 1040 808 1094 utilitatem.
860 1036 982 1091 Non
1032 1036 1179 1091 enim
1232 1037 1369 1091 adeo
1406 1038 1703 1092 obscuram
1743 1038 2073 1108 plenamque

495 1130 961 1188 dissimulationis
994 1130 1274 1185 emisisset
1307 1145 1498 1184 vocem
1521 1170 1535 1195 ,
1574 1138 1634 1183 ut
1667 1131 1756 1184 vix
1796 1130 1899 1200 ipsi
1930 1145 2072 1199 quo-

493 1238 602 1292 que
646 1222 901 1292 discipuli
939 1236 1250 1278 sermonem
1308 1221 1701 1291 intelligerent.
1759 1220 1876 1277 Non
1925 1222 2072 1275 enim

495 1318 668 1371 dixit:
702 1314 852 1369 Vado
887 1316 1265 1369 vivitieaturus
1292 1322 1348 1368 et
1379 1330 1407 1367 a
1442 1315 1676 1368 mortuis
1705 1316 2074 1369 suscitaturus

495 1423 653 1474 enim,
684 1408 803 1481 sed,
858 1426 878 1458 ι
909 1406 1403 1476 expergefacturus
1431 1444 1445 1467 ,
1491 1423 1509 1456 ι
1554 1406 1699 1474 quod
1734 1405 1953 1475 quidem
1978 1422 2073 1459 va-

496 1516 658 1554 cuum
693 1507 814 1555 erat
850 1499 919 1552 ab
948 1498 1097 1553 omni
1132 1497 1454 1567 suspicione
1482 1496 1788 1566 jactantizn.

566 1607 667 1674 XI,
706 1607 792 1662 ιε.
832 1607 894 1663 δε
919 1606 1135 1673 dormit,
1169 1606 1517 1661 salvabitur..

568 1722 648 1776 llli
693 1736 846 1788 vero,
889 1735 998 1774 non
1041 1719 1412 1791 intelligentes
1448 1720 1555 1775 vim
1595 1719 1768 1788 verbi,
1808 1720 2077 1792 putabant

492 1815 683 1871 Jcsum
719 1812 908 1867 dicere
946 1810 1014 1867 de
1053 1811 1396 1868 dormitione
1436 1813 1776 1883 somni,qui,
1821 1827 2075 1882 smpenu-

2172 575 2314 647 ψιλῷ
2353 578 2445 631 καὶ
2488 576 2633 647 μόνῳ
2676 577 3119 648 καταργούμενος
3173 577 3402 647 νεύματι
3462 579 3562 650 τῆς
3622 581 3763 637 κατά

2175 671 2337 743 φύσιν
2389 670 2556 741 ζωῆς,
2598 669 2743 723 τοῦτ’
2783 669 2898 723 ἔστι
2948 669 3209 742 Χριστοῦ.
3252 670 3396 741 Ὅρα
3437 672 3493 726 δὲ
3536 673 3618 727 ὅτι
3662 676 3759 729 οὐκ

2175 760 2315 818 εἷπε·
2362 761 2610 833 Λάζαρος
2660 760 2918 826 ἀπέθανε,
2966 763 3060 816 καὶ
3108 763 3414 835 πορεύομαι
3459 766 3761 838 ἀναστῆσαι

2176 854 2364 921 αὐτὸν,
2407 853 2543 908 ἀλλά
2587 871 2742 923 φησι,
2776 872 2795 904 ι
2841 856 3202 926 Κεκοίμηται,
3239 873 3257 906 ι
3295 857 3355 910 τὸ
3383 860 3760 928 κομπαστικδν

2177 946 2415 1018 φεύγων,
2459 945 2596 1018 πρὸς
2637 945 2915 1016 ἡμετέραν
2956 945 3303 1001 διδασκαλίαν
3336 949 3430 1002 καὶ
3466 950 3755 1017 ὠφέλειαν.

2178 1038 2251 1093 Οὐ
2297 1038 2407 1109 γὰρ
2445 1037 2511 1091 ἂν
2538 1036 2709 1099 οὕτως
2754 1036 3000 1107 ἀμυδρὰν
3049 1037 3186 1106 μετὰ
3234 1038 3581 1108 ἐπικρύψεως
3606 1041 3758 1110 ἠφίει

2177 1130 2381 1200 φωνὴν,
2416 1128 2491 1191 ὡς
2528 1127 2647 1198 μηδ’
2690 1126 2888 1190 αὐτοὺς
2936 1127 3171 1182 συνιέναι
3217 1130 3344 1193 τοὺς
3376 1129 3621 1202 μαθητὰς
3669 1132 3758 1185 τὸν

2176 1220 2351 1291 λόγον.
2389 1220 2592 1290 Οΰγὰρ
2619 1219 2745 1288 ἔφη,
2780 1218 3094 1290 Πορεύομαι
3115 1218 3405 1293 ζωώσωνῆ
3438 1223 3758 1293 ἀναστήσων

2172 1314 2339 1366 αὑτὸν
2369 1315 2432 1366 ὲκ
2456 1312 2686 1382 νεκρῶν,
2709 1311 2821 1364 ἀλλ’
2848 1331 2866 1363 ι
2907 1310 3261 1375 Ἑξνπνίσωψ
3300 1330 3317 1362 ι
3345 1309 3558 1383 ὃπερῆν
3589 1314 3758 1383 ἀργὸν

2175 1404 2314 1466 τέως
2349 1404 2427 1466 εἰς
2456 1404 2717 1473 ὑποψίαν.

2235 1601 2317 1653 .El
2349 1598 2717 1667 κεκοίμηται,
2745 1597 3105 1665 σωθήσεται.

2265 1716 2490 1769 Ἐκεῖνοι
2532 1715 2589 1770 δὲ
2621 1716 2696 1787 μὴ
2726 1716 3016 1787 νοήσαντες
3051 1712 3145 1768 τοῦ
3189 1713 3350 1782 λόγου
3380 1712 3479 1784 τήν
3506 1712 3757 1785 δύναμιν,

2179 1812 2434 1883 ᾠήθησαν
2470 1809 2561 1863 τὸν
2619 1810 2824 1879 Ἰησοῦν
2860 1810 3037 1878 λέγειν
3075 1810 3201 1880 περὶ
3233 1809 3539 1880 κοιμήσεως
3571 1807 3760 1870 ὖπνου,

500 1923 653 1962 ntero
717 1905 954 1961 infirmis
1016 1904 1339 1969 adveniens,
1372 1905 1611 1975 quietem
1676 1903 1885 1959 affert:
1947 1905 2070 1958 ideo

2181 1906 2235 1969 ὃς
2262 1905 2354 1958 ἐπὶ
2382 1904 2439 1957 τὸ
2475 1902 2607 1957 πολὺ
2633 1906 2742 1966 τοῖς
2760 1902 3062 1975 ἀρρώστοις
3091 1902 3432 1972 συμϐαίνων,
3455 1900 3763 1955 ἀνάπαυσιν

499 2002 692 2053 aiunt:
718 1996 833 2051 Non
872 2004 956 2051 est
996 1994 1192 2050 idonea
1229 2012 1395 2050 causa
1437 1996 1711 2061 veniendi,
1737 2006 2074 2066 utcxpergc-

502 2092 670 2144 facias
731 2104 759 2143 a
817 2103 1010 2144 somno
1041 2087 1343 2155 Lazarum,
1379 2104 1556 2159 neque
1590 2089 1720 2144 utile
1755 2098 1840 2143 est
1886 2087 2077 2142 excuti

502 2197 758 2238 somnum
813 2183 1025 2252 aegroti.
1078 2181 1205 2237 llzrc
1262 2191 1450 2237 autem
1507 2181 1763 2236 dicebant
1812 2196 2077 2235 revocare

502 2276 746 2330 volentes
798 2289 921 2330 eum
978 2274 1046 2328 ab
1105 2274 1361 2329 instituto
1412 2273 1652 2337 itinere,
1716 2272 2079 2341 dicentesque

501 2364 728 2417 minime
760 2377 790 2417 e
829 2379 887 2418 re
928 2362 1103 2418 videri
1137 2370 1197 2417 ut
1226 2363 1279 2416 in
1314 2362 1495 2417 medio
1529 2362 1862 2418 sicariorum
1894 2377 2078 2416 verse-

500 2461 592 2506 tur
626 2461 847 2524 propter
877 2466 1099 2523 operam
1131 2452 1403 2506 inutilem.

570 2605 672 2669 Χῖ,
709 2607 796 2661 Η.
830 2606 1072 2660 Lazarus
1113 2615 1349 2659 mortuus
1380 2613 1479 2669 est,
1514 2612 1621 2659 etc.

574 2723 708 2779 Cum
737 2737 842 2776 non
869 2721 1264 2776 intellvxissent
1284 2719 1536 2789 discipuli
1562 2733 1689 2772 eum
1716 2727 1941 2775 mortem
1965 2733 2067 2774 vo-

503 2829 658 2868 casse
684 2828 965 2874 sumnum,
1002 2811 1299 2865 dilucidius
1345 2809 1608 2879 expressit
1639 2809 1843 2874 dicens,
1875 2828 1893 2861 ι
1926 2807 2069 2864 Mor-

502 2914 634 2958 tuus
654 2908 759 2957 est.
793 2919 812 2952 »
851 2901 941 2955 Ait
960 2910 1141 2954 autem
1162 2915 1225 2954 se
1254 2898 1489 2968 gaudere
1518 2913 1624 2952 non
1653 2897 1718 2952 ad
1746 2897 2065 2963 vanitatem,

502 2998 633 3066 quia
676 2994 1001 3050 miraculum
1041 3000 1360 3064 patraturus
1404 2998 1592 3058 esset,
1646 2992 1744 3048 sed
1790 2993 1923 3063 quia
1965 2992 2083 3049 haec

504 3102 671 3143 causa
707 3086 891 3141 futura
918 3092 1033 3141 erat
1065 3084 1356 3154 discipulis
1387 3084 1533 3140 fidei.
1567 3084 1736 3156 680
1760 3083 1916 3151 Quod
1952 3100 2083 3141 vero

470 3175 475 3181 ’
504 3180 668 3245 dicit,
696 3196 715 3231 ι
746 3177 864 3234 Non
896 3192 1043 3233 eram
1076 3176 1146 3232 ibi
1175 3195 1241 3242 ,ο
1270 3175 1717 3247 hoc-signiﬁcat:
1758 3174 1814 3230 Si
1851 3176 2080 3232 fuissem

2181 2001 2341 2052 ποιεῖ·
2375 1997 2454 2051 διό
2471 2010 2657 2067 φασιν⁸
2684 1999 2800 2051 Οὐκ
2830 1997 3105 2065 ἀξιόλογος
3136 1997 3170 2067 ή
3202 1994 3384 2062 ἄφιξις
3405 1992 3499 2046 τοῦ
3519 1993 3764 2061 ἄςρυπνον

2180 2091 2404 2162 ποιῆσαι
2447 2090 2537 2144 τὸν
2566 2088 2835 2159 Λάζαρον,
2886 2089 3008 2142 οὐδὲ
3034 2087 3335 2157 ὲπωφελὲς,
3379 2085 3440 2138 τὸ
3480 2084 3764 2150 ὲξυπνίσαι

2179 2184 2481 2255 ἄρρωστον.
2524 2182 2710 2236 Ταῦτα
2739 2182 2793 2234 δὲ
2828 2181 3033 2250 ἔλεγον,
3061 2179 3286 2247 ἐκκόψαι
3317 2178 3477 2233 αὑτὸν
3512 2178 3766 2248 βουλόμε-

2179 2293 2260 2329 νοι
2306 2278 2404 2346 τῆς
2444 2273 2586 2341 όδοῦ,
2622 2274 2871 2342 λέγοντες
2906 2274 2987 2326 ὅτι
3016 2272 3116 2324 οὐκ
3148 2268 3299 2335 ἄξιον
3326 2270 3383 2323 ὲν
3417 2270 3566 2339 μέσῳ
3609 2268 3760 2336 γενέ-

2184 2366 2308 2421 σθαι
2345 2367 2453 2421 τῶν
2503 2366 2798 2436 φονευτῶν,
2847 2363 2936 2418 διὰ
2990 2363 3052 2416 τὸ
3106 2363 3328 2433 ποιήσαι.
3384 2362 3614 2431 πρᾶγμα
3664 2361 3765 2415 οὐκ

2166 2458 2483 2528 ἐπωφελές.

2254 2612 2512 2682 Λάζαρος
2539 2612 2822 2675 ἀπέθανε,
2843 2613 2936 2665 καὶ
2960 2610 3027 2664 τὰ
3053 2611 3199 2681 ἑξῆς.

2253 2722 2348 2795 Μὴ
2375 2722 2686 2793 νοησάντων
2729 2703 2959 2775 οὖν’τῶν
2992 2718 3276 2790 μαθητῶν,
3303 2718 3384 2772 ὅτι
3404 2717 3491 2770 τὸν
3512 2715 3740 2770 θάνατον

2185 2816 2349 2871 ὕπνον
2395 2814 2682 2882 ὠνόμασε,
2741 2814 3058 2883 λευκότερον
3115 2812 3375 2883 ὲνέτρηνεν
3432 2806 3636 2871 εἰπὼν,
3683 2808 3766 2861 ὅτι

2190 2927 2209 2961 ι
2260 2908 2575 2963 Ἀπέθανεν.
2609 2926 2627 2959 ι
2648 2908 2787 2977 Φησὶ
2807 2906 2863 2960 δὲ
2896 2907 3087 2960 ἑαυτὸν
3107 2907 3338 2977 χαίρειν,
3373 2905 3434 2957 οὐ
3455 2903 3543 2957 διὰ
3563 2900 3768 2970 φιλοδο·
3841 2962 3863 2980 ⁸

2184 2999 2327 3067 ξίαν,
2376 3000 2459 3053 ὃτι
2502 2998 2693 3070 ἔμελλε
2742 2999 2969 3069 ποιῆσαι
3008 3000 3070 3051 τὸ
3104 2995 3447 3068 θαῦμα,ἀλλ⁹
3485 2996 3571 3049 ὅτι
3612 2992 3771 3047 τοῦτο

2187 3089 2459 3161 πρόφασις
2505 3088 2695 3159 ἔμελλε
2725 3088 3121 3157 γίνεσθαιίτοῖς
3144 3088 3414 3159 μαθηταῖς
3447 3087 3525 3150 εἰς
3564 3084 3768 3137 πίστιν.

2187 3183 2260 3236 Τὸ
2281 3182 2336 3234 δὲ
2363 3183 2559 3246 εἰπεῖν,
2602 3182 2683 3235 ὅτι
2713 3200 2731 3233 ι
2768 3183 2885 3234 Οὐκ
2913 3181 3062 3252 ήμην
3098 3183 3232 3246 ἐκεῖ,
3270 3198 3287 3231 ι
3323 3180 3480 3233 τοῦτο
3503 3178 3668 3247 δηλοῖ·
3707 3177 3770 3230 Εἰ

508 3274 619 3339 ibi,
671 3286 779 3328 non
838 3277 1089 3325 mortuus
1124 3277 1307 3334 esset;
1358 3268 1621 3337 misertus
1662 3270 1808 3324 enim
1851 3270 2077 3325 fuissem

2184 3272 2333 3345 ήμην
2383 3273 2518 3335 ἐκεῖ,
2566 3272 2667 3325 οὐκ
2714 3271 2937 3341 ἔμελλεν
2976 3270 3362 3341 ἀποθνήσκειν·
3405 3268 3612 3338 ἠλέησα
3660 3264 3770 3335 γὰρ

507 3366 628 3435 ejus
664 3365 750 3419 vel
789 3362 982 3419 leviter
1018 3362 1381 3433 aegrotantis;
1424 3378 1573 3418 nunc
1618 3378 1787 3428 vero,
1833 3378 1922 3418 me
1980 3363 2079 3417 ab-

507 3463 696 3523 sente,
725 3455 956 3525 contigit
985 3468 1170 3517 mors,
1215 3461 1275 3508 ut
1320 3454 1601 3509 suscitans
1648 3469 1773 3509 eum
1826 3469 2080 3525 magnam

509 3549 797 3617 importem
834 3544 990 3600 vobis
1028 3546 1321 3600 utilitatem
1359 3560 1455 3615 per
1487 3544 1648 3601 fidem
1699 3547 1755 3602 in
1790 3563 1908 3602 me.
1957 3547 2084 3603 Haec

508 3652 639 3693 vero
665 3636 801 3690 dicit
831 3634 1122 3701 Christus,
1157 3650 1266 3689 non
1298 3635 1459 3704 quasi
1491 3645 1628 3691 tunc
1648 3644 1871 3691 tantum
1909 3640 2087 3708 possit

506 3729 669 3784 edere
716 3728 980 3783 miracula
1009 3767 1025 3793 ,
1056 3743 1182 3782 cum
1237 3727 1414 3793 adsit,
1451 3727 1548 3783 sed
1594 3730 1855 3799 quoniam
1892 3729 1939 3786 si
1987 3731 2086 3786 ad-

506 3819 725 3885 fuisset,
759 3834 866 3873 nnn
904 3819 1239 3890 neglexisset
1271 3819 1511 3873 amicum
1541 3820 1609 3873 ad
1646 3828 1876 3876 mortem
1910 3838 2087 3893 usque

507 3910 805 3981 deiectum.
839 3910 977 3965 Illud
1009 3926 1136 3966 vero
1156 3950 1171 3976 ,
1204 3930 1220 3962 ι
1247 3910 1450 3967 Eamus
1480 3912 1549 3967 ad
1578 3926 1702 3967 eum
1724 3952 1739 3977 ,
1766 3930 1784 3962 ι
1810 3921 2075 3984 tauquam

502 4002 577 4056 ad
610 4000 795 4056 vivum
835 4002 1013 4068 dicit;
1047 4002 1238 4056 vivunt
1278 4002 1424 4058 enim
1469 4002 1521 4059 ei
1568 4010 1629 4058 ut
1676 4001 1787 4059 Deo
1836 4007 2078 4074 mortui,

509 4104 769 4163 tanquam
798 4093 890 4163 qui
922 4093 1121 4148 victuri
1149 4100 1299 4149 sunt.

579 4204 649 4260 Xl
673 4245 687 4270 ,
718 4206 803 4263 i6.
839 4206 990 4260 Dixit
1018 4206 1181 4278 igitur
1215 4206 1435 4263 Thomas
1457 4222 1476 4263 :
1500 4205 1704 4264 Eamus
1728 4218 1778 4266 et
1802 4226 1923 4276 nos,
1955 4218 2085 4265 utet

501 4316 602 4354 ηοε
630 4313 922 4353 moriamur
945 4314 1063 4352 cum
1088 4315 1168 4353 εο.

579 4412 802 4467 Thomas
846 4426 1028 4466 sermo
1078 4417 1387 4480 promptam
1439 4411 1662 4480 quidem
1710 4412 2084 4479 voluntatem,

510 4501 604 4558 sed
636 4512 689 4556 et
728 4502 1076 4555 timiditatem
1097 4541 1110 4565 ,
1144 4499 1501 4570 animumque
1535 4516 1861 4571 generosum
1898 4512 1954 4558 et
1988 4503 2085 4559 Dei

2184 3363 2348 3418 αὐτόν
2391 3362 2488 3416 καὶ
2527 3362 2706 3430 ὀλίγον
2741 3362 3033 3431 κάμνοντα·
3086 3360 3179 3412 νῦν
3214 3359 3294 3423 δὲ,
3341 3359 3574 3420 ἀπόντος
3606 3353 3763 3425 ἐμοῦ,

2187 3454 2385 3525 συνέϐη
2444 3454 2471 3506 6
2519 3453 2769 3516 Θάνατος,
2801 3453 2886 3505 ἴνα
2925 3452 3237 3521 ἀναστήσας
3290 3448 3469 3512 αὑτὸν,
3521 3446 3766 3518 μεγάλην

2188 3546 2316 3617 ὑμῖν
2334 3546 2619 3615 ἐμποιήσω
2636 3546 2731 3615 τὴν
2756 3543 3019 3613 ὠφέλειαν
3044 3541 3131 3595 διὰ
3157 3542 3254 3612 τῆς
3284 3541 3363 3603 εἰς
3390 3539 3414 3591 ὲ
3422 3538 3489 3611 μὲ
3509 3538 3762 3602 πίστεως.

2188 3638 2371 3694 Ταῦτα
2395 3637 2453 3690 δὲ
2493 3636 2642 3706 λέγει
2673 3636 2702 3688 6
2734 3636 2989 3708 Χριστὸς,
3023 3636 3123 3705 οὐχ
3160 3633 3234 3698 ὡς
3261 3633 3384 3686 τότε
3418 3632 3579 3704 μόνον
3605 3632 3768 3686 δυνάο

2176 3746 2350 3802 ,μενος
2377 3728 2448 3782 τά
2480 3727 2757 3798 θεοπρεπῆ
2784 3729 2979 3789 ποιεῖν,
3008 3727 3135 3781 ὅταν
3177 3727 3349 3797 παρῇ·
3381 3723 3496 3778 ἀλλ’
3534 3723 3770 3793 ἐπείπερ

2188 3823 2236 3875 εἰ
2268 3822 2470 3892 παρῆν,
2513 3819 2614 3873 οὐκ
2650 3818 2716 3874 ἀν
2766 3819 2990 3891 παρεῖδε
3043 3818 3134 3871 τὸν
3181 3817 3334 3888 φίλον
3379 3814 3489 3878 ἕως
3536 3814 3768 3868 θανάτου

2187 3896 2687 3968 καταθιϐασθέντα.
2714 3912 2788 3965 Τὸ
2814 3912 2895 3978 δὲ,
2924 3931 2943 3964 ι
2978 3912 3233 3982 ’Ἄγωμεν
3255 3908 3393 3980 πρὸς
3421 3905 3604 3972 αὐτὸν,
3636 3924 3657 3957 ι
3694 3905 3771 3969 ὡς

2188 4007 2324 4077 πρὸς
2351 4007 2534 4072 ζῶντὰ
2567 4023 2721 4077 φησι·
2760 4003 2895 4069 ζῶσι
2924 4004 3030 4073 γὰρ
3061 4001 3212 4072 αὐτῷ
3235 4002 3313 4065 ὡς
3336 4000 3454 4072 Θεῷ
3485 4001 3535 4053 οἱ
3564 3999 3769 4072 νεκροὶ,

2187 4100 2262 4165 ὡς
2299 4100 2581 4171 μέλλοντες
2609 4098 2815 4168 ζήσειν.

2254 4209 2441 4267 Εἶπεν
2487 4207 2602 4267 οὖν
2627 4214 2660 4266 δ
2704 4207 2935 4280 Θωμᾶς·
2968 4210 3226 4279 Ἄγωμεν
3272 4208 3374 4263 καὶ
3422 4206 3613 4278 ἡμεῖς,
3668 4206 3769 4262 Ira

2182 4303 2580 4374 ἀποθάνωμεν
2600 4303 2728 4373 μετ’
2760 4301 2971 4356 αὑτοῦ.

2269 4417 2329 4471 '0
2374 4416 2468 4470 τοῦ
2514 4416 2688 4486 Θωμᾶ
2718 4413 2874 4482 λόγος
2912 4413 3026 4484 ἔχει
3077 4413 3173 4483 μὲν
3212 4412 3539 4483 προθυμίαν·
3570 4410 3681 4481 ἔχει
3709 4410 3767 4463 δὲ

2186 4508 2286 4562 καὶ
2324 4507 2544 4570 δειλίαν,
2588 4507 2683 4559 καὶ
2714 4505 2909 4575 γέγονε
2953 4505 3050 4577 μὲν
3083 4507 3146 4557 ὲκ
3168 4500 3432 4592 ’φιλοθέου
3480 4504 3765 4576 φρονήμα-

512 4600 785 4645 amantem
809 4628 823 4653 ,
859 4590 957 4645 sed
992 4590 1316 4660 permistum
1353 4590 1744 4647 incredulitate
1775 4594 1939 4663 sapit.
1971 4594 2077 4649 Nec

2186 4616 2298 4663 τος,
2348 4596 2822 4667 κατακεκέρασται
2862 4595 2923 4649 δὲ
2971 4598 3037 4667 τῇ
3118 4590 3478 4666 ὀλιγοπιστίᾳ.
3529 4593 3767 4646 Ἀπολει-

508 4683 657 4740 enim
697 4681 815 4737 vult
847 4697 1166 4748 remanere,
1203 4682 1299 4737 sed
1333 4691 1387 4737 et
1422 4682 1562 4739 alios
1594 4693 1654 4738 ut
1688 4684 1829 4739 idem
1873 4683 2083 4740 faciant

510 4776 782 4841 hortatur,
816 4773 913 4829 sed
950 4781 1134 4828 tamen
1170 4773 1414 4829 futurum
1447 4783 1603 4855 putat
1656 4784 1713 4831 ut
1751 4778 1956 4833 malum
1989 4793 2075 4833 ac-

510 4869 718 4942 cipiant
747 4884 777 4923 a
808 4867 1039 4937 Iudaeis,
1066 4869 1269 4939 quibus
1300 4871 1519 4927 animus
1548 4879 1633 4927 est
1661 4873 2080 4944 sanguinarius,

508 4977 619 5019 non
670 4961 1035 5018 considerans
1084 4961 1295 5017 scilicet
1326 4963 1436 5016 vim
1482 4970 1539 5018 et
1579 4972 1909 5033 potestatem
1955 4964 2085 5020 Ser-

509 5054 743 5122 vatoris,
779 5053 926 5124 quod
958 5054 1132 5124 magis
1165 5055 1434 5125 oportuit.
1474 5051 1736 5110 Faciebat
1768 5064 1952 5111 autem
1982 5071 2080 5112 eos

506 5145 727 5201 timidos
771 5145 1063 5211 Christus,
1114 5159 1280 5215 supra
1331 5144 1556 5199 modum
1610 5146 1940 5215 iniuriarum
1978 5161 2080 5216 pa-

508 5237 650 5292 tiens
694 5252 835 5307 quas
895 5237 1201 5308 accipiebat
1227 5251 1257 5290 a
1290 5235 1519 5291 Iudaeis.
1556 5238 1651 5291 Ait
1682 5254 1812 5310 ergo
1844 5254 1950 5293 non
1985 5238 2082 5293 deo

502 5329 800 5383 serendum
831 5344 957 5385 esse
981 5328 1304 5401 magistrum
1328 5367 1342 5391 ,
1376 5329 1507 5384 licet
1538 5340 1750 5385 certum
1782 5345 1848 5387 ac
1888 5331 2079 5401 explo-

509 5428 685 5474 ratum
718 5429 1057 5492 proponatur
1084 5422 1428 5493 periculum:
1465 5435 1567 5476 ceu
1611 5437 1742 5476 vero
1787 5423 2081 5479 subridens

505 5512 912 5571 uuodammodo
932 5513 1173 5570 Thomas
1196 5513 1412 5570 dicebat
1435 5512 1568 5567 illud
1591 5555 1606 5580 ,
1630 5532 1649 5565 ι
1678 5513 1902 5580 Eamus,
1930 5535 1948 5568 ι
1974 5515 2079 5571 hoc

498 5614 610 5673 est,
642 5606 960 5673 Moriamur;
996 5605 1092 5661 Vel
1124 5607 1205 5661 sic
1236 5606 1406 5661 dicit:
1432 5604 1668 5661 Omnino
1697 5605 1743 5661 si
1780 5607 2040 5661 iverimus
2060 5647 2075 5673 ,

504 5699 807 5767 periimus;
853 5689 949 5753 se'd
989 5705 1171 5769 tamen
1205 5695 1317 5767 pati
1363 5709 1475 5750 non
1509 5711 1828 5752 recusemus
1849 5736 1865 5761 ,
1898 5714 2077 5769 neque

501 5788 650 5842 enim
670 5789 806 5842 tanti
833 5786 1012 5843 facere
1034 5768 1202 5842 vitam
1236 5799 1336 5841 nos
1365 5794 1617 5856 oportet;
1649 5787 1694 5843 si
1728 5797 1906 5845 autem
1939 5768 2063 5846 sus-

2180 4690 2382 4760 φθῆναι
2411 4688 2520 4759 γὰρ
2561 4688 2662 4741 οὐκ
2687 4687 2965 4759 ἀνέχεται,
2994 4686 3129 4740 ἀλλά
3159 4687 3253 4739 καὶ
3280 4686 3405 4751 τοὺς
3425 4686 3615 4749 ἄλλους
3636 4686 3766 4739 ἀνα⁹

2181 4781 2358 4836 πείθει
2405 4781 2564 4835 τοῦτο
2610 4784 2801 4834 ποιεῖν·
2858 4782 3008 4851 ὅμως
3053 4780 3221 4833 οῖεται
3273 4782 3354 4834 ὅτι
3416 4780 3511 4833 καὶ
3573 4779 3767 4832 παθεῖν

2183 4870 2406 4943 ἔμελλον
2434 4871 2539 4923 ὑπὸ
2563 4870 2852 4933 Ἰουδαίων,
2881 4869 2943 4921 οὐ
2969 4868 3215 4933 θέλοντος
3249 4869 3436 4932 αὐτοῦ,
3468 4870 3554 4922 διὰ
3587 4868 3648 4921 τὸ
3672 4885 3768 4938 φοε-

2183 4969 2334 5023 νικὸν
2374 4966 2483 5021 τῶν
2544 4965 2830 5027 Ἰουδαίων,
2864 4964 2923 5016 οὐ
2973 4963 3191 5017 σκοπῶν
3222 4965 3321 5035 τὴν
3350 4964 3444 5017 τοῦ
3500 4962 3766 5026 σώζοντος

2183 5059 2434 5130 δύναμιν,
2462 5058 2599 5126 ὅπερ
2628 5056 2736 5109 ἔδει
2779 5054 2998 5127 μᾶλλον.
3033 5055 3235 5109 Ἐποίει
3256 5056 3312 5109 δὲ
3337 5055 3532 5116 αὐτοὺς
3557 5053 3766 5117 δειλοὺς

2180 5153 2212 5206 6
2244 5150 2500 5224 Χριστὸς,
2525 5149 2667 5221 ὑπὲρ
2711 5149 2909 5224 μέτρον
2957 5147 3291 5215 ἀνεξικακῶν
3328 5148 3386 5198 ἐν
3414 5140 3495 5209 οἷς
3526 5147 3764 5215 ἔπασχεν

2185 5222 2305 5298 ὐπδ
2330 5241 2620 5297 Ἰουδαίων.
2659 5222 2821 5310 Λέγει
2850 5236 2941 5295 οὖν
2984 5239 3059 5311 μὴ
3090 5240 3283 5313 χρῆναι
3309 5238 3641 5309 χωρίζεσθαι
3669 5237 3765 5292 τοῦ

2186 5335 2524 5399 διδασκάλου,
2556 5334 2605 5387 εἰ
2645 5334 2737 5387 καὶ
2779 5331 3143 5404 ἀναμφίόολος
3182 5328 3466 5402 πρόκειται
3500 5328 3763 5394 κίνδυνος·

2187 5429 2262 5493 ὡς
2317 5426 2646 5498 ὑπομειδιῶν
2676 5427 2733 5480 δὲ
2787 5426 2985 5499 τρόπον
3036 5424 3155 5479 τινὰ
3193 5425 3221 5476 6
3253 5421 3456 5493 Θωμᾶς
3487 5422 3639 5492 ἔλεγε
3676 5423 3759 5487 τὸ,

2189 5520 2478 5589 Ἀνωμεν,
2529 5518 2673 5572 τοῦτ’
2698 5518 2869 5585 ἐστιν,
2907 5517 3307 5586 ’Δποθάνωμεν.
3338 5513 3410 5567 Ἢ
3436 5513 3580 5567 οὓτω
3607 5513 3762 5583 φησί·

2183 5609 2407 5672 Πάντως
2450 5608 2545 5662 ἐὰν
2588 5609 2938 5680 ἀπέλθωμεν,
2985 5606 3423 5677 ἀποθνήσκομεν,
3482 5606 3633 5673 ὅμως
3684 5601 3761 5674 μὴ

2183 5700 2646 5772 παραιτησώμεθα
2708 5701 2769 5754 τὸ
2833 5699 3042 5753 παθεῖν·
3097 5700 3158 5754 οὐ
3211 5699 3320 5772 γὰρ
3370 5698 3452 5753 δεῖ
3508 5694 3763 5750 τοσοῦτον

2173 5793 2486 5864 φιλοψυχεῖν
2524 5809 2536 5824 ·
2588 5795 2636 5846 εξ
2682 5793 2737 5846 δὲ
2780 5793 2982 5862 ἐγείρει
3031 5791 3123 5846 τὸν
3172 5790 3387 5864 νεκρὸν,
3431 5785 3681 5862 περιττὸς
3732 5786 3763 5839 ό
