4062 6208
390 353 469 409 £5
1248 349 1313 404 IN
1343 348 1683 407 JOANNEM.
1708 350 1910 406 -ηιιιι,
1952 352 1959 363 “

2080 352 2169 407 ΕΤ
2212 350 2274 407 Vl
2287 350 2326 405 11
2372 351 2793 407 FRAGMENTA
2806 395 2818 406 .
3593 360 3663 416 £6

392 469 578 538 φόϐος·
609 466 803 537 ἔχομεν
837 468 943 537 γὰρ
972 467 1064 520 τὸν
1090 466 1390 538 δυνάμενον
1421 469 1721 539 ἀναστῆσαι
1751 468 1889 539 μετά
1916 469 1959 522 τί

2079 469 2215 522 citat
2265 478 2563 535 mortuum,
2591 468 2905 539 superﬂuus
2930 479 3013 525 est
3037 470 3492 536 timor,habemus
3515 478 3661 534 enim

396 577 605 614 πεσειν.

463 645 586 703 Ἦν
602 648 673 701 δὲ
698 649 735 716 ἡ
763 648 1028 714 Βηθανία
1047 647 1227 718 ἐγγὺς
1257 647 1375 702 τῶν
1408 649 1839 719 Ἰεροσολύμων
1856 648 1974 703 ἀπὸ

389 740 658 795 σταδίων
679 738 1029 793 δεκαπέντε.
1451 749 1459 758 '

464 827 566 884 Διὰ
593 829 753 883 τοῦτο
785 831 878 883 καὶ
910 830 971 883 τὸ
1013 829 1288 900 διάστημα
1318 830 1463 900 λέγει
1491 831 1597 884 τῶν
1621 831 1841 902 ἡμερῶν
1869 832 1975 886 τῶν

389 924 532 994 μετὰ
563 925 653 975 τὸν
681 923 908 976 θάνατον
944 923 1217 994 Λαζάρου,
1255 925 1340 976 ἵνα
1372 926 1464 977 ἐπὶ
1492 925 1650 978 πλέον
1683 926 1973 998 θαυμασθῇ

383 1015 454 1068 τὸ
491 1014 698 1085 θαῦμα,
737 1014 833 1067 καὶ
882 1015 956 1086 μή
1017 1032 1102 1076 τις
1150 1015 1279 1086 εἴπῃ
1314 1017 1495 1087 τυχὸν,
1547 1018 1627 1071 ὅτι
1667 1019 1804 1088 μετὰ
1846 1019 1971 1087 μίαν

384 1106 605 1177 ἡμέραν
633 1105 903 1177 ἐληλύθει,
960 1106 1054 1161 καὶ
1081 1107 1181 1160 ούκ
1208 1102 1275 1177 ἦν
1319 1107 1569 1174 τεθνεὼς,
1615 1110 1748 1163 ἀλλὰ
1791 1112 1973 1181 ἁῤῥω-

386 1197 622 1251 στοῦντα
663 1198 825 1251 αὑτὸν
865 1199 1073 1269 ἡγειρε.
1107 1199 1271 1267 Λέγει
1305 1200 1360 1253 δὲ
1394 1201 1476 1254 ὅτι
1517 1200 1701 1256 πολλοὶ
1736 1200 1875 1273 ἦσαν
1917 1206 1974 1255 ὲν

382 1291 455 1359 τῇ
504 1287 745 1359 Βηθανίᾳ
790 1288 1053 1354 Ἰουδαῖοι,
1098 1289 1275 1342 καίτοι
1310 1290 1524 1361 χωρίου
1565 1294 1664 1343 οὐκ
1703 1292 1853 1356 ὄντος
1876 1310 1974 1345 πο-

382 1378 763 1449 λυανθρώπου,
792 1380 857 1431 ἐκ
885 1379 984 1449 τῆς
1025 1380 1379 1452 Ἰερουσαλὴμ
1411 1382 1868 1453 παραγενόμενοι·
1913 1385 1972 1437 ού

382 1470 498 1541 γὰρ
551 1466 620 1542 ἦν
660 1471 793 1524 πολὺ
824 1471 884 1523 τὸ
924 1471 1022 1541 τῆς
1042 1471 1163 1525 ὀδοῦ
1204 1473 1482 1544 διάστημα
1509 1474 1570 1527 τὸ
1609 1474 1817 1528 κωλύον
1849 1477 1975 1540 τοὺς

387 1562 729 1621 ὲνδιαθὲτους
759 1562 947 1631 φίλους
979 1565 1218 1617 συνεῖναι
1268 1566 1388 1627 ταῖς
1422 1565 1550 1636 περὶ
1570 1565 1668 1637 τὴν
1718 1554 2001 1638 Μάρθανδ

384 1653 509 1724 ἤτοι
538 1653 771 1725 ἐπείπερ
813 1653 1137 1718 ἐξάκουστον
1166 1655 1357 1723 γέγονε
1380 1655 1442 1708 τὸ
1474 1655 1658 1728 θαῦμα
1687 1659 1746 1711 ἐν
1784 1663 1848 1731 τῇ
1883 1661 1974 1713 Ἰε-

385 1746 669 1818 ρουσαλὴμ
716 1746 867 1817 παρὰ
906 1748 1039 1800 πᾶσι
1084 1749 1178 1801 καὶ
1219 1749 1277 1801 ἐν
1316 1751 1381 1820 τῇ
1428 1750 1752 1821 περιχώρῳ,
1793 1752 1973 1823 τίθησι

380 1839 484 1909 τὴν
513 1839 709 1903 αἰτίαν,
737 1839 817 1892 ὅτι
863 1839 1072 1893 πολλῶν
1109 1839 1277 1893 ὄντων
1301 1842 1449 1905 ἐκεῖ,
1480 1843 1707 1906 εἰκότως
1728 1844 1973 1898 ἅπαντα·

378 1930 511 1999 χὸσε
535 1929 743 2000 διεδόθη
768 1932 801 1982 ὁ
834 1930 1009 1999 λόγος·
1040 1931 1149 1983 τῶν
1196 1931 1294 2001 μὲν
1331 1931 1737 2003 θαυμαζόντων,
1774 1935 1882 1988 τῶν
1913 1934 1971 1988 δὲ

378 2021 473 2073 διὰ
507 2011 699 2089 φθάνον
735 2022 1037 2077 λαλούντων
1062 2023 1123 2076 τὸ
1167 2025 1410 2092 γεγονὸς,
1447 2024 1582 2096 πρὸς
1622 2026 1685 2080 τὸ
1716 2027 1972 2100 διαϐολὴν

378 2117 606 2184 ποιῆσαι
633 2115 711 2186 τῷ
733 2115 972 2186 θαύματι
998 2115 1086 2170 διά
1110 2116 1631 2189 ψευδοκατηγορίας.

472 2287 540 2341 Ἡ
571 2283 687 2341 οὖν
719 2285 928 2355 Μάρθα
967 2286 1044 2352 ὠς
1076 2285 1346 2354 ἤκουσεν
1389 2286 1479 2341 ὅτι
1529 2287 1768 2354 Ἰησοῦς
1802 2287 1967 2357 ἔρχε-

374 2398 497 2445 ται,
532 2379 891 2449 ὑπήντησεν
914 2376 1094 2443 αὐτῷ’
1115 2379 1308 2448 Μαρία
1335 2378 1502 2443 δὲέν
1523 2379 1602 2444 τῷ
1622 2379 1764 2446 οτκῳ
1791 2381 1967 2436 ἐκαθ-

378 2472 565 2535 ἐζετοι

462 2564 616 2632 Τάχα
645 2562 701 2615 δὲ
734 2561 1031 2632 θερμοτέρα
1064 2562 1162 2633 μὲν
1196 2561 1230 2631 ή
1260 2559 1464 2632 Μάρθα
1487 2561 1624 2633 πρὸς
1651 2562 1711 2616 τὸ
1742 2564 1964 2634 ποιῆσαι

338 2702 341 2705 ,
382 2655 460 2709 τὰ
496 2654 682 2708 δέοντα
707 2669 718 2680 ⁸
767 2654 845 2707 διὸ
876 2655 967 2707 καὶ
1015 2652 1203 2725 πρώτη
1248 2653 1526 2724 ὑπήντησε
1552 2669 1565 2683 ο
1619 2655 1964 2725 συνετωτέρα

374 2747 442 2801 δὲ
467 2748 501 2817 ή
533 2745 715 2817 Μαρία
742 2763 756 2777 ·
809 2745 890 2799 διὸ
929 2746 1004 2809 ὡς
1029 2745 1502 2817 αἰσθητικωτέραν
1538 2745 1735 2815 ἔχουσα
1760 2745 1959 2818 ψυχὴν,

371 2835 594 2906 ἔμεινεν
639 2835 805 2901 οἶκοι,
851 2835 951 2897 τὰς
995 2836 1060 2887 ὲκ
1107 2834 1216 2887 τῶν
1264 2834 1772 2906 παραμυθουμένων
1807 2829 1959 2906 δεχο-

377 2929 518 3000 μένη
585 2927 899 2999 θεραπείας.
968 2928 1035 2980 Ἠ
1095 2926 1151 2979 δὲ
1218 2927 1416 2999 Μάρθα
1475 2927 1551 2990 ὡς
1617 2928 1960 3000 ἁπλουστέρα

371 3020 604 3091 ἔδραμε,
641 3018 918 3090 μεθύουσα
950 3018 1048 3082 μὲν
1080 3017 1158 3088 τῷ
1189 3006 1385 3085 πάθει,
1436 3018 1679 3090 φέρουσα
1715 3020 1772 3073 δὲ
1809 3020 1959 3091 ὅμως

371 3112 667 3175 νεανικῶς.
921 3118 927 3124 ’

446 3206 644 3272 Κύριε,
683 3206 737 3257 εἰ
774 3198 851 3273 ἦς
900 3196 1047 3265 ὦδε,
1105 3204 1215 3257 οὐκ
1267 3203 1344 3256 ἂν
1369 3200 1667 3258 ἀπέθανεν
1701 3205 1734 3257 ὁ
1778 3202 1957 3258 ἀδελο

368 3294 492 3364 φύς
511 3312 653 3364 μου.

452 3390 520 3440 Ὅ
548 3387 693 3456 λέγει
723 3390 755 3458 ἡ
781 3387 1008 3461 Μάρθα,
1046 3385 1288 3441 τοιοῦτόν
1320 3387 1467 3440 ἐστιν
1492 3402 1505 3415 ⁸
1551 3386 1627 3440 Οὐ
1654 3385 1743 3440 διὰ
1777 3386 1952 3451 τοῦνο,

370 3479 566 3548 φησὶν,
612 3473 879 3532 ἀπέθανεν
930 3478 959 3530 ὁ
1009 3475 1237 3545 ἀδελφός
1289 3492 1413 3545 μου,
1460 3477 1542 3529 ὅτι
1594 3476 1875 3529 ὑπόκειται
1928 3478 1954 3547 ή

367 3567 662 3640 ἀνθρώπου
692 3566 856 3638 φύσις
894 3566 972 3638 τῷ
999 3565 1235 3636 θανάτῳ,
1285 3566 1399 3619 ἀλλ’
1434 3566 1516 3619 ὄτι
1547 3567 1611 3618 σὺ
1650 3567 1710 3619 οὐ
1751 3566 1953 3638 παρῆς,

367 3663 399 3715 ὁ
426 3660 521 3713 τὸν
555 3660 784 3716 θάνατον
808 3659 1026 3729 νικῆσαι
1052 3658 1346 3728 δυνάμενος
1368 3657 1456 3710 διὰ
1483 3657 1576 3711 τοῦ
1602 3657 1956 3730 προστάγμα-

368 3770 487 3818 τος.
519 3752 656 3806 ’Υπὸ
687 3752 745 3805 δὲ
765 3752 865 3821 τῆς
901 3750 1077 3819 λύπης
1101 3748 1206 3817 ἔξω
1229 3748 1323 3802 τοῦ
1348 3750 1715 3822 προσήκοντος
1737 3751 1953 3805 πλανω-

371 3845 536 3918 μένη,
574 3842 792 3915 ἐνόμιζε
836 3841 1032 3913 μηκέτι
1075 3838 1331 3893 δύνασθαί
1373 3856 1426 3892 τι
1461 3840 1684 3911 ποιῆσαι
1721 3841 1811 3893 τὸν
1836 3840 1953 3895 Κύ-

370 3954 492 4010 ριον
517 3952 533 3966 ο
575 3935 651 3999 ὡς
686 3933 1135 4006 παραδραμόντος
1162 3930 1256 3984 τοῦ
1277 3929 1491 4003 καιροῦ,
1519 3932 1612 3984 καὶ
1632 3930 1766 4002 ῷετο
1790 3934 1954 3988 αὐτὸν

368 4026 832 4099 παραγεγονέναι,
860 4025 960 4078 οὐκ
986 4023 1079 4076 ἐπὶ
1099 4021 1178 4094 τῷ
1200 4022 1504 4093 ἀναστῆσαι
1534 4019 1805 4092 Λάζαρον,
1836 4023 1951 4076 ἀλλ’

368 4120 464 4175 ἵνα
502 4117 963 4190 παραμυθήσηται
1011 4114 1201 4179 αὐτάς.
1251 4114 1466 4186 Ἠρέμα
1509 4113 1618 4183 γὰρ
1662 4112 1811 4184 αὐτῷ
1859 4114 1953 4168 καὶ

367 4209 757 4279 ὕπομέμφεται
789 4206 1134 4278 βραδύναντι.
1164 4206 1259 4258 καὶ
1289 4205 1364 4276 μὴ
1392 4205 1553 4267 εὐθὺς
1585 4203 1792 4257 ἐλθόντι
1825 4205 1951 4260 ὃταν

368 4302 605 4372 ἠδύνατο
635 4298 870 4371 βοηθεῖν,
904 4298 993 4351 ὅτε
1026 4295 1352 4350 ἀπέστειλαν
1377 4296 1669 4364 λέγουσαι·
1720 4295 1947 4367 (Κύριε,
1978 4348 1990 4360 ,

368 4394 449 4447 [δε
467 4393 526 4448 ὃν
542 4392 733 4460 φιλεῖς,
756 4388 992 4443 ἀσθενεῖ.
1023 4406 1042 4440 ι
1068 4387 1140 4441 Τὸ
1150 4387 1211 4440 δὲ
1228 4386 1426 4456 λέγειν,
1460 4404 1482 4438 ι
1509 4388 1649 4441 Ὅσα
1663 4386 1728 4441 ἂν
1749 4389 1950 4461 αἰτήσῃ

2079 560 2174 627 qui
2208 560 2425 629 lapsum
2463 560 2677 629 erigere
2714 560 2917 627 possit.

2147 649 2238 714 XI,
2280 650 2366 704 18.
2401 648 2533 703 Erat
2561 659 2734 703 autem
2774 649 3036 703 Bethania
3069 650 3277 704 distans
3302 653 3365 705 ab
3404 651 3662 710 Hieroso-
3756 711 3771 717 _

2079 741 2234 811 lgmis
2267 739 2564 809 quindecim
2595 740 2800 794 stadia.

2149 830 2447 901 Propterea
2478 831 2646 886 etiam
2678 832 2918 902 Spatium
2950 832 3164 887 dierum
3197 832 3331 887 dicit
3364 844 3489 904 post
3522 852 3662 889 mor-

2079 932 2184 979 tem
2218 923 2447 990 Lazari,
2483 932 2542 979 ut
2581 924 2756 994 magis
2792 925 3126 994 stupendum
3170 927 3242 982 sit
3291 927 3657 996 miraculum;

2077 1029 2178 1068 nec
2204 1015 2497 1085 quisquam
2528 1015 2670 1071 forte
2690 1016 2870 1079 dicat,
2899 1025 3019 1085 post
3047 1034 3216 1072 unum
3243 1019 3384 1074 diem
3416 1022 3656 1088 venisse,

2076 1122 2177 1161 nec
2210 1106 2381 1162 fuisse
2410 1115 2711 1171 mortuum,
2731 1109 2825 1163 sed
2856 1109 3123 1162 duntaxat
3152 1110 3501 1181 languentem
3533 1128 3659 1167 sus-

2077 1201 2299 1254 citasse.
2335 1199 2424 1252 Ait
2489 1209 2670 1254 autem
2702 1201 2906 1255 nndtos
2939 1202 2990 1255 in
3040 1201 3305 1257 Bethania
3347 1202 3524 1258 fuisse
3561 1204 3659 1259 Ju-
3750 1210 3753 1215 '

2078 1291 2229 1345 (ianos
2259 1294 2352 1361 qui
2386 1292 2455 1346 ab
2483 1291 2792 1348 Jerusalem
2833 1294 3214 1349 advenerant:
3252 1296 3458 1366 alioqui
3506 1299 3655 1352 enim

2077 1383 2232 1438 locus
2282 1384 2371 1438 ille
2412 1399 2519 1438 non
2577 1384 2873 1441 admodum
2902 1388 3219 1443 hominibus
3241 1389 3522 1460 frequens,
3556 1407 3656 1446 nec
3720 1374 3731 1389 ’

2079 1489 2274 1542 magna
2300 1475 2467 1529 etiam
2501 1484 2624 1529 erat
2651 1477 3006 1546 intercapedo
3031 1494 3093 1533 ac
3122 1481 3385 1535 distantia
3413 1498 3534 1552 qua:
3559 1484 3658 1536 im-

2078 1566 2292 1633 pediret
2326 1568 2621 1638 quominus
2685 1569 2849 1622 amici
2888 1570 2951 1624 ad
2989 1570 3261 1625 Martinam
3298 1577 3651 1641 accederent;

2079 1657 2161 1711 vel
2197 1657 2454 1726 quoniam
2492 1669 2814 1727 pervaserat
2848 1652 2993 1713 fama
3025 1661 3277 1716 miraculi
3312 1679 3530 1718 omnum
3559 1664 3655 1719 Je-

2078 1750 2317 1804 rusalem
2368 1758 2422 1804 et
2483 1750 2942 1820 circumjacentia
2990 1752 3145 1820 ioca;
3192 1756 3348 1823 ponit
3389 1772 3647 1822 causam,

2075 1840 2222 1910 quod
2257 1841 2445 1897 multis
2507 1842 2581 1897 ibi
2626 1843 3020 1899 exsislentibus
3067 1844 3431 1915 undequaque
3470 1848 3651 1903 disse-

2074 1932 2317 1987 minatus
2371 1941 2455 1988 est
2516 1949 2747 1989 sermo:
2808 1934 2930 1990 aliis
2986 1935 3211 2005 quidem
3270 1938 3647 2003 mirantibus,

2069 2025 2230 2095 681
2270 2026 2397 2081 aliis
2432 2041 2563 2080 vero
2600 2042 2699 2097 per
2733 2026 2997 2080 invidiam
3026 2027 3228 2082 factum
3256 2027 3646 2092 referentibus.

2073 2126 2131 2169 ut
2176 2132 2272 2187 per
2324 2100 2491 2174 falsas
2552 2119 2941 2173 accusationes
2996 2120 3263 2175 miraculo
3311 2121 3645 2177 calumniam

2071 2208 2410 2278 adiungerent.

2140 2296 2232 2360 XI,
2253 2298 2340 2354 20.
2385 2298 2599 2354 Mart/ia
2630 2301 2790 2371 igitur
2821 2311 2877 2355 ut
2899 2302 3104 2356 audivit
3135 2304 3274 2373 quod
3297 2302 3454 2358 Jesus
3486 2305 3646 2372 venit,

2068 2392 2297 2465 urcurrit
2329 2392 2441 2455 illi;
2471 2391 2651 2445 Maria
2692 2409 2809 2447 vero
2842 2392 2986 2447 domi
3009 2394 3242 2448 sedebat.

2138 2476 2352 2532 Martha
2393 2480 2613 2549 quidem
2661 2482 2947 2550 aliquanto
2995 2482 3293 2537 ferventior
3338 2486 3406 2538 ad
3452 2500 3646 2541 ncces-

2066 2572 2211 2624 saria
2241 2572 2529 2635 obeunda,
2564 2573 2688 2628 ideo
2718 2574 2894 2643 prima
2928 2575 2980 2628 in
3015 2590 3306 2630 occursum
3344 2578 3524 2644 venit;
3563 2580 3645 2632 in-

2066 2660 2401 2731 telligentior
2435 2673 2620 2718 autem
2656 2664 2824 2718 Maria
2848 2704 2862 2728 ,
2898 2665 3220 2736 habensque
3250 2669 3489 2722 animam
3521 2683 3643 2723 ma-

2059 2752 2201 2820 joris
2229 2768 2425 2808 sensus
2481 2769 2735 2824 capacem
2758 2798 2772 2825 ,
2804 2756 2953 2810 domi
2986 2759 3190 2812 mansit
3220 2760 3286 2814 ad
3319 2760 3642 2830 excipienda

2062 2841 2508 2896 consolationum
2558 2843 2753 2899 oﬂicia.
2804 2844 3014 2898 Martha
3052 2861 3181 2902 vero
3230 2857 3289 2901 ut
3337 2850 3644 2919 simplicior

2062 2935 2342 2997 cucurrit,
2379 2936 2531 2988 ebria
2569 2936 2791 3006 quidem
2826 2948 2880 2992 et
2914 2937 3148 2996 confusa
3193 2940 3379 3005 luctu,
3425 2943 3520 2999 sed
3562 2933 3643 2997 ta;

2062 3034 2186 3074 men
2221 3020 2401 3077 ferens
2433 3022 2670 3079 fortiter.

2135 3196 2226 3263 XI,
2262 3198 2351 3254 21.
2394 3199 2644 3270 Domine,
2674 3204 2720 3259 si
2746 3204 2828 3258 hic
2854 3205 3066 3275 fuisses,
3098 3226 3202 3265 non
3239 3221 3476 3269 mortuus
3504 3226 3640 3271 esset

2067 3290 2235 3347 frater
2264 3307 2430 3347 meus.

2136 3379 2290 3446 Quod
2320 3382 2453 3437 dicit
2484 3384 2695 3441 Martha
2720 3388 2992 3458 ejusmodi
3026 3400 3106 3447 est
3139 3412 3151 3446 :
3182 3390 3302 3447 Non
3337 3395 3460 3449 ideo
3482 3436 3498 3460 ,
3531 3398 3601 3451 ait
3621 3440 3637 3463 ,

2068 3478 2321 3526 mortuus
2375 3481 2462 3527 est
2511 3472 2682 3530 frater
2721 3492 2912 3543 meus,
2965 3477 3093 3547 quia
3148 3487 3343 3533 natura
3396 3480 3638 3537 hominis

2066 3563 2227 3616 morti
2246 3564 2619 3635 subjacet,sed
2650 3568 2779 3638 quia
2802 3577 2858 3622 tu
2893 3584 3001 3624 non
3031 3570 3248 3635 aderas,
3268 3573 3360 3643 qui
3394 3574 3512 3628 solo
3537 3574 3639 3628 im-
3702 3604 3707 3609 ι

2063 3657 2217 3725 perio
2248 3668 2477 3712 mortem
2512 3660 2729 3715 vincere
2757 3668 2936 3728 potes.
2969 3659 3087 3717 Pra:
3118 3663 3305 3719 dolore
3327 3680 3458 3720 vero
3481 3673 3636 3721 extra

2065 3755 2298 3810 rationis
2326 3753 2463 3808 lines
2489 3759 2713 3822 evagata
2739 3752 3016 3807 existimat
3045 3754 3182 3808 nihil
3226 3757 3462 3835 amplius
3497 3774 3636 3827 pra:—

2063 3855 2214 3901 stare
2244 3861 2410 3916 posse
2447 3845 2775 3912 Dominum,
2809 3856 3072 3917 tanquam
3098 3847 3284 3917 elapsa
3310 3850 3634 3914 occasione,

2061 3940 2395 4010 putabatque
2423 3939 2607 4008 ipsum
2639 3938 2863 3994 venisse
2893 3954 3000 3993 non
3032 3939 3097 3993 ad
3126 3941 3501 3996 suscitandum
3521 3942 3634 4016 _La-

2060 4043 2285 4092 zarum,
2320 4028 2413 4084 sed
2453 4027 2521 4081 ad
2568 4027 2716 4098 ipsas
2757 4028 3149 4084 consolandas.
3203 4029 3271 4085 Et
3317 4032 3481 4088 tacite
3511 4035 3636 4104 qui-

2059 4119 2181 4173 dem
2206 4120 2255 4173 ei
2284 4124 2575 4173 succenset
2601 4128 2866 4187 tanquam
2900 4120 3130 4174 nimium
3163 4130 3400 4185 morato,
3435 4134 3487 4178 et
3521 4140 3632 4179 non

2059 4211 2245 4269 statim
2279 4209 2532 4281 profecto
2560 4224 2687 4264 cum
2724 4210 2985 4265 auxiliari
3022 4218 3292 4280 potestate
3315 4252 3330 4277 ,
3365 4229 3489 4268 cum
3529 4218 3632 4271 mi—

2057 4308 2248 4358 serant
2299 4300 2368 4355 ad
2423 4315 2549 4354 eum
2605 4298 2894 4353 dicentes:
2940 4316 2958 4349 ι
2990 4297 3252 4363 Domine,
3287 4314 3414 4354 ecce
3464 4316 3628 4369 quem

2057 4409 2210 4449 amas
2240 4393 2486 4462 languet.
2520 4409 2540 4443 ι
2571 4388 2761 4444 Dicere
2782 4403 2931 4452 vero,
2958 4408 2975 4440 ‹
2999 4388 3270 4459 Quidquid
3306 4392 3630 4461 poposceris

364 4485 462 4539 τὸν
504 4483 660 4546 Θεὸν,
707 4481 868 4536 δώσει
900 4497 1003 4546 σοι,
1039 4499 1057 4531 ι
1103 4479 1521 4550 ὑπερυθριώσης
1549 4479 1666 4533 ἐστί¹
1700 4480 1950 4551 φανερῶς

2064 4484 2255 4548 Deum,
2274 4483 2450 4546 dabit,
2473 4501 2492 4533 ι
2516 4479 2900 4537 erubescentis
2932 4488 3018 4535 est
3047 4488 3232 4550 petere
3260 4489 3449 4553 aperte
3478 4485 3627 4552 quod

366 4575 595 4646 αἰτῆσαι
628 4575 657 4626 δ
693 4573 941 4645 βούλεται
964 4588 977 4600 ·
1024 4573 1174 4642 ὅμως
1208 4570 1501 4640 σφάλλεται
1532 4570 1661 4642 περὶ
1685 4569 1783 4640 τὴν
1815 4571 1951 4642 ἀλή-

368 4670 547 4733 θειαν,
591 4667 689 4737 οὐχ
736 4665 809 4729 ὡς
861 4663 979 4735 Θεῷ
1018 4663 1395 4733 διαλεγομένη,
1442 4661 1556 4715 ἀλλ’
1608 4660 1683 4724 ὡς
1726 4662 1805 4715 ἑνὶ
1846 4662 1952 4715 τῶν

374 4760 568 4827 ἁγίων,
606 4759 697 4812 διὰ
725 4758 822 4829 τὴν
851 4756 1133 4827 ὁρωμένην
1158 4754 1359 4824 σάρκα,
1382 4752 1601 4824 οἰομένη
1632 4753 1714 4806 ὃτι
1749 4753 1848 4806 ὅσα
1883 4752 1951 4806 ἂν

372 4854 575 4923 αἰτήσῃ
618 4852 693 4916 ὡς
722 4851 899 4920 ἅγιος,
929 4848 1194 4922 λαμϐάνει
1218 4846 1326 4900 ἀπὸ
1363 4843 1520 4909 Θεοῦ,
1562 4845 1624 4897 ού
1656 4846 1754 4915 μὲν
1779 4845 1950 4898 εἰδυῖα

366 4950 457 5003 ὅτι
497 4947 651 5018 φύσει
682 4946 815 5009 Θεὸς
842 4944 918 4997 ὣν
951 4944 1043 4998 καὶ
1067 4942 1298 5011 δύναμις
1327 4939 1420 4995 τοῦ
1458 4938 1695 5010 Πατρὸς,
1737 4937 1950 5008 ἄμαχον

364 5042 486 5113 ἔχει
510 5039 607 5112 τὴν
636 5038 731 5093 ἐπὶ
755 5038 922 5091 πᾶσιν
952 5035 1125 5105 ἰσχύν.
1176 5032 1236 5087 Εἰ
1267 5032 1383 5105 ᾔδει
1428 5031 1537 5103 γὰρ
1585 5031 1668 5084 ὅτι
1699 5029 1830 5093 Θεὸς
1858 5026 1947 5102 ἦν,

365 5135 470 5188 οὐκ
489 5132 557 5187 ἂν
581 5127 759 5195 εἶπεν,
786 5130 867 5183 ὅτι
895 5148 913 5181 ι
935 5128 999 5180 Εἰ
1028 5123 1093 5198 ἧς
1123 5120 1251 5179 ὧδε·’
1280 5144 1296 5177 ι
1321 5127 1349 5178 ὁ
1380 5123 1489 5193 γάρ
1515 5120 1647 5186 Θεὸς
1671 5118 1945 5191 πανταχοῦ

364 5229 540 5279 ἐστιν.
582 5223 643 5276 '0
678 5221 862 5293 μέντοι
908 5219 1133 5290 Κύριος,
1180 5216 1267 5270 διὰ
1315 5215 1376 5269 τὸ
1419 5214 1814 5284 άφιλὸκομπον,
1848 5212 1948 5292 ούκ

364 5313 545 5381 εἶπεν,
562 5312 770 5386 Ἐγερῶ
780 5312 872 5366 τὸν
884 5310 1109 5378 ἀδελφόν
1123 5326 1239 5370 σου,
1263 5307 1419 5373 ἀλλὰ,
1444 5325 1463 5359 ι
1498 5306 1939 5376 Ἀναστήσεταιί

368 5408 654 5480 μονονουχὶ
672 5405 856 5476 ἠρέμα
884 5401 1053 5471 αὐτὴν
1077 5400 1335 5471 ἐλέγχων,
1352 5400 1446 5453 καὶ
1469 5398 1667 5468 λέγων·
1698 5396 1945 5450 Ἀνίστα-

367 5514 459 5551 ται
487 5495 585 5570 μὲν
617 5493 798 5558 καθὼς
832 5490 1029 5563 βούλει,
1062 5490 1204 5561 πλὴν
1245 5490 1342 5559 οὐχ
1372 5489 1446 5552 ὡς
1482 5489 1545 5542 σὺ
1573 5486 1835 5558 νομίζεις.
1879 5486 1945 5540 Εἰ

363 5589 482 5662 γὰρ
502 5587 604 5643 οἴει
641 5587 706 5641 δι’
736 5586 901 5657 εὐχῆς
936 5584 1028 5636 καὶ
1065 5582 1332 5653 αἰτήσεως
1367 5579 1524 5634 τοῦτο
1558 5578 1837 5645 ἀνύεσθαι,
1878 5578 1943 5632 σὺ

366 5683 517 5738 ποίει
545 5682 607 5735 τὸ
643 5682 741 5751 τῆς
769 5676 958 5748 εὐχῆς,
1000 5677 1073 5747 μὴ
1112 5674 1217 5747 μὴν
1254 5674 1379 5744 ὲμοὶ
1410 5673 1665 5726 ἐπίταττε
1706 5670 1785 5742 τῷ
1814 5670 1945 5724 θαυ-

368 5771 687 5846 μτουργῷ,
721 5771 780 5834 ὃς
818 5767 1052 5838 δύναμαι
1079 5769 1152 5839 τῇΔ
1186 5766 1292 5838 ἰδίᾳ.
1344 5762 1488 5834 ἰσχύϊ
1526 5762 1825 5833 ἀναστῆσαι
1853 5762 1944 5816 τὸν

2055 4576 2226 4630 velit:
2283 4583 2465 4629 tamen
2519 4572 2742 4626 aberrat
2796 4586 2824 4624 a
2881 4572 3154 4639 veritate,
3206 4587 3315 4627 non
3366 4579 3626 4643 tanquam

2056 4665 2262 4731 Deum,
2298 4663 2395 4720 sed
2448 4671 2709 4734 tanquam
2765 4677 2932 4726 unum
2979 4672 3297 4717 sanctorum
3340 4664 3627 4734 alloquens

2055 4762 2283 4825 propter
2330 4768 2554 4808 carnem
2579 4767 2745 4822 quam
2794 4750 3041 4817 videbat,
3082 4760 3201 4806 rata
3232 4754 3497 4825 quidquid
3531 4769 3627 4825 pe-

2054 4851 2193 4898 teret
2224 4850 2282 4897 ut
2314 4853 2543 4898 sanctus
2564 4880 2578 4905 ,
2616 4856 2646 4895 a
2686 4840 2798 4896 Deo
2827 4852 3180 4912 accepturum
3212 4860 3369 4911 esse,
3402 4846 3625 4901 minime

2053 4933 2273 5004 quidem
2306 4948 2479 5006 gnara
2514 4932 2684 4988 Deum
2718 4940 2914 4987 natura
2946 4950 3069 4990 esse
3110 4942 3164 4990 et
3201 4936 3380 4991 Patris
3433 4945 3627 5007 poten-

2053 5027 2221 5092 tiam,
2272 5026 2591 5096 invictaque
2641 5024 2695 5078 in
2741 5025 3000 5082 omnibus
3032 5025 3082 5080 vi
3116 5027 3339 5096 pollere.
3391 5026 3621 5082 Si-enim

2006 5126 2016 5183 ‘.
2052 5118 2307 5175 scivissct
2337 5116 2505 5172 Deum
2533 5106 2688 5178 esse,
2713 5132 2823 5171 non
2850 5117 3085 5172 dixisset
3106 5135 3118 5170 :
3141 5116 3232 5193 «Si
3254 5118 3345 5172 hic
3364 5116 3618 5180 fuisses,»

2051 5210 2198 5265 Deus
2225 5210 2372 5266 enim
2420 5209 2623 5279 ubique
2652 5216 2758 5264 est.
2792 5210 3086 5263 Enimvero
3120 5207 3406 5274 Dominus,
3438 5219 3497 5264 ut
3528 5212 3621 5279 qui

2049 5302 2201 5356 omni
2229 5300 2500 5370 iactantia
2531 5306 2779 5365 careret,
2815 5315 2925 5355 non
2969 5299 3145 5354 dixit:
3178 5297 3474 5357 Suscitabo
3509 5300 3651 5355 fra-v

2048 5400 2189 5448 trem
2222 5399 2376 5445 tuum
2407 5407 2422 5456 ;
2469 5391 2563 5446 sed
2596 5376 2614 5441 ι
2642 5390 2913 5460 Resurget
2938 5428 2953 5453 ,
2987 5407 3005 5440 ι
3037 5391 3432 5462 propemodum
3471 5392 3618 5449 illam

2050 5484 2106 5538 in
2138 5483 2360 5538 occulto
2391 5481 2745 5554 redarguens,
2773 5490 2829 5535 et
2854 5479 3047 5536 dicens
3068 5499 3082 5537 :
3106 5480 3367 5553 Resurgit
3398 5484 3617 5553 quidem

2046 5574 2508 5647 quemadmodum
2538 5574 2623 5630 vis
2643 5614 2657 5639 ,
2691 5573 2784 5630 sed
2814 5588 2924 5628 non
2952 5575 3405 5645 quemadmodum
3434 5583 3615 5643 putas.

2049 5670 2108 5725 Si
2144 5671 2290 5727 enim
2317 5671 2499 5727 credis
2531 5685 2630 5742 per
2659 5686 2851 5740 preces
2876 5678 2932 5725 et
2964 5670 3276 5740 rogationes
3308 5664 3359 5718 id
3397 5662 3613 5732 perfici,

2047 5770 2312 5819 tu‘sume
2354 5762 2454 5817 tibi
2500 5771 2687 5833 partes
2722 5761 2953 5827 orandi,
3005 5774 3077 5814 ne
3112 5772 3241 5814 vero
3289 5754 3421 5808 mihi
3474 5768 3618 5825 pra:-
