4062 6208
415 349 503 401 ιιι
1452 345 1518 398 s.
1561 343 1831 399 cvmua
1863 316 2344 401 gusti-suntsi
2381 343 2697 399 ARCHEP.
3647 345 3715 396 ιιι

437 461 616 516 scribe
640 461 1032 514 miraculorum
1058 459 1290 524 facturi,
1322 461 1412 531 qui
1451 477 1676 530 possum
1715 462 1932 532 propria
1975 461 2024 516 vi

2127 463 2337 533 νεκρόν.
2367 460 2552 514 Ταῦτα
2581 461 2861 514 ἀκούσασα
2887 462 2918 532 ή
2962 461 3120 530 γυνὴ,
3167 460 3260 512 καὶ
3291 460 3584 531 αἰδουμένη
3618 461 3716 532 μὲν

441 561 712 606 mortuum
758 553 1054 605 suscitare.
1097 551 1220 605 llaec
1253 568 1374 606 cum
1407 552 1681 606 audiisset
1715 553 1930 615 mulier,
1963 561 2020 608 et

2122 557 2316 620 εἰπεῖν,
2337 556 2420 609 ὅτι
2443 555 2552 608 Νῦν
2577 555 2738 608 αὑτὸν
2765 552 3092 624 ἀνάστησον,
3115 553 3315 622 τρόπον
3337 554 3394 608 δέ
3418 573 3542 610 τινα
3573 573 3715 629 παρ-

402 633 610 696 ‘verita
653 643 872 697 dicere:
913 641 1070 697 Nunc
1112 643 1291 713 ipsmn
1336 643 1570 709 suscita,
1599 643 2006 713 quodammodo

2121 647 2385 712 οξύνουσα
2419 647 2581 700 αὐτὸν
2616 647 2697 708 εἰς
2737 645 2800 698 τὸ
2828 646 3053 716 ποιῆσαι
3095 643 3192 699 νῦν
3237 645 3299 698 τὸ
3341 646 3536 717 ἔργον,
3571 647 3719 702 δοκεῖ

441 735 676 788 incitans
710 749 836 788 eum
881 733 948 788 ad
983 749 1099 788 rem
1135 733 1558 803 aggrediendam
1595 733 2020 804 perficiendam-

2123 755 2240 802 πως
2268 739 2558 810 ἀδημονεῖν
2597 737 2726 810 περὶ
2762 737 2862 808 τὴν
2893 737 3208 809 βραδύτητα
3238 737 3335 791 τοῦ
3366 739 3583 810 χρόνου,
3621 739 3714 794 λέ-

426 839 542 892 que
578 825 794 878 videtur
827 823 1041 878 tristari
1073 823 1238 894 682
1273 823 1348 877 ob
1385 823 1844 894 longinquitatem
1880 833 2019 879 tem-

2120 847 2294 899 γουσα
2322 848 2334 860 ·
2379 827 2539 885 ιῡῖδα
2560 832 2643 884 ὅτι
2671 831 3038 902 ἀναστήσεται
3061 832 3119 884 ὲν
3143 833 3208 902 τῇ
3240 832 3446 905 ἐσχάτῃ
3472 833 3707 904 fuit!qu

412 915 587 982 'poris
611 957 626 982 ,
663 916 962 987 inquiens:
996 935 1014 967 ι
1047 913 1177 971 Scio
1220 916 1365 984 quod
1416 923 1676 986 resurget
1725 915 1780 970 in
1823 916 2016 970 ultima

2119 922 2258 976 ἀλλὰ
2289 923 2538 996 πρόωρον
2558 923 2698 975 ’ἰδεῖν
2747 921 3004 991 ἐπιθυμῶ
3037 923 3136 991 τὴν
3169 921 3264 976 τοῦ
3313 921 3544 992 ἀδελφοῦ
3579 924 3713 978 ἀνά-

437 1007 524 1062 die
543 1047 557 1070 ,
595 1026 613 1058 ι
641 1007 734 1062 sed
765 1015 890 1062 ante
935 1015 1153 1076 tempus
1181 1022 1439 1078 cuperem
1469 1005 1658 1061 videre
1687 1006 1876 1060 fratris
1911 1005 2017 1060 mei

2123 1034 2330 1072 στασιν.
2349 1018 2508 1069 Ἤτοι
2532 1015 2626 1068 τοῦ
2655 1015 2858 1086 Κυρίου
2887 1015 3136 1078 εἰπόντος
3165 1013 3247 1081 τὸ,
3272 1033 3294 1065 ι
3317 1015 3709 1087 Ἀναστήσεται

437 1101 924 1177 resurrectionem.
983 1099 1113 1156 Sive
1155 1095 1281 1156 cum
1326 1100 1592 1156 Dominus
1620 1099 1857 1154 dixisset
1889 1099 2015 1165 hoc,

2121 1111 2150 1162 6
2170 1108 2397 1178 ἀδελφός
2432 1125 2547 1171 σου,
2575 1128 2591 1160 ι
2624 1107 2907 1178 μονονουχὶ
2924 1109 3166 1160 συναινεῖ
3179 1105 3258 1178 τῷ
3269 1107 3505 1178 δόγματι
3535 1107 3710 1178 τούτῳ

444 1191 748 1261 .Rcsurget
785 1191 950 1246 frater
979 1199 1166 1260 tuus,»
1191 1201 1402 1246 tantmn
1423 1207 1535 1246 non
1563 1192 1863 1247 assentitur
1886 1187 2019 1245 huic

2121 1203 2154 1272 ἡ
2185 1201 2320 1270 γυνὴ
2347 1199 2580 1268 λέγουσα
2608 1216 2620 1228 ·
2657 1195 2787 1252 Οἶδα
2815 1198 2973 1253 τοῦτο
2997 1215 3011 1228 ο
3040 1197 3283 1252 πιστεύω
3308 1199 3418 1271 γάρ
3445 1199 3526 1254 ὅτι
3553 1199 3708 1271 ἔρχε-

429 1283 676 1353 dogmati
712 1284 933 1348 mulier,
971 1284 1162 1340 dicens
1185 1303 1197 1337 :
1219 1284 1361 1337 'Scio
1391 1281 1517 1347 hoc,
1551 1283 1723 1336 credo
1749 1283 1891 1352 quod
1929 1297 2020 1336 ve-

2119 1307 2207 1344 ται
2239 1289 2378 1362 ὥρα,
2414 1289 2509 1342 καὶ
2545 1289 2914 1353 ἐξελεύσονται
2959 1291 3009 1343 οἱ
3055 1289 3124 1344 τά
3155 1291 3336 1359 ἀγαΘά
3362 1293 3704 1362 ποιήσαντες,

418 1377 554 1431 ἠίοι
585 1377 742 1439 hera,
769 1383 824 1430 et
853 1377 1208 1446 egredientur
1236 1375 1331 1445 qui
1359 1376 1502 1428 bona
1533 1375 1809 1440 fecerunt,
1833 1375 1899 1428 ad
1935 1389 2022 1428 re-

2121 1383 2202 1445 εἰς
2228 1381 2521 1435 ἀνάστασιν
2550 1379 2694 1452 ζωῆς
2719 1397 2732 1411 ·
2778 1384 2826 1434 οἱ
2863 1383 2920 1435 δὲ
2953 1381 3021 1435 τά
3053 1383 3237 1450 φαῦλα
3271 1383 3596 1454 πράξαντες.
3629 1385 3708 1446 εἰς

437 1470 840 1524 surreetionem
884 1469 1038 1530 vitm,
1085 1468 1178 1536 qni
1228 1481 1360 1522 vero
1415 1467 1562 1521 mala
1603 1477 2016 1538 perpetrarunt,

2123 1476 2420 1529 ἀνάστασιν
2471 1474 2708 1546 κρίσεως
2759 1473 3003 1545 (ὁμοίως
3053 1476 3110 1529 δὲ
3159 1477 3256 1528 καὶ
3298 1477 3326 1528 ὀ
3373 1476 3599 1538 Ἡσαΐας
3649 1478 3707 1528 ὲν

438 1561 504 1614 ad
544 1560 1009 1616 resurrectionem
1039 1559 1236 1630 judieii
1268 1561 1336 1616 ³⁷.
1373 1560 1644 1614 Similiter
1673 1567 1728 1615 et
1756 1559 1930 1616 lsaias
1963 1561 2016 1615 in

2121 1567 2402 1636 Πνεύματι
2450 1563 2640 1619 εἶπεν⁹
2693 1587 2710 1618 ι
2754 1567 3176 1638 ’Λναστήσονται
3231 1568 3280 1620 οἱ
3339 1567 3566 1638 νεκροὶ,
3615 1567 3709 1620 καὶ

439 1652 647 1723 Spiritu
678 1653 818 1707 dixit
849 1673 861 1707 ι
903 1671 921 1704 ι
951 1651 1264 1722 Resurgent
1298 1652 1591 1718 mortui,et
1625 1653 2020 1709 excitabuntur

2123 1659 2512 1731 ἐγερθήσονται
2537 1659 2584 1710 οἱ
2619 1659 2674 1710 ὲν
2694 1661 2806 1722 τοῖς
2841 1657 3126 1729 μνημείοις
3145 1675 3158 1688 ο
3189 1677 3206 1710 ι
3229 1658 3247 1726 )
3269 1659 3330 1711 ού
3366 1657 3474 1729 γάρ
3491 1657 3707 1711 άπιστῶ

439 1748 528 1817 qui
555 1756 681 1802 sunt
699 1747 751 1801 in
779 1747 1152 1804 monumentis
1171 1747 1266 1802 “.r
1284 1745 1402 1802 Non
1425 1748 1568 1802 enim
1593 1748 2017 1803 resurrectionis

1885 1751 2017 1803 iouis
2121 1749 2201 1822 τῷ
2225 1752 2327 1822 τῆς
2355 1749 2704 1814 ἀναστάσεως
2739 1747 2905 1820 λόγῳ,
2942 1749 3018 1813 ὡς
3043 1749 3093 1802 οἱ
3125 1748 3489 1804 Σαδδουκαῖοι.

438 1839 680 1894 sermoni
715 1838 872 1894 fidem
906 1854 1016 1894 non
1048 1839 1260 1905 habeo,
1295 1839 1466 1894 veluti
1500 1838 1810 1898 Sadduczei.
2051 1823 2094 1878 Β

490 1930 612 1998 ‘XI,
655 1932 746 1987 25.
804 1931 953 1986 Dixit
995 1933 1042 1986 ei
1077 1931 1274 1987 Jews:
1305 1930 1416 2004 Ego
1463 1948 1578 1986 sum
1622 1935 1940 1988 resurrectio
1969 1943 2018 1987 et

2192 1935 2380 1989 Εἶπεν
2409 1933 2564 2002 αὐτῇ
2603 1936 2636 1988 ό
2673 1932 2914 2002 Ἰησοῦς
2933 1949 2945 1964 ·
2987 1932 3133 2002 Ἐγώ
3159 1935 3274 2003 εἶμι
3305 1933 3343 2000 ἠ
3371 1932 3706 2000 ἀνάστασις

437 2029 565 2090 vita,
596 2033 707 2082 etc.
1787 2021 1801 2024 ’

1787 2021 1801 2024 ’
2119 2027 2220 2080 καὶ
2247 2028 2284 2095 ἡ
2311 2025 2421 2093 ζωή
2443 2043 2456 2056 ·
2502 2027 2598 2080 καὶ
2621 2025 2691 2080 τά
2719 2026 2865 2097 ἑξῆς.

492 2117 741 2174 'Prorsus
770 2117 1128 2172 honorarium
1155 2123 1209 2172 et
1240 2116 1459 2172 fructus
1489 2116 1616 2171 tidci
1647 2116 2016 2172 in‘Christum

2191 2113 2417 2184 Καρπός
2447 2131 2510 2182 γε
2537 2113 2643 2186 μὴν
2674 2114 2766 2167 καὶ
2793 2112 2928 2185 τιμὴ
2954 2113 3054 2183 τῆς
3083 2116 3163 2178 είς
3183 2116 3417 2186 Χριστὸν
3445 2117 3701 2181 πίστεως,

437 2220 522 2267 est
553 2211 666 2265 vita
705 2211 1043 2281 sempiterna
1063 2253 1076 2273 ,
1107 2219 1162 2264 et
1189 2225 1300 2264 non
1335 2211 1497 2265 aliter
1526 2211 1631 2266 hoc
1661 2209 1884 2265 advenit
1915 2210 2016 2264 bo-

2119 2205 2152 2274 ή
2189 2203 2406 2268 αἰώνιος
2438 2204 2571 2275 ζωὴ,
2605 2205 2698 2259 καὶ
2723 2205 2824 2257 ούκ
2875 2204 3049 2268 ἄλλως
3077 2207 3428 2276 προσγίνεται
3455 2207 3612 2262 τοῦτο
3636 2211 3700 2280 τῇ

420 2303 606 2358 ιιηίιιίε
639 2303 858 2356 animm.
889 2301 946 2356 Si
973 2302 1119 2356 enim
1152 2301 1684 2372 propter‘Cbristum
1712 2315 1906 2356 omnes
1932 2315 2020 2354 re-

2114 2295 2212 2348 τοῧ
2261 2294 2548 2367 ἀνθρώπου
2597 2297 2764 2368 ψυχῇ.
2816 2297 2878 2350 El
2933 2297 3042 2368 γάρ
3084 2297 3172 2350 διά
3221 2299 3454 2370 Χριστὸν
3501 2301 3703 2364 πάντες

437 2396 750 2468 surgimus,
783 2395 897 2450 lucc
928 2393 1178 2464 profecto
1224 2409 1352 2450 vera
1405 2394 1514 2448 vita
1552 2405 1636 2449 est
1667 2395 1790 2450 sine
1827 2395 1932 2448 fine
1962 2393 2016 2447 in

2119 2387 2483 2459 άνιστᾲμεθα,
2533 2388 2670 2442 ἀλλὰ
2705 2389 2818 2460 ζωὴ
2869 2388 3008 2458 αὕτη
3053 2391 3201 2444 ἐστὶν
3234 2390 3460 2462 ἀληθὴς,
3493 2391 3555 2444 τδ
3582 2393 3702 2445 ἀτε-

437 2488 780 2545 beatitudine
810 2487 1036 2542 vivere:
1070 2486 1207 2541 nihil
1241 2487 1388 2540 enim
1420 2485 1601 2541 di‘llert
1625 2502 1659 2540 ο
1691 2494 2020 2548 morte,'rc-

2119 2481 2393 2552 λευτήτως
2441 2482 2498 2534 ἐν
2536 2481 2898 2552 μακαριότητι
2948 2479 3046 2551 ζῇν
3073 2496 3086 2510 ’
3137 2481 3289 2534 οὐδὲν
3315 2481 3424 2552 γάρ
3453 2481 3702 2552 διαφέρει

436 2595 660 2652 surgere
687 2579 954 2634 dumaxat
981 2578 1046 2632 ad
1079 2591 1320 2648 poenam.
1353 2574 1409 2630 Si
1441 2577 1612 2648 igitur
1641 2577 1788 2631 videt
1814 2575 2018 2646 aliquis

2101 2572 2376 2636 θανάτου,
2401 2573 2462 2626 τὺ
2492 2575 2571 2638 εἰς
2597 2573 2820 2627 κόλασιν
2846 2573 3140 2643 ἀναϐιῶναι
3182 2574 3362 2644 μόνον.
3401 2575 3462 2644 Εἰ
3488 2570 3705 2646 οὖνηὸρᾷ

435 2686 486 2728 et
515 2681 738 2727 sanctos
767 2670 1068 2724 morientes
1091 2711 1108 2736 ,
1137 2669 1231 2738 qui
1265 2668 1724 2738 pollicitationem
1763 2669 1890 2722 vitae
1922 2682 2018 2723 ac-

2117 2683 2203 2730 τις
2235 2667 2330 2719 καὶ
2368 2667 2496 2728 τοὺς
2538 2665 2726 2734 ἁγίους
2757 2665 3092 2736 θνήσκοντας
3129 2666 3257 2729 τοὺς
3286 2666 3548 2730 λαϐόντας
3576 2668 3703 2722 ὑπο-

435 2770 737 2835 ceperunt,
775 2761 913 2816 nihil
956 2761 1061 2815 hoc
1094 2767 1182 2815 est
1211 2799 1226 2824 ,
1275 2766 1329 2814 et
1376 2767 1592 2815 tantum
1624 2768 1711 2815 est
1742 2769 2018 2830 quatenus

2122 2757 2336 2828 σχέσεις
2387 2757 2553 2828 ζωῆς,
2603 2756 2756 2811 οὐδὲν
2803 2755 2988 2810 τοῦτο’
3042 2757 3200 2828 μόνον
3232 2757 3342 2828 γάρ
3373 2759 3496 2811 ὅσον
3537 2759 3617 2822 ei;
3645 2759 3705 2811 τὸ

403 2853 658 2910 .accidit.
691 2851 962 2906 Caeterum
1014 2849 1212 2904 idoneo
1252 2850 1488 2919 tempori
1534 2849 1725 2920 gratia:
1769 2849 2007 2906 ostensic

2122 2850 2396 2921 συμϐῆναι
2424 2850 2654 2920 γίνεται.
2696 2849 2888 2922 Καιρῷ
2918 2850 2974 2902 δὲ
3005 2849 3084 2920 τῷ
3112 2851 3376 2920 πρέποντι
3411 2851 3703 2922 τετήρηται

437 2953 772 3010 reservatur,
803 2959 926 3014 qua:
963 2959 1072 2998 non
1115 2943 1168 2998 in
1198 2943 1476 3013 aliquibus
1519 2943 1773 3014 partibus
1805 2943 2016 3011 valeat,

2120 2941 2155 3012 ἡ
2183 2941 2281 3010 τῆς
2318 2939 2540 3011 χάριτος
2585 2940 2870 3006 ἀνάδειξις,
2921 2941 2982 2992 ού
3021 2939 3161 2992 κατὰ
3210 2939 3373 3012 μέρος
3423 2939 3701 3010 ἰσχύουσα,

438 3039 532 3094 sed
563 3039 616 3092 in
659 3037 921 3092 omnibus
955 3037 1330 3101 continenter,
1365 3035 1544 3106 iisque
1579 3036 1673 3106 qui
1707 3035 1816 3104 jam
1855 3043 2018 3092 antea

2119 3031 2234 3085 ἀλλ’
2261 3033 2319 3087 ὲν
2350 3033 2484 3086 πᾶσι
2515 3031 2778 3104 διηνεκῶς
2815 3033 2920 3086 καὶ
2963 3034 3076 3095 τοῖς
3107 3033 3206 3103 ἤδη
3240 3032 3705 3104 προαποθανοῦσιν

437 3149 466 3184 e
498 3132 608 3196 vita
639 3128 1010 3190 excesserint,
1054 3136 1271 3199 gustata
1308 3127 1566 3182 nonnihil
1619 3135 1798 3184 morte
1843 3143 2018 3200 usque

2122 3125 2299 3194 ἁγίοις
2326 3125 2461 3196 πρὸς
2483 3125 2663 3194 ὀλίγον
2685 3125 3048 3196 γευσαμένοις
3076 3125 3172 3179 τοῦ
3203 3125 3454 3190 Θανάτου,
3483 3125 3586 3188 ἓως
3603 3126 3706 3196 τῆς

435 3221 504 3276 ad
569 3235 920 3275 communem
981 3217 1469 3274 resurrectionem.
1535 3216 1693 3274 Tunc
1749 3220 1897 3275 enim
1961 3220 2016 3274 in

2122 3221 2308 3290 κοινῆς
2350 3220 2722 3284 ἀναστάσεως.
2775 3217 2908 3271 Τότε
2966 3217 3072 3287 γάρ
3119 3217 3315 3280 κοινῶς
3365 3217 3705 3280 πάντεςλτῶν

435 3326 728 3367 commune
767 3325 961 3366 omnes
998 3309 1159 3365 bonis
1197 3308 1475 3364 fruentur.
1514 3308 1651 3363 Cum
1691 3325 1824 3366 vero
1876 3299 2034 3366 ditit'

2122 3311 2343 3382 ἀγαθῶν
2373 3312 2796 3367 ἀπολαύσουσιν.
2827 3309 3012 3364 Εἰπὼν
3045 3309 3103 3362 δὲ
3128 3312 3156 3363 6
3182 3309 3394 3380 Σωτὴρ,
3421 3310 3502 3362 ὅτι
3535 3328 3555 3360 ι
3579 3309 3703 3364 Ἐάν

432 3403 743 3460 Servator:
777 3421 796 3455 ι
830 3400 888 3456 Si
932 3410 1188 3456 mortuus
1242 3400 1410 3456 fuerit
1432 3441 1447 3468 ,
1479 3402 1662 3468 vivet,
1697 3422 1716 3456 ι
1747 3417 1856 3458 non
1895 3419 2022 3460 sus—

2120 3401 2391 3474 άποθάνῃ,
2425 3402 2704 3474 ζήσεται,ι
2737 3403 2836 3454 οὐκ
2862 3398 3038 3452 ἀνεῖλε
3069 3397 3146 3467 τῷ
3173 3397 3268 3450 νῦν
3298 3398 3454 3468 αἰῶνι
3487 3399 3578 3450 τὸν
3605 3397 3703 3450 θάο

441 3497 569 3551 tulit
623 3513 688 3550 ex
745 3495 850 3550 hoc
885 3493 1088 3549 szeculo
1133 3501 1406 3558 mortem,
1449 3492 1546 3549 sed
1597 3502 1828 3550 eatenus
1869 3495 2019 3551 illam

2115 3513 2278 3552 νατον
2302 3512 2315 3527 ’
2349 3495 2484 3548 άλλά
2516 3493 2768 3548 τοσοῦτον
2797 3491 2958 3547 αὐτὸν
2983 3491 3166 3544 δίδωσι
3194 3489 3334 3542 κατά
3362 3488 3472 3542 τῶν
3499 3488 3703 3542 πιστῶν

437 3601 602 3657 posse
642 3583 910 3640 adversus
948 3584 1142 3639 Iideles
1179 3585 1464 3654 permisit,
1500 3593 1777 3656 quatenus
1807 3596 2018 3642 tantum

2123 3588 2346 3659 ἰσχύειν,
2385 3590 2508 3643 ὅσον
2543 3589 2622 3650 εἰς
2647 3587 2706 3639 τὸ
2737 3584 3013 3656 συμϐῆναι
3059 3585 3239 3652 μόνον’
3279 3581 3457 3653 καιρῷ
3487 3581 3596 3652 γάρ
3625 3579 3705 3651 τῷ

439 3676 688 3741 accidat,
732 3691 834 3732 suo
859 3676 1010 3730 enim
1053 3675 1286 3744 tempori
1320 3677 1748 3733 resurrectionis
1773 3679 2018 3750 gratiam

2121 3683 2385 3754 πρέποντι
2414 3681 2688 3751 τετήρηκε
2722 3678 2821 3751 τὴν
2847 3679 2941 3748 τῆς
2974 3675 3328 3739 ἀναστάσεως
3363 3675 3544 3746 χάριν.
3569 3673 3706 3745 Φησὶ

442 3767 764 3824 reservavit.
799 3767 888 3821 Ait
927 3781 1098 3838 ergo:
1130 3763 1249 3819 Non
1285 3765 1396 3820 erit
1440 3765 1706 3822 innnunis
1763 3782 1792 3820 ιι
1839 3777 2020 3822 morte

2119 3774 2272 3844 γοῦν,
2302 3774 2382 3826 ὅτι
2405 3772 2516 3826 Ούκ
2541 3773 2768 3844 ἄμοιρος
2794 3770 2947 3824 ἔσται
2969 3769 3072 3824 τοῦ
3093 3770 3192 3840 τῆς
3211 3767 3414 3840 σαρκὸς
3447 3766 3701 3830 θανάτου,

439 3860 624 3917 carnis
661 3867 884 3931 propter
919 3856 1291 3913 conditionem
1345 3857 1598 3914 humanae
1638 3865 1884 3927 naturae,
1926 3859 2020 3930 qui

2117 3866 2208 3920 διά
2239 3865 2338 3936 τὴν
2369 3850 2718 3936 άνδρωπὶνην
2748 3862 2931 3934 φύσιν,
2962 3863 2990 3916 6
3019 3863 3099 3925 είς
3126 3861 3232 3933 ἐμὲ
3263 3859 3554 3924 πιστεύων,
3585 3857 3702 3912 ἀλλ’

441 3954 495 4008 in
555 3968 642 4008 me
695 3949 914 4018 credit;
966 3957 1341 4004 verumtamen
1401 3949 1539 4003 nihil
1594 3949 1722 4004 inde
1779 3949 2022 4020 patietur

2119 3958 2270 4029 ὅμως
2295 3957 2447 4011 οὐδὲν
2485 3957 2550 4010 ὲκ
2581 3955 2774 4010 τούτου
2809 3954 3056 4008 πείσεται
3086 3953 3278 4016 δεινὸν,
3308 3951 3440 4004 Θεοῦ
3470 3950 3703 4020 δυναμέ-

439 4042 662 4107 damni,
694 4057 821 4097 cum
859 4040 1002 4097 Deus
1047 4039 1200 4094 nullo
1249 4040 1468 4110 negotio
1515 4039 1798 4097 vivificare
1845 4044 2024 4112 possit

2121 4069 2214 4106 νου
2240 4051 2524 4116 ζωοποιεῖν
2545 4047 2782 4110 εὐκόλως
2807 4047 2868 4099 ὃν
2891 4045 2957 4099 ἂν
2985 4045 3164 4116 ἐθέλῃ.
3211 4045 3268 4098 Ὀ
3297 4045 3406 4116 γάρ
3437 4045 3521 4107 εἰς
3545 4043 3705 4098 αὑτὸν

438 4151 603 4208 quem
637 4135 787 4190 velit.
819 4133 922 4200 Qui
955 4132 1101 4188 enim
1135 4133 1190 4188 in
1218 4147 1342 4187 eum
1373 4133 1710 4199 crediderit,
1742 4135 1796 4188 in
1831 4133 2023 4190 futuro

2122 4141 2440 4208 πιστεύσας,
2490 4142 2549 4193 ὲν
2597 4139 2676 4211 τῷ
2723 4139 2970 4210 μέλλοντι
3020 4138 3178 4190 αἰῶνι
3209 4138 3566 4209 ἀτελεύτητον
3593 4136 3706 4207 ἔχει

440 4230 644 4285 saectdo
692 4228 863 4282 vitam
917 4225 1142 4281 habebit
1193 4225 1300 4280 line
1350 4233 1633 4281 carentem
1681 4225 1738 4280 in
1786 4226 2022 4280 beatitu—

2122 4233 2269 4306 ζωὴν
2315 4235 2373 4287 ὲν
2407 4232 2771 4304 μακαριότητι
2813 4231 2908 4284 ml.
2941 4229 3223 4302 ὁλοκλήρῳ
3275 4229 3574 4301 ἀφθαρσίᾳ.
3613 4227 3706 4281 Διὸ

438 4323 600 4389 dine,
635 4328 692 4376 et
722 4319 883 4390 plena
927 4317 1284 4389 perfectaque
1333 4317 1714 4388 corruptionis
1761 4318 2024 4374 immuni-

2125 4327 2198 4398 μή
2224 4343 2307 4391 τις
2335 4325 2550 4396 γελάτω
2571 4325 2680 4378 τῶν
2710 4324 2972 4378 ἁπίστων’
2999 4324 3062 4378 οὐ
3093 4323 3199 4394 γάρ
3229 4318 3379 4376 εἶπεν
3401 4324 3430 4376 6
3451 4320 3703 4394 Χριστὸς,

437 4425 571 4472 tate.
623 4411 808 4478 Quare
853 4425 1018 4466 nemo
1071 4409 1374 4464 infidelium
1425 4409 1648 4476 rideat;
1707 4425 1819 4464 non
1871 4410 2020 4466 enim

2136 4421 2366 4489 Ἀπάρτι
2398 4420 2626 4475 θάνατον
2657 4419 2718 4473 οὺ
2757 4416 2914 4490 μή[ν]
2953 4417 3037 4490 ἴδῃ
3057 4436 3070 4450 ·
3123 4416 3257 4470 ἀλλὰ
3290 4413 3707 4486 άπολελυμένως

439 4504 580 4562 dixit
617 4501 909 4556 Christus:
943 4499 1186 4554 Omnino
1229 4506 1462 4552 mortem
1499 4511 1610 4552 non
1649 4497 1880 4564 videbit,
1922 4498 2020 4556 sed

2123 4511 2314 4575 εἰπὼν,
2353 4509 2622 4562 «Θάνατον
2651 4509 2712 4562 οὐ
2737 4507 2812 4580 μὴ
2838 4508 2920 4578 ῐδῃ
2955 4509 3034 4570 εἰς
3064 4507 3154 4559 τὸν
3183 4505 3374 4570 αἰῶνα,
3407 4523 3426 4556 ι
3466 4499 3703 4574 περὶτοῦ

437 4593 690 4652 absolute
719 4591 942 4646 locutus
966 4629 983 4654 ,
1013 4608 1032 4641 ι
1063 4589 1292 4644 Mortem
1337 4602 1450 4642 non
1493 4587 1706 4642 videbit
1749 4589 1806 4642 in
1840 4603 2019 4644 saecu-

2126 4602 2414 4674 μέλλοντος
2434 4602 2628 4664 αἰῶνος
2652 4595 2824 4662 εἶπεν,
2853 4600 2931 4662 εἰς
2953 4601 3159 4652 ἐκεῖνον
3184 4598 3428 4670 τηρήσας
3453 4596 3512 4648 τὸ
3534 4595 3706 4665 πέρας

441 4688 551 4743 lum
573 4725 589 4750 ,
620 4703 640 4738 ι
669 4684 740 4740 de
773 4682 960 4738 futuro
995 4679 1198 4738 stecdlo
1229 4679 1410 4742 dixit,
1449 4680 1505 4732 in
1538 4678 1672 4734 illud
1708 4678 1871 4733 linem
1904 4695 2020 4736 suae

2127 4695 2222 4766 τῆς
2248 4692 2614 4763 ὑποσχέσεως.
2647 4693 2830 4746 Εἰπὼν
2851 4690 2908 4744 δὲ
2937 4693 3002 4762 τῇ
3033 4689 3236 4761 Μάρθα
3262 4705 3274 4718 °
3315 4686 3660 4752 «Πιστεύεις;
3679 4701 3699 4736 ι

439 4775 827 4852 promissionis
857 4789 1170 4830 reservans.
1219 4771 1356 4826 Cum
1395 4788 1525 4828 vero
1562 4770 1704 4826 dixit
1741 4769 1967 4826 Marthae
2001 4789 2016 4826 :

2118 4785 2202 4848 ὼς
2239 4785 2454 4856 μητέρα
2497 4785 2590 4838 καὶ
2621 4783 2880 4856 πρόξενον
2913 4781 3015 4852 τῆς
3044 4782 3190 4852 ζωῆς
3223 4782 3446 4834 ἀπαιτεῖ
3481 4779 3578 4850 τῆς
3619 4777 3707 4831 πί-

446 4891 462 4924 ι
493 4869 730 4926 Credis?
752 4887 770 4920 ι
790 4876 1052 4940 tanquam
1087 4875 1315 4921 matrem
1344 4875 1399 4921 et
1427 4864 1864 4922 conciliatricem
1895 4867 2021 4922 vita:

2162 4893 2296 4940 τεως
2324 4875 2422 4948 τὴν
2452 4877 2759 4946 ὁμολογίαν.
2806 4875 2870 4927 'H
2925 4873 2980 4928 δὲ
3042 4875 3275 4945 ἑτοίμως
3309 4871 3579 4935 συνέθετο,
3615 4869 3707 4925 καὶ
3754 4899 3766 4944 ἲ

442 4961 672 5034 requirit
715 4960 840 5018 fidei
888 4957 1320 5014 confessionem.
1351 4956 1452 5011 Illa
1481 4971 1617 5012 vero
1649 4965 1902 5026 prompte
1931 4973 2025 5014 as-

2125 4965 2370 5036 ἀκρισῶς
2389 4967 2662 5038 ὁμολογεῖ,
2685 4966 2781 5036 οὐχ
2803 4963 2988 5028 ἁπλῶς
3006 4964 3358 5026 πιστεύουσα,
3376 4964 3458 5016 ὅτι
3474 4961 3707 5033 Χριστός

442 5069 608 5110 sensa
643 5061 728 5108 est
757 5059 811 5106 et
838 5058 1035 5106 exacte
1065 5049 1360 5114 confessa,
1397 5063 1506 5103 non
1542 5047 1872 5118 simpliciter
1902 5063 2028 5104 cre-

2125 5058 2240 5108 ὲστι
2274 5055 2368 5110 καὶ
2401 5055 2528 5118 Υἱὸς
2555 5055 2648 5106 τοῦ
2679 5053 2836 5106 Θεοῦ.
2886 5051 3121 5122 Χριστδς
3149 5053 3258 5123 γάρ
3298 5051 3521 5105 δύναται
3567 5046 3707 5104 εἶναι

443 5149 580 5203 dens
611 5145 758 5217 quod
793 5143 1050 5200 Christus
1083 5149 1232 5198 esset
1281 5150 1334 5198 et
1368 5140 1541 5198 Filius
1592 5141 1704 5195 Dei.
1760 5139 2020 5196 Christus

2125 5147 2220 5202 καὶ
2253 5148 2538 5219 προφήτης
2559 5187 2574 5212 ,
2609 5145 2699 5200 διά
2724 5145 2785 5198 τὸ
2812 5145 3097 5216 κεχρίσθαι
3122 5163 3136 5176 ·
3177 5148 3206 5200 6
3247 5144 3408 5208 αὐτὸς
3439 5143 3534 5196 καὶ
3577 5142 3707 5206 Υἱὸς

443 5239 590 5294 enim
621 5245 802 5308 potest
828 5233 994 5307 683
1025 5249 1150 5290 esse
1197 5243 1250 5290 et
1299 5234 1566 5304 propheta
1589 5274 1603 5300 ,
1639 5233 1769 5304 quia
1823 5241 2024 5290 unctus

2129 5239 2366 5293 νοεῖσθαι
2394 5239 2637 5295 δύναται.
2664 5237 2826 5292 Ἀλλά
2856 5237 2996 5309 μετά
3011 5237 3106 5292 τοῦ
3133 5237 3338 5310 ἄρθρου
3361 5235 3614 5300 εἰποῦσα,
3647 5235 3705 5288 '0

445 5331 646 5394 fuerit,
677 5329 822 5386 idem
871 5335 925 5382 et
975 5325 1151 5383 Filius
1199 5326 1436 5396 intelligi
1485 5332 1688 5396 potest.
1741 5322 1849 5379 Sed
1893 5340 2022 5380 cum

2130 5329 2366 5400 Χριστὸς
2395 5331 2423 5382 6
2453 5329 2582 5393 Υἱὸς
2613 5329 2706 5384 τοῦ
2736 5327 2892 5395 Θεοῦ,
2941 5329 3033 5383 τὸν
3060 5329 3156 5382 ἕνα
3182 5330 3278 5382 καὶ
3305 5325 3584 5398 ἐξαίρετον
3610 5326 3707 5381 καὶ

445 5421 680 5478 articulo
733 5421 918 5476 locuta
968 5415 1110 5486 hoc,
1142 5419 1234 5489 qui
1291 5415 1550 5472 Christus
1596 5423 1652 5470 et
1703 5413 1877 5470 Filius
1925 5415 2022 5472 Dei

2129 5420 2345 5492 ἀληθῶς
2373 5420 2500 5482 Υἱὺν
2525 5421 2894 5496 ὡμολόγησεν.
2923 5421 3020 5485 Et;
3046 5421 3134 5474 τὸν
3161 5419 3290 5473 Υἱὸν
3314 5415 3408 5472 οὗν
3437 5421 3472 5491 ἡ
3501 5418 3703 5484 πίστις,

443 5523 562 5582 est,
594 5530 767 5569 unum
800 5521 856 5568 et
891 5512 1190 5572 eximium,
1235 5510 1615 5578 selectumque
1655 5515 1710 5560 et
1756 5521 1883 5560 vere
1927 5505 2019 5561 Fi-

2127 5513 2230 5567 οὐκ
2271 5514 2351 5578 εἰς
2402 5514 2634 5586 ποίημα.
2688 5515 2754 5567 El
2787 5513 2896 5586 γάρ
2928 5513 3140 5583 ποίημα
3181 5512 3278 5564 καὶ
3325 5511 3530 5582 κτίσμα
3563 5509 3706 5564 κατά

445 5607 578 5662 lium
627 5605 885 5661 confessa
929 5609 1035 5658 est.
1064 5601 1124 5655 ln
1157 5599 1355 5653 Filiqu
1401 5599 1570 5669 igitur
1615 5596 1779 5659 fides,
1815 5611 1922 5652 non
1959 5601 2012 5655 in

2128 5621 2280 5670 τινας
2327 5605 2586 5678 ὑπάρχων
2619 5607 2648 5660 6
2680 5606 2828 5676 Υἱὸς,
2861 5605 3152 5672 ἀνάστασίς
3182 5607 3296 5660 ἐστι
3321 5605 3415 5659 καὶ
3461 5601 3594 5674 ζωὴ,
3628 5601 3705 5674 μὴ

513 5782 561 5817 ³⁷
595 5778 755 5837 Joau.
788 5795 840 5848 v,
874 5777 964 5834 29.
1043 5778 1088 5811 ³⁸
1127 5775 1232 5834 lsa.
1263 5793 1386 5834 xxvi
1408 5815 1425 5845 ,
1457 5778 1536 5833 l9.
