4062 6208
291 293 363 351 49

1156 301 1222 354 IN
1254 300 1595 361 JOANNEM-
1625 331 1695 343 —-
1730 299 1860 357 LIB.
1886 303 1973 359 Vil
2014 304 2100 359 ΕΤ
2149 306 2259 362 ΥΙΙΙ
2294 309 2737 368 FRAGMENTA.

3487 319 3571 377 ὅθ’

289 411 661 484 θαυμαζέσθω
689 415 861 469 ταῦτα
889 415 964 468 ὢν
999 418 1090 472 καὶ
1114 418 1142 470 ὀ
1168 421 1375 491 Πατήρ.
1410 420 1473 473 Τί
1502 421 1611 492 γὰρ
1638 421 1697 474 τὸ
1723 422 1882 476 πλέον

1988 424 2255 483 facturas.
2277 431 2331 484 Si
2351 432 2495 487 enim
2531 433 2743 488 factura
2767 444 3043 499 creat'ura,
3066 438 3362 491 set-undum
3388 454 3551 507 quos-

286 506 349 558 ὲν
377 505 530 576 αύτῷ
578 506 727 577 παρᾶ
757 508 826 561 τά
877 510 1191 580 ποιήματα;
1244 513 1305 567 El
1336 514 1392 567 δὲ
1422 514 1531 568 τῶν
1559 516 1877 586 ποιημάτων

287 597 547 652 τοσοῦτον
575 600 699 653 ὅσον
724 601 882 671 ἴσμεν
911 602 1225 673 ἀπῴκισται
1255 590 1396 660 κατά
1427 607 1516 661 τὸν
1541 607 1640 678 τῆς
1664 608 1878 677 φύσεως

288 687 470 757 λόγον,
501 690 596 743 καὶ
627 690 719 743 διὰ
748 691 810 744 τὺ
838 686 976 747 εἶναι
1007 695 1119 766 ζωὴ
1139 736 1154 760 ,
1198 696 1314 760 πῶς
1362 697 1428 752 ἂν
1474 698 1561 769 εἴη
1592 699 1804 769 ποίημα
1848 701 1876 752 ὁ

291 781 444 845 Υἱὸς.
495 782 609 853 ζωὴ
642 783 736 836 κα)⁸
764 785 930 850 αὐτὸς
976 788 1119 840 κατά
1165 788 1327 856 φύσιν
1354 791 1637 861 ⁹Ζιπάρχων,
1685 793 1874 863 ὥσπερ

261 869 383 952 ,οὖν
416 875 509 927 καὶ
536 877 564 927 ὁ
593 876 861 945 γεννήσας
888 878 1083 947 αύτόν;
1137 880 1257 951 Ζωὴ
1304 882 1363 934 δὲ
1402 882 1541 944 ὅλως
1567 883 1675 936 τῶν
1716 901 1875 955 ποιη-

260 960 267 967 ’
292 965 482 1035 μάτων
502 965 654 1019 οὐδέν
681 968 814 1029 ἐστι,
838 968 985 1036 ζωῆς
1008 970 1063 1023 δὲ
1088 971 1289 1040 μᾶλλον
1311 973 1410 1043 τῆς
1431 974 1538 1027 ἀπὸ
1557 973 1651 1027 τοῦ
1675 974 1874 1038 ζῶντος

289 1056 428 1111 Θεοῦ
460 1059 705 1129 μέτοχον,
731 1060 851 1113 ἐπεὶ
883 1063 973 1114 καὶ
995 1083 1012 1113 ι
1039 1063 1097 1116 ἐν
1126 1063 1244 1134 Θεῷ
1270 1064 1451 1134 ζῶμέν
1480 1045 1662 1120 τεκαὶ
1696 1067 1875 1120 κινού-

295 1148 440 1217 μεθα
471 1152 564 1203 καὶ
592 1152 779 1221 ἐσμὲν,
810 1174 827 1203 ι
870 1153 943 1217 ὡς
975 1157 1002 1207 ὁ
1035 1156 1250 1220 Παῦλός
1280 1174 1468 1226 φησιν.

291 1238 407 1292 vita
442 1248 561 1302 est,
600 1242 699 1295 sed
737 1243 922 1311 potius
957 1259 986 1297 a
1022 1246 1241 1302 vivente
1279 1246 1392 1303 Deo
1422 1248 1548 1303 vita:
1576 1248 1891 1319 particepsr
1916 1251 2364 1322 quandoquidem
2397 1265 2451 1309 et
2492 1274 2509 1307 ι
2547 1257 2600 1310 in
2639 1255 2754 1313 Deo
2797 1258 3030 1313 vivimus
3067 1266 3119 1313 et
3151 1271 3434 1312 movemur
3497 1261 3572 1307 et.
3640 1240 3649 1247 ’

295 1351 530 1402 sumus,
574 1358 594 1390 ι
642 1351 700 1399 ut
727 1341 932 1399 Paulus
968 1345 1046 1397 ait
1080 1344 1148 1398 ⁸⁸.

370 1431 526 1499 Τάχα
546 1432 602 1484 δὲ
636 1433 712 1503 (Ι)
746 1436 795 1487 οἱ
844 1435 1029 1489 πολλοὶ
1064 1436 1174 1489 τῶν
1214 1439 1576 1491 πιστευόντων
1600 1478 1614 1502 ,
1674 1438 1765 1490 καὶ
1802 1436 1877 1506 μὴ

294 1521 566 1595 ἄτρεπτον
601 1527 696 1578 καὶ
727 1526 942 1597 βέϐαιον
989 1528 1205 1599 ἔχοντες
1239 1529 1339 1599 τὴν
1387 1529 1595 1590 πίστιν,
1647 1528 1878 1583 τοιοῦτοί

295 1616 440 1668 εἰσιν
463 1615 537 1678 ὦς
569 1617 616 1669 τ’
649 1618 718 1673 ἂν
744 1621 917 1672 εἰπεῖν
943 1621 1071 1691 περὶ
1100 1620 1404 1685 αὐτῶν,.ὃτι
1424 1619 1771 1674 πιστεύουσιν
1798 1608 1879 1684 εἶς

1986 518 2134 583 dam,
2160 522 2433 578 exsistens
2478 524 2670 591 Filius,
2696 529 3034 582 resurrectio
3071 539 3155 584 est
3186 539 3239 585 et
3280 531 3415 593 vita,
3456 547 3553 586 nc-

1988 627 2268 682 quaquam
2306 616 2661 673 admirationi
2694 620 2854 675 debet
2883 637 3007 677 csse
3043 623 3166 693 hate
3194 626 3468 678 cxsistens
3501 634 3555 677 et

1984 700 2169 757 Pater.
2211 703 2352 770 Quid
2390 707 2535 761 enim
2577 710 2813 779 amplius
2849 718 2935 766 est
2982 711 3038 766 in
3087 727 3152 766 co
3185 727 3343 781 quam
3375 712 3428 766 in
3471 710 3553 765 Ωιτ

1982 796 2190 850 cturis?
2224 797 2283 850 Si
2316 814 2445 853 vero
2485 807 2693 854 tantum
2726 812 2992 872 quantum
3027 804 3234 857 scimus
3266 818 3296 855 a
3328 801 3554 856 factoris

1942 886 2213 957 _dissitus
2253 897 2368 953 est,
2406 893 2731 947 secundum.
2763 902 2974 948 natura:
3020 911 3134 948 sua:
3181 895 3446 948 rationem
3503 904 3556 947 ct

1981 977 2113 1046 quia
2146 987 2233 1034 est
2264 980 2374 1034 vita
2398 1021 2413 1043 ,
2449 983 2722 1052 quomodo
2761 984 2976 1037 factura
3019 984 3185 1037 fuerit
3223 982 3426 1047 Filius,
3459 982 3551 1052 qui

1979 1076 2034 1120 et
2075 1068 2194 1137 ipse
2228 1071 2338 1124 vita
2369 1072 2676 1127 secundum
2712 1083 2967 1127 naturam
3014 1073 3266 1149 exsistit,
3317 1073 3464 1127 sicut
3500 1081 3553 1124 et

1978 1160 2070 1227 qui
2116 1164 2306 1231 genuit
2351 1167 2525 1219 cum?
2562 1165 2798 1220 Omnino
2841 1181 2971 1222 vero
3016 1167 3165 1220 nulla
3213 1165 3549 1218 iacturarum

2058 1430 2227 1488 Forte
2271 1435 2429 1489 multi
2483 1449 2547 1491 ex
2608 1436 2994 1500 credentibus,
3052 1438 3575 1496 immutabilitatem-

1986 1524 2419 1596 firmitatemque
2447 1527 2571 1582 ﬁdei
2604 1544 2714 1583 non
2751 1529 3037 1595 habentes,
3071 1532 3210 1587 tales
3239 1543 3370 1588 sunt
3396 1543 3455 1588 ut
3483 1535 3577 1590 de-

1985 1617 2057 1673 iis
2105 1617 2217 1672 diei
2265 1620 2441 1688 possit
2495 1622 2664 1690 quod,
2701 1622 2989 1677 credentes
3038 1622 3094 1676 iu
3140 1622 3349 1689 Iesum,
3386 1628 3583 1681 morti:

294 1708 389 1760 τὸν
438 1707 680 1777 Ἰησοῦν,
729 1711 824 1763 καὶ.
863 1710 1201 1782 ἐπιδέχονται
1233 1712 1295 1765 τὸ
1338 1711 1729 1783 ἀποθνήσκειν,
1784 1713 1878 1764 καὶ

1987 1715 2168 1764 tamen
2200 1711 2430 1765 obnoxii
2463 1720 2616 1778 sunt,
2649 1722 2703 1767 et
2733 1713 3031 1782 aliquando
3056 1715 3275 1783 quidem
3306 1718 3551 1772 moriun-

294 1798 622 1852 ἀποθάνοιεν
670 1818 835 1854 ποτε·
876 1802 1241 1867 ἀποθανόντες
1277 1804 1369 1868 δὲ,
1421 1804 1482 1857 οὐ
1524 1803 1779 1872 μένουσιν
1820 1804 1878 1854 ὲν

296 1888 549 1958 θανάτῳ,
586 1889 726 1943 άλλά
758 1890 1036 1963 ζήσονται.
1090 1894 1154 1948 Εἰ
1185 1892 1243 1947 δέ
1272 1910 1355 1956 τις
1382 1892 1484 1964 ἤδη
1519 1892 1580 1945 τὸ
1610 1893 1878 1964 ἄτρεπτον

294 1981 392 2033 καὶ
425 1980 639 2048 βέϐαιον
667 1981 1004 2054 ἀνειληφὼς,
1061 1984 1198 2054 μετά
1230 1984 1436 2054 ταύτης
1470 1983 1566 2055 τῆς
1598 1983 1763 2050 ἕξεως
1797 2000 1882 2036 πι-

296 2071 501 2137 στεύοι,
528 2068 684 2136 οὗτος
713 2073 778 2127 ἂν
803 2074 886 2145 είη
917 2076 945 2127 ό
971 2074 1079 2138 ζῶν
1104 2076 1200 2129 καὶ
1229 2074 1501 2129 πιστεύων
1528 2076 1619 2129 καὶ
1648 2076 1721 2146 μὴ
1745 2076 1881 2146 ἀπο-

295 2160 624 2233 θανούμενος
652 2166 729 2226 είς
754 2163 845 2216 τὸν
866 2142 1054 2218 αἰῶνα.
1079 2159 1202 2229 υἷος
1228 2161 1295 2236 ἦν
1324 2166 1351 2218 ό
1381 2142 1659 2236 μακάριος*
1670 2142 1879 2228 Παῦλος

296 2252 473 2321 λέγων
503 2275 517 2287 ·
581 2273 598 2306 ι
645 2255 744 2319 Τίς
773 2257 924 2326 ἡμᾶς
963 2256 1189 2327 χωρίσει
1239 2256 1348 2311 ἀπὸ
1387 2257 1489 2326 τῆς
1539 2255 1759 2328 ἀγάπης
1784 2254 1879 2310 τοῦ

294 2341 537 2413 Χριστοῦ
563 2362 578 2410 ;
612 2363 630 2397 ι
676 2346 769 2397 καὶ
797 2345 865 2399 τὰ
896 2343 1047 2414 ἑξῆς.

373 2435 686 2500 Πιστεύεις
711 2436 937 2500 τούτῳ;

377 2524 894 2596 Προεξηγησάμενος
939 2527 1037 2581 τοῦ
1065 2528 1206 2581 κατά
1238 2527 1399 2581 αὐτὸν
1452 2527 1754 2598 μυστηρίου
1782 2524 1881 2595 τὴν

300 2612 579 2683 δύναμιν,
624 2616 717 2669 καὶ
758 2616 931 2681 δείξας
973 2618 1220 2690 ἐναργῶς
1260 2619 1341 2672 ὅτι
1387 2618 1500 2691 ζωὴ
1544 2620 1684 2673 κατὰ
1719 2619 1882 2689 φύσιν

297 2706 429 2758 ἐστὶ
472 2706 564 2760 καὶ
592 2706 721 2771 Θεὸς
755 2708 1003 2779 ἀληθινὸς
1024 2750 1038 2772 ,
1090 2712 1316 2764 ἀπαιτεῖ
1350 2710 1447 2781 τὴν
1480 2712 1571 2765 ἐπὶ
1601 2714 1668 2784 τῇ
1700 2712 1882 2766 πίστει

300 2795 545 2862 σύνεσιν,
577 2798 741 2851 τύπον
774 2802 893 2863 ταῖς
935 2800 1282 2872 Ἑκκλησίαις
1309 2801 1401 2854 τὸν
1430 2802 1522 2855 ἐπὶ
1546 2802 1719 2873 τούτῳ
1746 2802 1878 2867 οείς.

296 2888 424 2958 Χρὴ
454 2888 559 2959 γὰρ
599 2890 659 2942 οὐ
686 2890 934 2944 διάκενον
968 2893 999 2961 ἡ
1010 2892 1115 2961 μᾶς
1138 2895 1216 2955 είς
1255 2892 1392 2964 ἀέρα
1421 2893 1746 2963 ῥιπτοῦντας
1773 2913 1883 2964 φω-

297 2974 421 3045 νὴν,
467 2976 526 3029 τὸ
573 2979 766 3031 σεπτὸν
796 2980 1078 3049 ὁμολογεῖν
1109 2984 1407 3052 μυστήριον
1428 3021 1443 3045 ,
1472 2982 1586 3036 ἀλλ’
1612 2986 1669 3037 ὲν
1691 2984 1884 3055 καρδίᾳ

299 3066 395 3119 καὶ
418 3065 492 3137 νῷ
527 3068 626 3137 ’τὴν
659 3069 842 3123 πίστιν
868 3068 1226 3140 ριζώσαντας,
1258 3072 1468 3143 καρπὸν
1499 3073 1591 3126 τοῦ
1622 3075 1881 3144 πράγμα-
1909 3099 1952 3156 C

295 3174 395 3221 τος
443 3159 709 3219 ποιεῖσθαι
747 3162 844 3233 τὴν
874 3162 1200 3232 ὁμολογίαν,
1248 3168 1341 3218 καὶ
1369 3164 1645 3216 πιστεύειν
1679 3165 1881 3218 ἐνδοια-

300 3247 448 3318 σμοῦ
480 3267 623 3314 τινος
664 3251 785 3322 δίχα
819 3254 914 3306 καὶ
959 3253 1230 3324 διψυχίας.
1288 3254 1578 3326 Ὑϐριστὴς
1606 3253 1712 3325 γάρ
1742 3257 1770 3308 ό
1807 3254 1882 3308 δί-

293 3339 477 3410 ψυχος
520 3342 612 3394 καὶ
642 3341 895 3411 χωλεύων
930 3342 1059 3413 περὶ
1101 3341 1427 3412 τὴνπίστιψ
1479 3341 1568 3396 διὰ
1610 3339 1764 3395 τοῦτο
1789 3340 1881 3394 καὶ

298 3431 683 3495 ἀκατάστατος
716 3435 773 3487 ὲν
805 3433 1006 3495 πάσαις
1030 3436 1147 3496 ταῖς
1173 3434 1310 3497 ὁδοῖς
1344 3431 1528 3486 αὑτοῦ.
1570 3424 1795 3485 Ὲίδέναι
1823 3448 1882 3485 σε

304 3522 415 3592 μὴν
446 3524 760 3590 ἀναγκαῖον,
779 3524 862 3577 ὅτι
880 3524 999 3594 Θεῷ
1024 3525 1119 3602 τῆς
1145 3525 1380 3587 πίστεως
1400 3523 1689 3594 ὁμολογίαν
1707 3522 1884 3578 ποιού·

304 3613 485 3685 μεῦα,
521 3615 625 3668 κᾶν
669 3615 735 3668 δι’
778 3614 1079 3687 ἀνθρώπων
1115 3614 1459 3686 ἐρωτώμενοι
1493 3615 1598 3669 τῶν
1633 3614 1882 3687 ἱερᾶσθαι

299 3704 580 3775 λαχόντων
618 3707 797 3776 φαμὲν
836 3708 916 3772 τὸ,
953 3708 1219 3773 Πιστεύω,
1251 3708 1309 3760 ἐν
1352 3711 1417 3778 τῇ
1453 3706 1766 3779 παραλήψει
1788 3704 1882 3759 τοῦ

302 3796 468 3864 ἁγίου
492 3796 888 3868 βαπτίσματος.
930 3800 1219 3853 Πάνδεινον
1250 3793 1343 3852 οὖν
1370 3798 1476 3871 ἄρα
1504 3797 1563 3851 τὸ
1592 3796 1883 3868 διαψεύσα-

302 3886 434 3938 σθαι
466 3887 561 3940 καὶ
594 3887 1003 3958 -παρολισθῆσαι
1044 3888 1179 3960 πρὸς
1208 3888 1462 3942 ἀπιστίαν
1482 3928 1496 3952 ,
1553 3888 1640 3941 ἵνα
1689 3887 1885 3960 μὴκαὶ

299 3976 570 4048 δικαστὴν
620 3978 713 4030 καὶ
762 3978 1018 4050 μάρτυρα
1071 3978 1327 4043 ἀπονοίας
1372 3978 1582 4048 ἔχωμεν
1612 3978 1771 4031 αὐτὸν
1795 3978 1886 4031 τὸν

302 4068 531 4121 πάντων
569 4071 843 4140 Δεσπότην
890 4072 1119 4139 λέγοντα
1143 4087 1155 4101 ·
1213 4090 1231 4123 ι
1263 4072 1372 4124 Καὶ
1423 4069 1535 4139 ἐγὼ
1589 4069 1827 4141 μάρτυς,
1860 4088 1879 4121 3

301 4157 447 4227 φησι
479 4158 701 4228 Κύριος.
749 4160 1134 4232 Ἐπιτηρητὲον
1157 4160 1217 4213 δὲ
1238 4160 1319 4213 ὅτι
1349 4160 1600 4229 Λαζάρου
1630 4158 1885 4229 κειμένου

300 4250 662 4323 τεθνηκότος,
699 4252 839 4322 ὑπὲρ
881 4250 1051 4305 αὑτοῦ.
1076 4251 1275 4320 τρόπον
1314 4251 1435 4304 τινὰ
1463 4252 1524 4325 τε)
1553 4250 1775 4319 γύναιον
1803 4249 1889 4313 ἑξ-

304 4345 545 4398 αιτεῖται
572 4344 671 4414 τὴν
708 4345 797 4396 ἐπὶ
821 4346 888 4414 τῇ
922 4343 1102 4397 πίστει
1146 4343 1359 4396 σύνεσιν
1385 4364 1397 4374 ·
1428 4342 1527 4396 ἵνα.
1543 4343 1705 4397 πάλιν
1730 4341 1759 4393 ό
1789 4341 1885 4395 τύ-

1992 1809 2116 1867 tur;
2148 1800 2202 1861 in
2255 1808 2433 1883 morte
2475 1811 2659 1859 autem
2710 1818 2820 1858 non
2870 1814 3118 1869 manent,
3157 1812 3348 1875 postea
3383 1807 3548 1863 vitam

1984 1893 2388 1961 recuperaturi.
2410 1892 2612 1949 Verum
2635 1893 2683 1948 si
2717 1895 2863 1963 quis,
2894 1896 3214 1950 firmitatem
3236 1896 3551 1953 immutabi-

1984 1983 2310 2055 litatemque
2342 1985 2457 2055 jam
2518 1982 2875 2050 consecutus,
2906 1986 2990 2040 sic
3024 1986 3234 2053 credat,
3256 1987 3401 2042 hunc
3427 2004 3553 2044 esse

1982 2073 2218 2130 dixerim
2246 2076 2520 2132 viventem
2549 2085 2602 2132 et
2635 2078 2944 2134 credentem
2993 2079 3086 2148 qui
3121 2095 3231 2133 non
3288 2079 3552 2134 morietur

1984 2166 2038 2221 in
2080 2176 2366 2222 aeternum.
2412 2168 2600 2233 Qualis
2642 2177 2763 2223 erat
2814 2169 3010 2224 beatus
3048 2168 3276 2233 Paulus,
3313 2185 3436 2225 cum
3471 2171 3552 2226 di-

1984 2264 2169 2313 ceret:
2195 2275 2213 2309 ι
2237 2257 2370 2324 Quis
2403 2272 2504 2341 nos
2519 2259 2797 2330 separabit
2822 2275 2851 2315 a
2881 2260 3151 2316 charitate
3179 2259 3388 2318 Christi
3411 2261 3501 2314 “2.
3522 2278 3567 2315 ι.

2052 2433 2147 2500 XI,
2182 2435 2273 2491 26.
2310 2433 2495 2491 Credis
2525 2436 2688 2492 huic?

2052 2523 2215 2580 Prius
2251 2526 2497 2595 exposita
2551 2526 2603 2578 vi
2657 2525 2902 2595 mysterii
2957 2526 3104 2580 circa
3163 2542 3244 2591 se,
3293 2528 3567 2597 clareque-

1982 2623 2209 2671 ostcnso
2256 2616 2403 2686 quod
2455 2616 2563 2670 vita
2613 2615 2918 2672 secundum
2973 2626 3226 2672 naturam
3294 2625 3350 2673 et
3407 2615 3550 2675 Deus

1982 2724 2147 2764 verus
2208 2716 2312 2771 est,
2386 2709 2617 2778 requirit
2682 2710 2828 2765 circa
2884 2709 3041 2765 fidem
3104 2712 3548 2782 intelligentiam,

1984 2799 2213 2871 figuram
2246 2800 2508 2857 Ecclesiis
2546 2801 2602 2854 in
2641 2816 2706 2856 eo
2739 2816 2970 2871 ponens.
2997 2800 3116 2857 Non
3152 2802 3298 2885 enim
3337 2813 3552 2873 oportet

1984 2907 2085 2947 nos
2115 2907 2345 2946 vacuam
2402 2891 2457 2945 in
2509 2905 2635 2946 aera
2688 2891 2954 2960 iacientes
3009 2907 3197 2948 vocem
3242 2893 3553 2948 venerabile

1986 2978 2144 3034 fateri
2175 2979 2522 3051 mysterium,
2553 2980 2645 3033 sed
2685 2978 2967 3034 fundatam
3002 2980 3055 3035 in
3091 2980 3257 3035 corde
3284 2988 3339 3036 et
3368 2981 3552 3037 animo

1986 3071 2146 3126 fidem
2187 3072 2489 3134 habentes,
2536 3070 2777 3126 fructum
2830 3072 2954 3141 ejus
3007 3072 3411 3128 confessionem
3454 3088 3553 3142 po-

1985 3177 2139 3223 nere,
2172 3169 2225 3214 et
2260 3162 2489 3216 credere
2522 3161 2643 3216 sine
2691 3162 2801 3215 ulla
2862 3162 3203 3219 dubitatione
3247 3172 3301 3217 et
3354 3148 3569 3220 mentis

1984 3250 2327 3321 duplicitate.
2364 3251 2673 3320 lnjuriosus
2717 3260 2804 3306 est
2840 3253 2985 3307 enim
3019 3253 3220 3322 duplex
3271 3262 3453 3308 mente
3498 3261 3583 3307 et.

1984 3343 2134 3398 circa
2167 3344 2327 3398 fidem
2358 3342 2697 3405 claudicans,
2728 3353 3019 3412 prepterea
3049 3340 3328 3397 instabilis
3356 3343 3408 3396 in
3434 3358 3554 3398 om-

1984 3435 2148 3490 nibus
2172 3434 2272 3488 viis
2297 3434 2433 3488 suis.
2453 3432 2722 3487 Cmterum
2752 3449 2981 3489 necesse
3008 3443 3095 3489 est
3118 3434 3392 3504 intelligas
3443 3434 3553 3489 Deo

1986 3541 2086 3580 nos
2103 3524 2507 3580 confessionem
2530 3524 2650 3580 fidei
2679 3526 2962 3590 exhibere,
2981 3526 3145 3579 etiam
3174 3541 3296 3579 cum
3322 3540 3418 3594 per
3453 3524 3553 3578 ho-

1984 3616 2163 3671 mines
2192 3631 2478 3672 sacrorum
2502 3631 2689 3671 curam
2720 3628 2776 3675 et
2810 3615 3183 3672 sacerdotiorum
3215 3617 3442 3672 sortitos
3473 3617 3556 3669 in-

1987 3708 2271 3779 terrogati,
2300 3708 2551 3763 dicimus.
2579 3708 2707 3771 hoc,
2728 3704 2906 3763 Credo
2939 3709 2993 3761 in
3035 3708 3345 3778 sumptione
3379 3705 3554 3761 sancti

1985 3799 2352 3870 baptismatis.
2371 3797 2547 3853 Grave
2570 3798 2738 3869 igitur
2769 3807 2823 3853 et
2848 3798 3221 3868 periculosum
3254 3798 3468 3852 mentiri
3499 3806 3554 3853 et

1987 3892 2055 3946 ad
2082 3882 2534 3947 incredulitatem
2565 3890 2874 3956 deﬂectere,
2902 3906 2971 3945 ne
3007 3890 3245 3959 judicent
3278 3896 3332 3944 et
3360 3896 3553 3944 testem

1989 3983 2244 4036 amentia:
2266 3982 2566 4036 habeamus
2591 3982 2777 4048 ipsum
2802 3981 3048 4035 omnium
3080 3980 3369 4035 Dominum
3403 3998 3417 4035 :
3459 3978 3554 4033 «Et

1989 4087 2090 4143 ego
2118 4073 2331 4137 testis,»
2356 4072 2535 4142 inquit
2563 4072 2849 4127 Dominus.
2883 4072 3020 4126 lllud
3051 4076 3212 4127 etiam
3259 4074 3559 4126 observan-

1988 4163 2116 4218 dum
2156 4164 2326 4227 venit,
2360 4165 2529 4233 quod,
2565 4164 2772 4218 Lazaro
2811 4164 3030 4232 jacente
3079 4172 3318 4228 mortuo,
3348 4177 3447 4231 pro
3492 4178 3557 4215 eo

1989 4253 2394 4326 quodammodo
2446 4255 2773 4309 muliercula
2824 4254 3200 4321 interrogatur
3237 4254 3304 4308 de
3355 4254 3555 4307 intellio

1991 4347 2174 4417 gentia
2207 4346 2352 4413 fidei,
2380 4354 2662 4401 utrursns
2698 4348 2872 4415 figura
2904 4344 2959 4398 in
2999 4344 3265 4398 Ecclesiis
3298 4344 3474 4397 valeat
3504 4353 3557 4397 et

308 4453 411 4500 τως
440 4436 501 4488 ὲν
525 4439 645 4497 ταῖς
680 4433 1021 4505 Ἐκκλησίαις
1050 4434 1262 4506 ἰσχύσῃ.
1312 4435 1440 4488 Ὅτε
1465 4434 1573 4506 γὰρ
1606 4435 1890 4506 ἀρτιγενὲς

1993 4442 2346 4496 observetur.
2375 4439 2508 4493 Cum
2541 4440 2686 4492 enim
2714 4454 2908 4509 recens
2939 4445 3101 4491 natus
3125 4436 3352 4489 affertur
3376 4434 3559 4490 infans

309 4528 649 4598 προσάγεται
694 4528 890 4599 βρέφος
929 4527 1027 4595 τῆς
1069 4527 1424 4597 κατηχήσεως
1465 4527 1526 4578 τὸ
1560 4526 1763 4597 χρίσμα
1797 4525 1893 4579 λα·

309 4620 464 4682 δεῖν,
503 4620 621 4689 ἦτοι
671 4618 732 4672 τὺ
762 4619 863 4689 τῆς
889 4618 1220 4681 τελειώσεως
1251 4618 1344 4670 ἐπὶ
1383 4616 1461 4687 τῷ
1509 4604 1649 4687 άγίῳ
1695 4617 1892 4686 βαπτί-

313 4726 511 4781 σματι,
540 4713 568 4763 ό
598 4711 887 4781 προσάγων
907 4711 1049 4783 ὑπὲρ
1073 4709 1250 4763 αὐτοῦ
1269 4708 1349 4775 τὸ,
1383 4708 1571 4779 Ἀμὴν,
1598 4710 1886 4777 ἀναφωνεϊ.

328 4800 511 4870 ’Υπὲρ
536 4802 591 4854 δὲ
614 4802 722 4855 τῶν
754 4802 954 4873 ἐσχάτῃ
982 4803 1121 4871 νόσῳ
1153 4798 1600 4871 κατειλημμένων
1624 4837 1639 4863 ,
1674 4799 1891 4869 μελλόν-

307 4905 434 4944 των
459 4906 520 4941 τε
551 4891 633 4944 διὰ
660 4893 819 4945 τοῦτο
840 4891 1315 4960 βαπτίζεσθαι,καὶ
1342 4889 1733 4945 ἀποτάττονταί
1751 4907 1895 4955 τινες

309 4980 417 5035 καὶ
444 4982 848 5045 συντάττονται,
877 4982 974 5054 τὴν
1007 4984 1215 5037 οἰκείαν
1243 4984 1430 5054 ὥσπερ
1459 4984 1519 5048 ἐξ
1559 4984 1779 5054 ἀγάπης
1811 5001 1894 5037 κι-

308 5072 560 5146 χρῶντες
584 5072 767 5144 φωνὴν
813 5076 927 5138 τοῖς
966 5072 1107 5144 νόσῳ
1153 5074 1546 5143 πεπεδημένοις
1570 5091 1584 5107 ο
1612 5075 1749 5145 ὅπερ
1777 5074 1890 5128 ἐστι

307 5164 559 5219 κατιδεῖν
602 5165 827 5233 γεγονὸς
880 5165 976 5218 ἐπί
1015 5181 1073 5217 τε
1114 5163 1364 5235 Λαζάρου
1403 5165 1621 5233 καὶτῆς
1658 5165 1892 5236 ἀδελφῆς

308 5255 511 5310 αὐτοῦ.
541 5256 726 5325 Σοφῶς
752 5256 807 5310 δὲ
830 5257 864 5327 ἡ
890 5255 1089 5328 Μάρθα
1123 5256 1217 5307 καὶ
1235 5254 1590 5326 οἰκονομικῶς
1621 5272 1896 5325 προκαταα

306 5347 540 5417 σπείρει
570 5348 669 5417 τῆς
692 5349 924 5413 πίστεως
944 5348 1041 5418 τὴν
1073 5346 1383 5418 ὁμολογίαν,
1411 5347 1497 5400 ἵνα
1522 5346 1611 5400 τὸν
1639 5345 1699 5410 ἐξ
1729 5348 1896 5419 αὐτῆς

303 5442 517 5515 θερίσῃ
548 5442 777 5512 καρπόν.

393 5582 441 5613 ³⁸
485 5582 611 5636 Act.
649 5597 758 5635 xvn
785 5619 799 5643 ,
835 5580 926 5633 28.
1006 5580 1050 5611 δ’
1085 5579 1243 5634 Rom.
1279 5592 1401 5642 vltt,
1430 5578 1519 5633 35.

394 5698 478 5763 (Ι)
520 5694 682 5763 Τάχα
717 5694 864 5748 δὲ..
896 5735 907 5748 .
938 5732 950 5746 .

1997 4533 2065 4586 ad
2148 4531 2562 4601 suscipiendum
2655 4529 3040 4584 iustructionis
3126 4527 3560 4597 iuitiationisquc

1995 4624 2258 4685 chrisma,
2300 4637 2393 4678 scu
2452 4621 2505 4674 in
2561 4628 2757 4675 sancto
2814 4620 3144 4690 baptismate
3187 4619 3557 4689 perfectionis.

1994 4717 2090 4785 qui
2124 4712 2350 4768 adducit
2380 4727 2526 4777 eum,
2558 4726 2661 4781 pro
2696 4726 2761 4765 eo
2808 4711 3123 4780 respondet,
3162 4712 3361 4763 Amen.
3395 4708 3560 4763 Simi-

1999 4805 2126 4859 liter
2163 4819 2263 4872 pro
2318 4800 2525 4870 iis.qui
2574 4807 2823 4854 extremo
2883 4802 3076 4853 morbo
3138 4801 3561 4861 conﬂictantur,

1997 4894 2233 4963 ideoque
2277 4889 2592 4961 baptizandi
2637 4897 2788 4954 sunt,
2819 4889 3145 4943 ordinantur
3177 4903 3241 4942 ac
3279 4886 3561 4942 destinan-

1996 4970 2088 5040 tur
2117 4983 2283 5053 aliqui
2312 4980 2405 5048 qui
2424 4981 2575 5035 velut
2598 4996 2662 5034 ex
2693 4979 2961 5033 charitate
2992 4993 3055 5033 ac
3087 4978 3378 5033 dilectione
3406 4993 3583 5033 suam.

1998 5076 2191 5132 morbo
2239 5073 2515 5144 impeditis
2573 5070 2922 5127 commodent
2969 5086 3183 5135 vocem,
3215 5068 3381 5140 684
3417 5068 3579 5138 quod.

2005 5167 2226 5240 quidem
2276 5166 2389 5236 jam
2429 5165 2682 5220 usuvenit
2730 5163 2787 5218 in
2850 5162 3055 5216 Lazaro
3104 5169 3154 5215 et
3188 5160 3308 5228 ejus
3352 5176 3560 5216 sorore.

2006 5260 2299 5329 Sapienter
2336 5272 2465 5312 vero
2499 5263 2553 5311 et
2601 5261 2755 5310 recto
2795 5254 2989 5309 ordine
3039 5251 3248 5304 Martha
3282 5252 3434 5321 prius
3480 5268 3554 5307 se-

2002 5353 2172 5406 minat
2209 5346 2335 5403 fidei
2359 5345 2786 5409 confessionem,
2813 5352 2873 5397 ut
2900 5360 2965 5399 ex
3002 5359 3064 5397 ea
3102 5341 3336 5398 fructum
3374 5351 3562 5397 metat.

987 5692 1090 5747 τοῦ
1123 5688 1396 5758 Χριστοῦ.
1443 5687 1523 5743 Ex
1559 5698 1753 5745 catena
1790 5685 1903 5742 Vati

1987 5701 2066 5749 ua,
2105 5683 2196 5739 fol.
2242 5683 2340 5737 l25
2386 5684 2435 5749 b,
2479 5697 2565 5751 ap.
2606 5679 2706 5733 Mai
2736 5679 2771 5733 l.
2806 5680 2842 5734 Ι.
2871 5694 2992 5749 pag.
3025 5677 3141 5733 tas.
