4062 6208
423 327 490 385 ει
808 335 819 349 ¹
1226 338 1251 349 ⁸
1388 324 1447 380 S.
1489 325 1770 381 CYRILLI
1808 323 2285 381 ALEXANDRINI
2326 327 2649 384 ARCIIIEP.
3632 336 3705 391 52

496 444 588 514 XI,
616 446 710 502 28.
741 444 814 501 Et
857 444 968 501 lucc
1009 444 1189 500 locum
1240 445 1395 510 abiit,
1428 455 1478 500 et
1525 448 1725 502 vocavit
1774 444 2005 500 Mariam

2185 448 2296 501 Kal
2340 448 2526 502 ταῦτα
2554 451 2832 517 εἰποῦσα,
2867 452 3104 522 ἀπῆλθε
3134 454 3232 511 καί
3265 454 3544 524 ἐφώνησε
3584 457 3709 511 Ma-

424 554 658 594 sororem
697 554 873 604 suam,
904 546 1011 593 etc.

492 630 644 685 Abiit
687 630 756 685 ad
802 629 1112 684 voeandam
1143 644 1394 686 sororem
1437 645 1617 697 suam,
1651 638 1712 683 ut
1742 629 1794 684 ei
1841 643 2005 684 suum

424 723 480 776 in
513 736 573 776 re
606 731 927 792 exspectata
954 723 1218 794 gaudium
1245 738 1311 778 ac
1356 737 1512 792 spem
1539 720 2004 785 communicaret,

425 827 550 869 eum
593 814 688 882 qui
728 824 982 869 mortuus
1020 812 1222 878 fuerat,
1266 812 1570 868 redivivum
1610 828 1679 867 ex
1720 814 2008 881 insperato

423 903 1030 972 recepturaz.Audierat
1058 904 1228 967 enim,
1253 922 1271 956 ι
1301 902 1574 974 Resurget
1599 904 1767 957 frater
1799 916 1952 968 tuus,
1982 920 2002 953 ι

425 978 520 1049 sed
560 994 873 1051 Servatoris
913 997 1211 1052 adventum
1238 996 1418 1051 sorori
1448 1012 1563 1051 sure
1596 996 1738 1050 clam
1777 995 2006 1050 nuntia-

423 1087 682 1157 vit,*quia
722 1104 846 1143 cum
869 1104 931 1143 ea
964 1100 1121 1144 erant
1151 1089 1468 1145 Judzeorum
1490 1088 1741 1142 nonnulli
1780 1087 2007 1142 Christo

425 1176 822 1232 miraculorum
876 1177 1072 1233 factori
1120 1179 1454 1236 invidentes.
1504 1178 1615 1234 Nec
1656 1179 2007 1233 inveniemus

426 1284 659 1337 usquam
693 1269 747 1324 in
777 1268 1086 1340 Evangeliis
1110 1271 1401 1326 Christum
1427 1272 1658 1336 dixisse,
1698 1268 1843 1323 Voca
1871 1269 2006 1323 mihi

425 1374 677 1413 sororem
713 1371 861 1414 tuam
894 1378 906 1413 :
938 1359 1034 1415 sed
1068 1356 1307 1425 Martha,
1348 1358 1738 1413 necessitatem
1776 1357 2007 1411 inexcu-

422 1452 653 1507 sabilem
686 1456 764 1508 rei
790 1460 846 1506 et
876 1452 1123 1507 debitum
1165 1452 1437 1505 adventus
1471 1462 1672 1503 munus
1714 1463 1817 1517 pro
1870 1462 2006 1502 voce

421 1553 476 1600 ct
503 1545 665 1614 jussu
695 1546 1004 1616 accipiens,
1035 1545 1143 1599 hoc
1185 1544 1285 1598 ait.
1320 1542 1417 1597 Illa
1448 1556 1576 1597 vero
1609 1540 1873 1595 alacriter
1910 1556 2006 1595 cu‘

422 1635 600 1689 currit
621 1635 689 1689 ad
720 1650 874 1701 eum,
896 1644 952 1689 et
984 1635 1039 1689 in
1080 1649 1382 1689 occursum
1407 1632 1673 1703 perrexit.
1716 1630 2005 1698 Quomodo

422 1730 568 1784 enim
617 1730 722 1784 hoc
746 1743 857 1783 non
889 1728 1135 1791 fecisset,
1177 1742 1299 1797 quae
1332 1734 1621 1796 tantopere
1651 1726 1719 1781 de
1751 1725 2004 1781 absentia

423 1821 543 1891 ejus
570 1820 843 1886 doluerat,
889 1837 1123 1892 qumque
1165 1829 1456 1890 tantopere
1491 1820 1700 1890 pietate
1729 1824 1784 1874 et
1815 1818 2007 1873 chari-
2042 1800 2082 1853 Β

425 1923 535 1970 tate
564 1914 620 1969 in
655 1928 899 1969 amorem
930 1913 1053 1983 ejus
1082 1910 1404 1967 exarserat?
1482 1961 1494 1972 ,

492 2183 589 2250 XI,
617 2184 709 2240 51.
736 2182 917 2239 Juda'i
945 2198 1066 2254 ergo
1107 2182 1198 2253 qui
1231 2190 1385 2236 erant
1423 2195 1540 2234 cum
1569 2194 1630 2234 ea
1672 2179 1843 2233 secuti
1884 2188 2006 2232 sum

422 2291 561 2331 eam.

493 2364 671 2421 Judrei
707 2382 840 2439 ergo
864 2368 1112 2439 quicum
1144 2367 1239 2421 illa
1281 2371 1459 2430 erant,
1493 2365 1599 2419 rati
1638 2378 1757 2419 eam
1792 2362 1848 2416 in
1887 2376 2005 2416 mo-

424 2468 751 2516 numentum
805 2476 926 2517 sese
967 2461 1309 2531 proripuisse
1366 2467 1423 2513 ut
1470 2473 1530 2513 se
1572 2456 1890 2519 dilaniaret,
1918 2469 2004 2509 sc-

421 2559 672 2621 quuntur
716 2565 863 2618 eam,
893 2550 960 2605 ad
1007 2551 1061 2605 id
1117 2559 1256 2604 nutu
1293 2550 1482 2604 divino
1515 2547 1765 2617 impulsi,
1811 2553 1874 2600 ut
1918 2547 2004 2599 vel

419 2645 588 2699 inviti
634 2644 702 2700 ad
750 2643 1048 2699 videndum
1093 2639 1853 2699 miraculumconvenirent.
1884 2635 2003 2691 Nisi

421 2739 570 2794 enim
625 2738 733 2791 hoc
782 2751 851 2792 ex
885 2736 1239 2791 ordinatione
1276 2735 1369 2790 Dei
1407 2734 1611 2788 factum
1657 2739 1827 2797 esset,
1862 2747 2003 2785 nun-

422 2843 587 2900 quam
628 2827 749 2898 ejus
792 2828 1131 2883 mentionem
1164 2826 1394 2883 fecisset
1437 2825 1798 2897 evangelista,
1826 2840 2003 2894 neque

424 2910 848 2977 concurrentes
886 2922 942 2974 in
1021 2919 1456 2990 unumquodque
1525 2934 1727 2974 causas
1793 2919 2002 2988 scripto

426 3015 767 3080 mandasset,
795 3014 904 3069 nisi
930 3014 1134 3084 ubique
1161 3013 1399 3068 maxime
1419 3012 1635 3068 veritati
1667 3012 1996 3068 studuisset.

2109 541 2252 608 ρίαν
2277 540 2392 609 τὴν
2416 540 2693 609 ἀδελφὴν
2713 543 2903 612 αὐτῆς
2921 589 2936 610 ,
2965 548 3060 599 καὶ
3088 547 3157 601 τά
3179 547 3327 616 ἑξῆς.

2184 633 2429 703 Ἀπῆλθε
2478 634 2784 690 καλέσουσα
2816 637 2915 707 τὴν
2962 628 3198 710 ἀδελφὴν
3246 639 3421 710 αὐτῆς
3460 639 3597 708 πρὸς
3645 639 3706 693 τὸ

2111 724 2207 779 καί
2250 724 2419 797 αὐτὴν
2480 728 2810 798 κοινωνῆσαι
2864 729 2964 799 τῆς
3010 731 3102 782 ἐπὶ
3146 730 3226 801 τῷ
3268 731 3705 803 προσδοκωμένῳ

2109 817 2398 887 πράγματι
2453 817 2757 889 εὐθυμίας,
2822 821 3347 894 συναποληψομένην
3395 822 3703 876 ἀναστάντα

2109 913 2238 982 παρ’
2268 910 2459 964 ἐλπίδα
2485 913 2668 965 πᾶσαν
2681 912 2773 966 τὸν
2800 913 3119 984 τεθνηκότα.
3142 910 3252 969 Ἦν
3271 915 3379 987 γάρ
3398 914 3699 969 ἀκούσασα·

2115 1023 2133 1056 ι
2175 1006 2570 1075 ’Δναστήσεται
2615 1008 2643 1059 ὁ
2690 1006 2919 1075 ἀδελφός
2949 1025 3043 1060 σου
3068 1025 3081 1039 ι
3111 1026 3130 1059 ι
3185 1006 3361 1079 λάθρα
3389 1007 3447 1060 δὲ
3475 1007 3576 1076 τὴν
3606 1007 3699 1061 τοῦ

2110 1097 2364 1167 Σωτῆρος
2401 1098 2701 1170 παρουσίαν
2730 1102 2795 1169 τῇ
2849 1099 3052 1171 ἀδελφῇ
3079 1100 3247 1170 αὐτῆς
3282 1098 3697 1169 εὐηγγελίσατο.

2110 1189 2198 1243 διὰ
2246 1190 2306 1242 τὸ
2366 1189 2848 1261 παρακαθέζεσθαι
2902 1190 3010 1245 τῶν
3074 1192 3345 1246 Ἰουδαίων
3393 1192 3544 1251 τινάς
3592 1191 3701 1245 τῶν

2111 1282 2453 1352 φθονούντων
2506 1280 3016 1353 θαυματουργοῦντι
3058 1282 3137 1352 τῷ
3167 1280 3407 1352 Χριστῷ.
3463 1281 3572 1333 Καὶ
3604 1281 3699 1350 ούχ

2110 1374 2416 1443 εὑρήσομεν
2461 1374 2519 1425 ὲν
2558 1374 2669 1436 τοῖς
2707 1372 3062 1440 Εὐαγγελίοις
3105 1373 3188 1426 ὅτι
3225 1370 3511 1442 ὁΧριστὺς
3550 1366 3695 1423 εἷπε·
3782 1412 3791 1421 .

2109 1464 2279 1519 Κάλει
2330 1480 2419 1533 μοι
2449 1463 2547 1532 τὴν
2576 1463 2814 1535 ἀδελφήν
2849 1481 2943 1517 σου
2963 1482 2977 1496 ·
3031 1462 3144 1516 ἀλλ’
3182 1463 3214 1532 ή
3247 1462 3448 1532 Μάρθα
3475 1460 3571 1532 τὴν
3604 1462 3695 1514 τοῦ

2110 1555 2437 1625 πράγματος
2494 1553 2870 1624 ἀπαραίτητον
2921 1553 3112 1625 χρείαν
3156 1553 3251 1606 καὶ
3305 1552 3366 1605 τὸ
3409 1551 3509 1620 τῆς
3557 1568 3697 1621 παρ·

2085 1647 2293 1725 ,ουσίας
2338 1645 2812 1717 χρεωστούμενον,
2860 1646 2982 1699 ἀντὶ
3029 1645 3331 1707 κελεύσεως
3377 1643 3473 1697 καὶ
3511 1644 3696 1713 φωνῆς

2108 1736 2376 1809 δεξαμένη
2398 1777 2413 1801 ,
2450 1736 2610 1790 τοῦτό
2639 1754 2826 1808 φησιν.
2889 1737 2955 1791 Ἦ
2977 1737 3035 1791 δὲ
3064 1737 3296 1806 ἑτοίμως
3322 1735 3523 1806 έδραμε
3558 1734 3697 1804 πρὸς

2112 1829 2306 1895 αὑτὸν,
2352 1830 2446 1882 καὶ
2498 1831 2742 1901 ὑπαντᾷν
2789 1829 2984 1883 ἐθέλει.
3046 1828 3170 1891 Πῶς
3202 1828 3313 1899 γὰρ
3357 1827 3457 1880 οὐκ
3498 1824 3691 1895 ἔμελλε

2111 1925 2270 1977 τοῦτο
2306 1926 2481 1977 ποιεῖν
2519 1925 2553 1994 ἡ
2598 1924 2807 1995 σφόδρα
2846 1922 3160 1993 λυπουμένη
3217 1922 3309 1975 ἐπὶ
3342 1923 3407 1991 τῆ
3458 1918 3697 1989 ἀπουσίᾳ

2110 2015 2298 2080 αὐτοῦ,
2328 2017 2423 2069 καὶ
2447 2016 2648 2086 θερμὸν
2670 2015 2870 2086 ἔχουσα
2902 2016 3158 2087 φρόνημα
3187 2015 3269 2077 είς
3291 2013 3573 2067 εὐσέϐειαν
3601 2010 3696 2064 καὶ

2109 2111 2331 2179 ἀγάπην
2362 2111 2442 2172 εἰς
2478 2109 2641 2163 αὑτὸν
2672 2109 2874 2179 πολλὴν
2901 2125 2914 2173 ;

2185 2205 2250 2255 Ol
2279 2201 2393 2255 οὗν
2431 2201 2699 2256 Ἰουδαῖοι
2739 2204 2793 2256 οί
2823 2202 2993 2268 ὄντες
3012 2201 3141 2271 μετ’
3174 2199 3394 2269 αὐτῆς,
3430 2198 3691 2268 ἠκολού-

2109 2300 2308 2362 θησαν
2341 2291 2519 2361 αὐτῇ.

2179 2389 2240 2439 Οἱ
2268 2381 2361 2439 οῦν
2395 2385 2644 2459 συνόντες
2683 2384 2922 2438 Ἰουδαῖοι
2944 2425 2959 2447 ,
2989 2384 3267 2455 οἰηθέντες
3294 2382 3466 2454 αὐτὴν
3495 2388 3691 2454 δεδρα-

2109 2477 2343 2548 μηκέναι
2389 2479 2481 2531 ἐπὶ
2521 2476 2581 2529 τὸ
2614 2478 2877 2546 μνημεῖον
2911 2476 3045 2548 πρὸς
3064 2477 3125 2530 τὸ
3155 2474 3354 2546 ἑαυτὴν
3390 2473 3690 2545 σπαράξαι,

2108 2568 2594 2624 συνακολουθοῦσιν
2640 2570 2799 2641 αὐτῇ,
2826 2568 3056 2639 νεύματι
3085 2567 3221 2621 Θεοῦ
3265 2566 3424 2620 τοῦτο
3473 2565 3692 2620 ποιοῦν-

2104 2679 2225 2725 τες,
2273 2662 2359 2715 ἵνα
2391 2662 2718 2716 συνέλθωσιν
2760 2661 2855 2715 ἐπὶ
2897 2660 2974 2731 τῷ
3007 2659 3069 2713 τὸ
3107 2659 3295 2730 θαῦμα
3330 2659 3458 2711 ἰδεῖν
3484 2657 3578 2711 καὶ
3614 2656 3691 2729 μὴ

2106 2753 2441 2824 βουλόμενοι.
2489 2754 2552 2806 ΕΞ
2584 2753 2693 2823 γάρ
2730 2751 2804 2823 μὴ
2834 2750 3119 2823 οἰκονομία
3148 2750 3284 2804 Θεοῦ
3317 2748 3477 2803 τοῦτο
3510 2746 3690 2817 ἐγεγό-

2102 2864 2211 2911 νει,
2255 2847 2355 2899 οὐκ
2384 2845 2449 2899 ἀν
2486 2845 2764 2916 ἐμέμνητο
2805 2843 2969 2897 αὐτοῦ
3013 2848 3042 2899 ὁ
3078 2843 3507 2913 εύαγγελιστὴς,
3561 2839 3688 2894 οὗτε

2101 2939 2199 3002 τάς
2229 2939 2311 3006 ἐφ’
2344 2938 2559 3008 ἑκάστῳ
2594 2936 3003 3007 συμϐαινούσας
3032 2935 3212 3000 αίτίας
3244 2934 3614 3005 ἀπεγράφετο,
3641 2933 3689 2985 εί

2105 3029 2179 3101 μὴ
2207 3028 2479 3099 πανταχοῦ
2505 3028 2603 3098 τῆς
2622 3026 2878 3097 ἀληθείας
2906 3028 3262 3079 ἀντεποιεῖτο.
3286 3020 3453 3077 Εἶπεν
3478 3017 3570 3077 οῦν
3592 3021 3690 3091 τὴν

425 3101 553 3160 Ideo
581 3104 723 3159 dixit
752 3118 979 3159 causam
1015 3118 1114 3158 cur
1145 3104 1304 3158 multi
1350 3102 1416 3157 ad
1455 3109 1870 3157 monumentum
1909 3116 1999 3155 ac-r

2109 3122 2283 3177 αίτίαν
2330 3121 2396 3173 δι’
2443 3120 2511 3191 ἦν
2564 3119 2748 3173 πολλοὶ
2791 3120 2870 3183 είς
2913 3119 2972 3172 τὸ
3027 3119 3290 3189 μνημεῖον
3327 3115 3595 3187 ἔδραμον,
3639 3111 3691 3165 οἳ

426 3206 738 3263 currerent,
784 3197 879 3267 qui
930 3196 1136 3265 reperti
1172 3201 1303 3250 sunt
1349 3204 1403 3249 et
1464 3193 1692 3250 fuerunt
1747 3192 1999 3248 miraculi

427 3293 790 3355 spectatores,
823 3284 1061 3353 aliisque
1094 3284 1511 3339 renuntiarunt.

494 3374 589 3439 XI,
622 3376 710 3431 52.
762 3375 945 3430 Maria
972 3392 1096 3446 ergo
1129 3392 1249 3429 cum
1292 3377 1514 3431 venisse:
1545 3375 1634 3429 ubi
1658 3383 1775 3429 erat
1817 3371 2000 3440 Iesus,

426 3469 615 3523 cecidit
645 3469 714 3523 ad
743 3469 897 3537 pedes
922 3469 1060 3538 ejus,
1088 3480 1196 3523 etc.

498 3559 669 3629 Igitur
698 3558 872 3616 Maria
901 3566 1290 3628 prmmaturam
1318 3566 1549 3614 mortem
1582 3558 1770 3613 fratris
1800 3557 1884 3612 sui
1915 3571 2005 3612 ac-

427 3647 635 3704 eidisse
675 3649 751 3703 ait
793 3650 863 3704 oh
893 3647 1111 3702 Domini
1142 3648 1472 3711 absentiam,
1500 3657 1553 3702 et
1578 3646 2004 3708 tuneadvenire

427 3754 656 3811 peregre
688 3740 911 3795 domum
950 3755 1128 3804 suam,
1162 3754 1290 3794 cum
1326 3754 1489 3794 omne
1528 3748 1742 3808 tempus
1770 3738 2001 3793 curandi

427 3832 786 3902 praeteriisset
820 3850 833 3886 :
873 3841 1040 3901 atque
1101 3846 1165 3886 ex
1234 3844 1302 3885 eo
1368 3829 1747 3899 conjecturam
1803 3844 2004 3899 capere

425 3923 575 3990 licet,
611 3925 762 3994 quod
798 3933 1058 3994 tanquam
1095 3921 1207 3977 Deo
1238 3922 1343 3992 ipsi
1374 3921 1477 3976 hoc
1513 3921 1753 3986 dicebat,
1779 3923 2001 3977 tametsi

426 4032 538 4070 non
572 4022 828 4071 accurate
874 4016 1060 4068 locuta
1107 4021 1213 4079 est,
1248 4024 1367 4068 rata
1416 4028 1527 4068 non
1556 4011 1722 4084 685
1757 4012 2002 4070 adfuisse

428 4111 609 4178 ipsum
666 4107 813 4178 quod
871 4107 1088 4162 abesset
1134 4121 1385 4177 corpore.
1439 4104 1546 4161 Sed
1596 4113 1781 4162 tamen
1829 4109 2003 4163 multo

425 4201 659 4272 peritior
687 4211 738 4255 et
776 4200 1172 4271 intelligentior
1203 4199 1439 4265 Martha,
1465 4214 1577 4254 non
1608 4198 1766 4264 dixit,
1798 4219 1816 4251 ι
1850 4199 2003 4265 Qua:-

425 4309 645 4365 cunque
692 4308 888 4364 posces
933 4292 1125 4357 Deum,
1173 4292 1327 4346 dabit
1372 4292 1467 4347 tibi
1513 4291 1679 4347 Deus.
1716 4312 1734 4345 ι
1771 4293 1899 4347 Ideo
1933 4289 2025 4347 ad'

427 4388 570 4442 hanc
603 4387 741 4440 nihil
776 4386 1078 4453 respondet
1120 4384 1408 4447 Dominus,
1445 4384 1511 4437 ad
1562 4384 1836 4438 Martham
1869 4399 2002 4439 vero

2108 3212 2413 3283 εὑρέθησάν
2464 3229 2522 3264 τε
2565 3212 2660 3264 καί
2695 3211 2952 3279 γεγόνασι
3000 3209 3191 3263 θεαταὶ
3240 3206 3333 3260 τοῦ
3388 3205 3693 3274 θαύματος,

2109 3302 2203 3357 καὶ
2232 3302 2412 3365 ἄλλοις
2431 3300 2790 3374 ἀπήγγειλαν.

2191 3396 2262 3453 Ἡ
2302 3392 2417 3451 οὖν
2445 3395 2644 3463 Μαρία
2680 3395 2761 3459 ὡς
2796 3390 2984 3463 ἦλθεν
3029 3390 3183 3443 ὅπου
3230 3384 3310 3458 ἦν
3350 3390 3383 3441 ό
3432 3384 3721 3453 ’1ησοῦς,·

2108 3486 2292 3539 ἔπεσε
2327 3482 2476 3552 πρὸς
2500 3483 2643 3548 τοὺς
2671 3480 2863 3545 πόδας
2887 3476 3096 3542 αὑτοῦ,
3125 3476 3308 3530 καὶτὰ
3346 3474 3493 3543 ἑξῆς.

2191 3576 2256 3629 Ἠ
2290 3574 2470 3646 μέντοι
2501 3573 2718 3644 Μαρία,
2752 3570 3001 3641 πρὸωρον
3047 3566 3377 3638 γεγενῆσθαι
3424 3565 3571 3633 λέγει
3596 3564 3687 3618 τὸν

2110 3664 2336 3718 θάνατον
2372 3662 2451 3733 τῷ
2482 3660 2695 3731 ἀδελφῷ
2723 3658 2811 3713 διὰ
2841 3659 2902 3712 τὸ
2929 3660 3150 3712 ἀπεῖναι
3180 3659 3271 3711 τὸν
3298 3658 3503 3727 Κύριον
3526 3671 3542 3689 ·
3593 3655 3689 3708 καὶ

2108 3758 2228 3810 τότε
2261 3757 2426 3827 φησιν
2449 3753 2907 3824 ἐπιδεδημηκέναι
2932 3750 3095 3805 αὐτὸν
3120 3748 3200 3818 τῷ
3226 3748 3360 3819 οἴκῳ
3379 3788 3393 3813 ,
3416 3749 3503 3800 ὅτε
3531 3748 3559 3800 ὁ
3590 3747 3686 3816 τῆς

2110 3846 2405 3919 θεραπείας
2438 3844 2758 3916 παρέδραμε
2797 3842 2990 3913 καιρός
3015 3857 3029 3871 ο
3089 3839 3183 3895 καὶ
3223 3838 3337 3893 ἐστι
3371 3836 3467 3908 μὲν
3498 3836 3592 3890 καὶ
3623 3836 3687 3890 ὲκ

2107 3940 2297 3995 τούτου
2329 3937 2732 4010 στοχάσασθαι,
2766 3937 2850 3991 ὅτι
2889 3936 2965 3999 ὡς
2992 3932 3111 4003 Θεῷ
3143 3930 3294 4001 αὐτῷ
3323 3929 3474 3997 ἔλεγε
3506 3927 3689 3993 τοῦτο,

2109 4033 2157 4085 εἰ
2191 4031 2286 4085 καὶ
2308 4031 2407 4083 οὐκ
2434 4027 2679 4099 ἀκριϐῶς
2704 4022 3027 4095 λελάληκεν,
3071 4020 3293 4090 οἰομένη
3329 4019 3405 4089 μὴ
3432 4018 3686 4089 παρεῖναι

2109 4123 2273 4177 αὐτὸν
2300 4123 2347 4175 εί
2381 4120 2473 4175 καὶ
2504 4118 2651 4188 ἀπῆν
2681 4116 2760 4187 τῷ
2785 4114 3016 4184 σώματι.
3065 4110 3457 4182 Ἀκριὸεστέρα
3477 4109 3533 4162 δὲ
3552 4103 3687 4165 οὖσα

2108 4215 2203 4267 καὶ
2235 4209 2576 4280 συνετωτέρα
2603 4208 2706 4277 τῆς
2736 4203 2964 4275 Μάρθας
2984 4243 2999 4268 ,
3047 4201 3149 4255 οὐκ
3174 4196 3352 4255 εἶπεν·
3394 4219 3411 4251 ι
3454 4200 3591 4252 Ὅσα
3619 4195 3686 4251 ἂν

2108 4305 2307 4377 αἰτήσῃ
2324 4302 2414 4355 τὸν
2435 4299 2587 4364 Θεὸν,
2619 4296 2779 4351 δώσει
2806 4313 2889 4350 σοι
2917 4297 2946 4349 ὁ
2973 4294 3122 4357 θεός.
3154 4313 3173 4344 ι
3203 4292 3294 4345 Διὸ
3323 4290 3457 4362 πρὸς
3483 4288 3687 4357 ταύτην

2106 4395 2259 4449 οὐδὲν
2305 4392 2455 4445 λαλεῖ
2495 4391 2523 4442 ὁ
2553 4388 2777 4460 Κύριος,
2808 4385 2946 4458 πρὸς
2978 4385 3034 4438 δὲ
3076 4385 3175 4455 τὴν
3195 4382 3426 4453 Μάρθαν
3477 4379 3686 4452 μακρὸν

425 4478 702 4547 prolixum
756 4478 949 4531 habuit
998 4490 1332 4530 sermonem.
1384 4472 1493 4527 Sed
1544 4476 1689 4529 enim
1742 4476 1993 4531 obrutam

2109 4486 2331 4539 διέτεινε
2371 4481 2669 4553 τὸνλόγον.
2729 4480 2806 4548 Τῇ
2846 4477 2992 4550 λύπῃ
3028 4476 3212 4546 μέντοι
3258 4472 3559 4543 μεθύουσαν
3585 4470 3685 4539 τὴν

428 4569 618 4624 dolore
667 4567 896 4621 Mariam
956 4582 1068 4620 non
1113 4565 1413 4632 redarguit,
1454 4565 1502 4619 ei
1540 4566 1633 4633 qui
1688 4573 2000 4622 creaturam

426 4676 644 4717 omnem
677 4660 862 4730 implet
893 4660 998 4714 hoc
1020 4659 1310 4720 locutam,¢
1340 4655 1394 4712 Si
1419 4655 1620 4713 fuisses
1640 4657 1752 4727 hic,
1776 4678 1794 4711 ι
1817 4675 2002 4715 exem-

427 4756 577 4825 plum
606 4752 765 4806 nobis
796 4753 1044 4823 prazbens
1081 4766 1192 4805 non
1218 4751 1584 4820 redarguendi
1611 4767 1708 4808 eos
1742 4754 1835 4824 qui
1871 4763 2001 4808 sunt

425 4846 481 4899 in
528 4844 734 4898 recenti
766 4843 1192 4913 vehementique
1245 4843 1418 4911 luctu.
1470 4841 1771 4913 Propterea
1822 4861 2002 4916 neque

426 4933 765 5003 colloquitur
819 4946 942 4985 cum
993 4946 1078 4996 ea,
1114 4946 1291 5001 neque
1347 4930 1486 4985 dicit
1529 4947 1593 4986 ea
1649 4948 1771 5003 quae
1822 4934 2002 4988 sorori

426 5026 546 5095 rius
577 5024 734 5090 dixit,
783 5023 1042 5094 quoniam
1095 5023 1280 5078 aderat
1322 5038 1519 5093 magna
1551 5025 1865 5089 multitudo,
1901 5041 2005 5079 nec

426 5119 619 5171 talium
669 5116 965 5171 verborum
1022 5123 1240 5185 tempus
1300 5125 1470 5170 erat:
1525 5116 1830 5184 acquiescit
1876 5132 2005 5171 vero

426 5211 603 5279 magis
633 5217 685 5264 et
715 5210 1040 5274 assentitur,
1071 5209 1368 5263 humanam
1406 5217 1660 5263 naturam
1688 5209 2001 5274 declarans,

425 5311 481 5355 et
534 5303 873 5371 lacrymatur
917 5308 971 5356 et
1007 5300 1367 5356 confunditur
1398 5299 1591 5356 videns
1638 5316 1759 5356 eam
1812 5300 2003 5373 lugen-

424 5402 562 5454 tem,
598 5402 654 5448 et
688 5392 913 5450 Iudaeos
939 5394 1033 5465 qui
1066 5400 1443 5449 convenerant
1477 5392 1908 5463 illacrymantes.

505 5484 593 5551 XI,
630 5486 717 5541 53.
761 5485 1047 5556 Infremuit
1094 5485 1299 5553 Spiritu
1350 5493 1400 5538 et
1472 5483 1697 5537 turbavit
1743 5484 1993 5552 seipsum.

497 5579 767 5645 Quoniam
805 5595 917 5634 non
950 5578 1128 5633 solum
1174 5576 1321 5633 Deus
1367 5576 1669 5632 secundum
1718 5587 1995 5645 naturam,

431 5670 523 5723 sed
558 5677 611 5723 et
635 5668 797 5723 homo
820 5676 940 5723 erat
963 5667 1245 5731 Christus,
1280 5681 1428 5722 nunc
1454 5667 1659 5737 aliquid
1689 5667 1992 5722 humanum

431 5756 656 5830 patitur.
688 5755 826 5814 Cum
871 5756 1018 5813 enim
1046 5756 1204 5813 dolor
1233 5756 1289 5811 in
1333 5771 1399 5812 eo
1432 5760 1659 5815 excitari
1706 5760 1992 5831 inciperet,

2108 4576 2328 4647 Μαρίαν
2355 4573 2453 4625 ούκ
2486 4572 2724 4641 ἐλέγχει,
2752 4571 3014 4622 εἰποῦσαν
3037 4568 3125 4632 τὸ,
3165 4584 3184 4618 ι
3208 4567 3269 4618 Εἰ
3295 4562 3361 4636 ἧς
3390 4558 3493 4617 ὧδε
3512 4601 3527 4625 ,
3558 4582 3578 4614 ι
3607 4562 3684 4632 τῷ

2108 4664 2404 4738 πληροῦντι
2432 4662 2531 4735 τὴν
2556 4664 2773 4718 ἃπασαν
2802 4662 2978 4715 κτίσιν
2996 4676 3011 4691 ο
3053 4658 3190 4730 πρὸς
3223 4658 3369 4727 ἡμᾶς
3396 4657 3684 4726 ὑπογραμ-

2110 4759 2209 4831 μδν
2238 4758 2332 4812 καὶ
2356 4756 2516 4811 τοῦτο
2549 4754 2737 4818 ποιῶν,
2772 4753 2857 4806 ἵνα
2890 4751 2965 4822 μὴ
2990 4750 3118 4813 τοὺς
3147 4750 3207 4802 ἐν
3238 4749 3389 4818 ἀκμῇ
3422 4745 3531 4799 τῶν
3553 4745 3685 4816 θρή-

2108 4866 2213 4904 νων
2273 4848 2433 4910 δντας
2489 4846 2823 4918 ἐλέγχωμεν.
2870 4842 2971 4895 Διά
3014 4841 3185 4894 τοῦτο·
3211 4840 3331 4893 οὐδὲ
3377 4838 3684 4907 διαλέγεται

2105 4941 2275 5012 αὐτῇ,
2304 4939 2425 4993 οὐδὲ
2469 4937 2618 5005 λέγει
2658 4931 2725 4988 τά
2752 4931 2921 4997 αὐτὰ,
2966 4931 3001 4985 ἃ
3032 4934 3124 4985 καὶ
3157 4931 3294 5002 πρὸς
3322 4929 3421 5001 τὴν
3451 4926 3684 4999 ἀδελφηὴν

2106 5030 2280 5100 αὐτῆς
2308 5027 2461 5092 εἷπε,
2491 5028 2578 5081 διὰ
2607 5026 2667 5080 τὸ
2699 5027 2951 5095 παρεῖναι
2998 5024 3164 5078 πολὺν
3219 5024 3406 5095 ὀχλον,
3461 5023 3554 5076 καὶ
3608 5020 3684 5093 μὴ
3730 5058 3741 5067 .

2109 5119 2249 5177 εἶναι
2277 5120 2471 5191 καιρὸν
2505 5119 2615 5173 τῶν
2649 5116 2907 5170 τοιούτων
2950 5117 3234 5188 ῥημάτων·
3260 5113 3685 5186 συγκαταϐαίνει

2108 5216 2164 5268 δὲ
2200 5213 2396 5285 μᾶλλον
2416 5251 2431 5274 ,
2464 5211 2565 5283 τὴν
2606 5209 2977 5282 ἀνθρωπίνηνι
3003 5211 3161 5279 φύσιν
3199 5208 3554 5281 ἀπογυμνῶν,
3588 5208 3685 5261 δα-

2109 5306 2265 5377 κρύει
2282 5305 2337 5358 δὲ
2358 5304 2451 5358 καὶ¹
2473 5320 2536 5357 συ
2546 5305 2775 5373 γχεῖται,
2796 5302 2917 5357 ἰδὼν
2938 5304 3107 5374 αὐτὴν
3129 5302 3421 5357 κλαίουσαν
3440 5302 3537 5356 καὶ
3559 5301 3684 5364 τοὺς

2109 5396 2461 5467 συνελθόντας
2488 5396 2624 5467 αὐτῇ
2672 5396 2960 5460 Ἰουδαίους
2986 5397 3292 5459 κλαίοντας.

2189 5486 2647 5557 Ἐνεὸριμήσατο
2707 5486 2786 5553 τῷ
2854 5488 3150 5557 Πνεύματι
3226 5486 3324 5541 καὶ
3391 5484 3684 5556 ἐτάραξεν

2102 5580 2342 5633 ἑαυτόν.

2187 5670 2407 5741 Ἐπειδὴ
2463 5670 2519 5725 δὲ
2569 5672 2630 5726 οὐ
2675 5674 2834 5745 μόνον
2885 5670 3017 5735 Θεδς
3054 5669 3196 5724 κατά
3221 5670 3401 5740 φύσιν,
3420 5669 3558 5723 ἀλλά
3585 5668 3682 5722 καὶ

2103 5761 2387 5835 ἄνθρωπος
2414 5760 2481 5836 ἦν
2512 5767 2539 5819 ὁ
2571 5765 2805 5836 Χριστὸς
2825 5809 2838 5832 ,
2885 5764 3082 5834 πάσχει
3115 5762 3207 5817 καὶ
3240 5762 3335 5817 νῦν
3362 5761 3423 5815 τὸ
3465 5761 3677 5831 ἀνθρὼ-
