4062 6208
319 292 388 348 53
1186 290 1251 345 IN
1282 289 1626 347 JOANNEM.
1657 323 1727 334 —-
1759 289 1888 347 LIB.
1932 288 2027 345 VII
2065 287 2152 343 ET
2185 288 2303 344 VIII
2328 285 2762 343 FRAGMENTA
3525 294 3595 350 55

312 418 491 457 πινον.
552 401 887 473 Ἀρχομένης
920 401 978 454 δέ
1030 415 1147 463 πως
1190 401 1248 455 ἐν
1294 400 1443 471 αὐτῷ
1488 401 1757 455 κινεῖσθαι
1810 400 1900 470 τῆς

2011 406 2205 453 sancta
2283 414 2451 453 carne
2521 398 2635 467 jam
2690 409 2947 469 vergente
3012 399 3079 453 ad
3141 402 3438 473 lacrytuas,
3481 420 3588 462 non

310 493 511 562 λύπης,
543 493 638 546 καὶ
668 492 932 562 νευούσης
960 490 1059 563 ήδη
1086 489 1223 563 πρὸς
1254 492 1315 545 τὸ
1339 490 1577 563 δάκρυον
1609 491 1712 561 τῆς
1739 490 1906 559 ἁγίας

310 583 555 655 σαρκὸς,
610 583 711 636 οὐκ
756 582 974 654 ἐφίησιν
1002 582 1177 652 αὐτὴν
1216 581 1376 637 τοῦτο
1414 582 1608 637 παθεῖν
1639 582 1903 649 ἐκλύτως,

310 675 565 746 καθάπερ
594 672 715 737 ἔθος
739 674 873 744 ἡμῖν
891 691 904 706 ·
937 690 956 724 ι
998 672 1369 744 Ἑμδριμᾶται
1390 673 1447 727 δὲ
1472 671 1549 743 τῷ
1566 673 1864 743 Πνεῦματι·
1880 691 1899 724 ι

310 765 458 819 τοῦτ’
485 763 627 831 ἐστι,
661 765 731 835 τῇ
759 763 988 833 δυνάμει
1005 762 1098 816 τοῦ
1126 763 1281 831 ἁγίου
1300 762 1624 834 ’Πνεύματος
1640 762 1906 833 ἐπιπλήτ-

309 871 394 907 τει
422 854 626 923 τρόπον
654 853 781 907 τινὰ
811 857 880 925 τῇ
916 852 1025 924 ίδίᾳ
1058 852 1223 923 σαρκί
1248 868 1260 881 ·
1296 854 1329 925 ή
1353 851 1431 917 δὲ,
1461 853 1520 906 τὸ
1547 853 1648 924 τῆς
1680 851 1903 906 ἐνωθεί-

311 964 411 1017 σης
443 947 582 1017 αὐτῇ
614 946 871 1015 θεότητος
902 946 1003 998 οὐκ
1039 942 1339 1013 ἐνεγκοῦσα
1359 944 1588 1016 κίνημα,
1618 944 1811 1017 τρέμει
1844 961 1904 997 τε

308 1040 405 1092 γαὶ
432 1037 669 1109 θορύὸου
686 1038 984 1095 πλάττεται
1013 1037 1200 1107 σχῆμα
1228 1037 1323 1090 καὶ
1348 1037 1640 1106 συγχέεται
1667 1053 1680 1067 ο
1705 1035 1905 1101 πένθος

307 1127 419 1199 γάρ
446 1122 585 1179 οἶδεν
619 1126 1022 1198 ἀναρριπίζειν.
1069 1125 1242 1180 Τοῦτο
1274 1127 1384 1197 γὰρ
1408 1122 1564 1198 οἶμαι
1613 1128 1903 1199 σημαίνειν

212 1204 235 1219 ’
304 1218 401 1278 τὸ.
441 1235 461 1271 t
504 1218 802 1291 Ἐτάραξεν
830 1215 1045 1272 ἑαυτόν.
1088 1236 1109 1269 ι
1136 1219 1263 1282 Πῶς
1296 1219 1406 1290 γὰρ
1431 1219 1499 1274 ἂν
1534 1220 1740 1291 ἑτέρως
1769 1221 1949 1289 ὑπο-μ

309 1306 473 1377 μείνῃ
504 1306 733 1377 θόρυϐον
758 1326 773 1373 ;
800 1307 1221 1379 Ταραχθήσεταί
1243 1325 1307 1378 γε
1341 1309 1449 1381 μὴν
1476 1311 1617 1364 κατὰ
1640 1311 1761 1365 τίνα
1777 1312 1903 1383 τρό-

308 1412 410 1448 πον
434 1397 469 1467 ἡ
501 1396 770 1461 ἀθόλωτος
798 1399 883 1451 ἀεὶ
914 1400 1011 1452 καὶ
1039 1399 1357 1471 γαληνιῶσα
1387 1402 1585 1471 φύσις;
1612 1404 1904 1474 Ἐπιτιμᾶ-

308 1505 402 1541 ται
425 1487 603 1542 τοίνυν
634 1491 670 1561 ἡ
702 1490 843 1561 σὰρξ
867 1490 955 1545 διὰ
977 1492 1071 1545 τοῦ
1102 1492 1442 1564 Πνεύματος,
1472 1494 1543 1548 τά
1567 1496 1707 1567 ὑπὲρ
1738 1496 1901 1565 φύσιν

311 1579 454 1633 ἰδίαν
473 1581 831 1655 διδασκομένη
865 1586 1103 1655 φρονεῖν.
1128 1585 1226 1639 Διά
1248 1586 1358 1658 γάρ
1386 1603 1468 1640 τοι
1490 1586 1651 1641 τοῦτο
1678 1588 1902 1657 γέγονεν

309 1670 368 1722 ἐν
392 1671 586 1742 σαρκὶ,
633 1672 835 1742 μᾶλλον
861 1674 920 1727 δέ
955 1673 1114 1746 σὰρξ,
1141 1676 1170 1728 ὁ
1194 1674 1376 1730 πάντα
1405 1675 1608 1749 ίσχύων
1628 1677 1724 1732 τοῦ
1760 1679 1899 1733 θεοῦ

309 1761 508 1831 Λόγος,
550 1762 639 1816 ἵνα
663 1765 784 1828 ταῖς
815 1764 1118 1837 ἐνεργείαις
1140 1766 1236 1821 τοῦ
1264 1767 1398 1823 ἰδίου
1427 1746 1770 1840 Πνεῦματος,
1798 1770 1900 1836 τὰς
1930 1746 1973 1801 Β

310 1850 414 1920 μὲν
438 1850 537 1923 τῆς
563 1856 765 1927 σαρκὸς
788 1855 1073 1923 ἀσθενείας
1102 1858 1372 1933 νευρὼσῃ,
1406 1862 1500 1916 καὶ
1529 1862 1897 1933 γεωδεστέρου

308 1945 660 2015 φρονήματος
707 1948 991 2021 ἀπαλλάξῃ
1053 1950 1153 2021 τὴν
1186 1950 1387 2021 φύσιν,
1433 1953 1809 2026 ἀναμορφώσῃ
1839 1954 1895 2007 δὲ

306 2033 501 2108 ὥσπερ
542 2039 622 2102 είς
660 2040 799 2110 μόνα
837 2039 907 2094 τὰ
948 2041 1211 2097 δοκοῦντα
1239 2044 1380 2116 Θεῷ.
1438 2045 1651 2099 οὐκοόν
1680 2045 1895 2117 νόσημα

310 2126 411 2195 μὲν
438 2128 653 2197 φύσεως
672 2132 1042 2204 ἀνθρωπίνης,
1056 2134 1117 2188 τὸ
1133 2136 1511 2207 τυραννεῖσθαι
1526 2140 1649 2202 ταῖς
1673 2137 1893 2202 λύπαις,

2010 491 2143 545 sinit
2192 490 2296 545 hoc
2330 505 2450 545 eam
2501 488 2681 544 facere
2713 489 2913 557 solute,
2934 498 2997 544 ut
3040 493 3212 547 moris
3243 503 3329 548 est
3380 498 3543 553 nobis
3576 518 3588 554 :

2014 580 2291 635 «Infremit
2314 588 2494 636 autem
2527 580 2801 651 Spiritu,»
2824 581 2926 635 hoc
2956 591 3041 636 est
3071 582 3123 636 vi
3153 584 3329 638 sancti
3355 583 3593 655 Spiritus

2007 673 2417 744 quodammodo
2475 686 2631 726 suam
2680 686 2908 726 carnem
2968 672 3222 745 increpat
3260 692 3274 729 :
3315 676 3404 730 illa
3459 693 3591 734 vero

2009 765 2177 820 unita:
2198 765 2302 821 sibi
2327 763 2551 820 deitatis
2580 769 2791 818 motum
2824 779 2937 818 non
2966 763 3173 831 ferens,
3208 768 3392 822 tremit
3421 776 3474 822 et
3505 776 3593 823 tu-

2007 858 2333 919 multuatur,
2375 856 2641 925 luctuque
2680 855 3044 912 confunditur
3094 872 3158 913 ac
3208 865 3427 914 aestuat.
3474 859 3592 918 IIoc

2005 948 2174 1011 enim,
2199 951 2419 1018 opinor,
2444 947 2725 1018 signiﬁcat
2748 946 2904 1015 illud,
2932 966 2952 999 ι
2979 948 3249 1003 Turbavit
3277 950 3542 1020 scipsum.
3566 970 3586 1003 ι

2005 1038 2296 1104 Quomodo
2337 1038 2483 1093 enim
2526 1039 2691 1093 aliter
2722 1039 3031 1095 sustineret
3080 1041 3419 1106 tumultum?
3449 1040 3589 1097 Tur-
3664 1046 3671 1061 ‘

2008 1129 2227 1184 habitur
2264 1128 2489 1199 quidem
2521 1144 2763 1199 quonam
2795 1129 2962 1184 modo
2994 1130 3276 1186 inturbida
3302 1140 3356 1185 et
3391 1146 3588 1187 serena

2003 1221 2241 1276 natura?
2263 1221 2589 1291 Increpatur
2611 1236 2745 1277 vero
2773 1236 2906 1277 caro
2938 1238 3036 1292 per
3061 1223 3356 1292 Spiritum,
3391 1223 3589 1279 edocta

2003 1323 2058 1369 et
2098 1316 2260 1381 jussa
2306 1329 2502 1384 sapere
2552 1330 2675 1386 quae
2731 1331 2899 1386 supra
2937 1324 3196 1371 nat-uram
3238 1331 3393 1371 suam
3433 1325 3598 1371 sonte

2002 1403 2241 1475 Propter
2296 1404 2399 1459 hoc
2448 1406 2597 1460 enim
2631 1404 2738 1461 fuit
2770 1406 2825 1461 in
2864 1420 3054 1470 carne,
3090 1406 3205 1461 imo
3253 1423 3387 1463 vero
3431 1423 3584 1475 caro,

2002 1496 2352 1565 omnipotens
2400 1495 2495 1553 Dei
2534 1495 2799 1566 Verbum,
2833 1505 2893 1553 ut
2942 1513 3040 1569 per
3074 1500 3426 1569 operationcs
3468 1500 3587 1557 eiii-

2003 1602 2163 1643 caces
2194 1587 2404 1658 proprii
2448 1577 2713 1658 Spiritus,
2748 1591 2935 1645 carnis
2982 1591 3328 1647 inﬁrmitates
3366 1594 3587 1649 confor-

2004 1682 2165 1741 taret,
2187 1683 2240 1727 et
2285 1690 2315 1728 a
2342 1681 2561 1731 terrena
2607 1677 2942 1748 cogitatione
2984 1688 3242 1734 naturam
3286 1681 3584 1743 humanam

2006 1765 2369 1833 abstraheret,
2395 1766 2931 1840 transformaretque
2959 1771 3109 1826 velut
3139 1771 3192 1831 in
3227 1788 3291 1828 ea
3322 1776 3437 1828 sola
3464 1789 3588 1846 qua:

2007 1855 2118 1910 Deo
2164 1856 2404 1926 placent.
2440 1855 2614 1927 Igitur
2667 1858 2896 1915 morbus
2942 1867 3029 1915 est
3076 1871 3289 1917 naturae
3333 1863 3590 1920 humanas

2004 1948 2307 2003 obnoxium
2337 1963 2461 2004 esse
2489 1950 2538 2005 vi
2565 1948 2798 2017 doloris,
2821 1952 2917 2022 qui
2953 1961 3007 2008 et
3039 1965 3165 2007 cum
3195 1954 3323 2010 aliis
3358 1972 3590 2027 supera—

2006 2051 2098 2097 tur
2128 2041 2186 2096 in
2233 2041 2410 2111 primo
2449 2043 2692 2111 Christo,
2720 2053 2780 2100 ut
2832 2046 2902 2101 ad
2953 2061 3057 2102 nos
3112 2063 3332 2120 quoque
3384 2065 3585 2122 perve-

2004 2135 2138 2191 niat.

308 2225 593 2291 κρατεῖται
632 2225 688 2279 δὲ
733 2226 831 2280 καὶ
875 2226 1034 2282 τοῦτο
1067 2230 1207 2299 μετά
1246 2231 1357 2286 τῶν
1396 2231 1574 2287 ἄλλων
1603 2236 1662 2288 ἐν
1691 2233 1895 2304 πρώτῳ
1933 2229 2175 2302 Χριστῷ,
2205 2232 2291 2286 ἵνα
2321 2231 2416 2286 καὶ
2444 2235 2526 2296 εις
2551 2234 2700 2304 ἡμᾶς
2724 2232 2906 2306 amab-

380 2314 587 2371 Kat’tb
612 2321 823 2392 ἐρωτᾷν
853 2322 929 2391 (I)
959 2320 1054 2377 οὖν
1089 2324 1348 2396 οὐδεμίαν
1383 2326 1604 2394 ἄγνοιαν
1634 2328 1790 2399 φέρει
1817 2327 1897 2399 τῷ

305 2404 378 2458 δι’
396 2409 547 2476 ἡμᾶς
576 2410 696 2463 καθ’
726 2412 873 2481 ἡμᾶς
902 2415 1184 2486 γενομένῳ
1208 2433 1222 2447 ο
1271 2416 1389 2470 ἀλλ’
1424 2419 1487 2470 ἐκ
1516 2418 1669 2472 τοῦδε
1696 2418 1897 2488 μᾶλλον

308 2503 432 2565 ἴσος
469 2503 545 2573 τῷ
572 2506 747 2576 Πατρὶ
779 2506 1070 2563 δείκνυται’
1096 2512 1190 2565 καὶ
1211 2511 1320 2585 γὰρ
1337 2515 1544 2577 ἐκεῖνος
1566 2516 1768 2586 ἐρωτᾷ,
1793 2532 1882 2568 ποι

328 2590 509 2659 Ἀδὰμ
538 2588 625 2664 ἦν’
665 2597 757 2648 καὶ
783 2590 932 2661 οὗτος
963 2599 1188 2668 ἄγνοιαν
1238 2602 1542 2671 σοφίζεται,
1571 2602 1667 2657 καὶ
1692 2603 1890 2659 mea;

310 2685 643 2738 vetat-«I196
674 2688 969 2756 τεθείκατες
999 2712 1015 2743 ι
1038 2690 1179 2746 ὥστε
1210 2692 1298 2747 διὰ
1321 2695 1421 2765 τῆς
1453 2695 1731 2760 πεύσεως,
1761 2697 1901 2766 πλῆ-

309 2773 406 2838 θος
441 2778 835 2849 συναγερθῆναι
868 2781 1000 2853 πρὸς
1026 2783 1127 2854 τὴν
1154 2784 1460 2852 ἀπόδειξιν,
1483 2788 1577 2841 καλ⁷
1608 2788 1761 2859 παρὰ
1788 2786 1899 2842 τῶν

304 2866 523 2936 ἐχθρῶν
574 2870 777 2940 μᾶλλον
842 2874 1258 2946 μαρτυρηθῆναι
1303 2876 1366 2929 τὸ
1425 2877 1727 2948 παράδοξον
1795 2878 1906 2948 τῆς

305 2958 660 3027 ἀναϐιώσεως
688 2963 784 3018 τοῦ
809 2966 910 3037 ἤδη
944 2966 1359 3039 διαφθαρέντος.
1383 2999 1451 3012 -—
1479 2970 1692 3042 Ἑρωτᾷ
1715 2970 1899 3024 τοίνυν

303 3048 407 3117 οὐχ
439 3050 511 3112 ὡς
537 3051 749 3119 ἀγνοῶν
774 3070 787 3083 ·
840 3054 936 3109 καὶ⁴
970 3056 1078 3128 γὰρ
1122 3058 1210 3112 ἐπ’
1254 3058 1565 3130 ἀλλοδαπῆς
1599 3059 1675 3114 ὣν
1696 3100 1710 3122 ,
1741 3060 1899 3126 είδὼς

304 3136 392 3191 ὅτι
419 3138 646 3212 τέθνηκε
669 3184 682 3203 ,
719 3142 837 3209 πῶς
875 3147 943 3200 ἂν
974 3148 1209 3219 ἠγνόησε
1255 3149 1317 3202 τὸ
1361 3150 1583 3221 μνῆμα;
1647 3151 1810 3219 Λέγει
1839 3151 1897 3207 δὲ

304 3227 484 3295 οὕτως
515 3232 593 3296 ὡς
633 3234 1027 3308 ἀφιλόκομπος.
1067 3239 1142 3293 Οὐ
1180 3240 1287 3313 μὴν
1313 3239 1371 3295 δὲ
1396 3237 1552 3296 εἶπεν
1572 3257 1586 3273 ⁶
1637 3243 1895 3312 ’Ἄγωμεν

305 3323 390 3385 είς
417 3324 479 3376 τὸ
503 3329 791 3401 μνημεῖον·
814 3329 994 3401 ἐγερῶ
1020 3330 1131 3402 γὰρ
1150 3333 1314 3386 αὐτόν
1333 3349 1350 3363 ·
1382 3334 1431 3387 εἰ
1456 3335 1553 3388 καὶ
1570 3334 1631 3387 τὸ
1657 3333 1895 3405 μάλιστα

305 3414 583 3487 ἐρωτῆσαι
620 3418 794 3485 οὕτως
839 3421 1046 3493 ταύτην
1104 3423 1215 3494 ἔχει
1249 3424 1355 3496 τὴν
1383 3426 1644 3497 ἔμφασιν.
1702 3429 1895 3500 Ὅμως

306 3505 407 3559 καὶ
433 3506 594 3562 τοῦτο
634 3510 836 3574 εἰπὼν,
868 3509 1099 3577 πολλοὺς
1132 3517 1514 3587 παρεσκεύασε
1544 3518 1896 3589 προϐαδίζειν

307 3593 499 3679 auro-3,
523 3596 599 3661 ὡς
632 3599 1015 3654 ὑποδείκνυται
1043 3602 1103 3655 τὸ
1135 3602 1487 3676 ζητούμενον.
1520 3607 1914 3679 Οίκονομικῶς-

307 3678 404 3737 οὖν
433 3687 526 3739 καὶ
567 3688 724 3742 τοῦτο
759 3685 946 3755 εἶπεν,
1006 3691 1179 3747 ἕλκων
1222 3693 1311 3747 διὰ
1345 3693 1440 3748 τοῦ
1488 3698 1730 3767 ῥήματος
1763 3696 1896 3750 πολ-

307 3775 440 3841 λοὺς
474 3780 553 3842 είς
594 3780 688 3833 τὸν
711 3780 874 3837 τόπον
897 3798 914 3814 ⁸
956 3784 1050 3841 καὶ
1078 3786 1294 3853 ἀγνοεῖν
1323 3786 1753 3857 σχηματίζεται,
1800 3787 1900 3860 τὴν

307 3867 410 3938 τῆς
455 3869 872 3943 ἀνθρωπότητος
915 3873 1159 3929 δουλείαν
1206 3877 1300 3935 καὶ
1345 3879 1617 3949 πτωχείαν
1662 3880 1898 3951 οὐδαμοῦ

308 3964 752 4034 παραιτούμενος
774 3968 803 4020 ὁ
830 3967 990 4036 φύσει
1020 3969 1173 4034 Θεὸς,
1208 3972 1303 4025 καὶ
1334 3971 1515 4028 πάντα
1532 3972 1705 4038 εἰδὼς,
1736 3976 1798 4028 οὐ
1827 3975 1897 4029 τὰ

305 4056 575 4122 γεγονότα
604 4054 762 4128 μόνον
779 4099 795 4124 ,
821 4060 957 4115 ἀλλὰ
981 4063 1082 4117 καὶ
1100 4063 1168 4117 τὰ
1201 4064 1437 4135 ἐσόμενα
1464 4064 1594 4136 πρὶν
1629 4066 1897 4134 γενέσεως

307 4164 510 4202 αυτων.

2072 2325 2443 2394 Interrogatio
2469 2328 2675 2382 nullam
2734 2328 3104 2399 ignorantiam
3150 2331 3428 2402 signiﬁcat
3463 2332 3587 2401 ejus

2000 2417 2094 2487 qui
2162 2426 2392 2488 propter
2451 2433 2554 2474 nos
2610 2419 2811 2475 similis
2866 2421 3028 2477 nobis
3083 2421 3263 2478 factus
3325 2434 3408 2478 est
3460 2424 3509 2455 “
3566 2441 3581 2477 :

1997 2507 2107 2561 imo
2137 2509 2219 2563 sic
2262 2508 2414 2561 Patri
2466 2508 2650 2577 pOtius
2699 2524 2801 2563 suo
2858 2511 3059 2565 similis
3112 2512 3581 2567 demonstratur:

1999 2614 2241 2670 namque
2305 2608 2359 2654 et
2423 2599 2517 2655 ille
2580 2600 2979 2671 interrogavit,
3044 2603 3269 2657 ubinam
3334 2603 3583 2659 Adamus

2000 2698 2146 2745 esset
2181 2710 2193 2744 :
2231 2697 2286 2745 et
2318 2703 2467 2744 nunc
2503 2688 2670 2746 Iesus
2722 2690 3091 2761 ignorantiam
3131 2692 3301 2746 veluti
3358 2692 3582 2747 simulat
3660 2764 3665 2769 1

2000 2782 2317 2845 sciscitans,
2356 2801 2375 2833 ι
2418 2781 2653 2837 Ubinam
2706 2783 3010 2853 posuistis?
3045 2801 3069 2834 ι
3106 2791 3160 2838 ιιι
3206 2782 3280 2837 ob
3316 2783 3460 2837 hanc
3500 2786 3583 2837 in-

2002 2875 2440 2944 terrogationem
2507 2873 2747 2943 populus
2806 2882 3173 2927 concurreret
3228 2873 3298 2927 ad
3356 2873 3584 2928 demon-

2001 2966 2291 3022 strandum
2346 2966 2550 3028 locum,
2598 2972 2765 3035 atque
2830 2965 2903 3019 ita
2966 2966 3176 3021 inimici
3232 2965 3579 3036 potissimum

2004 3067 2174 3115 testes
2209 3057 2405 3114 ﬁerent
2440 3057 2697 3126 miraculi
2744 3057 3063 3112 resuscitati
3115 3057 3377 3127 hominis,
3417 3073 3583 3130 quem

1998 3151 2114 3220 jam
2143 3150 2371 3206 funerea
2405 3150 2560 3206 tabes
2586 3157 2936 3221 corruperat.
2970 3179 3043 3189 —
3070 3138 3378 3219 [interrogat
3424 3162 3578 3221 ergo,

2001 3256 2115 3295 non
2158 3241 2287 3310 quia
2324 3240 2545 3309 ignoret
2580 3258 2593 3294 :
2624 3253 2750 3295 nam
2786 3239 2879 3309 qui
2922 3240 3089 3294 etiam
3126 3240 3180 3294 in
3220 3241 3325 3293 alia
3356 3244 3581 3310 regione

2002 3332 2352 3387 constitutus
2402 3338 2678 3385 mortuum
2725 3340 3081 3402 cognoverat,
3127 3332 3406 3400 quomodo
3463 3345 3582 3385 meo

2000 3430 2327 3477 numentum
2387 3421 2732 3490 ignorasset?
2773 3420 2867 3477 Sic
2926 3428 3112 3476 autem
3172 3421 3418 3491 loquitur
3478 3436 3577 3476 ceu

1999 3513 2151 3570 omni
2174 3513 2554 3569 ostentatione
2582 3512 2814 3569 alienus.
2843 3513 3027 3580 Quare
3058 3527 3159 3568 nec
3183 3513 3321 3568 dixit
3345 3531 3357 3567 :
3380 3512 3581 3569 Eamus
3630 3562 3637 3569 ,

1999 3606 2070 3661 ad
2132 3613 2577 3673 monumentum,
2613 3612 2668 3661 et
2726 3619 2827 3676 ego
2875 3620 3001 3660 eum
3057 3605 3581 3675 suscitabozquan-

2000 3710 2169 3767 quam
2237 3695 2331 3750 illa
2394 3694 2763 3765 interrogatio
2838 3694 2891 3748 id
2958 3695 3196 3749 maxime
3249 3703 3578 3750 eventurum

1999 3787 2250 3858 spondet.
2291 3786 2465 3842 Simul
2508 3786 2613 3842 hoc
2657 3786 2835 3852 dicto,
2889 3785 3094 3840 multos
3128 3785 3234 3841 sibi
3274 3785 3584 3856 pracedere

2000 3880 2241 3950 impulit,
2296 3890 2354 3934 ut
2408 3894 2523 3935 rem
2578 3879 2866 3949 quaasitam
2921 3876 3393 3932 demonstrarent.
3448 3874 3585 3931 Pru-

2002 3973 2199 4028 denter
2231 3988 2360 4029 vero
2394 3973 2445 4027 id
2482 3985 2701 4042 quoque
2732 3970 2967 4037 dixerat,
2992 3978 3052 4025 ut
3084 3969 3287 4024 multos
3315 3984 3382 4025 eo
3411 3968 3583 4025 verbo

2003 4064 2071 4118 ad
2107 4064 2289 4118 locum
2322 4063 2608 4118 traheret:
2637 4072 2690 4117 et
2734 4061 3061 4131 ignorantia:
3099 4061 3338 4132 speciem
3381 4075 3495 4131 prae
3521 4074 3587 4116 se

2002 4156 2130 4220 fert,
2164 4170 2233 4210 ne
2268 4155 2626 4210 humanitatis
2670 4153 2928 4210 servilem
2972 4154 3202 4208 formam
3231 4153 3583 4208 tenuitatem-

308 4252 420 4307 que
469 4255 728 4298 recusare
771 4243 1053 4311 videatur,
1082 4247 1177 4317 qui
1209 4254 1409 4305 natura
1439 4263 1538 4306 sua
1571 4250 1716 4305 Deus
1743 4259 1883 4317 erat,
1924 4257 2238 4320 cunctaque
2288 4257 2512 4305 noverat
2538 4227 2697 4301 baud
2735 4246 3017 4315 praeterita
3082 4254 3319 4309 tantum,
3386 4257 3581 4299 verum

309 4332 480 4386 etiam
520 4349 589 4388 ea
616 4350 737 4404 quae
766 4338 1021 4393 nondum‘
1044 4354 1366 4398 evenerant.

382 4427 499 4480 Οὐκ
526 4428 850 4496 ἀγνοοῦντος
866 4432 943 4502 (‘2)
962 4432 1022 4487 τδ
1053 4438 1302 4505 σημεῖον,
1330 4436 1410 4501 τὸ,
1437 4454 1455 4488 ι
1485 4436 1595 4492 Ποῦ
1621 4436 1900 4491 τεθείκατε

2080 4431 2200 4487 Non
2262 4439 2392 4487 sunt
2449 4429 2753 4502 ignorantis
2824 4426 3091 4484 indicium
3161 4426 3352 4495 verba,
3403 4446 3423 4481 ι
3475 4427 3582 4488 Ubi
3640 4494 3653 4502 ρ

311 4516 598 4589 Δάζαρονς
621 4541 639 4572 ι
662 4521 775 4575 ἀλλ’
811 4524 998 4594 ἐπειδὴ
1031 4525 1237 4596 σφόδρα
1265 4525 1415 4595 φίλον
1448 4526 1597 4599 αὐτῷ
1628 4528 1689 4581 τὺ
1712 4524 1899 4595 ἀφιλό-

312 4625 552 4679 κομπον,
580 4609 931 4685 παραιτεῖται
970 4615 1149 4685 λέγειν
1174 4635 1187 4649 ο
1250 4618 1528 4689 Ἀπίωμεν
1559 4620 1638 4683 είς
1665 4617 1727 4672 τὸ
1758 4633 1896 4689 μνη·-

319 4707 472 4773 μείον
496 4721 509 4735 ·
550 4707 720 4779 ἑτέρῳ
762 4709 820 4762 δὲ
846 4710 1034 4781 τρόπῳ
1068 4709 1230 4764 τοῦτό
1264 4727 1419 4783 φησι.
1459 4711 1669 4775 Ἀλλως
1690 4729 1772 4779 τε,
1803 4711 1897 4765 λέ-

314 4810 437 4864 γων
459 4797 720 4869 όΚύριος,
747 4800 887 4854 ιῐῐοῦ
905 4801 1184 4855 τεθείκατε
1216 4802 1433 4871 αὐτόνς»
1460 4803 1689 4867 πολλοὺς
1716 4803 1890 4859 ἐποίει

309 4887 449 4951 τοὺς
484 4889 910 4958 συμϐαδίζοντας
932 4892 1028 4945 καὶ
1049 4892 1424 4963 καταμηνύειν
1456 4893 1765 4959 ἐθέλοντας,
1800 4896 1899 4966 μά-

307 4977 475 5031 λιστα
524 4979 651 5033 ὅταν
686 4981 715 5033 ό
756 4980 1031 5050 διερωτῶν
1078 4976 1219 5035 εἶναι
1267 4980 1448 5053 δοκοίη
1496 4982 1697 5054 τίμιος.
1737 4985 1899 5049 Είκδς

306 5069 370 5122 δὲ
397 5070 481 5124 ὅτι
520 5071 754 5144 ἐπείπερ
790 5068 859 5145 ἦν
891 5074 950 5127 ἐν
980 5073 1132 5144 αὐτῷ
1171 5072 1304 5137 Θεός
1350 5091 1411 5128 τε
1462 5076 1556 5145 καὶ
1590 5075 1904 5147 ἄνθρωπος,

308 5162 609 5233 ἀναμίσγει
648 5162 728 5234 τῷ
761 5163 1058 5235 θεοπρεπεῖ
1088 5165 1149 5218 τὸ
1179 5164 1519 5235 ἀνθρώπινον
1543 5183 1557 5197 ο
1591 5168 1684 5220 καὶ
1711 5167 1897 5222 ἄπεισι

314 5251 419 5322 μὲν
450 5254 909 5324 τερατουργήσων
959 5253 1035 5317 ὡς
1063 5254 1226 5318 Θεὸς,
1278 5253 1431 5308 λαλεῖ
1469 5255 1526 5309 δὲ
1573 5255 1648 5319 ὼς
1690 5255 1898 5328 ἄνθρω-

306 5358 418 5406 πος
442 5358 457 5373 ⁶
492 5342 588 5396 καὶ
620 5341 765 5413 ἅπερ
788 5337 939 5397 οἶδεν
953 5342 1030 5406 ὡς
1052 5341 1184 5406 Θεὸς
1204 5384 1220 5410 ,
1252 5343 1467 5412 ἀγνοεῖν
1499 5343 1611 5397 ἐσθ’
1648 5345 1735 5399 ὅτε
1765 5362 1897 5417 σχη-

391 5475 437 5508 ⁸⁸
465 5475 775 5549 Philippm,
801 5478 859 5532 7‘.

386 5596 469 5670 (ί)
497 5597 605 5670 Kal
623 5597 689 5650 τὸ
710 5597 934 5670 ἐρωτᾷν
956 5639 969 5653 .
999 5642 1011 5655 .
1038 5637 1053 5654 .
1082 5640 1096 5653 .
1123 5599 1413 5670 γενέσεως
1445 5602 1665 5655 αὐτων.
1693 5598 1768 5653 Et
1789 5598 1901 5655 Ma-

310 5665 457 5723 carii
489 5665 918 5738 Chrysocephali
947 5665 1231 5738 tractClﬁ,
1268 5665 1404 5727 cod;
1439 5670 1535 5728 [οι.
1572 5670 1678 5726 3'12
1708 5670 1758 5737 Ir,
1806 5686 1892 5741 ap.

310 5738 432 5795 Mai
462 5736 499 5791 Ι.
532 5737 571 5793 l.
603 5755 659 5811 p.
693 5738 813 5796 154.

2005 4524 2274 4580 Lazarum
2319 4521 2626 4592 posuistis?
2654 4541 2673 4575 ι
2713 4521 2807 4578 sed
2865 4524 2991 4593 quia
3027 4520 3355 4578 modestiam
3408 4524 3583 4594 potis-

2004 4616 2206 4671 simum
2250 4615 2565 4677 adamabat,
2625 4614 2808 4668 noluit
2841 4612 3025 4669 dicere
3060 4632 3074 4668 :
3125 4612 3329 4669 Eamus
3367 4615 3436 4670 ad
3469 4631 3584 4673 mo-

2004 4713 2322 4762 nomentum
2373 4704 2522 4761 :sed
2576 4705 2687 4760 alio
2761 4705 2924 4759 modo
2958 4703 3010 4759 id
3051 4703 3271 4759 eﬂ'atur.
3327 4704 3585 4776 Alioquin

2002 4799 2133 4854 dum
2191 4801 2267 4853 ait
2319 4797 2609 4861 Dominus,
2670 4816 2690 4849 ι
2730 4795 2963 4853 Ubinam
3024 4798 3288 4868 posuistis
3338 4798 3512 4855 eum?
3554 4819 3575 4852 ι

2004 4891 2211 4947 multos
2264 4889 2647 4947 commovebat
2707 4888 2775 4946 ad
2832 4889 3208 4945 eomitandum
3277 4891 3331 4944 in
3384 4891 3581 4945 itinere

2005 4985 2297 5056 locumque
2328 4983 2843 5047 demonstrandum,
2870 4986 3175 5055 praesertim
3206 4986 3332 5055 quia
3360 4993 3582 5055 rogator

2005 5076 2240 5132 illustris
2272 5083 2412 5132 erat.
2456 5073 2653 5129 Merito
2683 5082 2867 5130 autem
2899 5073 3035 5144 qula-
3069 5074 3233 5129 simul
3282 5073 3426 5130 Dcns
3462 5083 3582 5129 erat

2006 5174 2061 5222 ct
2088 5166 2271 5232 homo,
2302 5166 2499 5221 miscet
2529 5164 2782 5237 dignitati
2823 5164 3021 5219 divinae
3056 5165 3329 5219 humanos
3372 5171 3532 5220 actus
3565 5181 3580 5219 :

2005 5258 2228 5327 abitque
2287 5257 2614 5311 miraculum
2675 5257 2926 5311 editurus
2989 5262 3049 5310 ut
3106 5254 3281 5317 Deus,
3335 5255 3583 5326 loquitur

2000 5356 2191 5403 tamen
2220 5355 2278 5402 ut
2313 5348 2480 5403 homo
2504 5365 2519 5403 :
2545 5356 2599 5404 et
2624 5363 2745 5417 qum
2771 5348 2942 5419 probe
2976 5342 3121 5403 Deus
3149 5355 3399 5411 noverat,
3428 5348 3582 5418 igno-

2078 5602 2155 5673 (ἓ)
2185 5604 2309 5657 Οὐκ
2342 5601 2712 5673 ἀγνοοῦντος
2730 5564 3307 5671 ...παραιτούμενοᾳ
3328 5597 3400 5673 Es
3416 5604 3575 5673 cate-

2005 5665 2094 5729 ιη’
2112 5665 2370 5730 Vaticana
2390 5665 2496 5744 'ap.
2533 5671 2639 5729 Mai
2672 5665 2793 5729 loco
2825 5665 2990 5744 supra
3021 5665 3261 5737 laudato,
3293 5684 3346 5738 p.
3379 5665 3507 5721 155.
3636 5708 3640 5713 .
