4062 6208
462 286 533 366 iis
1460 304 1516 360 s.
1542 303 1808 361 cmeu
1853 293 2317 353 maxumum
2349 295 2661 350 meum.
3628 280 3701 336 se

456 421 582 463 rare
640 405 914 463 interdum
959 405 1215 470 simulat,
1258 405 1624 461 humanitatis
1668 401 2020 472 exiguitatem

2131 394 2414 464 ματίζεται
2432 435 2446 457 ,
2477 394 2578 464 τὴν
2602 393 2700 463 τῆς
2724 386 3141 457 ἀνθρωπότητος
3167 376 3437 448 πτωχείαν
3459 374 3699 446 οὐδαμοῦ

457 514 740 570 nunquam
776 500 1088 555 detrectans
1113 498 1209 571 (1).

527 585 622 652 XI,
662 588 752 643 55.
792 586 972 658 Igitur
999 589 1322 659 lacrymatus
1353 596 1431 642 est
1461 586 1641 643 Iesus.

528 673 733 731 Videns
770 679 1106 747 evangelista
1150 679 1545 750 lacrymantem
1597 685 1847 731 naturam
1902 675 2027 729 illam

455 768 835 840 crymabilem,
871 770 1236 840 obstupescit,
1292 770 1394 826 etsi
1425 770 1594 841 686
1641 769 1863 839 propria
1912 769 2027 822 haec

454 865 599 913 esset
627 858 812 914 carnis
844 858 1080 923 ati‘ectio,
1100 860 1431 930 minimeque
1448 860 1638 915 deitati
1666 859 2023 913 conveniens.

454 946 753 1019 Lacrymas
800 964 934 1005 vero
977 948 1161 1005 fundit
1196 949 1487 1017 Dominus,
1522 952 1878 1021 conspicatus
1928 950 2027 1005 ho-

455 1038 657 1093 minem
706 1038 775 1093 ad
834 1041 1126 1110 imaginem
1173 1041 1259 1096 sui
1306 1040 1517 1096 factum
1557 1048 1832 1097 mortuum
1877 1056 2022 1104 esse,

383 1119 411 1185 ξ’·
455 1138 516 1184 ut
557 1141 778 1186 nostras
813 1132 1086 1203 lacrymas
1135 1133 1410 1189 cohibeat.
1450 1132 1687 1204 Propter
1717 1134 1822 1189 hoc
1876 1133 2029 1188 enim

455 1231 707 1278 mortuus
745 1231 849 1291 est,
883 1232 942 1278 ut
977 1235 1031 1280 et
1063 1241 1164 1281 nos
1204 1238 1378 1281 morte
1405 1227 1796 1290 liberaremur,
1824 1235 1879 1280 et
1905 1232 2027 1278 lan—

455 1312 629 1383 tisper
673 1315 892 1384 quidem
932 1316 1284 1387 lacrymatus,
1309 1317 1505 1372 deinde
1543 1333 1669 1371 mox
1709 1316 2027 1385 comprimit

451 1402 748 1473 lacrymas,
788 1406 1002 1461 scilicet
1049 1424 1116 1460 ne
1166 1407 1420 1461 videatur
1466 1407 1644 1462 durus
1696 1407 1919 1477 quidam
1971 1415 2025 1462 ct

453 1493 854 1550 immisericors
883 1497 1002 1551 sine
1032 1498 1145 1550 ullo
1175 1512 1339 1553 sensu
1376 1494 1538 1552 alieni
1573 1497 1782 1553 doloris
1803 1517 1817 1565 ;
1839 1504 1894 1553 et
1922 1513 2023 1552 nos

452 1599 675 1654 quoque
703 1587 852 1640 circa
881 1587 1014 1641 talia
1036 1586 1296 1643 erudiens
1321 1602 1385 1642 ac
1409 1589 1612 1643 docens
1636 1603 1706 1643 ne
1727 1588 1848 1658 plus
1873 1588 2023 1658 justo

452 1675 731 1731 solvamur
764 1676 826 1730 in
871 1678 1080 1733 luctum
1113 1679 1184 1733 ob
1231 1687 1479 1735 mortuos
1512 1696 1525 1733 :
1559 1680 1694 1734 illud
1742 1680 1887 1735 enim
1930 1696 2020 1734 re-

452 1766 599 1820 dolet
644 1767 1042 1823 humanitatem
1096 1783 1159 1823 ac
1213 1771 1669 1836 misericordiam,
1702 1771 1807 1825 hoc
1861 1772 2020 1841 plane

452 1857 708 1927 ignavum
739 1866 794 1912 et
827 1859 1110 1916 muliebre.
1145 1861 1211 1915 Et
1244 1862 1315 1917 ob
1354 1862 1493 1917 hanc
1521 1860 2025 1933 causam"permisit

452 1964 567 2004 suae
620 1951 771 2005 carni
824 1951 1075 2006 nonnihil
1128 1951 1279 2021 ﬂere,
1311 1954 1439 2009 licet
1500 1955 1772 2011 cxsistens
1828 1964 2022 2011 natura

390 2036 401 2047 “
451 2039 714 2096 immunis
775 2057 806 2096 a
869 2043 1158 2115 lacrymis,
1208 2046 1459 2115 nullique
1511 2046 1690 2102 dolori
1752 2048 2023 2105 obnoxius

453 2127 633 2195 quoad
669 2129 945 2199 pr0priam
974 2141 1250 2188 naturam.
1295 2132 1403 2203 ipsi
1438 2150 1655 2207 quoque
1684 2151 1876 2193 osores
1914 2139 2022 2193 ini-

451 2218 580 2272 mici
615 2220 958 2278 admirantur
989 2224 1270 2295 lacrymas
1304 2223 1542 2281 Domini.
1581 2226 1723 2281 Nam
1752 2230 1848 2298 qui
1878 2238 2017 2285 stre-

450 2325 559 2365 nue
602 2311 1083 2383 philosophantur,
1117 2324 1357 2386 suntque
1412 2317 1469 2371 in
1532 2333 1728 2390 magna
1762 2319 2020 2389 opinione

451 2400 756 2466 hominum,
785 2419 928 2474 (τετε
960 2406 1356 2477 lacrymantur,
1392 2416 1650 2479 tanquam
1682 2426 1900 2466 onmem
1930 2429 2020 2468 ca-

449 2493 755 2550 lamitatem
818 2508 1199 2568 aspernantes.
1270 2499 1544 2555 Putabant
1598 2511 1780 2557 autem
1845 2503 2017 2559 Judaei

445 2601 572 2641 eum
607 2596 832 2658 propter
866 2600 1094 2645 mortem
1131 2592 1323 2647 Lazari
1357 2591 1516 2661 ﬂere;
1543 2601 1598 2648 at
1630 2595 1749 2665 ipse
1790 2597 2019 2654 misera-

446 2676 596 2732 tione
649 2686 829 2733 tactus
876 2680 1056 2735 cannis
1115 2680 1367 2735 humanae
1425 2691 1633 2738 nalurze
1683 2684 1850 2750 ﬂevit,
1908 2703 2019 2742 non

446 2765 624 2820 solum
669 2764 935 2819 Lazarqu
984 2767 1199 2837 lugens,
1222 2768 1318 2822 sed
1368 2770 1512 2838 quod
1564 2770 1674 2838 jam
1706 2771 1838 2825 olim
1871 2774 2018 2826 acci-

444 2856 603 2911 derat
624 2857 767 2925 apud
799 2873 858 2913 se
890 2859 1160 2927 cogitans,
1193 2877 1318 2914 cum
1353 2862 1606 2917 universa
1645 2864 1885 2919 humana
1916 2882 2013 2919 nas

446 2954 572 3001 tura
612 2950 778 3003 morti
824 2949 1129 3019 subiaceat,
1165 2952 1467 3022 meritoque
1508 2955 1649 3009 hanc
1684 2957 1909 3010 multum
1962 2966 2017 3012 et

444 3037 654 3094 cladem
695 3055 856 3110 passa
897 3042 988 3097 sit.
1017 3042 1122 3096 Alii
1152 3058 1283 3097 vero
1314 3043 1489 3100 livore
1509 3048 1846 3102 exstimulati
1878 3049 2010 3103 nihil
2043 3073 2082 3129 ρ

446 3147 640 3187 sanum
692 3133 1055 3203 loquebantur
1094 3153 1108 3187 ε
1154 3150 1263 3191 non
1304 3138 1447 3190 enim
1491 3153 1679 3193 revera
1726 3140 2015 3195 insimula-

444 3225 577 3278 bant
609 3212 903 3280 Dominum
947 3228 1108 3296 quasi
1149 3228 1368 3284 sivisset
1395 3230 1531 3285 mori
1563 3229 1831 3286 Lazarum
1865 3252 1878 3287 :
1911 3234 2015 3289 hoc

444 3316 590 3369 enim
624 3315 841 3372 .t‘uisset
889 3318 1233 3373 credentium
1269 3335 1394 3375 eum
1451 3336 1613 3391 posse
1661 3332 1891 3380 mortem
1943 3326 2016 3381 εἰσ

445 3414 609 3461 sterc.
664 3407 771 3462 Sed
826 3415 1037 3463 tantum
1092 3424 1205 3465 non
1266 3413 1369 3467 hoc
1421 3413 1723 3469 dicebant:
1763 3416 1863 3472 Ubi
1921 3424 2013 3471 tua

443 3490 706 3563 virtus,’o
736 3497 1128 3554 miraculorum
1156 3499 1374 3555 editor?
1396 3502 1540 3556 Ecce
1580 3505 1723 3557 enim
1754 3515 1807 3559 et
1838 3516 1889 3560 te
1917 3522 2013 3559 no-

444 3591 590 3645 lente
622 3599 869 3646 mortuus
900 3598 984 3646 est
1017 3606 1176 3660 quem
1210 3592 1431 3647 amabas
1459 3611 1472 3647 :
1501 3596 1644 3663 quod
1706 3598 1848 3652 enim
1890 3616 2012 3654 cum

445 3691 660 3731 amares
706 3676 910 3730 indicio
967 3687 1095 3732 sunt
1133 3688 1240 3733 tua:
1296 3680 1567 3751 lacrymae.
1619 3682 1675 3738 Si
1729 3701 1858 3755 ergo
1910 3696 2017 3744 tua:

448 3764 667 3820 virtutis
690 3773 745 3820 et
772 3769 1027 3836 potentia:
1056 3767 1160 3822 fuit
1192 3770 1338 3838 quod
1379 3771 1528 3826 circa
1559 3787 1762 3828 caecum
1808 3776 2013 3833 faemm

444 3863 554 3922 est,
586 3864 806 3924 poteras
837 3864 893 3911 et
938 3865 1165 3912 mortem
1215 3859 1497 3914 retardare
1533 3876 1597 3916 ac
1644 3877 2016 3934 compescere,

2130 485 2587 556 παραιτούμενος.

2211 574 2581 641 Ἐδάκρυσεν
2607 564 2721 624 οὖν
2749 572 2781 622 ό
2814 564 3065 633 Ἰησοῦς.

2207 666 2267 719 Ὀ
2310 639 2493 734 μέντοι
2544 655 2934 727 εύαγγελιστὴς
2980 652 3195 723 βλέπων
3227 646 3569 719 δακρύουσαν
3600 639 3699 734 τῂν
3736 709 3747 720 θ

2127 729 2426 827 ἀδάκρυτον
2480 753 2644 823 φύσιν
2669 789 2684 812 ,
2733 745 3176 816 καταπλήττεται
3198 780 3213 804 ,
3260 741 3309 792 εἰ
3338 737 3434 793 καὶ
3476 736 3607 827 ῐδιον
3631 729 3699 803 ἦν
3726 746 3739 816 It

2125 851 2226 921 τῆς
2275 826 2480 918 σαρκὸς
2523 845 2586 898 τὸ
2633 841 2838 904 πάθος,
2893 838 2989 892 καὶ
3019 836 3081 889 οὐ
3129 836 3194 903 τῇ
3224 831 3436 900 θεότητι
3462 826 3702 921 πρέπον.

2126 916 2366 1013 Δακρύει
2395 939 2454 994 δὲ
2476 940 2512 990 6
2524 936 2760 1006 Κύριος,
2798 927 3061 1002 ἑωρακὼς
3090 927 3181 979 τὸν
3212 921 3499 1013 κατ’ίδίαν
3516 916 3703 1013 είκὸνα

2126 1005 2389 1102 γεγονότα
2432 1005 2744 1096 ἄνθρωπον,
2795 1017 3277 1089 κατεφθαρμένον,
3328 1012 3416 1065 ἵνα
3454 1005 3698 1102 τδᾼὴμῶν

2128 1098 2442 1194 περιστείλῃ
2484 1119 2737 1187 δάκρυον.
2793 1112 2892 1184 Διά
2932 1110 3042 1180 γὰρ
3064 1105 3223 1160 τοῦτο
3270 1104 3363 1156 καὶ
3390 1098 3697 1194 ἀπέθανεν,

2126 1188 2214 1277 ἵνα
2255 1212 2349 1266 καὶ
2395 1188 2559 1281 ἡμεῖς
2608 1203 3012 1273 ἀπαλλαγῶμεν
3064 1197 3333 1252 θανάτοιν
3382 1189 3607 1281 δακρύει
3640 1188 3699 1240 δὲ

2129 1306 2307 1378 μόνον,
2347 1280 2441 1356 καὶ
2474 1299 2635 1362 εὐθὺς
2664 1297 2849 1366 ἐπέχει
2880 1293 2941 1346 τὸ
2968 1292 3221 1360 δάκρυον,
3241 1287 3330 1340 ἵνα
3359 1283 3438 1378 μὴ
3456 1280 3584 1378 δόμξῃ
3614 1294 3696 1378 τις

2124 1370 2275 1470 ίὶιμὸς
2294 1370 2400 1450 καὶ
2428 1389 2759 1463 ἀσυμπαθὴς
2791 1381 2930 1440 εῖναι
2951 1425 2964 1448 ,
3003 1383 3097 1437 καὶ
3135 1380 3283 1450 ἡμᾶς
3314 1375 3408 1470 επὶ
3432 1375 3558 1470 τοῖς
3575 1370 3699 1470 Δαύ-

2124 1460 2235 1553 τοῖς
2256 1460 2632 1553 Ὗπαιδεύωννμὴ
2661 1479 2756 1533 ἐπὶ
2782 1478 2916 1531 πολὺ
2941 1470 3230 1529 ἐκλύεσθαι
3255 1468 3345 1521 ἐπὶ
3369 1467 3482 1553 τοῖς
3510 1460 3698 1530 τεθνη-

2124 1552 2244 1633 κόσι
2272 1595 2287 1608 ·
2317 1575 2379 1630 τὸ
2423 1552 2677 1645 μὲνγὰρ,
2708 1563 3051 1637 συμπαθείας
3080 1559 3367 1630 ἐχόμενον,
3396 1552 3458 1607 τὸ
3486 1553 3565 1614 δὲ,
3596 1567 3697 1618 γυ-

2123 1672 2367 1728 ναικικδν
2399 1668 2495 1723 καὶ
2519 1662 2802 1733 ἄνανδρον.
2830 1657 2931 1711 Διὰ
2953 1654 3110 1710 τοῦτο
3141 1649 3233 1707 οὖν
3264 1645 3609 1718 συνεχώρησε
3631 1646 3705 1712 τῇ,

2127 1765 2231 1836 ἰδίᾳ
2258 1759 2425 1832 σαρκὶ
2449 1755 2681 1810 κλαῦσαι
2705 1751 2886 1818 ὀλίγον
2904 1791 2919 1816 ,
2947 1746 3150 1837 καίπερ
3175 1742 3248 1795 ὢν
3376 1737 3538 1837 φύσει
3559 1734 3701 1837 ἔδαε

2126 1825 2261 1926 κρύς
2291 1825 2388 1905 καὶ
2423 1846 2642 1914 ἀπάσης
2670 1838 3020 1909 ἀνεπίδεκτος
3052 1833 3264 1926 λύπης..
3294 1831 3429 1926 ὅσον
3450 1827 3527 1887 εἰς
3559 1825 3695 1926 ἰδίαν

2126 1913 2306 2016 φύσιν.
2361 1935 2714 2009 Θαυμάζουσι
2748 1932 2807 2009 δὲ
2851 1930 2945 1984 καὶ
3006 1926 3159 1980 αὐτοὶ
3197 1924 3246 1976 οἱ
3278 1918 3593 1990 μισούντες,
3637 1913 3698 1967 τὸ

2124 2014 2331 2106 Κυρίου
2369 2032 2431 2085 τὸ
2456 2029 2711 2100 δάκρυον.
2751 2026 2814 2076 Ol
2847 2022 2956 2091 γὰρ
2972 2021 3050 2083 εἰς
3073 2017 3240 2087 ἄκρον
3263 2014 3694 2106 φιλοσοφοῦντες,

2124 2100 2281 2182 καὶ-οἱ
2300 2125 2356 2178 ἐν
2379 2119 2647 2192 ὑπολήψει
2664 2116 2912 2188 λαμπρᾷ,
2927 2108 3332 2182 δυσχερέστατα
3349 2100 3701 2173 δακρύουσιν,

2121 2223 2196 2286 ὡς
2230 2214 2766 2284 κατανεανιευόμενοι
2827 2207 3007 2276 πάσης
3055 2201 3358 2272 συμφορᾶς.
3419 2192 3700 2263 Ἐνόμιζον

2120 2316 2175 2370 δὲ
2202 2315 2250 2368 οἱ
2285 2311 2528 2365 Ἰουδαῖοι
2558 2308 2639 2360 ὅτι
2665 2301 2755 2357 διὰ
2780 2301 2877 2355 τὸν
2898 2298 3127 2352 θάνατον
3160 2293 3393 2362 ἐδάκρυε
3416 2286 3690 2356 Λαζάρου·

2121 2406 2282 2468 αὐτὸς
2322 2402 2379 2456 δὲ
2430 2401 2610 2454 πᾶσαν
2662 2396 2761 2463 τὴν
2819 2387 3166 2461 ἀνθρωπίνην
3215 2382 3375 2453 φύσιν
3424 2374 3694 2434 κατελεῶν

2121 2500 2443 2570 ἐδάκρυσεν,
2480 2493 2540 2546 ού
2578 2490 2737 2561 μόνον
2758 2485 3009 2553 Λάζαρον
3038 2477 3260 2570 κλαίων,
3279 2472 3416 2570 ἀλλά
3433 2471 3495 2526 τὸ
3524 2469 3704 2570 πάλαι

2122 2560 2468 2660 ωμέεῦηκὺς
2496 2560 2710 2643 ἐννοῶν,
2741 2578 2825 2630 ὅτι
2850 2575 3000 2627 πᾶσα
3024 2572 3069 2660 ἠν
3093 2564 3449 2660 ἀνθρωπόττις
3474 2560 3697 2660 γέγονεν

2120 2651 2223 2734 ὑπο
2257 2651 2486 2731 θάνατον
2511 2714 2525 2738 ,
2557 2669 2784 2730 δικαίως
2820 2664 2899 2732 τῷ
2931 2659 3160 2730 τοιούτῳ
3198 2654 3459 2725 ἐπιτιμίῳ
3490 2651 3696 2703 ὑποπε-

2121 2772 2306 2826 σοῦσα.
2359 2766 2547 2819 ’Λλλοι
2577 2763 2635 2817 δὲ
2679 2758 2783 2813 ὑπὸ
2827 2756 2920 2809 τοῦ
2957 2752 3153 2823 φθόνου
3192 2746 3512 2819 τρωθέντες,
3544 2741 3699 2795 οὐδὲν

2118 2864 2305 2930 ἔλεγον
2337 2855 2542 2926 ἀγαθόν
2568 2871 2582 2885 ο
2635 2852 2694 2904 οὐ
2733 2848 2844 2919 γὰρ
2878 2844 3022 2900 κατὰ
3053 2841 3317 2912 ἀλήθειαν
3344 2835 3572 2930 ᾑτιῷντο
3608 2831 3696 2885 τὸν

2117 2926 2351 3024 Κύριον,
2391 2948 2467 3011 ὡς
2522 2942 2894 3013 ἐπιτρέψαντα
2935 2936 3234 2991 ἀποθανεῖν
3270 2930 3360 2982 τὸν
3406 2926 3693 2995 Λᾰιζοιρον⁸

2115 3017 2275 3098 τοῦτο
2306 3042 2421 3111 γὰρ
2450 3035 2519 3110 ἦν
2557 3033 2925 3090 πιστευόντων
2962 3031 3044 3082 ὅτι
3087 3024 3318 3094 ἠδύνατο
3349 3020 3439 3073 τὸν
3472 3017 3707 3070 θάνατον
3751 3045 3755 3050 -

2122 3138 2336 3208 στῆσαι.
2386 3110 2544 3185 Ἂλλά
2580 3123 2863 3199 μονονουχὶ
2890 3119 3048 3174 τοῦτό
3081 3133 3243 3186 φασιν
3269 3130 3282 3145 ’
3326 3110 3435 3166 Ποῦ
3466 3112 3499 3180 ἡ
3545 3110 3703 3176 ἰσχύς

2123 3200 2247 3292 σού,
2287 3220 2333 3279 ὧ
2363 3216 2781 3291 θαυματουργέ;
2847 3213 2979 3266 Ἰδοὺ
3006 3209 3114 3279 γὰρ
3142 3207 3233 3261 καὶ
3267 3205 3340 3276 μὴ
3377 3200 3708 3292 βουλομένου

2123 3289 2254 3384 σού,
2288 3289 2549 3387 τέθνηκεν
2577 3315 2606 3365 ὁ
2638 3309 2744 3363 ὑπὸ
2779 3305 2873 3359 σού
2899 3300 3225 3393 φιλούμενος
3244 3313 3257 3326 ·
3289 3297 3392 3393 ’ὅτι
3560 3289 3701 3393 ἠγά-

2122 3383 2252 3477 πας,
2277 3383 2447 3480 δῆλον.
2472 3407 2531 3473 ἐξ
2564 3397 2627 3457 οὗ
2657 3396 2932 3468 δακρύεις.
2952 3394 3018 3446 El.
3039 3386 3131 3445 οὖν
3161 3384 3355 3480 ἧνᾼτῆς
3383 3383 3481 3452 σῆς
3515 3383 3700 3480 ἰσχύος.

2118 3508 2180 3561 τὸ
2318 3472 2526 3568 ἶτυφλοῦ
2547 3488 2971 3565 ἕργον,ὴδύνασο
2996 3481 3091 3536 καὶ
3110 3479 3201 3532 τὸν
3227 3475 3454 3528 θάνατον
3478 3472 3702 3580 exhauri,

2120 3559 2257 3666 61:59
2302 3559 2419 3648 ἐστί
2466 3559 2769 3666 καίοιύτὸΔ
2822 3578 2961 3647 ὑπὲρ
3010 3570 3298 3666 ἀνθρώπου
3345 3564 3525 3666 ερύσιν.
3587 3559 3697 3666 ,ΔὩς

2119 3656 2491 3758 ἐπιχαίροντες
2522 3672 2615 3730 οὖν
2644 3674 2704 3739 ἐξ
2736 3663 2808 3726 ὧν
2839 3669 3025 3739 ἑώρων
3048 3662 3248 3734 τρόπον
3268 3656 3392 3711 τινὰ
3434 3656 3704 3759 παραλύο-

2127 3742 2293 3853 μένλν
2312 3742 2435 3844 ⁵τὴν
2464 3766 2628 3825 αὑτοῦ
2651 3764 2809 3829 δόξαν
2828 3801 2844 3827 ,
2879 3760 3013 3830 φασὶ
3040 3754 3201 3810 τοῦτο
3231 3768 3243 3781 ·
3281 3746 3452 3811 Λύτός
3478 3761 3543 3814 γε
3595 3742 3707 3813 μὴν,

2126 3871 2425 3940 ἐδάκρυσεν
2465 3862 2559 3916 ἐπὶ
2581 3857 2839 3927 Λαζάρῳ.

446 3946 594 4014 quod
626 3944 851 4014 quidem
895 3954 981 4000 est
1029 3960 1196 4015 supra
1243 3955 1497 4002 naturam
1538 3928 1799 4008 hominis.
1849 3928 2021 4026 Igitur
2063 3928 2392 4015 insultantes
2442 3954 2513 4017 ci,
2536 3949 2685 4021 quod
2734 3947 2982 4000 viderent
3049 3934 3451 4012 quodammodo
3515 3928 3698 3985 immi-

448 4042 638 4090 nutam
672 4035 794 4104 ejus
823 4037 1075 4106 gloriam,
1103 4036 1208 4091 hoc
1254 4039 1443 4093 dicunt
1473 4058 1486 4094 :
1523 4040 1642 4110 Ipse
1674 4045 1893 4114 quidem
1933 4049 2269 4122 lacrymatus
2299 4055 2383 4103 est
2409 4058 2575 4114 super
2601 4041 2829 4095 Lazaro.

519 4125 610 4181 Sic
655 4126 859 4181 dicitur
912 4142 1008 4198 pro
1043 4146 1057 4183 :
1089 4128 1409 4186 Commotus
1454 4132 1520 4186 ad
1577 4134 2022 4194 misericordiam

449 4226 670 4286 propter
701 4218 997 4273 multorum
1027 4220 1321 4291 lacrymas,
1347 4222 1636 4292 imperavit
1669 4228 1887 4296 spiritui
1914 4246 2017 4283 suo

2206 4142 2350 4196 ’Λντὶ
2373 4137 2468 4191 τοῦ
2510 4135 2584 4204 (l)
2610 4173 2623 4197 ,
2668 4124 3042 4206 Κεκινημένος
3085 4125 3164 4186 είς
3202 4121 3349 4174 έλεον
3384 4122 3448 4172 ἐκ
3483 4114 3577 4168 τοῦ
3607 4115 3702 4168 δα-

2124 4234 2328 4306 κρῦσαι
2355 4227 2604 4289 πολλοὺς,
2624 4220 2927 4276 ἐνετείλατο
2945 4216 3144 4287 τρόπον
3161 4213 3281 4267 τινὰ
3296 4211 3373 4283 τῷ
3400 4210 3512 4306 ίδίῳ
3530 4208 3703 4306 Πνεύῖ-

449 4319 512 4364 ιιι
543 4317 774 4365 mortem
808 4310 972 4365 etiam
1008 4319 1135 4366 ante
1168 4322 1387 4382 tempus
1412 4315 1731 4384 debellaret,
1758 4335 1821 4375 ac
1851 4320 2019 4375 Laza—

2128 4299 2259 4395 ματι
2288 4316 2682 4377 καταπαλαίειν
2698 4351 2711 4377 ,
2739 4311 2832 4365 καὶ
2852 4308 2959 4382 πρὸ
2981 4306 3192 4379 καιροῦ,
3216 4303 3310 4358 τοῦ
3336 4301 3587 4365 θανάτου,
3608 4299 3701 4352 καὶ

450 4414 574 4454 rum
606 4401 919 4456 suscitaret.

523 4490 750 4545 Miratur
773 4507 971 4557 rursus
993 4492 1155 4549 divus
1178 4495 1514 4564 evangelista
1541 4495 1756 4554 ﬂentem
1784 4517 2025 4559 cernens

453 4577 908 4647 illacrymabilem
942 4587 1216 4634 naturam.
1242 4584 1408 4653 Atqui
1436 4586 1671 4641 humana
1697 4588 1812 4644 haec
1837 4596 2022 4661 passio

454 4677 590 4726 erat.
619 4669 981 4725 Miserabatur
1012 4673 1158 4727 enim
1187 4690 1297 4728 non
1328 4676 1447 4731 sine
1480 4693 1668 4743 causa,
1700 4692 2022 4752 corruptum

460 4764 652 4818 videns
684 4764 959 4818 hominem
1002 4765 1070 4819 ad
1104 4766 1393 4837 imaginem
1426 4768 1519 4824 Dei
1549 4781 1815 4839 creatum,
1849 4785 1904 4830 et
1934 4791 2029 4830 ca-

462 4855 796 4910 lamitatibus
836 4857 1042 4911 nostris
1090 4860 1541 4915 contristabatur.
1577 4861 1691 4918 Nisi
1734 4865 1879 4919 enim
1930 4882 2027 4936 pro

458 4946 620 5000 nobis
666 4945 1004 5017 lacrymatus
1051 4956 1218 5013 esset,
1247 4964 1420 5004 meam
1476 4969 1585 5007 non
1630 4955 1911 5010 cohiberet
1949 4958 2026 5012 la-

457 5050 720 5106 crymam.
767 5034 901 5090 Nam
945 5038 1089 5091 sicut
1134 5039 1181 5093 is
1233 5039 1327 5108 qui
1356 5048 1475 5094 erat
1502 5040 1739 5097 Verbum
1788 5044 1975 5100 dicens
2005 5063 2024 5098 :

462 5145 479 5175 ‹
524 5125 632 5196 Ego
673 5142 793 5182 sum
848 5129 1005 5197 panis
1056 5129 1125 5185 de
1160 5133 1303 5185 ccelu
1356 5131 1716 5200 descendens,
1752 5136 2026 5206 vitamque

459 5216 665 5272 mundo
699 5218 932 5275 aﬂ‘erens
958 5220 1048 5287 “',
1081 5239 1100 5273 ι
1134 5222 1383 5291 permisit
1419 5231 1602 5280 tamen
1643 5226 1936 5296 aliquando
1966 5235 2027 5281 ut

530 5417 596 5449 δι’
628 5414 789 5471 Joan.
830 5433 907 5484 Vl,
941 5418 1029 5473 50.

535 5550 612 5621 (1)
669 5552 820 5607 Ἀντί
863 5553 969 5608 τοῦ
1016 5592 1029 5606 .
1060 5594 1075 5609 .
1107 5594 1120 5607 .
1155 5593 1169 5608 .

535 5645 611 5716 (2)
667 5645 1151 5713 Καταπλήττετίιι
1198 5686 1225 5716 ν.
1276 5687 1295 5716 ,ί
1358 5683 1373 5700 .
1405 5681 1420 5696 .

2129 4414 2433 4483 ἀναστῆσαι
2461 4410 2561 4462 τὸν·
2584 4405 2851 4475 Λάζαρον.

2183 4480 2635 4567 Καταπλήττεται
2666 4492 2743 4559 (2)
2762 4490 2924 4543 πάλιν
2944 4491 2972 4541 6
2989 4487 3271 4547 θεσπέσιος
3288 4480 3694 4552 εὐαγγελιστὴς,

2132 4591 2472 4662 δακρύουσαν
2506 4585 2717 4662 βλέπων
2762 4582 2861 4653 τὴν
2907 4580 3207 4650 ἀδάκρυτον
3250 4576 3431 4646 φύσιν.
3481 4575 3591 4627 Καὶ
3638 4573 3703 4625 τὸ

2132 4654 2300 4745 πάθος
2323 4676 2390 4751 ἦν
2414 4654 2772 4749 ἀνθρώπινον.
2806 4671 2984 4725 Ἠλέει
3010 4669 3117 4739 γὰρ
3150 4666 3376 4729 εἰκότως
3400 4663 3696 4733 κατεφθαρ-

2136 4774 2292 4843 μένον
2326 4769 2467 4841 ὀρῶν
2498 4768 2590 4821 τὸν
2624 4766 2742 4819 κατ’
2772 4763 2907 4817 ἰδίαν
2934 4759 3143 4820 είκὸνα,
3182 4758 3275 4810 καὶ
3313 4752 3705 4821 ὲπιστυγνάζει

2124 4866 2244 4926 ταῖς
2262 4861 2555 4932 ἡμετέραις
2575 4856 2901 4926 συμφοραῖς.
2918 4851 2979 4902 Εἰ
2997 4849 3103 4919 γὰρ
3124 4850 3196 4919 μὴ
3213 4847 3541 4918 δεδάκρυκεν
3558 4844 3698 4911 ὑπὲρ

2125 4955 2280 5025 ἡμῶν
2300 4992 2315 5015 ,
2345 4953 2445 5006 ούκ
2468 4950 2531 5004 ἂν
2562 4949 2622 5001 τὸ
2665 4946 2796 5014 ἐμὸν
2832 4940 3159 5012 περιεστάλη
3201 4940 3454 5010 δάκρυον.
3489 4938 3699 5005 Ὂνπερ

2128 5046 2237 5115 γὰρ
2264 5043 2463 5115 τρόπον
2485 5040 2645 5100 αὐτὸς
2668 5033 2735 5107 ἦν
2772 5038 2801 5088 6
2832 5034 3002 5101 Λόγος
3025 5035 3053 5086 6
3076 5031 3269 5096 εἰπὼν,
3316 5049 3334 5081 ι
3360 5027 3498 5097 Ἐγώ
3527 5029 3644 5096 εἰμι
3668 5029 3697 5078 ὀ

2128 5137 2290 5209 ἄρτος
2335 5135 2363 5186 ὁ
2408 5130 2466 5196 ἐξ
2511 5124 2736 5201 ούρανοῦ
2772 5124 3047 5189 καταϐὰς,
3092 5124 3187 5177 καὶ
3216 5121 3359 5192 ζωὴν
3391 5119 3565 5182 διδοὺς
3621 5119 3696 5188 τῷ

2131 5228 2370 5294 κόσμῳ,›
2409 5218 2827 5289 συγκεχώρηκεν
2857 5217 2965 5270 ἀπὸ
2983 5216 3180 5287 μέρους
3201 5213 3301 5283 τῆς
3331 5214 3463 5277 ἰδίας
3491 5210 3693 5284 σαρκὸς

1219 5554 1327 5609 τὸν
1366 5548 1654 5621 Λάζαρον.
1706 5551 1783 5607 Ex
1830 5553 2056 5609 Macarii
2095 5549 2471 5624 Chrysoceph.
2502 5550 2539 5604 l.
2573 5550 2609 5603 l.
2640 5562 2728 5619 ap.
2765 5546 2870 5603 Mai
2901 5546 3031 5601 ibid.

1491 5644 1591 5715 καὶ
1661 5645 2022 5715 ἀσυμπαθέςη

2126 5646 2172 5698 Ix
2227 5652 2420 5715 catena
2464 5641 2641 5715 Yatic.
2684 5637 2909 5715 περ.-ῌοί
2937 5636 3069 5696 ibid.
3101 5633 3274 5707 Hujus
3303 5643 3356 5692 et
3407 5634 3687 5707 sequentis

465 5710 752 5787 ira'gmenti
800 5710 1018 5772 nonnisi
1068 5715 1348 5786 particula:
1395 5714 1638 5784 quaedam
1702 5710 1921 5773 exstant
1971 5710 2024 5771 in
2056 5724 2247 5772 catena
2277 5712 2628 5776 Corderiana,
2658 5710 2863 5782 p.291.

1998 5800 2016 5833 Ι
