4062 6208
433 302 506 363 59
1425 304 1485 361 S.
1521 303 1800 361 CYRIIJJ
1831 298 2309 359 ALEXANDRINI
2340 297 2665 356 ABCHIEP.
3627 287 3697 345 60

502 421 595 486 XI,
624 423 717 481 40.
758 424 953 481 Nonne
987 426 1083 483 tibi
1120 427 1233 489 dixi
1291 426 1562 495 quoniam,
1611 427 1658 480 si
1700 423 2008 488 credideris.
2043 466 2048 483 ι

2190 423 2312 476 Οὐκ
2356 415 2534 474 εἶπόν
2562 435 2662 473 σοι
2715 416 2945 478 ametur
2977 411 3352 480 πιστεύσῃς,
3405 407 3542 478 ὄψει
3586 408 3700 476 τὴν

430 515 626 573 videbis
657 517 887 589 gloriam
918 519 1017 575 Dei
1036 522 1064 578 2

500 605 700 680 Ingens
750 610 956 667 bonum
995 623 1083 670 est
1138 613 1273 670 ﬁdes
1302 628 1432 668 cum
1478 628 1546 670 ex
1582 611 1797 668 ardenti
1830 611 2016 667 animo

434 701 703 765 nascitur,
735 709 1058 772 tantamque
1092 704 1201 758 vim
1238 705 1425 767 habet,
1457 712 1520 759 ut
1553 718 1662 757 non
1712 701 1891 758 solum
1922 702 2017 770 qui

433 791 610 846 credit
658 802 938 859 servetur,
962 793 1060 849 sed
1114 805 1177 849 ut
1226 776 1393 851 etiam
1439 795 1672 850 aliorum
1724 792 1860 849 ﬁdes
1896 794 2021 850 aliis

436 883 601 938 saluti
658 886 752 948 sit,
788 894 851 941 ut
894 887 951 940 in
988 887 1373 957 Capharuaum
1427 878 1707 944 resolutus
1756 886 2021 942 membris

435 976 773 1045 paralyticus
799 992 894 1047 per
922 977 1083 1033 ﬁdem
1116 995 1306 1034 eorum
1338 979 1431 1050 qui
1466 978 1756 1050 portabant
1788 994 1911 1033 eum
1942 993 2024 1033 sa-

436 1074 601 1120 natus
633 1076 742 1133 est,-
771 1076 829 1122 ut
881 1067 1125 1126 Lazarus
1157 1086 1252 1140 per
1295 1070 1453 1125 (idem
1486 1069 1714 1135 sororis,
1759 1067 1829 1124 ad
1859 1085 2024 1139 quam

436 1157 577 1211 dixit
606 1157 872 1215 Dominus
904 1177 918 1215 :
960 1179 981 1213 ι
1021 1160 1278 1231 Nunquid
1317 1161 1431 1217 dixi
1471 1162 1571 1218 tibi
1595 1163 1768 1234 quod,
1822 1162 1870 1217 si
1900 1179 2025 1220 cre-

438 1248 547 1315 dis,
584 1251 794 1308 videbis
827 1254 1060 1324 gloriam
1097 1255 1235 1311 Dei?
1272 1275 1291 1308 ι
1326 1254 1727 1327 propemodum
1775 1255 1970 1314 dicens
2010 1275 2024 1312 :

440 1341 903 1414 Quandoquidem
939 1346 1184 1403 Lazarus
1229 1356 1479 1405 mortuus
1522 1326 1750 1406 credere
1783 1366 1893 1406 non
1930 1367 2030 1423 po-

440 1444 570 1500 test,
595 1444 654 1493 tu
675 1438 857 1508 quoad
887 1440 1047 1495 ﬁdem
1082 1440 1286 1494 mortui
1311 1440 1486 1496 vicem
1517 1441 1798 1512 suppleas.
1823 1441 2031 1514 Duplex

441 1536 625 1582 autem
656 1538 745 1585 est
776 1528 902 1584 ﬁdei
934 1530 1179 1601 species:
1207 1531 1315 1587 alia
1344 1532 1567 1603 quidem
1597 1533 1909 1605 dogmatica
1928 1532 2030 1593 ias-

442 1620 703 1677 sensione
748 1622 953 1678 mentis
989 1622 1198 1680 habens
1236 1623 1305 1680 de
1337 1624 1442 1681 hac
1472 1639 1533 1682 re
1563 1626 1771 1698 aliqua,
1806 1635 1865 1682 ut
1903 1628 2029 1694 hoc,

2113 512 2303 576 δόξαν
2328 512 2435 567 τοῦ
2466 510 2614 566 Θεοῦ
2634 528 2652 572 ;

2187 607 2350 675 Μέγα
2391 605 2594 675 ἀγαθὸν
2637 603 2854 668 πίστις,
2904 603 3036 656 ὅταν
3090 600 3200 655 άπδ
3233 600 3443 672 θερμῆς
3484 594 3702 667 γίνήται

2115 698 2354 762 διανοίας
2373 739 2389 764 ,
2424 699 2520 767 κα).
2544 696 2816 767 τοσαύτην
2846 694 2959 766 ἔχει
2989 693 3221 765 δύναμιν
3242 736 3255 756 ,
3284 691 3427 746 ὥστε
3446 691 3510 744 οὐ
3544 688 3703 760 μόνον

2117 792 2146 844 6
2177 787 2449 843 πιστεύων
2477 786 2744 853 σώζεται,
2793 785 2926 840 άλλά
2974 786 3068 839 καὶ
3107 785 3254 839 ἄλλοι
3279 782 3452 838 ἄλλων
3485 797 3706 835 πιστευ-

2123 880 2332 934 σάντων
2361 877 2665 947 ὲσὼθησανσ
2710 875 2799 940 ὡς
2844 877 2873 929 6
2904 876 2963 928 ὲν
2997 876 3378 944 Καπαρναοὺμ
3412 869 3708 943 χαλασθεὶς

2123 972 2434 1041 παράλυτος
2451 1011 2466 1035 ,
2516 968 2607 1023 διὰ
2633 968 2731 1041 τὴν
2759 967 2940 1021 πίστιν
2963 967 3072 1020 τῶν
3105 966 3479 1036 βασταζόντων
3503 962 3665 1018 αὐτόν
3690 976 3703 991 ·

2122 1063 2198 1127 ὼς
2239 1065 2268 1116 6
2304 1061 2556 1131 Λάζαρος
2576 1099 2591 1124 ,
2619 1058 2708 1113 διά
2736 1059 2836 1129 τὴν
2876 1058 2975 1129 τῆς
3013 1056 3250 1127 ἀδελφῆς
3271 1096 3286 1119 .
3340 1054 3476 1125 πρὸς
3505 1053 3571 1123 ἣν
3604 1051 3705 1121 ἔφη

2124 1158 2153 1210 6
2182 1155 2420 1227 Κύριος’
2459 1173 2477 1206 t
2508 1154 2622 1207 Οὐκ
2651 1147 2805 1207 εἶπόν
2845 1167 2930 1203 σοι
2976 1150 3082 1211 ὅτι,
3109 1149 3204 1203 ὲάν
3247 1144 3511 1217 πιστεύῃς
3533 1184 3548 1207 ,
3588 1142 3708 1211 ὄψει

2126 1249 2225 1319 τὴν
2257 1245 2416 1313 δόξαν
2465 1245 2561 1300 τοῦ
2611 1245 2747 1298 Θεοῦ
2775 1263 2789 1309 ;
2821 1263 2840 1296 ι
2893 1241 3178 1314 μονονουχὶ
3221 1240 3396 1307 λέγων
3418 1252 3431 1265 '
3492 1233 3710 1303 Ἐπειδὴ

2128 1340 2378 1411 Λάζαρος
2425 1337 2618 1409 νεκρὸς
2663 1336 2739 1390 ὢν
2775 1334 3051 1391 πιστεύειν
3097 1333 3157 1387 ού
3195 1331 3448 1395 δύναται,
3505 1327 3570 1381 σὺ
3616 1324 3710 1379 τοῦ

2127 1428 2327 1501 νεκροῦ
2355 1427 2416 1482 τὸ
2442 1427 2628 1481 λεῖπον
2669 1427 2770 1498 τῆς
2792 1425 3031 1489 πίστεως
3060 1423 3477 1494 ἀναπλήρωσον.
3529 1416 3714 1471 Διττδν

2129 1519 2186 1573 δὲ
2223 1519 2325 1589 τῆς
2359 1518 2595 1582 πίστεως
2638 1517 2697 1571 τὸ
2742 1512 2882 1581 εἶδος
2907 1554 2923 1581 ,
2966 1517 3030 1569 τὸ
3079 1513 3180 1585 μὲν
3220 1509 3553 1581 δογματικδν
3587 1523 3716 1577 συγ-

2133 1610 2429 1667 κατάθεσιν
2461 1613 2562 1682 τῆς
2610 1609 2789 1681 ψυχῆς
2834 1608 2959 1678 ἔχον
3008 1607 3139 1680 περὶ
3190 1604 3346 1658 τοῦδὲ
3404 1616 3585 1664 τινος
3641 1598 3719 1663 ὡς

447 1727 468 1762 ι
509 1709 613 1778 Qui
654 1711 831 1768 credit
874 1714 929 1768 in
968 1711 1167 1769 Filium
1210 1728 1321 1772 non
1362 1692 1675 1787 judicatnr-
1707 1716 1755 1751 "
1791 1735 1808 1788 ;
1848 1737 1871 1772 ι
1924 1692 2030 1775 alia

2148 1706 2214 1772 τὸ,
2244 1724 2263 1758 ι
2304 1706 2364 1759 '0
2389 1704 2661 1759 πιστεύων
2690 1705 2773 1768 είς
2797 1703 2889 1757 τὸν
2916 1702 3069 1768 Υἱὸν,
3094 1701 3155 1754 οὗ
3182 1698 3425 1771 κρίνεται
3448 1711 3461 1725 ·
3495 1714 3516 1747 ι
3547 1692 3610 1747 τὸ
3635 1692 3714 1757 δὲ,

444 1818 567 1872 qua:
600 1805 720 1859 vice
772 1804 965 1874 gratia:
1001 1821 1033 1860 a
1065 1805 1290 1864 Chrisw
1326 1779 1509 1864 datur.
1576 1828 1600 1862 ι
1636 1808 1704 1865 Et
1745 1779 1879 1867 huic
1909 1811 2035 1883 qui-

2148 1801 2197 1854 ὲν
2232 1799 2454 1871 χάριτος
2504 1798 2663 1871 μέρει
2715 1796 2869 1868 παρὰ
2916 1795 3013 1851 τοῦ
3053 1791 3290 1866 Χριστοῦ
3336 1788 3714 1883 δωρούμενον

450 1898 601 1961 dem,
628 1899 726 1963 ait,
753 1915 851 1969 per
874 1899 1144 1971 Spiritum
1166 1901 1330 1958 datur
1351 1916 1538 1960 sermo
1552 1903 1854 1976 sapientiae,
1874 1906 2034 1963 alteri

446 2006 579 2046 vero
614 1991 735 2048 ﬁdei
756 1993 801 2024 ⁸⁸
822 2009 836 2058 ;
857 2012 877 2045 ι
912 2010 1035 2064 qua:
1059 1994 1280 2065 quidem
1311 2011 1423 2051 non
1453 2004 1667 2053 tantum
1697 2005 1783 2054 est
1814 1998 2038 2070 dogma-

449 2084 581 2151 tica,
611 2086 709 2141 sed
761 2090 1062 2143 multorum
1096 2104 1220 2160 quae
1264 2104 1433 2161 supra
1473 2090 1752 2146 hominem
1793 2099 1926 2147 sunt
1957 2090 2039 2148 εἷς

451 2175 673 2243 lectrix,
709 2179 782 2233 ita
830 2191 889 2235 ut
922 2181 1088 2237 etiam
1139 2189 1361 2238 montes
1403 2181 1707 2239 transferat
1744 2182 1815 2238 “.
1869 2183 2040 2256 Igitur

451 2267 666 2324 Martha
697 2288 762 2327 ex
797 2272 1115 2329 inﬁrmitate
1140 2273 1314 2345 688
1359 2274 1807 2333 ratiocinationis
1852 2277 1909 2331 in
1956 2276 2042 2331 in-

452 2367 837 2424 credulitatem
869 2368 1091 2435 incidit,
1143 2369 1241 2426 sed
1264 2384 1372 2424 non
1408 2372 1538 2426 sinit
1574 2370 1858 2436 Dominus,
1877 2378 1932 2426 et
1960 2387 2053 2429 cc-

452 2459 645 2515 leriter
691 2461 821 2516 huic
871 2462 1018 2519 malo
1071 2461 1233 2517 ﬁnem
1286 2462 1541 2532 imponit.
1587 2446 1818 2534 Oportet
1870 2465 2042 2530 enim,

457 2550 661 2620 inquit,
686 2552 915 2609 credere
946 2554 1199 2619 ﬁrmiter,
1223 2560 1283 2608 ut
1307 2554 1601 2610 videantur
1628 2570 1693 2610 ea
1725 2570 1846 2626 qum
1890 2569 2043 2626 spem

456 2655 721 2714 superant
752 2663 768 2700 :
806 2660 1042 2718 magnus
1080 2646 1228 2702 enim
1272 2658 1359 2702 est
1392 2648 1643 2713 morbus,
1689 2648 1908 2704 animus
1949 2663 2053 2703 an-

458 2753 611 2808 ceps.
642 2748 696 2794 et
740 2740 836 2809 q‘ui
870 2740 967 2795 Dei
1016 2742 1196 2810 gratia
1228 2741 1667 2812 muneribusque
1712 2756 1814 2799 nos
1846 2742 2044 2812 privat.

459 2830 585 2886 Ideo
615 2831 708 2900 qui
750 2832 799 2886 ei
835 2832 1178 2897 succensuit,
1210 2834 1529 2889 universum
1559 2833 1841 2889 hominum
1877 2849 2050 2905 genus

458 2924 659 2987 erexit,
687 2939 754 2979 ne
788 2925 1046 2994 ancipitis
1086 2925 1255 2980 animi
1290 2924 1527 2997 ﬁdeique
1551 2926 1713 2982 malis
1749 2934 2052 2983 teneretur.

460 3014 636 3070 Porro
669 3016 930 3072 Christus
975 3017 1157 3074 vitans
1188 3018 1405 3074 inanem
1445 3018 1701 3088 gloriam,
1742 3034 1853 3077 non
1891 3020 2050 3088 dixit,

465 3105 698 3164 Videbis
730 3108 963 3179 gloriam
1014 3125 1212 3172 meam,
1259 3110 1353 3167 sed
1396 3110 1491 3167 Dei
1524 3129 1537 3167 :
1569 3111 1743 3183 gloria
1792 3126 1922 3168 vero
1956 3111 2048 3170 Dei
2078 3131 2122 3190 (ς

463 3210 573 3269 est,
606 3203 878 3258 suscitare
914 3211 1217 3258 mortuum.
1247 3202 1369 3275 Ipse
1417 3203 1587 3275 igitur
1615 3214 1699 3259 est
1743 3206 2048 3261 secundum

464 3302 718 3349 naturam
750 3294 917 3360 Deus,
950 3295 1044 3365 qui
1076 3296 1235 3361 dixit,
1274 3314 1293 3348 ι
1333 3293 1444 3366 Ego
1479 3311 1600 3352 sum
1631 3296 1985 3365 resurrectio,
2025 3318 2048 3352 ι

465 3386 628 3456 cujus
654 3387 885 3458 gloriam
933 3388 1218 3444 mulierem
1266 3390 1432 3459 paulo
1464 3396 1587 3459 post
1616 3389 1860 3445 visuram
1891 3389 2051 3458 dixit,

466 3480 687 3551 quando
727 3481 940 3550 putabit
966 3482 1249 3537 veritatem
1290 3495 1399 3536 non
1434 3481 1674 3546 mentiri,
1700 3481 1793 3546 qui
1828 3481 2050 3551 quidem

466 3574 723 3629 Christus
763 3581 882 3638 est;
911 3581 1032 3629 erat
1081 3581 1263 3629 autem
1315 3574 1363 3629 ei
1421 3574 1753 3644 promissum
1819 3572 1938 3629 fore
1988 3580 2051 3629 ut

469 3674 724 3721 mortuus
755 3665 878 3734 ejus
926 3652 1101 3720 fr'ater
1128 3673 1465 3737 resurgeret.
1502 3662 1568 3719 Et
1604 3664 1773 3720 Maria
1805 3665 2050 3735 quidem,

469 3764 671 3828 utpote
709 3774 833 3828 quae
867 3768 953 3815 est
1016 3757 1430 3828 intelligentior,
1477 3758 1688 3813 nullum
1748 3757 2054 3813 dubitantis

470 3851 636 3903 animi
674 3850 893 3920 signum
941 3866 1054 3921 prae
1097 3866 1158 3907 se
1200 3849 1380 3905 ferens
1422 3850 1717 3920 loquitur:
1756 3856 1812 3903 at
1842 3847 2053 3903 Martha

470 3943 726 4012 ancipitis
755 3944 923 3998 animi
955 3944 1144 3998 morbo
1176 3943 1482 3998 tenebatur.

543 4031 638 4097 XI,
693 4033 783 4088 41.
846 4033 1037 4102 Pater,
1099 4049 1197 4105 ago
1260 4031 1354 4087 tibi
1399 4032 1605 4103 gratias
1656 4030 1795 4102 quod
1853 4029 2057 4087 audisti

472 4141 572 4190 me,
609 4135 715 4181 CIC.

539 4215 910 4275 OEconomice
935 4230 989 4274 et
1022 4233 1123 4289 pro
1155 4232 1340 4274 rerum
1377 4216 1571 4273 ordine
1608 4213 1856 4286 loquitur
1894 4213 2060 4270 Chri-

473 4318 595 4367 stus
636 4325 737 4365 ceu
783 4310 947 4365 homo
981 4309 1222 4366 demisse
1262 4308 1506 4379 quidem,
1544 4319 1721 4376 neque
1752 4301 2055 4361 secundum

473 4401 691 4458 deitatis
707 4402 1155 4470 eminentiam,et
1179 4404 1348 4457 refert
1378 4400 1609 4473 gratiam
1629 4398 1800 4462 Patri,
1818 4412 1926 4451 non
1958 4410 2058 4466 pro

475 4496 686 4551 Lazaro
711 4497 1004 4558 duntaxat,
1022 4496 1117 4551 sed
1145 4511 1243 4565 pro
1273 4495 1521 4550 omnium
1552 4492 1683 4547 vita.
1709 4490 1893 4546 Bonus
1911 4491 2058 4544 enim

2143 1909 2164 1944 ι
2188 1885 2260 1963 ᾯ
2298 1890 2395 1963 μὲν
2422 1889 2552 1963 γάρ,
2577 1891 2732 1961 φησὶ,
2754 1889 2843 1944 διὰ
2870 1887 2965 1944 τοῦ
2988 1885 3305 1959 Πνεύματος
3333 1883 3533 1938 δίδοται
3561 1879 3718 1948 λόγος

2140 1980 2360 2050 σοφίας,
2399 1980 2569 2052 ἑτέρῳ
2591 1980 2649 2035 δὲ
2688 1980 2888 2044 πίστις·
2916 1998 2935 2032 ι
2965 1979 3088 2049 ἣτις
3127 1978 3190 2031 ού
3219 1973 3525 2046 δογματικὴ
3560 1970 3721 2042 μόνον
3833 2020 3842 2031 ,

2138 2074 2306 2138 ἐστὶν,
2340 2072 2476 2126 ἀλλά
2501 2072 2596 2126 καὶ
2622 2069 2730 2125 τῶν
2767 2070 2909 2140 ὑπὲρ
2948 2069 3236 2141 ἄνθρωπον
3266 2060 3615 2136 ὲνεργητικὴ,
3646 2060 3723 2123 ὡς

2139 2166 2234 2221 καὶ
2255 2165 2355 2238 ὅρη
2390 2163 2755 2236 μεθιστάνειν.
2791 2163 2858 2217 Ἥ
2880 2162 3062 2235 μέντοι
3084 2158 3283 2231 Μάρθα
3311 2157 3416 2212 ὗπὸ
3442 2152 3723 2216 ἀσθενείας

2140 2258 2447 2331 λογισμῶν,
2468 2259 2548 2322 είς
2574 2256 2832 2312 ἀπιστίαν
2861 2255 3138 2311 ἐνέπεσεν.
3172 2251 3309 2306 Ἀλλ’
3339 2252 3371 2305 6
3395 2247 3598 2320 Κύριος
3622 2246 3722 2300 οὐκ

2143 2352 2352 2424 ἐφίησι,
2368 2350 2521 2406 λύσιν
2547 2349 2864 2419 ὑπενεγκὼν
2889 2346 2968 2419 τῷ
2992 2346 3155 2402 πάθει
3179 2345 3420 2415 ταχεῖαν.
3442 2338 3564 2411 Χρὴ
3590 2337 3720 2407 γὰρ.

2145 2444 2301 2516 φησὶ,
2316 2441 2595 2497 πιστεύειν
2613 2441 2893 2513 ἀσφαλῶς,
2907 2440 2998 2496 ἵνα
3013 2438 3274 2509 θεάσηται
3287 2435 3354 2490 τά
3370 2432 3501 2505 παρ’
3512 2428 3722 2485 ἐλπίδα·

2150 2537 2292 2608 μέγα
2331 2536 2441 2610 γάρ
2475 2537 2509 2608 ἡ
2546 2535 2769 2608 διψυχία
2826 2534 3070 2606 νόσημα,
3099 2530 3198 2586 καὶ⁸
3251 2524 3591 2597 ἀποστεροῦν
3618 2520 3728 2578 τῶν

2148 2631 2212 2684 ὲκ
2237 2629 2373 2684 Θεοῦ
2409 2630 2788 2702 χαρισμάτων.
2825 2627 2915 2680 Διὸ
2937 2625 3111 2696 ταύτῃ
3137 2621 3486 2692 ἐπιτιμήσας,
3512 2615 3575 2669 τὺ
3593 2613 3728 2668 πάνυ

2149 2742 2258 2781 των
2289 2716 2595 2795 ἀνθρώπων
2633 2718 2982 2793 διωρθώσατο
3006 2716 3160 2785 γένος
3180 2756 3195 2781 ,
3236 2712 3381 2766 ὥστε
3422 2709 3499 2781 μὴ
3530 2707 3731 2762 ἁλῶναι
3836 2709 3840 2711 ‘

2148 2821 2264 2883 τοῖς
2287 2819 2387 2888 τῆς
2417 2815 2670 2888 διψυχίας
2701 2816 2911 2877 κακοῖς.
2963 2812 3186 2877 Φεύγων
3223 2807 3279 2860 δὲ
3309 2805 3368 2859 τὸ
3403 2799 3677 2865 κενόδοξον
3702 2800 3762 2852 6-

2152 2910 2421 2983 Χριστὸς,
2446 2909 2553 2963 οὐκ
2576 2905 2749 2969 εἶπεν,
2787 2904 2948 2974 Ὅψει
2973 2904 3071 2974 τὴν
3094 2900 3248 2965 δόξαν
3289 2915 3390 2969 μου
3410 2940 3424 2963 ,
3472 2894 3606 2949 ἀλλὰ
3634 2890 3732 2964 τὴν

2150 3003 2246 3058 τοῦ
2269 3002 2402 3058 Θεοῦ
2427 3020 2449 3034 ο
2500 3001 2627 3067 δόξα
2655 3000 2715 3056 δὲ
2746 2997 2915 3063 Θεοῦ,
2954 2996 3016 3049 τὸ
3061 2996 3271 3065 ἐγεῖραι
3297 2988 3508 3061 νεκρόν.
3561 2984 3736 3048 Αὐτὸς

2154 3092 2248 3153 οὖν
2275 3098 2384 3168 ἄρα
2413 3096 2562 3149 ἐστὶν
2612 3096 2643 3149 6
2672 3093 2813 3148 κατά
2854 3091 3014 3162 φύσιν
3044 3088 3176 3152 Θεὸς
3195 3126 3210 3150 ,
3258 3089 3286 3141 6
3310 3082 3501 3147 εἰπὼν,
3532 3099 3553 3133 ι
3592 3076 3736 3148 Ἐγὼ

2156 3191 2274 3262 είμι
2296 3192 2331 3261 ἡ
2357 3188 2653 3252 ἀνάστασις
2674 3225 2689 3251 ,
2715 3177 2819 3240 »οὗ
2840 3186 2940 3258 τὴν
2967 3182 3124 3248 δόξαν
3148 3180 3264 3252 μετ’
3287 3178 3348 3231 οὑ
3373 3174 3507 3229 πολὺ
3530 3170 3737 3262 θεωρή-

2160 3258 2275 3335 σειν
2319 3258 2418 3350 τὴν
2450 3277 2687 3349 γυναῖκά
2714 3293 2915 3348 φησιν,
2957 3275 3086 3327 ὅταν
3129 3269 3285 3339 οἰηθῇ
3336 3267 3412 3338 μὴ
3443 3258 3735 3334 ψεύδεσθαι

2158 3374 2257 3445 τὴν
2297 3372 2592 3443 ἀλήθειαν,
2634 3371 2695 3434 ὃς
2728 3371 2874 3423 ἐστιν
2916 3369 2944 3420 6
2972 3362 3207 3436 Χριστός
3228 3377 3244 3393 ο
3283 3355 3352 3431 ἦν
3380 3357 3435 3411 δὲ
3471 3356 3607 3425 αὐτῇ
3635 3353 3735 3445 ὲπ-

2158 3443 2459 3536 αγγελθὲν,
2502 3465 2563 3517 τὸ
2595 3460 2895 3532 ἀναστῆναι
2921 3459 3012 3513 τὸν
3055 3454 3248 3526 νεκρὸν
3280 3449 3451 3521 αὐτῆς
3484 3443 3734 3515 ἀδελφόν.

2160 3557 2272 3613 Καὶ
2304 3559 2337 3628 ή
2372 3556 2470 3627 μὲν
2492 3554 2684 3626 Μαρία
2719 3548 3061 3620 συνετωτέρα
3087 3542 3243 3611 οὖσα,
3264 3543 3417 3597 οὐδὲν
3445 3539 3741 3594 ὲνδοιαστι-

2160 3649 2256 3704 κὸν
2288 3648 2583 3719 φθέγγεται
2610 3663 2622 3676 ο
2659 3647 2694 3719 ἠ
2717 3645 2776 3699 δὲ
2804 3641 3007 3715 Μάρθα
3026 3680 3044 3706 ,
3073 3638 3154 3710 τῷ
3181 3638 3281 3709 τῆς
3317 3632 3569 3707 διψυχίας
3606 3644 3737 3684 κατ-

2162 3744 2339 3816 είχετο
2374 3740 2661 3812 νοσήματι.
3068 3730 3075 3733 ι
3181 3744 3204 3758 ’

2234 4023 2446 4095 Πάτερ.
2480 4022 2820 4095 εὐχαριστῶ
2843 4037 2943 4075 σοι
2972 4020 3059 4074 ὅτι
3094 4014 3365 4087 ἤκουσάς
3383 4030 3525 4083 μου,
3559 4009 3653 4064 καὶ⁵
3673 4008 3745 4063 τά

2162 4122 2610 4282 ὲἜῗςονομιιιιῶς
2645 4206 2828 4279 μέντοι
2861 4203 2935 4268 ὡς
2969 4201 3254 4271 ἄνθρωπος
3278 4197 3430 4250 λαλεῖ
3461 4198 3489 4248 ὁ
3515 4191 3747 4265 Χριστὸς

2162 4302 2480 4376 χθαμαλῶς,
2510 4303 2571 4355 ού
2602 4299 2745 4353 κατὰ
2772 4297 2871 4368 τὴν
2905 4296 3002 4365 τῆς
3032 4292 3284 4361 θεότητος
3311 4287 3617 4376 ὑπεροχήν⁸
3652 4282 3748 4336 καὶ

2156 4375 2419 4466 ἀναφέρει
2460 4393 2537 4465 τῷ
2576 4392 2753 4464 Πατρὶ
2787 4390 2888 4461 τὴν
2941 4388 3127 4460 χάριν,
3162 4384 3262 4454 οὐχ
3305 4381 3445 4452 ὑπὲρ
3493 4375 3746 4447 Λαζάρου

2163 4487 2344 4559 μόνον,
2382 4486 2498 4540 ἀλλ’
2545 4483 2689 4555 ὑπὲρ
2720 4483 2818 4550 τῆς
2870 4481 3087 4534 πάντων
3126 4475 3295 4545 ζωῆς.
3366 4469 3594 4540 Ἀγαθὺς
3637 4467 3749 4539 γάρ

476 4606 602 4644 cum
637 4590 727 4652 sit,
752 4604 986 4644 concors
1031 4596 1116 4645 est
1144 4587 1294 4642 Patri
1330 4589 1385 4643 in
1423 4586 1589 4640 vitam
1637 4583 1910 4639 reducens
1955 4580 2048 4634 ho-

2163 4582 2260 4646 ὢν,
2294 4578 2635 4651 ὁμογνώμων
2664 4574 2784 4630 ἐστι
2804 4572 2884 4644 τῷ
2918 4571 3113 4642 Πατρὶ,
3145 4563 3494 4661 ἀνακομίζων
3530 4560 3629 4632 τὴν
3651 4560 3749 4661 ἀν·
3818 4613 3825 4617 .

476 4683 641 4737 minis
682 4688 959 4744 naturam,
995 4697 1116 4752 (ποτε
1157 4681 1227 4737 ob
1280 4680 1484 4734 violata
1521 4678 1679 4747 jussa
1738 4676 1797 4729 in
1856 4689 2057 4729 corru-

478 4774 721 4844 ptionem
776 4773 1049 4827 inciderat
1097 4787 1162 4827 ac
1216 4771 1539 4833 interitum,
1598 4767 1803 4822 nullam
1848 4765 2082 4849 habens

480 4862 548 4919 ad
618 4865 921 4919 bonitatem
988 4863 1168 4920 Patris
1236 4859 1622 4921 diﬁ'erentiam.
1685 4857 2060 4924 Quemadmo-

480 4956 611 5012 dum
662 4972 793 5013 vero
849 4965 905 5011 et
953 4970 1055 5012 nos
1112 4970 1209 5024 per
1255 4952 1533 5024 propriam
1578 4934 1849 5003 rationem
1904 4947 2065 5003 indu-

482 5050 660 5105 cimur
696 5064 805 5104 non
834 5049 1016 5103 facere
1045 5046 1192 5118 quod
1227 5046 1409 5101 visum
1440 5052 1525 5100 est
1552 5057 1566 5095 :
1597 5041 1677 5096 sic
1698 5049 1752 5095 et
1778 5040 2063 5103 Dominus,

485 5140 711 5195 verbum
759 5142 1035 5198 exsistens
1087 5156 1154 5196 ac
1205 5139 1500 5196 consilium
1556 5135 1771 5202 Patris,
1826 5135 2065 5189 amicum

485 5232 648 5289 nobis
721 5234 903 5291 reddit
954 5235 1197 5291 Patrem.
1264 5231 1452 5303 Neque
1525 5243 1658 5284 vero
1718 5226 2066 5283 divinitatem

488 5327 652 5386 irasci
687 5328 946 5396 dicimus,
976 5326 1271 5399 sed-quia,
1310 5339 1435 5380 cum
1486 5321 1632 5378 Deus
1663 5321 1737 5378 sit
1779 5320 1968 5391 justus
2015 5327 2072 5374 et

2167 4649 2385 4744 θρώπου
2417 4669 2578 4739 φύσιν
2612 4667 2692 4730 είς
2722 4665 2821 4737 τὴν
2855 4664 3031 4733 ζωὴν,
3071 4660 3171 4730 τὴν
3210 4660 3290 4722 εἰς
3324 4654 3530 4728 φθοράν
3554 4649 3752 4706 πεσοῦο

2170 4780 2269 4816 σαν
2297 4761 2387 4816 διὰ
2415 4761 2516 4833 τῆς
2538 4760 2845 4831 παρακοῆς,
2866 4754 3127 4826 οὐδεμίαν
3152 4751 3292 4823 ἔχων
3329 4749 3592 4818 διαφοράν
3614 4744 3752 4815 πρὸς

2168 4856 2268 4927 τὴν
2305 4855 2400 4909 τοῦ
2432 4854 2645 4926 Πατρὸς
2673 4850 3008 4921 άγαθότητα.
3044 4847 3257 4916 Ὠσπερ
3278 4842 3336 4897 δὲ
3359 4841 3461 4896 καὶ
3484 4840 3645 4911 ἡμεῖς
3664 4835 3753 4890 διά

2165 4946 2278 5000 τῶν
2306 4945 2523 5000 οίκείων
2552 4941 2829 5013 λογισμῶν
2863 4935 3274 5007 άναπειθόμεθα
3294 4935 3375 4996 είς
3408 4933 3464 4986 τὸ
3491 4931 3565 5001 μὴ
3596 4927 3753 4997 ποιῆ-

2172 5058 2262 5094 σαι
2293 5038 2353 5093 τὸ
2383 5038 2611 5108 δοκηθὲν
2630 5077 2645 5102 ,
2693 5034 2836 5088 οὓτω
2870 5032 2964 5087 καὶ
3006 5033 3036 5086 6
3065 5029 3267 5102 Κύριος
3296 5069 3311 5093 ,
3337 5027 3509 5094 Λόγος
3550 5021 3629 5077 ὣν
3657 5020 3755 5074 καὶ

2174 5132 2336 5203 βουλὴ
2368 5130 2462 5184 τοῦ
2493 5128 2730 5200 Πατρδς,
2763 5126 2915 5195 φίλον
2948 5124 3079 5196 ἡμῖν
3107 5121 3376 5190 πεποίηκε
3398 5118 3487 5171 τὸν
3508 5114 3753 5203 Πατέρα.

2173 5202 2285 5278 Καὶ
2316 5202 2380 5276 οὐ
2422 5222 2595 5292 δήπου
2640 5217 2821 5289 φαμὲν
2854 5217 2938 5270 ὄτι
2986 5215 3267 5286 ὀργίζεται
3315 5210 3575 5271 ώΘεῖον,
3637 5202 3754 5258 ἀλλ’

2176 5318 2259 5370 ὅτι
2288 5315 2495 5377 δίκαιος
2534 5310 2611 5365 ὣν
2642 5311 2739 5366 καὶ
2787 5308 3028 5380 ἀγαθὸς,
3081 5304 3190 5361 οἵδε
3216 5303 3307 5359 τὸν
3345 5306 3416 5375 τῇ
3439 5297 3754 5370 ἐπιτιμήσει

450 5462 459 5529 ἶ
560 5484 607 5517 ⁸³
639 5483 800 5542 Joan.
835 5502 919 5551 tu,
946 5484 1032 5541 18.
1108 5484 1154 5518 ⁸⁸
1193 5482 1211 5536 1
1253 5484 1381 5539 Cor.
1415 5497 1517 5546 xu,
1551 5479 1605 5545 8,
1636 5478 1689 5534 9.
1766 5476 1812 5509 “
1848 5474 1869 5529 Ι
1901 5474 2031 5532 Cor.

2148 5472 2287 5538 1,2.

495 5624 827 5697 festinamus,
860 5621 1084 5697 dedecus
1133 5618 1382 5697 crstincti
1432 5612 1835 5697 neputantes,‘si
1887 5609 1953 5697 al:
2001 5610 2067 5664 iis

494 5680 583 5765 qui
615 5694 785 5748 adhuc
815 5680 1007 5746 voivtmt
1058 5688 1391 5765 fastidiatur.
1438 5680 1581 5739 Nam
1625 5683 1783 5765 pudet
1812 5680 2069 5765 quadarn-

501 5759 653 5818 ὺιοιίο
695 5775 941 5817 naturam
999 5761 1295 5829 passionem
1333 5768 1524 5828 pra'icr
1565 5763 1810 5807 naturam
1846 5759 2065 5821 perpeti.

2177 5606 2339 5664 Haud
2383 5606 2525 5661 enim
2577 5615 2796 5661 mortem
2827 5601 2971 5660 Deus
3005 5607 3225 5667 creavtt,
3260 5610 3424 5667 neque
3471 5591 3760 5649 viventium

2174 5680 2337 5735 exitio
2370 5677 2679 5734 delectatur.
