4062 6208
332 349 397 405 61
1193 352 1261 408 IN
1293 351 1630 409 JOANNEM.
1666 386 1737 396 —
1770 356 1899 413 LIB.
1924 357 2016 415 VII
2035 361 2123 415 ET
2148 362 2261 419 VIII
2288 363 2734 421 FRAGMENTA.
3527 371 3598 428 62

330 461 619 537 πρέποντα
645 463 866 536 καιρὸν,
915 464 1011 520 καὶ
1054 464 1142 519 τὸν
1176 468 1241 537 τῇ
1273 466 1480 521 ἀνέσει.
1531 467 1678 539 Πλὴν
1705 470 1925 542 εὐχαρι-

2029 478 2228 538 bonus,
2282 478 2434 532 novit
2493 478 2855 550 increpationi
2915 486 3129 550 tempus
3185 496 3489 557 congruum
3546 492 3600 539 et

330 559 453 613 στεῖ
495 559 525 611 6
556 555 795 629 Κύριος,
847 557 942 610 καὶ
977 555 1137 610 τοῦτο
1173 559 1320 611 ποιεῖ
1364 558 1501 629 πρὸς
1556 559 1923 632 ὑπογραμμὸν

330 649 522 723 ἡμῶν,
547 649 723 720 τιμῶν
746 649 840 703 τὸν
870 649 1109 722 Πατέρα.
1128 649 1300 704 Ὅταν
1331 650 1389 704 δὲ
1415 652 1444 703 6
1469 651 1583 714 ίσος
1603 652 1680 723 τῷ
1710 652 1809 725 ίσῳ
1831 655 1923 707 εὑ-

331 742 664 816 χαριστῇ,ού
686 743 832 795 ποιεῖ
850 741 1067 804 πάντως
1093 741 1251 796 τοῦτο
1271 742 1370 812 τῆς
1392 742 1581 807 οὐσίας
1603 743 1919 798 ἐλάττωσιν.

331 833 413 885 Δι’
426 825 501 885 ὧν
523 832 579 884 δὲ
597 832 761 902 ὲπιση
769 830 1043 902 μαίνεται,
1060 830 1141 884 ὅτι
1156 830 1255 885 Διά
1276 831 1367 884 τὸν
1390 832 1545 902 δχλον
1561 832 1733 886 ταῦτα
1753 833 1919 901 λέγω,

335 924 621 995 μονονουχί
649 940 845 993 φησιν,
875 924 956 976 ὅτι
994 921 1454 994 Προσπεποίημαι
1485 923 1585 994 τῆς
1608 924 1923 997 προσευχῆς

330 1015 392 1068 τὺ
414 1015 618 1084 σχῆμα,
656 1014 752 1066 καὶ
776 1012 1135 1083 οἰκονομικῶς
1154 1009 1307 1065 εἷπον
1329 1014 1697 1085 εὐχαριστεῖν.
1734 1016 1921 1087 ’ᾙδειν

328 1107 441 1177 γὰρ
469 1108 551 1159 ὅτι
579 1104 809 1162 πάντοτέ
842 1122 942 1175 μου
968 1103 1206 1168 ἀκούεις.
1232 1106 1306 1158 Οὑ
1340 1105 1448 1176 γάρ
1480 1107 1598 1172 ἐστι
1630 1106 1768 1178 πρὸς
1794 1108 1892 1161 ἐαυ

330 1198 430 1266 τὴν
458 1196 688 1267 ἀπειθὴς
723 1199 757 1267 ἡ
798 1196 895 1267 μία
919 1195 1020 1266 τῆς
1053 1195 1307 1266 θεότητος
1336 1197 1531 1265 φύσις,
1583 1198 1811 1269 ἐπείπερ
1842 1194 1923 1262 εἷς

330 1290 483 1342 ἐστιν
513 1291 542 1343 6
567 1289 668 1358 τῆς
700 1288 931 1360 Τριάδος
958 1286 1102 1353 νοῦς,
1136 1288 1349 1359 Πατρὺς
1370 1327 1386 1351 ,
1432 1287 1565 1342 Υίοῦ
1587 1330 1603 1355 ,
1639 1290 1736 1343 καὶ
1761 1289 1923 1343 Πνεύο

334 1395 526 1452 ματος.
564 1378 735 1444 Εἰδὼς
767 1375 860 1433 οὑν
881 1419 894 1441 ,
927 1378 1128 1450 φησὶν,
1158 1380 1240 1433 ὃτι
1278 1378 1379 1451 μίαν⁴
1406 1381 1563 1451 ἡμῶν
1594 1369 1637 1451 η’
1666 1380 1922 1451 βούλησις

330 1472 431 1526 καὶ
452 1472 512 1524 ἓν
539 1471 597 1523 τὸ
624 1468 835 1541 Θέλημα
854 1512 868 1535 ,
920 1469 1007 1523 διὰ
1038 1471 1128 1523 τδν
1159 1470 1315 1541 δχλον
1336 1462 1509 1525 ταῦτα
1539 1472 1694 1544 ἔφην.
1737 1473 1922 1531 Ταῦτα

330 1564 394 1618 δὲ
424 1566 451 1618 6
477 1562 712 1633 Χριστὸς
743 1563 893 1632 λέγει
917 1562 1002 1616 διὰ
1019 1562 1144 1627 τοῦς
1183 1563 1490 1630 Ἰουδαίους,
1527 1564 1605 1636 τῷ
1635 1566 1810 1638 Πατρῖ
1831 1568 1923 1620 εὖ-

333 1652 630 1724 χαριστῶν,
665 1638 867 1708 ὧσανεὶ
912 1652 976 1706 δι’
1007 1652 1171 1707 αὑτοῦ
1222 1653 1461 1726 ἐνεργῶν
1495 1654 1566 1708 τὰ
1617 1655 1919 1730 θεοπρεπῆ,

332 1746 426 1799 ἵνα
471 1746 668 1817 μηκέτι
701 1744 930 1799 εἴπωσιν
973 1745 1056 1799 ὃτι
1089 1746 1145 1799 ὲν
1180 1745 1514 1811 Βεελζεόοὺλ
1545 1750 1689 1802 ποιεί
1728 1748 1797 1801 τὰ
1828 1765 1935 1821 σησ

2010 560 2366 624 τιιιιιίεεῐοηῖ.
2401 566 2508 625 Sed
2547 569 2694 624 enim
2723 570 2930 639 gratias
2962 570 3073 641 agit
3106 567 3397 639 Dominus,
3439 573 3600 651 idque

2025 657 2092 712 ad
2127 657 2534 715 institutionem
2580 669 2823 715 nostram
2866 662 3014 728 facit,
3052 660 3264 716 Patrem
3300 663 3597 721 honorans.

2024 745 2160 802 Cum
2204 764 2334 804 vero
2385 765 2481 820 par
2531 751 2648 820 pari
2685 753 2892 822 gratias
2944 753 3077 824 agit,
3114 769 3345 823 prorsus
3391 755 3597 809 nullam

2023 839 2278 894 essentne
2324 839 2745 897 diminutionem
2799 842 2900 897 hoc
2948 843 3198 898 includit.
3244 842 3383 910 Quid
3434 844 3600 914 igitur

2025 931 2262 985 indicat?
2285 933 2429 1002 quod
2464 941 2683 1004 propter
2714 935 2932 989 turbam
2980 935 3096 990 haec
3122 935 3291 1001 dicat,
3317 935 3600 1003 fermeque

2024 1023 2133 1075 ait:
2167 1021 2433 1077 Simulavi
2473 1024 2804 1094 precationis
2853 1027 3117 1095 speciem,
3161 1034 3215 1081 et
3259 1027 3601 1080 meonomice

2024 1120 2188 1183 atque
2226 1115 2293 1168 ad
2336 1116 2603 1171 rationem
2643 1117 2857 1172 ordinis
2887 1117 2999 1171 dixi
3050 1134 3136 1174 me
3169 1119 3372 1189 gratias
3415 1133 3594 1188 agere.

2026 1203 2276 1260 Sciebam
2305 1207 2447 1271 enim
2480 1205 2627 1277 quod
2658 1207 2862 1278 ubique
2898 1190 3226 1264 tne/audias.
3251 1208 3460 1279 Quippe
3488 1224 3594 1263 non

2022 1305 2105 1350 est
2151 1311 2337 1351 secum
2394 1296 2693 1362 dissidens,
2754 1313 2855 1353 nec
2917 1298 3022 1353 sibi
3079 1300 3431 1368 immorigera
3493 1314 3594 1353 una

1988 1385 2245 1441 deitatis
2293 1395 2516 1455 natura,
2546 1387 2992 1459 quandoquidem
3041 1406 3148 1444 una
3196 1400 3282 1445 est
3316 1390 3600 1445 Trinitatis

2023 1495 2199 1545 meus,
2244 1479 2422 1535 Patris
2471 1489 2525 1536 et
2571 1479 2694 1534 Filii
2742 1494 2796 1537 et
2849 1480 3088 1551 Spiritus
3141 1485 3340 1538 sancti.
3386 1481 3602 1538 Gnarus

2022 1585 2183 1638 ergo,
2236 1570 2451 1641 inquit,
2500 1570 2648 1641 quod
2707 1586 2816 1625 una
2871 1572 2943 1627 sit
3014 1579 3265 1627 nostrum
3324 1572 3598 1637 voluntas,

2024 1676 2304 1731 unumque
2330 1660 2643 1727 consilium,
2695 1669 2920 1732 propter
2968 1661 3137 1732 689
3194 1662 3600 1719 multitudinem

2023 1749 2140 1804 haec
2175 1748 2310 1804 dixi.
2346 1749 2471 1804 llaec
2497 1763 2631 1804 vero
2669 1747 2802 1803 dicit
2832 1749 3088 1805 Christus
3120 1748 3599 1819 propterJudazos,

335 1811 501 1909 με’ίοί⁹
534 1811 887 1905 ἀπολογεῑται
927 1836 984 1890 δὲ
1015 1837 1110 1890 καὶ
1140 1835 1228 1891 διὰ
1254 1837 1318 1890 τὸ
1341 1840 1527 1911 σχῆμα
1559 1840 1657 1910 τῆς
1686 1811 1920 1911 προσεύ-

2029 1840 2170 1897 Patri
2213 1842 2421 1913 gratias
2465 1857 2654 1912 agens,
2696 1850 2957 1912 tanquam
2999 1857 3093 1913 per
3144 1857 3269 1896 eum
3318 1841 3430 1897 Deo
3463 1857 3599 1897 con-

332 1933 438 2003 χῆς
458 1973 474 1996 ,
520 1929 610 1983 ἴνα
646 1930 723 2001 μὴ
757 1927 1237 2000 σκανδαλισθῶμεν
1264 1930 1455 2001 ἡμεῖς,
1504 1928 1674 1985 εἰπὼν
1699 1931 1782 1985 ὅτι
1813 1933 1917 1987 Διὰ

330 2021 430 2076 τδν
451 2021 606 2092 ὄχλον
623 2018 782 2073 τοῦτο
798 2019 1047 2091 ἐποίησα.
1071 2020 1180 2073 Καὶ
1199 2019 1280 2086 τὸ,
1309 2038 1327 2071 ι
1348 2019 1421 2073 Σύ
1450 2038 1516 2090 με
1534 2021 1881 2098 ἀπέστειλας,
1896 2041 1915 2074 ι

331 2112 425 2167 διὰ
446 2113 544 2177 τὰς
587 2111 885 2174 Ἰουδαϊκὰς
921 2111 1177 2174 ὑπονοίας
1220 2110 1404 2182 φησίν.
1460 2112 1618 2166 Ἥκω
1664 2112 1773 2183 γὰρ
1820 2112 1921 2167 οὑκ

332 2208 430 2260 ἀπ’
457 2205 714 2276 ἐμαυτοῦ,
740 2205 817 2269 ὡς
844 2204 893 2257 οἱ
926 2203 1375 2275 ψευδοπροφῆται
1402 2203 1477 2275 (1)
1500 2220 1513 2232 ·
1561 2204 1675 2259 ἀλλ’
1704 2204 1921 2277 εὐδοκία

335 2302 404 2370 σῇ
449 2300 545 2353 καὶ
588 2298 806 2368 θελήσει
866 2297 1100 2368 ἐμαυτὸν
1143 2297 1418 2361 ὲκένωσα,
1472 2298 1684 2370 μορφὴν
1735 2300 1919 2354 δούλου

332 2393 543 2456 λαϐὼν,
573 2393 659 2446 ἶνα
683 2391 846 2445 πάλιν
868 2389 1202 2462 κατορθώσω
1231 2390 1328 2461 τὴν
1370 2390 1535 2462 ζωήν.
1568 2392 1922 2464 Οἰκονομικὸς

337 2481 437 2539 οῦν
470 2485 570 2554 τῆς
608 2482 914 2555 προσευχῆς
955 2486 984 2537 6
1022 2483 1243 2555 τρόπος,
1282 2482 1378 2536 καὶ
1412 2484 1649 2553 σχήματι
1697 2485 1922 2555 πρέπων

344 2577 430 2647 τίς)
464 2576 600 2646 μετᾶ
638 2577 831 2648 σαρκὸς
851 2615 866 2639 ,
890 2575 1008 2647 οὐχὶ
1035 2579 1101 2646 τῇ
1130 2576 1230 2645 τῆς
1264 2575 1516 2644 θεότητος
1544 2575 1788 2647 ὑπεροχῇ
1830 2576 1923 2630 καὶ

346 2668 672 2740 ἀσυγκρίτῳ
707 2668 1064 2739 λαμπρότητι.
1101 2666 1174 2719 T6
1217 2666 1327 2736 γὰρ
1374 2665 1509 2746 ὑλως
1559 2667 1780 2737 αἰτῆσαι
1831 2669 1925 2721 καὶ

336 2759 530 2812 λαϐεῖν
553 2800 568 2823 ,
612 2758 973 2830 δουλοπρεπὲς
1005 2757 1070 2811 ἀν
1113 2757 1198 2829 εἴη
1238 2756 1439 2828 μᾶλλον
1463 2797 1478 2821 ,
1537 2757 1632 2811 καὶ
1667 2756 1744 2827 τῷ
1776 2757 1924 2826 βασι-

336 2850 617 2922 λεύομένῳ
644 2849 1074 2921 κατειθισμένον.
1103 2850 1303 2921 Δράσει
1338 2866 1401 2917 γε
1436 2847 1540 2920 μὴν
1571 2849 1925 2919 ἀνεγκλήτως

336 2944 434 2996 καὶ
463 2943 619 2997 τοῦτο
650 2943 884 3014 Χριστός
905 2959 919 2972 '
949 2944 978 2997 6
1007 2943 1116 3014 γὰρ
1144 2941 1431 3012 ἄνθρωπος
1457 2940 1711 3008 γενέσθαι
1747 2958 1915 2996 κατα-

336 3036 656 3105 δεξάμενος.
691 3034 807 3098 πῶς
828 3034 894 3089 ἂν
926 3035 1006 3088 ἔτι
1043 3034 1445 3105 παραιτήσαιτο
1472 3031 1540 3085 τὰ
1563 3031 1877 3103 ἀνθρώπινα
1903 3051 1918 3099 ;

339 3127 617 3183 obnoxius
661 3127 731 3182 sit
769 3136 1119 3182 consuetum.
1166 3123 1274 3180 Sed
1320 3131 1502 3179 tamen
1538 3124 1679 3179 citra
1725 3124 2213 3194 reprehensionem
2245 3124 2349 3191 hoc
2378 3123 2546 3181 faciet
2578 3123 2838 3181 Christus
2891 3143 2904 3179 :

2025 1933 2297 1989 venientia
2331 1933 2597 2000 eﬂiciens,
2640 1950 2708 1989 ne
2735 1933 2971 2004 amplius
3008 1931 3193 1987 dicant
3229 1932 3380 1987 illum
3419 1932 3601 1989 facere

2028 2025 2185 2097 signa
2231 2026 2285 2079 in
2317 2023 2603 2080 Beelzebul
2637 2043 2651 2080 :
2680 2025 2951 2080 rationem
2982 2025 3144 2080 etiam
3180 2023 3356 2079 reddit
3391 2032 3446 2078 ct
3477 2038 3601 2094 pro-

2027 2131 2147 2189 pter
2170 2116 2404 2190 figuram
2442 2119 2803 2189 precationis,
2831 2135 2899 2173 ne
2935 2132 3037 2173 nos
3071 2118 3237 2172 etiam
3270 2117 3603 2172 scandalize-

2027 2227 2171 2273 ntur,
2223 2211 2292 2267 ob
2334 2211 2744 2266 multitudinem
2790 2227 2850 2265 se
2888 2211 2990 2265 hoc
3035 2210 3233 2265 feciSse
3262 2210 3598 2281 prolocutus.

2025 2302 2093 2357 Et
2126 2306 2251 2371 hoc,
2286 2322 2305 2355 ι
2346 2300 2429 2358 Tu
2467 2319 2553 2358 me
2585 2302 2807 2365 misisti,
2846 2322 2864 2356 ι
2896 2310 3119 2373 propter
3154 2300 3467 2357 Judaeorum
3512 2316 3605 2356 su-

2028 2392 2303 2462 Spiciones
2363 2394 2493 2449 ait:
2545 2391 2715 2449 Venio
2775 2394 2919 2449 enim
2966 2409 3075 2448 non
3133 2408 3163 2446 a
3252 2393 3484 2463 meipso,
3544 2399 3602 2445 ut

2027 2484 2546 2555 pseudoprophetae,
2598 2485 2693 2539 sed
2747 2484 2988 2538 lubentia
3055 2491 3147 2537 tua
3201 2491 3257 2537 et
3319 2483 3602 2536 voluntate

2020 2575 2290 2645 meipsum
2338 2575 2660 2638 exinauivi,
2710 2573 2939 2629 formam
2996 2575 3140 2629 servi
3195 2573 3472 2641 accipiens
3519 2571 3599 2637 “,

2022 2677 2081 2723 ut
2124 2667 2192 2723 de
2244 2668 2456 2737 integro
2504 2666 2711 2737 erigam
2761 2674 2815 2721 et
2863 2666 3165 2721 instaurem
3217 2666 3405 2718 vitam.
3428 2650 3604 2733 Igitur

2021 2768 2172 2816 recte
2203 2766 2255 2814 et
2276 2759 2470 2813 ordine
2491 2758 2776 2813 institutus
2810 2767 2894 2814 est
2922 2757 3256 2828 precationis
3288 2755 3509 2820 modus,
3542 2762 3597 2810 et

2024 2852 2237 2909 habitui
2285 2852 2339 2907 in
2376 2867 2545 2907 carne
2596 2851 2950 2914 conveniens,
2992 2865 3101 2905 non
3149 2848 3371 2905 deitatis
3426 2846 3605 2903 excel-

2026 2946 2211 3002 lentiae
2257 2954 2312 3000 et
2360 2944 2779 3014 incomparabili
2837 2942 3138 3013 Splendori.
3175 2940 3413 2996 Omnino
3455 2939 3601 2994 enim

2029 3040 2227 3102 petere
2248 3038 2304 3086 et
2338 3033 2585 3101 accipere
2612 3032 2809 3086 servile
2839 3030 3023 3095 fuerit,
3064 3039 3117 3085 et
3148 3030 3197 3084 ei
3247 3030 3340 3101 qui
3376 3027 3604 3099 imperio

2974 3139 3101 3180 nam
3170 3124 3264 3196 qui
3337 3108 3607 3180 sustinuit

341 3218 459 3275 ﬁeri
521 3217 718 3283 homo,
756 3215 1034 3287 quomodo
1083 3228 1207 3284 quae
1266 3214 1509 3269 humana
1567 3219 1697 3267 sunt
1765 3212 2087 3270 recusaret?

410 3311 522 3365 Kal
567 3308 754 3363 ταῦτα
795 3308 1010 3371 εἰπὼν,
1058 3303 1229 3376 φωνῇ
1265 3306 1501 3377 μεγάλῃ
1547 3305 1919 3377 ἑκραύγασε’

2100 3304 2191 3372 λι,
2225 3305 2315 3361 43.
2344 3304 2474 3371 Ηωε
2508 3322 2626 3360 cum
2655 3306 2899 3372 dixisset,
2932 3322 3123 3376 magna
3155 3322 3275 3361 voce
3311 3307 3561 3362 clamarit
3583 3345 3598 3361 .

339 3401 582 3471 Λάζαρε,
617 3399 795 3468 δεῦρο
832 3398 970 3464 ἔξω.

410 3495 515 3547 Τὸν
542 3490 754 3562 δυσώδη
795 3490 1009 3562 νεκρὸν,
1041 3489 1178 3561 μετά
1211 3490 1480 3565 τετάρτην
1525 3493 1625 3565 τῆς
1669 3493 1928 3563 τελευτῆς

344 3583 593 3655 ἡμέραν,
636 3583 703 3636 ἐκ
733 3581 832 3651 τῆς
873 3580 1049 3652 θήκης
1078 3581 1342 3652 ἐξήγαγε,
1372 3582 1469 3635 καὶ
1499 3582 1589 3636 τὸν
1616 3583 1928 3655 πεπεδημέ-

344 3690 434 3728 νον
459 3672 555 3725 καὶ
578 3669 1088 3742 συμπεποδισμένον
1118 3669 1353 3739 βαδίζειν
1382 3670 1634 3724 ἐκέλευσε
1652 3713 1666 3736 ,
1701 3671 1797 3726 καλ⁵
1826 3688 1929 3727 πα·

349 3764 631 3838 ραχρῆμα,
674 3764 704 3816 6
741 3780 802 3816 τε
841 3762 1070 3825 θάνατος
1105 3761 1502 3834 ὲδραπέτευσε,
1546 3763 1639 3816 καὶ
1682 3763 1711 3815 6
1739 3764 1929 3836 νεκρὸς

348 3855 548 3928 έδραμε
579 3855 681 3925 τῆς
732 3851 1023 3924 σηπεδόνος
1053 3853 1419 3921 ἀπαλλαγεὶς,
1473 3853 1568 3908 καὶ
1596 3854 1694 3926 τὴν
1724 3855 1929 3926 ταύτης

346 3946 688 4016 ἀποθέμενος
732 3944 1031 4006 δυσωδίαν,
1079 3944 1176 3997 καὶ
1219 3943 1318 4007 τὰς
1358 3943 1454 3997 τοῦ
1498 3944 1726 3998 θανάτου
1756 3945 1931 4009 πύλας

347 4036 655 4106 διαφυγὼν,
704 4036 799 4092 καὶ
836 4035 941 4089 ὑπὸ
967 4035 1077 4089 τῶν
1102 4034 1314 4107 δεσμῶν
1338 4036 1398 4088 οὑ
1438 4034 1777 4107 κωλυόμενος
1806 4036 1931 4107 τρέ-

349 4148 484 4202 χειν,
515 4130 610 4184 καὶ
638 4128 716 4201 τῷ
746 4129 844 4199 μὲν
875 4128 1191 4199 καλύμματι
1237 4126 1331 4182 τοῦ
1366 4127 1658 4197 προσώπου
1681 4166 1694 4190 ,
1723 4129 1784 4181 τὸ
1819 4127 1933 4199 βλέ-

350 4238 472 4276 πειν
495 4220 883 4293 ἀφῃρημένος,
925 4219 1217 4283 ἀκωλύτως
1249 4218 1304 4272 δὲ
1336 4219 1471 4292 πρὸς
1502 4219 1594 4273 τὸν
1628 4216 1932 4274 καλέσαντα

351 4313 582 4384 τρέχων,
632 4311 729 4364 καὶ⁵
777 4311 876 4382 τὴν
913 4312 1248 4382 Δεσποτικὴν
1301 4308 1677 4380 ἐπιγινώσκων
1725 4314 1929 4384 φωνήν.

354 4401 677 4473 Θεοπρεπὴς
696 4401 805 4472 γὰρ
837 4400 865 4453 6
897 4400 1075 4469 λόγος,
1101 4402 1194 4455 καὶ
1232 4400 1508 4472 βασιλικὸν
1542 4401 1605 4455 τὸ
1634 4402 1930 4473 κέλευσμα,

352 4492 505 4546 λύσιν
532 4492 656 4563 ἔχον
674 4490 928 4559 θανάτου,
963 4491 1060 4545 καὶ
1087 4493 1292 4562 φθορᾶς
1321 4493 1655 4566 ἀνατροπὴν,
1676 4495 1768 4547 καὶ
1792 4494 1933 4567 ὑπὲρ

355 4585 507 4656 λόγον
558 4585 840 4658 ἐνεργείας
887 4585 1179 4653 ἀπόδειξιν.
1243 4587 1316 4640 Τό
1356 4604 1421 4655 γε
1469 4586 1577 4660 μὴν
1627 4587 1934 4659 διαπρυσίῳ

357 4678 592 4749 χρῆσθαι
634 4679 878 4748 κραυγῇ,
920 4675 1069 4742 ξένον
1126 4676 1403 4748 πανταχοῦ
1441 4679 1534 4731 καὶ
1566 4679 1832 4750 ἀσύνηθες
1854 4678 1932 4750 τῷ

361 4767 572 4838 Σωτῆρι
596 4766 838 4839 Χριστῷ.
895 4768 1004 4822 Καὶ
1034 4766 1168 4838 γοῦν
1199 4769 1227 4822 6
1273 4768 1404 4833 Θεὸς
1451 4770 1547 4823 καὶ
1581 4771 1770 4842 Πατὴρ
1806 4772 1934 4842 περὶ

360 4858 527 4911 αὑτοῦ
572 4859 672 4912 πού
711 4876 878 4931 φησιν
905 4877 918 4890 ο
977 4878 994 4911 ι
1025 4861 1138 4915 Οὑκ
1169 4858 1370 4931 ἐρίσει,
1410 4860 1530 4913 οὑδὲ
1555 4862 1883 4932 κραυγάσει,
1909 4881 1927 4914 ι

360 4950 458 5003 καὶ
485 4948 550 5003 τὰ
580 4949 726 5019 ἑξῆς.
773 4949 1037 5020 Ἀψοφητὶ
1062 4950 1168 5022 γὰρ
1202 4948 1298 5003 καὶ
1325 4950 1554 5021 θορύϐου
1577 4951 1698 5022 δίχα
1734 4952 1934 5016 παντὸς

356 5038 425 5092 τὰ
451 5038 553 5109 τῆς
574 5037 809 5111 ἀληθοῦς
832 5038 1082 5110 θεότητος
1104 5040 1238 5112 ἔργα
1258 5057 1272 5070 ·
1292 5039 1462 5095 ταῦτα
1490 5040 1545 5094 δὲ
1575 5041 1644 5095 τὰ
1680 5043 1778 5109 τῆς
1801 5041 1932 5112 ἁλη-

358 5130 485 5193 θοῦς
509 5126 578 5201 ἦν
617 5131 676 5185 ὲν
709 5129 932 5203 Χριστῷ
958 5147 973 5164 ·
1020 5130 1153 5194 Θεὸς
1199 5132 1308 5202 γὰρ
1332 5133 1396 5186 ὲκ
1421 5131 1556 5187 Θεοῦ
1597 5132 1736 5187 κατὰ
1771 5132 1932 5203 φύσιν

355 5221 478 5274 ἐστὶ
510 5222 604 5274 καὶ
633 5220 909 5294 ἀληθινός.
967 5220 1031 5273 Τί
1060 5216 1153 5274 οὑν
1195 5222 1301 5292 ἄρα
1332 5222 1550 5292 φαμὲν,
1578 5223 1704 5276 ὅταν
1736 5222 1933 5294 ίὸωμεν

355 5311 653 5383 ἀσυνήθως
690 5311 1144 5383 ἀνακεκραγότα;
1193 5312 1266 5363 Οὑ
1294 5311 1404 5382 γὰρ
1431 5311 1601 5382 δήπου
1673 5313 1928 5384 κατοική-

357 5406 518 5458 σεται
552 5421 639 5469 τις
670 5408 751 5468 είς
785 5403 944 5458 τοῦτο
980 5403 1218 5476 μωρίας,
1264 5403 1339 5467 ὡς
1367 5403 1472 5471 ἔξω
1502 5403 1597 5459 τοῦ
1632 5406 1935 5475 πρέποντος

433 5539 481 5570 ⁸⁸
510 5516 750 5611 Philipp.
782 5554 856 5606 ιι,
893 5538 1016 5595 6-8.
1094 5536 1137 5569 ⁸⁷
1178 5538 1283 5592 lsa.
1319 5552 1429 5593 xm
1455 5578 1469 5603 ,
1502 5539 1555 5592 2.

1964 4648 2011 4704 D

2029 3396 2256 3463 Lazare,
2283 3399 2398 3452 veni
2433 3397 2604 3467 foras.

2099 3489 2377 3545 Fetentem
2403 3496 2683 3544 mortuum
2707 3496 2832 3559 post
2863 3498 3120 3559 quartum
3152 3502 3182 3542 a
3206 3497 3382 3544 morte
3406 3488 3548 3544 diem
3573 3505 3605 3545 e
3647 3509 3658 3519 ο

2027 3582 2285 3652 sepulcro
2351 3581 2574 3647 eduxit,
2619 3582 2977 3652 vinctumque
3015 3595 3079 3636 ac
3129 3581 3447 3652 impeditum
3488 3597 3606 3635 am-

2025 3671 2224 3727 bulare
2264 3670 2458 3741 jussit,
2491 3679 2737 3741 tuncque
2767 3679 2995 3742 repente
3028 3678 3081 3727 et
3115 3687 3261 3727 mors
3290 3671 3520 3743 aufugit,
3553 3681 3608 3728 et

2029 3775 2281 3818 mortuus
2332 3776 2362 3816 a
2406 3762 2696 3835 putredine
2746 3762 3017 3818 liberatus
3069 3764 3341 3827 cucurrit,
3391 3763 3609 3833 abjecto

2029 3856 2179 3907 omni
2234 3852 2356 3922 ejus
2402 3852 2601 3918 fetore,
2634 3861 2690 3909 et
2735 3855 2912 3925 portis
2951 3855 3146 3909 mortis
3193 3854 3439 3923 elapsus,
3470 3853 3607 3919 nihil

2033 3945 2265 4000 vinculis
2289 3946 2407 4001 suis
2447 3960 2673 4002 currere
2706 3946 3045 4016 prohibitus.
3072 3945 3138 4000 Et
3166 3946 3351 4001 vultus
3381 3945 3606 4017 quidem

2030 4035 2340 4090 velamento
2370 4035 2592 4090 videndi
2640 4052 2744 4091 usu
2783 4038 3050 4106 privatus,
3089 4038 3244 4093 nullo
3290 4047 3470 4093 tamen
3504 4037 3608 4090 im-

2035 4124 2368 4191 pedimento,
2433 4128 2736 4196 quominus
2770 4128 2838 4181 ad
2873 4144 2998 4184 eum
3038 4130 3130 4199 qui
3166 4138 3456 4184 vocaverat
3483 4144 3608 4183 cur-

2031 4223 2199 4283 reret,
2232 4216 2564 4286 retardatus,
2590 4233 2898 4288 agnoscens
2928 4220 3137 4273 Domini
3166 4236 3384 4275 vocem.
3415 4219 3611 4274 Sermo

2032 4309 2180 4364 enim
2214 4306 2325 4363 Deo
2354 4309 2577 4379 dignus,
2597 4319 2652 4364 et
2683 4310 2902 4378 jussum
2935 4308 3142 4380 regium
3171 4309 3375 4364 habens
3402 4310 3609 4364 exitum

2033 4401 2231 4456 mortis
2269 4411 2322 4457 et
2354 4402 2733 4473 corruptionis
2774 4400 3141 4465 eversionem,
3174 4407 3229 4457 et
3271 4400 3610 4473 operationis

2034 4496 2247 4549 ratione
2282 4492 2509 4564 majoris
2561 4493 3126 4549 demonsuationcm.
3163 4493 3302 4547 Illud
3348 4508 3479 4549 vero
3530 4494 3611 4547 uti

2035 4587 2276 4640 clamore
2317 4595 2478 4640 acuto
2513 4594 2564 4640 et
2600 4585 2915 4656 penetranti
2948 4600 3150 4640 novum
3187 4584 3394 4655 ubique
3439 4592 3493 4639 et
3524 4584 3610 4638 in-

2038 4678 2223 4732 solens
2255 4676 2535 4731 Servatori
2565 4676 2808 4732 Christo.
2839 4676 3055 4733 Etenim
3087 4675 3231 4732 Deus
3265 4684 3322 4731 et
3358 4674 3521 4730 Pater
3547 4675 3615 4731 de

2036 4769 2134 4823 illo
2167 4768 2369 4824 alicubi
2409 4768 2486 4822 ait
2515 4788 2528 4823 :
2562 4786 2580 4820 ι
2614 4766 2735 4822 Non
2774 4767 3092 4835 contendet,
3137 4783 3319 4837 neque
3345 4766 3612 4824 vocifera-

2035 4858 2280 4924 bitur",
2314 4877 2333 4911 ι
2372 4867 2428 4913 et
2486 4858 2721 4929 reliqua.
2775 4858 2954 4928 Opera
3003 4858 3148 4912 enim
3206 4873 3348 4915 verae
3391 4857 3614 4913 deitatis

2037 4949 2158 5004 sine
2192 4950 2427 5020 strepitu
2474 4956 2527 5004 et
2568 4942 2818 5004 tumultu
2859 4949 3009 5005 omni
3057 4949 3236 5005 fiunt:
3274 4950 3390 5005 haec
3428 4958 3611 5004 autem

2037 5055 2167 5096 vera
2196 5041 2419 5097 deitatis
2450 5050 2606 5098 erant
2646 5043 2700 5098 in
2732 5042 2957 5098 Christo
2984 5060 2997 5097 :
3020 5045 3224 5114 quippe
3244 5042 3387 5096 Deus
3411 5042 3477 5096 de
3504 5039 3614 5095 Deo

2041 5133 2347 5190 secundum
2389 5141 2645 5189 naturam
2682 5142 2768 5190 est
2819 5150 2885 5190 ac
2916 5149 3102 5190 verus.
3141 5132 3286 5199 Quid
3331 5132 3499 5203 igitur
3532 5131 3616 5187 di-

2041 5241 2257 5292 cemus,
2299 5242 2423 5284 cum
2456 5226 2750 5283 videamus
2801 5241 2927 5281 eum
2964 5226 3040 5279 ita
3082 5231 3282 5296 praeter
3313 5233 3615 5282 consuetu-

2043 5318 2231 5376 dinem
2303 5318 2735 5376 vociferantem?
2788 5318 2901 5375 Nec
2966 5317 3116 5374 enim
3185 5318 3483 5390 quisquam
3549 5332 3615 5374 eo

2046 5411 2300 5468 amentia:
2326 5412 2597 5479 deveniet,
2626 5421 2687 5469 ut
2720 5420 2919 5484 praeter
2949 5409 3210 5467 decorum
3242 5410 3445 5468 fecisse
3469 5410 3613 5466 dicat

438 5711 519 5781 (I)
563 5710 751 5788 Locus
795 5712 1079 5788 restitutus
1127 5728 1193 5769 ex
1245 5709 1464 5767 Macarii
1505 5712 1929 5783 Chrysoccphali
1970 5723 2128 5771 tract.
2169 5715 2267 5785 l6,
2315 5733 2401 5788 ap.
2442 5716 2545 5774 Mai
2582 5717 2714 5775 ibid.
2758 5716 2902 5775 Editi
2934 5718 3192 5774 omittunt
3263 5716 3423 5773 verba
3487 5714 3609 5787 ἥκω

364 5821 383 5838 .
411 5821 428 5836 .
460 5822 477 5837 .
504 5821 517 5835 .
547 5782 1013 5855 ψευδοπροφῆται.
