  <div class='ocr_page' id='page_1' title='image "/cluster/home/n/w/nwhite01/storage/ocr_20150623/74/hvd.32044048207120/037.png"; bbox 0 0 4062 6208; ppageno 0'>
   <div class='ocr_carea' id='block_1_1' title="bbox 484 294 3708 364">
    <p class='ocr_par' dir='ltr' id='par_1_1' title="bbox 484 294 3708 364">
     <span class='ocr_line' id='line_1_1' title="bbox 484 294 3708 364; baseline -0.005 -2"><span class='ocrx_word' id='word_1_1' title='bbox 484 305 566 362; x_wconf 69' lang='lat'><strong>65</strong></span> <span class='ocrx_word' id='word_1_2' title='bbox 1499 295 1558 353; x_wconf 89' lang='lat' dir='ltr'><strong>s.</strong></span> <span class='ocrx_word' id='word_1_3' title='bbox 1585 296 1860 355; x_wconf 79' lang='lat' dir='ltr'><strong>cmeLI</strong></span> <span class='ocrx_word' id='word_1_4' title='bbox 1913 294 2381 352; x_wconf 70' lang='lat' dir='ltr'><strong>ALEXANDRINI</strong></span> <span class='ocrx_word' id='word_1_5' title='bbox 2413 295 2729 351; x_wconf 74' lang='lat' dir='ltr'><strong>ARCIHEP.</strong></span> <span class='ocrx_word' id='word_1_6' title='bbox 3639 309 3708 364; x_wconf 68' lang='grc' dir='ltr'>ω</span> 
     </span>
    </p>
   </div>
   <div class='ocr_carea' id='block_1_2' title="bbox 479 417 2023 492">
    <p class='ocr_par' dir='ltr' id='par_1_2' title="bbox 479 417 2023 490">
     <span class='ocr_line' id='line_1_2' title="bbox 479 417 2023 490; baseline -0.003 -13"><span class='ocrx_word' id='word_1_7' title='bbox 479 431 534 478; x_wconf 83' lang='lat' dir='ltr'><strong>et</strong></span> <span class='ocrx_word' id='word_1_8' title='bbox 567 421 646 476; x_wconf 75' lang='lat' dir='ltr'><strong>ab</strong></span> <span class='ocrx_word' id='word_1_9' title='bbox 683 418 859 475; x_wconf 71' lang='lat' dir='ltr'><strong>officio</strong></span> <span class='ocrx_word' id='word_1_10' title='bbox 901 418 1220 473; x_wconf 90' lang='lat' dir='ltr'><strong>recessisse.</strong></span> <span class='ocrx_word' id='word_1_11' title='bbox 1246 417 1531 483; x_wconf 84' lang='lat' dir='ltr'><strong>Quomodo</strong></span> <span class='ocrx_word' id='word_1_12' title='bbox 1580 419 1749 490; x_wconf 84' lang='lat' dir='ltr'><strong>igitur</strong></span> <span class='ocrx_word' id='word_1_13' title='bbox 1798 423 1903 474; x_wconf 86' lang='lat' dir='ltr'><strong>hoc</strong></span> <span class='ocrx_word' id='word_1_14' title='bbox 1946 420 2023 473; x_wconf 83' lang='lat' dir='ltr'><strong>ﬁt‘</strong></span> 
     </span>
    </p>
   </div>
   <div class='ocr_carea' id='block_1_3' title="bbox 2127 417 3709 492">
    <p class='ocr_par' dir='ltr' id='par_1_3' title="bbox 2146 417 3709 492">
     <span class='ocr_line' id='line_1_3' title="bbox 2146 417 3709 492; baseline 0.011 -22"><span class='ocrx_word' id='word_1_15' title='bbox 2146 417 2280 471; x_wconf 79' lang='grc' dir='ltr'>ἰέναι</span> <span class='ocrx_word' id='word_1_16' title='bbox 2302 417 2361 470; x_wconf 80' lang='grc' dir='ltr'>τὸ</span> <span class='ocrx_word' id='word_1_17' title='bbox 2387 418 2565 487; x_wconf 81' lang='grc' dir='ltr'>λέγειν</span> <span class='ocrx_word' id='word_1_18' title='bbox 2598 421 2780 478; x_wconf 80' lang='grc' dir='ltr'>αὐτὸν.</span> <span class='ocrx_word' id='word_1_19' title='bbox 2806 419 2898 472; x_wconf 68' lang='grc' dir='ltr'><strong>καῖ⁵</strong></span> <span class='ocrx_word' id='word_1_20' title='bbox 2923 420 3186 490; x_wconf 74' lang='grc' dir='ltr'>άμαρτεῖν</span> <span class='ocrx_word' id='word_1_21' title='bbox 3208 421 3301 476; x_wconf 88' lang='grc' dir='ltr'><strong>τοῦ</strong></span> <span class='ocrx_word' id='word_1_22' title='bbox 3333 424 3562 492; x_wconf 70' lang='grc' dir='ltr'>δέοντος.</span> <span class='ocrx_word' id='word_1_23' title='bbox 3590 431 3709 487; x_wconf 77' lang='grc' dir='ltr'><strong>Πῶς</strong></span> 
     </span>
    </p>
   </div>
   <div class='ocr_carea' id='block_1_4' title="bbox 474 508 2036 586">
    <p class='ocr_par' dir='ltr' id='par_1_4' title="bbox 474 508 2036 586">
     <span class='ocr_line' id='line_1_4' title="bbox 474 508 2036 586; baseline 0.001 -22"><span class='ocrx_word' id='word_1_24' title='bbox 474 511 642 586; x_wconf 72' lang='grc'><strong>690</strong></span> <span class='ocrx_word' id='word_1_25' title='bbox 672 510 843 564; x_wconf 81' lang='lat' dir='ltr'><strong>Habet</strong></span> <span class='ocrx_word' id='word_1_26' title='bbox 884 510 1151 563; x_wconf 89' lang='lat' dir='ltr'><strong>rationem</strong></span> <span class='ocrx_word' id='word_1_27' title='bbox 1186 508 1274 563; x_wconf 86' lang='lat' dir='ltr'><strong>hic</strong></span> <span class='ocrx_word' id='word_1_28' title='bbox 1312 510 1544 577; x_wconf 92' lang='lat' dir='ltr'><strong>clamor,</strong></span> <span class='ocrx_word' id='word_1_29' title='bbox 1577 526 1739 580; x_wconf 87' lang='lat' dir='ltr'><strong>quem</strong></span> <span class='ocrx_word' id='word_1_30' title='bbox 1773 526 2036 565; x_wconf 81' lang='lat' dir='ltr'><strong>necessa-</strong></span> 
     </span>
    </p>
   </div>
   <div class='ocr_carea' id='block_1_5' title="bbox 479 601 2036 673">
    <p class='ocr_par' dir='ltr' id='par_1_5' title="bbox 479 601 2036 673">
     <span class='ocr_line' id='line_1_5' title="bbox 479 601 2036 673; baseline -0.001 -16"><span class='ocrx_word' id='word_1_31' title='bbox 479 606 564 658; x_wconf 86' lang='lat' dir='ltr'><strong>rio</strong></span> <span class='ocrx_word' id='word_1_32' title='bbox 594 617 929 673; x_wconf 73' lang='lat' dir='ltr'><strong>exponemus</strong></span> <span class='ocrx_word' id='word_1_33' title='bbox 962 601 1028 654; x_wconf 88' lang='lat' dir='ltr'><strong>ad</strong></span> <span class='ocrx_word' id='word_1_34' title='bbox 1065 601 1358 655; x_wconf 73' lang='lat' dir='ltr'><strong>utilitatem</strong></span> <span class='ocrx_word' id='word_1_35' title='bbox 1390 602 1751 657; x_wconf 88' lang='lat' dir='ltr'><strong>audientium.</strong></span> <span class='ocrx_word' id='word_1_36' title='bbox 1782 601 2036 672; x_wconf 80' lang='lat' dir='ltr'><strong>Figuram</strong></span> 
     </span>
    </p>
   </div>
   <div class='ocr_carea' id='block_1_6' title="bbox 479 694 2038 763">
    <p class='ocr_par' dir='ltr' id='par_1_6' title="bbox 479 694 2038 763">
     <span class='ocr_line' id='line_1_6' title="bbox 479 694 2038 763; baseline 0.001 -14"><span class='ocrx_word' id='word_1_37' title='bbox 479 694 648 749; x_wconf 88' lang='lat' dir='ltr'><strong>veluti</strong></span> <span class='ocrx_word' id='word_1_38' title='bbox 671 695 959 763; x_wconf 82' lang='lat' dir='ltr'><strong>quamdam</strong></span> <span class='ocrx_word' id='word_1_39' title='bbox 983 694 1255 763; x_wconf 77' lang='lat' dir='ltr'><strong>generalis</strong></span> <span class='ocrx_word' id='word_1_40' title='bbox 1277 695 1589 746; x_wconf 86' lang='lat' dir='ltr'><strong>mortalium</strong></span> <span class='ocrx_word' id='word_1_41' title='bbox 1619 696 2038 751; x_wconf 72' lang='lat' dir='ltr'><strong>resurrectionis</strong></span> 
     </span>
    </p>
   </div>
   <div class='ocr_carea' id='block_1_7' title="bbox 476 781 2036 852">
    <p class='ocr_par' dir='ltr' id='par_1_7' title="bbox 476 781 2036 852">
     <span class='ocr_line' id='line_1_7' title="bbox 476 781 2036 852; baseline 0 -15"><span class='ocrx_word' id='word_1_42' title='bbox 476 784 534 838; x_wconf 90' lang='lat' dir='ltr'><strong>in</strong></span> <span class='ocrx_word' id='word_1_43' title='bbox 568 783 673 837; x_wconf 86' lang='lat' dir='ltr'><strong>hoc</strong></span> <span class='ocrx_word' id='word_1_44' title='bbox 723 784 869 836; x_wconf 85' lang='lat' dir='ltr'><strong>circa</strong></span> <span class='ocrx_word' id='word_1_45' title='bbox 898 781 1165 836; x_wconf 81' lang='lat' dir='ltr'><strong>Lazarum</strong></span> <span class='ocrx_word' id='word_1_46' title='bbox 1203 783 1474 837; x_wconf 86' lang='lat' dir='ltr'><strong>miraculo</strong></span> <span class='ocrx_word' id='word_1_47' title='bbox 1510 785 1678 844; x_wconf 87' lang='lat' dir='ltr'><strong>novit,</strong></span> <span class='ocrx_word' id='word_1_48' title='bbox 1703 792 1756 838; x_wconf 90' lang='lat' dir='ltr'><strong>et</strong></span> <span class='ocrx_word' id='word_1_49' title='bbox 1801 784 1946 852; x_wconf 86' lang='lat' dir='ltr'><strong>quod</strong></span> <span class='ocrx_word' id='word_1_50' title='bbox 1983 783 2036 837; x_wconf 90' lang='lat' dir='ltr'><strong>in</strong></span> 
     </span>
    </p>
   </div>
   <div class='ocr_carea' id='block_1_8' title="bbox 478 873 2037 944">
    <p class='ocr_par' dir='ltr' id='par_1_8' title="bbox 478 873 2037 944">
     <span class='ocr_line' id='line_1_8' title="bbox 478 873 2037 944; baseline 0.003 -18"><span class='ocrx_word' id='word_1_51' title='bbox 478 890 586 927; x_wconf 86' lang='lat' dir='ltr'><strong>uno</strong></span> <span class='ocrx_word' id='word_1_52' title='bbox 610 873 967 944; x_wconf 71' lang='lat' dir='ltr'><strong>adimpletum</strong></span> <span class='ocrx_word' id='word_1_53' title='bbox 997 885 1099 937; x_wconf 68' lang='lat' dir='ltr'><strong>est,</strong></span> <span class='ocrx_word' id='word_1_54' title='bbox 1125 875 1399 944; x_wconf 64' lang='lat' dir='ltr'><strong>egregiam</strong></span> <span class='ocrx_word' id='word_1_55' title='bbox 1437 876 1763 930; x_wconf 85' lang='lat' dir='ltr'><strong>universalis</strong></span> <span class='ocrx_word' id='word_1_56' title='bbox 1787 884 1841 928; x_wconf 91' lang='lat' dir='ltr'><strong>et</strong></span> <span class='ocrx_word' id='word_1_57' title='bbox 1872 875 2037 930; x_wconf 87' lang='lat' dir='ltr'><strong>tutius</strong></span> 
     </span>
    </p>
   </div>
   <div class='ocr_carea' id='block_1_9' title="bbox 477 965 2036 1036">
    <p class='ocr_par' dir='ltr' id='par_1_9' title="bbox 477 965 2036 1036">
     <span class='ocr_line' id='line_1_9' title="bbox 477 965 2036 1036; baseline 0 -18"><span class='ocrx_word' id='word_1_58' title='bbox 477 966 672 1019; x_wconf 90' lang='lat' dir='ltr'><strong>statuit</strong></span> <span class='ocrx_word' id='word_1_59' title='bbox 724 980 845 1019; x_wconf 90' lang='lat' dir='ltr'><strong>esse</strong></span> <span class='ocrx_word' id='word_1_60' title='bbox 883 965 1199 1036; x_wconf 83' lang='lat' dir='ltr'><strong>imaginem.</strong></span> <span class='ocrx_word' id='word_1_61' title='bbox 1240 966 1526 1020; x_wconf 82' lang='lat' dir='ltr'><strong>Credimus</strong></span> <span class='ocrx_word' id='word_1_62' title='bbox 1560 967 1709 1020; x_wconf 91' lang='lat' dir='ltr'><strong>enim</strong></span> <span class='ocrx_word' id='word_1_63' title='bbox 1744 974 2036 1020; x_wconf 87' lang='lat' dir='ltr'><strong>venturum</strong></span> 
     </span>
    </p>
   </div>
   <div class='ocr_carea' id='block_1_10' title="bbox 475 1056 2039 1126">
    <p class='ocr_par' dir='ltr' id='par_1_10' title="bbox 475 1056 2039 1126">
     <span class='ocr_line' id='line_1_10' title="bbox 475 1056 2039 1126; baseline 0.001 -17"><span class='ocrx_word' id='word_1_64' title='bbox 475 1071 598 1110; x_wconf 89' lang='lat' dir='ltr'><strong>esse</strong></span> <span class='ocrx_word' id='word_1_65' title='bbox 650 1056 914 1123; x_wconf 88' lang='lat' dir='ltr'><strong>judieem,</strong></span> <span class='ocrx_word' id='word_1_66' title='bbox 967 1064 1022 1110; x_wconf 93' lang='lat' dir='ltr'><strong>et</strong></span> <span class='ocrx_word' id='word_1_67' title='bbox 1081 1064 1330 1112; x_wconf 90' lang='lat' dir='ltr'><strong>tenemus</strong></span> <span class='ocrx_word' id='word_1_68' title='bbox 1380 1056 1620 1110; x_wconf 82' lang='lat' dir='ltr'><strong>futuram</strong></span> <span class='ocrx_word' id='word_1_69' title='bbox 1678 1057 1837 1126; x_wconf 82' lang='lat' dir='ltr'><strong>signo</strong></span> <span class='ocrx_word' id='word_1_70' title='bbox 1896 1056 2039 1110; x_wconf 64' lang='lat' dir='ltr'><strong>tuba;</strong></span> 
     </span>
    </p>
   </div>
   <div class='ocr_carea' id='block_1_11' title="bbox 476 1144 2037 1214">
    <p class='ocr_par' dir='ltr' id='par_1_11' title="bbox 476 1144 2037 1214">
     <span class='ocr_line' id='line_1_11' title="bbox 476 1144 2037 1214; baseline 0 -15"><span class='ocrx_word' id='word_1_71' title='bbox 476 1146 939 1210; x_wconf 88' lang='lat' dir='ltr'><strong>inclamatiouem,</strong></span> <span class='ocrx_word' id='word_1_72' title='bbox 995 1145 1151 1214; x_wconf 80' lang='lat' dir='ltr'><strong>juxta</strong></span> <span class='ocrx_word' id='word_1_73' title='bbox 1206 1147 1355 1199; x_wconf 85' lang='lat' dir='ltr'><strong>illam</strong></span> <span class='ocrx_word' id='word_1_74' title='bbox 1410 1145 1562 1199; x_wconf 88' lang='lat' dir='ltr'><strong>Pauli</strong></span> <span class='ocrx_word' id='word_1_75' title='bbox 1593 1162 1778 1200; x_wconf 77' lang='lat' dir='ltr'><strong>vocem</strong></span> <span class='ocrx_word' id='word_1_76' title='bbox 1803 1144 1871 1209; x_wconf 64' lang='grc'>⁸⁸,</span> <span class='ocrx_word' id='word_1_77' title='bbox 1916 1160 2037 1199; x_wconf 79' lang='lat' dir='ltr'><strong>om—</strong></span> 
     </span>
    </p>
   </div>
   <div class='ocr_carea' id='block_1_12' title="bbox 476 1236 2037 1308">
    <p class='ocr_par' dir='ltr' id='par_1_12' title="bbox 476 1236 2037 1308">
     <span class='ocr_line' id='line_1_12' title="bbox 476 1236 2037 1308; baseline 0.002 -20"><span class='ocrx_word' id='word_1_78' title='bbox 476 1236 635 1290; x_wconf 86' lang='lat' dir='ltr'><strong>nibus</strong></span> <span class='ocrx_word' id='word_1_79' title='bbox 672 1236 871 1305; x_wconf 89' lang='lat' dir='ltr'><strong>ubique</strong></span> <span class='ocrx_word' id='word_1_80' title='bbox 901 1247 1175 1291; x_wconf 87' lang='lat' dir='ltr'><strong>terrarum</strong></span> <span class='ocrx_word' id='word_1_81' title='bbox 1218 1236 1535 1306; x_wconf 86' lang='lat' dir='ltr'><strong>jacentibus</strong></span> <span class='ocrx_word' id='word_1_82' title='bbox 1587 1249 1644 1291; x_wconf 76' lang='lat' dir='ltr'><strong>ut</strong></span> <span class='ocrx_word' id='word_1_83' title='bbox 1676 1246 1903 1308; x_wconf 80' lang='lat' dir='ltr'><strong>surgant</strong></span> <span class='ocrx_word' id='word_1_84' title='bbox 1938 1239 2037 1291; x_wconf 81' lang='lat' dir='ltr'><strong>ini-</strong></span> 
     </span>
    </p>
   </div>
   <div class='ocr_carea' id='block_1_13' title="bbox 476 1328 2038 1398">
    <p class='ocr_par' dir='ltr' id='par_1_13' title="bbox 476 1328 2038 1398">
     <span class='ocr_line' id='line_1_13' title="bbox 476 1328 2038 1398; baseline 0.002 -19"><span class='ocrx_word' id='word_1_85' title='bbox 476 1336 1053 1397; x_wconf 80' lang='lat' dir='ltr'><strong>perantem,operante</strong></span> <span class='ocrx_word' id='word_1_86' title='bbox 1077 1330 1271 1398; x_wconf 89' lang='lat' dir='ltr'><strong>utique</strong></span> <span class='ocrx_word' id='word_1_87' title='bbox 1311 1344 1426 1381; x_wconf 88' lang='lat' dir='ltr'><strong>rem</strong></span> <span class='ocrx_word' id='word_1_88' title='bbox 1453 1330 1613 1381; x_wconf 86' lang='lat' dir='ltr'><strong>istam</strong></span> <span class='ocrx_word' id='word_1_89' title='bbox 1640 1328 1904 1382; x_wconf 69' lang='lat' dir='ltr'><strong>ineffabili</strong></span> <span class='ocrx_word' id='word_1_90' title='bbox 1941 1344 2038 1397; x_wconf 89' lang='lat' dir='ltr'><strong>po-</strong></span> 
     </span>
    </p>
   </div>
   <div class='ocr_carea' id='block_1_14' title="bbox 476 1416 2038 1485">
    <p class='ocr_par' dir='ltr' id='par_1_14' title="bbox 476 1416 2038 1485">
     <span class='ocr_line' id='line_1_14' title="bbox 476 1416 2038 1485; baseline 0.001 -17"><span class='ocrx_word' id='word_1_91' title='bbox 476 1425 672 1471; x_wconf 87' lang='lat' dir='ltr'><strong>testate</strong></span> <span class='ocrx_word' id='word_1_92' title='bbox 712 1417 826 1482; x_wconf 88' lang='lat' dir='ltr'><strong>Dei,</strong></span> <span class='ocrx_word' id='word_1_93' title='bbox 861 1419 951 1470; x_wconf 92' lang='lat' dir='ltr'><strong>eui</strong></span> <span class='ocrx_word' id='word_1_94' title='bbox 980 1418 1168 1471; x_wconf 84' lang='lat' dir='ltr'><strong>omnia</strong></span> <span class='ocrx_word' id='word_1_95' title='bbox 1198 1418 1420 1471; x_wconf 90' lang='lat' dir='ltr'><strong>cedunt.</strong></span> <span class='ocrx_word' id='word_1_96' title='bbox 1454 1416 1749 1485; x_wconf 81' lang='lat' dir='ltr'><strong>Propterea</strong></span> <span class='ocrx_word' id='word_1_97' title='bbox 1798 1417 1946 1471; x_wconf 89' lang='lat' dir='ltr'><strong>enim</strong></span> <span class='ocrx_word' id='word_1_98' title='bbox 1983 1426 2038 1472; x_wconf 90' lang='lat' dir='ltr'><strong>et</strong></span> 
     </span>
    </p>
   </div>
   <div class='ocr_carea' id='block_1_15' title="bbox 475 1504 2035 1570">
    <p class='ocr_par' dir='ltr' id='par_1_15' title="bbox 475 1504 2035 1570">
     <span class='ocr_line' id='line_1_15' title="bbox 475 1504 2035 1570; baseline 0.001 -12"><span class='ocrx_word' id='word_1_99' title='bbox 475 1508 559 1559; x_wconf 81' lang='lat' dir='ltr'><strong>lex</strong></span> <span class='ocrx_word' id='word_1_100' title='bbox 614 1522 643 1559; x_wconf 92' lang='lat' dir='ltr'><strong>a</strong></span> <span class='ocrx_word' id='word_1_101' title='bbox 691 1505 840 1560; x_wconf 81' lang='lat' dir='ltr'><strong>Mose</strong></span> <span class='ocrx_word' id='word_1_102' title='bbox 892 1508 1037 1570; x_wconf 89' lang='lat' dir='ltr'><strong>lata,</strong></span> <span class='ocrx_word' id='word_1_103' title='bbox 1090 1521 1214 1560; x_wconf 88' lang='lat' dir='ltr'><strong>cum</strong></span> <span class='ocrx_word' id='word_1_104' title='bbox 1273 1506 1472 1560; x_wconf 86' lang='lat' dir='ltr'><strong>festum</strong></span> <span class='ocrx_word' id='word_1_105' title='bbox 1526 1504 2035 1561; x_wconf 87' lang='lat' dir='ltr'><strong>Tabernaculorum</strong></span> 
     </span>
    </p>
   </div>
   <div class='ocr_carea' id='block_1_16' title="bbox 473 1598 2036 1669">
    <p class='ocr_par' dir='ltr' id='par_1_16' title="bbox 473 1598 2036 1669">
     <span class='ocr_line' id='line_1_16' title="bbox 473 1598 2036 1669; baseline 0.001 -19"><span class='ocrx_word' id='word_1_106' title='bbox 473 1600 764 1669; x_wconf 81' lang='lat' dir='ltr'><strong>tiguraret:</strong></span> <span class='ocrx_word' id='word_1_107' title='bbox 798 1617 815 1649; x_wconf 76' lang='grc' dir='ltr'><strong>ι</strong></span> <span class='ocrx_word' id='word_1_108' title='bbox 851 1598 1157 1663; x_wconf 79' lang='lat' dir='ltr'><strong>Celebrate,</strong></span> <span class='ocrx_word' id='word_1_109' title='bbox 1193 1599 1389 1668; x_wconf 84' lang='lat' dir='ltr'><strong>inquit,</strong></span> <span class='ocrx_word' id='word_1_110' title='bbox 1415 1599 1596 1668; x_wconf 87' lang='lat' dir='ltr'><strong>ipsum</strong></span> <span class='ocrx_word' id='word_1_111' title='bbox 1628 1600 1681 1653; x_wconf 89' lang='lat' dir='ltr'><strong>in</strong></span> <span class='ocrx_word' id='word_1_112' title='bbox 1717 1600 2036 1653; x_wconf 85' lang='lat' dir='ltr'><strong>memoriam</strong></span> 
     </span>
    </p>
   </div>
   <div class='ocr_carea' id='block_1_17' title="bbox 470 1691 2036 1760">
    <p class='ocr_par' dir='ltr' id='par_1_17' title="bbox 470 1691 2036 1760">
     <span class='ocr_line' id='line_1_17' title="bbox 470 1691 2036 1760; baseline -0.001 -16"><span class='ocrx_word' id='word_1_113' title='bbox 470 1692 746 1746; x_wconf 86' lang='lat' dir='ltr'><strong>tubarum.</strong></span> <span class='ocrx_word' id='word_1_114' title='bbox 778 1712 796 1743; x_wconf 73' lang='lat' dir='ltr'><strong>i</strong></span> <span class='ocrx_word' id='word_1_115' title='bbox 832 1691 965 1746; x_wconf 90' lang='lat' dir='ltr'><strong>Cum</strong></span> <span class='ocrx_word' id='word_1_116' title='bbox 999 1693 1144 1746; x_wconf 90' lang='lat' dir='ltr'><strong>enim</strong></span> <span class='ocrx_word' id='word_1_117' title='bbox 1179 1691 1375 1744; x_wconf 85' lang='lat' dir='ltr'><strong>iterum</strong></span> <span class='ocrx_word' id='word_1_118' title='bbox 1399 1691 1798 1760; x_wconf 73' lang='lat' dir='ltr'><strong>compingenda</strong></span> <span class='ocrx_word' id='word_1_119' title='bbox 1820 1692 2036 1744; x_wconf 76' lang='lat' dir='ltr'><strong>venient</strong></span> 
     </span>
    </p>
   </div>
   <div class='ocr_carea' id='block_1_18' title="bbox 469 1782 2034 1853">
    <p class='ocr_par' dir='ltr' id='par_1_18' title="bbox 469 1782 2034 1853">
     <span class='ocr_line' id='line_1_18' title="bbox 469 1782 2034 1853; baseline -0.002 -17"><span class='ocrx_word' id='word_1_120' title='bbox 469 1783 711 1836; x_wconf 76' lang='lat' dir='ltr'><strong>humana</strong></span> <span class='ocrx_word' id='word_1_121' title='bbox 749 1798 1002 1853; x_wconf 87' lang='lat' dir='ltr'><strong>corpora,</strong></span> <span class='ocrx_word' id='word_1_122' title='bbox 1048 1790 1108 1836; x_wconf 92' lang='lat' dir='ltr'><strong>et</strong></span> <span class='ocrx_word' id='word_1_123' title='bbox 1158 1783 1593 1851; x_wconf 88' lang='lat' dir='ltr'><strong>uniuscujusque</strong></span> <span class='ocrx_word' id='word_1_124' title='bbox 1635 1782 1821 1835; x_wconf 87' lang='lat' dir='ltr'><strong>anima</strong></span> <span class='ocrx_word' id='word_1_125' title='bbox 1873 1795 2034 1835; x_wconf 86' lang='lat' dir='ltr'><strong>suum</strong></span> 
     </span>
    </p>
   </div>
   <div class='ocr_carea' id='block_1_19' title="bbox 471 1866 2035 1938">
    <p class='ocr_par' dir='ltr' id='par_1_19' title="bbox 471 1866 2035 1938">
     <span class='ocr_line' id='line_1_19' title="bbox 471 1866 2035 1938; baseline -0.003 -16"><span class='ocrx_word' id='word_1_126' title='bbox 471 1871 638 1927; x_wconf 81' lang='lat' dir='ltr'><strong>veluti</strong></span> <span class='ocrx_word' id='word_1_127' title='bbox 681 1871 1093 1925; x_wconf 81' lang='lat' dir='ltr'><strong>tabernaculum</strong></span> <span class='ocrx_word' id='word_1_128' title='bbox 1127 1870 1309 1924; x_wconf 90' lang='lat' dir='ltr'><strong>denuo</strong></span> <span class='ocrx_word' id='word_1_129' title='bbox 1349 1878 1724 1938; x_wconf 71' lang='lat' dir='ltr'><strong>assumptum,</strong></span> <span class='ocrx_word' id='word_1_130' title='bbox 1753 1866 2035 1922; x_wconf 90' lang='lat' dir='ltr'><strong>insonabit</strong></span> 
     </span>
    </p>
   </div>
   <div class='ocr_carea' id='block_1_20' title="bbox 471 1958 2034 2032">
    <p class='ocr_par' dir='ltr' id='par_1_20' title="bbox 471 1958 2034 2032">
     <span class='ocr_line' id='line_1_20' title="bbox 471 1958 2034 2032; baseline -0.001 -20"><span class='ocrx_word' id='word_1_131' title='bbox 471 1963 626 2032; x_wconf 83' lang='lat' dir='ltr'><strong>prius</strong></span> <span class='ocrx_word' id='word_1_132' title='bbox 680 1963 900 2031; x_wconf 89' lang='lat' dir='ltr'><strong>jussum</strong></span> <span class='ocrx_word' id='word_1_133' title='bbox 950 1962 1202 2025; x_wconf 84' lang='lat' dir='ltr'><strong>Domini,</strong></span> <span class='ocrx_word' id='word_1_134' title='bbox 1262 1969 1317 2015; x_wconf 89' lang='lat' dir='ltr'><strong>et</strong></span> <span class='ocrx_word' id='word_1_135' title='bbox 1370 1959 1803 2016; x_wconf 87' lang='lat' dir='ltr'><strong>resurrectionis</strong></span> <span class='ocrx_word' id='word_1_136' title='bbox 1863 1958 2034 2012; x_wconf 88' lang='lat' dir='ltr'><strong>veluti</strong></span> 
     </span>
    </p>
   </div>
   <div class='ocr_carea' id='block_1_21' title="bbox 472 2048 2034 2122">
    <p class='ocr_par' dir='ltr' id='par_1_21' title="bbox 472 2048 2034 2122">
     <span class='ocr_line' id='line_1_21' title="bbox 472 2048 2034 2122; baseline -0.003 -17"><span class='ocrx_word' id='word_1_137' title='bbox 472 2065 680 2108; x_wconf 86' lang='lat' dir='ltr'><strong>tessera</strong></span> <span class='ocrx_word' id='word_1_138' title='bbox 715 2056 959 2118; x_wconf 75' lang='lat' dir='ltr'><strong>dabitur,</strong></span> <span class='ocrx_word' id='word_1_139' title='bbox 1011 2054 1253 2122; x_wconf 89' lang='lat' dir='ltr'><strong>tubaque</strong></span> <span class='ocrx_word' id='word_1_140' title='bbox 1288 2052 1382 2106; x_wconf 85' lang='lat' dir='ltr'><strong>Dei</strong></span> <span class='ocrx_word' id='word_1_141' title='bbox 1417 2059 1598 2115; x_wconf 88' lang='lat' dir='ltr'><strong>canet,</strong></span> <span class='ocrx_word' id='word_1_142' title='bbox 1640 2051 1798 2119; x_wconf 72' lang='lat' dir='ltr'><strong>juxta</strong></span> <span class='ocrx_word' id='word_1_143' title='bbox 1838 2048 2034 2118; x_wconf 67' lang='lat' dir='ltr'><strong>prazdi-</strong></span> 
     </span>
    </p>
   </div>
   <div class='ocr_carea' id='block_1_22' title="bbox 469 2141 2035 2216">
    <p class='ocr_par' dir='ltr' id='par_1_22' title="bbox 469 2141 2035 2216">
     <span class='ocr_line' id='line_1_22' title="bbox 469 2141 2035 2216; baseline -0.004 -17"><span class='ocrx_word' id='word_1_144' title='bbox 469 2154 638 2200; x_wconf 88' lang='lat' dir='ltr'><strong>ctum.</strong></span> <span class='ocrx_word' id='word_1_145' title='bbox 671 2144 842 2216; x_wconf 75' lang='lat' dir='ltr'><strong>Igitur</strong></span> <span class='ocrx_word' id='word_1_146' title='bbox 884 2146 939 2198; x_wconf 92' lang='lat' dir='ltr'><strong>in</strong></span> <span class='ocrx_word' id='word_1_147' title='bbox 982 2146 1204 2214; x_wconf 79' lang='lat' dir='ltr'><strong>figuram</strong></span> <span class='ocrx_word' id='word_1_148' title='bbox 1232 2142 1354 2212; x_wconf 83' lang='lat' dir='ltr'><strong>ejus</strong></span> <span class='ocrx_word' id='word_1_149' title='bbox 1382 2158 1640 2212; x_wconf 79' lang='lat' dir='ltr'><strong>magnum</strong></span> <span class='ocrx_word' id='word_1_150' title='bbox 1671 2141 1947 2211; x_wconf 83' lang='lat' dir='ltr'><strong>quoddam</strong></span> <span class='ocrx_word' id='word_1_151' title='bbox 1979 2149 2035 2194; x_wconf 88' lang='lat' dir='ltr'><strong>et</strong></span> 
     </span>
    </p>
   </div>
   <div class='ocr_carea' id='block_1_23' title="bbox 469 2232 2032 2295">
    <p class='ocr_par' dir='ltr' id='par_1_23' title="bbox 469 2232 2032 2295">
     <span class='ocr_line' id='line_1_23' title="bbox 469 2232 2032 2295; baseline -0.001 -7"><span class='ocrx_word' id='word_1_152' title='bbox 469 2235 799 2290; x_wconf 89' lang='lat' dir='ltr'><strong>audiendum</strong></span> <span class='ocrx_word' id='word_1_153' title='bbox 852 2235 1000 2289; x_wconf 90' lang='lat' dir='ltr'><strong>circa</strong></span> <span class='ocrx_word' id='word_1_154' title='bbox 1064 2233 1333 2287; x_wconf 82' lang='lat' dir='ltr'><strong>Lazarum</strong></span> <span class='ocrx_word' id='word_1_155' title='bbox 1389 2233 1708 2286; x_wconf 87' lang='lat' dir='ltr'><strong>inclamavit</strong></span> <span class='ocrx_word' id='word_1_156' title='bbox 1754 2232 2032 2295; x_wconf 80' lang='lat' dir='ltr'><strong>Christus,</strong></span> 
     </span>
    </p>
   </div>
   <div class='ocr_carea' id='block_1_24' title="bbox 469 2310 2034 2397">
    <p class='ocr_par' dir='ltr' id='par_1_24' title="bbox 469 2310 2034 2397">
     <span class='ocr_line' id='line_1_24' title="bbox 469 2310 2034 2397; baseline -0.001 -18"><span class='ocrx_word' id='word_1_157' title='bbox 469 2334 582 2380; x_wconf 75' lang='lat' dir='ltr'><strong>neu</strong></span> <span class='ocrx_word' id='word_1_158' title='bbox 617 2310 944 2397; x_wconf 72' lang='lat' dir='ltr'><strong>magnopere</strong></span> <span class='ocrx_word' id='word_1_159' title='bbox 970 2326 1393 2380; x_wconf 90' lang='lat' dir='ltr'><strong>consuetudinis</strong></span> <span class='ocrx_word' id='word_1_160' title='bbox 1424 2339 1653 2391; x_wconf 84' lang='lat' dir='ltr'><strong>memor,</strong></span> <span class='ocrx_word' id='word_1_161' title='bbox 1675 2324 1803 2378; x_wconf 85' lang='lat' dir='ltr'><strong>dum</strong></span> <span class='ocrx_word' id='word_1_162' title='bbox 1840 2339 2034 2379; x_wconf 87' lang='lat' dir='ltr'><strong>eorum</strong></span> 
     </span>
    </p>
   </div>
   <div class='ocr_carea' id='block_1_25' title="bbox 467 2405 2035 2489">
    <p class='ocr_par' dir='ltr' id='par_1_25' title="bbox 467 2405 2035 2489">
     <span class='ocr_line' id='line_1_25' title="bbox 467 2405 2035 2489; baseline -0.002 -17"><span class='ocrx_word' id='word_1_163' title='bbox 467 2434 589 2489; x_wconf 77' lang='lat' dir='ltr'><strong>qua:</strong></span> <span class='ocrx_word' id='word_1_164' title='bbox 612 2417 667 2472; x_wconf 91' lang='lat' dir='ltr'><strong>in</strong></span> <span class='ocrx_word' id='word_1_165' title='bbox 688 2419 1099 2488; x_wconf 84' lang='lat' dir='ltr'><strong>exspectatione</strong></span> <span class='ocrx_word' id='word_1_166' title='bbox 1121 2426 1330 2483; x_wconf 90' lang='lat' dir='ltr'><strong>essent,</strong></span> <span class='ocrx_word' id='word_1_167' title='bbox 1354 2416 1576 2485; x_wconf 79' lang='lat' dir='ltr'><strong>figuram</strong></span> <span class='ocrx_word' id='word_1_168' title='bbox 1598 2405 2035 2486; x_wconf 64' lang='lat' dir='ltr'><strong>repraesentant.</strong></span> 
     </span>
    </p>
   </div>
   <div class='ocr_carea' id='block_1_26' title="bbox 537 2527 2026 2598">
    <p class='ocr_par' dir='ltr' id='par_1_26' title="bbox 537 2527 2026 2598">
     <span class='ocr_line' id='line_1_26' title="bbox 537 2527 2026 2598; baseline -0.001 -16"><span class='ocrx_word' id='word_1_169' title='bbox 537 2527 614 2583; x_wconf 91' lang='lat' dir='ltr'><strong>Ita</strong></span> <span class='ocrx_word' id='word_1_170' title='bbox 661 2530 934 2593; x_wconf 88' lang='lat' dir='ltr'><strong>nonnulli,</strong></span> <span class='ocrx_word' id='word_1_171' title='bbox 974 2528 1418 2598; x_wconf 87' lang='lat' dir='ltr'><strong>quandoquidem</strong></span> <span class='ocrx_word' id='word_1_172' title='bbox 1468 2530 1603 2582; x_wconf 88' lang='lat' dir='ltr'><strong>nihil</strong></span> <span class='ocrx_word' id='word_1_173' title='bbox 1668 2544 1775 2582; x_wconf 92' lang='lat' dir='ltr'><strong>non</strong></span> <span class='ocrx_word' id='word_1_174' title='bbox 1842 2535 2026 2598; x_wconf 81' lang='lat' dir='ltr'><strong>potest</strong></span> 
     </span>
    </p>
   </div>
   <div class='ocr_carea' id='block_1_27' title="bbox 464 2617 2025 2687">
    <p class='ocr_par' dir='ltr' id='par_1_27' title="bbox 464 2617 2025 2687">
     <span class='ocr_line' id='line_1_27' title="bbox 464 2617 2025 2687; baseline 0 -14"><span class='ocrx_word' id='word_1_175' title='bbox 464 2618 707 2673; x_wconf 88' lang='lat' dir='ltr'><strong>divinum</strong></span> <span class='ocrx_word' id='word_1_176' title='bbox 743 2618 1002 2681; x_wconf 85' lang='lat' dir='ltr'><strong>Verbum,</strong></span> <span class='ocrx_word' id='word_1_177' title='bbox 1058 2617 1330 2687; x_wconf 84' lang='lat' dir='ltr'><strong>desperati</strong></span> <span class='ocrx_word' id='word_1_178' title='bbox 1382 2632 1612 2687; x_wconf 87' lang='lat' dir='ltr'><strong>prorsus</strong></span> <span class='ocrx_word' id='word_1_179' title='bbox 1640 2657 1654 2679; x_wconf 87' lang='lat'><strong>,</strong></span> <span class='ocrx_word' id='word_1_180' title='bbox 1714 2626 1769 2672; x_wconf 90' lang='lat' dir='ltr'><strong>et</strong></span> <span class='ocrx_word' id='word_1_181' title='bbox 1813 2618 2025 2673; x_wconf 65' lang='lat' dir='ltr'><strong>anitum</strong></span> 
     </span>
    </p>
   </div>
   <div class='ocr_carea' id='block_1_28' title="bbox 465 2708 2027 2776">
    <p class='ocr_par' dir='ltr' id='par_1_28' title="bbox 465 2708 2027 2776">
     <span class='ocr_line' id='line_1_28' title="bbox 465 2708 2027 2776; baseline 0 -15"><span class='ocrx_word' id='word_1_182' title='bbox 465 2717 691 2763; x_wconf 70' lang='lat' dir='ltr'><strong>mortua:</strong></span> <span class='ocrx_word' id='word_1_183' title='bbox 744 2708 969 2762; x_wconf 79' lang='lat' dir='ltr'><strong>fetorem</strong></span> <span class='ocrx_word' id='word_1_184' title='bbox 999 2710 1365 2776; x_wconf 82' lang='lat' dir='ltr'><strong>exspirantes,</strong></span> <span class='ocrx_word' id='word_1_185' title='bbox 1420 2716 1475 2761; x_wconf 92' lang='lat' dir='ltr'><strong>et</strong></span> <span class='ocrx_word' id='word_1_186' title='bbox 1530 2715 1875 2762; x_wconf 85' lang='lat' dir='ltr'><strong>mortuorum</strong></span> <span class='ocrx_word' id='word_1_187' title='bbox 1926 2709 2027 2762; x_wconf 79' lang='lat' dir='ltr'><strong>lia-</strong></span> 
     </span>
    </p>
   </div>
   <div class='ocr_carea' id='block_1_29' title="bbox 465 2799 2026 2869">
    <p class='ocr_par' dir='ltr' id='par_1_29' title="bbox 465 2799 2026 2869">
     <span class='ocr_line' id='line_1_29' title="bbox 465 2799 2026 2869; baseline 0.003 -16"><span class='ocrx_word' id='word_1_188' title='bbox 465 2799 699 2854; x_wconf 84' lang='lat' dir='ltr'><strong>bitacula</strong></span> <span class='ocrx_word' id='word_1_189' title='bbox 754 2799 1083 2862; x_wconf 88' lang='lat' dir='ltr'><strong>incolentes,</strong></span> <span class='ocrx_word' id='word_1_190' title='bbox 1144 2799 1620 2869; x_wconf 87' lang='lat' dir='ltr'><strong>supervenientem</strong></span> <span class='ocrx_word' id='word_1_191' title='bbox 1684 2800 1818 2869; x_wconf 89' lang='lat' dir='ltr'><strong>ipsis</strong></span> <span class='ocrx_word' id='word_1_192' title='bbox 1883 2802 2026 2857; x_wconf 88' lang='lat' dir='ltr'><strong>divi-</strong></span> 
     </span>
    </p>
   </div>
   <div class='ocr_carea' id='block_1_30' title="bbox 466 2890 2029 2964">
    <p class='ocr_par' dir='ltr' id='par_1_30' title="bbox 466 2890 2029 2964">
     <span class='ocr_line' id='line_1_30' title="bbox 466 2890 2029 2964; baseline 0.004 -20"><span class='ocrx_word' id='word_1_193' title='bbox 466 2906 597 2944; x_wconf 91' lang='lat' dir='ltr'><strong>num</strong></span> <span class='ocrx_word' id='word_1_194' title='bbox 644 2905 950 2945; x_wconf 87' lang='lat' dir='ltr'><strong>sermonem</strong></span> <span class='ocrx_word' id='word_1_195' title='bbox 1010 2890 1260 2953; x_wconf 90' lang='lat' dir='ltr'><strong>audiunt,</strong></span> <span class='ocrx_word' id='word_1_196' title='bbox 1296 2904 1360 2945; x_wconf 90' lang='lat' dir='ltr'><strong>ac</strong></span> <span class='ocrx_word' id='word_1_197' title='bbox 1398 2890 1641 2960; x_wconf 89' lang='lat' dir='ltr'><strong>ipsorum</strong></span> <span class='ocrx_word' id='word_1_198' title='bbox 1693 2893 1905 2948; x_wconf 88' lang='lat' dir='ltr'><strong>animas</strong></span> <span class='ocrx_word' id='word_1_199' title='bbox 1935 2910 2029 2964; x_wconf 83' lang='lat' dir='ltr'><strong>pe—</strong></span> 
     </span>
    </p>
   </div>
   <div class='ocr_carea' id='block_1_31' title="bbox 466 2980 2026 3053">
    <p class='ocr_par' dir='ltr' id='par_1_31' title="bbox 466 2980 2026 3053">
     <span class='ocr_line' id='line_1_31' title="bbox 466 2980 2026 3053; baseline 0.002 -19"><span class='ocrx_word' id='word_1_200' title='bbox 466 2989 717 3036; x_wconf 86' lang='lat' dir='ltr'><strong>netrante</strong></span> <span class='ocrx_word' id='word_1_201' title='bbox 749 2981 952 3035; x_wconf 85' lang='lat' dir='ltr'><strong>virtute</strong></span> <span class='ocrx_word' id='word_1_202' title='bbox 982 2982 1102 3049; x_wconf 89' lang='lat' dir='ltr'><strong>ejus</strong></span> <span class='ocrx_word' id='word_1_203' title='bbox 1129 2980 1223 3049; x_wconf 92' lang='lat' dir='ltr'><strong>qui</strong></span> <span class='ocrx_word' id='word_1_204' title='bbox 1248 2980 1403 3045; x_wconf 88' lang='lat' dir='ltr'><strong>dicit,</strong></span> <span class='ocrx_word' id='word_1_205' title='bbox 1439 2999 1456 3031; x_wconf 77' lang='grc' dir='ltr'><strong>ι</strong></span> <span class='ocrx_word' id='word_1_206' title='bbox 1478 2982 1600 3035; x_wconf 89' lang='lat' dir='ltr'><strong>veni</strong></span> <span class='ocrx_word' id='word_1_207' title='bbox 1635 2981 1803 3045; x_wconf 88' lang='lat' dir='ltr'><strong>foras,</strong></span> <span class='ocrx_word' id='word_1_208' title='bbox 1846 3003 1863 3035; x_wconf 73' lang='grc' dir='ltr'><strong>ι</strong></span> <span class='ocrx_word' id='word_1_209' title='bbox 1895 2999 2026 3053; x_wconf 88' lang='lat' dir='ltr'><strong>pro-</strong></span> 
     </span>
    </p>
   </div>
   <div class='ocr_carea' id='block_1_32' title="bbox 2140 506 3711 588">
    <p class='ocr_par' dir='ltr' id='par_1_32' title="bbox 2140 506 3711 588">
     <span class='ocr_line' id='line_1_32' title="bbox 2140 506 3711 588; baseline -0.001 -28"><span class='ocrx_word' id='word_1_210' title='bbox 2140 506 2234 560; x_wconf 76' lang='grc' dir='ltr'><strong>οὖν</strong></span> <span class='ocrx_word' id='word_1_211' title='bbox 2255 508 2521 578; x_wconf 81' lang='grc' dir='ltr'>ἐνδέχεται</span> <span class='ocrx_word' id='word_1_212' title='bbox 2550 509 2789 572; x_wconf 71' lang='grc' dir='ltr'>;Ούκοῦν</span> <span class='ocrx_word' id='word_1_213' title='bbox 2818 509 2928 579; x_wconf 82' lang='grc' dir='ltr'>ἔχει</span> <span class='ocrx_word' id='word_1_214' title='bbox 2956 509 3110 577; x_wconf 81' lang='grc' dir='ltr'>λόγον</span> <span class='ocrx_word' id='word_1_215' title='bbox 3133 514 3166 581; x_wconf 77' lang='grc' dir='ltr'><strong>ἠ</strong></span> <span class='ocrx_word' id='word_1_216' title='bbox 3200 515 3431 585; x_wconf 81' lang='grc' dir='ltr'>κραυγὴ,</span> <span class='ocrx_word' id='word_1_217' title='bbox 3450 518 3515 588; x_wconf 77' lang='grc' dir='ltr'><strong>ἣν</strong></span> <span class='ocrx_word' id='word_1_218' title='bbox 3543 518 3711 583; x_wconf 79' lang='grc' dir='ltr'><strong>ἀναγ.-</strong></span> 
     </span>
    </p>
   </div>
   <div class='ocr_carea' id='block_1_33' title="bbox 2140 588 3708 679">
    <p class='ocr_par' dir='ltr' id='par_1_33' title="bbox 2140 588 3708 679">
     <span class='ocr_line' id='line_1_33' title="bbox 2140 588 3708 679; baseline 0.008 -28"><span class='ocrx_word' id='word_1_219' title='bbox 2140 597 2311 661; x_wconf 82' lang='grc' dir='ltr'>καίως</span> <span class='ocrx_word' id='word_1_220' title='bbox 2354 599 2604 669; x_wconf 76' lang='grc' dir='ltr'><strong>ἐροῦμεν,</strong></span> <span class='ocrx_word' id='word_1_221' title='bbox 2644 599 2730 652; x_wconf 81' lang='grc' dir='ltr'><strong>διά</strong></span> <span class='ocrx_word' id='word_1_222' title='bbox 2779 601 2840 653; x_wconf 82' lang='grc' dir='ltr'><strong>τὸ</strong></span> <span class='ocrx_word' id='word_1_223' title='bbox 2867 603 2978 662; x_wconf 87' lang='grc' dir='ltr'>τοῖς</span> <span class='ocrx_word' id='word_1_224' title='bbox 3022 588 3390 672; x_wconf 78' lang='grc' dir='ltr'>ἀκροωμένοις</span> <span class='ocrx_word' id='word_1_225' title='bbox 3417 609 3708 679; x_wconf 83' lang='grc' dir='ltr'>χρήσιμον·</span> 
     </span>
    </p>
   </div>
   <div class='ocr_carea' id='block_1_34' title="bbox 2141 688 3712 768">
    <p class='ocr_par' dir='ltr' id='par_1_34' title="bbox 2141 688 3712 768">
     <span class='ocr_line' id='line_1_34' title="bbox 2141 688 3712 768; baseline 0.008 -27"><span class='ocrx_word' id='word_1_226' title='bbox 2141 688 2324 742; x_wconf 88' lang='grc' dir='ltr'>Τύπον</span> <span class='ocrx_word' id='word_1_227' title='bbox 2366 689 2556 759; x_wconf 84' lang='grc' dir='ltr'>ὥσπερ</span> <span class='ocrx_word' id='word_1_228' title='bbox 2601 690 2722 744; x_wconf 76' lang='grc' dir='ltr'>τινὰ</span> <span class='ocrx_word' id='word_1_229' title='bbox 2762 691 2861 760; x_wconf 79' lang='grc' dir='ltr'><strong>τῆς</strong></span> <span class='ocrx_word' id='word_1_230' title='bbox 2899 691 3126 744; x_wconf 77' lang='grc' dir='ltr'><strong>καθόλου</strong></span> <span class='ocrx_word' id='word_1_231' title='bbox 3180 694 3286 746; x_wconf 87' lang='grc' dir='ltr'><strong>τῶν</strong></span> <span class='ocrx_word' id='word_1_232' title='bbox 3333 697 3541 768; x_wconf 80' lang='grc' dir='ltr'><strong>νεκρῶν</strong></span> <span class='ocrx_word' id='word_1_233' title='bbox 3583 700 3712 752; x_wconf 82' lang='grc' dir='ltr'>ἀνα·</span> 
     </span>
    </p>
   </div>
   <div class='ocr_carea' id='block_1_35' title="bbox 2142 779 3713 858">
    <p class='ocr_par' dir='ltr' id='par_1_35' title="bbox 2142 779 3713 858">
     <span class='ocr_line' id='line_1_35' title="bbox 2142 779 3713 858; baseline 0.008 -27"><span class='ocrx_word' id='word_1_234' title='bbox 2142 780 2403 842; x_wconf 82' lang='grc' dir='ltr'>στάσεως,</span> <span class='ocrx_word' id='word_1_235' title='bbox 2428 779 2489 832; x_wconf 77' lang='grc' dir='ltr'>τὸ</span> <span class='ocrx_word' id='word_1_236' title='bbox 2515 781 2606 837; x_wconf 74' lang='grc' dir='ltr'>ἐπὶ</span> <span class='ocrx_word' id='word_1_237' title='bbox 2635 780 2869 851; x_wconf 80' lang='grc' dir='ltr'>Λαζάρῳ</span> <span class='ocrx_word' id='word_1_238' title='bbox 2900 784 3132 834; x_wconf 83' lang='grc' dir='ltr'>ποιεῖται</span> <span class='ocrx_word' id='word_1_239' title='bbox 3165 783 3345 853; x_wconf 77' lang='grc' dir='ltr'>θαῦμα</span> <span class='ocrx_word' id='word_1_240' title='bbox 3364 802 3377 813; x_wconf 91' lang='grc'><strong>·</strong></span> <span class='ocrx_word' id='word_1_241' title='bbox 3422 789 3593 842; x_wconf 77' lang='grc' dir='ltr'>καὶτὸ</span> <span class='ocrx_word' id='word_1_242' title='bbox 3624 791 3713 858; x_wconf 69' lang='grc' dir='ltr'><strong>ἐφ’</strong></span> 
     </span>
    </p>
   </div>
   <div class='ocr_carea' id='block_1_36' title="bbox 2138 870 3709 946">
    <p class='ocr_par' dir='ltr' id='par_1_36' title="bbox 2138 870 3709 946">
     <span class='ocr_line' id='line_1_36' title="bbox 2138 870 3709 946; baseline 0.007 -25"><span class='ocrx_word' id='word_1_243' title='bbox 2138 870 2219 921; x_wconf 72' lang='grc' dir='ltr'><strong>ἐνὶ</strong></span> <span class='ocrx_word' id='word_1_244' title='bbox 2252 870 2625 941; x_wconf 63' lang='grc' dir='ltr'>πληρούμενον</span> <span class='ocrx_word' id='word_1_245' title='bbox 2648 911 2663 935; x_wconf 95' lang='grc'><strong>,</strong></span> <span class='ocrx_word' id='word_1_246' title='bbox 2723 872 2903 924; x_wconf 87' lang='grc' dir='ltr'>εἰκόνα</span> <span class='ocrx_word' id='word_1_247' title='bbox 2935 871 3026 923; x_wconf 85' lang='grc' dir='ltr'><strong>τοῦ</strong></span> <span class='ocrx_word' id='word_1_248' title='bbox 3061 876 3430 946; x_wconf 70' lang='grc' dir='ltr'>γενικωτέρου.</span> <span class='ocrx_word' id='word_1_249' title='bbox 3449 878 3543 930; x_wconf 76' lang='grc' dir='ltr'>καὶ</span> <span class='ocrx_word' id='word_1_250' title='bbox 3571 877 3709 932; x_wconf 87' lang='grc' dir='ltr'><strong>κατὰ</strong></span> 
     </span>
    </p>
   </div>
   <div class='ocr_carea' id='block_1_37' title="bbox 2140 959 3709 1035">
    <p class='ocr_par' dir='ltr' id='par_1_37' title="bbox 2140 959 3709 1035">
     <span class='ocr_line' id='line_1_37' title="bbox 2140 959 3709 1035; baseline 0.006 -24"><span class='ocrx_word' id='word_1_251' title='bbox 2140 959 2339 1022; x_wconf 81' lang='grc' dir='ltr'>παντὸς</span> <span class='ocrx_word' id='word_1_252' title='bbox 2370 960 2563 1031; x_wconf 75' lang='grc' dir='ltr'>ἔστησε</span> <span class='ocrx_word' id='word_1_253' title='bbox 2592 960 2782 1032; x_wconf 77' lang='grc' dir='ltr'>καλήν.</span> <span class='ocrx_word' id='word_1_254' title='bbox 2834 960 2951 1014; x_wconf 74' lang='grc' dir='ltr'>Ὀτι</span> <span class='ocrx_word' id='word_1_255' title='bbox 2984 960 3090 1032; x_wconf 82' lang='grc' dir='ltr'><strong>γάρ</strong></span> <span class='ocrx_word' id='word_1_256' title='bbox 3119 961 3234 1032; x_wconf 74' lang='grc' dir='ltr'>ἥξει</span> <span class='ocrx_word' id='word_1_257' title='bbox 3292 964 3483 1035; x_wconf 85' lang='grc' dir='ltr'>κριτὴς</span> <span class='ocrx_word' id='word_1_258' title='bbox 3549 984 3709 1020; x_wconf 83' lang='grc' dir='ltr'>πεπι-</span> 
     </span>
    </p>
   </div>
   <div class='ocr_carea' id='block_1_38' title="bbox 2141 1050 3711 1124">
    <p class='ocr_par' dir='ltr' id='par_1_38' title="bbox 2141 1050 3711 1124">
     <span class='ocr_line' id='line_1_38' title="bbox 2141 1050 3711 1124; baseline 0.006 -23"><span class='ocrx_word' id='word_1_259' title='bbox 2141 1050 2448 1120; x_wconf 88' lang='grc' dir='ltr'>στεύκαμεν</span> <span class='ocrx_word' id='word_1_260' title='bbox 2470 1089 2487 1115; x_wconf 91' lang='grc'><strong>,</strong></span> <span class='ocrx_word' id='word_1_261' title='bbox 2538 1050 2863 1121; x_wconf 79' lang='grc' dir='ltr'>λογιζόμεθά</span> <span class='ocrx_word' id='word_1_262' title='bbox 2887 1069 2948 1103; x_wconf 88' lang='grc' dir='ltr'><strong>τε</strong></span> <span class='ocrx_word' id='word_1_263' title='bbox 2973 1052 3056 1104; x_wconf 84' lang='grc' dir='ltr'><strong>ὅτι</strong></span> <span class='ocrx_word' id='word_1_264' title='bbox 3085 1054 3297 1124; x_wconf 81' lang='grc' dir='ltr'>κραυγή</span> <span class='ocrx_word' id='word_1_265' title='bbox 3329 1071 3413 1117; x_wconf 88' lang='grc' dir='ltr'><strong>τις</strong></span> <span class='ocrx_word' id='word_1_266' title='bbox 3445 1054 3594 1109; x_wconf 75' lang='grc' dir='ltr'>ἐσται</span> <span class='ocrx_word' id='word_1_267' title='bbox 3624 1056 3711 1111; x_wconf 79' lang='grc' dir='ltr'><strong>διὰ</strong></span> 
     </span>
    </p>
   </div>
   <div class='ocr_carea' id='block_1_39' title="bbox 2140 1141 3711 1215">
    <p class='ocr_par' dir='ltr' id='par_1_39' title="bbox 2140 1141 3711 1215">
     <span class='ocr_line' id='line_1_39' title="bbox 2140 1141 3711 1215; baseline 0.004 -22"><span class='ocrx_word' id='word_1_268' title='bbox 2140 1141 2460 1209; x_wconf 80' lang='grc' dir='ltr'>σάλπιγγος,</span> <span class='ocrx_word' id='word_1_269' title='bbox 2497 1144 2637 1193; x_wconf 74' lang='grc' dir='ltr'>κατὰ</span> <span class='ocrx_word' id='word_1_270' title='bbox 2671 1143 2769 1211; x_wconf 75' lang='grc' dir='ltr'>τὴν</span> <span class='ocrx_word' id='word_1_271' title='bbox 2798 1141 2890 1195; x_wconf 86' lang='grc' dir='ltr'><strong>τοῦ</strong></span> <span class='ocrx_word' id='word_1_272' title='bbox 2916 1143 3132 1196; x_wconf 81' lang='grc' dir='ltr'>Παύλου</span> <span class='ocrx_word' id='word_1_273' title='bbox 3169 1145 3373 1215; x_wconf 69' lang='grc' dir='ltr'>φωνὴν,</span> <span class='ocrx_word' id='word_1_274' title='bbox 3408 1147 3711 1201; x_wconf 76' lang='grc' dir='ltr'>διακελευο-</span> 
     </span>
    </p>
   </div>
   <div class='ocr_carea' id='block_1_40' title="bbox 2141 1232 3706 1308">
    <p class='ocr_par' dir='ltr' id='par_1_40' title="bbox 2141 1232 3706 1308">
     <span class='ocr_line' id='line_1_40' title="bbox 2141 1232 3706 1308; baseline 0.004 -23"><span class='ocrx_word' id='word_1_275' title='bbox 2141 1232 2279 1302; x_wconf 80' lang='grc' dir='ltr'>μένη</span> <span class='ocrx_word' id='word_1_276' title='bbox 2301 1237 2413 1296; x_wconf 89' lang='grc' dir='ltr'>τοῖς</span> <span class='ocrx_word' id='word_1_277' title='bbox 2440 1234 2496 1285; x_wconf 88' lang='grc' dir='ltr'><strong>ἐν</strong></span> <span class='ocrx_word' id='word_1_278' title='bbox 2540 1235 2608 1303; x_wconf 76' lang='grc' dir='ltr'>γῇ</span> <span class='ocrx_word' id='word_1_279' title='bbox 2649 1233 2920 1302; x_wconf 82' lang='grc' dir='ltr'>κειμένοις</span> <span class='ocrx_word' id='word_1_280' title='bbox 2948 1234 3047 1304; x_wconf 82' lang='grc' dir='ltr'><strong>τὴν</strong></span> <span class='ocrx_word' id='word_1_281' title='bbox 3090 1236 3386 1288; x_wconf 81' lang='grc' dir='ltr'>ἀνάστασιν</span> <span class='ocrx_word' id='word_1_282' title='bbox 3409 1278 3422 1299; x_wconf 93' lang='grc'><strong>,</strong></span> <span class='ocrx_word' id='word_1_283' title='bbox 3455 1238 3706 1308; x_wconf 87' lang='grc' dir='ltr'>ἐνεργού-</span> 
     </span>
    </p>
   </div>
   <div class='ocr_carea' id='block_1_41' title="bbox 2140 1324 3705 1399">
    <p class='ocr_par' dir='ltr' id='par_1_41' title="bbox 2140 1324 3705 1399">
     <span class='ocr_line' id='line_1_41' title="bbox 2140 1324 3705 1399; baseline 0.004 -23"><span class='ocrx_word' id='word_1_284' title='bbox 2140 1341 2239 1393; x_wconf 88' lang='grc' dir='ltr'><strong>σης</strong></span> <span class='ocrx_word' id='word_1_285' title='bbox 2267 1324 2507 1393; x_wconf 89' lang='grc' dir='ltr'>δηλονότι</span> <span class='ocrx_word' id='word_1_286' title='bbox 2533 1325 2594 1377; x_wconf 86' lang='grc' dir='ltr'><strong>τὸ</strong></span> <span class='ocrx_word' id='word_1_287' title='bbox 2637 1327 2869 1394; x_wconf 82' lang='grc' dir='ltr'>πρᾶγμα</span> <span class='ocrx_word' id='word_1_288' title='bbox 2899 1326 2994 1395; x_wconf 80' lang='grc' dir='ltr'><strong>τῆς</strong></span> <span class='ocrx_word' id='word_1_289' title='bbox 3026 1327 3265 1396; x_wconf 69' lang='grc' dir='ltr'>ἀρρήτου</span> <span class='ocrx_word' id='word_1_290' title='bbox 3314 1327 3589 1399; x_wconf 83' lang='grc' dir='ltr'>δυνάμεως</span> <span class='ocrx_word' id='word_1_291' title='bbox 3615 1330 3705 1383; x_wconf 86' lang='grc' dir='ltr'><strong>τοῦ</strong></span> 
     </span>
    </p>
   </div>
   <div class='ocr_carea' id='block_1_42' title="bbox 2137 1414 3708 1489">
    <p class='ocr_par' dir='ltr' id='par_1_42' title="bbox 2137 1414 3708 1489">
     <span class='ocr_line' id='line_1_42' title="bbox 2137 1414 3708 1489; baseline 0.003 -22"><span class='ocrx_word' id='word_1_292' title='bbox 2137 1414 2314 1467; x_wconf 81' lang='grc' dir='ltr'>πάντα</span> <span class='ocrx_word' id='word_1_293' title='bbox 2343 1414 2614 1484; x_wconf 74' lang='grc' dir='ltr'>ἰσχύοντος</span> <span class='ocrx_word' id='word_1_294' title='bbox 2639 1414 2924 1468; x_wconf 83' lang='grc' dir='ltr'>Θεοῦ.·Διά</span> <span class='ocrx_word' id='word_1_295' title='bbox 2951 1418 3058 1485; x_wconf 87' lang='grc' dir='ltr'><strong>γάρ</strong></span> <span class='ocrx_word' id='word_1_296' title='bbox 3090 1433 3171 1469; x_wconf 90' lang='grc' dir='ltr'><strong>τοι</strong></span> <span class='ocrx_word' id='word_1_297' title='bbox 3193 1416 3348 1469; x_wconf 87' lang='grc' dir='ltr'>τοῦτο</span> <span class='ocrx_word' id='word_1_298' title='bbox 3377 1419 3471 1471; x_wconf 75' lang='grc' dir='ltr'><strong>καὶ</strong></span> <span class='ocrx_word' id='word_1_299' title='bbox 3494 1421 3520 1470; x_wconf 97' lang='lat'><strong>6</strong></span> <span class='ocrx_word' id='word_1_300' title='bbox 3549 1421 3708 1489; x_wconf 82' lang='grc' dir='ltr'>νόμος</span> 
     </span>
    </p>
   </div>
   <div class='ocr_carea' id='block_1_43' title="bbox 2135 1504 3707 1580">
    <p class='ocr_par' dir='ltr' id='par_1_43' title="bbox 2135 1504 3707 1580">
     <span class='ocr_line' id='line_1_43' title="bbox 2135 1504 3707 1580; baseline 0.003 -23"><span class='ocrx_word' id='word_1_301' title='bbox 2135 1504 2223 1558; x_wconf 74' lang='grc' dir='ltr'>διὰ</span> <span class='ocrx_word' id='word_1_302' title='bbox 2254 1505 2526 1571; x_wconf 84' lang='grc' dir='ltr'><strong>Μωσέως,</strong></span> <span class='ocrx_word' id='word_1_303' title='bbox 2559 1506 2643 1558; x_wconf 83' lang='grc' dir='ltr'>ὅτε</span> <span class='ocrx_word' id='word_1_304' title='bbox 2671 1505 2772 1575; x_wconf 80' lang='grc' dir='ltr'>τῆς</span> <span class='ocrx_word' id='word_1_305' title='bbox 2812 1506 3193 1575; x_wconf 84' lang='grc' dir='ltr'>Σκηνοπηγίας</span> <span class='ocrx_word' id='word_1_306' title='bbox 3230 1508 3430 1560; x_wconf 81' lang='grc' dir='ltr'>ἐτύπου</span> <span class='ocrx_word' id='word_1_307' title='bbox 3460 1510 3559 1577; x_wconf 81' lang='grc' dir='ltr'><strong>τὴν</strong></span> <span class='ocrx_word' id='word_1_308' title='bbox 3590 1511 3707 1580; x_wconf 82' lang='grc' dir='ltr'>ἐορ-</span> 
     </span>
    </p>
   </div>
   <div class='ocr_carea' id='block_1_44' title="bbox 2135 1595 3704 1668">
    <p class='ocr_par' dir='ltr' id='par_1_44' title="bbox 2135 1595 3704 1668">
     <span class='ocr_line' id='line_1_44' title="bbox 2135 1595 3704 1668; baseline 0.002 -19"><span class='ocrx_word' id='word_1_309' title='bbox 2135 1596 2253 1668; x_wconf 83' lang='grc' dir='ltr'>τὴν,</span> <span class='ocrx_word' id='word_1_310' title='bbox 2287 1614 2306 1647; x_wconf 77' lang='grc' dir='ltr'><strong>ι</strong></span> <span class='ocrx_word' id='word_1_311' title='bbox 2347 1597 2670 1667; x_wconf 85' lang='grc' dir='ltr'>Ἐορτάσατε</span> <span class='ocrx_word' id='word_1_312' title='bbox 2693 1635 2708 1660; x_wconf 96' lang='grc'><strong>,</strong></span> <span class='ocrx_word' id='word_1_313' title='bbox 2759 1598 2954 1666; x_wconf 79' lang='grc' dir='ltr'>φησὶν,</span> <span class='ocrx_word' id='word_1_314' title='bbox 2990 1598 3178 1667; x_wconf 72' lang='grc' dir='ltr'>αὐτὴν,</span> <span class='ocrx_word' id='word_1_315' title='bbox 3210 1595 3549 1667; x_wconf 74' lang='grc' dir='ltr'>μνημόσυνον</span> <span class='ocrx_word' id='word_1_316' title='bbox 3579 1600 3704 1653; x_wconf 82' lang='grc' dir='ltr'>σαλ-</span> 
     </span>
    </p>
   </div>
   <div class='ocr_carea' id='block_1_45' title="bbox 2137 1684 3705 1756">
    <p class='ocr_par' dir='ltr' id='par_1_45' title="bbox 2137 1684 3705 1756">
     <span class='ocr_line' id='line_1_45' title="bbox 2137 1684 3705 1756; baseline 0.003 -20"><span class='ocrx_word' id='word_1_317' title='bbox 2137 1684 2371 1753; x_wconf 86' lang='grc' dir='ltr'>πίγγων.</span> <span class='ocrx_word' id='word_1_318' title='bbox 2402 1703 2421 1735; x_wconf 70' lang='grc' dir='ltr'><strong>ι</strong></span> <span class='ocrx_word' id='word_1_319' title='bbox 2481 1684 2910 1755; x_wconf 78' lang='grc' dir='ltr'>Συμπήγνυσθαι</span> <span class='ocrx_word' id='word_1_320' title='bbox 2966 1687 3075 1756; x_wconf 80' lang='grc' dir='ltr'><strong>γάρ</strong></span> <span class='ocrx_word' id='word_1_321' title='bbox 3142 1686 3437 1755; x_wconf 76' lang='grc' dir='ltr'>μελλόντων</span> <span class='ocrx_word' id='word_1_322' title='bbox 3486 1688 3705 1752; x_wconf 77' lang='grc' dir='ltr'><strong>ἐσαῦθις</strong></span> 
     </span>
    </p>
   </div>
   <div class='ocr_carea' id='block_1_46' title="bbox 2066 1751 3705 1848">
    <p class='ocr_par' dir='ltr' id='par_1_46' title="bbox 2066 1751 3705 1848">
     <span class='ocr_line' id='line_1_46' title="bbox 2066 1751 3705 1848; baseline 0.002 -21"><span class='ocrx_word' id='word_1_323' title='bbox 2066 1751 2261 1828; x_wconf 21' lang='grc' dir='ltr'>Βλτῶνν</span> <span class='ocrx_word' id='word_1_324' title='bbox 2297 1751 3005 1846; x_wconf 30' lang='grc' dir='ltr'>ἀνθρωπίνων-σωμάτων,</span> <span class='ocrx_word' id='word_1_325' title='bbox 3044 1751 3154 1829; x_wconf 39' lang='grc' dir='ltr'>’καί</span> <span class='ocrx_word' id='word_1_326' title='bbox 3200 1776 3295 1846; x_wconf 80' lang='grc' dir='ltr'><strong>τὴν</strong></span> <span class='ocrx_word' id='word_1_327' title='bbox 3340 1777 3472 1830; x_wconf 85' lang='grc' dir='ltr'>ἰδίαν</span> <span class='ocrx_word' id='word_1_328' title='bbox 3518 1777 3705 1848; x_wconf 80' lang='grc' dir='ltr'>ὥσπερ</span> 
     </span>
    </p>
   </div>
   <div class='ocr_carea' id='block_1_47' title="bbox 2135 1866 3704 1937">
    <p class='ocr_par' dir='ltr' id='par_1_47' title="bbox 2135 1866 3704 1937">
     <span class='ocr_line' id='line_1_47' title="bbox 2135 1866 3704 1937; baseline 0.002 -18"><span class='ocrx_word' id='word_1_329' title='bbox 2135 1867 2339 1936; x_wconf 84' lang='grc' dir='ltr'>σκηνὴν</span> <span class='ocrx_word' id='word_1_330' title='bbox 2390 1866 2853 1936; x_wconf 61' lang='grc' dir='ltr'>παραληψομένης</span> <span class='ocrx_word' id='word_1_331' title='bbox 2913 1867 3035 1919; x_wconf 84' lang='grc' dir='ltr'>ὅσον</span> <span class='ocrx_word' id='word_1_332' title='bbox 3075 1867 3284 1920; x_wconf 79' lang='grc' dir='ltr'>οὐδέπω</span> <span class='ocrx_word' id='word_1_333' title='bbox 3323 1868 3420 1937; x_wconf 79' lang='grc' dir='ltr'>τῆς</span> <span class='ocrx_word' id='word_1_334' title='bbox 3475 1869 3704 1922; x_wconf 78' lang='grc' dir='ltr'>ἑκάστου</span> 
     </span>
    </p>
   </div>
   <div class='ocr_carea' id='block_1_48' title="bbox 2131 1953 3706 2027">
    <p class='ocr_par' dir='ltr' id='par_1_48' title="bbox 2131 1953 3706 2027">
     <span class='ocr_line' id='line_1_48' title="bbox 2131 1953 3706 2027; baseline 0.004 -21"><span class='ocrx_word' id='word_1_335' title='bbox 2131 1953 2328 2023; x_wconf 75' lang='grc' dir='ltr'>ψυχῆς,</span> <span class='ocrx_word' id='word_1_336' title='bbox 2361 1957 2816 2026; x_wconf 79' lang='grc' dir='ltr'>προαναφωνήσει</span> <span class='ocrx_word' id='word_1_337' title='bbox 2847 1956 3129 2027; x_wconf 83' lang='grc' dir='ltr'>κέλευσμά</span> <span class='ocrx_word' id='word_1_338' title='bbox 3156 1957 3217 2009; x_wconf 84' lang='grc' dir='ltr'><strong>τὸ</strong></span> <span class='ocrx_word' id='word_1_339' title='bbox 3243 1959 3591 2023; x_wconf 81' lang='grc' dir='ltr'>Δεσποτικδν,</span> <span class='ocrx_word' id='word_1_340' title='bbox 3614 1960 3706 2011; x_wconf 73' lang='grc' dir='ltr'>καὶ</span> 
     </span>
    </p>
   </div>
   <div class='ocr_carea' id='block_1_49' title="bbox 2132 2045 3704 2118">
    <p class='ocr_par' dir='ltr' id='par_1_49' title="bbox 2132 2045 3704 2118">
     <span class='ocr_line' id='line_1_49' title="bbox 2132 2045 3704 2118; baseline 0.003 -22"><span class='ocrx_word' id='word_1_341' title='bbox 2132 2046 2434 2115; x_wconf 78' lang='grc' dir='ltr'>προηχῆσει</span> <span class='ocrx_word' id='word_1_342' title='bbox 2488 2045 2549 2098; x_wconf 78' lang='grc' dir='ltr'><strong>τὸ</strong></span> <span class='ocrx_word' id='word_1_343' title='bbox 2608 2048 2705 2117; x_wconf 76' lang='grc' dir='ltr'>τῆς</span> <span class='ocrx_word' id='word_1_344' title='bbox 2736 2047 3095 2112; x_wconf 79' lang='grc' dir='ltr'>’ἀναστάσεως</span> <span class='ocrx_word' id='word_1_345' title='bbox 3136 2048 3418 2118; x_wconf 85' lang='grc' dir='ltr'>σύνθημα,</span> <span class='ocrx_word' id='word_1_346' title='bbox 3473 2048 3704 2117; x_wconf 77' lang='grc' dir='ltr'><strong>σάλπιγξ</strong></span> 
     </span>
    </p>
   </div>
   <div class='ocr_carea' id='block_1_50' title="bbox 2132 2136 3703 2209">
    <p class='ocr_par' dir='ltr' id='par_1_50' title="bbox 2132 2136 3703 2209">
     <span class='ocr_line' id='line_1_50' title="bbox 2132 2136 3703 2209; baseline 0.001 -20"><span class='ocrx_word' id='word_1_347' title='bbox 2132 2136 2266 2189; x_wconf 80' lang='grc' dir='ltr'>Θεοῦ</span> <span class='ocrx_word' id='word_1_348' title='bbox 2286 2177 2300 2202; x_wconf 92' lang='grc'><strong>,</strong></span> <span class='ocrx_word' id='word_1_349' title='bbox 2327 2136 2467 2190; x_wconf 80' lang='grc' dir='ltr'>κατά</span> <span class='ocrx_word' id='word_1_350' title='bbox 2496 2137 2556 2190; x_wconf 85' lang='grc' dir='ltr'><strong>τδ</strong></span> <span class='ocrx_word' id='word_1_351' title='bbox 2583 2137 2896 2207; x_wconf 82' lang='grc' dir='ltr'>εἰρημένον.</span> <span class='ocrx_word' id='word_1_352' title='bbox 2934 2140 3026 2202; x_wconf 88' lang='grc' dir='ltr'>Εἰς</span> <span class='ocrx_word' id='word_1_353' title='bbox 3050 2138 3219 2192; x_wconf 83' lang='grc' dir='ltr'>τύπον</span> <span class='ocrx_word' id='word_1_354' title='bbox 3240 2136 3332 2194; x_wconf 81' lang='grc' dir='ltr'><strong>οὖν</strong></span> <span class='ocrx_word' id='word_1_355' title='bbox 3360 2139 3580 2209; x_wconf 82' lang='grc' dir='ltr'>ταύτης,</span> <span class='ocrx_word' id='word_1_356' title='bbox 3611 2141 3703 2192; x_wconf 78' lang='grc' dir='ltr'>ἐπὶ</span> 
     </span>
    </p>
   </div>
   <div class='ocr_carea' id='block_1_51' title="bbox 2137 2224 3698 2299">
    <p class='ocr_par' dir='ltr' id='par_1_51' title="bbox 2137 2224 3698 2299">
     <span class='ocr_line' id='line_1_51' title="bbox 2137 2224 3698 2299; baseline 0.003 -23"><span class='ocrx_word' id='word_1_357' title='bbox 2137 2224 2371 2295; x_wconf 78' lang='grc' dir='ltr'>Λαζάρῳ</span> <span class='ocrx_word' id='word_1_358' title='bbox 2404 2225 2546 2294; x_wconf 80' lang='grc' dir='ltr'>μέγα</span> <span class='ocrx_word' id='word_1_359' title='bbox 2589 2242 2643 2277; x_wconf 89' lang='grc' dir='ltr'><strong>τι</strong></span> <span class='ocrx_word' id='word_1_360' title='bbox 2684 2226 2777 2278; x_wconf 75' lang='grc' dir='ltr'><strong>καί</strong></span> <span class='ocrx_word' id='word_1_361' title='bbox 2811 2226 3133 2290; x_wconf 79' lang='grc' dir='ltr'>ἐξάκουστον</span> <span class='ocrx_word' id='word_1_362' title='bbox 3171 2229 3414 2299; x_wconf 70' lang='grc' dir='ltr'>ἐφώνησε</span> <span class='ocrx_word' id='word_1_363' title='bbox 3445 2228 3698 2299; x_wconf 83' lang='grc' dir='ltr'>Χριστὸς,</span> 
     </span>
    </p>
   </div>
   <div class='ocr_carea' id='block_1_52' title="bbox 2136 2316 3703 2389">
    <p class='ocr_par' dir='ltr' id='par_1_52' title="bbox 2136 2316 3703 2389">
     <span class='ocr_line' id='line_1_52' title="bbox 2136 2316 3703 2389; baseline 0.004 -21"><span class='ocrx_word' id='word_1_364' title='bbox 2136 2316 2197 2368; x_wconf 83' lang='grc' dir='ltr'>οὐ</span> <span class='ocrx_word' id='word_1_365' title='bbox 2232 2316 2440 2386; x_wconf 68' lang='grc' dir='ltr'>σφόδρα</span> <span class='ocrx_word' id='word_1_366' title='bbox 2460 2317 2554 2369; x_wconf 83' lang='grc' dir='ltr'><strong>τοῦ</strong></span> <span class='ocrx_word' id='word_1_367' title='bbox 2588 2316 2852 2386; x_wconf 78' lang='grc' dir='ltr'><strong>συνήθους</strong></span> <span class='ocrx_word' id='word_1_368' title='bbox 2877 2319 3167 2389; x_wconf 81' lang='grc' dir='ltr'>φροντίσας</span> <span class='ocrx_word' id='word_1_369' title='bbox 3186 2358 3201 2383; x_wconf 91' lang='grc'><strong>,</strong></span> <span class='ocrx_word' id='word_1_370' title='bbox 3239 2319 3325 2372; x_wconf 78' lang='grc' dir='ltr'>ἵνα</span> <span class='ocrx_word' id='word_1_371' title='bbox 3345 2320 3453 2373; x_wconf 86' lang='grc' dir='ltr'><strong>τῶν</strong></span> <span class='ocrx_word' id='word_1_372' title='bbox 3483 2319 3703 2374; x_wconf 75' lang='grc' dir='ltr'>ἔσεσθαι</span> 
     </span>
    </p>
   </div>
   <div class='ocr_carea' id='block_1_53' title="bbox 2140 2408 3221 2481">
    <p class='ocr_par' dir='ltr' id='par_1_53' title="bbox 2140 2408 3221 2481">
     <span class='ocr_line' id='line_1_53' title="bbox 2140 2408 3221 2481; baseline 0.002 -19"><span class='ocrx_word' id='word_1_373' title='bbox 2140 2408 2607 2478; x_wconf 81' lang='grc' dir='ltr'>προσδοκωμένων</span> <span class='ocrx_word' id='word_1_374' title='bbox 2637 2409 2877 2481; x_wconf 74' lang='grc' dir='ltr'><strong>ἐπιδείξῃ</strong></span> <span class='ocrx_word' id='word_1_375' title='bbox 2907 2410 2998 2463; x_wconf 79' lang='grc' dir='ltr'>τὸν</span> <span class='ocrx_word' id='word_1_376' title='bbox 3031 2410 3221 2464; x_wconf 80' lang='grc' dir='ltr'>τύπον.</span> 
     </span>
    </p>
   </div>
   <div class='ocr_carea' id='block_1_54' title="bbox 2215 2522 3700 2596">
    <p class='ocr_par' dir='ltr' id='par_1_54' title="bbox 2215 2522 3700 2596">
     <span class='ocr_line' id='line_1_54' title="bbox 2215 2522 3700 2596; baseline 0.003 -22"><span class='ocrx_word' id='word_1_377' title='bbox 2215 2522 2371 2575; x_wconf 76' lang='grc' dir='ltr'>Οὕτω</span> <span class='ocrx_word' id='word_1_378' title='bbox 2390 2522 2453 2593; x_wconf 82' lang='grc' dir='ltr'>δή</span> <span class='ocrx_word' id='word_1_379' title='bbox 2471 2540 2612 2587; x_wconf 89' lang='grc' dir='ltr'>τινες</span> <span class='ocrx_word' id='word_1_380' title='bbox 2629 2524 2725 2594; x_wconf 80' lang='grc'><strong>(1),</strong></span> <span class='ocrx_word' id='word_1_381' title='bbox 2744 2525 2831 2578; x_wconf 83' lang='grc' dir='ltr'><strong>διά</strong></span> <span class='ocrx_word' id='word_1_382' title='bbox 2849 2525 2937 2578; x_wconf 81' lang='grc' dir='ltr'><strong>τὸν</strong></span> <span class='ocrx_word' id='word_1_383' title='bbox 2953 2526 3129 2579; x_wconf 86' lang='grc' dir='ltr'>πάντα</span> <span class='ocrx_word' id='word_1_384' title='bbox 3143 2525 3436 2596; x_wconf 82' lang='grc' dir='ltr'>δυνάμενον</span> <span class='ocrx_word' id='word_1_385' title='bbox 3450 2527 3542 2580; x_wconf 91' lang='grc' dir='ltr'><strong>τοῦ</strong></span> <span class='ocrx_word' id='word_1_386' title='bbox 3565 2524 3700 2581; x_wconf 78' lang='grc' dir='ltr'>Θεοῦ</span> 
     </span>
    </p>
   </div>
   <div class='ocr_carea' id='block_1_55' title="bbox 2132 2612 3702 2690">
    <p class='ocr_par' dir='ltr' id='par_1_55' title="bbox 2132 2612 3702 2690">
     <span class='ocr_line' id='line_1_55' title="bbox 2132 2612 3702 2690; baseline 0.005 -25"><span class='ocrx_word' id='word_1_387' title='bbox 2132 2612 2304 2681; x_wconf 83' lang='grc' dir='ltr'>Λόγον</span> <span class='ocrx_word' id='word_1_388' title='bbox 2348 2614 2521 2684; x_wconf 84' lang='grc' dir='ltr'>πάντη</span> <span class='ocrx_word' id='word_1_389' title='bbox 2551 2614 3025 2683; x_wconf 79' lang='grc' dir='ltr'>ἀπογνωσθέντες,</span> <span class='ocrx_word' id='word_1_390' title='bbox 3074 2618 3168 2670; x_wconf 76' lang='grc' dir='ltr'>καὶ</span> <span class='ocrx_word' id='word_1_391' title='bbox 3213 2619 3315 2687; x_wconf 81' lang='grc' dir='ltr'>τῆς</span> <span class='ocrx_word' id='word_1_392' title='bbox 3354 2619 3412 2670; x_wconf 85' lang='grc' dir='ltr'><strong>ἐν</strong></span> <span class='ocrx_word' id='word_1_393' title='bbox 3439 2618 3580 2690; x_wconf 80' lang='grc' dir='ltr'>ψυχῇ</span> <span class='ocrx_word' id='word_1_394' title='bbox 3612 2634 3702 2674; x_wconf 77' lang='grc' dir='ltr'>νε-</span> 
     </span>
    </p>
   </div>
   <div class='ocr_carea' id='block_1_56' title="bbox 2133 2707 3697 2780">
    <p class='ocr_par' dir='ltr' id='par_1_56' title="bbox 2133 2707 3697 2780">
     <span class='ocr_line' id='line_1_56' title="bbox 2133 2707 3697 2780; baseline 0.002 -21"><span class='ocrx_word' id='word_1_395' title='bbox 2133 2707 2398 2777; x_wconf 88' lang='grc' dir='ltr'>κρότητος</span> <span class='ocrx_word' id='word_1_396' title='bbox 2418 2708 2515 2777; x_wconf 83' lang='grc' dir='ltr'>τὴν</span> <span class='ocrx_word' id='word_1_397' title='bbox 2540 2707 2799 2761; x_wconf 76' lang='grc' dir='ltr'>δυσωδίαν</span> <span class='ocrx_word' id='word_1_398' title='bbox 2825 2709 3057 2778; x_wconf 78' lang='grc' dir='ltr'>ἔχοντες,</span> <span class='ocrx_word' id='word_1_399' title='bbox 3076 2710 3171 2762; x_wconf 69' lang='grc' dir='ltr'><strong>καὶ</strong></span> <span class='ocrx_word' id='word_1_400' title='bbox 3200 2709 3472 2772; x_wconf 81' lang='grc' dir='ltr'>οἰκοῦντες</span> <span class='ocrx_word' id='word_1_401' title='bbox 3492 2709 3697 2780; x_wconf 82' lang='grc' dir='ltr'>νεκρῶν</span> 
     </span>
    </p>
   </div>
   <div class='ocr_carea' id='block_1_57' title="bbox 2133 2799 3695 2871">
    <p class='ocr_par' dir='ltr' id='par_1_57' title="bbox 2133 2799 3695 2871">
     <span class='ocr_line' id='line_1_57' title="bbox 2133 2799 3695 2871; baseline 0.002 -20"><span class='ocrx_word' id='word_1_402' title='bbox 2133 2800 2463 2871; x_wconf 80' lang='grc' dir='ltr'>οἰκητήριον,</span> <span class='ocrx_word' id='word_1_403' title='bbox 2486 2799 2727 2862; x_wconf 73' lang='grc' dir='ltr'>ἐλθόντος</span> <span class='ocrx_word' id='word_1_404' title='bbox 2752 2800 2887 2868; x_wconf 81' lang='grc' dir='ltr'>πρὸς</span> <span class='ocrx_word' id='word_1_405' title='bbox 2910 2801 3104 2864; x_wconf 73' lang='grc' dir='ltr'>αὐτοὺς</span> <span class='ocrx_word' id='word_1_406' title='bbox 3126 2800 3217 2853; x_wconf 86' lang='grc' dir='ltr'><strong>τοῦ</strong></span> <span class='ocrx_word' id='word_1_407' title='bbox 3239 2801 3394 2869; x_wconf 84' lang='grc' dir='ltr'>λόγου</span> <span class='ocrx_word' id='word_1_408' title='bbox 3420 2801 3695 2866; x_wconf 84' lang='grc' dir='ltr'>ἀκούουσι,</span> 
     </span>
    </p>
   </div>
   <div class='ocr_carea' id='block_1_58' title="bbox 2136 2880 3692 2961">
    <p class='ocr_par' dir='ltr' id='par_1_58' title="bbox 2136 2880 3692 2961">
     <span class='ocr_line' id='line_1_58' title="bbox 2136 2880 3692 2961; baseline 0 -19"><span class='ocrx_word' id='word_1_409' title='bbox 2136 2891 2231 2942; x_wconf 75' lang='grc' dir='ltr'>καὶ</span> <span class='ocrx_word' id='word_1_410' title='bbox 2275 2890 2706 2958; x_wconf 80' lang='grc' dir='ltr'>καθικνουμένης</span> <span class='ocrx_word' id='word_1_411' title='bbox 2741 2890 2904 2941; x_wconf 74' lang='grc' dir='ltr'>αὑτοῦ</span> <span class='ocrx_word' id='word_1_412' title='bbox 2950 2890 3049 2959; x_wconf 82' lang='grc' dir='ltr'>τῆς</span> <span class='ocrx_word' id='word_1_413' title='bbox 3074 2880 3485 2961; x_wconf 79' lang='grc' dir='ltr'>δυνάμεωςτῶν</span> <span class='ocrx_word' id='word_1_414' title='bbox 3507 2890 3692 2961; x_wconf 75' lang='grc' dir='ltr'>ψυχῶν</span> 
     </span>
    </p>
   </div>
   <div class='ocr_carea' id='block_1_59' title="bbox 2133 2976 3694 3054">
    <p class='ocr_par' dir='ltr' id='par_1_59' title="bbox 2133 2976 3694 3054">
     <span class='ocr_line' id='line_1_59' title="bbox 2133 2976 3694 3054; baseline 0.003 -24"><span class='ocrx_word' id='word_1_415' title='bbox 2133 2976 2311 3030; x_wconf 84' lang='grc' dir='ltr'>αὐτῶν</span> <span class='ocrx_word' id='word_1_416' title='bbox 2339 2977 2819 3049; x_wconf 80' lang='grc' dir='ltr'>λέγοντος,‹Δεῦρο</span> <span class='ocrx_word' id='word_1_417' title='bbox 2834 2979 3307 3050; x_wconf 75' lang='grc' dir='ltr'>ἐξω,»ἐξέρχονται</span> <span class='ocrx_word' id='word_1_418' title='bbox 3332 2980 3411 3033; x_wconf 79' lang='grc' dir='ltr'>ἑτι</span> <span class='ocrx_word' id='word_1_419' title='bbox 3428 2980 3694 3054; x_wconf 88' lang='grc' dir='ltr'>[κηρίαις]</span> 
     </span>
    </p>
   </div>
   <div class='ocr_carea' id='block_1_60' title="bbox 465 3068 2023 3148">
    <p class='ocr_par' dir='ltr' id='par_1_60' title="bbox 465 3068 2023 3140">
     <span class='ocr_line' id='line_1_60' title="bbox 465 3068 2023 3140; baseline 0.003 -18"><span class='ocrx_word' id='word_1_420' title='bbox 465 3070 791 3140; x_wconf 74' lang='lat' dir='ltr'><strong>grediuntur</strong></span> <span class='ocrx_word' id='word_1_421' title='bbox 829 3070 1035 3123; x_wconf 88' lang='lat' dir='ltr'><strong>institis</strong></span> <span class='ocrx_word' id='word_1_422' title='bbox 1066 3068 1245 3123; x_wconf 88' lang='lat' dir='ltr'><strong>adhuc</strong></span> <span class='ocrx_word' id='word_1_423' title='bbox 1284 3071 1643 3124; x_wconf 86' lang='lat' dir='ltr'><strong>mortualium</strong></span> <span class='ocrx_word' id='word_1_424' title='bbox 1675 3073 2023 3127; x_wconf 78' lang='lat' dir='ltr'><strong>vinculorum</strong></span> 
     </span>
    </p>
   </div>
   <div class='ocr_carea' id='block_1_61' title="bbox 2127 3068 3693 3148">
    <p class='ocr_par' dir='ltr' id='par_1_61' title="bbox 2129 3071 3693 3144">
     <span class='ocr_line' id='line_1_61' title="bbox 2129 3071 3693 3144; baseline 0.001 -20"><span class='ocrx_word' id='word_1_425' title='bbox 2129 3071 2239 3125; x_wconf 87' lang='grc' dir='ltr'><strong>τῶν</strong></span> <span class='ocrx_word' id='word_1_426' title='bbox 2283 3071 2489 3141; x_wconf 83' lang='grc' dir='ltr'>νεκρῶν</span> <span class='ocrx_word' id='word_1_427' title='bbox 2519 3072 2732 3141; x_wconf 78' lang='grc' dir='ltr'>δεσμῶν</span> <span class='ocrx_word' id='word_1_428' title='bbox 2754 3071 3047 3141; x_wconf 81' lang='grc' dir='ltr'>δεδεμένοι.</span> <span class='ocrx_word' id='word_1_429' title='bbox 3094 3072 3346 3142; x_wconf 78' lang='grc' dir='ltr'>Ἐξῆλθεν</span> <span class='ocrx_word' id='word_1_430' title='bbox 3371 3073 3506 3144; x_wconf 80' lang='grc' dir='ltr'>γάρ,</span> <span class='ocrx_word' id='word_1_431' title='bbox 3540 3074 3693 3142; x_wconf 75' lang='grc' dir='ltr'>φησὶ,</span> 
     </span>
    </p>
   </div>
   <div class='ocr_carea' id='block_1_62' title="bbox 463 3164 2021 3236">
    <p class='ocr_par' dir='ltr' id='par_1_62' title="bbox 463 3164 2021 3236">
     <span class='ocr_line' id='line_1_62' title="bbox 463 3164 2021 3236; baseline 0.005 -20"><span class='ocrx_word' id='word_1_432' title='bbox 463 3164 692 3234; x_wconf 81' lang='lat' dir='ltr'><strong>alligati.</strong></span> <span class='ocrx_word' id='word_1_433' title='bbox 724 3164 870 3218; x_wconf 84' lang='lat' dir='ltr'><strong>Exiit</strong></span> <span class='ocrx_word' id='word_1_434' title='bbox 897 3165 1066 3228; x_wconf 90' lang='lat' dir='ltr'><strong>enim,</strong></span> <span class='ocrx_word' id='word_1_435' title='bbox 1096 3164 1275 3234; x_wconf 86' lang='lat' dir='ltr'><strong>inquit</strong></span> <span class='ocrx_word' id='word_1_436' title='bbox 1308 3164 1616 3235; x_wconf 87' lang='lat' dir='ltr'><strong>Scriptura,</strong></span> <span class='ocrx_word' id='word_1_437' title='bbox 1647 3167 1737 3236; x_wconf 91' lang='lat' dir='ltr'><strong>qui</strong></span> <span class='ocrx_word' id='word_1_438' title='bbox 1770 3175 2021 3224; x_wconf 88' lang='lat' dir='ltr'><strong>mortuus</strong></span> 
     </span>
    </p>
   </div>
   <div class='ocr_carea' id='block_1_63' title="bbox 462 3254 2022 3327">
    <p class='ocr_par' dir='ltr' id='par_1_63' title="bbox 462 3254 2022 3327">
     <span class='ocr_line' id='line_1_63' title="bbox 462 3254 2022 3327; baseline 0.005 -20"><span class='ocrx_word' id='word_1_439' title='bbox 462 3254 661 3322; x_wconf 74' lang='lat' dir='ltr'><strong>fuerat,</strong></span> <span class='ocrx_word' id='word_1_440' title='bbox 695 3257 874 3311; x_wconf 86' lang='lat' dir='ltr'><strong>adhuc</strong></span> <span class='ocrx_word' id='word_1_441' title='bbox 921 3256 1228 3312; x_wconf 90' lang='lat' dir='ltr'><strong>devinctus.</strong></span> <span class='ocrx_word' id='word_1_442' title='bbox 1276 3257 1478 3311; x_wconf 91' lang='lat' dir='ltr'><strong>Deinde</strong></span> <span class='ocrx_word' id='word_1_443' title='bbox 1505 3268 1774 3327; x_wconf 65' lang='lat' dir='ltr'><strong>praesente</strong></span> <span class='ocrx_word' id='word_1_444' title='bbox 1797 3257 1931 3314; x_wconf 85' lang='lat' dir='ltr'><strong>Jesu</strong></span> <span class='ocrx_word' id='word_1_445' title='bbox 1968 3270 2022 3315; x_wconf 89' lang='lat' dir='ltr'><strong>et</strong></span> 
     </span>
    </p>
   </div>
   <div class='ocr_carea' id='block_1_64' title="bbox 461 3345 2021 3416">
    <p class='ocr_par' dir='ltr' id='par_1_64' title="bbox 461 3345 2021 3416">
     <span class='ocr_line' id='line_1_64' title="bbox 461 3345 2021 3416; baseline 0.003 -17"><span class='ocrx_word' id='word_1_446' title='bbox 461 3345 767 3415; x_wconf 86' lang='lat' dir='ltr'><strong>discipulis,</strong></span> <span class='ocrx_word' id='word_1_447' title='bbox 803 3346 1018 3416; x_wconf 82' lang='lat' dir='ltr'><strong>illisque</strong></span> <span class='ocrx_word' id='word_1_448' title='bbox 1037 3348 1357 3413; x_wconf 87' lang='lat' dir='ltr'><strong>mandante,</strong></span> <span class='ocrx_word' id='word_1_449' title='bbox 1395 3349 1676 3402; x_wconf 87' lang='lat' dir='ltr'><strong>resolvunt</strong></span> <span class='ocrx_word' id='word_1_450' title='bbox 1705 3349 2021 3405; x_wconf 84' lang='lat' dir='ltr'><strong>mortuariis</strong></span> 
     </span>
    </p>
   </div>
   <div class='ocr_carea' id='block_1_65' title="bbox 461 3438 2020 3511">
    <p class='ocr_par' dir='ltr' id='par_1_65' title="bbox 461 3438 2020 3511">
     <span class='ocr_line' id='line_1_65' title="bbox 461 3438 2020 3511; baseline 0.004 -23"><span class='ocrx_word' id='word_1_451' title='bbox 461 3438 691 3493; x_wconf 76' lang='lat' dir='ltr'><strong>vinculis</strong></span> <span class='ocrx_word' id='word_1_452' title='bbox 746 3454 870 3494; x_wconf 89' lang='lat' dir='ltr'><strong>eum</strong></span> <span class='ocrx_word' id='word_1_453' title='bbox 908 3439 1004 3508; x_wconf 90' lang='lat' dir='ltr'><strong>qui</strong></span> <span class='ocrx_word' id='word_1_454' title='bbox 1061 3438 1203 3494; x_wconf 83' lang='lat' dir='ltr'><strong>Filio</strong></span> <span class='ocrx_word' id='word_1_455' title='bbox 1249 3439 1342 3494; x_wconf 88' lang='lat' dir='ltr'><strong>Dei</strong></span> <span class='ocrx_word' id='word_1_456' title='bbox 1404 3455 1609 3494; x_wconf 87' lang='lat' dir='ltr'><strong>morem</strong></span> <span class='ocrx_word' id='word_1_457' title='bbox 1658 3449 1922 3511; x_wconf 80' lang='lat' dir='ltr'><strong>gesserat,</strong></span> <span class='ocrx_word' id='word_1_458' title='bbox 1965 3448 2020 3497; x_wconf 86' lang='lat' dir='ltr'><strong>et</strong></span> 
     </span>
    </p>
   </div>
   <div class='ocr_carea' id='block_1_66' title="bbox 458 3526 2017 3599">
    <p class='ocr_par' dir='ltr' id='par_1_66' title="bbox 458 3526 2017 3599">
     <span class='ocr_line' id='line_1_66' title="bbox 458 3526 2017 3599; baseline -0.001 -15"><span class='ocrx_word' id='word_1_459' title='bbox 458 3530 710 3598; x_wconf 84' lang='lat' dir='ltr'><strong>sepulcro</strong></span> <span class='ocrx_word' id='word_1_460' title='bbox 751 3529 1046 3597; x_wconf 89' lang='lat' dir='ltr'><strong>prodierat.</strong></span> <span class='ocrx_word' id='word_1_461' title='bbox 1082 3526 1130 3583; x_wconf 89' lang='lat' dir='ltr'><strong>ls</strong></span> <span class='ocrx_word' id='word_1_462' title='bbox 1171 3539 1353 3582; x_wconf 87' lang='lat' dir='ltr'><strong>autem</strong></span> <span class='ocrx_word' id='word_1_463' title='bbox 1389 3531 1665 3584; x_wconf 90' lang='lat' dir='ltr'><strong>resolutus</strong></span> <span class='ocrx_word' id='word_1_464' title='bbox 1709 3531 1824 3585; x_wconf 89' lang='lat' dir='ltr'><strong>abit</strong></span> <span class='ocrx_word' id='word_1_465' title='bbox 1858 3531 2017 3599; x_wconf 90' lang='lat' dir='ltr'><strong>liber,</strong></span> 
     </span>
    </p>
   </div>
   <div class='ocr_carea' id='block_1_67' title="bbox 456 3616 2017 3688">
    <p class='ocr_par' dir='ltr' id='par_1_67' title="bbox 456 3616 2017 3688">
     <span class='ocr_line' id='line_1_67' title="bbox 456 3616 2017 3688; baseline 0.002 -16"><span class='ocrx_word' id='word_1_466' title='bbox 456 3627 510 3672; x_wconf 88' lang='lat' dir='ltr'><strong>et</strong></span> <span class='ocrx_word' id='word_1_467' title='bbox 544 3632 667 3670; x_wconf 80' lang='lat' dir='ltr'><strong>mox</strong></span> <span class='ocrx_word' id='word_1_468' title='bbox 702 3631 825 3669; x_wconf 92' lang='lat' dir='ltr'><strong>cum</strong></span> <span class='ocrx_word' id='word_1_469' title='bbox 874 3616 1094 3670; x_wconf 83' lang='lat' dir='ltr'><strong>Christo</strong></span> <span class='ocrx_word' id='word_1_470' title='bbox 1133 3617 1450 3671; x_wconf 89' lang='lat' dir='ltr'><strong>discumbit.</strong></span> <span class='ocrx_word' id='word_1_471' title='bbox 1484 3616 1659 3688; x_wconf 85' lang='lat' dir='ltr'><strong>Hujus</strong></span> <span class='ocrx_word' id='word_1_472' title='bbox 1710 3620 2017 3675; x_wconf 87' lang='lat' dir='ltr'><strong>animarum</strong></span> 
     </span>
    </p>
   </div>
   <div class='ocr_carea' id='block_1_68' title="bbox 455 3704 2019 3782">
    <p class='ocr_par' dir='ltr' id='par_1_68' title="bbox 455 3704 2019 3782">
     <span class='ocr_line' id='line_1_68' title="bbox 455 3704 2019 3782; baseline 0.004 -21"><span class='ocrx_word' id='word_1_473' title='bbox 455 3707 667 3763; x_wconf 87' lang='lat' dir='ltr'><strong>ordinis</strong></span> <span class='ocrx_word' id='word_1_474' title='bbox 700 3707 877 3778; x_wconf 80' lang='lat' dir='ltr'><strong>imago</strong></span> <span class='ocrx_word' id='word_1_475' title='bbox 915 3707 1047 3762; x_wconf 88' lang='lat' dir='ltr'><strong>mibi</strong></span> <span class='ocrx_word' id='word_1_476' title='bbox 1088 3707 1307 3764; x_wconf 84' lang='lat' dir='ltr'><strong>videtur</strong></span> <span class='ocrx_word' id='word_1_477' title='bbox 1337 3707 1596 3777; x_wconf 88' lang='lat' dir='ltr'><strong>Lazarus,</strong></span> <span class='ocrx_word' id='word_1_478' title='bbox 1624 3704 1718 3782; x_wconf 86' lang='lat' dir='ltr'><strong>qui</strong></span> <span class='ocrx_word' id='word_1_479' title='bbox 1750 3723 1869 3768; x_wconf 86' lang='lat' dir='ltr'><strong>erat</strong></span> <span class='ocrx_word' id='word_1_480' title='bbox 1917 3713 2019 3768; x_wconf 90' lang='lat' dir='ltr'><strong>Be-</strong></span> 
     </span>
    </p>
   </div>
   <div class='ocr_carea' id='block_1_69' title="bbox 455 3795 2016 3860">
    <p class='ocr_par' dir='ltr' id='par_1_69' title="bbox 455 3795 2016 3860">
     <span class='ocr_line' id='line_1_69' title="bbox 455 3795 2016 3860; baseline 0.006 -14"><span class='ocrx_word' id='word_1_481' title='bbox 455 3795 643 3847; x_wconf 86' lang='lat' dir='ltr'><strong>thania</strong></span> <span class='ocrx_word' id='word_1_482' title='bbox 698 3795 1010 3860; x_wconf 89' lang='lat' dir='ltr'><strong>oriundus,</strong></span> <span class='ocrx_word' id='word_1_483' title='bbox 1065 3795 1119 3850; x_wconf 89' lang='lat' dir='ltr'><strong>id</strong></span> <span class='ocrx_word' id='word_1_484' title='bbox 1179 3806 1263 3852; x_wconf 87' lang='lat' dir='ltr'><strong>est</strong></span> <span class='ocrx_word' id='word_1_485' title='bbox 1312 3798 1634 3855; x_wconf 67' lang='lat' dir='ltr'><strong>obedientiae</strong></span> <span class='ocrx_word' id='word_1_486' title='bbox 1685 3801 1867 3856; x_wconf 90' lang='lat' dir='ltr'><strong>domo.</strong></span> <span class='ocrx_word' id='word_1_487' title='bbox 1915 3802 2016 3856; x_wconf 83' lang='lat' dir='ltr'><strong>Hic</strong></span> 
     </span>
    </p>
   </div>
   <div class='ocr_carea' id='block_1_70' title="bbox 454 3886 2016 3958">
    <p class='ocr_par' dir='ltr' id='par_1_70' title="bbox 454 3886 2016 3958">
     <span class='ocr_line' id='line_1_70' title="bbox 454 3886 2016 3958; baseline 0.007 -23"><span class='ocrx_word' id='word_1_488' title='bbox 454 3892 644 3952; x_wconf 87' lang='lat' dir='ltr'><strong>postea</strong></span> <span class='ocrx_word' id='word_1_489' title='bbox 669 3887 975 3955; x_wconf 66' lang='lat' dir='ltr'><strong>aagrolavit,</strong></span> <span class='ocrx_word' id='word_1_490' title='bbox 1007 3886 1104 3956; x_wconf 87' lang='lat' dir='ltr'><strong>qui</strong></span> <span class='ocrx_word' id='word_1_491' title='bbox 1138 3902 1305 3943; x_wconf 86' lang='lat' dir='ltr'><strong>sanus</strong></span> <span class='ocrx_word' id='word_1_492' title='bbox 1339 3903 1465 3941; x_wconf 89' lang='lat' dir='ltr'><strong>cum</strong></span> <span class='ocrx_word' id='word_1_493' title='bbox 1499 3899 1670 3958; x_wconf 78' lang='lat' dir='ltr'><strong>esset,</strong></span> <span class='ocrx_word' id='word_1_494' title='bbox 1699 3906 1729 3945; x_wconf 89' lang='lat' dir='ltr'><strong>a</strong></span> <span class='ocrx_word' id='word_1_495' title='bbox 1765 3890 1896 3947; x_wconf 86' lang='lat' dir='ltr'><strong>Jesu</strong></span> <span class='ocrx_word' id='word_1_496' title='bbox 1933 3892 2016 3946; x_wconf 84' lang='lat' dir='ltr'><strong>di-</strong></span> 
     </span>
    </p>
   </div>
   <div class='ocr_carea' id='block_1_71' title="bbox 455 3975 2013 4053">
    <p class='ocr_par' dir='ltr' id='par_1_71' title="bbox 455 3975 2013 4053">
     <span class='ocr_line' id='line_1_71' title="bbox 455 3975 2013 4053; baseline 0.008 -28"><span class='ocrx_word' id='word_1_497' title='bbox 455 3975 742 4043; x_wconf 78' lang='lat' dir='ltr'><strong>ligebatur.</strong></span> <span class='ocrx_word' id='word_1_498' title='bbox 774 3975 927 4031; x_wconf 82' lang='lat' dir='ltr'><strong>Haud</strong></span> <span class='ocrx_word' id='word_1_499' title='bbox 956 3992 1089 4046; x_wconf 79' lang='lat' dir='ltr'><strong>ergo</strong></span> <span class='ocrx_word' id='word_1_500' title='bbox 1118 3977 1496 4047; x_wconf 89' lang='lat' dir='ltr'><strong>desperandus</strong></span> <span class='ocrx_word' id='word_1_501' title='bbox 1538 3997 1607 4036; x_wconf 91' lang='lat' dir='ltr'><strong>ne</strong></span> <span class='ocrx_word' id='word_1_502' title='bbox 1643 3981 1735 4037; x_wconf 88' lang='lat' dir='ltr'><strong>ille</strong></span> <span class='ocrx_word' id='word_1_503' title='bbox 1790 3985 2013 4053; x_wconf 86' lang='lat' dir='ltr'><strong>quidem</strong></span> 
     </span>
    </p>
   </div>
   <div class='ocr_carea' id='block_1_72' title="bbox 452 4063 2009 4134">
    <p class='ocr_par' dir='ltr' id='par_1_72' title="bbox 452 4063 2009 4134">
     <span class='ocr_line' id='line_1_72' title="bbox 452 4063 2009 4134; baseline 0.007 -18"><span class='ocrx_word' id='word_1_504' title='bbox 452 4063 544 4132; x_wconf 88' lang='lat' dir='ltr'><strong>qui</strong></span> <span class='ocrx_word' id='word_1_505' title='bbox 596 4063 651 4117; x_wconf 90' lang='lat' dir='ltr'><strong>in</strong></span> <span class='ocrx_word' id='word_1_506' title='bbox 682 4074 928 4118; x_wconf 79' lang='lat' dir='ltr'><strong>extrema</strong></span> <span class='ocrx_word' id='word_1_507' title='bbox 977 4066 1328 4134; x_wconf 84' lang='lat' dir='ltr'><strong>improbitate</strong></span> <span class='ocrx_word' id='word_1_508' title='bbox 1361 4078 1634 4123; x_wconf 87' lang='lat' dir='ltr'><strong>versatur.</strong></span> <span class='ocrx_word' id='word_1_509' title='bbox 1677 4070 2009 4127; x_wconf 72' lang='lat' dir='ltr'><strong>Praeclarum</strong></span> 
     </span>
    </p>
   </div>
   <div class='ocr_carea' id='block_1_73' title="bbox 450 4154 2014 4235">
    <p class='ocr_par' dir='ltr' id='par_1_73' title="bbox 450 4154 2014 4235">
     <span class='ocr_line' id='line_1_73' title="bbox 450 4154 2014 4235; baseline 0.009 -29"><span class='ocrx_word' id='word_1_510' title='bbox 450 4154 668 4219; x_wconf 80' lang='lat' dir='ltr'><strong>quidem</strong></span> <span class='ocrx_word' id='word_1_511' title='bbox 692 4162 911 4235; x_wconf 81' lang='lat' dir='ltr'><strong>estnon</strong></span> <span class='ocrx_word' id='word_1_512' title='bbox 940 4157 1237 4222; x_wconf 83' lang='lat' dir='ltr'><strong>infirmari;</strong></span> <span class='ocrx_word' id='word_1_513' title='bbox 1266 4158 1310 4211; x_wconf 91' lang='lat' dir='ltr'><strong>si</strong></span> <span class='ocrx_word' id='word_1_514' title='bbox 1349 4160 1471 4228; x_wconf 90' lang='lat' dir='ltr'><strong>quis</strong></span> <span class='ocrx_word' id='word_1_515' title='bbox 1501 4169 1683 4217; x_wconf 87' lang='lat' dir='ltr'><strong>tamen</strong></span> <span class='ocrx_word' id='word_1_516' title='bbox 1714 4176 2014 4233; x_wconf 72' lang='lat' dir='ltr'><strong>aegrotare-</strong></span> 
     </span>
    </p>
   </div>
   <div class='ocr_carea' id='block_1_74' title="bbox 448 4246 2010 4321">
    <p class='ocr_par' dir='ltr' id='par_1_74' title="bbox 448 4246 2010 4321">
     <span class='ocr_line' id='line_1_74' title="bbox 448 4246 2010 4321; baseline 0.005 -22"><span class='ocrx_word' id='word_1_517' title='bbox 448 4247 540 4308; x_wconf 86' lang='lat' dir='ltr'><strong>rit,</strong></span> <span class='ocrx_word' id='word_1_518' title='bbox 568 4254 687 4300; x_wconf 90' lang='lat' dir='ltr'><strong>oret</strong></span> <span class='ocrx_word' id='word_1_519' title='bbox 716 4262 783 4300; x_wconf 93' lang='lat' dir='ltr'><strong>ne</strong></span> <span class='ocrx_word' id='word_1_520' title='bbox 821 4246 1110 4302; x_wconf 79' lang='lat' dir='ltr'><strong>infirmitas</strong></span> <span class='ocrx_word' id='word_1_521' title='bbox 1145 4247 1260 4315; x_wconf 89' lang='lat' dir='ltr'><strong>ejus</strong></span> <span class='ocrx_word' id='word_1_522' title='bbox 1294 4251 1366 4302; x_wconf 85' lang='lat' dir='ltr'><strong>sit</strong></span> <span class='ocrx_word' id='word_1_523' title='bbox 1395 4251 1459 4303; x_wconf 90' lang='lat' dir='ltr'><strong>ad</strong></span> <span class='ocrx_word' id='word_1_524' title='bbox 1492 4261 1744 4316; x_wconf 92' lang='lat' dir='ltr'><strong>mortem,</strong></span> <span class='ocrx_word' id='word_1_525' title='bbox 1784 4251 1876 4307; x_wconf 87' lang='lat' dir='ltr'><strong>sed</strong></span> <span class='ocrx_word' id='word_1_526' title='bbox 1912 4268 2010 4321; x_wconf 91' lang='lat' dir='ltr'><strong>pro</strong></span> 
     </span>
    </p>
   </div>
   <div class='ocr_carea' id='block_1_75' title="bbox 448 4336 2008 4413">
    <p class='ocr_par' dir='ltr' id='par_1_75' title="bbox 448 4336 2008 4413">
     <span class='ocr_line' id='line_1_75' title="bbox 448 4336 2008 4413; baseline 0.006 -24"><span class='ocrx_word' id='word_1_527' title='bbox 448 4338 624 4402; x_wconf 68' lang='lat' dir='ltr'><strong>gloria</strong></span> <span class='ocrx_word' id='word_1_528' title='bbox 660 4336 773 4391; x_wconf 88' lang='lat' dir='ltr'><strong>Dei.</strong></span> <span class='ocrx_word' id='word_1_529' title='bbox 802 4339 957 4403; x_wconf 76' lang='lat' dir='ltr'><strong>Quod</strong></span> <span class='ocrx_word' id='word_1_530' title='bbox 1003 4349 1255 4408; x_wconf 87' lang='lat' dir='ltr'><strong>spectare</strong></span> <span class='ocrx_word' id='word_1_531' title='bbox 1301 4341 1424 4396; x_wconf 89' lang='lat' dir='ltr'><strong>licet</strong></span> <span class='ocrx_word' id='word_1_532' title='bbox 1465 4343 1517 4396; x_wconf 92' lang='lat' dir='ltr'><strong>in</strong></span> <span class='ocrx_word' id='word_1_533' title='bbox 1551 4344 1655 4399; x_wconf 89' lang='lat' dir='ltr'><strong>isto</strong></span> <span class='ocrx_word' id='word_1_534' title='bbox 1700 4345 1792 4413; x_wconf 87' lang='lat' dir='ltr'><strong>qui</strong></span> <span class='ocrx_word' id='word_1_535' title='bbox 1824 4343 2008 4401; x_wconf 79' lang='lat' dir='ltr'><strong>Jesum</strong></span> 
     </span>
    </p>
   </div>
   <div class='ocr_carea' id='block_1_76' title="bbox 2127 3158 3694 3238">
    <p class='ocr_par' dir='ltr' id='par_1_76' title="bbox 2127 3158 3694 3238">
     <span class='ocr_line' id='line_1_76' title="bbox 2127 3158 3694 3238; baseline 0.001 -23"><span class='ocrx_word' id='word_1_536' title='bbox 2127 3164 2156 3215; x_wconf 87' lang='grc' dir='ltr'><strong>ό</strong></span> <span class='ocrx_word' id='word_1_537' title='bbox 2190 3161 2467 3233; x_wconf 83' lang='grc' dir='ltr'>τεθνηκὼς</span> <span class='ocrx_word' id='word_1_538' title='bbox 2496 3163 2797 3233; x_wconf 80' lang='grc' dir='ltr'>δεδεμένος.</span> <span class='ocrx_word' id='word_1_539' title='bbox 2824 3158 2962 3238; x_wconf 60' lang='grc' dir='ltr'><strong>Εἶτα⁴</strong></span> <span class='ocrx_word' id='word_1_540' title='bbox 2989 3163 3261 3233; x_wconf 73' lang='grc' dir='ltr'>παρόντος</span> <span class='ocrx_word' id='word_1_541' title='bbox 3280 3164 3371 3216; x_wconf 85' lang='grc' dir='ltr'><strong>τοῦ</strong></span> <span class='ocrx_word' id='word_1_542' title='bbox 3408 3164 3579 3233; x_wconf 89' lang='grc' dir='ltr'>Ἰησοῦ</span> <span class='ocrx_word' id='word_1_543' title='bbox 3602 3163 3694 3217; x_wconf 70' lang='grc' dir='ltr'>καὶ</span> 
     </span>
    </p>
   </div>
   <div class='ocr_carea' id='block_1_77' title="bbox 2125 3252 3696 3323">
    <p class='ocr_par' dir='ltr' id='par_1_77' title="bbox 2125 3252 3696 3323">
     <span class='ocr_line' id='line_1_77' title="bbox 2125 3252 3696 3323; baseline -0.001 -17"><span class='ocrx_word' id='word_1_544' title='bbox 2125 3253 2234 3307; x_wconf 89' lang='grc' dir='ltr'><strong>τῶν</strong></span> <span class='ocrx_word' id='word_1_545' title='bbox 2259 3252 2517 3323; x_wconf 83' lang='grc' dir='ltr'>μαθητῶν</span> <span class='ocrx_word' id='word_1_546' title='bbox 2537 3293 2550 3318; x_wconf 95' lang='grc'><strong>,</strong></span> <span class='ocrx_word' id='word_1_547' title='bbox 2605 3256 2697 3306; x_wconf 79' lang='grc' dir='ltr'>καὶ</span> <span class='ocrx_word' id='word_1_548' title='bbox 2724 3253 3076 3316; x_wconf 85' lang='grc' dir='ltr'>κελεύσαντος</span> <span class='ocrx_word' id='word_1_549' title='bbox 3113 3253 3294 3315; x_wconf 80' lang='grc' dir='ltr'>αὐτοῖς</span> <span class='ocrx_word' id='word_1_550' title='bbox 3312 3293 3327 3316; x_wconf 95' lang='grc'><strong>,</strong></span> <span class='ocrx_word' id='word_1_551' title='bbox 3377 3252 3560 3305; x_wconf 79' lang='grc' dir='ltr'>λύουσι</span> <span class='ocrx_word' id='word_1_552' title='bbox 3587 3252 3696 3305; x_wconf 86' lang='grc' dir='ltr'><strong>τῶν</strong></span> 
     </span>
    </p>
   </div>
   <div class='ocr_carea' id='block_1_78' title="bbox 2124 3342 3692 3416">
    <p class='ocr_par' dir='ltr' id='par_1_78' title="bbox 2124 3342 3692 3416">
     <span class='ocr_line' id='line_1_78' title="bbox 2124 3342 3692 3416; baseline -0.003 -17"><span class='ocrx_word' id='word_1_553' title='bbox 2124 3346 2219 3399; x_wconf 91' lang='grc' dir='ltr'><strong>τοῦ</strong></span> <span class='ocrx_word' id='word_1_554' title='bbox 2248 3344 2440 3416; x_wconf 83' lang='grc' dir='ltr'>νεκροῦ</span> <span class='ocrx_word' id='word_1_555' title='bbox 2484 3344 2697 3413; x_wconf 85' lang='grc' dir='ltr'>δεσμῶν</span> <span class='ocrx_word' id='word_1_556' title='bbox 2727 3344 2816 3397; x_wconf 81' lang='grc' dir='ltr'><strong>τὸν</strong></span> <span class='ocrx_word' id='word_1_557' title='bbox 2848 3343 3145 3396; x_wconf 77' lang='grc' dir='ltr'>πεισθέντα</span> <span class='ocrx_word' id='word_1_558' title='bbox 3176 3344 3254 3412; x_wconf 82' lang='grc' dir='ltr'>τῷ</span> <span class='ocrx_word' id='word_1_559' title='bbox 3290 3343 3404 3413; x_wconf 86' lang='grc' dir='ltr'><strong>Υίῷ</strong></span> <span class='ocrx_word' id='word_1_560' title='bbox 3434 3343 3527 3395; x_wconf 90' lang='grc' dir='ltr'><strong>τοῦ</strong></span> <span class='ocrx_word' id='word_1_561' title='bbox 3556 3342 3692 3396; x_wconf 87' lang='grc' dir='ltr'>Θεοῦ</span> 
     </span>
    </p>
   </div>
   <div class='ocr_carea' id='block_1_79' title="bbox 2125 3433 3688 3505">
    <p class='ocr_par' dir='ltr' id='par_1_79' title="bbox 2125 3433 3688 3505">
     <span class='ocr_line' id='line_1_79' title="bbox 2125 3433 3688 3505; baseline -0.003 -15"><span class='ocrx_word' id='word_1_562' title='bbox 2125 3438 2220 3490; x_wconf 82' lang='grc' dir='ltr'>καὶ</span> <span class='ocrx_word' id='word_1_563' title='bbox 2247 3436 2532 3505; x_wconf 83' lang='grc' dir='ltr'>γενόμενον</span> <span class='ocrx_word' id='word_1_564' title='bbox 2577 3434 2680 3497; x_wconf 77' lang='grc' dir='ltr'>ἔξω</span> <span class='ocrx_word' id='word_1_565' title='bbox 2709 3433 2799 3486; x_wconf 89' lang='grc' dir='ltr'><strong>τοῦ</strong></span> <span class='ocrx_word' id='word_1_566' title='bbox 2853 3433 3153 3504; x_wconf 81' lang='grc' dir='ltr'>μνημείου.’</span> <span class='ocrx_word' id='word_1_567' title='bbox 3204 3435 3263 3486; x_wconf 84' lang='grc' dir='ltr'><strong>Ὀ</strong></span> <span class='ocrx_word' id='word_1_568' title='bbox 3286 3433 3342 3486; x_wconf 84' lang='grc' dir='ltr'>δὲ</span> <span class='ocrx_word' id='word_1_569' title='bbox 3371 3434 3549 3496; x_wconf 75' lang='grc' dir='ltr'>λυθεὶς</span> <span class='ocrx_word' id='word_1_570' title='bbox 3582 3433 3688 3487; x_wconf 83' lang='grc' dir='ltr'>άπ-</span> 
     </span>
    </p>
   </div>
   <div class='ocr_carea' id='block_1_80' title="bbox 2124 3524 3686 3595">
    <p class='ocr_par' dir='ltr' id='par_1_80' title="bbox 2124 3524 3686 3595">
     <span class='ocr_line' id='line_1_80' title="bbox 2124 3524 3686 3595; baseline -0.002 -16"><span class='ocrx_word' id='word_1_571' title='bbox 2124 3543 2260 3579; x_wconf 91' lang='grc' dir='ltr'>εισιν</span> <span class='ocrx_word' id='word_1_572' title='bbox 2305 3524 2612 3594; x_wconf 86' lang='grc' dir='ltr'>ἐλεύθερος,</span> <span class='ocrx_word' id='word_1_573' title='bbox 2655 3525 2748 3577; x_wconf 73' lang='grc' dir='ltr'>καὶ</span> <span class='ocrx_word' id='word_1_574' title='bbox 2792 3524 2920 3592; x_wconf 77' lang='grc' dir='ltr'>ἐξῆς</span> <span class='ocrx_word' id='word_1_575' title='bbox 2950 3524 3326 3578; x_wconf 84' lang='grc' dir='ltr'>συνανάκειται</span> <span class='ocrx_word' id='word_1_576' title='bbox 3375 3524 3451 3594; x_wconf 80' lang='grc' dir='ltr'>τῷ</span> <span class='ocrx_word' id='word_1_577' title='bbox 3494 3524 3686 3595; x_wconf 80' lang='grc' dir='ltr'>Ἰησοῦ.</span> 
     </span>
    </p>
   </div>
   <div class='ocr_carea' id='block_1_81' title="bbox 2124 3610 3707 3685">
    <p class='ocr_par' dir='ltr' id='par_1_81' title="bbox 2124 3610 3707 3685">
     <span class='ocr_line' id='line_1_81' title="bbox 2124 3610 3707 3685; baseline 0 -18"><span class='ocrx_word' id='word_1_578' title='bbox 2124 3616 2374 3668; x_wconf 86' lang='grc' dir='ltr'>Τοιούτου</span> <span class='ocrx_word' id='word_1_579' title='bbox 2426 3613 2573 3677; x_wconf 82' lang='grc' dir='ltr'>τινὸς.</span> <span class='ocrx_word' id='word_1_580' title='bbox 2636 3614 2914 3684; x_wconf 80' lang='grc' dir='ltr'>τάγματος</span> <span class='ocrx_word' id='word_1_581' title='bbox 2956 3613 3220 3683; x_wconf 78' lang='grc' dir='ltr'>σύμϐολον</span> <span class='ocrx_word' id='word_1_582' title='bbox 3258 3610 3396 3667; x_wconf 87' lang='grc' dir='ltr'>εἷναί</span> <span class='ocrx_word' id='word_1_583' title='bbox 3432 3633 3520 3685; x_wconf 89' lang='grc' dir='ltr'><strong>μοι</strong></span> <span class='ocrx_word' id='word_1_584' title='bbox 3548 3614 3707 3668; x_wconf 69' lang='grc' dir='ltr'>δοκεῖ</span> 
     </span>
    </p>
   </div>
   <div class='ocr_carea' id='block_1_82' title="bbox 2122 3700 3691 3776">
    <p class='ocr_par' dir='ltr' id='par_1_82' title="bbox 2122 3700 3691 3776">
     <span class='ocr_line' id='line_1_82' title="bbox 2122 3700 3691 3776; baseline -0.001 -17"><span class='ocrx_word' id='word_1_585' title='bbox 2122 3708 2150 3759; x_wconf 90' lang='lat'><strong>6</strong></span> <span class='ocrx_word' id='word_1_586' title='bbox 2173 3708 2441 3776; x_wconf 77' lang='grc' dir='ltr'>Λάζαρος,</span> <span class='ocrx_word' id='word_1_587' title='bbox 2468 3706 2615 3767; x_wconf 80' lang='grc' dir='ltr'>ὅστις</span> <span class='ocrx_word' id='word_1_588' title='bbox 2646 3705 2744 3775; x_wconf 79' lang='grc' dir='ltr'><strong>μὲν</strong></span> <span class='ocrx_word' id='word_1_589' title='bbox 2773 3700 2840 3775; x_wconf 81' lang='grc' dir='ltr'>ἦν</span> <span class='ocrx_word' id='word_1_590' title='bbox 2874 3706 2981 3758; x_wconf 76' lang='grc' dir='ltr'>ἀπὸ</span> <span class='ocrx_word' id='word_1_591' title='bbox 3011 3705 3300 3774; x_wconf 77' lang='grc' dir='ltr'>Βηθανίας,</span> <span class='ocrx_word' id='word_1_592' title='bbox 3340 3705 3433 3758; x_wconf 87' lang='grc' dir='ltr'><strong>τοῦ</strong></span> <span class='ocrx_word' id='word_1_593' title='bbox 3467 3706 3563 3774; x_wconf 79' lang='grc' dir='ltr'>τῆς</span> <span class='ocrx_word' id='word_1_594' title='bbox 3589 3706 3691 3757; x_wconf 74' lang='lat' dir='ltr'><strong>61t—</strong></span> 
     </span>
    </p>
   </div>
   <div class='ocr_carea' id='block_1_83' title="bbox 2122 3794 3690 3867">
    <p class='ocr_par' dir='ltr' id='par_1_83' title="bbox 2122 3794 3690 3867">
     <span class='ocr_line' id='line_1_83' title="bbox 2122 3794 3690 3867; baseline -0.003 -16"><span class='ocrx_word' id='word_1_595' title='bbox 2122 3797 2290 3865; x_wconf 83' lang='grc' dir='ltr'>ακοῆς</span> <span class='ocrx_word' id='word_1_596' title='bbox 2342 3796 2507 3848; x_wconf 77' lang='grc' dir='ltr'>οἴκου.</span> <span class='ocrx_word' id='word_1_597' title='bbox 2576 3794 2898 3866; x_wconf 66' lang='grc' dir='ltr'>Ἦσθένησεν</span> <span class='ocrx_word' id='word_1_598' title='bbox 2948 3794 3206 3867; x_wconf 73' lang='grc' dir='ltr'>ὕστερον,</span> <span class='ocrx_word' id='word_1_599' title='bbox 3258 3796 3433 3848; x_wconf 87' lang='grc' dir='ltr'>καίτοι</span> <span class='ocrx_word' id='word_1_600' title='bbox 3489 3812 3549 3862; x_wconf 86' lang='grc' dir='ltr'><strong>γε</strong></span> <span class='ocrx_word' id='word_1_601' title='bbox 3602 3796 3690 3848; x_wconf 82' lang='grc' dir='ltr'>ὅτε</span> 
     </span>
    </p>
   </div>
   <div class='ocr_carea' id='block_1_84' title="bbox 2122 3882 3688 3957">
    <p class='ocr_par' dir='ltr' id='par_1_84' title="bbox 2122 3882 3688 3957">
     <span class='ocr_line' id='line_1_84' title="bbox 2122 3882 3688 3957; baseline 0 -18"><span class='ocrx_word' id='word_1_602' title='bbox 2122 3886 2359 3955; x_wconf 81' lang='grc' dir='ltr'>ὑγίαινεν</span> <span class='ocrx_word' id='word_1_603' title='bbox 2389 3886 2542 3955; x_wconf 82' lang='grc' dir='ltr'>φίλος</span> <span class='ocrx_word' id='word_1_604' title='bbox 2584 3886 2659 3939; x_wconf 83' lang='grc' dir='ltr'><strong>ὢν</strong></span> <span class='ocrx_word' id='word_1_605' title='bbox 2711 3886 2804 3939; x_wconf 87' lang='grc' dir='ltr'><strong>τοῦ</strong></span> <span class='ocrx_word' id='word_1_606' title='bbox 2845 3887 3038 3957; x_wconf 84' lang='grc' dir='ltr'>Ἰησοῦ.</span> <span class='ocrx_word' id='word_1_607' title='bbox 3096 3888 3171 3939; x_wconf 78' lang='grc' dir='ltr'><strong>Οὐ</strong></span> <span class='ocrx_word' id='word_1_608' title='bbox 3196 3887 3275 3939; x_wconf 86' lang='grc' dir='ltr'><strong>δεῖ</strong></span> <span class='ocrx_word' id='word_1_609' title='bbox 3300 3882 3389 3941; x_wconf 76' lang='grc' dir='ltr'>οὖν</span> <span class='ocrx_word' id='word_1_610' title='bbox 3419 3885 3688 3955; x_wconf 78' lang='grc' dir='ltr'>ἀπογινώ·</span> 
     </span>
    </p>
   </div>
   <div class='ocr_carea' id='block_1_85' title="bbox 2120 3977 3687 4048">
    <p class='ocr_par' dir='ltr' id='par_1_85' title="bbox 2120 3977 3687 4048">
     <span class='ocr_line' id='line_1_85' title="bbox 2120 3977 3687 4048; baseline 0.003 -20"><span class='ocrx_word' id='word_1_611' title='bbox 2120 3994 2272 4030; x_wconf 89' lang='grc' dir='ltr'>σκειν</span> <span class='ocrx_word' id='word_1_612' title='bbox 2293 3978 2384 4030; x_wconf 73' lang='grc' dir='ltr'><strong>καὶ</strong></span> <span class='ocrx_word' id='word_1_613' title='bbox 2409 3977 2495 4029; x_wconf 76' lang='grc' dir='ltr'>τὸν</span> <span class='ocrx_word' id='word_1_614' title='bbox 2518 3979 2574 4030; x_wconf 86' lang='grc' dir='ltr'><strong>ἐν</strong></span> <span class='ocrx_word' id='word_1_615' title='bbox 2604 3978 2806 4048; x_wconf 81' lang='grc' dir='ltr'>ἐσχάτῃ</span> <span class='ocrx_word' id='word_1_616' title='bbox 2830 3977 2994 4047; x_wconf 78' lang='grc' dir='ltr'>κακίᾳ</span> <span class='ocrx_word' id='word_1_617' title='bbox 3017 3978 3320 4046; x_wconf 87' lang='grc' dir='ltr'>γινόμενον.</span> <span class='ocrx_word' id='word_1_618' title='bbox 3346 3979 3454 4031; x_wconf 52' lang='grc' dir='ltr'><strong>Καὶ⁵</strong></span> <span class='ocrx_word' id='word_1_619' title='bbox 3481 3979 3562 4030; x_wconf 86' lang='grc' dir='ltr'><strong>ὅτι</strong></span> <span class='ocrx_word' id='word_1_620' title='bbox 3584 3993 3687 4033; x_wconf 69' lang='grc' dir='ltr'>καφ</span> 
     </span>
    </p>
   </div>
   <div class='ocr_carea' id='block_1_86' title="bbox 2119 4066 3688 4138">
    <p class='ocr_par' dir='ltr' id='par_1_86' title="bbox 2119 4066 3688 4138">
     <span class='ocr_line' id='line_1_86' title="bbox 2119 4066 3688 4138; baseline 0.001 -17"><span class='ocrx_word' id='word_1_621' title='bbox 2119 4068 2208 4122; x_wconf 80' lang='grc' dir='ltr'><strong>λδν</strong></span> <span class='ocrx_word' id='word_1_622' title='bbox 2232 4067 2329 4138; x_wconf 84' lang='grc' dir='ltr'>μὲν</span> <span class='ocrx_word' id='word_1_623' title='bbox 2345 4067 2405 4120; x_wconf 79' lang='grc' dir='ltr'>τὸ</span> <span class='ocrx_word' id='word_1_624' title='bbox 2430 4067 2503 4138; x_wconf 80' lang='grc' dir='ltr'>μὴ</span> <span class='ocrx_word' id='word_1_625' title='bbox 2522 4066 2764 4120; x_wconf 83' lang='grc' dir='ltr'>ἀσθενεῖν</span> <span class='ocrx_word' id='word_1_626' title='bbox 2785 4083 2797 4096; x_wconf 91' lang='grc'><strong>·</strong></span> <span class='ocrx_word' id='word_1_627' title='bbox 2824 4068 2871 4117; x_wconf 90' lang='grc' dir='ltr'><strong>εἰ</strong></span> <span class='ocrx_word' id='word_1_628' title='bbox 2889 4067 2945 4119; x_wconf 81' lang='grc' dir='ltr'>δέ</span> <span class='ocrx_word' id='word_1_629' title='bbox 2967 4084 3050 4128; x_wconf 91' lang='grc' dir='ltr'><strong>τις</strong></span> <span class='ocrx_word' id='word_1_630' title='bbox 3071 4067 3317 4132; x_wconf 87' lang='grc' dir='ltr'>ἀσθενεῖ,</span> <span class='ocrx_word' id='word_1_631' title='bbox 3340 4068 3578 4137; x_wconf 82' lang='grc' dir='ltr'>εὐχέσθω</span> <span class='ocrx_word' id='word_1_632' title='bbox 3600 4069 3688 4123; x_wconf 81' lang='grc' dir='ltr'><strong>ἴνα</strong></span> 
     </span>
    </p>
   </div>
   <div class='ocr_carea' id='block_1_87' title="bbox 2122 4153 3686 4229">
    <p class='ocr_par' dir='ltr' id='par_1_87' title="bbox 2122 4153 3686 4229">
     <span class='ocr_line' id='line_1_87' title="bbox 2122 4153 3686 4229; baseline 0.002 -22"><span class='ocrx_word' id='word_1_633' title='bbox 2122 4158 2196 4229; x_wconf 84' lang='grc' dir='ltr'><strong>μὴ</strong></span> <span class='ocrx_word' id='word_1_634' title='bbox 2225 4159 2258 4226; x_wconf 82' lang='grc' dir='ltr'>ἡ</span> <span class='ocrx_word' id='word_1_635' title='bbox 2292 4155 2541 4208; x_wconf 83' lang='grc' dir='ltr'>ἀσθένεια</span> <span class='ocrx_word' id='word_1_636' title='bbox 2565 4153 2726 4206; x_wconf 78' lang='grc' dir='ltr'>αὑτοῦ</span> <span class='ocrx_word' id='word_1_637' title='bbox 2746 4154 2879 4224; x_wconf 84' lang='grc' dir='ltr'>πρὸς</span> <span class='ocrx_word' id='word_1_638' title='bbox 2906 4155 3131 4208; x_wconf 88' lang='grc' dir='ltr'>θάνατον</span> <span class='ocrx_word' id='word_1_639' title='bbox 3155 4156 3525 4225; x_wconf 78' lang='grc' dir='ltr'>γένηται,άλλ’</span> <span class='ocrx_word' id='word_1_640' title='bbox 3549 4158 3686 4229; x_wconf 80' lang='grc' dir='ltr'>ὑπὲρ</span> 
     </span>
    </p>
   </div>
   <div class='ocr_carea' id='block_1_88' title="bbox 2115 4242 3685 4314">
    <p class='ocr_par' dir='ltr' id='par_1_88' title="bbox 2115 4242 3685 4314">
     <span class='ocr_line' id='line_1_88' title="bbox 2115 4242 3685 4314; baseline 0.002 -17"><span class='ocrx_word' id='word_1_641' title='bbox 2115 4246 2214 4314; x_wconf 80' lang='grc' dir='ltr'>τῆς</span> <span class='ocrx_word' id='word_1_642' title='bbox 2244 4245 2401 4314; x_wconf 82' lang='grc' dir='ltr'>δόξης</span> <span class='ocrx_word' id='word_1_643' title='bbox 2446 4242 2539 4295; x_wconf 87' lang='grc' dir='ltr'><strong>τοῦ</strong></span> <span class='ocrx_word' id='word_1_644' title='bbox 2571 4242 2727 4297; x_wconf 84' lang='grc' dir='ltr'>Θεοῦ.</span> <span class='ocrx_word' id='word_1_645' title='bbox 2773 4244 2899 4296; x_wconf 87' lang='grc' dir='ltr'>Ὅτε</span> <span class='ocrx_word' id='word_1_646' title='bbox 2962 4243 3107 4296; x_wconf 78' lang='grc' dir='ltr'>ἐστιν</span> <span class='ocrx_word' id='word_1_647' title='bbox 3151 4244 3276 4297; x_wconf 85' lang='grc' dir='ltr'>ἰδεῖν</span> <span class='ocrx_word' id='word_1_648' title='bbox 3320 4247 3413 4298; x_wconf 81' lang='grc' dir='ltr'>τὸν</span> <span class='ocrx_word' id='word_1_649' title='bbox 3465 4247 3685 4300; x_wconf 86' lang='grc' dir='ltr'>ἀκολου-</span> 
     </span>
    </p>
   </div>
   <div class='ocr_carea' id='block_1_89' title="bbox 2118 4334 3683 4409">
    <p class='ocr_par' dir='ltr' id='par_1_89' title="bbox 2118 4334 3683 4409">
     <span class='ocr_line' id='line_1_89' title="bbox 2118 4334 3683 4409; baseline 0.004 -22"><span class='ocrx_word' id='word_1_650' title='bbox 2118 4335 2310 4388; x_wconf 86' lang='grc' dir='ltr'>θοῦντα</span> <span class='ocrx_word' id='word_1_651' title='bbox 2340 4334 2417 4405; x_wconf 79' lang='grc' dir='ltr'>τῷ</span> <span class='ocrx_word' id='word_1_652' title='bbox 2456 4334 2660 4405; x_wconf 86' lang='grc' dir='ltr'>Ἰησοῦ,</span> <span class='ocrx_word' id='word_1_653' title='bbox 2705 4334 2826 4387; x_wconf 86' lang='grc' dir='ltr'>τίνα</span> <span class='ocrx_word' id='word_1_654' title='bbox 2852 4335 3051 4405; x_wconf 87' lang='grc' dir='ltr'>τρόπον</span> <span class='ocrx_word' id='word_1_655' title='bbox 3079 4337 3106 4387; x_wconf 90' lang='lat'><strong>6</strong></span> <span class='ocrx_word' id='word_1_656' title='bbox 3132 4336 3370 4401; x_wconf 87' lang='grc' dir='ltr'>τοιοῦτος</span> <span class='ocrx_word' id='word_1_657' title='bbox 3408 4338 3683 4409; x_wconf 80' lang='grc' dir='ltr'>ἐξέρχεται</span> 
     </span>
    </p>
   </div>
   <div class='ocr_carea' id='block_1_90' title="bbox 446 4425 2023 4499">
    <p class='ocr_par' dir='ltr' id='par_1_90' title="bbox 446 4430 2008 4499">
     <span class='ocr_line' id='line_1_90' title="bbox 446 4430 2008 4499; baseline 0.008 -24"><span class='ocrx_word' id='word_1_658' title='bbox 446 4436 733 4480; x_wconf 88' lang='lat' dir='ltr'><strong>vocantem</strong></span> <span class='ocrx_word' id='word_1_659' title='bbox 764 4430 1035 4495; x_wconf 87' lang='lat' dir='ltr'><strong>sequitur,</strong></span> <span class='ocrx_word' id='word_1_660' title='bbox 1063 4432 1337 4497; x_wconf 88' lang='lat' dir='ltr'><strong>quomodo</strong></span> <span class='ocrx_word' id='word_1_661' title='bbox 1361 4447 1553 4499; x_wconf 91' lang='lat' dir='ltr'><strong>nempe</strong></span> <span class='ocrx_word' id='word_1_662' title='bbox 1574 4433 1643 4485; x_wconf 91' lang='lat' dir='ltr'><strong>ob</strong></span> <span class='ocrx_word' id='word_1_663' title='bbox 1667 4431 1794 4487; x_wconf 77' lang='lat' dir='ltr'><strong>Jesu</strong></span> <span class='ocrx_word' id='word_1_664' title='bbox 1820 4449 2008 4488; x_wconf 89' lang='lat' dir='ltr'><strong>vocem</strong></span> 
     </span>
    </p>
   </div>
   <div class='ocr_carea' id='block_1_91' title="bbox 2127 4425 3681 4499">
    <p class='ocr_par' dir='ltr' id='par_1_91' title="bbox 2127 4425 3681 4499">
     <span class='ocr_line' id='line_1_91' title="bbox 2127 4425 3681 4499; baseline 0.002 -19"><span class='ocrx_word' id='word_1_665' title='bbox 2127 4428 2213 4493; x_wconf 52' lang='grc' dir='ltr'>μὲν</span> <span class='ocrx_word' id='word_1_666' title='bbox 2244 4426 2331 4480; x_wconf 80' lang='grc' dir='ltr'>διὰ</span> <span class='ocrx_word' id='word_1_667' title='bbox 2358 4428 2457 4498; x_wconf 83' lang='grc' dir='ltr'>τὴν</span> <span class='ocrx_word' id='word_1_668' title='bbox 2504 4426 2678 4494; x_wconf 90' lang='grc' dir='ltr'>Ἰησοῦ</span> <span class='ocrx_word' id='word_1_669' title='bbox 2711 4425 2894 4495; x_wconf 81' lang='grc' dir='ltr'>φωνὴν</span> <span class='ocrx_word' id='word_1_670' title='bbox 2924 4466 2938 4492; x_wconf 91' lang='grc'><strong>,</strong></span> <span class='ocrx_word' id='word_1_671' title='bbox 2978 4425 3056 4478; x_wconf 80' lang='grc' dir='ltr'>ἔτι</span> <span class='ocrx_word' id='word_1_672' title='bbox 3082 4427 3137 4479; x_wconf 83' lang='grc' dir='ltr'><strong>δὲ</strong></span> <span class='ocrx_word' id='word_1_673' title='bbox 3164 4430 3370 4499; x_wconf 85' lang='grc' dir='ltr'>σειραῖς</span> <span class='ocrx_word' id='word_1_674' title='bbox 3396 4430 3502 4483; x_wconf 88' lang='grc' dir='ltr'><strong>τῶν</strong></span> <span class='ocrx_word' id='word_1_675' title='bbox 3538 4430 3681 4483; x_wconf 84' lang='grc' dir='ltr'>ἰδίων</span> 
     </span>
    </p>
   </div>
   <div class='ocr_carea' id='block_1_92' title="bbox 448 4517 2010 4587">
    <p class='ocr_par' dir='ltr' id='par_1_92' title="bbox 448 4517 2010 4587">
     <span class='ocr_line' id='line_1_92' title="bbox 448 4517 2010 4587; baseline 0.006 -17"><span class='ocrx_word' id='word_1_676' title='bbox 448 4518 600 4580; x_wconf 81' lang='lat' dir='ltr'><strong>exiit,</strong></span> <span class='ocrx_word' id='word_1_677' title='bbox 646 4517 825 4570; x_wconf 87' lang='lat' dir='ltr'><strong>adhuc</strong></span> <span class='ocrx_word' id='word_1_678' title='bbox 869 4525 1053 4572; x_wconf 87' lang='lat' dir='ltr'><strong>tamen</strong></span> <span class='ocrx_word' id='word_1_679' title='bbox 1106 4531 1453 4587; x_wconf 82' lang='lat' dir='ltr'><strong>peccatorum</strong></span> <span class='ocrx_word' id='word_1_680' title='bbox 1509 4537 1732 4575; x_wconf 88' lang='lat' dir='ltr'><strong>suorum</strong></span> <span class='ocrx_word' id='word_1_681' title='bbox 1774 4523 2010 4581; x_wconf 89' lang='lat' dir='ltr'><strong>vinculis</strong></span> 
     </span>
    </p>
   </div>
   <div class='ocr_carea' id='block_1_93' title="bbox 448 4608 2008 4683">
    <p class='ocr_par' dir='ltr' id='par_1_93' title="bbox 448 4608 2008 4683">
     <span class='ocr_line' id='line_1_93' title="bbox 448 4608 2008 4683; baseline 0.005 -24"><span class='ocrx_word' id='word_1_682' title='bbox 448 4608 702 4678; x_wconf 80' lang='lat' dir='ltr'><strong>alligatus</strong></span> <span class='ocrx_word' id='word_1_683' title='bbox 749 4619 802 4663; x_wconf 91' lang='lat' dir='ltr'><strong>et</strong></span> <span class='ocrx_word' id='word_1_684' title='bbox 843 4612 1180 4668; x_wconf 89' lang='lat' dir='ltr'><strong>constrictus</strong></span> <span class='ocrx_word' id='word_1_685' title='bbox 1214 4627 1228 4663; x_wconf 91' lang='lat'><strong>:</strong></span> <span class='ocrx_word' id='word_1_686' title='bbox 1260 4613 1330 4667; x_wconf 88' lang='lat' dir='ltr'><strong>ob</strong></span> <span class='ocrx_word' id='word_1_687' title='bbox 1364 4613 1737 4681; x_wconf 67' lang='lat' dir='ltr'><strong>paenitentiam</strong></span> <span class='ocrx_word' id='word_1_688' title='bbox 1785 4614 2008 4683; x_wconf 83' lang='lat' dir='ltr'><strong>quidem</strong></span> 
     </span>
    </p>
   </div>
   <div class='ocr_carea' id='block_1_94' title="bbox 446 4698 2011 4773">
    <p class='ocr_par' dir='ltr' id='par_1_94' title="bbox 446 4698 2011 4773">
     <span class='ocr_line' id='line_1_94' title="bbox 446 4698 2011 4773; baseline 0.004 -20"><span class='ocrx_word' id='word_1_689' title='bbox 446 4706 501 4753; x_wconf 89' lang='lat' dir='ltr'><strong>et</strong></span> <span class='ocrx_word' id='word_1_690' title='bbox 534 4698 902 4756; x_wconf 86' lang='lat' dir='ltr'><strong>obedientiam</strong></span> <span class='ocrx_word' id='word_1_691' title='bbox 956 4701 1089 4758; x_wconf 74' lang='lat' dir='ltr'><strong>Iesu</strong></span> <span class='ocrx_word' id='word_1_692' title='bbox 1124 4706 1267 4766; x_wconf 87' lang='lat' dir='ltr'><strong>voci.</strong></span> <span class='ocrx_word' id='word_1_693' title='bbox 1318 4705 1542 4769; x_wconf 81' lang='lat' dir='ltr'><strong>vivens;</strong></span> <span class='ocrx_word' id='word_1_694' title='bbox 1573 4705 1667 4759; x_wconf 90' lang='lat' dir='ltr'><strong>sed</strong></span> <span class='ocrx_word' id='word_1_695' title='bbox 1702 4705 1831 4773; x_wconf 88' lang='lat' dir='ltr'><strong>quia</strong></span> <span class='ocrx_word' id='word_1_696' title='bbox 1870 4720 2011 4759; x_wconf 85' lang='lat' dir='ltr'><strong>non-</strong></span> 
     </span>
    </p>
   </div>
   <div class='ocr_carea' id='block_1_95' title="bbox 446 4789 2011 4864">
    <p class='ocr_par' dir='ltr' id='par_1_95' title="bbox 446 4789 2011 4864">
     <span class='ocr_line' id='line_1_95' title="bbox 446 4789 2011 4864; baseline 0.005 -21"><span class='ocrx_word' id='word_1_697' title='bbox 446 4789 575 4844; x_wconf 76' lang='lat' dir='ltr'><strong>dum</strong></span> <span class='ocrx_word' id='word_1_698' title='bbox 618 4802 969 4861; x_wconf 78' lang='lat' dir='ltr'><strong>peccatorum</strong></span> <span class='ocrx_word' id='word_1_699' title='bbox 1006 4795 1216 4864; x_wconf 89' lang='lat' dir='ltr'><strong>laqueis</strong></span> <span class='ocrx_word' id='word_1_700' title='bbox 1251 4795 1488 4857; x_wconf 92' lang='lat' dir='ltr'><strong>solutus,</strong></span> <span class='ocrx_word' id='word_1_701' title='bbox 1530 4794 1771 4848; x_wconf 90' lang='lat' dir='ltr'><strong>nondum</strong></span> <span class='ocrx_word' id='word_1_702' title='bbox 1820 4795 2011 4851; x_wconf 88' lang='lat' dir='ltr'><strong>liberis</strong></span> 
     </span>
    </p>
   </div>
   <div class='ocr_carea' id='block_1_96' title="bbox 445 4883 2010 4956">
    <p class='ocr_par' dir='ltr' id='par_1_96' title="bbox 445 4883 2010 4956">
     <span class='ocr_line' id='line_1_96' title="bbox 445 4883 2010 4956; baseline 0.002 -19"><span class='ocrx_word' id='word_1_703' title='bbox 445 4883 675 4953; x_wconf 86' lang='lat' dir='ltr'><strong>pedibus</strong></span> <span class='ocrx_word' id='word_1_704' title='bbox 711 4886 961 4942; x_wconf 88' lang='lat' dir='ltr'><strong>incedere</strong></span> <span class='ocrx_word' id='word_1_705' title='bbox 993 4888 1211 4952; x_wconf 86' lang='lat' dir='ltr'><strong>valens;</strong></span> <span class='ocrx_word' id='word_1_706' title='bbox 1242 4885 1338 4941; x_wconf 90' lang='lat' dir='ltr'><strong>sed</strong></span> <span class='ocrx_word' id='word_1_707' title='bbox 1369 4901 1544 4956; x_wconf 91' lang='lat' dir='ltr'><strong>neque</strong></span> <span class='ocrx_word' id='word_1_708' title='bbox 1578 4887 1756 4940; x_wconf 87' lang='lat' dir='ltr'><strong>solute</strong></span> <span class='ocrx_word' id='word_1_709' title='bbox 1790 4886 2010 4956; x_wconf 88' lang='lat' dir='ltr'><strong>operari</strong></span> 
     </span>
    </p>
   </div>
   <div class='ocr_carea' id='block_1_97' title="bbox 445 4977 2009 5047">
    <p class='ocr_par' dir='ltr' id='par_1_97' title="bbox 445 4977 2009 5047">
     <span class='ocr_line' id='line_1_97' title="bbox 445 4977 2009 5047; baseline 0.003 -19"><span class='ocrx_word' id='word_1_710' title='bbox 445 4977 763 5044; x_wconf 68' lang='lat' dir='ltr'><strong>praeclarum</strong></span> <span class='ocrx_word' id='word_1_711' title='bbox 794 4978 999 5047; x_wconf 88' lang='lat' dir='ltr'><strong>aliquid</strong></span> <span class='ocrx_word' id='word_1_712' title='bbox 1033 4978 1236 5042; x_wconf 84' lang='lat' dir='ltr'><strong>valens,</strong></span> <span class='ocrx_word' id='word_1_713' title='bbox 1267 4985 1488 5046; x_wconf 85' lang='lat' dir='ltr'><strong>propter</strong></span> <span class='ocrx_word' id='word_1_714' title='bbox 1516 4992 1710 5032; x_wconf 87' lang='lat' dir='ltr'><strong>manus</strong></span> <span class='ocrx_word' id='word_1_715' title='bbox 1738 4978 2009 5047; x_wconf 86' lang='lat' dir='ltr'><strong>pedesque</strong></span> 
     </span>
    </p>
   </div>
   <div class='ocr_carea' id='block_1_98' title="bbox 444 5065 2004 5135">
    <p class='ocr_par' dir='ltr' id='par_1_98' title="bbox 444 5065 2004 5135">
     <span class='ocr_line' id='line_1_98' title="bbox 444 5065 2004 5135; baseline 0.001 -17"><span class='ocrx_word' id='word_1_716' title='bbox 444 5065 763 5119; x_wconf 83' lang='lat' dir='ltr'><strong>mortuariis</strong></span> <span class='ocrx_word' id='word_1_717' title='bbox 789 5065 1039 5134; x_wconf 82' lang='lat' dir='ltr'><strong>ligaturis</strong></span> <span class='ocrx_word' id='word_1_718' title='bbox 1072 5065 1395 5135; x_wconf 88' lang='lat' dir='ltr'><strong>impeditos;</strong></span> <span class='ocrx_word' id='word_1_719' title='bbox 1425 5072 1588 5133; x_wconf 90' lang='lat' dir='ltr'><strong>atque</strong></span> <span class='ocrx_word' id='word_1_720' title='bbox 1618 5065 1688 5119; x_wconf 87' lang='lat' dir='ltr'><strong>ob</strong></span> <span class='ocrx_word' id='word_1_721' title='bbox 1722 5066 1773 5120; x_wconf 88' lang='lat' dir='ltr'><strong>id</strong></span> <span class='ocrx_word' id='word_1_722' title='bbox 1804 5066 2004 5120; x_wconf 78' lang='lat' dir='ltr'><strong>faciem</strong></span> 
     </span>
    </p>
   </div>
   <div class='ocr_carea' id='block_1_99' title="bbox 445 5155 2003 5226">
    <p class='ocr_par' dir='ltr' id='par_1_99' title="bbox 445 5155 2003 5226">
     <span class='ocr_line' id='line_1_99' title="bbox 445 5155 2003 5226; baseline 0.001 -19"><span class='ocrx_word' id='word_1_723' title='bbox 445 5171 663 5226; x_wconf 76' lang='lat' dir='ltr'><strong>quoque</strong></span> <span class='ocrx_word' id='word_1_724' title='bbox 710 5156 1018 5226; x_wconf 80' lang='lat' dir='ltr'><strong>ignorantia</strong></span> <span class='ocrx_word' id='word_1_725' title='bbox 1064 5159 1298 5211; x_wconf 85' lang='lat' dir='ltr'><strong>velatam</strong></span> <span class='ocrx_word' id='word_1_726' title='bbox 1350 5172 1566 5226; x_wconf 79' lang='lat' dir='ltr'><strong>gerens.</strong></span> <span class='ocrx_word' id='word_1_727' title='bbox 1613 5155 2003 5210; x_wconf 72' lang='lat' dir='ltr'><strong>Verumtamen</strong></span> 
     </span>
    </p>
   </div>
   <div class='ocr_carea' id='block_1_100' title="bbox 442 5241 2002 5315">
    <p class='ocr_par' dir='ltr' id='par_1_100' title="bbox 442 5241 2002 5315">
     <span class='ocr_line' id='line_1_100' title="bbox 442 5241 2002 5315; baseline 0.003 -20"><span class='ocrx_word' id='word_1_728' title='bbox 442 5241 571 5296; x_wconf 79' lang='lat' dir='ltr'><strong>.lesu</strong></span> <span class='ocrx_word' id='word_1_729' title='bbox 603 5246 858 5299; x_wconf 87' lang='lat' dir='ltr'><strong>mandato</strong></span> <span class='ocrx_word' id='word_1_730' title='bbox 885 5247 1098 5301; x_wconf 91' lang='lat' dir='ltr'><strong>solutus</strong></span> <span class='ocrx_word' id='word_1_731' title='bbox 1138 5262 1200 5299; x_wconf 91' lang='lat' dir='ltr'><strong>ac</strong></span> <span class='ocrx_word' id='word_1_732' title='bbox 1236 5246 1372 5300; x_wconf 87' lang='lat' dir='ltr'><strong>liber</strong></span> <span class='ocrx_word' id='word_1_733' title='bbox 1406 5245 1653 5309; x_wconf 70' lang='lat' dir='ltr'><strong>effectus,</strong></span> <span class='ocrx_word' id='word_1_734' title='bbox 1678 5247 1785 5301; x_wconf 88' lang='lat' dir='ltr'><strong>tale</strong></span> <span class='ocrx_word' id='word_1_735' title='bbox 1819 5246 2002 5315; x_wconf 80' lang='lat' dir='ltr'><strong>ingre-</strong></span> 
     </span>
    </p>
   </div>
   <div class='ocr_carea' id='block_1_101' title="bbox 444 5331 2006 5405">
    <p class='ocr_par' dir='ltr' id='par_1_101' title="bbox 444 5331 2006 5405">
     <span class='ocr_line' id='line_1_101' title="bbox 444 5331 2006 5405; baseline 0.004 -20"><span class='ocrx_word' id='word_1_736' title='bbox 444 5331 590 5387; x_wconf 88' lang='lat' dir='ltr'><strong>ditur</strong></span> <span class='ocrx_word' id='word_1_737' title='bbox 622 5334 744 5398; x_wconf 80' lang='lat' dir='ltr'><strong>iter,</strong></span> <span class='ocrx_word' id='word_1_738' title='bbox 776 5351 949 5405; x_wconf 87' lang='lat' dir='ltr'><strong>eoque</strong></span> <span class='ocrx_word' id='word_1_739' title='bbox 980 5337 1246 5405; x_wconf 82' lang='lat' dir='ltr'><strong>pervenit,</strong></span> <span class='ocrx_word' id='word_1_740' title='bbox 1282 5344 1338 5389; x_wconf 91' lang='lat' dir='ltr'><strong>ut</strong></span> <span class='ocrx_word' id='word_1_741' title='bbox 1377 5351 1519 5390; x_wconf 87' lang='lat' dir='ltr'><strong>unus</strong></span> <span class='ocrx_word' id='word_1_742' title='bbox 1552 5336 1618 5391; x_wconf 90' lang='lat' dir='ltr'><strong>de</strong></span> <span class='ocrx_word' id='word_1_743' title='bbox 1652 5334 2006 5391; x_wconf 77' lang='lat' dir='ltr'><strong>discumben-</strong></span> 
     </span>
    </p>
   </div>
   <div class='ocr_carea' id='block_1_102' title="bbox 515 5482 1028 5551">
    <p class='ocr_par' dir='ltr' id='par_1_102' title="bbox 515 5482 1028 5551">
     <span class='ocr_line' id='line_1_102' title="bbox 515 5482 1028 5551; baseline 0.004 -13"><span class='ocrx_word' id='word_1_744' title='bbox 515 5485 562 5518; x_wconf 74' lang='lat'><strong>“</strong></span> <span class='ocrx_word' id='word_1_745' title='bbox 601 5483 619 5538; x_wconf 84' lang='grc' dir='ltr'><strong>Ι</strong></span> <span class='ocrx_word' id='word_1_746' title='bbox 658 5485 780 5540; x_wconf 88' lang='lat' dir='ltr'><strong>Cor.</strong></span> <span class='ocrx_word' id='word_1_747' title='bbox 815 5502 901 5551; x_wconf 75' lang='lat' dir='ltr'><strong>xv,</strong></span> <span class='ocrx_word' id='word_1_748' title='bbox 937 5482 1028 5540; x_wconf 69' lang='lat'><strong>52.</strong></span> 
     </span>
    </p>
   </div>
   <div class='ocr_carea' id='block_1_103' title="bbox 2118 4516 3682 4591">
    <p class='ocr_par' dir='ltr' id='par_1_103' title="bbox 2118 4516 3682 4591">
     <span class='ocr_line' id='line_1_103' title="bbox 2118 4516 3682 4591; baseline 0.003 -21"><span class='ocrx_word' id='word_1_749' title='bbox 2118 4517 2528 4587; x_wconf 88' lang='grc' dir='ltr'>ἁμαρτημάτων</span> <span class='ocrx_word' id='word_1_750' title='bbox 2553 4516 2834 4586; x_wconf 82' lang='grc' dir='ltr'>δεδεμένος</span> <span class='ocrx_word' id='word_1_751' title='bbox 2854 4516 2947 4569; x_wconf 77' lang='grc' dir='ltr'><strong>καὶ</strong></span> <span class='ocrx_word' id='word_1_752' title='bbox 2966 4518 3290 4588; x_wconf 78' lang='grc' dir='ltr'>ἐσφιγμένος</span> <span class='ocrx_word' id='word_1_753' title='bbox 3308 4561 3322 4583; x_wconf 92' lang='grc'><strong>,</strong></span> <span class='ocrx_word' id='word_1_754' title='bbox 3348 4519 3436 4572; x_wconf 80' lang='grc' dir='ltr'>διὰ</span> <span class='ocrx_word' id='word_1_755' title='bbox 3462 4522 3559 4591; x_wconf 89' lang='grc' dir='ltr'><strong>μέν</strong></span> <span class='ocrx_word' id='word_1_756' title='bbox 3583 4521 3682 4591; x_wconf 84' lang='grc' dir='ltr'>τὴν</span> 
     </span>
    </p>
   </div>
   <div class='ocr_carea' id='block_1_104' title="bbox 2120 4608 3675 4681">
    <p class='ocr_par' dir='ltr' id='par_1_104' title="bbox 2120 4608 3675 4681">
     <span class='ocr_line' id='line_1_104' title="bbox 2120 4608 3675 4681; baseline 0.002 -20"><span class='ocrx_word' id='word_1_757' title='bbox 2120 4611 2406 4678; x_wconf 86' lang='grc' dir='ltr'>μετάνοιαν</span> <span class='ocrx_word' id='word_1_758' title='bbox 2434 4608 2528 4661; x_wconf 70' lang='grc' dir='ltr'><strong>καὶ</strong></span> <span class='ocrx_word' id='word_1_759' title='bbox 2557 4608 2618 4660; x_wconf 85' lang='grc' dir='ltr'><strong>τὸ</strong></span> <span class='ocrx_word' id='word_1_760' title='bbox 2650 4608 2951 4678; x_wconf 83' lang='grc' dir='ltr'>ἀκηκοέναι</span> <span class='ocrx_word' id='word_1_761' title='bbox 2969 4608 3068 4678; x_wconf 82' lang='grc' dir='ltr'>τῆς</span> <span class='ocrx_word' id='word_1_762' title='bbox 3104 4608 3277 4680; x_wconf 81' lang='grc' dir='ltr'>Ἰησοῦ</span> <span class='ocrx_word' id='word_1_763' title='bbox 3308 4612 3508 4681; x_wconf 71' lang='grc' dir='ltr'>φωνῆς,</span> <span class='ocrx_word' id='word_1_764' title='bbox 3531 4611 3637 4676; x_wconf 78' lang='grc' dir='ltr'>ζῶν</span> <span class='ocrx_word' id='word_1_765' title='bbox 3657 4626 3675 4643; x_wconf 78' lang='grc' dir='ltr'><strong>ο</strong></span> 
     </span>
    </p>
   </div>
   <div class='ocr_carea' id='block_1_105' title="bbox 2115 4696 3676 4772">
    <p class='ocr_par' dir='ltr' id='par_1_105' title="bbox 2115 4696 3676 4772">
     <span class='ocr_line' id='line_1_105' title="bbox 2115 4696 3676 4772; baseline 0.004 -24"><span class='ocrx_word' id='word_1_766' title='bbox 2115 4696 2201 4750; x_wconf 76' lang='grc' dir='ltr'>διὰ</span> <span class='ocrx_word' id='word_1_767' title='bbox 2233 4697 2288 4750; x_wconf 82' lang='grc' dir='ltr'><strong>δὲ</strong></span> <span class='ocrx_word' id='word_1_768' title='bbox 2319 4698 2380 4750; x_wconf 86' lang='grc' dir='ltr'><strong>τὸ</strong></span> <span class='ocrx_word' id='word_1_769' title='bbox 2411 4698 2484 4770; x_wconf 83' lang='grc' dir='ltr'>μὴ</span> <span class='ocrx_word' id='word_1_770' title='bbox 2514 4697 2872 4751; x_wconf 82' lang='grc' dir='ltr'>ἀπολελύσθαι</span> <span class='ocrx_word' id='word_1_771' title='bbox 2902 4698 3008 4751; x_wconf 84' lang='grc' dir='ltr'><strong>τῶν</strong></span> <span class='ocrx_word' id='word_1_772' title='bbox 3023 4699 3119 4769; x_wconf 83' lang='grc' dir='ltr'>τῆς</span> <span class='ocrx_word' id='word_1_773' title='bbox 3146 4700 3415 4770; x_wconf 85' lang='grc' dir='ltr'>ἁμαρτίας</span> <span class='ocrx_word' id='word_1_774' title='bbox 3444 4701 3676 4772; x_wconf 79' lang='grc' dir='ltr'>δεσμῶν,</span> 
     </span>
    </p>
   </div>
   <div class='ocr_carea' id='block_1_106' title="bbox 2120 4768 3679 4858">
    <p class='ocr_par' dir='ltr' id='par_1_106' title="bbox 2120 4768 3679 4858">
     <span class='ocr_line' id='line_1_106' title="bbox 2120 4768 3679 4858; baseline 0.003 -18"><span class='ocrx_word' id='word_1_775' title='bbox 2120 4787 2253 4858; x_wconf 79' lang='grc' dir='ltr'>μηδὲ</span> <span class='ocrx_word' id='word_1_776' title='bbox 2282 4787 2382 4858; x_wconf 77' lang='grc' dir='ltr'>ἥδη</span> <span class='ocrx_word' id='word_1_777' title='bbox 2402 4768 2659 4841; x_wconf 87' lang='grc' dir='ltr'>δύνασθαι</span> <span class='ocrx_word' id='word_1_778' title='bbox 2685 4786 2989 4858; x_wconf 79' lang='grc' dir='ltr'>ἐλευθέροις</span> <span class='ocrx_word' id='word_1_779' title='bbox 3014 4768 3312 4842; x_wconf 77' lang='grc' dir='ltr'>ἐπιϐαίνειν</span> <span class='ocrx_word' id='word_1_780' title='bbox 3342 4792 3516 4853; x_wconf 77' lang='grc' dir='ltr'>ποσὶν,</span> 
     </span>
    </p>
   </div>
   <div class='ocr_carea' id='block_1_107' title="bbox 2119 4879 3677 4953">
    <p class='ocr_par' dir='ltr' id='par_1_107' title="bbox 2119 4879 3677 4953">
     <span class='ocr_line' id='line_1_107' title="bbox 2119 4879 3677 4953; baseline 0.001 -19"><span class='ocrx_word' id='word_1_781' title='bbox 2119 4882 2252 4952; x_wconf 80' lang='grc' dir='ltr'>μηδὲ</span> <span class='ocrx_word' id='word_1_782' title='bbox 2286 4883 2529 4951; x_wconf 83' lang='grc' dir='ltr'>ἐνεργεῖν</span> <span class='ocrx_word' id='word_1_783' title='bbox 2558 4879 2972 4949; x_wconf 83' lang='grc' dir='ltr'>άπολελυμένως</span> <span class='ocrx_word' id='word_1_784' title='bbox 3000 4879 3066 4932; x_wconf 89' lang='grc' dir='ltr'><strong>τά</strong></span> <span class='ocrx_word' id='word_1_785' title='bbox 3093 4881 3447 4951; x_wconf 79' lang='grc' dir='ltr'>διαφέροντα,</span> <span class='ocrx_word' id='word_1_786' title='bbox 3466 4882 3677 4953; x_wconf 86' lang='grc' dir='ltr'>δεδεμέ-</span> 
     </span>
    </p>
   </div>
   <div class='ocr_carea' id='block_1_108' title="bbox 2115 4971 3674 5049">
    <p class='ocr_par' dir='ltr' id='par_1_108' title="bbox 2115 4971 3674 5049">
     <span class='ocr_line' id='line_1_108' title="bbox 2115 4971 3674 5049; baseline 0.001 -23"><span class='ocrx_word' id='word_1_787' title='bbox 2115 4989 2201 5036; x_wconf 91' lang='grc' dir='ltr'><strong>νος</strong></span> <span class='ocrx_word' id='word_1_788' title='bbox 2247 4973 2343 5035; x_wconf 75' lang='grc' dir='ltr'><strong>τάς</strong></span> <span class='ocrx_word' id='word_1_789' title='bbox 2371 4973 2558 5042; x_wconf 88' lang='grc' dir='ltr'>χεῖρας</span> <span class='ocrx_word' id='word_1_790' title='bbox 2600 4971 2694 5024; x_wconf 70' lang='grc' dir='ltr'><strong>καὶ</strong></span> <span class='ocrx_word' id='word_1_791' title='bbox 2738 4972 2862 5034; x_wconf 80' lang='grc' dir='ltr'>τοὺς</span> <span class='ocrx_word' id='word_1_792' title='bbox 2896 4971 3061 5034; x_wconf 83' lang='grc' dir='ltr'>πόδας</span> <span class='ocrx_word' id='word_1_793' title='bbox 3100 4973 3313 5044; x_wconf 79' lang='grc' dir='ltr'>δεσμοῖς</span> <span class='ocrx_word' id='word_1_794' title='bbox 3341 4976 3547 5046; x_wconf 86' lang='grc' dir='ltr'>νεκρῶν</span> <span class='ocrx_word' id='word_1_795' title='bbox 3576 4994 3674 5049; x_wconf 77' lang='grc' dir='ltr'>κη-</span> 
     </span>
    </p>
   </div>
   <div class='ocr_carea' id='block_1_109' title="bbox 2116 5061 3673 5138">
    <p class='ocr_par' dir='ltr' id='par_1_109' title="bbox 2116 5061 3673 5138">
     <span class='ocr_line' id='line_1_109' title="bbox 2116 5061 3673 5138; baseline 0.003 -24"><span class='ocrx_word' id='word_1_796' title='bbox 2116 5062 2286 5131; x_wconf 77' lang='grc' dir='ltr'>ρίαις·</span> <span class='ocrx_word' id='word_1_797' title='bbox 2323 5063 2414 5115; x_wconf 79' lang='grc' dir='ltr'>καὶ</span> <span class='ocrx_word' id='word_1_798' title='bbox 2443 5062 2529 5115; x_wconf 77' lang='grc' dir='ltr'><strong>διὰ</strong></span> <span class='ocrx_word' id='word_1_799' title='bbox 2565 5061 2764 5125; x_wconf 84' lang='grc' dir='ltr'>ταύτας</span> <span class='ocrx_word' id='word_1_800' title='bbox 2805 5061 2902 5132; x_wconf 79' lang='grc' dir='ltr'>τὴν</span> <span class='ocrx_word' id='word_1_801' title='bbox 2926 5062 3045 5130; x_wconf 73' lang='grc' dir='ltr'>ὄψιν</span> <span class='ocrx_word' id='word_1_802' title='bbox 3078 5066 3141 5133; x_wconf 81' lang='grc' dir='ltr'>τῇ</span> <span class='ocrx_word' id='word_1_803' title='bbox 3181 5064 3368 5135; x_wconf 81' lang='grc' dir='ltr'>ἀγνοίᾳ</span> <span class='ocrx_word' id='word_1_804' title='bbox 3398 5066 3673 5138; x_wconf 62' lang='grc' dir='ltr'>κεκαλυμοι</span> 
     </span>
    </p>
   </div>
   <div class='ocr_carea' id='block_1_110' title="bbox 2114 5150 3671 5223">
    <p class='ocr_par' dir='ltr' id='par_1_110' title="bbox 2114 5150 3671 5223">
     <span class='ocr_line' id='line_1_110' title="bbox 2114 5150 3671 5223; baseline 0.002 -18"><span class='ocrx_word' id='word_1_805' title='bbox 2114 5153 2291 5223; x_wconf 76' lang='grc' dir='ltr'>μένος.</span> <span class='ocrx_word' id='word_1_806' title='bbox 2341 5150 2437 5204; x_wconf 79' lang='grc' dir='ltr'><strong>Διὰ</strong></span> <span class='ocrx_word' id='word_1_807' title='bbox 2481 5150 2540 5202; x_wconf 82' lang='grc' dir='ltr'><strong>δέ</strong></span> <span class='ocrx_word' id='word_1_808' title='bbox 2573 5150 2670 5219; x_wconf 79' lang='grc' dir='ltr'><strong>τὴν</strong></span> <span class='ocrx_word' id='word_1_809' title='bbox 2718 5150 3009 5218; x_wconf 76' lang='grc' dir='ltr'>πρόσταξιν</span> <span class='ocrx_word' id='word_1_810' title='bbox 3045 5152 3138 5205; x_wconf 87' lang='grc' dir='ltr'><strong>τοῦ</strong></span> <span class='ocrx_word' id='word_1_811' title='bbox 3179 5153 3351 5223; x_wconf 88' lang='grc' dir='ltr'>Ἰησοῦ</span> <span class='ocrx_word' id='word_1_812' title='bbox 3380 5153 3556 5218; x_wconf 75' lang='grc' dir='ltr'>λυθεὶς</span> <span class='ocrx_word' id='word_1_813' title='bbox 3578 5156 3671 5209; x_wconf 70' lang='grc' dir='ltr'>καὶ</span> 
     </span>
    </p>
   </div>
   <div class='ocr_carea' id='block_1_111' title="bbox 2111 5240 3669 5313">
    <p class='ocr_par' dir='ltr' id='par_1_111' title="bbox 2111 5240 3669 5313">
     <span class='ocr_line' id='line_1_111' title="bbox 2111 5240 3669 5313; baseline 0.001 -16"><span class='ocrx_word' id='word_1_814' title='bbox 2111 5243 2353 5311; x_wconf 75' lang='grc' dir='ltr'>ἀφεθεὶς,</span> <span class='ocrx_word' id='word_1_815' title='bbox 2385 5240 2673 5311; x_wconf 78' lang='grc' dir='ltr'>πορεύεται</span> <span class='ocrx_word' id='word_1_816' title='bbox 2707 5243 2960 5311; x_wconf 82' lang='grc' dir='ltr'>τοιαύτην</span> <span class='ocrx_word' id='word_1_817' title='bbox 3008 5243 3262 5313; x_wconf 85' lang='grc' dir='ltr'>πορείαν,</span> <span class='ocrx_word' id='word_1_818' title='bbox 3308 5243 3447 5296; x_wconf 85' lang='grc' dir='ltr'>ὥστε</span> <span class='ocrx_word' id='word_1_819' title='bbox 3471 5244 3669 5311; x_wconf 79' lang='grc' dir='ltr'>φθάσαι</span> 
     </span>
    </p>
   </div>
   <div class='ocr_carea' id='block_1_112' title="bbox 2114 5330 3668 5403">
    <p class='ocr_par' dir='ltr' id='par_1_112' title="bbox 2114 5330 3668 5403">
     <span class='ocr_line' id='line_1_112' title="bbox 2114 5330 3668 5403; baseline 0.005 -17"><span class='ocrx_word' id='word_1_820' title='bbox 2114 5332 2274 5387; x_wconf 80' lang='grc' dir='ltr'>αὐτὸν</span> <span class='ocrx_word' id='word_1_821' title='bbox 2310 5332 2400 5384; x_wconf 75' lang='grc' dir='ltr'>ἐπὶ</span> <span class='ocrx_word' id='word_1_822' title='bbox 2442 5330 2520 5401; x_wconf 83' lang='grc' dir='ltr'>τῷ</span> <span class='ocrx_word' id='word_1_823' title='bbox 2564 5331 2662 5385; x_wconf 74' lang='grc' dir='ltr'><strong>ἕνα</strong></span> <span class='ocrx_word' id='word_1_824' title='bbox 2694 5333 2788 5387; x_wconf 73' lang='grc' dir='ltr'>καὶ</span> <span class='ocrx_word' id='word_1_825' title='bbox 2829 5334 2990 5387; x_wconf 76' lang='grc' dir='ltr'>αὑτὸν</span> <span class='ocrx_word' id='word_1_826' title='bbox 3027 5335 3275 5403; x_wconf 81' lang='grc' dir='ltr'>γενέσθαι</span> <span class='ocrx_word' id='word_1_827' title='bbox 3304 5336 3409 5388; x_wconf 83' lang='grc' dir='ltr'><strong>τῶν</strong></span> <span class='ocrx_word' id='word_1_828' title='bbox 3442 5353 3668 5393; x_wconf 76' lang='grc' dir='ltr'>συναναο</span> 
     </span>
    </p>
   </div>
   <div class='ocr_carea' id='block_1_113' title="bbox 511 5638 2023 5739">
    <p class='ocr_par' dir='ltr' id='par_1_113' title="bbox 511 5638 2007 5737">
     <span class='ocr_line' id='line_1_113' title="bbox 511 5638 2007 5737; baseline -0.001 -15"><span class='ocrx_word' id='word_1_829' title='bbox 511 5662 591 5732; x_wconf 80' lang='lat' dir='ltr'><strong>(li</strong></span> <span class='ocrx_word' id='word_1_830' title='bbox 625 5670 784 5724; x_wconf 80' lang='grc' dir='ltr'>Οὕτω</span> <span class='ocrx_word' id='word_1_831' title='bbox 815 5667 888 5732; x_wconf 72' lang='grc' dir='ltr'>δή</span> <span class='ocrx_word' id='word_1_832' title='bbox 920 5683 1077 5734; x_wconf 75' lang='grc' dir='ltr'>τινες</span> <span class='ocrx_word' id='word_1_833' title='bbox 1205 5706 1217 5720; x_wconf 92' lang='grc'><strong>.</strong></span> <span class='ocrx_word' id='word_1_834' title='bbox 1253 5707 1265 5721; x_wconf 92' lang='grc'><strong>.</strong></span> <span class='ocrx_word' id='word_1_835' title='bbox 1292 5667 1359 5721; x_wconf 84' lang='grc' dir='ltr'>ἐν</span> <span class='ocrx_word' id='word_1_836' title='bbox 1394 5667 1514 5732; x_wconf 80' lang='grc' dir='ltr'>τοῖς</span> <span class='ocrx_word' id='word_1_837' title='bbox 1546 5666 1874 5737; x_wconf 70' lang='grc' dir='ltr'>μνήμασιν.</span> <span class='ocrx_word' id='word_1_838' title='bbox 1927 5664 2007 5720; x_wconf 72' lang='lat' dir='ltr'><strong>Ex</strong></span> 
     </span>
    </p>
   </div>
   <div class='ocr_carea' id='block_1_114' title="bbox 2127 5638 2921 5739">
    <p class='ocr_par' dir='ltr' id='par_1_114' title="bbox 2127 5664 2921 5739">
     <span class='ocr_line' id='line_1_114' title="bbox 2127 5664 2921 5739; baseline 0.006 -19"><span class='ocrx_word' id='word_1_839' title='bbox 2127 5679 2234 5722; x_wconf 53' lang='lat' dir='ltr'><strong>,cna</strong></span> <span class='ocrx_word' id='word_1_840' title='bbox 2256 5664 2513 5723; x_wconf 83' lang='lat' dir='ltr'><strong>Vaticana</strong></span> <span class='ocrx_word' id='word_1_841' title='bbox 2545 5682 2632 5739; x_wconf 83' lang='lat' dir='ltr'><strong>ap.</strong></span> <span class='ocrx_word' id='word_1_842' title='bbox 2655 5668 2758 5726; x_wconf 84' lang='lat' dir='ltr'><strong>Mai</strong></span> <span class='ocrx_word' id='word_1_843' title='bbox 2790 5671 2921 5727; x_wconf 76' lang='lat' dir='ltr'><strong>ibid.</strong></span> 
     </span>
    </p>
   </div>
  </div>
