4062 6208
320 320 396 376 65

1189 312 1255 367 IN
1282 312 1625 371 .IOANNEM.
1652 346 1721 357 —
1750 313 1882 370 LIB.
1920 312 2009 367 νιι
2047 313 2143 368 ΕΤ
2186 313 2300 369 vm
2337 314 2781 370 FRAGMENTA.
3517 317 3589 375 66

318 435 595 507 κειμένων
630 431 780 502 αύτῷ
818 429 1013 501 Ἰησοῦ.
1067 430 1192 483 Τίσι
1220 431 1276 484 δὲ
1308 432 1457 486 λύειν
1496 434 1659 487 αὐτὸν
1686 432 1892 502 ὲπέτρε·

2017 431 2166 486 tibus
2192 446 2318 486 cum
2349 432 2479 493 iesu
2514 432 2630 487 fieri
2666 433 2859 503 possit.
2895 432 3014 495 Iam
3056 435 3385 504 quibusnam
3410 438 3586 494 Laza-

316 531 451 597 ψεν,
476 526 537 578 οὐ
567 525 907 592 γέγραπται·
943 522 976 593 ἧ
1005 526 1118 586 τοῖς
1152 523 1449 593 μαθηταῖς,
1478 526 1510 596 ἦ
1545 528 1658 588 τοῖς
1688 540 1913 577 συνακο-

317 618 650 688 λουθήσασιν
682 614 957 677 Ἰουδαίοις
978 655 991 675 ,
1025 614 1058 685 ἢ
1086 615 1184 668 καὶ
1207 615 1464 684 ἀγγέλοις
1498 618 1629 675 ἴσως
1654 617 1767 678 τοῖς
1796 613 1913 666 δια-

320 711 668 780 κονουμένοις
696 707 848 776 αύτῷ
869 706 1005 777 πρὸς
1027 708 1125 775 τὴν
1148 707 1260 761 τῶν
1279 707 1583 779 ἀνθρώπων
1610 706 1908 776 σωτηρίαν.

322 802 433 855 Καὶ
465 800 579 852 ἐστι
627 814 692 865 γε
726 795 959 848 συνιδεῖν
986 795 1445 866 ἀποθνησκόντων
1468 795 1737 868 διαφορὰν
1757 834 1770 857 ,
1800 794 1912 847 τῶν

322 893 423 962 μὲν
454 889 577 961 μηδ’
609 889 745 950 ὅλως
779 886 1037 950 ἐξιόντων
1061 886 1157 938 τοῦ
1188 886 1360 950 οἴκου,
1392 886 1468 949 ὡς
1496 886 1589 939 ἐπὶ
1618 886 1717 955 τῆς
1750 884 1909 938 Ἰαείο

318 1001 415 1055 ρου
464 980 736 1051 θυγατρὸς
758 1019 771 1041 ,
806 978 917 1032 τῶν
959 979 1016 1032 δὲ
1042 979 1144 1050 ἤδη
1176 980 1446 1033 ἀπιόντων
1483 979 1576 1032 ἐπὶ
1611 979 1673 1032 τὸ
1701 979 1907 1049 μνῆμα,

312 1076 392 1139 ὡς
447 1074 543 1127 ἐπὶ
595 1071 689 1125 τοῦ
733 1071 853 1124 υἱοῦ
893 1072 993 1140 τῆς
1021 1072 1235 1142 χήρας·
1302 1072 1413 1124 τῶν
1471 1071 1528 1125 δὲ
1581 1070 1675 1124 κιιιλ⁵
1724 1069 1911 1123 τεθέν-

311 1184 425 1220 των
474 1167 532 1217 ἐν
565 1164 642 1233 τῷ
684 1162 938 1234 μνημείῳ
979 1164 1073 1215 καὶ
1102 1163 1202 1233 ἤδη
1228 1162 1564 1232 σεσηπότων.
1618 1159 1827 1213 ΙἈθλιοι
1852 1158 1908 1211 δὲ

313 1258 472 1331 παρά
520 1256 731 1320 τούτοις
772 1258 822 1308 οἰ
865 1256 959 1308 ἐπὶ
1002 1255 1185 1308 πλεῖον
1232 1254 1662 1327 ἐμϐραδύνοντες
1711 1254 1767 1305 ἐν
1795 1254 1909 1317 τοῖς

317 1353 622 1421 μνήμασιν.

397 1444 458 1496 Ἡ
483 1443 623 1511 ὄψις
651 1442 838 1496 αὐτοῦ
876 1440 1178 1509 σουδαρίῳ
1198 1440 1587 1510 περιεδέδετο.

390 1536 655 1599 Πεσόντες
700 1536 780 1598 εἰς
821 1534 1119 1604 ἁμαρτίαν,
1150 1533 1402 1604 καθάπερ
1435 1551 1488 1586 τι
1522 1532 1784 1603 κάλυμμα
1806 1533 1905 1604 τὴν

314 1626 573 1679 ἐντεῦθεν
614 1625 880 1696 αἰσχύνην
922 1626 1001 1695 τῷ
1044 1625 1142 1693 τῆς
1167 1623 1344 1693 ψυχῆς
1382 1623 1659 1694 προσώπῳ
1690 1614 1906 1693 περιτε-

316 1717 578 1787 θείκαμεν
603 1758 616 1779 ,
688 1718 920 1779 καὶτοῖς
965 1714 1060 1768 τοῦ
1098 1715 1331 1767 θανάτου
1386 1713 1904 1783 κατεδεσμεύθημεν

2016 539 2137 577 rum
2182 526 2398 579 solvere
2446 526 2820 595 imperaverit,
2868 535 3091 579 nonest
3129 527 3416 596 scriptum,
3457 547 3586 586 num

2017 614 2274 668 videlicet
2307 615 2619 685 discipulis,
2656 631 2723 668 an
2775 616 3133 685 sequentibus
3162 630 3221 670 se
3259 615 3481 684 ludat-is,
3520 635 3587 674 an

2013 704 2177 758 etiam
2230 704 2468 760 fortasse
2518 706 2749 775 angelis,
2785 707 2882 775 qui
2928 706 3314 760 ministrabant
3374 707 3477 777 ipsi
3533 709 3586 763 in

2014 800 2362 866 procuranda
2407 800 2696 852 hominum
2745 800 2943 854 salute.
2974 798 3218 869 Denique
3248 799 3587 861 observanda

2012 897 2098 944 est
2138 898 2485 944 mortuorum
2537 889 2877 955 dili'erentia;
2921 906 3158 959 namque
3208 892 3298 945 alii
3343 893 3585 946 nomium

2011 980 2177 1036 domo
2226 982 2361 1035 elati
2431 981 2669 1045 fuerant.
2727 991 2787 1036 ut
2849 982 2983 1036 Jairi
3045 984 3155 1037 filia
3188 1000 3201 1036 :
3234 985 3324 1038 alii
3365 986 3445 1039 .ad
3499 1002 3588 1042 se-

2013 1073 2262 1143 pulcrum
2292 1075 2406 1143 jam
2439 1075 2822 1144 portabantur,
2852 1084 2909 1128 ut
2942 1074 3087 1130 filius
3120 1076 3296 1130 viduae
3326 1095 3339 1130 :
3372 1079 3463 1131 alii
3494 1077 3589 1132 de-

2010 1161 2177 1232 nique
2214 1164 2327 1231 jam
2364 1164 2417 1217 in
2460 1174 2822 1219 monumento
2848 1166 3133 1236 'jaccbant.
3170 1177 3223 1222 et
3254 1169 3470 1237 quidem
3502 1178 3587 1223 ta-

2011 1249 2315 1307 bescentes.
2342 1250 2446 1307 Sed
2481 1254 2817 1311 infeliciores
2862 1260 3073 1313 caeteris
3106 1270 3258 1323 sunt,
3287 1262 3379 1329 qui
3413 1262 3504 1317 diu
3529 1263 3585 1317 in

2008 1342 2281 1410 sepulcris
2310 1342 2673 1397 demorantur
2701 1346 2800 1416 (2).

2079 1433 2173 1497 XI,
2217 1434 2306 1489 ιι.
2345 1433 2535 1490 Facies
2566 1438 2678 1505 ejus
2701 1438 2918 1493 sudario
2946 1451 3062 1493 erat
3092 1443 3274 1513 ligata.

2078 1525 2136 1579 lu
2182 1537 2467 1596 peccatum
2517 1528 2675 1598 lapsi,
2710 1529 2952 1587 dedecus
3028 1534 3156 1588 inde
3205 1545 3581 1602 contractum,

2006 1618 2177 1672 veluti
2209 1620 2486 1689 quoddam
2513 1622 2783 1683 velamen,
2821 1625 3019 1679 anima:
3055 1636 3255 1681 nostrm
3291 1629 3447 1684 faciei
3475 1631 3584 1685 cir-

2007 1711 2450 1781 cumposuitnus,
2496 1719 2550 1765 et
2601 1713 2794 1767 mortis
2853 1714 3066 1783 laqueis
3120 1716 3316 1771 irretiti
3368 1735 3580 1778 sumus.

316 1810 553 1881 βρόχοις.
610 1809 779 1861 Ὅταν
807 1804 900 1861 οὖν
939 1810 1096 1878 ἡμᾶς
1153 1807 1293 1860 κατά
1320 1806 1409 1858 τὸν
1436 1808 1535 1874 τῆς
1564 1805 1892 1859 ἀναστάσεω;

2010 1800 2149 1855 Cum
2187 1801 2357 1871 igitur
2393 1818 2492 1857 nos
2527 1803 2677 1857 circa
2712 1812 2930 1875 tempus
2962 1810 3389 1865 resurrectionis
3414 1826 3444 1866 e
3468 1827 3582 1865 mo-

312 1904 504 1971 καιρὸν
546 1901 653 1954 τῶν
693 1902 802 1955 ἀπὸ
844 1902 947 1971 γῆς
995 1900 1297 1971 μνημάτων
1340 1899 1536 1965 ἐξοίσει
1584 1900 1613 1951 ό
1642 1898 1894 1969 Χριστὸς,

310 1992 434 2044 τότε
458 1991 544 2062 δὴ,
572 1991 715 2054 τότε,
745 1989 853 2043 τῶν
881 1993 939 2042 ὲν
972 1991 1112 2061 ἀρχῇ
1142 1987 1422 2051 ἀπολύσας
1457 1987 1661 2054 κακῶν,
1692 1989 1787 2039 καὶ
1806 2003 1899 2038 πε-

313 2082 546 2154 ριαιρῶν
560 2082 765 2151 τρόπον
783 2080 905 2134 τινὰ
922 2080 1023 2150 τῆς
1045 2079 1305 2151 αἰσχύνης
1326 2080 1385 2132 τὸ
1409 2078 1693 2149 κάλυμμα,
1712 2078 1898 2131 λοιπὸν

310 2172 611 2244 ἐλευθέρως
638 2171 885 2225 ἀνεῖσθαι
911 2171 1121 2225 κελεύει
1142 2211 1158 2236 ,
1195 2171 1296 2241 οὐχ
1326 2170 1569 2241 ἁμαρτίᾳ
1601 2185 1897 2239 τυραννου-

315 2264 539 2333 μένους,
580 2265 678 2334 οὐχ
725 2262 1121 2333 ὑποκειμένους
1149 2265 1216 2334 τῇ
1251 2263 1461 2333 φθορᾷ,
1490 2262 1523 2332 ἢ
1553 2260 1758 2332 ἑτέροις
1786 2258 1897 2312 τισὶ

309 2355 527 2408 εἰωθόσι
568 2352 806 2418 κακοῦν,
857 2354 932 2419 ὡς
961 2354 1298 2426 πληροῦσθαι
1339 2356 1397 2407 ἐν
1430 2355 1564 2425 ἡμῖν
1593 2351 1655 2405 τὸ
1679 2351 1747 2404 δι’
1777 2350 1897 2414 ἑνὸς

308 2447 421 2500 τῶν
444 2448 618 2514 ἀγίων
639 2445 934 2517 προφητῶν
966 2444 1256 2517 εἰρημένον
1276 2463 1290 2477 ’
1313 2465 1332 2497 ι
1369 2442 1768 2510 Ἐξελεύσεσθε,
1802 2442 1897 2495 καὶ

316 2540 641 2609 σκιρτήσετε
661 2539 733 2602 ὡς
760 2540 1029 2610 μοσχάρια
1057 2540 1120 2591 ὲκ
1146 2536 1359 2607 δεσμῶν
1381 2536 1664 2608 ἀνειμένα.
1691 2557 1710 2588 ι

388 2629 633 2682 Λύσατε
665 2628 848 2682 αὐτὸν
873 2629 969 2682 καί
1011 2629 1194 2698 ἄφετε
1229 2627 1503 2697 ὑπάγειν.

380 2713 684 2785 Χρησίμως
708 2712 804 2769 οὖν
840 2716 929 2769 διὰ
958 2715 1158 2788 χειρῶν
1197 2715 1412 2769 οίκειων
1460 2716 1759 2787 ἐπέτρεψεν
1798 2718 1896 2772 αὐτ

258 2834 267 2845 ο
307 2807 428 2869 τοῖς
457 2804 614 2860 λῦσαι
641 2808 805 2860 αὑτὸν
826 2847 841 2872 ,
886 2810 974 2861 ἵνα
1014 2809 1287 2880 μηδεμίαν
1319 2808 1495 2879 ἔχοιεν
1533 2811 1897 2881 συκοφαντίας

305 2897 594 2968 ἀφορμὴν,
643 2899 778 2953 ἀλλά
832 2900 1109 2972 μάρτυρες
1148 2895 1251 2953 ὦσι
1291 2900 1387 2953 τοῦ
1433 2900 1731 2971 θαύματος.
1785 2903 1896 2956 Καὶ

305 2988 465 3042 τοῦτο
491 2989 548 3042 δὲ
585 2990 700 3060 ἔχει
722 2991 923 3062 δεῖγμα
955 2993 1054 3063 τῆς
1084 2992 1380 3061 καθολικῆς
1411 2993 1781 3058 ἀναστάσεως,
1804 2995 1893 3047 ὅτε

304 3078 573 3150 λυομένης
594 3080 695 3150 τῆς
731 3082 1012 3152 ἁμαρτίας
1039 3085 1131 3135 καί
1155 3083 1254 3153 τῆς
1281 3081 1375 3135 τοῦ
1406 3081 1639 3136 θανάτου
1666 3082 1890 3155 φθορᾶς,

304 3169 591 3240 ἐλεύθερος
631 3172 851 3241 ἀφίεται
898 3174 1151 3235 ἕκαστος.
1231 3172 1498 3236 Πεσόντες
1538 3172 1648 3244 γὰρ
1698 3173 1776 3244 (Ι)
1815 3175 1896 3237 εἰς

305 3264 602 3333 ἁμαρτίαν,
638 3264 894 3336 καθάπερ
921 3283 973 3318 τι
1003 3266 1269 3335 κάλυμμα
1300 3266 1405 3337 τὴν
1427 3264 1675 3320 ἐντεῦθεν
1703 3266 1895 3338 αἰσχύ-

302 3370 404 3422 νην
444 3354 524 3425 τῷ
566 3355 668 3424 τῆς
709 3355 890 3427 ψυχῆς
945 3355 1223 3427 προσώπῳ
1268 3357 1759 3428 περιτεθείκαμεν,
1799 3358 1895 3412 καὶ

303 3446 417 3507 τοῖς
450 3444 545 3498 τοῦ
582 3445 816 3501 θανάτου
862 3446 1387 3519 καταδεσμεύθημεν
1434 3448 1671 3520 βρόχοις.
1726 3449 1894 3505 Ὅταν

303 3528 399 3587 οὖν
429 3537 579 3605 ἡμᾶς
617 3536 760 3590 κατά
788 3536 879 3589 τὸν
909 3537 1010 3606 τῆς
1038 3538 1391 3602 ἀναστάσεως
1422 3537 1614 3609 καιρόν
1648 3538 1757 3591 τῶν
1785 3539 1894 3593 ἀπὸ

304 3628 411 3699 γῆς
441 3630 741 3700 μνημάτων
759 3629 943 3700 ἐξοίσῃ
969 3630 1228 3701 Χριστὸς,
1245 3631 1365 3683 τότε
1397 3632 1492 3684 καὶ
1516 3629 1626 3683 τῶν
1648 3632 1892 3703 ἀρχαίων

303 3714 584 3779 ἀπολύσας
638 3716 853 3780 κακῶν,
914 3718 1009 3771 καὶ
1058 3717 1327 3788 περιελὼν
1379 3719 1582 3790 τρόπον
1627 3720 1750 3773 τινὰ
1794 3721 1894 3793 τῆς

304 3806 569 3878 αἰσχύνης
621 3809 684 3862 τὸ
721 3810 1019 3881 κάλυμμα,
1068 3810 1253 3864 λοιπὸν
1307 3812 1611 3883 ἐλευθέρως
1650 3814 1892 3868 ἀνεῖσθαι

302 3898 580 3964 κελεύσει,
600 3901 698 3970 οὐχ
729 3902 1124 3971 ὑποκειμένους
1148 3906 1213 3973 τῇ
1236 3902 1411 3974 φθορᾷ
1427 3904 1522 3957 καὶ
1543 3907 1654 3968 τοῖς
1677 3905 1892 3959 εἰωθόσι

300 3995 497 4053 κακοῖς
530 4009 555 4071 '_
583 3992 659 4056 ὡς
703 3993 1041 4065 πληροῦσθαι
1087 3997 1146 4048 εν
1195 3996 1327 4066 ἡμῖν
1381 3996 1442 4049 τὸ
1494 3996 1562 4049 δι’
1613 3996 1731 4061 ἑνὸς
1780 3998 1892 4051 τῶν

303 4083 603 4154 προνρητῶν
625 4085 916 4155 εἰρημένον
935 4101 951 4115 ο
986 4105 1003 4137 ι
1026 4085 1431 4153 Ἐξελεύσεσθε,
1453 4088 1548 4141 καὶ
1568 4090 1891 4160 σκιρτήσετε

306 4174 383 4235 ὡς
416 4176 686 4245 μοσχάρια
714 4177 778 4229 ὲκ
804 4176 1019 4247 δεσμῶν
1044 4176 1322 4247 ἀνειμένα.
1358 4195 1377 4229 ι
1409 4177 1669 4248 Λάμσανε
1696 4179 1754 4233 δέ
1785 4194 1875 4249 μοι

303 4264 369 4316 τὸ
393 4263 581 4331 θαῦμα
604 4268 699 4319 καὶ
722 4267 817 4320 ἐπὶ
838 4268 908 4320 τὰ
933 4269 1107 4331 ἐντός.
1134 4269 1198 4321 Εἰ
1224 4268 1332 4337 γὰρ
1356 4270 1384 4322 ό
1409 4269 1533 4332 νοῦς
1557 4271 1713 4340 ἡμῶν
1736 4269 1874 4322 ἀπο-

308 4355 460 4407 θάνοι
484 4356 560 4418 ὡς
583 4356 851 4426 Λάζαρος,
874 4358 956 4412 δεῖ
981 4359 1117 4428 μετά
1137 4359 1601 4429 ὲξομολογήσεως,
1624 4359 1698 4421 ὡς
1720 4358 1877 4430 Μάρ-

301 4443 403 4493 θαν
431 4442 524 4493 καὶ
554 4442 792 4513 Μαρίαν,
834 4446 934 4517 τὴν
964 4447 1153 4518 ύλικὴν
1202 4448 1381 4520 σάρκα
1418 4450 1512 4501 κα)⁸
1551 4450 1649 4521 τὴν
1684 4467 1880 4521 σεμνο-

300 4533 465 4604 τέραν
496 4535 675 4607 ψυχὴν
717 4539 1033 4608 προσελθεῖν
1070 4539 1147 4610 τῷ
1179 4541 1402 4612 Χριστῷ
1436 4543 1534 4595 καὶ
1563 4543 1877 4613 παρακαλέ-

301 4642 426 4677 σαι·
476 4628 568 4679 καί⁵
622 4628 682 4691 ὃς
728 4630 985 4697 ἐπιστὰς,
1035 4631 1135 4702 τὴν
1184 4633 1536 4705 ἐπικειμένην
1579 4637 1644 4705 τῇ
1688 4636 1876 4706 μνήμῃ

299 4716 534 4785 ἀρθῆναι
586 4719 849 4779 κελεύσει,
872 4719 1169 4792 πώρωσιν,
1221 4723 1315 4775 καὶ
1361 4727 1601 4793 φωνήσει
1666 4726 1879 4798 μεγάλῃ

301 4809 459 4876 φωνῇ
490 4808 587 4878 τῆς
626 4811 988 4883 εὐαγγελικῆς
1026 4814 1326 4883 σάλπιγγος
1353 4831 1366 4845 ·
1402 4813 1572 4884 Δεῦρο
1615 4814 1720 4880 ἔξω
1770 4817 1879 4870 τῶν

291 4898 398 4950 τοῦ
437 4900 635 4970 κόσμου
654 4904 1055 4975 περισπασμῶν
1076 4921 1088 4934 ·
1121 4905 1214 4958 καί⁵
1241 4905 1344 4968 τὰς
1376 4904 1563 4974 σειράς
1589 4905 1739 4959 λύσει
1768 4908 1879 4961 τῶν

292 4992 607 5060 ἁμαρτιῶν,
637 4993 779 5048 ὥστε
813 4994 1073 5051 δύνασθαι
1111 4993 1380 5051 κινεῖσθαι
1418 4996 1702 5067 ἀραρότως
1740 4996 1878 5069 πρὸς

292 5083 541 5152 ἀρετήν.’

367 5177 595 5231 Πολλοὶ
630 5173 744 5234 οὖν
782 5180 851 5234 ἐκ
878 5180 997 5235 τῶν
1037 5180 1341 5237 Ἰουδαίων
1358 5180 1734 5236 ἐπίστευσαν
1781 5184 1870 5249 εἰς

287 5284 330 5321 a
340 5268 503 5322 ὐτόν.

365 5356 458 5420 Τῷ
490 5360 777 5431 παραδόξῳ
817 5362 1128 5433 νικηθέντες
1180 5363 1364 5417 πολλοί⁵
1413 5364 1865 5418 πεπιστεύκασινο

360 5470 409 5502 ⁸⁸
451 5470 681 5527 Malach.
725 5491 798 5542 tv,
828 5476 886 5530 2.

361 5585 447 5659 il),
469 5585 566 5641 Ed.
606 5607 619 5643 :
644 5607 784 5659 νπεσ.
813 5607 867 5657 γ.
894 5590 972 5652 εἰς
1003 5589 1102 5658 ἀμ.
1124 5590 1248 5659 τοῖς
1271 5586 1366 5642 τοῦ
1399 5587 1629 5659 θανάτου
1657 5589 1878 5659 δεσμοῖς

286 5658 485 5729 Lucis
497 5658 825 5728 σμεύθημεν·
852 5657 1094 5729 λάμϐανε
1115 5657 1172 5711 δέ
1196 5676 1285 5728 μοι
1305 5659 1369 5729 τό
1386 5658 1718 5729 θαῦμα,καί,
1748 5657 1857 5729 etc.

286 5725 618 5796 Sttpplctunt
640 5725 1069 5795 ei'llacariofol.
1093 5725 1219 5794 585⁷,
1238 5744 1329 5800 9p.
1355 5727 1458 5784 Μ.ιί
1493 5725 1528 5782 Ῐ.
1566 5730 1602 5783 l.
1645 5743 1701 5799 p.
1727 5726 1848 5784 155.

2006 1894 2289 1981 numeptis
2320 1894 2574 1949 extrahet
2603 1894 2887 1959 Christus,
2918 1903 3049 1951 tunc
3077 1907 3225 1952 certe
3259 1909 3582 1972 repurgatos

2006 1999 2108 2040 nos
2148 1985 2217 2040 ab
2254 1989 2485 2058 antiqua
2540 1989 2683 2054 labe,
2718 1989 2975 2045 detracto
3013 1993 3324 2049 velamento
3378 1997 3579 2050 liberos

2005 2076 2087 2131 ire
2121 2077 2362 2147 jubebit,
2397 2095 2504 2134 non
2535 2081 2810 2136 obnoxios
2844 2085 3057 2153 peccnti
3094 2086 3372 2155 tyrannidi
3405 2104 3580 2158 neque

2002 2172 2371 2241 corruptioni,
2400 2172 2633 2243 aliisque
2667 2173 2826 2228 malis
2866 2173 3150 2229 interitmn
3196 2176 3575 2239 alicrcntibus,

2004 2261 2079 2314 ita
2115 2272 2174 2317 ut
2205 2263 2259 2318 in
2290 2263 2451 2318 nobis
2481 2263 2778 2334 impleatur
2824 2265 2971 2335 quod
3011 2266 3080 2320 ab
3110 2280 3221 2322 uno
3260 2279 3575 2324 sanctorum

2003 2355 2394 2424 pr0phetarum
2449 2357 2657 2411 dictum
2718 2366 2799 2414 est
2841 2378 2853 2413 :
2896 2377 2915 2409 ι
2956 2358 3345 2429 Egredicmini,
3380 2372 3432 2417 et
3484 2377 3576 2419 sa-

2004 2446 2152 2501 lictis
2199 2448 2345 2503 sicut
2374 2449 2527 2520 parvi
2570 2450 2723 2503 vituli
2760 2451 2998 2507 vinculis
3033 2454 3266 2506 exsoluti
3294 2455 3355 2506 δ’.
3394 2473 3413 2504 ι

2074 2618 2177 2683 XI,
2204 2620 2293 2674 ιι.
2324 2619 2524 2673 Solvite
2552 2636 2668 2673 eum
2692 2630 2747 2673 et
2767 2621 2925 2674 sinite
2953 2620 3117 2676 abire.

2078 2709 2294 2764 Utiliter
2341 2712 2516 2781 igitur
2570 2712 2688 2766 suis
2726 2727 2822 2766 eos
2867 2712 3125 2768 manibus
3164 2714 3379 2770 solvere
3422 2714 3575 2771 illum

2004 2800 2284 2871 permisit,
2312 2816 2381 2854 ne
2420 2801 2588 2854 ullam
2623 2801 2887 2855 haberent
2919 2801 3208 2857 calumnia:
3242 2820 3452 2868 ansam,
3480 2805 3575 2860 sed

2003 2891 2261 2946 miraculi
2299 2897 2469 2946 testes
2525 2891 2729 2946 forent.
2766 2891 2938 2961 quue
2982 2892 3440 2962 significationem
3476 2893 3576 2948 lia-

2001 2981 2095 3037 bet
2126 2982 2459 3037 universalis
2491 2982 2948 3046 resurrectionis,
2980 2983 3203 3052 quando
3239 2985 3421 3039 soluto
3451 2999 3576 3054 pec-

2002 3082 2126 3126 cato
2187 3078 2243 3126 et
2309 3074 2505 3125 mortis
2560 3072 2947 3140 corruptione,
2994 3077 3375 3143 unusquisque
3410 3077 3575 3147 liber

1923 3144 2312 3219 cditnittitur.
2362 3160 2498 3217 Cum
2563 3162 2712 3218 enim
2781 3165 2835 3217 in
2897 3174 3185 3234 peccatum
3239 3144 3572 3231 incidimus.

1997 3257 2352 3328 ignominiam
2394 3258 2525 3314 inde
2564 3267 2900 3327 manantem,
2933 3276 3032 3315 ceu
3085 3262 3359 3330 quoddam
3390 3263 3573 3316 velum

1996 3350 2196 3405 anima:
2221 3360 2425 3405 nostrae
2456 3349 2617 3405 faciei
2645 3351 2996 3415 obducimus,
3021 3361 3077 3407 et
3108 3354 3303 3408 mortis
3334 3354 3572 3409 vinculis

1996 3441 2306 3511 alligamur.
2339 3442 2475 3497 Cum
2512 3450 2696 3497 autem
2734 3458 2836 3499 nos
2868 3444 3298 3501 resurrectionis
3326 3453 3573 3516 tempore

1995 3546 2026 3587 e
2055 3542 2218 3588 terra;
2250 3534 2625 3589 monumentis
2648 3534 2848 3590 educet
2867 3536 3145 3603 Christus,
3167 3548 3297 3593 tunc
3325 3538 3571 3609 antiquis

1996 3626 2295 3707 expediens
2326 3626 2508 3690 malis,
2526 3625 2938 3697 detrahensque
2971 3629 3379 3698 quodammodo
3413 3630 3570 3700 igno-

1995 3717 2179 3771 minia:
2207 3716 2692 3788 velum,posthinc
2718 3719 2926 3776 liberos
2956 3722 3111 3775 abire
3136 3720 3369 3790 jubehit,
3391 3737 3569 3792 neque

1994 3806 2204 3877 peccati
2241 3806 2477 3861 ulterius
2528 3807 2823 3877 tyrannide
2863 3823 3111 3878 pressos.
3150 3822 3328 3877 neque
3374 3822 3568 3862 corru-

1994 3899 2167 3970 ptioni
2207 3899 2464 3954 subditos
2511 3908 2606 3953 aut
2639 3901 2924 3955 consuetis
2962 3901 3123 3954 malis
3156 3916 3170 3952 :
3205 3908 3266 3954 ut
3318 3899 3568 3970 perficia-

1995 4000 2084 4047 tur
2121 3994 2176 4046 in
2225 3993 2384 4046 nobis
2430 3990 2642 4046 dictum
2683 3993 2812 4046 olim
2872 3994 2940 4048 ab
2986 4010 3097 4048 uno
3146 4007 3177 4048 e
3234 3993 3563 4064 prophetis:

1999 4097 2017 4130 ι
2056 4079 2443 4151 Εενοιιίεηιίηἰ,
2472 4087 2527 4134 et
2564 4090 2824 4151 tanquam
2855 4084 3014 4137 vituli
3059 4085 3274 4139 salictis
3329 4084 3566 4140 vinculis

1993 4170 2248 4225 resoluti.
2303 4188 2323 4221 ›
2389 4170 2762 4226 Accommoda
2832 4175 2965 4227 mihi
3015 4177 3179 4229 etiam
3239 4177 3563 4229 miraculum

1992 4262 2060 4316 ad
2085 4262 2245 4333 691
2291 4262 2582 4316 interiora.
2617 4263 2676 4316 Si
2705 4264 2856 4318 enim
2893 4280 3047 4320 mens
3076 4278 3261 4320 nostra
3303 4277 3562 4335 tanquam

1990 4352 2235 4408 Lazarus
2294 4362 2509 4407 mortua
2578 4355 2678 4419 sit,
2744 4365 2965 4425 Oportet
3027 4373 3154 4410 eum
3214 4356 3566 4413 confessione

1992 4449 2188 4502 molem
2247 4448 2437 4503 carnis
2470 4448 2838 4513 tnaterialem,
2868 4457 2924 4503 et
2957 4449 3413 4504 venerabiliorem
3445 4450 3564 4503 ani-

1990 4553 2152 4597 mam.
2191 4547 2456 4607 tanquam
2498 4538 2767 4594 Martbam
2805 4550 2858 4595 et
2894 4539 3151 4604 Mariam,
3198 4540 3459 4596 accedere
3493 4540 3561 4595 ad

1984 4630 2266 4685 Christum
2309 4638 2363 4683 et
2412 4629 2701 4700 deprecari
2740 4654 2751 4685 :
2787 4640 2841 4686 et
2885 4632 2981 4686 ille
3009 4638 3201 4686 astans
3248 4632 3560 4703 impositam

1985 4726 2268 4780 memoria:
2307 4723 2425 4776 tolli
2457 4723 2675 4792 jubebit
2702 4723 2962 4778 duritiem
2995 4738 3060 4777 ac
3093 4723 3318 4787 callum,
3349 4730 3404 4777 et
3444 4723 3561 4776 cla-

1986 4814 2158 4869 mabit
2204 4827 2402 4883 magna
2441 4815 2771 4889 evangelicae
2808 4802 2952 4869 tub'ae
2986 4828 3120 4868 voce
3160 4834 3173 4868 :
3220 4812 3337 4868 Huc
3378 4814 3562 4869 venite

1984 4913 2140 4961 extra
2185 4905 2377 4959 mundi
2414 4905 2808 4960 distractiones
2842 4923 2855 4959 :
2891 4915 2947 4960 et
2972 4905 3150 4961 solvet
3204 4911 3556 4975 peccatorum

1983 5007 2233 5063 catenas,
2274 4997 2349 5050 ita
2383 5003 2446 5050 ut
2483 4994 2762 5067 possimus
2806 4996 3014 5052 moveri
3060 4995 3452 5052 convenienter
3484 4993 3556 5049 ad

1981 5090 2263 5145 virtutem.

2053 5177 2152 5243 XI,
2212 5177 2299 5233 L5.
2362 5176 2524 5232 Multi
2566 5194 2688 5249 ergo
2734 5194 2800 5233 ex
2856 5176 3062 5233 ludatis
3113 5176 3447 5232 crediderunt
3498 5178 3555 5232 in

1983 5286 2124 5324 eunt.

2052 5361 2200 5416 Multi
2252 5361 2332 5417 rei
2388 5361 2633 5414 novitate
2678 5368 2735 5414 ct
2789 5362 3060 5415 miraculo
3112 5361 3243 5415 victi
3291 5359 3544 5417 credide-

2058 5585 2659 5657 (2)Contemporaneus
2722 5588 2927 5659 Cyrillo
2957 5590 3299 5656 Augustinus
3338 5592 3421 5657 pie
3450 5590 3546 5642 do-

1969 5665 2165 5726 cteque
2197 5669 2576 5727 argumentum
2596 5660 2697 5715 hoc
2722 5662 2790 5715 de
2813 5660 2990 5714 tribus
3015 5661 3247 5713 mortuis
3266 5675 3294 5709 a
3318 5659 3545 5715 Domino

1963 5727 2246 5785 suscitatis
2281 5736 2481 5786 tractat
2526 5745 2781 5787 sermone
2817 5745 3004 5796 xcvm,
3046 5730 3131 5784 ed.
3166 5728 3340 5781 MACB.
