4062 6208
470 300 537 353 67
1469 297 1525 352 8.
1567 293 1844 353 ϐῖιιιιω
1883 297 2362 352 ΑιΕΧΑΝῡῐιιΝι
2397 297 2724 356 ARCHIEP.
3669 312 3739 369 68

476 418 648 479 runt;
703 411 793 466 alii
848 426 977 466 vero
1012 411 1183 466 livore
1223 409 1488 480 impulsi,
1528 413 1881 488 occasionem
1924 411 2049 466 inde

2165 409 2343 483 ἕτεροι
2389 412 2446 466 δὲ
2491 414 2568 484 τῷ
2600 413 2778 484 φθόνῳ
2801 414 3123 486 τρωθέντες.
3161 416 3418 492 ἀφορμὴν
3453 421 3737 482 ποιοῦνται

475 511 832 572 sumpserunt
890 503 1147 572 patrandi
1207 517 1272 557 ea
1323 518 1449 573 quae
1508 503 1712 558 invidis
1763 518 1882 558 mos
1930 513 2052 566 est,

475 593 929 664 principibusque
955 594 1104 662 quod
1141 595 1345 646 factum
1377 601 1498 646 erat
1528 596 1870 657 retulerunt,
1909 603 1970 648 ut
2000 601 2054 648 et

477 687 584 740 illis
619 685 689 739 ob
741 701 804 740 ea
853 701 972 753 quae
1005 684 1199 739 fecerit
1227 684 1488 740 Christus
1513 723 1528 750 ,
1559 687 1810 740 molestia
1843 686 2054 741 allectis

472 785 526 831 et
559 777 1105 842 anxiis,nonnullum
1139 777 1223 830 sui
1256 778 1466 832 doloris
1493 778 1748 833 solatium
1781 779 2053 847 habeant,

473 870 710 924 inventis
741 869 825 924 sui
861 869 1120 923 mmroris
1152 871 1509 925 consortibus
1541 885 1605 923 ac
1633 871 1900 925 rivalibus
1922 911 1936 934 ,
1965 880 2052 924 ut-

473 979 582 1032 que
637 979 762 1017 cum
800 962 902 1031 ipsi
945 977 1055 1015 non
1092 946 1319 1031 pesscnt
1371 963 1426 1016 in
1461 979 1524 1018 os
1560 963 1763 1017 intueri
1800 979 1923 1017 eum
1959 964 2054 1033 qui

473 1054 608 1109 nihil
650 1053 920 1122 iniustum
963 1051 1192 1115 fecerat,
1235 1053 1572 1120 potentiores
1627 1053 1894 1108 adversus
1926 1068 2052 1109 eum

474 1149 758 1202 irritarent
797 1153 967 1214 atque
1003 1144 1394 1200 accenderent.

542 1238 610 1292 ΧΙ
634 1281 648 1304 ,
684 1239 774 1294 47.
817 1238 959 1304 Quid
991 1238 1221 1307 facimus
1245 1279 1258 1304 ,
1290 1239 1418 1308 quia
1456 1239 1540 1290 hic
1571 1238 1726 1292 homo
1762 1237 1932 1291 multa
1979 1239 2056 1291 si-

470 1349 574 1404 gna
610 1333 741 1401 facit
767 1335 791 1387 ?

539 1424 837 1479 Enimvero
876 1424 1161 1487 Pharisaei,
1205 1422 1411 1476 omissa
1450 1420 1845 1480 admiratione,
1875 1423 2052 1476 dolori

472 1530 531 1569 se
585 1515 846 1579 tradunt,
899 1523 953 1569 et
999 1515 1067 1569 de
1117 1513 1426 1568 occidendo
1507 1515 1828 1568 consultant
1891 1531 2052 1584 quem

473 1607 836 1676 potentiorem
895 1606 1126 1673 vident,
1182 1620 1293 1660 non
1347 1607 1660 1676 cogitantes
1719 1605 2052 1662 ineffabilem

472 1701 804 1772 potentiam,
839 1708 918 1764 et,
941 1709 1002 1752 ut
1029 1699 1098 1754 de
1128 1699 1352 1753 homine
1384 1699 1620 1768 simplici
1649 1699 2050 1765 existimantes,

2156 501 2218 554 τὸ
2251 502 2434 570 θαῦμα
2470 503 2563 556 τοῦ
2597 503 2791 573 δράσαι
2827 503 2894 557 τά
2924 505 3030 557 τῶν
3077 505 3438 576 φθονούντων,
3497 513 3593 568 καὶ
3624 520 3737 582 τοῖς

2158 595 2486 665 ἡγουμένοις
2536 596 2883 665 ἀπήγγειλαν
2921 597 2982 649 τὸ
3013 599 3276 666 γεγονὸς,
3333 602 3420 655 ἵνα
3464 606 3736 662 κάκείνων

2157 683 2508 754 λυπηθέντων
2531 684 2617 753 ἐφ’
2641 678 2722 747 οἷς
2752 685 3046 754 εἰργάσατο
3074 690 3101 740 6
3126 689 3382 759 Χριστὸς,
3416 695 3586 764 σχῶσί
3615 715 3738 754 τινα

2157 775 2486 847 παραψυχὴν
2520 776 2621 846 τῆς
2653 777 2788 840 ἰδίας
2845 778 3041 848 λύπης,
3098 779 3176 850 τῷ
3225 783 3320 834 καὶ
3360 785 3552 852 ἀλλους
3591 789 3737 859 ἔχειν

2156 869 2464 938 ὁμόφρονας
2507 869 2601 922 καὶ
2655 873 3055 938 συγκοινωνοὺς
3085 873 3183 942 τῆς
3215 876 3566 947 παράφρονος
3599 881 3701 933 ταύ

2157 979 2256 1031 της
2291 961 2488 1033 λύπης·
2532 963 2626 1016 καὶ
2660 963 2745 1016 ἵνα
2797 964 2952 1016 αὐτοὶ
3006 965 3079 1034 μὴ
3127 967 3402 1036 ἰσχύοντες
3441 970 3632 1040 βλέψαι
3660 973 3735 1042 (ί)

2156 1051 2247 1101 τὸν
2277 1049 2429 1102 οὐδὲν
2453 1049 2814 1121 ἀδικήσαντα.
2863 1053 2988 1114 τοὺς
3026 1053 3432 1128 δυνατωτέρους
3472 1061 3592 1112 κατ’
3637 1063 3735 1114 αὺ-

2156 1139 2253 1192 τοῦ
2288 1141 2600 1209 ἐρεθίσωσι.

2234 1234 2295 1286 Τί
2340 1233 2649 1300 ποιοῦμεν,
2703 1234 2789 1286 ὅτι
2846 1237 2878 1286 ό
2929 1234 3239 1304 ἄνθρωπος
3289 1236 3469 1308 οὗτος
3515 1245 3734 1313 σημεῖα

2156 1325 2364 1378 πολλὰ
2397 1326 2588 1387 ποιεῖ;

2242 1418 2457 1488 Ἀμέλει
2491 1421 2584 1472 καὶ
2611 1423 2658 1473 οἱ
2701 1422 2798 1491 μὲν
2827 1424 3112 1496 Φαρισαῖοι
3146 1425 3206 1476 τὸ
3235 1425 3535 1496 θαυμάζειν
3567 1430 3731 1496 ἀφέν-

2157 1526 2270 1574 τες,
2302 1512 2394 1564 ἐπὶ
2420 1511 2481 1564 τὸ
2511 1511 2801 1566 λυπεῖσθαι
2835 1515 3150 1583 τρέπονται,
3185 1519 3278 1570 καί
3309 1517 3537 1572 θανάτου
3573 1521 3734 1574 αὑτὸν

2158 1603 2443 1673 κρείττονα
2503 1605 2811 1676 βλέποντες,
2857 1609 3178 1662 ἀποκτεῖναι
3217 1610 3582 1680 βουλεύονται·
3635 1615 3735 1668 οὐκ

2161 1694 2469 1758 ἐννοοῦντες
2501 1695 2598 1766 τὴν
2629 1696 2834 1764 ἄφατον
2871 1697 3141 1763 ἐξουσίαν,
3185 1700 3260 1762 ὡς
3293 1703 3421 1773 περὶ
3447 1703 3733 1774 ἀνθρώπου

473 1762 748 1848 dicuntn
781 1791 924 1858 Quid
973 1791 1210 1846 facimus
1245 1831 1260 1856 ,
1312 1792 1444 1862 quia
1494 1796 1657 1846 homo
1711 1793 1828 1862 ipse
1881 1797 2049 1845 multa

2156 1786 2211 1839 δὲ
2248 1786 2404 1856 ψιλοῦ
2433 1788 2764 1855 ἐννοοῦντες,
2813 1789 3057 1844 ἐλάλουνθ
3090 1811 3107 1842 ι
3151 1793 3214 1845 Τί
3267 1794 3546 1864 ποιοῦμεν,
3591 1797 3670 1848 ὃτι
3705 1799 3733 1848 6

473 1886 629 1955 signa
662 1884 834 1938 facit?
867 1902 884 1935 ι
937 1883 1188 1953 quamvis
1234 1884 1408 1952 magis
1455 1899 1521 1938 ex
1565 1898 1632 1938 eo
1679 1883 1911 1938 credere
1958 1898 2054 1938 eos

475 1976 719 2045 Oportuit
760 1975 937 2044 ipsum
970 1989 1092 2030 esse
1120 1973 1444 2036 Christum,
1482 1989 1643 2044 quem
1679 1974 1866 2028 divina
1899 1973 2054 2028 Scri-

474 2077 634 2137 ptura
672 2068 856 2121 multis
890 2067 1024 2120 locis
1067 2067 1456 2135 praedixisset,
1503 2066 1747 2120 futurutn
1799 2067 2056 2122 videlicet

474 2158 772 2211 multorum
809 2158 1204 2210 miraculorum
1255 2156 1541 2210 factorem.
1591 2156 1669 2211 llli
1726 2172 1856 2211 vero
1890 2158 2054 2212 etiam

475 2264 697 2303 causam
738 2258 1090 2318 praetexunt,
1132 2265 1226 2319 per
1259 2263 1426 2318 quam
1466 2249 1789 2304 nitebantur
1825 2264 2055 2320 persua-

474 2342 604 2395 dere
637 2341 940 2394 levioribus
976 2349 1033 2393 ut
1074 2356 1200 2394 eum
1256 2340 1604 2404 occiderent,
1656 2351 1711 2395 et
1744 2342 1900 2394 aiunt
1931 2361 1942 2395 :
1993 2340 2053 2396 Si

475 2450 598 2487 eum
634 2435 711 2487 sic
757 2433 1209 2503 perntiserimus.
1246 2449 1348 2502 pro
1388 2448 1454 2486 eo
1503 2433 1650 2502 quod
1699 2443 1822 2500 est,
1872 2436 2056 2489 vivere

474 2534 530 2578 et
563 2523 826 2576 miracula
865 2521 1046 2576 fecere
1068 2561 1082 2586 ,
1116 2524 1354 2592 pessime
1383 2523 1673 2578 nobiscum
1732 2535 1944 2594 agetur.
1997 2525 2054 2579 Si

475 2615 621 2670 enim
681 2614 772 2669 isti
831 2615 1002 2684 legem
1056 2614 1283 2668 violanli
1334 2615 1532 2684 vulgus
1585 2615 1918 2682 adhaeserit,
1967 2631 2056 2671 res

476 2715 680 2760 nostra:
718 2707 980 2776 deinceps
1011 2706 1369 2760 conclamata:
1416 2716 1568 2770 sunt,
1596 2723 1659 2760 ac
1687 2709 2054 2777 postmodum,

477 2807 741 2866 tanquam
796 2795 1002 2851 Iuda-is
1057 2796 1363 2851 debilitatis
1394 2812 1460 2851 ac
1495 2798 1890 2854 inclinantibus
1913 2838 1926 2857 .
1967 2801 2056 2854 in-

477 2889 680 2942 vadent
713 2888 768 2941 in
819 2901 918 2940 nos
970 2885 1235 2949 Romani,
1283 2902 1460 2956 neque
1508 2889 1757 2956 paternis
1808 2889 2057 2945 moribus

478 2996 580 3035 nos
613 2982 785 3034 libere
816 2980 896 3033 uti
932 2981 1135 3043 sinent,
1163 2993 1340 3048 neque
1370 2987 1570 3033 nostra!
1619 2981 1763 3050 genti
1799 2997 2050 3050 prawsse.

2155 1875 2444 1954 ἄνθρωπος
2491 1871 2644 1941 οὗτος
2678 1879 2850 1932 πολλά
2884 1884 3288 1950 σημεῖαποιεῖ,
3331 1902 3347 1933 ι
3394 1885 3583 1936 Καίτοι
3614 1885 3732 1937 δέον

2155 1967 2220 2018 ἐκ
2244 1966 2434 2018 τούτου
2471 1967 2674 2035 μᾶλλον
2700 1968 3016 2035 πιστεῦσαι,
3045 1972 3125 2025 ὅτι
3147 1974 3307 2034 αὐτὸς
3330 1968 3396 2042 ἧν
3423 1976 3451 2027 ὁ
3478 1975 3728 2045 Χριστὸς,

2155 2057 2271 2128 ὃνή
2307 2057 2664 2122 θεόπνευστος
2688 2062 2878 2134 Γραφὴ
2910 2063 2968 2116 ἐν
3003 2063 3216 2128 πολλοῖς
3257 2067 3728 2136 προανεφὼνησεν,

2155 2150 2238 2202 ὅτι
2267 2148 2480 2203 πολλῶν
2517 2152 2760 2221 σημείων
2794 2152 2945 2205 ἔσται
3000 2153 3351 2224 δημιουργός.
3410 2157 3472 2208 Οἰ
3511 2156 3588 2220 δὲ,
3637 2157 3732 2210 καὶ

2157 2241 2332 2295 αἰτίαν
2374 2242 2820 2312 προφασίζονται,
2853 2242 2920 2296 δι’
2951 2240 3020 2315 ἦς
3053 2245 3350 2315 ἐπειρῶντο
3389 2248 3570 2299 πεῖσαι
3605 2247 3732 2310 τοὺς

2159 2334 2576 2406 ἐλαφροτέρους,
2635 2338 2950 2390 ἀποκτεῖναι
3005 2337 3184 2402 αὑτὸν,
3258 2337 3352 2390 καί
3408 2354 3600 2407 φασιν⁸
3633 2339 3730 2391 Ἂν

2159 2427 2408 2497 ἐάσωμεν
2436 2427 2823 2491 αύτδνόῦτως,
2863 2428 2982 2481 ἀντὶ
3018 2428 3129 2492 τοῦ,
3168 2427 3345 2492 ζῶντα
3392 2431 3484 2483 καὶ
3521 2430 3734 2502 θαυμα-

2157 2520 2510 2591 τουργοῦντα,
2555 2519 2855 2590 πεισόμεθα
2903 2520 3178 2575 πάνδεινα.
3227 2519 3355 2573 Ἐὰν
3405 2522 3513 2591 γὰρ
3560 2522 3734 2592 τούτῳ

2156 2611 2249 2664 τδν
2277 2612 2440 2680 νόμον
2475 2610 2797 2664 καταλύοντι
2843 2610 3178 2664 πιστεύσωσι
3225 2611 3428 2675 πολλοὶ,
3458 2613 3732 2681 οἰχήσεται

2158 2703 2344 2756 λοιπὸν
2377 2704 2444 2756 τὰ
2499 2704 2762 2775 ἡμέτερα·
2811 2704 2907 2756 καὶ
2962 2703 3149 2756 λοιπὸν
3197 2705 3275 2766 ὡς
3321 2705 3732 2775 ἀσθενησάντων

2173 2794 2439 2848 Ἰουδαίων
2469 2799 2547 2858 εἰς
2580 2795 2749 2858 τέλος,
2783 2795 3138 2864 ἔπιθήσονται
3190 2797 3325 2865 ἡμῖν
3357 2797 3404 2848 οἱ
3441 2797 3727 2861 Ῥωμαῖοι,

2159 2889 2253 2940 καὶ
2279 2889 2378 2941 οὐκ
2409 2890 2659 2942 ἐάσουσιν
2687 2891 2836 2959 ἡμᾶς
2865 2891 2978 2950 τοῖς
3031 2887 3305 2958 πατρῴοις
3345 2888 3522 2940 ἔθεσιν
3563 2888 3734 2950 ἀδεῶς

2160 2979 2490 3052 χρήσασθαι,
2515 2979 2640 3032 οὔτε
2675 2980 2768 3033 τοῦ
2805 2980 2934 3032 ἰδίου
2967 2980 3156 3050 ἄρχειν
3187 2979 3394 3043 ἔθνους,
3433 2979 3558 3032 οὔτε
3585 2979 3736 3032 δικά-

479 3089 658 3143 nequc
681 3072 931 3142 judicare
955 3112 969 3136 ,
1005 3072 1219 3142 ipsique
1248 3072 1430 3141 potius
1457 3071 1823 3140 iudicabunt,
1857 3083 1911 3128 et
1944 3090 2049 3128 non

2159 3069 2292 3135 ζειν,
2347 3071 2501 3125 αὐτοὶ
2528 3071 2727 3141 μᾶλλον
2777 3072 3113 3137 δικάζοντες,
3150 3072 3242 3125 καὶ
3275 3073 3371 3140 οὐχ
3421 3072 3581 3141 ἡμεῖς
3630 3070 3732 3123 ἔτι.

478 3167 715 3235 amplius
743 3179 861 3220 nos.
900 3162 1008 3218 Sed
1039 3164 1186 3218 enim
1217 3163 1303 3217 hic
1327 3177 1519 3233 poenas
1552 3163 1822 3219 dederunt
1851 3163 2050 3230 Judaei,

479 3256 606 3309 licet
652 3270 762 3308 non
808 3269 906 3324 pro
951 3253 1220 3322 gravitate
1261 3268 1454 3307 eorum
1501 3267 1623 3322 qua:
1669 3253 1722 3306 in
1765 3253 2049 3309 Christum

478 3344 866 3414 deliquerunt,
923 3341 1195 3408 dederunt
1229 3351 1450 3398 tamen:
1496 3359 1620 3412 qua:
1660 3345 1805 3398 enim
1853 3361 1949 3399 ceu
1984 3345 2053 3400 ad

477 3435 793 3491 evitandum
860 3434 1110 3489 fecerunt
1175 3434 1422 3489 dicentes
1462 3452 1477 3490 :
1507 3451 1526 3485 ι
1560 3433 1616 3488 Si
1645 3435 2053 3494 dimiserimus

475 3531 642 3602 692
677 3531 822 3585 hunc
844 3570 858 3594 ,
893 3529 1125 3583 Romani
1161 3530 1360 3584 tollent
1393 3530 1583 3585 urbem
1616 3538 1672 3584 et
1699 3539 1916 3600 gentem
1949 3545 2060 3602 n‘o-g

480 3629 674 3674 stram.
711 3638 729 3671 ι
762 3619 883 3674 llaec
912 3627 1204 3689 postquam
1237 3618 1487 3675 fecerunt
1509 3657 1524 3683 ,
1568 3635 1680 3674 non
1721 3623 2000 3677 evitarunt
2031 3643 2044 3680 :

478 3712 619 3767 urbe
644 3711 790 3766 enim
820 3727 1012 3767 eorum
1046 3727 1076 3765 a
1113 3711 1380 3767 Romanis
1410 3722 1573 3783 capta
1603 3723 1662 3769 et
1687 3715 1878 3770 diruto
1908 3727 2049 3773 tem-

477 3805 604 3875 plo,
655 3803 761 3874 ipsi
813 3814 1073 3874 tanquam
1121 3805 1267 3859 servi
1312 3805 1644 3862 verberones
1692 3815 1748 3862 et
1797 3809 2048 3880 fugitivi,

478 3894 716 3950 infames
749 3907 802 3948 et
836 3903 1086 3949 errantes
1123 3895 1329 3961 ubique
1363 3893 1603 3965 dispersi
1642 3906 1789 3952 sunt.
1830 3897 2049 3954 Dabunt

385 4017 404 4020 -
476 4002 612 4041 vero
641 3994 697 4042 et
729 3986 840 4041 illic
870 3987 1092 4041 meritas
1125 4001 1350 4056 poenas,
1385 4002 1508 4041 cum
1541 3989 1686 4044 enim
1719 3991 2048 4060 agnoverint

477 4075 877 4131 humanitatem
897 4115 912 4140 ,
949 4078 1124 4130 scient
1153 4077 1452 4142 potentiam
1472 4118 1486 4143 ,
1520 4079 1680 4150 cujus
1706 4089 1761 4135 et
1795 4082 1886 4136 hic
1922 4082 2047 4135 nul-

478 4169 590 4222 lum
621 4167 731 4235 jam
759 4167 1194 4238 experimentum
1228 4177 1514 4237 ceperunt.

549 4254 646 4321 XI,
681 4255 771 4309 49.
825 4253 972 4310 Unus
1001 4264 1176 4309 autent
1205 4269 1269 4308 ea:
1298 4256 1452 4323 ipsis,
1485 4273 1604 4312 cum
1633 4267 1765 4313 esset
1803 4259 2042 4329 pontifex

475 4347 601 4398 anni
632 4345 799 4408 illius,
831 4345 993 4411 dixit,
1013 4355 1124 4400 etc.

550 4435 656 4491 Sed
708 4437 856 4506 quod
893 4439 1109 4492 occulte
1146 4439 1408 4494 dicebant
1445 4449 1499 4494 et
1536 4440 1909 4496 moliebantur
1947 4440 2045 4497 Ju-

476 4529 613 4593 daei,
645 4529 750 4582 hoc
777 4537 967 4599 aperte
996 4531 1187 4588 suadet
1218 4534 1298 4588 eis
1329 4540 1388 4587 ut
1442 4531 1654 4587 faciant
1693 4534 2041 4590 sacerdotum

477 4621 760 4691 princeps,
796 4630 852 4674 et
892 4620 1175 4678 Christum
1213 4625 1582 4689 interficiant,
1621 4634 1883 4696 tanquam
1923 4643 1953 4682 e
1987 4643 2047 4682 re

475 4712 657 4781 gentis
691 4711 796 4766 hoc
829 4712 1020 4769 dicens
1045 4753 1060 4779 ,
1099 4715 1229 4768 licet
1261 4731 1398 4785 gens
1429 4717 1657 4785 injusta.
1687 4716 1752 4770 Et
1777 4733 1892 4772 rem
1923 4719 2047 4789 qui-

476 4802 600 4855 dem
633 4817 817 4856 veram
852 4803 1025 4868 dicit,
1064 4803 1160 4859 sed
1197 4820 1303 4858 non
1337 4820 1404 4859 ex
1431 4821 1622 4860 eorum
1662 4806 2006 4877 malignitate
2029 4849 2044 4874 ,

476 4901 531 4947 at
569 4909 636 4949 ex
674 4892 767 4948 Dei
803 4896 1086 4950 voluntate
1115 4904 1169 4950 et
1199 4896 1469 4965 sapientia
1498 4898 1567 4952 ad
1601 4897 1803 4952 bonum
1835 4900 2047 4956 directa

475 4985 600 5041 fuit.
643 4986 723 5041 llli
756 4989 901 5042 enim
936 4988 1004 5042 ad
1038 5004 1192 5043 suam
1225 4990 1528 5058 perniciem
1559 4989 1848 5046 Christum
1894 4993 2046 5048 occi-

474 5077 718 5134 derunt:
756 5079 845 5133 hic
884 5095 1014 5134 vero
1063 5089 1243 5135 morte
1294 5080 1525 5137 affectus
1574 5084 1878 5138 secundum
1925 5100 2048 5140 car-

473 5181 595 5222 nem
618 5209 634 5233 ,
659 5169 905 5224 omnium
928 5170 1086 5226 nobis
1115 5171 1382 5226 bonorum
1411 5188 1578 5230 causa
1603 5173 1729 5233 fuit.
1755 5175 2042 5232 Excidium

545 5304 622 5374 χι)
663 5303 781 5386 lion
805 5306 924 5363 sine
964 5307 1335 5386 indignatione
1356 5309 1514 5386 leges
1548 5312 1660 5386 ista
1689 5315 1831 5386 apud
1867 5315 2041 5386 Cyril-

479 5372 587 5455 tum
614 5374 682 5455 ad
718 5375 878 5455 Joap.
918 5394 980 5455 x_l_
1008 5394 1021 5430 :
1058 5372 1167 5455 Kal.
1197 5379 1283 5432 ἴνα
1308 5372 1463 5455 αὐτοὶ
1491 5383 1576 5455 ’μὴ
1609 5372 1884 5455 ἰσχύοντες
1912 5372 2040 5455 ’βλέ-

474 5443 570 5524 ψαι
595 5445 684 5524 ἰἱὸν
721 5447 873 5524 οῦδὲν
920 5449 1286 5524 ἀδιιεῄσαντα,
1330 5451 1455 5524 τοῦς
1478 5443 1886 5524 -δυνατῶτέρους
1918 5443 2038 5508 Ξιατ’

473 5514 637 5570 αὑτοῦ
666 5517 968 5586 ἐρεθίσωσι.
1026 5514 1193 5586 thue
1237 5535 1355 5572 cum
1387 5520 1487 5586 ipsi
1519 5539 1620 5575 non
1651 5514 1950 5586 possent—in
1983 5543 2040 5579 os

471 5587 666 5659 intueri
697 5604 811 5640 eum
846 5588 936 5654 qui
981 5587 1111 5640 nihil
1168 5589 1424 5652 iniustum
1454 5590 1681 5658 fecerat,
1722 5597 2037 5659 potentiores

476 5657 871 5728 aduersus‘eunt
901 5659 1179 5711 irritarent
1226 5668 1382 5728 atque
1408 5657 1764 5715 ascenderant.
1825 5664 2038 5728 Quanta

474 5727 618 5778 enim
651 5725 881 5794 ἀϐλεψία
919 5742 1024 5781 non
1065 5725 1372 5798 percepisse
1419 5729 1649 5798 βλάψαι,
1701 5725 1890 5786 laedere
1921 5750 2038 5786 eum

2158 3163 2302 3232 Πλὴν
2334 3164 2381 3216 εἰ
2403 3165 2497 3216 καὶ
2519 3165 2594 3234 μὴ
2625 3164 2806 3232 ἀξίαν,
2837 3158 2911 3218 ὧν
2943 3166 3023 3228 εἰς
3048 3164 3138 3217 τὸν
3179 3163 3454 3233 Δεσπότην
3482 3163 3571 3215 τὸν
3596 3163 3734 3233 Χρι-

2159 3255 2280 3307 στὸν
2319 3255 2573 3326 ἔδρασαν,
2631 3255 2865 3308 ἐνταῦθα
2933 3256 3092 3324 δίκην
3145 3255 3334 3307 ἔδοσαν
3365 3255 3414 3305 οἱ
3448 3253 3729 3314 Ἰουδαῖοι,

2156 3348 2344 3402 ἔδοσαν
2394 3349 2438 3401 δ’
2470 3345 2562 3402 οὖν
2591 3351 2739 3418 ὅμως
2759 3366 2772 3380 ο
2819 3348 2855 3401 ἃ
2889 3348 2997 3418 γὰρ
3025 3347 3100 3410 ὡς
3129 3346 3537 3416 διαφευξὸμενοι
3572 3345 3728 3415 ἔδρα-

2159 3455 2257 3491 σαν
2321 3440 2612 3508 φήσαντες,
2649 3458 2668 3488 ι
2721 3439 2844 3492 Ἐὰν
2896 3437 3123 3506 ἀφῶμεν
3171 3436 3353 3497 αὑτὸν,
3411 3434 3633 3505 ἀροῦσιν
3677 3437 3726 3487 οἱ

2167 3530 2426 3599 Ῥωμαῖοι
2457 3532 2550 3582 καὶ
2579 3529 2676 3600 τὴν
2707 3528 2860 3582 πόλιν
2887 3527 3049 3598 ἡμῶν
3080 3529 3173 3580 καὶ
3200 3526 3262 3579 τὺ
3289 3525 3458 3588 ἔθνος,
3502 3544 3520 3576 ι
3555 3525 3728 3577 ταῦτα

2157 3623 2344 3693 ἐπειδὴ
2370 3622 2636 3692 ἔπραξαν,
2673 3621 2733 3674 οὐ
2783 3621 3058 3688 διέφυγον·
3111 3620 3210 3691 τῆς
3241 3621 3351 3689 γὰρ
3397 3619 3605 3682 πόλεως
3635 3618 3730 3671 αύ-

2155 3713 2264 3767 τῶν
2291 3712 2525 3782 ἀλούσης
2555 3712 2660 3765 ὑπὸ
2693 3700 3001 3781 Ῥωμαίων,
3039 3709 3132 3764 καὶ
3172 3709 3264 3762 τοῦ
3301 3709 3429 3763 ναοῦ
3469 3709 3728 3780 καθαιρε-

2157 3801 2366 3865 θέντος,
2397 3801 2554 3855 αὑτοὶ
2581 3800 2771 3872 ὥσπερ
2815 3800 3102 3872 μαστιγίαι
3145 3801 3288 3864 τινὲς
3321 3801 3415 3852 καὶ
3439 3799 3724 3869 δραπέται,

2154 3891 2339 3961 ἄτιμοί
2381 3906 2440 3944 τε
2470 3892 2565 3944 καὶ
2606 3891 2825 3962 ἀλῆται,
2868 3890 3146 3960 πανταχοῦ
3179 3889 3570 3960 διεσπάρησαν.
3611 3889 3725 3940 Δώ-

2154 3997 2306 4036 σουσι
2330 3980 2388 4034 δέ
2411 3982 2636 4034 κάκεῖσε
2679 3981 2782 4050 τὴν
2821 3979 2999 4043 ἀξίαν
3033 3977 3109 4048 μὴ
3150 3979 3462 4046 ἐπιγνόντες
3491 3978 3598 4048 γὰρ
3628 3977 3727 4048 τὴν

2154 4073 2584 4144 φιλανθρωπίαν,
2618 4075 2854 4126 εἴσονται
2897 4070 2996 4141 τὴν
3040 4069 3308 4135 ἐξουσίαν,
3340 4067 3409 4141 ἦς
3447 4069 3728 4123 κάνταῦθα

2153 4167 2350 4237 πεῖραν
2386 4165 2645 4236 βραχεῖαν
2673 4163 2981 4235 εἰλήφασιν.

2221 4253 2329 4323 Εἷς
2365 4257 2432 4311 δέ
2465 4274 2555 4324 τις
2581 4257 2650 4322 ἐξ
2678 4257 2879 4312 αὐτῶν
2916 4255 3226 4326 ἀρχιερεὺς
3258 4254 3344 4308 ὢν
3380 4253 3486 4308 τοῦ
3531 4253 3729 4307 ἐνιαυ-

2150 4349 2260 4402 τοῦ
2297 4350 2558 4414 ἐκείνου,
2585 4346 2736 4414 εἶπε,
2771 4351 2867 4403 καὶ
2893 4350 2962 4402 τὰ
2986 4347 3136 4417 ἐξῆς.

2237 4440 2375 4494 Ἀλλ’
2403 4443 2540 4510 ὅπερ
2564 4442 2748 4509 ἔλεγον
2766 4441 2889 4512 μὲν,
2923 4442 3060 4510 ὅπερ
3089 4438 3262 4511 λάθρα
3288 4439 3560 4510 ἐμελέτων
3593 4438 3725 4490 ἰου-

2152 4533 2291 4586 δαῖοι
2316 4533 2561 4602 ποιῆσαι,
2590 4531 2750 4585 τοῦτο
2791 4531 3040 4602 φανερῶς
3069 4531 3253 4594 αὐτοῖς
3283 4533 3310 4584 6
3347 4529 3554 4584 τούτων
3586 4530 3724 4598 ἁρχ-

2166 4626 2345 4696 ιερεὺς
2376 4624 2737 4694 συμϐουλεύει
2778 4627 2973 4688 ποιεῖν,
3014 4626 3109 4676 καὶ
3147 4623 3403 4693 φονεῦσαι
3451 4621 3542 4675 τὸν
3594 4623 3728 4689 Χριυ

2157 4716 2300 4778 στὸν,
2345 4715 2420 4780 ὡς
2455 4716 2593 4787 ὑπὲρ
2623 4716 2718 4770 τοῦ
2753 4716 2940 4780 ἔθνους
2990 4716 3146 4769 τοῦτο
3197 4715 3392 4784 λέγων,
3439 4715 3641 4783 καίπερ
3664 4711 3726 4764 τὸ

2153 4807 2303 4873 ἔθνος
2331 4808 2512 4862 ἄδικον
2548 4811 2646 4880 (‘2).
2680 4811 2920 4880 Πρᾶγμα
2965 4808 3022 4862 δὲ
3076 4806 3274 4876 ἀληθές
3317 4822 3502 4876 φησιν,
3533 4805 3633 4858 ούκ
3661 4805 3725 4855 ἐκ

2150 4901 2250 4971 τῆς
2282 4900 2461 4954 αὐτῶν
2489 4901 2817 4970 δυστροπίας
2873 4899 3324 4969 κατωρθωμένον,
3369 4897 3485 4951 ἀλλ’
3530 4899 3594 4948 ἐκ
3626 4894 3726 4964 τῆς

2152 4993 2246 5046 τοῦ
2281 4993 2420 5046 Θεοῦ
2451 4994 2732 5064 δυνάμεως
2759 4993 2854 5046 καὶ
2884 4993 3094 5062 σοφίας.
3129 4996 3190 5046 Ol
3229 4993 3328 5063 μὲν
3359 4992 3468 5062 γὰρ
3498 4993 3584 5042 ἐπ’
3605 4987 3724 5042 ὀλέο

2154 5083 2267 5154 θρῳ
2301 5084 2413 5154 ἰδίῳ
2458 5086 2548 5137 τὸν
2576 5087 2810 5157 Χριστὸν
2861 5085 3212 5149 ἀπέκτειναν,
3241 5085 3269 5136 6
3299 5085 3355 5137 δέ
3393 5081 3724 5144 θανατωθεὶς

2155 5177 2340 5246 σαρκὶ,
2394 5176 2612 5230 πάντων
2651 5179 2783 5248 ἡμῖν
2828 5177 3049 5247 γέγονεν
3104 5179 3275 5242 αἴτιος
3321 5176 3431 5228 τῶν
3477 5173 3719 5242 ἀγαθῶν.

2145 5318 2236 5386 qui
2277 5317 2423 5387 nulla
2472 5315 2675 5387 injuria
2719 5317 3000 5387 affecerat!
3063 5320 3428 5382 COTELERIUS,
3478 5313 3719 5370 Monum.

2149 5388 2294 5440 Eccl.
2321 5386 2439 5451 Gr.,
2471 5386 2532 5451 Il,
2562 5389 2685 5443 θη.

2218 5457 2293 5521 t2)
2330 5460 2412 5511 An
2447 5457 2648 5510 ἀδικῶν
2679 5459 2762 5513 vel
2809 5459 3057 5521 ἀδικοῦν,
3104 5464 3164 5510 ιιι
3191 5457 3292 5517 sit.
3326 5454 3480 5520 Quod
3521 5453 3721 5508 occulte

2147 5527 2500 5580 moliebantur
2527 5526 2706 5599 Judwt’
2727 5569 2741 5594 ,
2783 5532 2879 5584 hoc
2909 5538 3084 5599 aperte
3111 5527 3296 5599 suadet
3327 5527 3399 5578 eis
3426 5538 3482 5577 ut
3515 5526 3723 5599 faciant

2145 5613 2322 5650 eorum
2371 5597 2640 5667 pontifex,
2681 5612 2726 5654 et
2755 5595 3027 5656 Christum
3076 5595 3594 5667 interﬁciant.quasi_
3625 5609 3724 5667 pro

2146 5678 2295 5742 gente
2321 5667 2418 5742 _ltoc
2448 5664 2648 5742 dicens,
2677 5673 2890 5742 qui‘ant
2916 5669 3265 5742 quod_tat_nen_
3286 5673 3498 5742 gentem
3510 5664 3722 5742 injuria

2148 5733 2422 5808 amr-iebat.
2456 5733 2736 5796 Co'rsuzit.
2768 5733 3005 5796 Monum.
3046 5738 3189 5792 Eccl.
3224 5733 3402 5804 Gf.,l,
3432 5733 3557 5788 560.
