4062 6208
314 343 399 401 6‘9

1179 341 1244 395 IN
1274 338 1613 396 JOAN-NESI.
1656 370 1724 380 —
1781 339 1910 396 LIB.
1956 336 2047 394 VII
2084 336 2172 392 ET
2202 337 2313 393 VIII
2358 335 2807 392 FRAGMENTA.
3520 341 3587 394 το

334 457 640 513 Ἆπὼλειαν
678 459 737 513 δὲ
765 460 859 514 τοῦ
892 460 1077 524 ἔθνους
1129 462 1304 524 καλεῖ,
1345 463 1406 515 τὸ
1438 463 1542 516 ὑπὸ
1571 464 1727 533 χεῖρα
1759 461 1911 531 γενέ-

2029 477 2145 516 vero
2182 460 2364 531 gentis
2395 460 2530 513 dicit
2564 459 2753 513 venire
2790 456 2893 513 sub
2945 463 3266 527 potestatem
3315 456 3588 514 llomano-

327 550 455 607 σθαι
481 551 583 623 τὴν
618 548 953 624 Ῥωμαϊκὴν,
1001 552 1096 607 καὶ
1131 553 1429 606 ἀπολέσθαι
1473 554 1574 624 τὴν
1616 553 1709 606 τοῦ
1739 554 1903 624 νόμου

329 641 491 696 σκιάν
518 657 534 671 ·
562 642 702 712 ὅπερ
756 643 1056 713 ἀνατρέψαι
1097 644 1421 715 ζητοῦντες,
1460 646 1778 716 ὑπέμειναν.
1819 644 1909 711 Ἐξ

330 733 536 802 ἀνόμου
571 735 672 802 μὲν
714 730 808 787 οὖν
851 729 974 787 εἷπε
1020 734 1247 807 γνώμης
1287 738 1314 789 ὁ
1356 736 1613 805 Καϊάφας
1661 736 1690 789 ὃ
1733 732 1906 801 εἶπεν,

329 824 480 891 ἰμως
509 825 539 876 6
574 823 729 891 λόγος
778 824 969 893 γέγονε
1019 826 1346 898 πράγματος
1373 826 1608 897 ἀληθοῦς
1640 828 1911 900 ἑρμηνευο

328 914 516 977 τικὸς,
545 913 627 978 ὡς
655 917 713 968 ἐν
755 916 909 983 τάξει
945 916 1382 989 προ[σ]ενεχθεὶς
1413 920 1770 991 προφητείας.
1821 921 1911 985 Ὦς

327 1003 440 1075 γὰρ
472 1004 694 1073 γέγονεν
736 1005 910 1070 αἴτιος
952 1008 1174 1076 ἀγαθῶν
1203 1010 1232 1061 6
1257 1008 1351 1062 τοῦ
1379 1009 1618 1080 Χριστοῦ
1658 1010 1909 1075 Θάνατος,

329 1100 717 1166 προαναφωνεί
763 1097 938 1166 λέγων
968 1098 999 1151 ὃ
1049 1099 1151 1153 οὐκ
1204 1095 1339 1165 οἶδε,
1391 1101 1487 1154 καὶ
1532 1100 1776 1167 δοξάζων
1819 1102 1912 1156 τὸν

328 1187 467 1241 Θεὸν
493 1188 569 1252 ὡς
591 1191 619 1242 ὁ
646 1189 879 1259 Βαλαὰμ
917 1190 1058 1244 κατὰ
1102 1191 1368 1262 ἀνάγκην,
1414 1192 1644 1263 ἐπείπερ
1672 1188 1742 1264 ἦν
1774 1192 1913 1263 ἔχων

328 1279 394 1331 τὸ
446 1280 717 1351 ἱερατικὸν
751 1280 989 1352 ἀξίωμα,
1039 1281 1117 1345 ὼς
1165 1282 1266 1335 οὐκ
1321 1283 1471 1354 αὐτῷ
1518 1283 1769 1354 δοθείσης
1812 1284 1914 1353 τῆς

331 1375 697 1445 προφητείας,
751 1375 889 1428 ἀλλά
919 1375 995 1446 τῷ
1027 1376 1128 1445 τῆς
1175 1376 1478 1449 ἱερωσύνης
1518 1378 1783 1451 χρίσματι
1817 1377 1911 1452 [aL

335 1463 602 1537 σχήματι]
636 1480 650 1495 ·
686 1466 802 1536 ἦτοι
836 1466 895 1532 ἐξ
924 1460 998 1529 ὧν
1024 1465 1249 1537 ὕστερον
1281 1466 1349 1520 τὰ
1394 1470 1655 1541 είρημένα
1695 1471 1917 1537 γέγονεν

337 1555 448 1609 ὑπὸ
500 1556 590 1609 τοῦ
644 1558 867 1625 Καῖάφα
919 1558 1011 1610 καὶ
1050 1558 1255 1629 ἀπέϐη,
1289 1559 1350 1612 οὐ
1399 1562 1615 1625 πάντως
1660 1561 1916 1626 λαϐόντος

341 1646 684 1718 προφητικὴν
712 1649 894 1719 χάριν.
953 1650 1114 1715 Είκὸς
1156 1653 1265 1723 γάρ
1302 1654 1383 1707 ὅτι
1435 1654 1465 1706 ὃ
1510 1653 1731 1708 λαλοῦσι
1772 1671 1918 1719 τινες

336 1740 566 1808 γίνεταιο
600 1742 648 1793 εί
687 1743 784 1795 καὶ
812 1742 887 1813 μὴ
915 1743 1115 1809 ειδότες
1151 1746 1233 1799 ὅτι
1265 1747 1486 1810 πάντως
1511 1746 1684 1814 ἔσται,
1721 1748 1916 1802 λαλοῦ-

338 1846 447 1883 σιν.
483 1831 543 1883 '0
601 1831 700 1900 μὲν
765 1828 858 1885 οὖν
916 1834 1173 1908 Ιςαῖάφας
1237 1837 1375 1909 ὑπὲρ
1434 1838 1607 1907 μόνων
1649 1838 1917 1893 Ἰουδαίων

2015 568 2173 616 rum,
2218 558 2272 605 et
2306 551 2491 620 perire
2525 549 2776 604 umbram
2815 548 2951 620 legis
2975 588 2989 610 .
3026 547 3171 618 quod
3211 559 3459 602 avertere
3489 566 3587 603 cu-

2017 646 2230 714 pientes
2253 683 2267 707 ,
2307 644 2688 697 incurrerunt.
2727 639 2790 694 Et
2824 642 3046 711 quidem
3082 641 3375 710 ex-iniqua
3407 652 3591 695 mente

2017 737 2235 790 locutus
2268 742 2355 789 est
2395 733 2635 804 Caiphas
2689 733 2832 801 quod
2891 733 3110 788 locutus
3162 740 3292 801 est;
3346 740 3589 786 attamen

2018 840 2201 881 sermo
2227 826 2346 894 ejus
2379 825 2458 878 rei
2489 838 2633 879 verae
2682 823 2954 893 interpres
3008 824 3256 884 exstitit.
3311 823 3473 877 veluti
3534 824 3588 877 in

2017 917 2210 973 ordine
2261 916 2564 988 prophetiae
2618 916 2958 970 enuntiatus.
3023 914 3179 982 Quod
3235 915 3379 969 enim
3441 929 3591 968 mors

2019 1011 2229 1067 Christi
2264 1014 2535 1065 bonorum
2578 1024 2743 1088 causa
2785 1008 2926 1072 fuit,
2971 1008 3223 1078 przcdixit
3264 1009 3497 1076 loquens
3538 1005 3590 1060 id

2021 1103 2166 1175 quod
2208 1103 2501 1174 ignorabat
2543 1110 2597 1157 et
2642 1101 2931 1156 Dominum
2977 1100 3325 1170 gloriﬁcans,
3377 1107 3431 1152 ut
3491 1098 3593 1152 Ba-

2020 1196 2160 1250 laam
2190 1195 2259 1260 ",
2294 1209 2359 1249 ex
2394 1193 2759 1259 necessitate,
2797 1192 3058 1263 quoniam
3089 1191 3382 1246 sacerdotii
3417 1191 3596 1253 digni-

2022 1293 2187 1340 tatem
2222 1286 2540 1347 obtinebat.
2577 1299 2687 1338 non
2720 1292 2985 1354 tanquam
3022 1283 3069 1337 ei
3104 1282 3227 1336 data
3262 1282 3546 1352 prophetia
3573 1322 3589 1343 ,

2022 1378 2117 1433 sed
2168 1378 2461 1432 sacerdotii
2502 1376 2830 1430 functione:
2880 1376 2997 1431 sive
3043 1377 3189 1445 quod
3241 1374 3590 1444 postmodum

2020 1484 2143 1537 qua
2194 1469 2341 1522 dicta
2388 1460 2608 1522 fuerant
2633 1483 2662 1521 a
2687 1466 2895 1538 Caipha
2927 1475 3252 1530 evenerunt,
3289 1467 3385 1520 illo
3418 1466 3595 1520 nulla-

2004 1562 2182 1616 tenus
2218 1560 2596 1630 propheticam
2626 1559 2862 1629 gratiam
2894 1559 3114 1627 adepto.
3150 1556 3592 1613 Consentaneum

2021 1661 2105 1709 est
2160 1653 2303 1707 enim
2360 1659 2419 1705 ut
2467 1651 2612 1721 quod
2664 1651 2886 1722 quidam
2939 1651 3243 1718 loquuntur
3293 1649 3386 1703 ﬁat
3420 1690 3434 1714 ,
3488 1650 3597 1704 etsi

2023 1746 2175 1799 nullo
2194 1744 2356 1798 modo
2385 1743 2567 1799 sciant
2593 1744 2739 1815 quod
2768 1738 2993 1798 omnino
3025 1741 3271 1796 futurum
3292 1742 3382 1797 sit.
3403 1740 3594 1795 Enim—

2022 1851 2154 1891 vero
2198 1835 2440 1906 Caiphas
2489 1836 2712 1890 dicebat
2763 1849 2859 1905 pro
2915 1834 3048 1889 solis
3092 1832 3301 1888 Iudaeis
3353 1832 3596 1887 futuram

337 1920 527 1990 ἔλεγεν
560 1920 778 1977 ἔσεσθαι
808 1924 898 1978 τὸν
924 1926 1162 1998 Χριστοῦ
1200 1927 1454 1992 θάνατον,
1490 1931 1518 1982 ό
1541 1929 1598 1983 δὲ
1632 1930 1773 2003 ὑπὲρ
1812 1932 1917 1985 πά-

2029 1927 2225 1983 Christi
2261 1936 2494 1982 mortem
2522 1944 2536 1981 :
2576 1927 2669 1981 hic
2701 1940 2832 1980 vero
2864 1941 2990 1980 eum
3030 1926 3200 1982 fuisse
3234 1926 3306 1979 ait
3338 1940 3439 1995 pro
3468 1925 3598 1979 uni-

342 2030 446 2085 σης
478 2015 639 2068 αὐτόν
681 2033 815 2087 φησι
865 2018 1117 2086 γενέσθαι
1146 2020 1247 2091 τῆς
1286 2022 1723 2093 ἀνθρωπότητος.
1756 2023 1921 2087 Γένος

340 2105 449 2176 μὲν
490 2104 600 2174 γὰρ
642 2108 740 2160 καὶ
789 2108 955 2183 τέκνα
1005 2108 1139 2163 Θεοῦ
1189 2110 1431 2174 ἅπαντες
1480 2111 1915 2183 χρηματίζομεν,

339 2196 479 2251 καθὸ
509 2198 723 2251 πάντων
768 2180 891 2251 ἐστῖ
934 2202 1123 2271 Πατὴρ
1162 2201 1349 2273 τρόπῳ
1385 2180 1760 2274 δημιὼργικῷ
1796 2180 1919 2271 γεν-

341 2290 536 2359 νήσας,
569 2291 665 2342 xui.
716 2290 941 2359 ἀγαγὼν
984 2290 1177 2363 ὥσπερ
1209 2294 1288 2357 είς
1321 2292 1554 2365 ὕπαρξιν
1586 2293 1654 2347 τὰ
1678 2294 1779 2346 οὐκ
1832 2293 1920 2347 ὃν·

339 2397 413 2433 τα
437 2380 534 2451 (1)*
568 2381 647 2434 ἔτι
694 2381 753 2435 δὲ
790 2383 884 2434 καὶ
920 2384 1003 2435 ὅτι
1049 2385 1171 2436 κατ’
1216 2384 1400 2457 εἰκόνα
1447 2384 1611 2437 αὐτοῦ
1657 2384 1923 2455 ἐτιμήθη-

348 2487 450 2540 μεν
490 2473 770 2539 γεγονότες
802 2471 860 2536 ἐξ
906 2473 1102 2544 ἀρχῆς,
1151 2476 1245 2527 καὶ
1294 2477 1481 2546 ἄρχειν
1524 2477 1780 2546 λαχόντες
1812 2475 1921 2529 τῶν

350 2561 452 2613 ἐπὶ
476 2563 602 2630 γῆς,
632 2564 724 2615 καὶ
751 2565 977 2628 εὐτόνως
1007 2566 1105 2637 τὴν
1142 2566 1346 2637 ἀρετὴν
1382 2567 1757 2638 ἐργαζόμενοι.
1778 2567 1919 2620 Ἀλλ’

352 2652 681 2723 ἐσκόρπισεν
711 2658 740 2708 6
766 2656 1022 2723 Σατανᾶς,
1061 2659 1121 2710 ὲν
1150 2656 1332 2728 ταυτῷ
1372 2662 1549 2729 μεῖναι
1585 2659 1661 2731 μὴ
1704 2676 1922 2732 συγχω-

348 2745 547 2817 ρήσας,
580 2747 669 2799 καὶ
705 2737 1150 2822 ἀποϐοῦκολήσας
1175 2751 1528 2823 πολυτρόπως
1551 2752 1651 2823 τῆς
1682 2754 1760 2817 είς
1790 2752 1924 2806 Θεὸν

346 2834 709 2905 προσεδρείας
754 2838 846 2891 τὸν
896 2838 1202 2912 ἄνθρωπον·
1254 2844 1614 2912 συνεισήγαγε
1660 2843 1717 2896 δὲ
1761 2843 1923 2896 πάλιν

344 2927 444 2979 καὶ
477 2930 801 2998 συνεκόμισε
842 2931 1049 2994 πάντας
1083 2931 1169 2984 διὰ
1206 2932 1309 3001 τῆς
1342 2931 1577 2996 πίστεως
1620 2935 1648 2987 6
1690 2934 1925 3003 Χριστὸς

346 3019 431 3081 είς
463 3017 588 3088 μίαν
618 3019 787 3091 αὐλὴν
811 3022 901 3074 καὶ
920 3020 1016 3092 τὴν
1032 3020 1379 3092 Ἐκκλησίαν,
1398 3025 1490 3077 καὶ
1520 3024 1625 3077 ὑπὸ
1648 3023 1810 3094 ζυγὸν
1829 3025 1927 3079 ἕνα

348 3110 757 3180 παρεσκεύασε,
793 3113 1011 3166 πάντων
1040 3111 1099 3166 ἓν
1120 3113 1446 3182 γεγονότων,
1485 3115 1775 3181 Ἰουδαίων,
1810 3115 1927 3169 Ἐλ-

347 3202 548 3273 λήνων,
584 3203 898 3275 βαρϐάρων,
949 3205 1191 3273 Σκυθῶν,
1225 3207 1322 3262 καὶ
1362 3208 1442 3279 εἰς
1493 3206 1591 3261 ἕνα
1619 3206 1806 3260 καινὸν
1831 3199 1945 3262 ἄν-’

2022 2034 2186 2075 versa
2220 2019 2460 2073 humana
2496 2027 2719 2073 natura.
2765 2006 2976 2073 Etenim
3019 2032 3194 2088 genus
3243 2024 3295 2071 et
3353 2016 3450 2070 ﬁlii
3501 2015 3596 2069 Dei

2024 2123 2219 2165 omnes
2248 2108 2552 2164 audimus"
2583 2148 2598 2172 ,
2626 2115 2898 2177 quatenus
2927 2116 3011 2163 est
3041 2107 3285 2162 omnium
3315 2104 3478 2160 Pater
3505 2106 3598 2176 qui

2027 2215 2124 2270 per
2157 2201 2380 2256 modum
2412 2199 2629 2271 opiﬁcis
2646 2202 2861 2270 genuit,
2885 2208 2937 2254 et
2972 2200 3027 2254 in
3059 2198 3475 2253 subsistentiam
3513 2213 3600 2251 rc-

2026 2292 2182 2346 duxit
2208 2307 2271 2347 ea
2303 2308 2423 2361 qua:
2455 2308 2562 2346 non
2593 2300 2772 2347 erant.
2810 2292 3038 2362 Insuper
3068 2292 3196 2362 quia
3226 2291 3338 2360 jam
3374 2290 3501 2345 inde
3531 2290 3601 2344 ab

2028 2384 2190 2437 initio
2221 2383 2291 2437 ad
2327 2384 2622 2453 imaginem
2651 2384 2774 2453 ejus
2808 2382 2936 2438 facti
2974 2383 3342 2451 honoratique
3374 2397 3597 2443 sumus,

2028 2474 2205 2528 sortiti
2240 2484 2505 2543 praeterea
2530 2476 2776 2527 omnium
2812 2490 2935 2542 qum
2964 2474 3019 2527 in
3052 2483 3195 2528 terra
3248 2481 3380 2527 sunt
3432 2472 3601 2540 impe-

2029 2564 2168 2617 rium
2197 2603 2212 2629 ,
2248 2572 2512 2631 rectoque
2548 2570 2739 2617 tenore
2778 2563 3039 2617 virtutem
3091 2570 3437 2616 ever-centes.
3495 2560 3601 2614 Sed

2029 2654 2323 2724 dissipavit
2355 2669 2453 2707 nos
2474 2655 2730 2718 Satanas,
2750 2654 2940 2707 eodem
2966 2659 3110 2708 statu
3144 2668 3465 2723 permanere
3494 2668 3602 2706 non

2030 2762 2233 2819 passus
2255 2787 2269 2811 ,
2305 2748 2585 2815 variisque
2616 2745 2834 2800 teclmis
2862 2752 2915 2799 et
2950 2744 3245 2799 fraudibus
3271 2785 3285 2809 ,
3332 2761 3399 2799 ne
3439 2749 3605 2799 homo

2030 2848 2298 2911 perpetuo
2345 2836 2452 2891 Deo
2486 2836 2790 2891 adlirel'eret
2812 2876 2827 2901 ,
2863 2836 3031 2891 evicit
3064 2855 3076 2891 :
3112 2854 3307 2893 rursus
3344 2855 3471 2892 vero
3502 2853 3605 2893 nos

2031 2929 2383 3000 congregavit
2414 2936 2469 2983 et
2501 2928 2745 2999 collegit,
2774 2944 2966 2984 omnes
3002 2929 3055 2983 in
3082 2945 3243 2984 unam
3290 2932 3501 2986 caulam
3549 2939 3603 2983 et

2032 3013 2338 3070 Ecclesium
2367 3013 2531 3087 693
2563 3031 2658 3084 per
2693 3016 2852 3069 Iidem
2885 3015 3147 3070 Christus
3178 3018 3498 3084 collocavit,
3528 3018 3603 3073 ita

2033 3113 2093 3160 ut
2123 3120 2315 3160 omnes
2343 3106 2396 3159 in
2428 3121 2595 3159 unum
2628 3105 2758 3159 facti
2802 3105 2913 3159 sint
2952 3103 3157 3173 Judaei,
3217 3104 3425 3168 Grzcci.
3475 3109 3608 3163 bar-

2037 3198 2154 3252 bari
2177 3237 2191 3257 ,
2226 3196 2441 3268 Scythae
2462 3237 2476 3262 ,
2507 3204 2560 3251 et
2589 3197 2644 3250 in
2673 3212 2842 3250 unum
2875 3212 3074 3251 novum
3112 3197 3390 3255 hominem
3428 3200 3576 3256 refor
3603 3231 3608 3237 -

348 3291 568 3364 θρωπον
620 3293 1136 3366 άναπλαττομένων,
1190 3297 1284 3350 καὶ
1337 3296 1787 3367 προσκυνούντων
1832 3294 1924 3350 ἕνα

2035 3289 2168 3344 mali
2206 3289 2274 3355 ",
2306 3297 2364 3344 et
2399 3304 2567 3342 unum
2600 3286 2771 3343 Deum
2808 3288 3057 3344 adorent.

348 3384 506 3438 Θεόν.
1442 3418 1449 3423 ο

420 3480 535 3549 Οὐχ
566 3478 639 3542 ὡς
670 3478 747 3550 (2)
776 3478 921 3533 κατὰ
952 3478 1167 3550 πνεῦμα
1198 3479 1536 3551 προφητείας
1572 3479 1677 3534 ὑπὸ
1708 3480 1933 3550 Καῖάφα

352 3571 554 3645 ἐρρέθη
572 3589 587 3600 ·
618 3573 678 3625 οὐ
705 3572 815 3642 γὰρ
846 3573 906 3625 τὸ
936 3572 1155 3643 πνεῦμα
1182 3572 1243 3624 τὸ
1273 3573 1612 3644 προφητικὸν
1639 3573 1934 3645 ὲπιὸσυλὴν

355 3664 637 3733 συνίστησι
665 3662 808 3717 κατὰ
844 3662 1112 3734 Χριστοῦ,
1154 3662 1295 3717 ἀλλὰ
1325 3664 1467 3718 κατά
1493 3681 1615 3719 τινα
1645 3666 1934 3736 συντυχίαν

354 3753 434 3823 τῷ
476 3754 671 3826 ἁληθεῖ
719 3755 811 3807 καὶ
857 3753 1211 3826 γενησομένῳ
1251 3755 1539 3826 πράγματι
1592 3756 1931 3827 συνδραμόν-

359 3844 709 3915 συγχωρηθὲν
742 3843 893 3915 αὐτῷ
921 3844 1021 3915 τῆς
1065 3843 1322 3914 τοιαύτης
1358 3843 1659 3913 ἐπιψαῦσαι
1700 3844 1824 3898 καθ’
1852 3845 1934 3898 ὅτι

355 3931 425 4008 ἦν
456 3936 774 4007 ἀρχιερεὺς,
829 3936 915 3989 ἵνα
942 3935 1032 3988 διά
1072 3935 1166 3988 τοῦ
1195 3935 1460 4005 στόματος
1504 3933 1672 3988 αὐτοῦ
1702 3934 1936 4006 φανερὸν

358 4028 587 4099 γένηται
612 4026 674 4079 τὸ
688 4029 1070 4100 κεκρυμμένον
1094 4028 1209 4090 τοῖς
1235 4026 1542 4098 ἀνθρώποις
1572 4026 1678 4090 ἕως
1695 4026 1821 4080 τότε
1842 4026 1937 4080 καὶ

359 4119 558 4192 άγνοού
566 4138 745 4191 μενον.

445 4212 562 4266 Ἀπ’
594 4212 836 4279 ἐκείνης
863 4207 978 4267 οὖν
1014 4208 1124 4279 τῆς
1151 4208 1307 4280 ὥρας
1344 4208 1936 4275 αυκεϐουλεύσαντο,

364 4304 465 4359 ἵνα
494 4305 933 4360 ἀποκτείνωσιν
963 4305 1172 4359 αὐτόν.

434 4393 594 4467 Εἶχον
627 4396 726 4471 μὲν
754 4396 864 4466 γὰρ
916 4395 1016 4466 τὴν
1058 4393 1353 4464 ἐπιθυμίαν
1392 4394 1493 4465 τῆς
1522 4393 1664 4447 κατὰ
1702 4390 1939 4463 Χριστοῦ

370 4488 702 4559 μιαιφονίαςο
740 4487 851 4541 ἀπὸ
876 4487 934 4540 δὲ
964 4485 1059 4538 τοῦ
1102 4484 1292 4557 καιροῦ
1324 4484 1449 4539 καθ’
1474 4484 1534 4538 ὃν
1575 4485 1637 4538 τὸ
1664 4484 1971 4556 συνέδριονσ

2050 3458 2063 3467 “
2102 3466 2221 3521 Non
2261 3464 2589 3536 prophetico
2623 3463 2825 3535 spiritu
2857 3463 3095 3536 Caiphas
3124 3464 3344 3522 locutus
3383 3475 3487 3530 est,
3513 3484 3609 3522 ne-

2033 3575 2139 3630 que
2188 3558 2337 3614 enim
2401 3557 2703 3627 prophetia:
2780 3558 3012 3627 spiritus
3084 3558 3316 3614 insidias
3385 3558 3609 3614 Christo

2034 3651 2234 3717 Struit;
2269 3648 2368 3705 sed
2394 3662 2530 3704 casu
2556 3648 2801 3720 quodam
2827 3649 2881 3704 in
2919 3666 3032 3706 rem
3065 3665 3246 3706 veram
3280 3658 3334 3707 et
3367 3666 3489 3706 mox
3521 3651 3608 3705 fu-

2033 3750 2216 3798 turam
2280 3741 2753 3812 incurrit:eique
2809 3754 3143 3797 concessum
3202 3741 3305 3796 l‘uit
3362 3743 3417 3796 in
3471 3742 3611 3797 hanc

2034 3833 2424 3905 cogitationem
2466 3832 2688 3897 venire,
2738 3839 3019 3902 quatenus
3068 3830 3320 3902 pontifex
3366 3841 3508 3899 erat,
3546 3838 3610 3886 ut

2034 3941 2130 3983 ore
2174 3926 2296 3996 ejus
2335 3940 2423 3981 res
2456 3923 2777 3981 hominibus
2814 3923 3083 3979 hactenus
3123 3924 3341 3979 occulta
3371 3932 3427 3981 et
3451 3926 3611 3994 igno-

2034 4024 2155 4072 rata
2182 4017 2487 4088 patefieret.

2106 4209 2181 4266 XI
2203 4252 2218 4276 ,
2259 4211 2348 4267 55.
2381 4210 2460 4264 Ab
2488 4210 2580 4265 illo
2608 4227 2731 4281 ergo
2764 4211 2851 4266 die
2883 4166 3368 4282 cogitaverucnt,’ut
3406 4215 3612 4284 interﬁ-

2038 4315 2213 4361 carent
2239 4321 2381 4360 eum.

2110 4397 2416 4455 lncesserat
2470 4396 2693 4468 quidem
2751 4395 2860 4453 illis
2892 4397 3099 4453 Christi
3134 4396 3422 4453 occidendi
3454 4400 3613 4472 cupi-

2045 4494 2192 4550 ditas
2222 4512 2237 4562 ;
2270 4492 2365 4549 sed
2397 4507 2461 4548 ea
2493 4493 2642 4548 velut
2672 4492 2895 4547 initium
2928 4493 3125 4549 habuit
3154 4494 3224 4549 ab
3252 4510 3319 4550 eo
3367 4504 3618 4567 tempore

369 4580 610 4650 γέγονεν,
642 4578 818 4650 ἀρχὴν
870 4577 1059 4648 ὥσπερ
1108 4576 1288 4642 ἔλαϐε,
1337 4575 1789 4646 δημοσιευθείσης
1838 4576 1924 4645 τῆς

2044 4601 2154 4657 quo
2199 4584 2491 4641 consilium
2542 4584 2739 4639 initum
2785 4594 2905 4648 est,
2956 4587 3201 4640 omnium
3250 4586 3454 4644 animis
3501 4600 3615 4643 tum

370 4673 621 4727 ἁπάντων
667 4673 747 4733 είς
809 4668 969 4723 τοῦτο
1029 4669 1409 4731 συναινέσεως.
1466 4667 1539 4721 οὐ
1586 4667 1696 4738 γὰρ
1724 4662 1875 4720 εἶπεν
1910 4665 1941 4717 6

377 4761 781 4831 εὐαγγελιστὴς,
831 4761 913 4814 ὅτι
958 4760 1055 4813 ἀπ’
1098 4760 1313 4830 ἐκείνης
1360 4760 1458 4830 τῆς
1497 4756 1647 4830 ὥρας
1693 4756 1943 4812 ἐϐουλεύ-

376 4871 537 4909 σαντο
588 4856 809 4926 ποιῆσαι
855 4853 946 4906 τὸν
999 4853 1181 4922 φόνον,
1242 4850 1381 4905 ἀλλὰ
1429 4849 1938 4917 συνεϐουλεύσαντο,

371 4946 516 5001 τοῦτ’
545 4946 710 5013 ἔστιν,
741 4947 882 5016 ὅπερ
913 4944 992 5017 τῷ
1019 4945 1144 4999 καθ’
1167 4944 1399 4998 ἕκαστον
1428 4943 1623 5009 ἐδόκει,
1653 4945 1804 5014 κοινῇ
1832 4943 1942 4996 πᾶ-

373 5056 453 5093 σιν
478 5040 696 5110 ἤρεσεν.
1256 5030 1263 5033 ’

452 5130 660 5199 Ἑγγὺς
694 5130 763 5183 δὲ
804 5127 917 5197 τῆς
944 5127 1167 5197 ἐρήμου
1196 5126 1474 5195 διατρίϐει
1499 5124 1651 5197 μετὰ
1683 5123 1801 5179 τῶν
1826 5141 1943 5195 μα-

368 5219 587 5288 θητῶν.

436 5311 551 5365 Καὶ
575 5310 809 5366 ἐνταῦθα
823 5310 1002 5364 τοίνυν
1021 5311 1099 5373 ὡς
1135 5309 1407 5363 Ἰουδαίων
1427 5310 1720 5382 ὑποχωρεῖ,
1748 5310 1809 5363 οὐ
1832 5309 1943 5363 δει-

2048 4678 2267 4732 demum
2314 4676 2369 4730 in
2425 4676 2530 4729 hoc
2576 4675 3048 4746 couspirantibus.
3108 4676 3226 4732 Non
3280 4679 3425 4733 enim
3477 4680 3621 4736 dixit

2048 4768 2385 4838 evangelista
2411 4806 2426 4830 ,
2459 4767 2527 4821 ab
2561 4768 2654 4820 illa
2693 4767 2825 4821 hora
2856 4768 2953 4823 eo's
2984 4769 3149 4824 caedis
3192 4767 3459 4835 faciendae
3486 4787 3621 4828 con-

2047 4860 2230 4917 silium
2259 4860 2508 4930 cepisse,
2541 4858 2638 4914 sed
2670 4858 2835 4915 simul
2871 4868 2924 4915 et
2957 4860 3249 4917 universos
3288 4861 3356 4916 de
3398 4878 3460 4917 ea
3487 4879 3620 4918 con-

2047 4951 2285 5007 sultasse
2313 4968 2326 5004 :
2360 4952 2465 5006 hoc
2497 4961 2609 5015 est,
2645 4951 2792 5021 quod
2841 4952 3097 5021 privatim
3130 4952 3367 5023 singulis
3398 4954 3621 5012 videba.

2048 5050 2163 5103 tur.
2195 5042 2249 5096 in
2283 5057 2576 5097 commune
2606 5043 2865 5097 omnibus
2897 5042 3195 5113 placuisse.

2116 5131 2186 5187 XI
2208 5172 2223 5197 ,
2250 5131 2337 5187 54.
2373 5131 2543 5187 Juxta
2569 5132 2835 5187 desertum
2866 5150 2982 5189 vero
3003 5131 3143 5204 degit
3169 5150 3288 5188 cum
3319 5135 3619 5204 discipulis.

2120 5309 2182 5364 Et
2214 5309 2301 5364 hic
2331 5309 2551 5378 quidem
2581 5309 2788 5366 recedit
2828 5324 2856 5363 a
2883 5307 3090 5367 Iudaeis
3110 5350 3125 5375 ,
3154 5324 3263 5366 non
3292 5311 3405 5366 ullo
3436 5330 3577 5369 metu
3597 5350 3617 5380 ,

440 5429 491 5461 '°
527 5427 686 5482 Num.
759 5444 914 5493 xm.
946 5428 971 5482 1
1012 5444 1132 5498 sqq.
1209 5428 1255 5459 ’ί
1294 5426 1310 5479 I
1346 5425 1515 5517 Joan.‘
1541 5444 1635 5493 ιη,
1672 5429 1723 5486 1.
1798 5431 1843 5462 δ’
1874 5430 1924 5502 El

2029 5448 2073 5488 s.
2108 5448 2176 5498 Il,
2208 5427 2392 5484 l5-l6.

445 5599 526 5670 (Ι)
554 5595 680 5661 Ed.,
704 5594 927 5670 ἀγαγὼν
957 5594 1146 5665 ὥσπερ
1167 5635 1181 5650 .
1209 5633 1262 5670 ε-.
1295 5636 1309 5649 .
1338 5635 1357 5670 ,Α
1381 5634 1395 5649 .
1427 5593 1495 5647 τά
1519 5594 1620 5647 οὐκ
1638 5590 1946 5670 δνταιειιιη

369 5660 575 5724 lacuna
618 5660 837 5734 punctis
888 5660 1167 5720 denotata.
1211 5664 1409 5721 llestit.
1437 5680 1501 5720 ex
1543 5671 1735 5718 catena
1766 5660 1943 5718 Vatic.

371 5754 469 5810 ap.
505 5738 606 5793 Mai
629 5736 786 5798 ibid.,
814 5750 868 5806 ιδ.
906 5735 1027 5789 155.

2058 5596 2358 5721 [οιθῖᾇξὺκ
2400 5593 2473 5662 ὡς
2507 5632 2519 5647 '
2548 5630 2563 5647 ‘
2589 5632 2602 5646 '
2635 5632 2648 5647 '
2670 5592 3094 5664 ἀγνοούμενον.
3121 5595 3198 5650 Ex
3217 5603 3406 5650 catena
3420 5589 3625 5665 Vatia,
