4062 6208
446 329 507 384 ﬂ
1429 315 1486 371 S.
1528 314 1799 372 CYRlLLl
1844 313 2316 369 ALEXANDRINI
2354 310 2678 369 ARCIIIEP.
3634 313 3709 368 ’ἲὲ

443 441 540 501 sed
569 457 641 498 nc
670 439 922 497 videatur
950 451 1045 494 eos
1080 434 1377 507 praesentia
1405 450 1504 492 sua
1530 438 1773 501 irritare,
1804 433 1915 503 jam
1949 432 2016 488 ad

2121 433 2335 498 λιάσας,
2366 434 2502 488 ἁλλά
2525 421 2529 426 ’
2552 434 2639 489 ἵνα
2691 433 2767 504 μὴ
2813 432 2940 505 δόξῃ
2972 428 3250 504 ὅρῶμενος
3292 432 3561 503 ἐρεθίζειν
3599 434 3699 488 αύ-

446 536 650 591 caedem
681 534 962 588 incensos.
996 529 1168 585 llocet
1192 528 1359 584 etiam
1395 542 1495 582 nos
1522 527 1718 581 cedere
1745 527 2019 580 iratorum

2121 526 2268 589 τοὺς,
2302 528 2506 597 καίπερ
2537 525 2833 595 φονῶντας.
2866 524 3119 579 Διδάσκει
3147 524 3206 578 δὲ
3239 525 3334 578 καὶ
3361 527 3514 596 ἡμᾶς
3542 526 3698 580 ὑπεί-

445 626 747 686 furoribus,
781 638 883 679 nec
899 623 1173 693 projicere
1200 635 1304 675 nos
1336 619 1391 673 in
1429 619 1672 688 pericula
1706 617 1921 673 etiamsi
1954 617 2019 672 de

2123 633 2239 669 κειν
2279 621 2398 680 ταῖς
2440 617 2548 669 τῶν
2578 616 2946 688 ὀργιζομένων
2977 618 3203 688 ἀκμαῖς,
3234 618 3329 670 καὶ
3377 617 3451 688 μὴ
3486 619 3697 690 ἐπιρρί-

445 719 681 774 veritate
735 722 955 787 agatur,
987 713 1085 768 sed
1141 711 1527 783 deprehensos
1567 709 1792 780 quidem
1834 708 2019 763 consi-

2124 725 2277 760 πτειν
2339 708 2565 771 ἑαυτοὺς
2608 711 2722 772 τοῖς
2769 708 3056 771 κινδύνοις,
3108 709 3231 779 μηδ’
3281 707 3348 763 ἂν
3412 709 3555 781 ὑπὲρ
3595 710 3696 777 τῆς

447 806 817 874 ειετο,ἐηεεα
847 821 974 860 vero
1004 805 1315 860 detrectare
1341 809 1569 872 propter
1595 803 1836 856 incertos
1862 816 2019 856 even-

2124 800 2380 869 ἀληθείας
2404 794 2558 856 ὦσινο
2586 800 2722 854 ἀλλά
2770 800 3353 871 καταλαμϐανομένους
3396 802 3517 870 μὲν,
3545 803 3697 856 ἵστα-

448 911 556 956 tus.
586 900 667 955 Ad
695 913 921 955 sensum
970 911 1102 952 vero
1153 896 1453 967 mysticum
1501 893 1833 956 dicendum,
1887 893 2018 947 olim

2127 890 2270 944 σθαι·
2298 891 2587 961 μέλλοντας
2604 890 2678 956 δὲ,
2711 889 3055 954 ἀναδύεσθαι,
3080 890 3168 944 διὰ
3196 890 3257 944 τὸ
3286 892 3386 961 τῆς
3416 892 3696 955 ἐκϐάσεως

446 991 666 1062 quidem
700 988 888 1045 Jesum
926 988 1105 1043 libere
1134 987 1454 1042 ambulasse
1489 986 1544 1040 in
1579 985 1776 1039 mediis
1814 984 2022 1040 Judaeis

446 1100 543 1154 per
569 1085 866 1153 prophetas
888 1119 903 1144 ,
932 1095 1080 1135 nunc
1102 1094 1232 1135 vero
1261 1094 1629 1149 nequaquam.
1660 1076 1847 1148 Neque
1874 1077 2018 1132 enim

448 1177 505 1230 in
548 1175 627 1229 eis
673 1184 757 1229 est
788 1174 1015 1229 verbum
1051 1172 1145 1231 Dei
1169 1211 1184 1236 ,
1221 1173 1317 1228 sed
1361 1173 1432 1227 ab
1465 1172 1532 1226 iis
1575 1171 1816 1226 abcessit
1846 1170 1901 1224 in
1934 1184 2022 1223 so-

447 1268 734 1322 litudinem
763 1305 779 1330 ,
842 1266 910 1321 de
959 1281 1068 1335 qua
1114 1264 1318 1319 dicitur
1350 1282 1362 1317 :
1398 1282 1417 1314 ι
1453 1261 1607 1317 Multi
1660 1262 1756 1316 lilii
1790 1261 2022 1317 desertze

447 1360 622 1430 magis
676 1374 844 1429 quam
901 1358 1023 1427 ejus
1057 1373 1177 1426 qua:
1210 1357 1375 1410 habet
1405 1357 1583 1409 virum
1618 1356 1685 1408 ⁸³.
1717 1374 1735 1406 ›
1762 1355 2018 1425 Ephraim

446 1453 741 1523 exponitur
790 1450 1139 1520 fructiﬁcatio
1160 1490 1176 1512 ,
1215 1448 1383 1502 frater
1410 1448 1687 1503 exsistens
1722 1446 1977 1502 Manasse
1998 1485 2017 1509 ,

446 1544 684 1600 senioris
711 1544 833 1612 ejus
861 1543 956 1612 qui
986 1543 1057 1597 ab
1104 1542 1395 1607 oblivione;
1429 1548 1552 1611 post
1584 1540 1843 1611 p0pulum
1872 1541 2019 1596 enim

446 1634 514 1690 ab
566 1637 845 1691 oblivione
890 1637 1074 1706 genita
1102 1644 1189 1690 est
1222 1635 1466 1706 gentium
1502 1634 1875 1690 fructiﬁcatio.

519 1806 620 1873 XI,
664 1807 751 1863 55.
790 1806 1110 1863 Proximum
1143 1817 1321 1863 autem
1364 1818 1480 1864 erat
1536 1808 1753 1864 Pascha
1797 1808 2020 1864 Judazo-

449 1916 600 1963 rum,
637 1910 685 1954 et
718 1901 1066 1956 ascenderunt
1101 1902 1259 1956 multi
1291 1901 1722 1973 Hierosolymam
1744 1941 1761 1968 ,
1794 1911 1851 1955 ut
1878 1902 2025 1971 puri-

447 1991 667 2059 ﬁcareut
694 1993 914 2061 seipsos.

518 2074 962 2137 P'raatcrcurrens
998 2084 1182 2138 omnia
1216 2086 1593 2155 evangelista,
1625 2085 1694 2139 ad
1742 2086 2021 2157 passionis

446 2176 664 2238 tempus
696 2169 863 2226 venit.
893 2168 1212 2226 Judmorum
1250 2188 1381 2226 vero
1412 2172 1625 2227 Pascha
1677 2182 1836 2229 vocat
1874 2176 2021 2245 quod

447 2270 531 2315 cst
563 2261 616 2314 iu
653 2260 827 2331 ﬁgura
858 2277 872 2313 :
913 2277 1038 2316 nam
1073 2278 1260 2318 verum
1297 2263 1475 2318 Pacha
1506 2280 1613 2320 non
1660 2264 1978 2321 Judaaorum
2002 2307 2018 2333 ,

458 2352 551 2406 sed
583 2352 1030 2407 Christianorum
1062 2365 1181 2418 est.
1224 2370 1445 2411 carnem
1490 2356 1699 2412 Christi
1732 2359 1847 2413 veri
1895 2359 2021 2430 agni

448 2441 877 2498 comedentium.
914 2442 1077 2499 Prius
1118 2462 1249 2500 vero
1291 2430 1671 2518 purgabantur
1716 2451 2019 2505 secundum

447 2522 685 2588 veterem
716 2535 883 2588 ritum
908 2577 923 2601 ,
946 2536 1039 2606 qui
1075 2544 1294 2605 peccata
1323 2553 1417 2592 seu
1449 2540 1788 2603 voluntaria,
1819 2555 1915 2595 seu
1946 2542 2024 2595 in-

446 2624 759 2678 voluntaria
811 2628 1238 2689 commiserant,
1295 2628 1529 2683 necdum
1573 2640 1761 2700 typum
1807 2629 2019 2687 Pascha

448 2712 755 2780 faciebant,
791 2733 901 2772 non
933 2718 1383 2782 incircumcisus,
1416 2734 1524 2772 non
1558 2720 1883 2789 inquilinus,
1910 2736 2019 2776 non

448 2805 859 2867 mercenarius,
914 2820 1019 2859 non
1070 2807 1345 2875 pollutus,
1399 2823 1523 2878 quae
1564 2810 1748 2863 omnia
1798 2819 2022 2881 propter

447 2895 794 2949 Christianos
831 2897 1201 2965 spiritualiter
1227 2897 1383 2952 ﬂuut.

513 2985 680 3059 694
711 2986 808 3053 XI,
842 2987 930 3043 56.
963 2988 1284 3055 Quwrebanl
1326 3007 1449 3062 ergo
1487 2990 1674 3047 Iesum
1696 3035 1710 3058 ,
1754 3004 1805 3049 et
1850 2995 2020 3049 collo-

2122 979 2335 1051 ἄδηλον.
2368 979 2512 1051 Πρὸς
2553 979 2611 1033 δὲ
2655 980 2948 1050 ἀναγωγὴν
2977 979 3190 1052 ῥητέον,
3228 981 3309 1034 ὃτι
3348 982 3554 1051 Ἰησοῦς
3588 981 3693 1034 πά-

2122 1074 2212 1127 λαι
2251 1074 2370 1143 μὲν,
2426 1073 2711 1146 παρρησίᾳ
2754 1077 2867 1137 τοῖς
2907 1074 3182 1137 Ἰουδαίοις
3227 1074 3552 1145 περιεπάτει
3607 1073 3695 1128 διὰ

2121 1167 2230 1220 τῶν
2265 1165 2582 1238 προφητῶν,
2615 1165 2710 1219 νῦν
2737 1166 2795 1218 δὲ
2827 1165 3032 1220 οὐκέτι.
3069 1167 3144 1220 Ού
3179 1165 3289 1237 γάρ
3330 1165 3473 1218 ἐστιν
3507 1165 3565 1217 ἐν
3592 1166 3691 1218 αὑ-

2122 1265 2234 1325 τοῖς
2263 1259 2420 1327 λόγος
2466 1256 2622 1323 Θεοῦ,
2658 1256 2793 1310 άλλά
2838 1256 3083 1327 ἀπῆλθεν
3133 1258 3229 1311 ἀπ’
3270 1258 3449 1310 αὐτῶν
3493 1257 3573 1318 είς
3592 1255 3692 1326 τὴν

2123 1357 2350 1429 ἔρημον,
2389 1358 2516 1428 περὶ
2543 1351 2612 1429 ἧς
2643 1355 2882 1424 λέγεται,
2907 1355 2988 1408 ὅτι
3025 1372 3043 1404 ι
3085 1352 3264 1405 Πολλά
3295 1352 3363 1405 τά
3400 1350 3568 1403 τέκνα
3593 1349 3693 1419 τῆς

2123 1452 2358 1523 ἐρήμου,
2382 1449 2580 1521 μᾶλλον
2606 1450 2638 1519 ἦ
2667 1450 2763 1518 τῆς
2799 1447 3027 1518 ἐχούσης
3053 1445 3143 1498 τὸν
3174 1444 3362 1514 ἄνδρα.
3392 1461 3409 1492 ι
3454 1442 3692 1513 Ἐφραῖμ

2133 1542 2496 1615 ἑρμηνεύεται
2514 1541 2906 1610 καρποφορία,
2932 1538 3156 1607 ἀδελφὸς
3173 1535 3249 1589 ὢν
3261 1536 3535 1606 Μανασσῆ
3564 1552 3693 1606 πρε·

2125 1633 2387 1704 σϐυτέρου
2416 1630 2509 1684 τοῦ
2555 1631 2662 1684 ἀπὸ
2686 1629 2905 1695 λήθης’
2956 1627 3093 1697 μετὰ
3114 1626 3221 1696 γὰρ
3256 1625 3346 1679 τὸν
3376 1625 3483 1679 ἀπὸ
3525 1624 3693 1695 λήθης

2123 1722 2249 1777 λαὸν
2281 1721 2570 1790 γεγένηται
2602 1721 2636 1790 ἡ
2669 1720 2726 1785 ἐξ
2760 1718 2930 1772 ἐθνῶν
2959 1716 3327 1788 καρποφορία.

2194 1810 2306 1868 Ἦν
2348 1811 2418 1866 δὲ
2473 1812 2654 1882 ἐγγὺς
2704 1812 2769 1864 τὸ
2821 1809 3039 1877 Πάσχα
3080 1806 3199 1883 τῶν
3248 1807 3562 1869 Ἰουδαίων,
3593 1804 3691 1858 καὶ

2123 1907 2432 1974 ἀνέϐησαν
2458 1903 2677 1958 πολλοὶ
2709 1905 2795 1968 εὶς
2824 1901 3231 1970 Ἰεροσόλυμα,
3248 1899 3347 1951 ἵνα
3362 1897 3693 1968 ἁγνίσωσιν

2121 1998 2395 2062 ἑαυτούς.

2196 2088 2563 2161 Παρατρέχων
2592 2088 2807 2142 ἅπαντα
2837 2089 2866 2141 ὁ
2909 2086 3315 2156 εύαγγελιστὴς,
3351 2084 3443 2136 ἐπὶ
3467 2082 3557 2135 τὸν
3587 2079 3688 2132 τοῦ

2122 2179 2331 2242 πάθους
2359 2178 2577 2250 ἔρχεται
2605 2176 2817 2247 καιρόν.
2858 2174 3125 2230 Ἰουδαίων
3150 2173 3205 2226 δὲ
3234 2173 3293 2227 τὸ
3318 2173 3506 2240 Πάσχα
3532 2168 3691 2221 καλεῖ

2096 2273 2183 2326 “rb
2206 2271 2465 2326 τυπικόν’
2515 2269 2576 2323 τὸ
2613 2270 2722 2340 γάρ
2750 2268 3001 2338 ἀληθινὸν
3039 2267 3230 2336 Πάσχα
3265 2266 3364 2318 οὐκ
3396 2260 3682 2323 Ἰουδαίων,

2121 2364 2258 2419 ἀλλά
2284 2360 2625 2435 Χριστιανῶν
2650 2360 2762 2415 τῶν
2791 2359 3074 2413 ἐσθιόντων
3094 2359 3192 2426 τὴν
3220 2357 3395 2426 σάρκα
3424 2349 3683 2425 Χριστοῦ,

2120 2454 2214 2512 τοῦ
2253 2454 2507 2528 ἀληθινοῦ
2531 2452 2725 2525 ἀμνοῦ.
2776 2449 3166 2522 Προηγνίζοντο
3201 2447 3257 2500 δὲ
3290 2445 3432 2500 κατὰ
3458 2440 3686 2497 παλαιὸν

2122 2550 2240 2614 ἔθος
2273 2551 2322 2603 οἱ
2372 2546 2758 2619 ἡμαρτηκότες
2801 2543 3024 2597 ἑκούσια
3068 2541 3102 2611 ἢ
3153 2538 3382 2593 ἀκούσια
3439 2535 3687 2606 ἁμαρτή-

2125 2659 2294 2713 ματα,
2320 2641 2412 2694 καὶ
2440 2639 2593 2693 οῦπω
2622 2637 2793 2691 ἐποίει
2819 2636 2880 2689 τὸ
2911 2634 3138 2688 τυπικὺν
3160 2632 3370 2702 Πάσχα,
3413 2629 3512 2683 οὐκ
3546 2627 3687 2680 ἐθνιο

2120 2734 2236 2797 κὸς,
2275 2734 2374 2787 οὐκ
2426 2731 2818 2804 ἀπερίτμητος,
2866 2730 2928 2781 οὑ
2975 2727 3256 2797 πάροικος,
3287 2723 3348 2776 οὐ
3397 2719 3685 2792 μισθωτὸς,

2120 2821 2180 2873 οὐ
2241 2818 2676 2890 μεμολυσμένος,
2730 2818 2872 2886 ἆπερ
2929 2816 3106 2869 πάντα
3160 2810 3547 2882 πνευματικῶς
3596 2808 3687 2862 διά

2120 2910 2463 2983 Χριστιανῶν
2487 2911 2561 2980 (l)
2594 2909 2851 2977 γίνονται.

2202 3002 2475 3071 Ἐζήτουν
2522 2996 2636 3057 οὖν
2694 3000 2799 3053 τὸν
2849 2997 3112 3064 Ἰησοῦν,
3167 2996 3266 3049 καὶ
3308 2996 3523 3065 ἔλεγον
3559 2992 3686 3063 μετ’

447 3081 738 3147 quebaulur
768 3078 836 3131 ad
880 3081 1138 3135 invicem:
1177 3081 1317 3149 Quid
1350 3084 1552 3151 putatis
1579 3083 1707 3154 quia
1745 3102 1849 3141 non
1878 3088 2015 3142 venit

2123 3096 2427 3161 ἀλλήλων*
2470 3094 2529 3147 Τί
2556 3092 2699 3163 ὑμῖν
2726 3090 2907 3156 δοκεῖ,
2939 3090 3027 3145 ὅτι
3057 3091 3129 3144 οὐ
3154 3089 3239 3159 μὴ
3279 3088 3429 3156 ἔλθῃ
3458 3089 3544 3153 εἷς
3571 3085 3688 3154 τὴν

450 3171 519 3224 ad
551 3170 689 3226 diem
716 3171 913 3241 festum
936 3176 963 3229 3

518 3261 597 3316 Ad
630 3260 982 3335 Scenopegia:
1014 3263 1237 3328 festum,
1271 3266 1526 3321 viciniam
1556 3283 1776 3323 omnem
1803 3270 1889 3326 lex
1931 3271 2020 3342 ju-

449 3355 608 3411 bebat
648 3354 908 3411 feriatum
952 3359 1139 3413 venire
1191 3359 1244 3413 in
1282 3372 1530 3418 sanctam
1571 3364 1872 3429 civitatem,
1898 3380 2019 3435 pw-

448 3463 685 3520 namque
731 3451 1171 3507 detrectantibus
1222 3452 1573 3510 decernebat.
1622 3455 1797 3513 Secus
1851 3474 2017 3525 vero,

450 3544 736 3600 Paschalis
768 3552 1014 3616 tempore
1052 3547 1106 3600 in
1140 3546 1263 3602 suis
1310 3564 1757 3620 unumquemque
1785 3551 2019 3609 urbibus

447 3636 770 3706 aedibusque
817 3638 1098 3707 iuculpate
1151 3653 1374 3694 manere
1412 3640 1648 3695 sinebat.
1676 3640 1878 3711 Utique
1905 3643 2020 3698 aie-

448 3727 586 3782 bant
615 3742 739 3784 esse
766 3728 1133 3798 exploratum,
1165 3730 1308 3784 nolle
1334 3745 1458 3785 eum
1493 3728 1614 3785 festi
1646 3731 1786 3786 ritus
1812 3748 2019 3787 secun-

450 3816 579 3871 dum
608 3818 782 3889 legem
815 3819 1066 3890 exsequi,
1096 3820 1191 3891 qui
1215 3820 1285 3875 ad
1316 3820 1517 3876 festum
1545 3822 1841 3879 convenire
1869 3839 2021 3879 recu‘
2046 3838 2053 3853 ι

450 3924 508 3963 Sil
516 3916 619 3966 ret.

518 4003 825 4073 Ambiguus
858 4003 1078 4073 quidem
1113 4018 1331 4066 sermo,
1362 4012 1546 4059 utrum
1580 4005 1649 4060 ab
1683 4005 1919 4062 infensis
1949 4021 2019 4062 an

450 4094 519 4148 ab
563 4094 877 4150 amantibus
917 4095 1123 4149 dictum
1157 4095 1230 4149 sit
1280 4094 1417 4149 hoc:
1449 4115 1467 4147 ι
1499 4094 1711 4151 Putatis
1745 4098 1872 4167 quia
1911 4113 2017 4151 non

450 4185 599 4240 venit
637 4185 703 4239 ad
746 4184 888 4239 diem
942 4184 1190 4240 festum?
1222 4206 1240 4237 ι
1269 4185 1563 4242 Probabile
1605 4188 1751 4243 enim
1794 4198 1880 4243 est
1921 4203 2019 4243 eos

452 4276 634 4346 loqui,
687 4276 782 4345 qui
840 4277 1143 4331 credebant
1196 4276 1251 4331 in
1300 4292 1459 4343 eum,
1504 4278 1574 4332 ad
1626 4278 1875 4335 iulideles
1917 4280 2020 4334 hoc

452 4367 612 4418 modo
636 4384 649 4419 :
674 4364 1130 4435 Quandoquidem
1167 4366 1485 4422 deliberatis
1517 4367 1767 4422 occidere
1793 4366 1977 4423 Jesum
1999 4406 2016 4431 ,

2120 3187 2337 3251 ἑορτήν
2354 3204 2373 3251 ;

2178 3209 2181 3231 ι
2224 3205 2373 3251 ττνς

2178 3205 2293 3334 ξεί
2339 3277 2417 3349 τῷ
2449 3277 2625 3350 καιρῷ
2670 3277 2747 3347 (Ξ)
2772 3275 2869 3345 τῆς
2910 3275 3102 3344 ἑορτῆς
3150 3272 3248 3341 τῆς
3281 3269 3686 3341 Σκηνοπηγίας,

2120 3373 2336 3427 ἃπασαν
2364 3369 2461 3441 τὴν
2488 3368 2790 3440 περιοικίδα
2814 3366 3052 3419 ἀνελθεῖν
3083 3364 3112 3415 ὁ
3143 3363 3304 3432 νόμος
3330 3360 3579 3415 ἐκέλευεν
3608 3361 3690 3423 είς

2118 3462 2217 3534 τὴν
2239 3462 2430 3535 ἑορτὴν
2458 3463 2538 3522 είς
2565 3460 2664 3530 τὴν
2694 3458 2856 3526 ἁγίαν
2873 3455 3049 3527 πόλιν,
3081 3454 3175 3507 καὶ
3213 3451 3481 3522 τιμωρίαν
3506 3452 3686 3522 ὁρίζε-

2120 3570 2209 3607 ται
2253 3554 2363 3615 τοῖς
2398 3550 2472 3621 μὴ
2504 3548 2732 3603 ἀνιοῦσι.
2786 3546 2858 3599 Τό
2904 3562 2968 3614 γε
3019 3544 3126 3615 μὴν
3160 3545 3217 3597 ἑν
3258 3542 3336 3614 τῷ
3376 3542 3469 3595 τοῦ
3496 3542 3687 3612 Πάσχα
3744 3576 3747 3579 ν

2119 3644 2317 3713 καιρῷ,
2348 3643 2548 3711 ἐφῆκεν
2575 3638 2604 3690 δ
2634 3639 2796 3709 νόμος
2815 3636 3163 3707 ἀνεγκλήτως
3198 3637 3256 3689 ἑν
3286 3634 3444 3698 ίδίαις
3472 3636 3688 3705 ἑκάστῳ

2122 3734 2307 3788 πόλεσί
2329 3750 2388 3786 τε
2412 3732 2505 3785 καὶ
2530 3732 2718 3795 οἴκοις.
2749 3729 3020 3801 Πρόδηλον
3048 3723 3140 3782 οῦν
3163 3727 3224 3780 τὸ
3260 3726 3335 3798 μὴ
3364 3727 3687 3799 συνδραμεῖν

2120 3825 2370 3894 ἐθελῆσαι
2391 3825 2501 3886 τοῖς
2527 3821 2626 3893 τῆς
2648 3822 2840 3893 ἑορτῆς
2869 3820 3016 3874 ἑθεσι
3041 3818 3182 3873 κατά
3203 3818 3292 3872 τὸν
3316 3817 3497 3889 νόμον,
3520 3818 3580 3871 τὸ
3608 3817 3685 3889 μὴ

2120 3915 2291 3968 ἐλθεῖν
2319 3913 2554 3983 ἔφασκον
2582 3915 2661 3976 είς
2685 3914 2785 3983 τὴν
2812 3912 3027 3983 ἑορτήν.

2202 4004 2525 4075 Ἀμφίὸολος
2568 4004 2746 4074 μέντοι
2776 4004 2805 4056 ὁ
2848 4003 3025 4068 λόγος,
3062 4000 3290 4071 πότερον
3323 4002 3432 4055 ἀπὸ
3465 3999 3687 4069 μισούν-

2119 4115 2226 4151 των
2258 4097 2290 4169 ἦ
2331 4094 2668 4165 ἀγαπώντων
2719 4092 2911 4162 ἐλέχθη
2966 4093 3047 4158 τὸ,
3077 4109 3095 4142 ι
3136 4094 3353 4145 Δοκεῖτε
3396 4092 3479 4145 ὅτι
3511 4092 3572 4145 οὐ
3607 4092 3681 4163 μὴ

2120 4186 2247 4257 ἔλθῃ
2271 4189 2350 4249 εἰς
2378 4186 2476 4255 τὴν
2504 4184 2731 4255 ἑορτήν;
2766 4200 2785 4232 ι
2824 4181 2985 4245 Εἰκὸς
3013 4181 3123 4251 γάρ
3149 4177 3216 4252 ἦν
3241 4181 3420 4249 λέγειν
3448 4182 3575 4244 τοὺς
3605 4182 3685 4243 είς

2120 4276 2281 4331 αὑτὸν
2299 4274 2651 4338 πιστεύοντας
2675 4273 2809 4345 πρὸς
2833 4274 2960 4336 τοὺς
2976 4272 3234 4335 ἀπίστους
3255 4271 3449 4335 οὕτως’
3466 4271 3683 4343 Ἐπειδὴ

2121 4364 2510 4418 ἐϐουλεύσασθε
2543 4364 2800 4433 φονεῦσαι
2826 4363 2918 4416 τὸν
2942 4361 3169 4432 Ἰησοῦν,
3207 4362 3300 4415 καὶ
3325 4363 3573 4434 νομίζετε
3603 4363 3686 4416 ὅτι

450 4463 504 4508 ιιι
533 4456 735 4524 putatis
775 4470 901 4509 eum
939 4455 1192 4526 ignorare
1226 4472 1349 4526 quae
1379 4473 1474 4512 vos
1516 4459 1654 4511 clam
1703 4458 2013 4524 statuistis,

2121 4458 2304 4525 ἀγνοεῖ
2346 4456 2406 4509 τὸ
2452 4454 2624 4524 λάθρα
2675 4455 2803 4524 ὑμῖν
2851 4452 3206 4522 ἐσκεμμένον,
3264 4457 3489 4522 σημεῖον
3532 4454 3686 4507 ἔσται

452 4546 555 4599 hoc
582 4545 689 4599 erit
720 4544 1227 4602 manifestissimum
1256 4548 1470 4618 signum
1503 4563 1629 4601 cum
1659 4564 1784 4603 esse
1818 4547 2011 4604 Deum.

451 4633 569 4689 Non
613 4636 758 4690 enim
807 4638 990 4691 veniet
1035 4638 1233 4693 festum
1277 4640 1562 4694 nobiscum
1598 4639 2011 4705 eelebraturus,

451 4735 644 4797 utpote
676 4738 933 4798 tanquam
968 4728 1111 4785 Deus
1146 4740 1334 4785 nostra
1385 4730 1617 4785 consilia
1664 4732 1870 4787 sciens.
1920 4732 2017 4787 γει

448 4818 528 4871 sic
562 4817 921 4887 accipiendos
953 4834 1135 4874 sermo
1171 4827 1428 4890 tanquam
1464 4821 1533 4874 ab
1560 4820 1780 4876 infestis
1806 4830 1861 4877 et
1890 4823 2016 4879 odio

450 4910 943 4978 persequentibus;
975 4910 1419 4981 quandoquidem
1451 4913 1622 4966 moris
1648 4920 1732 4967 est
1757 4910 1886 4968 Jesu
1915 4915 2017 4969 sol-

452 5016 577 5056 vere
620 5002 830 5071 legem,
878 5001 1048 5057 vultis
1084 5016 1317 5075 cernere
1357 5017 1456 5057 vos
1494 5004 1587 5073 qui
1638 5004 1691 5057 in
1737 5020 1861 5059 eum
1895 5021 2016 5060 cre-

449 5093 577 5148 ditis
620 5091 767 5163 quod
809 5092 935 5147 talis
966 5094 1066 5158 sit,
1098 5093 1247 5163 quod
1277 5109 1343 5148 ex
1378 5109 1446 5149 eo
1495 5095 1666 5164 liquet
1705 5095 1836 5167 quia
1868 5113 2014 5153 nunc

450 5199 628 5252 neque
650 5183 716 5239 ad
742 5182 941 5240 festum
977 5185 1125 5239 venit
1154 5184 1545 5240 celebrandum
1580 5188 1865 5244 uobiscum
1889 5227 1905 5253 ,
1942 5189 2017 5244 le-

447 5289 568 5343 gem
603 5273 725 5329 festi
755 5290 983 5346 prorsus
1010 5275 1295 5345 despectui
1326 5276 1552 5333 habens.
1582 5277 1695 5335 lloc
1727 5289 1909 5336 autem
1933 5281 2015 5335 di-

449 5366 523 5419 clt
542 5407 558 5433 ,
588 5381 699 5421 non
725 5367 869 5438 quod
893 5383 1118 5423 necesse
1144 5376 1290 5424 esset
1320 5371 1616 5427 convenire
1637 5386 1827 5429 omnes
1856 5371 2017 5428 Jeru-

518 5520 567 5554 ³³
602 5520 708 5578 lsa.
736 5539 848 5591 uv,
881 5524 905 5577 l
944 5540 960 5590 ;
990 5522 1165 5577 Galat.
1204 5539 1279 5590 IV,
1309 5522 1404 5577 27.

522 5681 597 5749 (Ι)
625 5680 726 5735 Ed.
762 5681 902 5752 Aub.
933 5682 1185 5752 Χριστὸν.

2122 4546 2279 4601 τοῦτο
2317 4545 2506 4613 σαφὲς,
2548 4545 2629 4598 ὃτι
2659 4544 2791 4606 Θεός
2834 4545 3004 4597 ἐστιν.
3065 4544 3138 4597 Ού
3182 4543 3290 4614 γάρ
3320 4544 3385 4615 δὴ
3416 4546 3537 4615 ἣξει
3587 4545 3684 4599 νῦν

2125 4637 2494 4707 συνεορτάσων
2545 4637 2695 4706 ἡμῖν,
2750 4634 2903 4697 εἰδὼς
2949 4634 3017 4687 τά
3075 4634 3370 4703 σκέμματα
3399 4636 3557 4705 ἡμῶν
3609 4636 3686 4698 ὡς

2123 4730 2273 4793 Θεός.
2304 4729 2374 4782 ’Ἡ
2404 4727 2577 4791 οῦτως
2612 4726 3006 4797 σχηματιστέον
3032 4726 3121 4779 τὸν
3153 4724 3309 4792 λόγον
3334 4726 3411 4789 ὡς
3446 4728 3553 4780 ἀπὸ
3578 4727 3688 4782 τῶν

2126 4819 2446 4891 μισούντων·
2491 4820 2746 4889 Ἐπείπερ
2778 4817 2897 4880 ἔθος
2936 4817 3022 4870 ἀεὶ
3063 4815 3142 4887 τῷ
3181 4817 3355 4887 Ἰησοῦ
3388 4818 3689 4887 παραλύειν

2121 4910 2213 4965 τὸν
2230 4911 2413 4981 νόμον,
2433 4910 2617 4964 θέλετε
2645 4907 2845 4976 γνῶναι
2869 4907 3024 4975 ὑμεῖς
3049 4908 3099 4959 οἱ
3119 4909 3198 4969 είς
3227 4908 3386 4961 αὑτὸν
3409 4909 3690 4962 πιστεύον-

2120 5022 2231 5071 τες,
2276 5005 2358 5057 ὅτι
2405 5002 2643 5065 τοιοῦτός
2676 5004 2859 5064 ἐστιν,
2899 4997 2959 5063 ἐξ
3008 4992 3082 5053 ὧν
3126 4984 3249 5053 οὔτε
3310 5000 3405 5054 νῦν
3462 5001 3543 5062 είς
3590 4999 3690 5070 τὴν

2123 5095 2314 5167 ἑορτὴν
2362 5095 2743 5165 παραγίνεται,
2785 5090 2995 5145 ἀθετῶν
3025 5092 3117 5146 τὸν
3153 5092 3254 5161 τῆς
3284 5092 3475 5162 ἑορτῆς
3500 5076 3696 5163 νόμον,

2123 5188 2260 5261 πρὸς
2296 5188 2357 5240 τὸ
2403 5186 2478 5257 μὴ
2524 5185 2877 5256 συνεορτάσαι
2911 5186 3074 5254 ήμῖν;
3114 5185 3251 5254 Φησὶ
3282 5184 3337 5237 δὲ
3380 5184 3558 5247 τοῦτο,
3590 5184 3690 5245 ούγ

2122 5281 2202 5333 ὅτι
2255 5278 2467 5348 ἀνάγκη
2499 5274 2566 5349 ἦν
2593 5277 2800 5339 πάντας
2849 5276 3175 5347 συνδραμεῖν
3216 5279 3295 5340 είς
3329 5276 3689 5347 Ἰερουσαλὴμ

2123 5374 2181 5425 ἐν
2218 5371 2293 5441 τῷ
2322 5372 2531 5439 Πάσχα,
2562 5370 2638 5433 ὡς
2667 5370 2760 5424 ἐπὶ
2781 5373 2848 5441 τῇ
2873 5368 3244 5441 Σκηνοπηγίᾳ,
3273 5367 3387 5421 ἀλλ’
3431 5368 3549 5441 ητοι
3583 5366 3693 5420 δει-

523 5748 599 5826 (2)
643 5752 736 5805 Ἐν
766 5749 845 5816 τῷ
877 5748 1056 5821 καιρῷ
1082 5788 1094 5806 .
1126 5792 1140 5807 .
1166 5791 1177 5804 .
1204 5793 1217 5805 .
1250 5790 1264 5805 .
1311 5753 1397 5818 είς
1428 5750 1537 5817 τὴν
1568 5749 1800 5819 ἑορτήν.
1840 5748 1915 5804 Ex
1942 5765 2019 5804 ea:

2121 5764 2127 5800 I
2153 5756 2366 5814 catena,
2396 5749 2489 5805 fol.
2534 5748 2654 5805 l30.

3787 3486 3831 3502 ν.
