4062 6208
265 301 352 392 τε
1053 323 1121 380 1N
1160 323 1498 380 JOA‘NNEM.
1537 352 1605 364 —
1643 320 1770 376 LIB.
1821 319 1849 374 ι

1950 317 2035 373 ΕΤ
2075 318 2183 372 VIII
2225 316 2666 378 FRAGMENTA.
3451 319 3513 374 74

263 452 390 514 λίας
417 445 698 512 ἀπόδειξιν
728 440 1080 515 ἑμποιοῦνται
1128 441 1188 496 τδ
1222 443 1298 513 μὴ
1340 440 1649 497 ἀναϐαίνειν
1682 439 1843 494 αὐτὸν

1950 437 2119 492 salem
2149 437 2203 491 in
2232 434 2444 491 Pascha
2463 473 2478 498 ,
2504 432 2646 488 utin
2679 430 2819 488 festo
2841 431 3346 488 Tabernaculorum
3378 449 3390 486 :
3421 434 3518 489 scd

267 544 349 608 είς
401 538 772 612 Ἰεροσόλυμα,
813 537 889 600 ὡς
935 536 1012 606 μὴ
1044 535 1346 606 δυναμένου
1403 533 1582 605 ἐαυτῷ
1631 532 1846 603 βοηθεῖν

267 633 330 688 ἐν
361 629 585 701 τοιαύτῃ
628 628 836 700 ἡμέρα,
880 628 976 682 καὶ
1008 627 1098 682 διὰ
1121 626 1280 681 τοῦτο
1306 625 1844 696 ἀπολιμπανομένου.

276 727 348 778 Ἢ
379 723 474 776 καὶ
502 721 639 793 πρὸς
665 720 892 784 ἑαυτοὺς
919 718 1094 773 ταῦτά
1129 735 1293 788 φασιν
1330 719 1380 771 οἱ
1409 716 1848 789 προσταχθέντες

273 815 436 870 αὐτὸν
469 811 758 877 συλλαϐεῖν
809 811 903 865 καὶ
947 809 1360 881 ὀλιγωροῦντες,
1411 809 1644 879 ἐπείπερ
1695 807 1848 861 οὔπω

272 907 434 960 αὐτὸν
460 905 648 976 ἐώρων
675 902 921 967 ἐλθόντα,
953 903 1048 955 καὶ
1083 901 1344 956 ἔσπευδον
1377 901 1587 971 ταχέως
1618 899 1845 969 ποιῆσαι

269 998 332 1052 τὸ
357 994 718 1069 προσταχθέν.

357 1257 413 1311 '0
451 1251 565 1314 οὖν
603 1255 834 1322 Ἰησοῦς
881 1255 994 1324 πρὸ
1040 1255 1109 1320 ἐξ
1160 1257 1398 1326 ἡμερῶν
1452 1257 1572 1317 τοῦ,
1605 1258 1844 1327 Πάσχα,

268 1343 459 1418 ἦλθεν
495 1348 584 1410 εις
612 1345 941 1412 Βηθανίαν,
977 1347 1075 1398 καὶ
1104 1345 1174 1400 τὰ
1203 1345 1352 1415 ἐξῆς.

341 1436 783 1506 Καταφρονήσας
834 1435 934 1506 τῆς
992 1435 1101 1489 τῶν
1159 1435 1428 1490 Ἰουδαίων
1470 1437 1764 1509 ἐπιϐουλῆς
1818 1437 1847 1490 6

271 1525 499 1596 Κύριος,
535 1524 725 1578 ἐαυτὸν
763 1523 1024 1588 ἑκουσίως
1053 1524 1189 1596 πρὸς
1221 1525 1282 1577 τὸ
1310 1525 1502 1579 παθεῖν
1544 1526 1842 1590 ἐκδίδωσιν,

275 1619 401 1674 ἐπεὶ
433 1619 612 1689 παρῆν
657 1619 686 1671 6
717 1616 813 1670 τοῦ
847 1615 1053 1678 πάθους
1079 1616 1289 1686 καιρὸς,
1339 1619 1420 1682 είς
1452 1618 1552 1689 τὴν
1575 1617 1847 1688 Βηθανίαν

275 1709 464 1774 ἐλθὼν,
507 1710 568 1762 οὐ
609 1707 718 1780 μὴν
744 1709 824 1772 εἰς
856 1708 956 1779 τὴν
1007 1707 1383 1779 Ἰερουσαλὴμ,
1434 1710 1522 1763 ἵνα
1561 1710 1636 1781 μὴ
1669 1712 1847 1780 αἰφνι-

1947 529 2032 582 vel
2065 528 2168 582 hoc
2198 527 2254 581 in
2287 532 2668 596 argumentum
2695 524 2908 579 timoris
2940 524 3206 586 trahunt,
3231 523 3378 594 quod
3409 541 3519 579 nou

1950 617 2208 674 ascendat
2239 618 2292 672 in
2322 616 2628 672 Jerusalem
2649 656 2667 680 ,
2700 622 2960 685 tanquam
2994 615 3096 672 sibi
3141 615 3246 685 ipsi
3287 631 3519 671 succur-

1948 723 2070 762 rere
2100 722 2210 762 non
2242 706 2419 778 possit
2444 706 2499 759 in
2527 704 2623 760 tali
2648 704 2735 760 die
2755 744 2769 768 ,
2801 705 3032 775 ideoque
3061 705 3318 759 consulto
3350 705 3516 760 absit.
3600 765 3613 776 ψ

1948 798 2048 854 Vel
2080 799 2246 855 etiam
2278 799 2424 853 inter
2455 813 2514 853 se
2561 797 2680 852 batc
2719 796 2914 851 dicunt
2960 797 2996 850 ii
3041 796 3244 866 quibus
3287 797 3518 866 impera-

1948 898 2062 944 tum
2093 897 2213 946 erat
2254 890 2409 944 illum
2450 887 2950 959 comprehendere,
2989 888 3102 957 jam
3141 889 3384 942 animum
3427 888 3522 942 de-

1949 981 2281 1053 spondentes
2303 1020 2318 1044 ,
2365 979 2812 1051 quandoquidem
2857 980 3102 1035 nondum
3137 995 3263 1036 eum
3295 979 3525 1034 venien-

1947 1081 2058 1130 tem
2085 1073 2365 1136 videbant,
2391 1081 2445 1127 et
2465 1073 2532 1127 ad
2554 1073 2822 1142 imperata
2849 1070 3205 1142 exsequenda
3235 1071 3524 1129 celerrime

1949 1179 2008 1222 se
2052 1165 2468 1235 comparabant.

2018 1256 2148 1322 XII,
2184 1258 2235 1312 1.
2283 1256 2440 1312 Jesus
2471 1273 2591 1326 ergo
2621 1264 2745 1310 ante
2771 1272 2862 1310 sea:
2889 1254 3000 1310 dies
3031 1254 3256 1310 Pascha:
3301 1253 3438 1308 venit
3471 1255 3525 1306 in

1951 1350 2262 1405 Bethaniam
2286 1388 2300 1412 ,
2331 1357 2440 1404 etc.

2017 1441 2362 1510 Contempiis
2386 1437 2697 1493 Judmorum
2725 1437 2942 1493 insidiis
2961 1437 3226 1492 Dominus
3249 1452 3307 1490 se
3330 1443 3528 1507 sponte

1949 1547 2011 1586 ac
2045 1532 2190 1586 ultro
2220 1531 2288 1585 ad
2325 1531 2641 1601 patiendum
2689 1530 2892 1592 tradit,
2933 1528 3160 1598 quando
3203 1529 3392 1582 aderat
3433 1544 3528 1597 pn-

1947 1622 2117 1678 tiendi
2150 1632 2368 1692 tempus
2390 1662 2403 1684 ,
2437 1619 2716 1690 profectus
2765 1620 2819 1672 in
2863 1619 3186 1672 Bethaniam
3216 1624 3270 1672 et
3299 1634 3405 1671 non
3439 1617 3526 1671 Je-

1950 1716 2224 1780 rusalem,
2261 1730 2328 1768 ne
2363 1721 2588 1784 repente
2618 1726 2646 1765 a
2677 1709 2882 1766 Iudaeis
2924 1719 3257 1780 conspectus
3302 1710 3428 1765 illos
3471 1709 3526 1763 in

274 1802 401 1864 δίως
423 1778 748 1870 ὀφθεὶςτοῖς
784 1778 1082 1864 Ἰουδαίοις,
1123 1778 1368 1872 ἐκκαύσλῃ
1400 1778 1597 1864 αὐτοὺς
1625 1778 1714 1864 ἐίς
1742 1778 1849 1872 6p-

1950 1811 2092 1866 iram
2131 1807 2489 1871 accenderet,
2527 1805 2623 1862 sed
2659 1820 2756 1875 per
2795 1804 3033 1867 famam,
3067 1819 3176 1874 qua
3209 1803 3264 1858 in
3297 1803 3526 1873 propin-

274 1894 396 1964 τὴν,
436 1892 572 1945 ἀλλὰ
609 1891 700 1945 διὰ
753 1889 854 1960 τῆς
897 1890 1085 1962 φήμης
1129 1890 1224 1944 τοῦ
1269 1886 1405 1944 εἶναι
1450 1891 1612 1946 αὐτὸν
1657 1893 1848 1960 ἐγγὺς,

275 1983 602 2054 καταστείλσρ⁴
632 1981 694 2036 τὸ
722 1981 842 2047 ζέον
871 1981 964 2035 τοῦ
991 1981 1216 2036 ἐκείνων
1249 1982 1440 2054 θυμοῦ.
1487 1983 1764 2037 Συνεσθίει
1791 1985 1848 2037 δὲ

273 2075 350 2146 τῷ
374 2075 633 2146 Λαζάρῳ,
653 2073 742 2128 διὰ
769 2071 960 2126 τούτου
987 2072 1420 2144 ὑπομιμνήσκων
1445 2072 1570 2136 τοὺς
1607 2072 1850 2144 ὁρῶντας

276 2169 372 2238 τῆς
402 2165 744 2239 θεοπρεποῦς
790 2163 957 2218 αὑτοῦ
995 2162 1264 2230 ἐξουσίας.
1313 2165 1568 2218 Δείκνυσι
1597 2164 1654 2218 δὲ
1688 2166 1716 2217 6
1753 2165 1847 2217 εύ-

275 2259 601 2329 αγγελιστὴς
650 2256 740 2310 διὰ
773 2255 868 2310 τοῦ
921 2255 1280 2326 διηγήματος,
1311 2256 1394 2310 ὅτι
1429 2255 1490 2308 οὐ
1523 2255 1848 2326 κατεφρόνει

271 2352 303 2402 6
333 2351 565 2423 Χριστὸς
612 2348 706 2404 τοῦ
749 2349 936 2420 νόμον
985 2348 1108 2401 ὅθεν
1141 2348 1236 2400 καὶ
1264 2347 1371 2418 πρὸ
1409 2347 1468 2414 ἓξ
1502 2347 1724 2418 ἡμερῶν
1751 2345 1846 2400 τοῦ

278 2443 493 2512 Πάσχα,
521 2443 610 2494 ὅτε
640 2440 745 2494 ιδει
776 2439 1150 2511 ἀγορασθῆναι
1187 2439 1282 2492 τὸν
1327 2438 1499 2510 ἀμνὸν
1544 2439 1640 2492 καὶ
1671 2455 1846 2509 τηρη-

281 2534 443 2603 θῆναι
479 2535 584 2596 ἓως
629 2533 726 2602 τῆς
770 2531 1388 2600 τεσσαρεσκαιδεκάτης,
1435 2530 1703 2600 συνέφαγε
1733 2532 1849 2593 τοῖς

285 2625 417 2696 περὶ
448 2625 539 2676 τὸν
567 2622 828 2694 Λάζαρον·
880 2623 1011 2686 ἴσως
1061 2622 1162 2692 τὴν
1206 2621 1424 2692 ἡμέραν
1464 2621 1563 2692 τὴν
1597 2621 1706 2691 πρὸ
1753 2620 1846 2674 τοῦ

274 2716 548 2787 ληφθῆναι
597 2715 658 2768 τὸ
708 2715 976 2784 πρόϐατον
1015 2712 1170 2776 ἔθους
1203 2712 1359 2776 ὄντος
1401 2715 1516 2776 τοῖς
1571 2714 1848 2778 Ἰουδαίοις

274 2808 452 2874 ὀλίγον
482 2824 534 2858 τι
567 2804 980 2876 πανηγυρίζειν,
1008 2804 1108 2857 οὐκ
1137 2806 1200 2856 ἐκ
1225 2803 1412 2873 νόμου,
1434 2803 1549 2856 ἀλλ’
1582 2805 1692 2858 ἀπὸ
1719 2821 1847 2858 συν-

271 2899 486 2970 ηθείας,
530 2897 614 2951 ἵνα
664 2896 804 2968 μετά
856 2896 917 2948 τὸ
967 2894 1389 2966 παραληφθῆναι
1433 2895 1495 2948 τὸ
1551 2895 1844 2967 πρόϐατον,

271 2991 578 3062 σχολάσωσι
605 2989 792 3042 λοιπὸν
822 2988 928 3051 ἕως
953 2987 1054 3056 τῆς
1085 2987 1299 3057 ἑορτῆς,
1328 2971 1573 3059 νηστείᾳ,
1601 2990 1720 3058 ἦτοι
1744 2988 1849 3042 ὀλι-

1949 1917 2059 1974 quo
2108 1914 2231 1955 esse
2275 1899 2577 1960 diceretur,
2605 1895 2854 1951 furentes
2898 1909 3088 1949 eorum
3129 1893 3348 1948 animos
3393 1907 3528 1946 non-

1948 1995 2088 2052 nihil
2118 1991 2526 2062 comprimeret.
2561 1988 2831 2060 Epulatur
2863 2002 2996 2042 vero
3031 2002 3154 2042 cum
3189 1985 3401 2039 Lazaro
3421 2026 3436 2050 ,
3464 2000 3528 2038 ca

1949 2105 2010 2144 re
2059 2094 2398 2157 spectatores
2431 2082 2760 2144 admonens,
2783 2080 3162 2149 certioresque
3207 2076 3418 2132 faciens
3463 2075 3530 2128 de

1949 2191 2050 2232 sua
2111 2169 2300 2230 divina
2353 2171 2616 2244 potentia.
2661 2169 2915 2225 Ostendit
2969 2184 3101 2225 vero
3157 2166 3530 2238 evangelistes

1950 2268 2054 2323 hac
2083 2267 2404 2322 narratione
2420 2264 2704 2320 Christum
2731 2262 2877 2318 haud
2910 2262 3307 2332 contempsisse
3329 2260 3528 2329 legem.

1950 2359 2095 2415 unde
2124 2365 2179 2414 et
2211 2365 2338 2412 ante
2368 2355 2512 2411 diem
2548 2363 2766 2411 sextum
2817 2353 3074 2417 Paschae,
3107 2368 3232 2408 cum
3258 2351 3528 2407 emendus

1949 2457 2071 2506 erat
2100 2463 2276 2517 agnus
2310 2454 2364 2502 et
2393 2446 2703 2501 servandus
2733 2459 2908 2514 usque
2954 2442 3019 2497 ad
3057 2443 3332 2500 decimum
3357 2456 3528 2512 quar-

1947 2549 2103 2612 tum;
2129 2538 2385 2608 epulatus
2416 2544 2500 2591 est
2531 2551 2658 2590 cum
2695 2535 2944 2588 Lazaro:
2997 2533 3140 2588 forte
3175 2533 3320 2603 quod
3357 2533 3528 2588 moris

1949 2637 2068 2687 erat
2097 2627 2301 2682 Judais
2338 2640 2450 2680 uno
2476 2624 2588 2690 die,
2641 2632 2938 2694 antequam
2997 2630 3258 2694 caperent
3293 2639 3518 2694 agnum,

1949 2719 2205 2778 nonnihil
2235 2717 2428 2774 feriari
2451 2755 2467 2781 ,
2493 2733 2600 2771 non
2633 2732 2700 2772 ex
2728 2717 2846 2787 lege
2875 2715 2970 2771 sed
3002 2731 3065 2772 ex
3089 2715 3525 2780 consuetudine,

1948 2823 2030 2879 ut.
2063 2821 2188 2885 post
2221 2826 2340 2867 eam
2378 2819 2744 2880 assumptam,
2781 2808 2982 2864 darent
3008 2823 3232 2880 cperam
3266 2808 3528 2879 deinceps

1949 2919 2124 2975 usque
2149 2903 2216 2957 ad
2252 2901 2453 2958 festum
2484 2898 2700 2970 jejunio
2723 2940 2738 2964 ,
2762 2898 2890 2975 _sive
2936 2900 3201 2969 paucitati
3250 2903 3431 2956 victus
3475 2907 3530 2954 et

1948 2972 2392 3068 purgationibus.
2425 2991 2658 3046 Videtur
2687 2972 2817 3060 ergo
2846 2991 3010 3062 695
3045 2990 3316 3047 Dominus
3361 2993 3527 3048 etiam

272 3081 488 3154 γοσιτίᾳ
513 3082 607 3134 καὶ
645 3081 952 3150 ἀγνισμοῖς.
987 3076 1240 3130 Φαίνεται
1269 3073 1362 3132 οῦν
1390 3081 1418 3132 6
1451 3077 1655 3150 Κύριος
1685 3080 1847 3152 τιμή⁴

1953 3088 2011 3142 in
2044 3087 2150 3141 hoc
2183 3099 2388 3140 morem
2431 3082 2556 3138 festi
2602 3082 2865 3136 coluisse.
2903 3083 3358 3139 Admirabundus
3397 3101 3531 3139 vero

272 3191 372 3237 σας
404 3173 499 3226 καὶ
530 3174 587 3226 ἐν
611 3171 786 3242 τούτῳ
811 3169 881 3223 τὰ
921 3169 1020 3238 τῆς
1064 3169 1258 3240 ἑορτῆς
1303 3169 1420 3240 ἔθη.
1461 3169 1850 3241 Καταπληττόρ

273 3283 436 3336 μενος
464 3265 523 3317 δέ
554 3266 582 3317 6
613 3263 1008 3335 εὑαγγελιστής
1058 3280 1244 3333 φησιν,
1273 3262 1356 3315 ὅτι
1401 3263 1430 3314 6
1471 3263 1850 3334 τετραήμερος
1883 3255 1886 3257 λ

272 3357 466 3427 νεκρὸς
501 3355 753 3427 συνήσθιε
785 3355 863 3426 τῷ
892 3355 1133 3427 Χριστῷ,
1162 3355 1243 3417 είς
1269 3353 1579 3424 ὑπόμνησιν
1603 3352 1705 3423 τῆς
1731 3353 1850 3407 θεοο

274 3444 521 3518 πρεποῦς
552 3443 716 3498 αὑτοῦ
755 3443 1024 3510 ἐξουσίας.
1066 3440 1290 3510 Είσάγει
1315 3442 1372 3495 δέ
1410 3439 1470 3505 ἐξ
1497 3441 1720 3513 ἀγάπης
1749 3442 1850 3511 τῆς

234 3594 239 3598 ,
273 3540 354 3601 είς
378 3537 635 3608 Χριστὸν,
673 3537 772 3607 τὴν
804 3535 1034 3608 Μάρθαν
1063 3532 1438 3595 διακονοῦσαν,
1485 3534 1579 3585 καὶ
1607 3536 1720 3596 τοῖς
1750 3533 1850 3604 τῆς

274 3630 554 3701 τραπέζης
584 3629 962 3700 ὑπηρετοῦσαν
992 3629 1198 3690 πόνοις.

346 3725 456 3777 Kal
491 3723 530 3789 ἠ
569 3721 780 3790 Μάρθα
806 3720 1095 3789 διηκόνει.

345 3815 460 3885 Τῆς
489 3815 723 3887 Μάρθας
752 3798 1152 3886 ὑπηρετούσης,
1177 3815 1212 3886 ἡ
1245 3812 1434 3886 Μαρία
1457 3813 1727 3882 ἀλείψασα
1757 3811 1848 3866 τὸν

274 3907 482 3977 Κύριον
516 3908 693 3979 μύρῳ,
727 3906 1009 3960 ἐτελείωσε
1040 3907 1139 3979 τὴν
1165 3907 1245 3970 εἰς
1279 3907 1441 3960 αὑτὸν
1469 3906 1714 3982 ἀγάπην,
1750 3904 1870 3960 καὶ·

272 3999 361 4052 διὰ
391 3998 504 4052 τῶν
531 3997 644 4062 δύο,
687 3998 892 4063 τέλειος
932 4000 963 4052 ὁ
989 3998 1090 4069 τῆς
1133 3997 1355 4068 ἀγάπης
1381 3997 1506 4068 ὅρος
1535 3996 1846 4066 ἐτελειώθη.

274 4093 512 4146 Δυνατδν
542 4091 600 4145 δὲ
646 4091 784 4163 πρὸς
834 4090 1070 4163 θεωρίαν
1092 4089 1194 4158 ¹τὸν
1243 4090 1422 4161 λόγον,
1457 4089 1547 4144 ἵνα
1597 4089 1698 4159 τὴν
1748 4087 1848 4158 μὲν

273 4183 505 4255 Μάρθαν
565 4183 828 4254 είπωμεν,
882 4183 983 4255 τὴν
1035 4181 1343 4255 πρακτικὴν
1393 4181 1616 4252 ἀρετὴν,
1647 4179 1747 4250 τὴν
1793 4179 1850 4232 δὲ

273 4277 515 4348 Μαρίαν.
561 4274 660 4343 τὴν
698 4275 1074 4345 πνευματικὴν
1131 4271 1383 4342 θεωρίαν,
1427 4271 1550 4341 ἥτις
1614 4268 1846 4323 κατόπιν

276 4366 447 4436 βαίνει
498 4363 602 4434 τῆς
639 4364 972 4438 πρακτικῆς
1005 4361 1072 4415 δι’
1105 4354 1181 4415 ὧν
1209 4361 1274 4432 δὴ
1318 4359 1700 4432 πληρεστάτην
1747 4359 1844 4430 τὴν

275 4459 351 4521 εἰς
405 4456 645 4530 Χριστὸν
689 4456 908 4527 ἀγάπην
972 4451 1414 4524 ἐπιδεικνύμεθα.
1479 4450 1688 4519 Ἄλλοι,
1744 4453 1844 4522 τὴν

273 4550 503 4622 Μάρθαν
527 4549 609 4612 είς
636 4547 804 4601 τύπον
847 4545 1026 4600 νοοῦσι
1051 4545 1153 4616 τῆς
1184 4544 1417 4609 παλαιᾶς
1463 4544 1690 4616 Γραφῆς
1740 4543 1846 4597 ὐπ-

1950 3177 2316 3250 evangelistes
2365 3175 2478 3240 ait,
2535 3174 2965 3245 quatriduanum
3016 3185 3293 3230 mortuum
3341 3177 3534 3246 epula-

1951 3280 2066 3327 tum
2115 3285 2241 3326 esse
2294 3282 2420 3322 cum
2455 3265 2716 3332 Christo,
2771 3266 2837 3320 in
2875 3265 3077 3322 divinae
3108 3268 3230 3336 ejus
3273 3269 3532 3338 potentia:

1952 3359 2559 3418 commemorationem.
2602 3356 2820 3412 Iudicat
2857 3373 2995 3435 [vero
3032 3359 3200 3413 etiam
3235 3375 3301 3414 ex
3333 3359 3531 3414 affectu

1949 3456 2007 3510 in
2042 3453 2322 3510 Christum
2345 3493 2360 3516 ,
2396 3450 2668 3505 Martham
2701 3449 3115 3506 ministrantem
3167 3466 3406 3519 mensae,
3454 3453 3534 3507 la-

1951 3549 2225 3617 boresque
2257 3541 2532 3614 ejusmodi
2575 3541 2895 3598 obeuntem.

2022 3725 2146 3792 XII,
2180 3725 2236 3779 2.
2278 3721 2350 3776 Et
2383 3720 2602 3776 Hart/ia
2643 3719 3009 3774 ministrabat.

2027 3818 2241 3874 Martha
2267 3815 2616 3870 ministrante
2641 3853 2656 3879 ,
2680 3811 2851 3867 Maria
2874 3812 3214 3884 perfundens
3243 3815 3531 3872 Dominum

1953 3914 2275 3981 unguento,
2310 3919 2528 3968 omnem
2553 3903 2608 3957 in
2637 3918 2762 3958 eum
2798 3902 3148 3960 dilectionem
3181 3919 3534 3962 consumma—

1950 4004 2063 4063 vit,
2093 4015 2156 4054 ac
2182 4013 2281 4069 per
2309 3997 2500 4051 ambas
2532 3995 2704 4052 totius
2731 3996 3043 4054 dilectionis
3079 3999 3348 4058 terminus
3379 4016 3532 4056 com-

1946 4093 2127 4164 pletus
2157 4096 2260 4144 est.
2299 4087 2486 4144 Potest
2525 4094 2579 4143 et
2613 4087 2681 4143 ad
2718 4090 3152 4157 speculationem
3188 4090 3377 4147 referri
3416 4109 3533 4148 ser-

1948 4197 2058 4245 mo,
2092 4188 2153 4236 ut
2189 4178 2459 4234 Martham
2491 4176 2712 4249 quidem
2742 4178 3081 4247 accipiamus
3111 4180 3369 4234 virtutem
3401 4195 3532 4250 pra-

1930 4274 2176 4338 ,cticam,
2202 4271 2432 4325 Mariam
2463 4267 2809 4338 spiritualem
2840 4270 3389 4340 contemplationem,
3414 4285 3533 4340 quae
3628 4277 3640 4288 ‘

1954 4361 2255 4435 practicam
2287 4375 2318 4414 a
2353 4365 2511 4429 tergo
2559 4359 2834 4428 sequitur,
2878 4375 2976 4431 per
3007 4375 3145 4431 quas
3181 4359 3532 4418 absolutissi-

1954 4469 2100 4509 mam
2156 4466 2290 4523 erga
2347 4451 2516 4505 Deum
2581 4448 2935 4506 dilectionem
2988 4452 3364 4523 designamus.
3422 4451 3532 4507 Alii

1957 4543 2228 4599 Martham
2285 4541 2342 4597 in
2403 4541 2634 4612 ﬁguram
2691 4550 2922 4597 sumunt
2970 4545 3178 4600 veteris
3229 4541 3530 4614 Scriptura:

274 4609 649 4712 ηρέτουμένην
676 4637 916 4711 Χριστῷ.
966 4609 1466 4708 Μεταπλαττομένη
1703 4637 1848 4690 ἱστο-

1953 4636 2354 4692 ministrantem
2392 4609 2636 4687 Christo.
2680 4630 3098 4689 Transformata
3135 4609 3410 4707 siquidem
3445 4633 3530 4690 hi-

282 4733 376 4802 ρὶα
418 4732 554 4803 πρὸς
594 4731 828 4804 θεωρίαν
883 4729 1278 4802 πνευματικὴν,
1329 4729 1431 4800 τὴν
1461 4728 1557 4783 τοῦ
1602 4728 1853 4799 Σωτῆρος

277 4823 556 4892 τράπεζαν
582 4825 893 4894 συγκροτεῖ.
910 4822 1138 4885 Πολλαϊς
1162 4821 1272 4893 γὰρ
1300 4819 1628 4892 μαρτυρίαις
1647 4820 1850 4890 κεχρή-

279 4915 424 4985 μεθα
453 4915 563 4977 τοῖς
589 4915 742 4987 παρὰ
777 4913 1014 4985 Χριστοῦ
1049 4914 1432 4984 συνιστάμενοι
1462 4913 1717 4983 δόγμασι·
1751 4912 1851 4983 τὴν

274 5006 330 5058 δὲ
374 5005 592 5077 Μαρίαν
637 5006 738 5076 τὴν
791 5005 1153 5076 εὐαγγελικὴν
1211 5004 1517 5071 παίδευσιν,
1548 5002 1648 5074 τὴν
1694 5002 1853 5074 δίκην

273 5097 449 5169 μύρου
475 5096 771 5168 τρίϐουσαν
798 5095 893 5150 τοῦ
924 5095 1128 5167 Κυρίου
1152 5095 1282 5158 τοὺς
1319 5095 1509 5173 πόδας,
1532 5093 1680 5148 τοῦτ’
1711 5092 1850 5159 ἐστι,

267 5185 372 5253 τὴν
400 5185 528 5255 περὶ
573 5183 807 5254 τὴν-γῆν
836 5183 1136 5253 γενομένην
1180 5177 1327 5252 αύτῷ
1369 5181 1701 5251 οἰκονομίαν,
1756 5181 1853 5233 καὶ

267 5277 402 5346 ὃλην
430 5275 530 5345 τὴν
573 5275 678 5343 γῆν
734 5274 836 5344 τῆς
879 5272 1108 5334 εὐωδίας
1156 5272 1490 5343 πληροῦσαν,
1521 5272 1643 5342 ἥτις
1701 5271 1852 5326 ἐστὶν

265 5361 421 5428 οἶκος
449 5367 547 5434 τῆς
576 5364 798 5435 ἁπάσης
845 5363 1284 5435 ἀνθρωπότητος.
1325 5363 1528 5428 Ἄλλοι,
1563 5363 1664 5432 τὴν
1689 5363 1849 5434 Μάρ-

265 5459 374 5512 θαν
409 5458 506 5527 μὲν
524 5455 770 5524 λέγουσι,
799 5456 900 5526 τὴν
920 5456 1030 5508 τῶν
1066 5455 1333 5509 Ἰουδαίων
1371 5454 1723 5525 Συναγωγὴν,
1751 5453 1852 5525 τὴν

260 5549 360 5602 διὰ
387 5547 498 5600 τῶν
539 5546 818 5618 σαρκικῶν
869 5547 1130 5603 θέλουσαν
1173 5547 1502 5621 θεραπεύειν
1547 5546 1639 5600 τὸν
1693 5545 1846 5599 656v-

257 5641 371 5709 τὴν
395 5639 453 5692 δὲ
481 5640 724 5712 Μαρίαν,
755 5639 852 5712 τὴν
881 5641 940 5707 ἐξ
967 5642 1136 5696 ἐθνῶν
1177 5641 1524 5714 Ἐκκλησίαν,
1557 5639 1658 5712 τὴν
1680 5656 1848 5692 πνευ-

267 5729 514 5802 ματικὰς
543 5731 738 5796 θυσίας
787 5734 882 5786 καὶ
927 5731 1100 5800 εὐώδη
1131 5731 1313 5785 πίστιν
1355 5733 1742 5803 προσάγουσαν
1766 5726 1843 5798 τῷ

635 5827 904 5886 PATROL.
945 5827 1058 5888 Gn.
1092 5825 1350 5885 LXXIV.

1951 4727 2124 4784 storia
2164 4727 2218 4782 in
2252 4724 2774 4795 contemplationem
2805 4725 3183 4797 spiritualem,
3217 4726 3529 4783 Servatoris

1957 4835 2199 4876 mensam
2233 4816 2462 4874 instruit
2499 4825 2555 4872 et
2595 4817 2848 4873 adornat.
2887 4817 3069 4873 Multis
3101 4817 3245 4873 enim
3298 4819 3532 4876 nitimur

1953 4907 2282 4965 testimoniis
2313 4907 2382 4964 de
2416 4905 2638 4963 Christo
2668 4947 2684 4971 ,
2719 4905 2995 4978 dogmatis
3027 4905 3148 4976 ejus
3178 4906 3486 4962 conﬁrmati
3513 4926 3527 4975 ;

1958 4998 2186 5053 Mariam
2217 5013 2350 5054 vero
2389 4997 2768 5067 evangelicam
2812 4997 3245 5062 institutionem,
3275 5013 3398 5071 quae
3445 4997 3532 5053 iu-

1952 5100 2066 5147 star
2099 5091 2361 5162 unguenti
2391 5088 2614 5145 Domini
2642 5089 2810 5160 pedes
2844 5089 3038 5155 unxit,
3073 5089 3179 5144 hoc
3207 5096 3292 5144 est
3312 5089 3444 5162 ejus
3475 5089 3529 5142 in

1952 5193 2098 5239 terra
2131 5181 2518 5246 meonomiam,
2561 5189 2725 5253 atque
2759 5181 3079 5237 universum
3119 5161 3393 5235 terrarum
3437 5195 3532 5234 or-

1952 5275 2072 5330 bem
2101 5272 2401 5343 fragrantia
2444 5272 2635 5328 odoris
2659 5264 2901 5340 'implet,
2929 5284 3052 5342 qua?
3085 5276 3172 5326 est
3216 5269 3388 5324 totius
3437 5269 3533 5323 hu-

1951 5362 2232 5419 manitatis
2287 5361 2510 5420 domus.
2584 5363 2691 5418 Alii
2755 5361 3024 5418 Martham
3099 5360 3532 5433 interpretantur

1949 5451 2264 5508 Judzeorum
2319 5451 2704 5524 Synagogam,
2776 5467 2898 5523 qua:
2957 5467 3054 5523 per
3111 5452 3357 5507 carnalia
3416 5451 3532 5504 vult

1951 5545 2121 5602 Deum
2156 5546 2380 5612 colere;
2416 5544 2641 5600 Mariam
2683 5559 2814 5600 vero
2841 5543 3135 5600 conﬂatam
3176 5559 3244 5599 ex
3268 5542 3530 5615 gentibus

1951 5636 2276 5702 Ecclesiam,
2307 5651 2431 5708 quae
2459 5637 2770 5708 spiritualia
2820 5637 3096 5698 sacriﬁcia
3122 5645 3179 5692 et
3208 5634 3530 5691 suaveolen-

1949 5737 2058 5786 tem
2113 5730 2271 5787 tidem
2320 5722 2543 5784 Christo
2595 5729 2793 5797 otl'ert,
2846 5731 3215 5804 cxprimitque
3264 5741 3296 5784 ο
3333 5735 3528 5780 sancta

3010 5902 3017 5910 .
3056 5823 3090 5881 3
