4062 6208
496 307 584 360 Ἷεὶ
1537 309 1592 364 S.
1632 309 1908 366 CYRILLI
1949 307 2419 365 ALEXANDRINI
2455 312 2768 370 ARCHIEP.
3683 322 3749 376 76

507 425 632 501 ejus
657 441 823 482 carne
855 395 1290 497 benedictionem
1323 438 1419 496 per
1451 427 1742 496 mysticam
1789 426 2082 495 participa-

2200 430 2423 501 Κριστῷ,
2456 430 2552 484 καὶ
2581 433 3029 502 ἀναματτομένην
3059 434 3158 502 τὴν
3185 434 3250 486 ἐκ
3280 434 3379 502 τῆς
3401 434 3560 503 ἁγίας
3589 438 3753 492 αὐτοῦ

513 517 744 573 tionem.
794 515 964 571 Olfert
1001 531 1129 571 vero
1185 515 1405 582 libram,
1452 515 1596 584 quod
1635 521 1723 570 est
1771 515 2081 584 perfectum

2200 523 2390 592 σαρκὸς
2422 523 2669 591 εὐλογίαν
2698 525 2787 577 διὰ
2815 525 2911 593 τῆς
2943 524 3210 594 μυστικῆς
3237 524 3608 595 μεταλήψεως.
3661 531 3756 582 Λί-

498 608 750 679 ςροιιάιιε,
794 607 862 662 ad
905 606 1294 678 perfectionem
1336 603 1460 660 fidei
1495 603 1910 675 designandam.

584 779 716 848 Xll,
760 782 823 836 5.
865 779 1064 834 Domus
1114 797 1234 836 vero
1279 779 1494 848 impleta
1549 790 1626 833 est
1656 794 1721 834 ex
1770 777 1929 832 odore
1981 795 2083 831 un-

514 873 716 944 guenti.

577 963 1072 1035 Loco-fragrantia
1114 969 1167 1016 et
1203 961 1410 1029 odoris,
1444 960 1647 1016 Christi
1695 961 1938 1032 cognitio
1984 964 2090 1015 im-

510 1059 730 1130 .pletura
760 1065 886 1112 erat
923 1057 1111 1112 orbem
1153 1064 1451 1111 terrarum.
1489 1053 1713 1124 Repleta
1747 1056 1890 1109 enim
1925 1054 2090 1109 domo

515 1149 792 1204 suavitate
842 1148 1128 1220 unguenti,
1173 1147 1342 1201 veluti
1393 1148 1646 1218 symbolo
1697 1145 2090 1201 ostendebatur

516 1241 714 1296 domus
749 1241 841 1294 illa
871 1255 992 1310 quae
1025 1239 1344 1308 propediem
1376 1237 1740 1308 spiritualiter
1778 1245 1894 1292 erat
1932 1237 2091 1307 perﬁ-

511 1332 738 1387 cienda.
775 1331 972 1385 Statim
1007 1331 1152 1387 enim
1191 1337 1312 1399 post
1341 1331 1654 1400 passionem
1689 1328 1917 1393 Christi,
1964 1329 2090 1383 uni-

507 1437 676 1480 ~versa
725 1433 874 1479 terra
922 1422 1080 1478 suavi
1121 1423 1291 1476 odore
1340 1428 1605 1490 tanquam
1648 1435 1845 1490 magna
1885 1419 2090 1496 domus

515 1525 799 1588 unguento
829 1516 1038 1586 repleta
1072 1521 1179 1569 est.
1216 1513 1313 1568 illa
1337 1507 1472 1584 ergo
1499 1528 1594 1583 per
1628 1514 1678 1566 id
1724 1512 1868 1582 quod
1903 1513 2089 1568 sensui

514 1610 789 1678 sulijacet,
831 1605 1160 1678 praedicebat
1197 1604 1249 1659 id
1283 1603 1431 1673 quod
1467 1605 1570 1659 sub
1620 1603 1962 1659 intellectum
1997 1619 2092 1658 ea-

513 1699 600 1752 dit
626 1715 642 1753 :
673 1714 799 1752 nam
835 1697 962 1768 ejus
998 1701 1230 1766 corpore
1255 1695 1430 1749 instar
1462 1695 1728 1749 alabastri
1759 1703 2088 1764 compuncto

517 1805 584 1843 ac
607 1803 907 1860 percusso,
951 1786 1288 1858 cognitionis
1329 1783 1495 1855 696
1543 1784 1914 1840 suaveolentia
1967 1786 2088 1838 uni-
2119 1761 2162 1820 Β

518 1897 736 1940 versum
767 1881 954 1936 orbem
989 1879 1248 1950 perfudit.

589 1972 704 2037 XII,
737 1973 792 2040 4,
818 1972 1030 2028 5.Dicit
1057 1973 1218 2044 igitur
1240 1969 1412 2024 ludas
1437 1968 1722 2024 Iseariotes
1751 1987 1769 2024 :
1799 1970 1976 2037 Quare
1997 1971 2093 2025 hoc

519 2072 843 2135 unguentum
866 2079 971 2118 non
992 2062 1150 2118 veniit
1177 2060 1422 2114 trecentis
1445 2058 1704 2125 denariis,
1732 2068 1782 2113 et
1809 2061 1994 2114 datum
2015 2070 2090 2116 est

518 2157 689 2228 egenis
716 2158 741 2211 ?

591 2247 805 2304 Mulieri
844 2245 1102 2317 pietatem
1149 2258 1303 2298 suam
1354 2258 1484 2310 erga
1537 2241 1817 2297 Christum
1867 2244 2090 2299 testanti

520 2339 770 2411 proditor
803 2342 1112 2399 succenset,
1162 2334 1543 2403 actionemque
1592 2334 1958 2389 admiratione
2005 2336 2091 2389 di-

519 2445 682 2503 gnam
715 2430 912 2500 carpit,
957 2427 1288 2496 simulatque
1324 2441 1383 2480 se
1408 2424 1679 2502 charitate
1712 2439 1846 2494 erga
1886 2440 2092 2495 paupe-

473 2544 476 2545 '
520 2539 610 2579 res
637 2521 858 2577 modum
887 2517 1307 2590 reprehendere,
1333 2515 1482 2585 quod
1506 2521 1844 2584 unguentum
1871 2514 2093 2568 otferret

519 2622 574 2670 et
599 2628 707 2669 non
733 2619 1040 2681 argentum.
1073 2609 1211 2662 Cum
1247 2615 1425 2659 autem
1460 2605 1512 2658 id
1545 2604 1688 2673 quod
1721 2619 1848 2658 vere
1887 2603 2093 2657 bonum

519 2714 606 2762 est
645 2690 947 2775 ignoraret,
975 2701 1111 2754 dicit
1147 2699 1250 2751 hoc
1279 2695 1472 2750 Judas.
1512 2693 1746 2765 Oportet
1777 2696 1922 2750 enim
1948 2696 2095 2749 obla-

520 2796 752 2857 tionem,
779 2806 902 2862 qua:
939 2789 1048 2844 lieo
1083 2789 1168 2850 fit,
1198 2786 1532 2856 pauperibus
1557 2783 1844 2839 anteferri.

592 2881 718 2945 XII.
755 2882 807 2938 6.
856 2881 1005 2934 Dixit
1033 2890 1206 2934 autem
1237 2878 1354 2939 hoc,
1396 2893 1498 2930 non
1525 2875 1662 2944 quod
1694 2894 1776 2930 res
1811 2892 2092 2946 egenorum

523 2975 626 3045 ipsi
655 2988 797 3026 cura:
824 2980 1019 3036 essent,
1070 2968 1160 3023 sed
1207 2967 1328 3037 quia
1359 2965 1447 3033 {ur
1495 2975 1630 3031 erat,
1659 2977 1709 3020 et
1762 2966 1962 3021 (oculos
1993 2969 2092 3018 ha—

525 3067 670 3127 bens,
700 3074 807 3119 etc.

596 3155 835 3226 Exponit
876 3169 1102 3209 causam
1129 3154 1468 3224 evangelista
1499 3166 1598 3205 cur
1631 3149 1743 3202 hmc
1783 3149 2098 3218 loqueretur

523 3248 718 3314 Judas,
762 3263 870 3302 non
907 3247 1056 3316 quod
1091 3263 1358 3316 pauperes
1397 3251 1640 3306 curaret,
1687 3242 1782 3296 sed
1823 3243 1968 3311 quod
2013 3241 2102 3294 fur

525 3349 671 3397 esset
719 3348 772 3394 et
807 3339 1131 3408 sacrilegus,
1185 3337 1293 3391 Deo
1339 3337 1552 3390 dicatas
1605 3333 1866 3402 pecunias
1921 3333 2102 3385 subri-

527 3433 704 3504 piens.
737 3432 995 3488 Christus
1031 3445 1158 3485 vero
1184 3429 1468 3483 mulierem
1505 3426 1654 3480 omni
1690 3425 1850 3493 culpa
1880 3423 2098 3486 liberat,

527 3526 658 3579 dum
705 3525 922 3577 occulte
961 3521 1298 3590 proditorem
1333 3517 1632 3588 redarguit,
1677 3517 1768 3587 qui
1796 3515 1945 3568 nulla
1971 3531 2097 3568 cum

533 3616 748 3669 ratione
779 3613 942 3668 laude
983 3613 1147 3680 digna
1175 3609 1619 3680 reprehenderet,
1645 3608 1874 3664 dicens:
1911 3624 1930 3658 ι
1970 3608 2101 3663 Sine

530 3705 822 3764 illamJDe
851 3706 1116 3776 unguenti
1149 3720 1276 3759 vero
1295 3703 1615 3772 perfusione
1644 3715 1868 3756 causam
1903 3701 2102 3765 reddit,

527 3795 675 3868 quod
703 3811 809 3862 non
837 3795 905 3848 ad
956 3795 1166 3857 luxum,
1215 3793 1308 3849 sed
1343 3793 1407 3846 ad
1451 3791 1772 3863 mysterium
1827 3791 2100 3860 quoddam

529 3887 676 3959 quod
711 3887 859 3941 circa
883 3887 1001 3956 ejus
1030 3886 1372 3955 sepulturam
1408 3875 1532 3948 fuit,
1567 3889 1776 3952 spectet
1809 3900 1822 3936 :
1854 3882 1957 3936 etsi
1982 3897 2102 3952 quae

531 3978 588 4034 id
650 3976 907 4040 faciebat,
969 3977 1252 4044 ignoraret
1306 3975 1554 4046 mysterii
1620 3974 1890 4028 rationem
1936 3983 2102 4043 atque

532 4067 919 4123 oeconomiam.
956 4066 1126 4122 Multa
1174 4069 1319 4123 enim
1362 4066 1614 4120 nonnulli
1659 4075 1714 4122 et
1755 4067 2015 4120 dixerunt
2049 4075 2103 4119 et

535 4159 782 4214 fecerunt
817 4157 884 4212 ad
910 4158 1198 4230 mysticam
1231 4158 1538 4226 spectantia
1572 4157 1820 4226 figuram,
1845 4157 1967 4213 licet
2002 4158 2105 4210 im-

534 4249 832 4322 prudentes
884 4259 938 4304 et
981 4250 1181 4320 ignari.
1245 4247 1350 4303 Sed
1401 4249 1548 4304 enim
1607 4249 1869 4304 Dominus
1908 4263 2102 4306 rursus

519 4337 781 4412 'coargnit
807 4335 1026 4402 ludam,
1057 4337 1199 4408 quod
1229 4337 1344 4392 haec
1375 4353 1482 4392 non
1514 4337 1586 4394 ob
1617 4339 1963 4408 religionem,
2007 4337 2100 4391 sed

2186 631 2323 684 τραν
2353 615 2409 667 δὲ
2442 616 2730 684 προσάγει,
2765 615 2901 686 ὅπερ
2933 617 3048 668 ἐστὶ
3095 616 3300 680 τέλειος
3353 619 3612 690 σταθμὸς,
3669 622 3756 675 διὰ

2188 703 2248 756 τὸ
2276 706 2378 774 τῆς
2420 706 2654 768 πίστεως
2684 705 2910 759 τέλειον.

2271 794 2332 848 Ἠ
2358 794 2427 848 δὲ
2472 795 2628 848 οἰκία
2659 792 2971 862 ἐπληρώθη
3013 793 3082 848 ἐκ
3125 794 3236 864 τῆς
3282 794 3477 866 ὀσμῆς
3505 799 3612 853 τοῦ
3644 801 3756 868 μύ-

2181 904 2317 954 ρου.
3355 947 3368 960 I

2273 978 2359 1030 ’Ev
2388 976 2536 1042 τάξει
2579 977 2827 1041 εὐωδίας.
2858 978 2890 1048 ὴ
2929 976 3024 1032 τοῦ
3057 979 3296 1050 Χριστοῦ
3324 979 3527 1048 γνῶσις
3564 979 3756 1052 ἔμελλε

2191 1070 2430 1141 πληροῦν
2479 1071 2570 1124 τὸν
2619 1072 2842 1140 κόσμον.
2887 1069 2994 1123 Τοῦ
3031 1072 3141 1140 γὰρ
3189 1071 3338 1124 οἴκου
3381 1071 3757 1142 πληρωθέντος

2189 1165 2288 1232 τῆς
2326 1163 2389 1214 ὲκ
2420 1159 2514 1213 τοῦ
2557 1161 2729 1232 μύρου
2768 1160 3010 1224 εὐωδίας,
3047 1161 3388 1232 συμϐολικῶς
3418 1164 3757 1217 ἐπεδείκνυτο

2190 1253 2415 1316 ἐκεῖνος,
2462 1249 2598 1322 ὅπερ
2641 1251 3022 1322 πνευματικῶς
3065 1251 3167 1304 οὐκ
3204 1253 3282 1315 είς
3314 1253 3530 1323 μακρὰν
3564 1255 3758 1308 ἀποτε-

2191 1342 2447 1413 λεσθῆναι
2486 1343 2732 1413 ἔμελλεν.
2774 1342 2949 1406 Εὐθὺς
2984 1343 3092 1413 γὰρ
3141 1343 3278 1412 μετὰ
3324 1342 3387 1395 τὸ
3437 1343 3626 1408 πάθος,
3660 1345 3757 1416 τῆς

2190 1434 2429 1504 Χριστοῦ
2464 1433 2690 1499 εὐωδίας
2723 1434 2757 1504 ὴ
2811 1434 3074 1504 σύμπασα
3099 1434 3412 1504 οἰκουμένη,
3443 1434 3630 1506 ὥσπερ
3662 1438 3757 1506 μέ-

2191 1542 2294 1594 γας
2321 1521 2488 1591 οἶκος,
2515 1523 2807 1596 ἐπληρώθη
2839 1523 3031 1595 μύρου.
3074 1523 3165 1596 Τῷ
3194 1525 3370 1579 τοίνυν
3399 1525 3662 1596 αἰσθητῷ,
3697 1527 3758 1580 τὸ

2191 1616 2378 1688 νοητὸν
2428 1617 2610 1687 ἐκείνη
2651 1618 2982 1687 προεμήνυε⁶
3028 1614 3123 1668 τοῦ
3153 1615 3261 1686 γὰρ
3301 1615 3548 1686 σώματος
3592 1617 3757 1672 αὐτοῦ

2191 1707 2566 1778 ἀλλαδάστρου
2615 1707 2770 1776 δίκην
2817 1706 3252 1776 ἐκκεντηθέντος,
3289 1709 3323 1780 ὴ
3357 1711 3458 1779 τῆς
3504 1707 3758 1777 γνώσεως

2192 1800 2389 1854 εὐωδία
2411 1801 2501 1854 τὸν
2526 1798 2647 1854 ὅλον
2675 1798 2961 1870 ἐπλήρωσε
2989 1799 3214 1870 κόσμον.

2262 1977 2431 2048 Λέγει
2459 1973 2573 2032 οὖν
2614 1975 2835 2041 Ἰούδας
2866 1979 2899 2030 ό
2950 1975 3361 2044 Ἰσκαριώτης·
3394 1977 3555 2031 Arat!
3584 1977 3760 2032 τοῦτο
3842 2030 3860 2036 -

2191 2071 2256 2124 τὸ
2283 2071 2478 2139 μύρον
2518 2069 2629 2122 οὐκ
2669 2067 2893 2138 ἐπράθη
2928 2067 3286 2136 τριακοσίων
3304 2065 3618 2136 δηναρίων,
3659 2066 3758 2121 καί

2191 2162 2372 2230 ἐδόθη
2411 2161 2667 2230 πτωχοῖς
2688 2176 2705 2224 ,°
3032 2213 3046 2224 .

2198 2321 2201 2324 _
2274 2253 2532 2322 Ἐπιτιμᾷ
2562 2253 2590 2304 6
2618 2249 2881 2320 προδότης
2910 2251 2974 2318 τῇ
3003 2247 3220 2316 γυναικὶ
3248 2246 3622 2318 ὲπιδειξαμένη
3659 2246 3756 2318 τὴν

2192 2344 2272 2407 εἰς
2304 2341 2539 2412 Χριστὸν
2569 2341 2873 2402 εὐσέϐειαν,
2909 2339 3004 2392 καὶ
3027 2338 3126 2407 τῆς
3152 2338 3480 2405 ἁξιαγάστου
3504 2337 3758 2408 πράξεως

2195 2430 2645 2501 ἐπιλαμϐάνεται,
2679 2429 2770 2482 καὶ
2801 2431 3176 2498 προσποιεῖται
3223 2428 3310 2481 διὰ
3353 2427 3454 2494 τῆς
3507 2430 3586 2492 εἰς
3631 2429 3758 2490 τοὺς

2195 2523 2443 2591 πτωχοὺς
2494 2522 2714 2590 ἀγάπης
2771 2519 3101 2589 μέμφεσθαι,
3153 2519 3286 2571 διότι
3363 2517 3533 2588 μύρον
3582 2535 3756 2588 προσ·

2194 2611 2378 2682 ἔφερε,
2406 2611 2500 2662 καὶ
2526 2611 2626 2664 οὐκ
2658 2609 2940 2680 ἀργύριον.
2959 2609 3190 2676 Ἀγνοῶν
3212 2609 3266 2661 δὲ
3295 2609 3353 2662 τὸ
3377 2610 3545 2672 ὅντως
3573 2610 3757 2673 καλὸν,

2193 2701 2341 2768 λέγει
2369 2700 2526 2754 τοῦτο
2550 2701 2578 2752 6
2617 2699 2834 2760 Ἰούδας.
2871 2701 2962 2750 Δεῖ
2988 2700 3096 2769 γὰρ
3119 2701 3218 2769 τὴν
3248 2701 3327 2762 εἰς
3360 2699 3492 2753 Θεὸν
3519 2701 3758 2771 δωροφο-

2196 2792 2338 2864 ρίαν,
2375 2791 2771 2862 προτιμοτέραν
2800 2786 2937 2843 εἶναι
2963 2791 3069 2844 τῶν
3105 2791 3356 2862 πτωχῶν.

2266 2878 2412 2936 Eius
2447 2878 2515 2933 δὲ
2544 2879 2737 2942 τοῦτο,
2769 2881 2880 2948 οὐχ
2914 2879 3002 2932 ὄτι
3032 2880 3164 2946 περὶ
3195 2878 3310 2933 τῶν
3347 2882 3598 2951 πτωχῶν
3629 2883 3760 2952 ἐμε-

2194 2975 2326 3034 λεν,
2359 2971 2495 3024 ἀλλ’
2544 2970 2632 3022 ὅτι
2683 2971 2949 3036 κλέπτης
2982 2966 3060 3039 ἦν
3089 2971 3186 3024 καί
3232 2970 3296 3024 τὸ
3328 2975 3766 3043 γλωσσόκομον

2195 3059 2340 3133 εἷχε,
2367 3065 2462 3117 καὶ
2490 3063 2558 3115 τὰ
2589 3063 2737 3132 ἑξῆς.

2281 3155 2337 3208 ’0
2375 3154 2557 3224 μέντοι
2607 3154 2997 3224 εὐαγγελιστὴς
3026 3153 3298 3225 ἐξηγεῖται
3334 3156 3434 3225 τὴν
3469 3157 3667 3221 αἰτίαν,
3696 3158 3766 3210 δι’

2197 3248 2264 3316 ἣν
2294 3246 2466 3300 ταῦτα
2498 3243 2650 3298 εἶπεν
2681 3248 2708 3297 6
2742 3245 2964 3308 Ἰούδας,
3012 3247 3092 3298 ὄτι
3131 3247 3225 3314 οὐχ
3258 3247 3335 3307 ὼς
3381 3246 3489 3298 τῶν
3520 3249 3769 3317 πενήτων

2197 3335 2514 3405 κηδόμενος.
2547 3334 2682 3388 ἀλλὰ
2721 3335 2801 3387 ὅτι
2837 3335 3073 3403 κλέπτης
3110 3329 3179 3402 ἦν
3225 3334 3319 3386 καί⁵
3356 3333 3647 3402 ἱερόσυλος,
3698 3337 3768 3387 τὰ

2196 3426 2275 3496 τῷ
2313 3425 2433 3495 Θεῷ
2458 3425 2820 3494 ἀνατιθέμενα
2848 3426 3105 3495 χρήματα
3136 3425 3399 3477 κλέπτων.
3443 3426 3552 3477 Καὶ
3579 3427 3606 3477 6
3632 3427 3766 3496 Χρι-

2149 3501 2160 3508 κ
2200 3517 2321 3578 στὺς
2347 3516 2404 3570 δέ
2452 3516 2628 3582 πάσης
2675 3514 2851 3575 αίτίας
2884 3514 3173 3584 ἐλευθέραν
3205 3514 3495 3582 ἀποφαίνει
3539 3515 3637 3584 τὴν
3666 3531 3767 3582 γυ-

2199 3612 2376 3672 ναῖκα,
2406 3607 2472 3659 δι’
2500 3601 2574 3659 ὧν
2601 3605 3098 3676 ἐγκεκαλυμμένως
3128 3607 3338 3676 ἐλέγγει
3365 3607 3455 3660 τὸν
3479 3607 3769 3678 προδότην,

2197 3699 2298 3750 οὐκ
2350 3697 2586 3762 εὐλόγως
2618 3693 2942 3764 αἰτιώμενον
2969 3697 3038 3748 τὰ
3085 3697 3308 3755 ἐπαίνου
3367 3696 3512 3762 ἄξια,
3573 3699 3768 3766 λέγων,

2205 3788 2411 3854 «Ἄφες
2439 3785 2668 3855 αὐτὴν.)
2715 3779 3163 3854 Ἀπολογέἰταιδὲ
3185 3787 3322 3857 ὑπὲρ
3351 3787 3452 3856 τῆς
3471 3787 3564 3840 τοῦ
3596 3788 3768 3858 μύρου

2200 3875 2452 3947 χρίσεως,
2470 3873 2530 3928 οὐ
2547 3873 2636 3926 διὰ
2658 3873 2866 3946 τρυφὴν
2890 3876 3194 3942 γεγονυίας,
3217 3876 3352 3930 ἀλλὰ
3379 3877 3468 3930 διά
3485 3893 3537 3929 τι
3563 3878 3770 3948 μυστή-

2205 3968 2491 4039 ριον,ὃπερ
2525 3961 2602 4032 είς
2632 3967 2720 4021 τὸν
2752 3967 2916 4020 αὐτοῦ
2934 3968 3153 4035 γέγονεν
3185 3967 3571 4037 ἐνταφιασμὸν,
3601 3970 3649 4021 εἰ
3676 3969 3771 4021 καὶ

2202 4059 2389 4128 ἠγνόει
2419 4061 2452 4129 ἡ
2493 4061 2765 4128 ποιήσασα
2796 4058 2891 4110 τοῦ
2945 4059 3242 4130 μυστηρίου
3287 4058 3385 4129 τὴν
3437 4059 3768 4128 οἰκονομίαν.

2204 4151 2382 4206 Πολλὰ
2399 4151 2508 4220 γάρ
2525 4167 2669 4212 τινες
2700 4149 2796 4202 καὶ
2828 4143 2979 4202 εἷπον
3001 4151 3092 4203 καὶ
3124 4150 3385 4219 ἐποίησαν
3406 4151 3485 4212 εἰς
3513 4151 3771 4220 μυστικὸν

2204 4243 2417 4313 ὁρῶντα
2444 4241 2614 4295 τύπον
2642 4242 2983 4310 ἀγνοοῦντες.
3007 4243 3196 4312 Ὅμως
3243 4244 3272 4295 6
3323 4241 3526 4313 Κύριος
3561 4241 3772 4312 ἐλέγχει

2205 4336 2367 4394 πάλιν
2395 4335 2484 4391 τὸν
2501 4333 2722 4398 Ἰούδαν,
2747 4335 2827 4388 ὅτι
2852 4335 2912 4389 οὐ
2940 4334 3008 4387 δι’
3039 4333 3324 4387 εὐλάϐειαν
3353 4331 3524 4407 ταῦτα
3559 4332 3770 4400 ἔλεγεν⁹

532 4427 606 4484 ob
633 4429 814 4498 turpis
847 4427 986 4481 lucri
1033 4428 1388 4497 cupiditatem
1430 4429 1659 4490 diceret,
1703 4437 1866 4497 atque
1903 4429 2099 4497 exiguo

2207 4427 2320 4480 ἀλλ’
2347 4428 2428 4480 ὅτι
2456 4427 2845 4496 αἰσχροκερδὴς
2868 4421 2956 4496 ἦν,
2987 4426 3078 4478 καὶ
3105 4427 3171 4479 δι’
3196 4425 3373 4493 ὀλίγον
3404 4424 3610 4496 κέρδος,
3635 4439 3772 4493 προ-

532 4518 825 4572 admodum
878 4519 1250 4575 emolumento
1301 4520 1624 4589 magistrum
1671 4521 1990 4589 proditurus
2019 4537 2106 4575 es-

531 4615 636 4665 set.
672 4607 883 4678 Quippe
918 4609 1216 4680 sepuitura:
1257 4619 1312 4665 et
1341 4611 1533 4665 mortis
1584 4610 1791 4665 mentio
1836 4610 1888 4664 id
1927 4610 2107 4664 decla-

531 4715 658 4754 rare
703 4699 942 4756 videtur.
991 4700 1229 4755 Adducit
1298 4701 1462 4756 etiam
1519 4701 1788 4754 rationem
1846 4700 2106 4755 Servator

531 4786 692 4842 nobis
750 4801 813 4839 ae
866 4787 1312 4856 persuasionem,
1366 4787 1569 4858 pietate
1617 4803 1748 4858 erga
1799 4804 1922 4844 eum
1965 4790 2102 4844 nihil

530 4892 654 4932 esse
687 4875 993 4948 antiquius.
1038 4875 1327 4950 Permagni
1379 4879 1629 4941 interest,
1673 4880 1884 4949 inquit,
1917 4896 2105 4936 amare

531 4984 822 5041 pauperes,
858 4969 953 5023 sed
999 4977 1182 5024 tamen
1232 4971 1540 5025 reverentia
1590 4970 1681 5025 Dei
1713 4977 2099 5041 anteponatur.

531 5058 686 5126 Quod
727 5075 855 5115 vero
892 5059 1060 5120 dicit.
1092 5059 1368 5129 ejusmodi
1413 5067 1522 5114 est.
1575 5059 1845 5129 Tempus,
1891 5061 2098 5130 inquit,

530 5149 676 5218 quod
711 5151 1192 5203 constitutumest
1219 5149 1286 5203 ad
1317 5165 1499 5204 meum
1541 5149 1828 5215 honorem,
1873 5151 1974 5206 hoc
2019 5158 2102 5205 est

533 5237 600 5291 ad
628 5255 800 5292 meam
823 5241 914 5294 hic
943 5241 1459 5305 commorationem,
1490 5256 1759 5320 pauperes
1788 5241 1923 5295 mihi
1959 5256 2101 5310 pra:-

533 5328 662 5382 ferri
697 5336 884 5382 vetat:
926 5340 980 5385 et
1021 5331 1123 5386 hoc
1150 5331 1290 5386 dixit
1325 5333 1668 5387 mconomice
1696 5343 1860 5402 atque
1885 5333 2099 5395 ordine,

532 5434 642 5473 non
691 5435 919 5489 prorsus
968 5422 1250 5478 abducens
1303 5423 1716 5480 misericordem
1764 5439 1828 5477 ac
1872 5425 2020 5492 pium
2072 5441 2102 5477 a

530 5511 800 5566 charitate
829 5511 884 5565 in
915 5514 1364 5582 pauperesaCum
1397 5516 1563 5586 igitur
1585 5523 1801 5583 tempus
1825 5523 1906 5568 est
1929 5515 2097 5569 divini

531 5597 714 5658 {'ullus
744 5610 797 5657 et
827 5603 1144 5659 cantionum
1174 5622 1481 5676 sacrarum,
1514 5623 1590 5662 ea:
1619 5607 1949 5675 pauperibus
1973 5623 2100 5674 pra:-

534 5690 773 5748 terenda:
805 5697 932 5748 sunt
958 5716 975 5748 τ
1015 5694 1140 5772 licet
1166 5685 1310 5749 enim
1347 5695 1669 5751 benefacere
1697 5695 1779 5747 eis
1822 5704 1944 5764 post
1986 5698 2097 5765 spi-

2205 4517 2387 4571 δοῦναι
2420 4516 2615 4586 ἔμελλε
2649 4517 2740 4569 τὸν
2786 4516 3120 4571 διδάσκαλον.
3163 4517 3219 4569 '0
3265 4515 3373 4587 γὰρ
3407 4514 3774 4584 ἐνταφιασμδς

2206 4609 2300 4662 καὶ
2333 4610 2365 4678 ἡ
2403 4607 2498 4660 τοῦ
2543 4607 2782 4661 θανάτου
2825 4611 3011 4680 μνήμη
3056 4608 3212 4664 τοῦτο
3260 4607 3451 4678 δηλοῦν
3503 4606 3771 4676 φαίνεται.

2219 4699 2442 4767 Ἐπάγει
2488 4699 2544 4754 δὲ
2586 4701 2680 4752 καὶ
2709 4699 2966 4770 λογισμὸν
2989 4700 3018 4754 6
3050 4698 3266 4768 Σωτὴρ,
3293 4697 3597 4751 ἀναπείθων
3625 4697 3775 4766 ἡμᾶς

2209 4790 2289 4843 ὅτι
2341 4790 2443 4860 τῆς
2506 4793 2585 4852 εἰς
2649 4791 2810 4846 αὐτὸν
2847 4789 3126 4852 εὐσεϐείας
3183 4789 3333 4842 οὐδέν
3381 4790 3495 4842 ἐστι
3548 4787 3771 4858 βέλτιον.

2223 4881 2649 4952 Ἀξιολογωτάτη
2686 4882 2786 4952 μὲν
2815 4883 2944 4952 γὰρ,
2969 4882 3154 4950 φησιν,
3187 4883 3220 4952 ὴ
3249 4880 3607 4950 φιλοπτωχία,
3635 4876 3776 4948 πλὴν

2208 4970 2385 5023 ὀπίσω
2437 4969 2684 5040 τετάχθω
2735 4970 2834 5038 τῆς
2885 4971 2965 5032 εἰς
3003 4969 3154 5022 Θεδνκ
3177 4969 3380 5031 αἰδοῦς.
3419 4971 3481 5020 "0
3515 4968 3570 5020 δὲ
3604 4967 3775 5035 λέγει,

2207 5061 2446 5115 τοιοῦτόν
2479 5063 2643 5114 ἐστιν’
2689 5061 2745 5113 '0
2798 5061 3004 5132 χρόνος,
3055 5062 3240 5130 φησὶν,
3271 5065 3300 5114 ό
3332 5062 3427 5131 τῆς
3456 5061 3536 5122 εἰς
3563 5061 3663 5130 ἐμὲ
3688 5076 3780 5111 τε-

2206 5152 2477 5222 ταγμένος
2505 5152 2665 5203 ἕνεκα
2694 5154 2882 5222 τιμῆς,
2925 5152 3092 5222 ἤγουν
3118 5155 3146 5204 6
3180 5153 3277 5221 τῆς
3309 5153 3403 5204 ἐπὶ
3435 5150 3541 5220 γῆς
3568 5149 3777 5220 διατρι-

2209 5243 2330 5314 ϐῆς,
2365 5244 2462 5295 οὐκ
2495 5243 2720 5294 ἁπαιτεί
2749 5241 2883 5311 ἐμοῦ
2927 5243 3294 5314 προτιμᾶσθαι
3340 5245 3466 5304 τοὺς
3513 5242 3775 5311 πένητας.

2208 5332 2380 5384 Τοῦτο
2430 5330 2488 5382 δὲ
2537 5327 2689 5383 εἶπεν
2718 5333 3099 5402 οἰκονομικῶς,
3125 5333 3226 5386 οὐκ
3270 5332 3528 5401 ἀφίστησι
3565 5331 3662 5400 μέν
3693 5347 3778 5382 τοι

2209 5422 2492 5485 παντελῶς
2525 5426 2622 5492 τῆς
2669 5425 2747 5485 εἰς
2799 5425 2923 5487 τούς
2973 5425 3222 5494 πτωχοὺς
3264 5424 3485 5494 ἀγάπης
3517 5424 3606 5476 τὸν
3638 5439 3785 5490 συμ-

2209 5515 2374 5584 παθῆ.
2400 5518 2526 5568 Ὅτε
2557 5513 2650 5569 οὖν
2680 5517 2837 5588 χρεία
2871 5518 3123 5587 λατρείας
3153 5517 3185 5586 ἢ
3218 5515 3512 5586 ὐμνῳδίας,
3539 5517 3619 5568 δεῖ
3649 5532 3781 5584 προ-

2205 5610 2371 5678 τιμᾷν
2404 5609 2604 5672 ταύτας
2633 5611 2727 5680 τῆς
2762 5614 2842 5673 εἰς
2866 5611 2992 5673 τούς
3035 5611 3288 5679 πτωχοὺς
3321 5610 3566 5678 ἀγάπης·
3615 5608 3780 5660 δυνα-

2204 5698 2293 5750 τὸν
2342 5697 2450 5769 γὰρ
2501 5695 2558 5752 εὖ
2616 5702 2788 5752 ποιεῖν
2823 5701 2956 5769 μετᾶ
3001 5701 3098 5760 τὰς
3123 5701 3498 5770 πνευματικὰς
3529 5699 3780 5765 ’λειτουρ-
