4062 6208
337 330 408 385 77
1128 324 1194 379 IN
1232 324 1566 380 JOANNEM.
1601 354 1668 364 —
1715 321 1841 376 LIB.
1885 319 1971 374 vn
2014 317 2099 372 ΕΤ
2137 318 2245 373 vm
2288 296 2730 380 FRAGMENTA.
3517 319 3586 374 τε

335 445 484 513 γίας.
503 444 670 514 Φησὶν
696 438 788 497 οὖν
815 445 896 496 ὅτι
925 443 1036 496 Οὐκ
1068 443 1409 506 ἀδιαστάτως
1439 442 1527 495 ἀεὶ
1557 442 1677 504 ταῖς
1709 442 1789 504 είς
1821 437 1914 509 ἐμὲ

2026 434 2242 498 ritualia
2267 433 2462 500 ofﬁcia,
2494 433 2633 487 Dicit
2659 433 2827 503 igitur
2851 447 2958 487 non
2987 431 3223 486 dandam
3258 447 3379 488 esse
3411 433 3590 489 conti-

334 538 527 606 τιμαῖς
559 534 640 587 δεῖ
693 534 1000 607 σχολάζειν,
1051 533 1173 588 οὔτε
1206 535 1286 598 είς
1336 534 1436 605 τήν
1481 533 1761 603 ἱερατικὴν
1808 531 1914 586 λει-

2019 533 2213 582 neuter
2263 541 2490 597 operam
2542 526 2738 587 honori
2775 525 2919 594 ejus,
2955 539 3058 580 nec
3103 523 3268 602 697
3315 527 3498 581 omnia
3537 528 3595 583 in

336 628 601 700 τουργίαν
651 628 833 689 πάντα
873 627 1206 689 ἀναλίσκειν,
1239 625 1377 680 ἀλλὰ
1416 626 1485 679 τὰ
1526 625 1697 678 πολλὰ
1745 625 1919 678 δαπα-

339 724 438 792 νᾷν
467 722 548 783 είς
595 721 726 782 τοὺς
767 719 1026 789 πένητας.
1059 720 1129 771 Ἢ
1170 718 1633 788 οὓτως·’¹Ὠσπερ
1687 717 1825 787 μετὰ
1857 717 1914 768 τὸ

2018 726 2175 780 peres
2202 709 2502 781 eroganda.
2546 707 2644 764 Vel
2697 708 2801 763 hoc
2850 709 3012 763 modo
3047 727 3060 762 :
3093 706 3594 776 Quemadmodum,

339 812 608 881 ἀναϐῆναι
640 811 779 882 πρὸς
811 810 901 863 τὸν
933 810 1175 881 Πατέρα,
1208 809 1490 881 ἐπιτρέπει
1516 811 1627 871 τοῖς
1649 809 1914 878 μαθηταῖς

2018 811 2310 872 postquam
2348 800 2596 856 ascendit
2634 800 2701 854 ad
2745 799 2985 865 Patrem,
3020 798 3599 870 praecepitdiscipulis

341 903 644 974 νηστεύειν·
679 901 822 954 οὓτω
852 901 946 954 καὶ
992 901 1092 970 τῆς
1130 902 1210 964 εἰς
1245 902 1371 964 τοὺς
1421 900 1669 969 πτωχοὺς
1721 900 1914 969 ἐπιμε-

2018 892 2264 961 iejunare
2287 892 2355 955 δ’,
2396 893 2477 948 sic
2522 901 2576 947 et
2628 907 2817 946 curam
2850 906 3156 962 pauperum
3190 900 3320 946 tunc
3368 891 3599 948 liberius

338 995 488 1058 λείας
543 994 664 1048 τότε
717 995 914 1056 αὐτοὺς
963 993 1280 1064 ἀδεέστερον
1309 991 1694 1047 ἀντιλαὸέσθαι
1729 993 1914 1061 φησὶν,

2018 981 2098 1057 ait
2118 981 2323 1051 suscipi
2349 996 2530 1051 posse,
2560 982 2877 1050 minoreque
2913 981 3155 1052 negotio,
3181 995 3246 1036 ac
3275 981 3512 1036 tumultu
3545 989 3600 1038 et

2017 635 2176 676 sacra
2210 619 2538 674 insumenda
2570 634 2714 682 esse,
2761 619 2856 674 sed
2892 618 3061 672 multa
3111 633 3336 696 quoque
3375 618 3430 672 in
3465 635 3594 689 pau-
3675 630 3682 636 '

338 1087 626 1158 ἀθορύϐως
655 1104 716 1140 τε
762 1087 965 1158 μᾶλλον
1003 1087 1098 1140 καὶ
1131 1085 1512 1157 σχολαιότερον
1543 1083 1917 1154 κατορθώσειν

335 1181 440 1250 τὴν
466 1180 867 1250 φιλοπτωχίαν·
923 1179 1062 1251 ὅπερ
1103 1177 1198 1240 καὶ
1228 1177 1442 1246 γέγονε.
1493 1175 1648 1234 Μετὰ
1679 1175 1789 1247 γάρ
1819 1175 1918 1247 τὴν

336 1271 608 1343 ἀνάληψιν
639 1271 735 1324 τοῦ
763 1271 1037 1342 Σωτῆρος,
1073 1268 1260 1323 οὐκέτι
1288 1267 1618 1340 ἠκολούθουν
1642 1267 1720 1338 τῷ
1772 1266 1918 1322 διδα-

338 1363 552 1434 σκάλῳ,
599 1362 717 1417 ἀλλ’
767 1363 1092 1434 ἐσχόλασαν,
1143 1361 1267 1415 τότε
1301 1360 1531 1425 ἐντόνως
1579 1361 1798 1424 ἅπαντα
1849 1360 1917 1414 τά

334 1454 832 1526 καρποφορούμενα
862 1455 942 1518 εἰς
965 1455 1092 1520 τοὺς
1121 1453 1358 1528 πένητας
1380 1451 1782 1516 ἀναλίσκοντες.

424 1549 616 1615 Ἔγνω
669 1543 785 1601 οὖν
835 1543 1022 1615 ὄχλος
1067 1546 1135 1599 ἐκ
1191 1545 1310 1600 τῶν
1370 1544 1674 1606 Ἰουδαίων
1723 1545 1916 1610 πολὺς

337 1639 431 1692 ὅτι
457 1638 585 1691 ἐκεῖ
616 1638 770 1701 ἐστι,
807 1638 903 1690 καὶ
934 1638 1000 1700 τά
1037 1637 1186 1706 ἑξῆς.

2023 1071 2230 1141 majore
2273 1073 2386 1127 otio
2423 1072 2744 1128 charitatem
2782 1074 2839 1127 in
2893 1087 3164 1143 pauperes
3214 1073 3597 1143 exercituros;

2022 1162 2170 1232 quod
2198 1168 2253 1217 et
2282 1162 2534 1232 contigit.
2571 1160 2703 1216 Post
2744 1160 3056 1217 Servatoris
3089 1162 3238 1217 enim
3270 1163 3602 1232 assumptio-

2023 1267 2148 1306 nem
2178 1267 2286 1306 non
2322 1254 2559 1324 amplius
2590 1253 2960 1323 sequebantur
2987 1253 3334 1324 magistrum,
3381 1254 3476 1308 sed
3504 1268 3599 1323 per

2023 1344 2195 1398 otium
2231 1345 2569 1415 multiplices
2601 1345 2812 1401 fructus
2839 1346 2892 1409 in
2923 1360 3193 1416 pauperes
3216 1353 3473 1401 accurate
3502 1346 3600 1400 de-
3683 1387 3691 1396 .

2025 1439 2373 1508 promebam.

2116 1526 2240 1593 XII,
2273 1529 2324 1585 9.
2377 1526 2634 1598 Cognovit
2684 1544 2806 1596 ergo
2855 1527 3010 1580 turba
3056 1528 3226 1586 multa
3275 1543 3340 1582 ea:
3381 1527 3596 1588 Judwis

2019 1619 2146 1687 quia
2187 1617 2298 1672 illic
2331 1627 2432 1684 est,
2461 1625 2572 1672 ctc.

409 1729 508 1782 Διὰ
537 1728 600 1780 τὸ
633 1727 780 1792 ξένον
812 1727 908 1786 τοῦ
951 1728 1179 1797 σημείου
1220 1725 1660 1797 καταπλήττεται
1687 1729 1715 1781 ό
1739 1727 1914 1797 ὄχλος,

2090 1707 2322 1777 Propter
2358 1708 2658 1768 novitatem
2682 1709 2824 1778 signi
2849 1747 2862 1774 ,
2893 1723 3092 1779 magno
3121 1715 3347 1779 stupore
3376 1710 3596 1782 capitur

335 1822 434 1875 καὶ
455 1823 592 1892 ὅπερ
631 1821 868 1890 ἤκουσαν
889 1821 1132 1888 γεγονὸς,
1151 1818 1341 1890 ήθελον
1368 1820 1461 1872 καὶ
1493 1818 1614 1888 ὄψει
1641 1818 1915 1890 θεωρῆσαι

335 1914 474 1983 πρὸς
511 1911 864 1983 βεϐαιοτέραν
908 1910 1110 1964 πίστιν.
1158 1909 1232 1964 Οὐ
1277 1910 1436 1981 μόνον
1463 1910 1520 1963 δέ
1548 1910 1640 1963 τὸν
1668 1907 1918 1980 Λάζαρον

332 2003 529 2077 ἧθελον
567 2003 715 2068 ἰδεῖν,
741 2002 882 2057 ἀλλὰ
911 2001 1008 2065 καὶ
1039 2001 1130 2055 τὸν
1159 2003 1396 2074 Χριστὸν
1430 2002 1522 2066 τὸν
1551 2001 1645 2055 τοῦ
1692 2001 1918 2074 σημείου

333 2095 588 2167 ποιητὴν,
617 2096 678 2149 οὐ
705 2095 825 2150 τότε
850 2094 1068 2167 πρῶτον
1101 2095 1261 2149 αὐτὸν
1288 2095 1594 2167 ἑωρακότες
1613 2090 1786 2164 ’ἦσαν
1812 2093 1918 2164 γὰρ

333 2186 594 2249 πολλάκις
642 2186 805 2241 αὐτὸν
842 2186 1060 2249 ἰδόντες,
1097 2187 1192 2241 καὶ
1219 2185 1576 2257 ὁμιλήσαντες
1598 2185 1746 2256 αὐτῷ
1765 2201 1778 2214 '
1804 2183 1919 2238 ἀλλ’

328 2279 564 2349 ἐπείπερ
590 2273 660 2349 ἦν
693 2279 1059 2348 ὑποχωρήσας
1093 2277 1181 2338 διὰ
1209 2277 1268 2330 τὸ
1295 2278 1368 2348 μὴ
1394 2277 1586 2330 παθεῖν
1617 2276 1770 2346 παρὰ
1797 2295 1916 2332 και·

335 2367 452 2437 ρον,
483 2368 707 2438 ἐζήτουν
733 2366 895 2420 πάλιν
921 2367 1049 2420 ἰδεῖν
1079 2366 1262 2421 αὐτόν.
1295 2369 1357 2420 Οί
1397 2367 1454 2420 δέ
1497 2367 1915 2439 ἐπιεικέστεροι,

333 2459 436 2512 καὶ
456 2458 764 2528 ἐθαύμαζον
796 2457 980 2519 αὐτὸν,
1007 2457 1084 2521 ὼς
1115 2457 1266 2514 οὐδὲν
1287 2457 1451 2511 αὐτοῦ
1489 2459 1919 2528 κατεγνωκότες.

339 2549 719 2619 Οἰκονομικῶς
742 2545 829 2608 οὖν
864 2553 892 2606 ὁ
929 2550 1134 2622 Κύριος
1177 2551 1276 2606 οὐκ
1333 2549 1496 2614 εὐθὺς
1545 2551 1791 2622 εἰσῆλθεν
1840 2553 1921 2616 εἰς

353 2641 746 2714 Ἰερουσαλήμ,
775 2644 886 2697 ἀλλ’
935 2630 1150 2713 ἔμεινεν
1199 2643 1342 2708 ἐξω,
1377 2644 1464 2696 ἵνα
1510 2645 1636 2707 τοὺς
1692 2643 1919 2707 πολλοὺς

335 2733 428 2793 διὰ
446 2737 545 2805 τῆς
575 2736 763 2807 φήμης
792 2736 1165 2806 ἐπισπάσηται
1202 2736 1283 2798 είς
1308 2733 1600 2806 ἐπιθυμίαν
1619 2734 1712 2788 τοῦ
1745 2735 1919 2788 θέλειν

334 2823 501 2880 αὐτὸν
531 2825 680 2881 ἰδεῖν.

418 2917 894 2978 Ἦϐουλεύσαντο
926 2918 994 2972 δὲ
1051 2920 1104 2973 οἱ
1157 2918 1447 2990 ἀρχιερεῖς
1477 2961 1490 2983 ,
1524 2920 1625 2974 ἵνα
1670 2921 1765 2975 καὶ
1816 2921 1920 2977 τὸν

333 3004 600 3074 Δάζῑιρον
625 2997 1078 3068 ἀποκτείνωσιν.

2024 1799 2341 1862 multitudo,
2383 1809 2437 1854 et
2472 1801 2616 1870 quod
2650 1801 2861 1855 audivit
2909 1810 3124 1864 tantum
3149 1843 3164 1867 ,
3197 1803 3263 1857 ad
3297 1803 3595 1862 firmiorem

2021 1890 2180 1948 fidem
2211 1892 2390 1948 oculis
2433 1908 2704 1963 usurpare
2739 1894 2910 1963 cupit.
2958 1893 3067 1949 Nec
3095 1903 3309 1949 tantum
3341 1895 3597 1950 volebant
3685 1925 3688 1928 -

2017 1979 2205 2036 videre
2233 1981 2526 2050 Lazarum,
2568 1983 2661 2040 sed
2706 1991 2761 2040 et
2801 1985 3082 2040 Christum
3127 1986 3379 2040 miraculi
3424 1985 3598 2042 facto-

2017 2087 2156 2136 rem,
2190 2083 2468 2128 non-tunc
2517 2077 2755 2146 primum
2787 2092 2910 2132 eum
2961 2077 3292 2147 conspicati,
3348 2077 3598 2134 viderant

2018 2167 2162 2220 enim
2200 2181 2366 2238 saepe,
2402 2175 2609 2223 etcum
2645 2184 2712 2224 eo
2741 2169 3005 2223 collocuti
3042 2169 3294 2236 fuerant;
3335 2169 3430 2225 sed
3468 2171 3594 2241 quia

2020 2256 2162 2312 forte
2191 2272 2251 2312 se
2299 2259 2676 2326 subtraxerat,
2716 2277 2785 2316 ne
2839 2271 2969 2317 ante
3027 2269 3242 2331 tempus
3291 2269 3592 2332 pateretur,

2020 2363 2213 2404 rursus
2243 2365 2367 2404 eum
2398 2365 2633 2407 cernere
2656 2353 3008 2423 expetebant.
3043 2352 3438 2412 Moderatiores
3464 2368 3594 2408 vero

2017 2451 2074 2495 ct
2109 2443 2284 2510 ipsum
2324 2443 2720 2510 suspiciebant,
2775 2446 3025 2515 nihilque
3079 2447 3133 2499 in
3174 2461 3242 2501 eo
3293 2445 3597 2515 reprehen-

2019 2533 2246 2589 debant.
2279 2533 2648 2590 OEconomice
2692 2553 2825 2608 ergo
2863 2553 2928 2592 ac
2964 2539 3156 2593 ordine
3187 2538 3454 2593 Dominus
3484 2555 3592 2599 non

2017 2626 2203 2679 statim
2238 2626 2529 2696 ingressus
2561 2637 2646 2681 est
2674 2625 3002 2691 Jerusalem,
3029 2611 3129 2684 sed
3171 2627 3374 2684 mansit
3415 2635 3592 2691 extra,

2021 2727 2080 2772 ut
2129 2717 2476 2774 multitudini
2531 2733 2595 2772 ex
2647 2718 2790 2776 fama
2836 2721 3195 2789 cupiditatem
3235 2720 3318 2774 sui
3372 2720 3592 2782 videndi

2020 2810 2292 2878 injiceret.

2092 2901 2183 2960 XII
2207 2943 2222 2964 ,
2255 2903 2339 2968 IO,
2379 2903 2683 2958 Consilium
2729 2913 2903 2955 mrtem
2949 2902 3178 2956 inierunt
3213 2902 3473 2969 principes
3501 2918 3591 2962 34-..-

2020 2993 2292 3048 cerdotum
2323 3033 2340 3058 ,
2370 3005 2427 3048 ut
2471 3005 2518 3051 et
2551 2993 2818 3047 Lazarum
2859 2994 3236 3060 interﬁcerent.

409 3099 550 3170 Ὅρα
576 3099 634 3152 δὲ
689 3100 772 3152 ὅτι
803 3104 1173 3172 παραφρονεῖν
1201 3099 1450 3155 δοκοῦσιν
1489 3103 1538 3155 οἱ
1595 3101 1910 3173 ἡγούμενοι,

2087 3085 2322 3143 Attende
2355 3087 2550 3150 etiam,
2605 3086 2751 3155 quod
2802 3083 2869 3138 de
2930 3093 3075 3139 statu
3135 3084 3339 3139 mentis
3393 3083 3590 3140 deduci

335 3191 461 3261 τῇδε
509 3193 734 3245 κάκεῖσε
792 3193 1140 3264 κλονούμενοι
1183 3195 1288 3247 ὑπὸ
1318 3193 1415 3247 τοῦ
1454 3195 1670 3264 φθόνου,
1702 3196 1794 3254 καὶ
1823 3195 1912 3248 οὐ·

331 3279 422 3335 δέν
454 3282 748 3343 ἀκόλουθον
783 3283 1092 3346 λαλοῦντες.
1133 3284 1294 3338 Φόνον
1347 3285 1442 3342 ἐπὶ
1485 3284 1630 3356 φόνῳ
1682 3283 1916 3355 μελετῶ-

338 3389 445 3434 σιν,
476 3373 710 3443 οἰόμενοι
743 3374 836 3428 τοῦ
885 3374 1186 3447 παραδόξου
1234 3375 1531 3446 δραμόντος
1565 3375 1662 3448 τὴν
1686 3377 1915 3446 δύναμιν

336 3463 783 3535 συναιαιρεῖσθαι
805 3465 882 3536 τῷ
909 3465 1250 3531 τελευτῶντι,
1276 3466 1362 3519 ἵνα
1383 3469 1506 3530 τοὺς
1537 3466 1698 3530 λαοὺς
1716 3468 1913 3530 ἀνακό-

336 3555 480 3631 Quae:
503 3557 796 3630 τρέχοντας
827 3559 916 3614 ἐπὶ
949 3558 1010 3612 τὸ
1043 3559 1324 3612 πιστεύειν
1347 3559 1582 3631 Χριστῷ.

423 3733 821 3801 Ἀκούσαντες
858 3735 946 3788 ὅτι
984 3734 1216 3804 ἔρχεται
1265 3739 1296 3789 ὀ
1339 3737 1576 3805 Ἰησοῦς
1617 3739 1705 3803 εἰς
1737 3737 1910 3805 Ἰερο-

339 3824 600 3892 σόλυμα.

409 3915 830 3987 Εὑπειθέστεροι
867 3916 1016 3980 ὄντες
1041 3917 1087 3970 οἱ
1124 3915 1272 3986 ὄχλοι
1323 3918 1415 3978 καὶ
1445 3919 1512 3988 τῇ
1547 3915 1639 3970 τοῦ
1686 3918 1910 3989 σημείου

337 4007 554 4075 ποιήσει
583 4005 916 4075 ὑπαχθέντες
945 4006 1261 4076 ὑπήντησαν
1289 4003 1366 4074 τῷ
1410 4002 1650 4074 Χριστῷ,
1685 4004 1915 4074 ὑμνοῦν-

337 4112 431 4158 τες
467 4096 629 4149 αὑτὸν
657 4096 734 4160 ὡς
762 4097 1083 4168 νενικηκότα
1113 4096 1204 4158 τὸν
1253 4095 1481 4150 θάνατον
1528 4095 1666 4166 μετὰ
1704 4095 1871 4164 βαῖων
1896 4111 1909 4124 ⁶

338 4187 649 4257 εὐφημοῦσι
679 4186 738 4240 δέ
787 4188 886 4258 οὐχ
924 4187 1130 4252 ἁπλῶς,
1162 4185 1276 4240 ἀλλ’
1303 4188 1367 4240 ἐκ
1412 4187 1512 4256 τῆς
1557 4183 1913 4249 θεοπνεύστου

340 4278 598 4354 Γραιρῇς,
634 4279 695 4330 τὸ
755 4279 842 4340 ἐπ’
873 4279 1021 4349 αὐτῷ
1077 4277 1257 4342 καλῶς
1305 4277 1594 4347 εἰρημένον
1644 4275 1912 4345 λέγοντες,

339 4368 729 4440 ὁμολογοῦντες
755 4371 835 4431 ὅτι
873 4371 966 4425 καὶ
1019 4369 1273 4440 βασιλεὺς
1319 4365 1388 4440 ἦν
1432 4367 1526 4420 τοῦ
1586 4367 1822 4439 Ἰσραήλ,
1855 4367 1915 4424 ὃν

2018 3176 2302 3248 principes
2349 3176 2630 3242 videntur,
2681 3185 2846 3246 utque
2886 3176 2989 3229 hac
3036 3183 3090 3230 et
3141 3176 3267 3230 illac
3315 3176 3594 3246 agitentur

2017 3277 2286 3325 aestuante
2325 3267 2556 3331 invidia,
2621 3268 2872 3336 nihilque
2925 3283 3242 3338 congruens
3291 3277 3344 3323 ct
3395 3284 3592 3330 sanum

2016 3361 2339 3430 loquantur.
2392 3358 2608 3414 Caedem
2666 3358 2800 3414 caedi
2864 3358 3105 3429 adjicere
3160 3360 3590 3430 machinantur,

2021 3453 2128 3506 rati
2162 3453 2272 3505 vim
2325 3451 2576 3506 miraculi
2617 3451 2799 3506 omnia
2856 3451 3203 3522 pervagantis
3261 3466 3421 3521 posse
3483 3469 3602 3509 una,

2014 3561 2140 3599 cum
2182 3550 2400 3600 mortuo
2438 3543 2740 3615 exstingui,
2770 3551 2829 3596 ut
2867 3558 3138 3598 remoram
3173 3544 3463 3613 injicere-nt
3493 3561 3591 3614 po-

2017 3640 2160 3710 pulis
2191 3639 2416 3694 credere
2450 3638 2502 3691 in
2535 3637 2818 3692 Christum
2857 3635 3307 3706 properantibus.

2087 3728 2216 3794 XII,
2251 3729 2337 3784 12.
2381 3727 2515 3783 Cum
2547 3726 2842 3791 audissent,
2891 3727 3017 3796 quia
3063 3727 3200 3787 peni!
3245 3725 3402 3780 Iesus
3461 3726 3590 3782 Hic-

2016 3819 2360 3890 rosofymam.

2087 3907 2285 3964 Turbae
2311 3909 2610 3964 dociliores
2642 3917 2695 3963 et
2728 3906 2792 3962 ad
2838 3907 2992 3961 fidem
3025 3909 3340 3979 proniores,
3381 3913 3586 3966 recenti

2014 4000 2178 4054 etiam
2205 3999 2469 4054 miraculo
2499 3998 2756 4077 adducta:
2789 4007 3094 4054 occurrunt
3119 3999 3370 4066 Christo,
3408 4003 3586 4058 laudi-

2015 4090 2122 4145 bus
2162 4105 2285 4143 eutn
2313 4089 2688 4154 celebrantes,
2735 4097 2995 4158 tanquam
3038 4090 3106 4146 de
3159 4103 3332 4148 morte
3386 4095 3604 4148 trium»,

2014 4179 2265 4250 phasset,
2291 4185 2344 4233 et
2380 4178 2578 4235 faustis
2607 4179 2830 4248 quidem
2869 4179 3360 4237 acclamationibus
3399 4200 3588 4254 prose~

2015 4278 2283 4339 quuntur,
2319 4282 2428 4322 non
2461 4268 2812 4337 simpliciter,
2852 4266 2947 4321 sed
2975 4283 3038 4324 ex
3079 4283 3237 4323 sacra
3275 4271 3584 4342 Scriptura,

2015 4361 2161 4433 quod
2204 4361 2271 4415 de
2302 4374 2369 4412 eo
2412 4359 2678 4429 prmclare
2710 4358 2919 4412 dictum
2955 4369 3038 4414 cst.
3099 4370 3452 4430 usurpantes,
3504 4365 3594 4418 ίαν

340 4460 432 4511 καί
471 4459 659 4528 ἔλεγον
707 4461 913 4514 ἑαυτῶν
950 4459 1172 4530 βασιλέα
1221 4461 1384 4526 ίδιον,
1416 4459 1514 4532 τήν
1543 4457 1637 4519 τοῦ
1677 4457 1914 4532 Χριστοῦ

2021 4460 2309 4522 tentesque
2338 4465 2518 4521 regem
2564 4465 2687 4505 esse
2731 4447 2933 4513 Israel,
2979 4465 3042 4504 ac
3078 4450 3374 4508 identidem
3422 4471 3584 4510 suum

342 4551 641 4620 κυριότητα
703 4551 1153 4622 παραδεχόμενοι.
1202 4551 1579 4624 Εὐλογημένος
1627 4551 1685 4606 δὲ
1736 4551 1913 4619 λέγον-

339 4654 430 4701 τες
455 4639 652 4702 ὁΥἱὸς,
684 4641 782 4710 οὐχ
829 4641 904 4704 ὡς
952 4640 1202 4709 εὐλογίας
1232 4641 1331 4709 τῆς
1373 4641 1524 4713 παρὰ
1565 4640 1778 4712 Πατρὸς
1816 4657 1912 4692 τυ-

345 4727 474 4798 χὼν,
514 4732 540 4782 ὁ
567 4731 744 4784 πάντα
785 4730 1020 4799 εὐλογῶν
1064 4732 1159 4791 καὶ
1191 4733 1289 4784 οὐκ
1338 4732 1442 4794 ἐῶν
1482 4731 1910 4802 διαφθείρεσθαι,

347 4820 442 4871 καὶ
473 4824 565 4890 τῆς
599 4823 842 4893 ἀρρήτου
871 4823 1058 4889 οὐσίας
1079 4822 1154 4876 ὢν
1191 4839 1205 4854 ’
1246 4822 1362 4876 ἀλλ’
1387 4824 1467 4877 ὅτι
1487 4822 1704 4892 εὐλογία
1725 4825 1758 4893 ή
1793 4822 1912 4894 Θεῷ

342 4909 626 4979 πρέπουσα
664 4914 759 4966 καὶ
817 4912 897 4981 τῷ
931 4913 1070 4967 κατὰ
1127 4913 1287 4984 φύσιν
1317 4914 1540 4984 Κυρίῳ,
1577 4914 1911 4986 προσάγεται

273 5019 280 5026 -
339 5002 471 5070 παρ’
505 5003 694 5072 ήμῶν,
731 5003 958 5075 ἐπείπερ
1010 5005 1264 5077 ἐλήλυθεν
1304 5006 1363 5057 ἐν
1414 5006 1637 5076 ὀνόματι
1682 5005 1909 5076 Κυρίου.

339 5093 552 5156 Πάντες
576 5094 687 5164 γάρ
719 5098 767 5149 oi
811 5096 954 5164 ἅγιοι
980 5098 1084 5153 οὐκ
1122 5098 1180 5158 ἐν
1221 5096 1438 5168 ἐξουσίᾳ
1475 5098 1794 5169 κυριότητος
1815 5093 1913 5168 ἦλα

337 5184 453 5248 θον,
493 5185 610 5238 ἀλλ’
637 5186 713 5250 ὡς
762 5188 969 5243 οἰκέται
1020 5190 1265 5260 γνήσιοι⁹
1303 5183 1458 5254 οὗτος
1493 5189 1549 5242 δὲ
1578 5189 1653 5253 ὡς
1673 5189 1912 5261 Κύριος.

336 5275 430 5327 Διὸ
463 5276 556 5329 καὶ
595 5277 866 5348 ἁρμοδίως
898 5281 985 5332 ἐπ’
1015 5281 1163 5349 αὐτῷ
1188 5281 1221 5350 ή
1250 5280 1558 5350 προφητικὴ
1599 5279 1847 5333 λέλεκται
1884 5281 1914 5349 ή

336 5370 514 5440 φωνή.
556 5371 620 5423 Εί
644 5370 752 5443 γάρ
784 5372 962 5444 κύριοι
990 5373 1280 5427 καλοῦνταί
1307 5373 1542 5437 τινες,οὐ
1578 5372 1757 5442 φύσει,
1781 5372 1914 5425 ἀλλὰ

337 5466 524 5531 χάριτι
551 5461 731 5532 ἔχουσι
767 5463 828 5516 τὸ
860 5465 1096 5535 ἀξίωμα.
1119 5465 1229 5519 Καὶ
1259 5463 1366 5537 γὰρ
1397 5465 1490 5518 καὶ
1524 5467 1589 5536 τῇ
1616 5466 1792 5534 ἀποχῇ
1817 5464 1908 5518 τοῦ

334 5550 588 5617 ψεύδους,
613 5551 901 5636 καλοῦνται
949 5558 995 5609 οἱ
1029 5555 1302 5626 ἄνθρωποι
1341 5555 1557 5625 ἀληθεῖς
1593 5574 1604 5587 ·
1639 5557 1774 5614 ὅπερ
1809 5555 1908 5607 οὐκ

410 5741 458 5771 ’ν
497 5729 692 5792 Matth.
730 5751 781 5789 ιι
807 5775 819 5799 ,
858 5736 940 5788 13.

2018 4545 2259 4616 ipsorum
2288 4558 2494 4614 regem,
2525 4549 2580 4597 et
2605 4541 2816 4596 Christi
2848 4542 3279 4600 dominationem
3313 4548 3588 4618 accipien-

2018 4645 2121 4692 tes.
2163 4636 2418 4692 Dicentes
2443 4650 2592 4700 vero,
2623 4634 2952 4691 Benedictus
2987 4635 3186 4700 Filius,
3219 4653 3327 4700 non
3359 4638 3463 4695 hoc
3491 4657 3588 4695 vo-

2019 4729 2162 4792 lunt,
2205 4729 2362 4799 quasi
2410 4728 2853 4784 benedictionem
2905 4743 2935 4782 a
2979 4729 3148 4800 698
3194 4729 3357 4786 Patre
3403 4749 3590 4789 conse-

2019 4828 2182 4876 cutus
2220 4821 2295 4874 sit
2325 4820 2370 4874 is
2410 4819 2504 4888 qui
2550 4819 2736 4874 omnia
2769 4818 3050 4874 benedicit
3082 4838 3094 4874 :
3145 4837 3248 4877 nec
3279 4823 3410 4878 sinit
3461 4840 3584 4879 cor-

2017 4912 2202 4980 rumpi
2238 4925 2301 4965 ac
2327 4910 2681 4975 intercidere,
2712 4911 2918 4980 quique
2944 4919 3028 4970 est
3065 4911 3363 4984 inefi‘abilis
3394 4931 3586 4976 essen-

2016 5003 2126 5065 tite,
2156 5003 2249 5057 sed
2303 5003 2568 5072 quoniam
2619 5001 2937 5057 benedictio
2979 5019 3102 5072 qua:
3153 5005 3410 5058 convenit
3455 5004 3585 5064 Deo.

2017 5095 2066 5150 ei
2111 5094 2205 5163 qui
2252 5092 2554 5149 secundum
2606 5099 2860 5146 naturam
2911 5092 3180 5148 Dominus
3228 5104 3307 5147 est
3341 5108 3368 5145 a
3421 5094 3578 5150 nobis

2017 5181 2290 5248 defertur,
2327 5181 2774 5251 quandoquidem
2799 5182 2948 5236 venit
2988 5182 3043 5236 in
3086 5181 3307 5236 nomine
3348 5179 3584 5238 Domini.

2017 5275 2129 5330 Nec
2174 5274 2320 5329 enim
2351 5290 2543 5330 omnes
2571 5273 2748 5330 sancti
2787 5273 2840 5326 in
2878 5281 3156 5344 potestate
3192 5273 3588 5330 dominationis

2021 5376 2312 5433 venerunt,
2347 5368 2443 5423 sed
2477 5377 2740 5439 tanquam
2763 5366 2987 5436 ingenui
3019 5365 3164 5421 servi
3193 5385 3208 5420 :
3242 5365 3332 5420 hic
3360 5382 3487 5422 vero
3529 5374 3587 5422 ut

2021 5462 2312 5518 Dominus.
2364 5461 2549 5527 Quare
2595 5459 2990 5516 convenienter
3039 5459 3106 5514 de
3159 5459 3253 5512 illo
3312 5458 3458 5514 dicta
3504 5466 3589 5512 cst

2019 5555 2338 5628 prophetica
2371 5569 2494 5618 vox,
2535 5551 2654 5608 Etsi
2701 5551 2849 5608 enim
2901 5551 3156 5610 nonnulli
3201 5550 3454 5613 dicantur
3488 5548 3585 5610 da.-
