4062 6208
424 242 500 303 ’79
1166 236 1170 239 ’
1410 244 1471 299 S.
1512 239 1794 299 CYRILLI
1840 243 2017 298 ΑιιΕΧ

2121 243 2310 300 ῡιιιΝι
2353 245 2693 313 ΔΒΕΗΙΕΡν
3246 284 3253 289 -
3621 246 3691 303 80

432 365 590 429 mini,
628 376 735 417 non
762 364 963 417 natura
990 360 1084 418 sed
1107 360 1286 433 gratia
1319 361 1461 419 hanc
1491 362 1697 418 habent
1723 361 2001 433 dignatio-

2121 361 2254 417 ἐστιν
2278 365 2454 418 εἰπεῖν
2488 365 2580 418 ἐπὶ
2626 361 2889 436 Χριστοῦ.
2918 362 2992 417 Οὐ
3021 363 3129 434 γὰρ
3152 361 3238 416 διὰ
3266 361 3427 417 τοῦτο
3447 363 3693 419 καλεῖται

431 473 581 512 nent.
626 451 910 524 Siquidem
937 460 992 507 et
1018 469 1085 508 ex
1119 451 1452 507 abstinentia
1492 449 1761 504 mendacii
1794 466 1998 505 vocan-

434 562 522 605 tur
562 545 815 601 homines
853 559 1103 610 veraces,
1129 543 1497 614 qnodquidem
1526 542 1593 596 de
1640 541 1863 596 Christo
1892 542 2002 597 dici

2109 455 2359 526 ἀλήθεια,
2399 456 2592 526 ἐπειδὴ
2644 456 2705 509 ού
2746 455 3022 526 ψεύδεται,
3068 453 3184 508 ἀλλ’
3217 455 3299 508 ὅτι
3342 455 3551 526 ἀμείνω
3583 456 3696 528 ἔχει

2110 546 2392 611 παντελῶς
2423 546 2516 601 τοῦ
2551 546 2781 615 ψεύδους
2815 546 2911 615 τὴν
2942 545 3127 615 φύσιν.

369 694 372 696 ν
433 653 543 691 non
575 631 774 708 pdtest.
815 636 936 692 Non
969 637 1114 693 enim
1151 635 1281 707 quia
1307 633 1738 699 non-mentitur,
1764 631 1890 687 ideo
1920 645 2149 690 vocatur
2182 637 2411 702 veritas,
2477 638 2572 692 sed
2633 639 2765 707 quia
2800 645 3057 692 naturam
3110 634 3415 692 mendacio
3463 652 3697 706 prorsus

435 730 702 797 majorem
730 728 915 784 habet.

502 821 627 885 XII,
676 821 762 875 14.
804 819 1017 874 Inventa
1067 827 1243 872 autem
1290 810 1448 872 Jesus
1502 808 1707 884 asello,
1741 809 1875 871 sedit
1917 832 2010 871 sur-

434 935 525 988 per
557 930 695 971 eum.

507 1029 701 1099 Magna
745 1026 890 1083 enim
937 1022 1293 1084 multitudine
1327 1023 1507 1093 ipsum
1539 1022 1781 1091 stipante
1816 1034 1881 1075 ac
1912 1008 2009 1074 de¥

435 1122 696 1182 ducente,
722 1133 788 1174 ex
829 1130 1044 1171 summa
1093 1114 1471 1171 moderatione
1520 1114 1576 1167 in
1629 1110 2007 1175 asino'sedit,

432 1214 659 1269 tradens
690 1210 851 1265 nobis
884 1208 1274 1264 documentum
1346 1220 1697 1275 nequaquam
1750 1217 1852 1259 nos
1894 1203 2012 1255 lau-

433 1305 595 1358 dibus
649 1300 940 1365 efferendi,
997 1305 1189 1369 utpote
1245 1298 1390 1350 intra
1435 1295 1788 1350 necessitatis
1849 1307 2009 1348 usum

432 1393 768 1449 consistens.
805 1389 1096 1444 Matthaeus
1136 1387 1361 1457 quidem
1399 1385 1582 1441 fusius
1610 1385 1859 1440 de-asino
1891 1398 2011 1437 vcr-

432 1486 501 1541 ba
540 1483 693 1537 fecit.
724 1480 967 1535 Joannes
1005 1493 1136 1534 vero
1178 1476 1247 1531 ad
1288 1476 1341 1530 id
1387 1476 1536 1547 quod
1578 1476 1635 1529 in
1668 1490 1729 1530 re
1770 1474 2011 1528 maxime

432 1574 812 1630 necessarium
843 1581 924 1628 est
951 1571 1266 1642 prOperavit
1300 1584 1398 1639 pro
1428 1583 1579 1625 more
1613 1582 1736 1622 suo.
1779 1563 2010 1633 Quando

3702 738 3733 747 .-

2190 816 2402 885 Εὐρὼν
2455 814 2522 868 δὲ
2573 818 2607 872 ὀ
2667 815 2907 885 Ἰησοῦς
2948 815 3220 885 ὀνάριον,
3274 816 3557 872 ἐκάθισεν
3602 820 3696 873 ἐπ’

2110 906 2282 961 αὐτό.
2741 957 2749 967 ,

2186 1018 2391 1074 Πολλοῦ
2440 1020 2552 1092 γὰρ
2616 998 2859 1090 πλήθους
2918 1016 3084 1072 αὐτὸν
3132 1019 3558 1092 δορυφοροῦντας
3601 1022 3697 1077 καὶ

2116 1112 2527 1184 εὐφημοῦντας,
2563 1112 2670 1166 ὑπὸ
2730 1111 3155 1184 μετριοπαθείας
3212 1112 3390 1185 ἄκρας
3434 1116 3526 1167 ἐπὶ
3574 1116 3696 1171 δνου

2116 1196 2408 1287 ὲκαθέσθη,
2437 1204 2706 1261 διδάσκων
2738 1207 2906 1277 ἡμᾶς,
2943 1206 3019 1277 μὴ
3066 1204 3332 1276 ὑψοῦσθαι
3364 1194 3433 1259 ἐν’
3464 1210 3577 1272 τοῖς
3602 1210 3700 1261 ὲπ-

2115 1292 2306 1362 αίνοις,
2364 1297 2518 1351 οὐδὲν
2557 1296 2665 1351 τῶν
2696 1297 2798 1368 τῆς
2825 1298 3014 1369 χρείας
3044 1297 3449 1369 παρεκδαίνων.
3496 1300 3556 1352 '0
3596 1299 3698 1369 μὲν

2114 1383 2208 1441 οὖν
2236 1386 2516 1451 Ματθαῖος
2533 1428 2547 1450 ,
2579 1386 2913 1458 πλατύτερον
2936 1383 3058 1441 εἷπε
3087 1388 3156 1442 τὰ
3189 1389 3316 1460 περὶ
3339 1389 3440 1458 τῆς
3470 1389 3613 1443 ὄνου.
3641 1392 3698 1444 '0

2113 1478 2171 1532 δὲ
2227 1476 2478 1548 Ἰωάννης
2526 1477 2618 1530 ἐπ’
2648 1477 2780 1532 αὐτὸ
2807 1477 2901 1532 τοῦ
2956 1479 3279 1550 πράγματος
3313 1475 3446 1551 ἦλθε
3484 1480 3545 1533 τὸ
3581 1498 3699 1533 και-

2115 1566 2413 1641 Δριώτατον,
2446 1568 2584 1639 ὅπερ
2614 1567 2734 1631 ἔθος
2781 1568 2932 1639 αὐτῷ
2975 1572 3169 1625 ποιεῖν.
3211 1569 3428 1640 Ἐπειδὴ
3459 1570 3515 1623 δὲ
3550 1572 3701 1640 παρὰ

430 1682 564 1722 vero
615 1671 812 1735 prater
864 1662 1330 1719 consuetudinem
1376 1675 1534 1715 suam
1582 1673 1735 1714 nunc
1787 1664 2002 1711 tantum

2121 1659 2172 1712 τὸ
2200 1658 2429 1729 σύνηθες
2473 1657 2624 1729 αύτῷ
2652 1660 2777 1737 ἄρτι
2814 1660 2972 1730 μόνον
3014 1662 3265 1729 φαίνεται
3298 1665 3327 1716 6
3357 1662 3561 1733 Κύριος
3606 1663 3702 1715 ἐπὶ

433 1758 699 1812 Dominus
739 1756 792 1809 in
824 1754 989 1810 asino
1021 1753 1218 1809 sedens
1250 1753 1499 1807 cernitur
1521 1794 1535 1817 ,
1566 1767 1678 1806 non
1716 1756 2007 1820 propterea

2121 1750 2234 1804 ὗνου
2259 1723 2566 1821 καθήμενος
2579 1723 2606 1814 ,“
2625 1723 3000 1806 οὐκδιάποῦτό
3027 1723 3215 1825 ,φαμεν
3246 1754 3410 1809 αὑτὸν
3446 1723 3698 1814 οιαθίσαι.

432 1849 671 1907 dicimus
699 1863 822 1903 eum
857 1846 1089 1909 sedisse,
1116 1846 1260 1916 quod
1292 1845 1486 1916 procul
1524 1845 1719 1899 abesse
1752 1842 1821 1896 ab
1850 1839 2007 1902 urbe,

432 1959 543 2005 non
568 1943 715 1999 enim
756 1940 948 1997 aberat
995 1938 1218 2008 longius
1258 1937 1575 2010 quindecim
1621 1933 1815 1992 stadiis
1849 1951 1864 1987 :
1899 1947 2009 1988 non

432 2037 561 2106 quia
583 2034 835 2090 conferta
866 2033 1159 2087 multitudo
1184 2041 1327 2095 erat,
1373 2046 1476 2087 nec
1508 2029 1660 2085 enim
1700 2028 1842 2081 alias
1880 2041 2009 2080 cum

433 2130 502 2184 ab
528 2128 732 2198 ingenti
764 2124 922 2179 turba
958 2124 1423 2185 circumdaretur,
1458 2121 1566 2176 hoc
1598 2119 1749 2183 fecit,
1776 2117 1875 2174 sed
1907 2118 2010 2172 hoc

434 2219 562 2275 fecit
598 2217 855 2273 indicans
891 2216 1002 2271 sibi
1051 2230 1255 2270 novum
1293 2213 1559 2285 populum
1608 2211 1899 2282 egentibus
1928 2209 2010 2262 iii-

434 2307 783 2365 tractabilem
834 2305 1117 2362 subditum
1162 2303 1301 2367 fore,
1353 2301 1832 2369 deducturumque
1882 2312 2009 2353 eum

434 2401 503 2456 ad
529 2399 760 2470 iustitiae
785 2396 1130 2469 dignitatem,
1155 2402 1209 2449 et
1233 2394 1299 2447 ad
1330 2393 1674 2463 superiorem
1693 2392 2013 2445 cmlestem-

433 2508 540 2563 que
568 2490 894 2554 Jerusalem,
927 2487 1089 2557 cujus
1128 2495 1350 2541 terrena
1404 2484 1578 2555 ﬁgura
1628 2490 1683 2537 et
1716 2489 1905 2552 typus,
1951 2481 2005 2534 in

433 2599 598 2657 quam
623 2581 928 2654 ingreditur
958 2579 1194 2650 populus
1233 2592 1408 2647 purus
1455 2575 1641 2631 factus
1684 2590 1810 2628 cum
1850 2574 2012 2627 Chri-

436 2685 546 2742 sto,
575 2689 738 2746 quem
793 2672 924 2727 boni
971 2679 1026 2726 et
1076 2671 1401 2724 innocentes
1455 2666 1638 2736 angeli
1696 2666 2015 2730 celebrant,

424 2780 670 2836 quorum
719 2771 888 2834 typus
939 2768 1070 2815 sunt
1128 2758 1391 2813 infantes.
1438 2756 1658 2810 Pullum
1697 2772 1830 2812 vero
1862 2762 2022 2811 vocat

2112 1841 2196 1894 ὅτι
2247 1840 2469 1911 μακρὰν
2499 1836 2568 1912 ἦν
2610 1842 2710 1913 τῆς
2758 1843 2996 1907 πόλεως’
3033 1845 3097 1897 οὐ
3130 1844 3238 1916 γὰρ
3286 1846 3477 1915 ἀπεῖχε
3533 1845 3702 1898 πλείω

2112 1932 2408 1987 δεκαπέντε
2440 1934 2668 1988 σταδίων
2690 1935 2865 2002 ’ζούδὲ
2898 1936 2980 1990 ὅτι
3036 1937 3192 2008 ὄχλος
3232 1933 3300 2009 ἦν
3322 1954 3338 1971 ·
3375 1938 3468 1992 καὶ
3514 1937 3701 1993 ἄλλοτε

2114 2024 2222 2096 γὰρ
2274 2027 2619 2098 συνευρεθεὶς
2674 2028 2818 2100 ὄχλῳ
2848 2031 2949 2083 οὐκ
2980 2031 3205 2103 ἐποίησε
3256 2030 3414 2085 τοῦτο
3433 2047 3446 2062 ·
3470 2035 3615 2085 ποιεῖ
3643 2031 3702 2085 δὲ

2114 2114 2292 2182 τοῦτο,
2318 2116 2531 2181 δεικνὺς
2559 2119 2641 2171 ὅτι
2671 2119 2789 2172 νέον
2821 2119 3000 2192 ἑαυτῷ
3038 2121 3163 2176 λαὸν
3195 2121 3287 2175 τὸν
3313 2121 3373 2187 eg
3404 2121 3573 2176 ἐθνῶν
3603 2122 3698 2175 τὸν

2114 2208 2415 2262 ἀκάθεκτον
2451 2210 2635 2281 μέλλει
2681 2212 3008 2268 ὑποτάσσειν
3036 2213 3129 2266 καὶ
3156 2214 3378 2282 ἀνάγειν
3402 2215 3482 2277 είς
3518 2214 3580 2267 τδ
3600 2213 3700 2283 τῆς

2115 2299 2461 2372 δικαιοσύνης
2492 2300 2711 2373 ἀξίωμα
2732 2336 2749 2368 ν,
2782 2303 2863 2367 εἷς
2920 2322 2976 2357 τε
3037 2305 3136 2376 τὴν
3183 2305 3295 2361 ἀνω
3326 2305 3700 2377 Ἰερουσαλὴμ,

2116 2380 2185 2463 ἦς
2219 2391 2388 2457 τύπος
2420 2395 2454 2465 ἡ
2490 2394 2735 2463 ἐπίγειος
2755 2412 2767 2426 ·
2797 2397 2877 2458 εἰς
2908 2396 2975 2466 ἣν
3003 2396 3308 2468 εἰσέρχεται
3328 2398 3357 2449 ὁ
3378 2396 3505 2460 λαὸς
3537 2395 3707 2449 καθα-

2120 2484 2215 2556 ρὸς
2265 2484 2561 2555 γενόμενος
2623 2486 2722 2541 σὺν
2771 2486 2996 2558 Χριστῷ
3059 2489 3382 2559 ὑμνουμένῳ
3443 2488 3549 2541 ὑπὸ
3598 2486 3748 2541 τῶνα

2121 2575 2345 2629 ἀκάκων
2407 2576 2676 2645 ἀγγέλων,
2729 2570 2804 2651 ὧν
2843 2574 3033 2643 τύπος,
3084 2580 3152 2633 τὰ
3195 2581 3388 2652 νήπια.
3441 2579 3623 2633 Πῶλον
3650 2578 3706 2631 δὲ

2123 2666 2296 2735 λέγει,
2340 2667 2433 2720 τὸν
2487 2668 2645 2733 ὄνον,
2676 2671 2866 2741 ἐπειδὴ
2904 2672 2932 2724 6
2968 2672 3026 2738 ἐξ
3063 2671 3233 2727 ἐθνῶν
3269 2673 3416 2738 λαὸς,
3456 2672 3706 2744 ἀγύμνα-

2127 2773 2251 2821 στος
2276 2752 2342 2828 ἧν
2371 2757 2471 2827 τῆς
2501 2759 2580 2822 είς
2623 2758 2906 2813 εὐσέϐειαν
2930 2759 3170 2832 ἀγούσης
3205 2763 3461 2826 πίστεως.

437 2859 689 2921 asinum,
742 2851 1190 2927 quandoquidem
1243 2849 1532 2920 gentilium
1586 2848 1822 2920 populus
1877 2848 2138 2905 ducentis
2197 2848 2264 2904 ad
2311 2849 2572 2921 pietatem
2635 2851 2758 2908 fidei
2803 2854 2960 2910 rudis
3010 2865 3065 2910 et
3109 2856 3506 2924 inexercitatus
3565 2863 3705 2912 erat.

508 2967 633 3031 XII,
681 2966 768 3021 16.
846 2964 972 3021 Hac
1026 2980 1146 3020 vero
1204 2980 1305 3019 non
1366 2972 1713 3035 cognoverunt
1762 2962 2012 3033 discipuli

435 3064 550 3134 ejus
575 3063 826 3131 primum,
855 3068 962 3115 etc.
1184 3071 1188 3075 ‘
1898 3050 1915 3063 ’

507 3175 672 3229 Initio
721 3173 949 3244 quidem
989 3172 1317 3243 ignorabant
1364 3145 1488 3243 quae
1538 3171 1608 3228 de
1663 3170 1757 3227 illo
1806 3159 2085 3242 scriptaC

430 3276 600 3333 sunt;
627 3275 684 3322 at
717 3273 840 3338 post
870 3265 1324 3321 resurrectionem
1363 3278 1472 3319 non
1503 3264 1559 3318 in
1582 3261 1816 3318 Judaica
1854 3264 2017 3318 caci-

440 3372 549 3418 tate
576 3367 921 3427 manserunt,
964 3358 1060 3414 sed
1093 3374 1190 3429 per
1231 3357 1496 3429 Spiritum
1528 3356 1666 3427 ipsis
1700 3355 2017 3411 divinorum

438 3455 732 3511 verborum
774 3451 1013 3507 revelata
1042 3458 1127 3506 est
1168 3450 1433 3521 cognitio.
1461 3447 1618 3502 Tunc
1653 3462 1785 3503 vero
1812 3446 2019 3518 glorifi-

439 3552 598 3601 catus
625 3551 710 3599 est
740 3541 1019 3607 Christus,
1061 3556 1188 3597 cum
1218 3541 1276 3596 in
1305 3554 1471 3595 cruce
1506 3549 1758 3593 mortuus
1797 3536 2014 3592 revixit.

438 3636 552 3692 Nec
583 3649 749 3705 porro
769 3633 989 3689 erubuit
1008 3632 1828 3704 evangelista,commemorans
1857 3626 2020 3682 disci-

442 3728 701 3799 pulorum
749 3725 1169 3797 ignorantiam,
1235 3730 1289 3778 et
1355 3737 1553 3777 rursus
1610 3719 2017 3789 cognitionem,

441 3814 663 3887 quando
721 3815 1063 3887 propositum
1100 3812 1377 3877 habebat,
1420 3811 1561 3867 nihil
1604 3810 1759 3881 pensi
1788 3809 2022 3881 habere

440 3909 610 3982 699
638 3911 785 3965 circa
816 3916 1126 3981 respectum
1155 3905 1461 3969 hominum,
1496 3903 1592 3960 sed
1634 3902 1874 3974 Spiritus
1903 3901 2023 3973 glo-

449 4001 542 4054 ri:e
570 3998 880 4069 suffragari,
914 4012 979 4052 ac
1018 3995 1308 4052 ostendere
1342 3995 1568 4065 quinam
1616 4001 1807 4050 essent
1852 3991 2022 4048 disci-

444 4092 561 4163 puli
599 4099 724 4145 ante
750 4089 1233 4155 resurrectionem,
1258 4096 1313 4143 et
1348 4086 1570 4156 quinam
1610 4093 1739 4155 post
1773 4098 2023 4139 resurre-

444 4185 701 4239 ctionem.
737 4179 794 4235 Si
840 4181 1011 4251 igitur
1044 4180 1098 4234 hi
1140 4178 1486 4251 ignorabant,
1534 4176 1707 4229 multo
1747 4174 1922 4245 magis
1966 4181 2022 4227 et

446 4275 537 4331 alii
568 4273 764 4330 Iudici.
810 4271 1113 4343 Postquam
1148 4285 1282 4325 vero
1317 4269 1373 4323 in
1415 4282 1582 4323 cruce
1628 4273 1886 4321 mortuus
1914 4260 2017 4328 εει,

446 4363 677 4419 scissum
705 4368 790 4417 est
818 4360 1022 4426 velum,
1065 4368 1126 4414 ut
1154 4358 1526 4430 intelligamus
1586 4354 1727 4409 nihil
1758 4353 2020 4423 deinceps

446 4454 699 4509 fidelibus
724 4461 779 4509 et
814 4452 910 4508 Dei
940 4452 1260 4507 amantibus
1282 4450 1561 4505 occultum
1583 4461 1727 4502 esse.
1759 4445 1936 4517 Igitur
1959 4445 2022 4498 il—

448 4547 679 4602 lustrata
706 4551 793 4600 est
823 4559 1014 4599 eorum
1050 4543 1293 4615 cognitio
1315 4557 1344 4596 a
1374 4549 1628 4611 tempore
1659 4537 2024 4593 resurrectio-

448 4638 557 4703 nis,
584 4638 713 4706 quia
739 4634 1031 4706 inspiravit
1060 4634 1317 4690 Christus
1364 4633 1418 4686 in
1468 4630 1665 4685 faciem
1712 4641 1926 4694 eorum,
1968 4633 2024 4681 et

449 4729 539 4783 alii
566 4744 636 4784 ex
675 4728 797 4784 aliis
830 4726 959 4783 facti
1014 4726 1325 4796 mutatique
1370 4731 1522 4779 sunt.
1570 4720 1678 4776 Sed
1709 4720 1884 4775 multo
1917 4734 2025 4773 am-

450 4820 597 4890 plius
624 4819 923 4874 illuminati
948 4819 1171 4874 fuerunt
1202 4819 1259 4873 in
1290 4817 1380 4873 die
1398 4814 1781 4879 Pentecostes,
1806 4811 2025 4882 quando

450 4913 505 4965 in
557 4919 884 4981 potestatem
944 4910 1122 4965 sancti
1179 4907 1420 4980 Spiritus
1481 4906 1552 4962 ad
1608 4918 1707 4961 eos
1758 4904 2026 4960 venientis

450 5003 832 5059 transformati
864 5009 1016 5058 sunt.
1776 5020 1781 5024 ’

522 5094 616 5150 χιι
638 5136 654 5161 ,
688 5096 775 5150 17.
829 5094 1215 5150 Testimonium
1250 5108 1374 5163 ergo
1389 5088 1696 5161 perhibebat
1726 5086 1882 5142 turba
1912 5101 2029 5158 quia

453 5199 567 5241 erat
618 5204 735 5240 cum
761 5204 842 5253 eo,
894 5185 1108 5258 quando
1157 5184 1430 5240 Lazarum
1478 5181 1678 5238 vocavit
1729 5180 1794 5235 de
1840 5194 2027 5234 monu-

454 5286 648 5338 mento,
687 5287 795 5333 etc.

523 5367 850 5425 Necessario
889 5370 1088 5426 ordine
1134 5377 1476 5441 postremum
1504 5365 1610 5420 hoc
1655 5373 1763 5428 est,
1793 5361 1942 5433 quod
1974 5362 2027 5415 in

2197 2967 2388 3056 Ταῦτα
2420 2967 2509 3022 δὲ’
2534 2970 2647 3023 οὐκ
2683 2970 2961 3040 ἔγνωσαν
3006 2974 3062 3027 οὶ
3115 2974 3374 3044 μαθηταί
3414 2973 3602 3029 αὐτοῦ
3640 2974 3706 3027 τὸ

2120 3060 2377 3129 πρῶτον,
2404 3064 2499 3117 καὶ
2525 3062 2594 3117 τὰ
2624 3061 2771 3135 ἑξῆς.

2202 3175 2459 3243 Ἦγνόουν
2490 3177 2590 3247 μὲν
2643 3172 2737 3233 οῦν
2785 3174 2849 3233 τδ
2890 3174 3010 3232 κατ’
3053 3179 3263 3249 ἀρχὰς,
3294 3180 3364 3233 τὰ
3417 3181 3507 3233 ἐπ’
3557 3179 3708 3252 αὐτῷ
3782 3149 3787 3152 I
3870 3218 3879 3227 .

2117 3267 2480 3338 γεγραμμένα
2524 3286 2539 3301 ο
2575 3270 2715 3340 μετά
2756 3269 2814 3323 δὲ
2866 3270 2963 3341 τὴν
3006 3271 3300 3324 ἀνάστασιν
3327 3311 3342 3334 ,
3387 3271 3487 3325 οὐκ
3548 3272 3702 3342 ἔμει-

2117 3360 2215 3411 ναν
2266 3357 2480 3428 ἔχοντες
2518 3360 2616 3431 τὴν
2673 3360 2970 3431 ’Ῑουδαῖκὴν
3008 3342 3256 3433 πῆρωσιν
3280 3404 3295 3427 ,
3325 3361 3461 3416 ἀλλὰ
3488 3362 3701 3415 ἀπεκα-

2117 3448 2293 3522 λύφθη
2325 3451 2507 3515 αὐτοῖς
2527 3452 2614 3506 διὰ
2646 3451 2738 3505 τοῦ
2771 3451 3090 3523 Πνεύματος
3117 3455 3150 3523 ἡ
3182 3453 3380 3521 γνῶσις
3408 3453 3516 3508 τῶν
3542 3453 3704 3508 θείων

2117 3538 2311 3607 λόγων.
2342 3543 2474 3596 Τότε
2524 3541 2581 3595 δὲ
2629 3541 2890 3615 ἐδοξάσθη
2920 3543 2949 3596 6
2978 3544 3231 3614 Χριστὸς,
3256 3545 3345 3599 ὅτε
3374 3544 3706 3617 σταυρωθεὶς

2118 3630 2341 3684 ἀνεϐίω.
2375 3632 2489 3685 Οὐκ
2536 3630 2768 3703 ἐρυθριᾷ
2797 3631 2853 3684 δὲ
2894 3634 2922 3685 6
2952 3633 3346 3706 εὐαγγελιστὴς
3387 3633 3706 3704 καταλέγων

2117 3720 2217 3793 τὴν
2260 3722 2367 3775 τῶν
2402 3722 2661 3793 μαθητῶν
2690 3722 2933 3793 ἄγνοιαν,
2971 3725 3066 3778 καὶ
3093 3725 3254 3779 πάλιν
3281 3724 3502 3794 γνῶσιν,
3543 3727 3700 3779 ἐπεί-

2120 3830 2225 3885 περ
2258 3810 2325 3885 ἦν
2362 3814 2512 3887 αὐτῷ
2542 3815 2743 3880 σκοπὸς
2763 3859 2777 3882 ,
2819 3816 3083 3887 ἀλογῆσαι
3116 3816 3212 3886 μὲν
3251 3809 3352 3888 τῆς
3383 3818 3463 3881 είς
3499 3813 3709 3887 ἀνθρὼ-

2120 3921 2256 3968 πους
2287 3904 2489 3969 αἰδοῦς,
2524 3905 2970 3978 συνηγορῆσαιδὲ
2991 3909 3060 3978 τῇ
3087 3906 3183 3959 τοῦ
3214 3907 3530 3979 Πνεύματος
3556 3908 3707 3981 δόξῃ,

2122 3994 2214 4047 καὶ
2247 3993 2418 4058 δεῖξαι
2448 3995 2593 4058 τίνες
2628 3997 2729 4064 μὲν
2756 3991 2896 4067 ἦσαν
2924 3997 2973 4049 oi
3006 3996 3250 4067 μαθηταὶ
3289 3999 3396 4068 πρὸ
3434 3999 3537 4069 τῆς
3572 4000 3706 4053 ἀνα-

2125 4080 2370 4143 στάσεως
2393 4120 2408 4143 ,
2442 4082 2588 4144 τίνες
2630 4082 2687 4133 δὲ
2707 4123 2723 4148 ,
2757 4082 2898 4153 μετά
2940 4083 3038 4155 τὴν
3072 4085 3369 4140 ἀνάστασιν
3398 4088 3704 4157 γεγόνασιν.

2121 4173 2185 4226 El
2211 4167 2304 4226 οῦν
2331 4164 2476 4226 οῦτοι
2526 4174 2756 4243 ἠγνόουν
2779 4216 2796 4241 ,
2841 4175 3022 4246 πολλῷ
3077 4177 3277 4248 μᾶλλον
3310 4181 3360 4232 οἱ
3386 4179 3537 4235 ἄλλοι
3573 4181 3707 4233 ἰου-

2120 4264 2277 4317 δαῖοι.
2309 4261 2467 4316 Μετά
2515 4262 2574 4316 δὲ
2621 4264 2683 4318 τὸ
2726 4264 3143 4337 σταυρωθῆναι,
3171 4268 3396 4341 ἐσχίσθη
3444 4271 3506 4323 τὸ
3525 4281 3708 4325 ’κατα-

2122 4354 2398 4425 πέτασμα,
2433 4355 2519 4409 ἴνα
2551 4355 2769 4426 γνῶμεν
2813 4357 2897 4411 ὅτι
2934 4356 3085 4410 οὐδὲν
3112 4356 3192 4410 ἔτι
3223 4359 3331 4413 τῶν
3372 4360 3709 4432 άποκρύφων

2123 4445 2467 4501 διαλανθάνει
2489 4448 2614 4510 τοὺς
2648 4448 2873 4512 πιστοὺς
2906 4449 3000 4502 καὶ
3027 4448 3329 4518 φιλοθέους.
3373 4451 3710 4524 Ἐφωτίσθη-

2131 4554 2228 4591 σαν
2249 4533 2342 4591 οῦν
2363 4537 2463 4608 τὴν
2488 4537 2690 4607 γνῶσιν
2714 4539 2821 4593 ἀπὸ
2852 4539 2944 4594 τοῦ
2979 4540 3175 4617 καιροῦ
3205 4541 3306 4611 τῆς
3338 4543 3708 4606 ἀναστάσεως.

2128 4631 2210 4685 ὃτι
2252 4630 2586 4701 ἐνεφύσησεν
2621 4632 2649 4684 6
2696 4633 2931 4704 Χριστὸς
2969 4634 3049 4697 είς
3088 4635 3148 4688 τὸ
3187 4635 3479 4705 πρόσωπον
3507 4634 3707 4702 αὐτῶν,

2130 4722 2226 4776 καὶ
2253 4724 2540 4791 γεγόνασιν
2577 4722 2637 4788 ἐξ
2664 4724 2866 4795 ἑτέρων
2896 4724 3067 4780 ἄλλοι.
3112 4724 3236 4779 Ἐπὶ
3260 4726 3440 4780 πλεῖον
3475 4727 3532 4779 δὲ
3571 4728 3712 4797 ἐφω-

2131 4812 2398 4886 τίσθησαν
2421 4816 2478 4868 ὲν
2509 4818 2574 4887 τῇ
2609 4816 2793 4889 ἡμέρᾳ
2819 4816 2918 4887 τῆς
2944 4817 3343 4891 Πεντηκοστῆς,
3379 4819 3470 4874 ὅτε
3488 4823 3580 4884 -είς
3611 4821 3711 4892 τὴν

2132 4905 2228 4960 τοῦ
2271 4907 2724 4978 ἐπιφοιτήσαντος
2765 4907 2949 4972 αὐτοῖς
3002 4909 3160 4979 ἁγίου
3223 4911 3541 4984 Πνεύματος
3580 4929 3712 4982 μετ-

2134 4997 2461 5052 επλάττοντο
2484 4997 2736 5069 δύναμιν.

2218 5090 2563 5160 Ἐμαρτύρει
2610 5085 2725 5144 οὖν
2749 5091 2784 5143 ὁ
2823 5089 3008 5159 ὄχλος
3048 5093 3083 5146 ό
3110 5090 3195 5146 ὢν
3220 5093 3348 5163 μετ’
3381 5091 3589 5155 αὐτοῦ,
3626 5093 3719 5147 ὅτι

2132 5182 2240 5234 τὸν
2285 5179 2552 5249 Λάζαρον
2576 5178 2892 5250 ἐφώνησεν
2936 5182 3007 5236 ὲκ
3046 5183 3154 5237 τοῦ
3183 5185 3500 5259 μνημείου,
3525 5193 3618 5238 και
3652 5188 3719 5237 τὰ

2134 5269 2281 5338 ἑξῆς.

2220 5360 2563 5428 Ἀναγκαίως
2597 5360 2672 5433 (1)
2707 5361 2817 5434 ἀρα
2865 5364 2961 5420 καὶ
2995 5365 3060 5435 τῇ
3095 5363 3249 5430 τάξει
3302 5359 3618 5422 τελευταῖον
3664 5364 3724 5419 τὺ

457 5460 666 5516 Lazaro
708 5469 970 5533 operatus
998 5469 1084 5517 est
1116 5460 1442 5542 miraculum
1471 5456 1758 5520 Dominus,
1790 5464 1850 5507 ut
1876 5452 1947 5508 ob
1979 5452 2017 5506 ir

2138 5452 2279 5507 κατὰ
2303 5452 2395 5505 τὸν
2425 5453 2677 5525 Λάζαρον
2708 5455 2737 5509 6
2767 5454 2974 5528 Κύριος
3003 5455 3578 5536 τεθαυματούργηθιεν⁹
3637 5456 3724 5514 ἵνα

528 5641 606 5713 (1)
654 5642 1005 5712 Ἀναγκαίως
1029 5680 1043 5696 .
1073 5676 1084 5693 .
1110 5677 1123 5694 .
1155 5676 1171 5693 .
1197 5636 1537 5695 ἀκολουθεῖ.
1563 5635 1639 5693 Ex
1671 5634 1889 5689 laudata
1914 5641 2017 5689 catt

2121 5673 2128 5698 ,
2161 5630 2256 5688 fol.
2293 5630 2416 5686 152.
