4062 6208
314 351 383 406 ει
1147 350 1211 405 IN
1252 350 1588 411 JOANNEM.
1625 311 1696 395 -’
1733 354 1860 410 LIB.
1902 354 1992 410 vn
2034 355 2121 410 ET
2166 356 2275 411 vm
2312 355 2756 412 FRAGMENTA.
3513 365 3582 421 se

318 461 417 516 ἐπὶ
447 460 940 551 προσφάτῳτούτῳ
956 464 1205 551 γεγονότι
1234 465 1487 539 τιμηθείη
1514 467 1613 538 μὲν
1641 466 1898 538 ἐπιφανέ-

2008 482 2200 523 recens
2235 466 2697 532 facinus.clarius
2727 488 2851 527 eum
2890 474 3044 544 plebs
3079 468 3399 541 honoraret,
3423 489 3586 551 atque

318 569 516 623 στερον
542 551 649 605 ὑπὸ
678 550 774 606 τοῦ
808 546 1076 623 πλήθους,
1112 556 1212 619 τῆς
1235 556 1291 609 δὲ
1324 560 1492 629 τιμῆς
1519 558 1706 613 ἕνεκεν
1737 560 1904 632 ὑπερ-

317 643 660 714 αλγήσαντες
701 645 752 699 oi
793 645 1075 715 Φαρισαῖοι
1109 646 1493 717 βουλεύσαιντο
1534 650 1656 709 κατ’
1694 650 1860 710 αὑτοῦ
1886 667 1899 681 ·

319 736 415 789 καὶ
432 734 610 800 οὕτως
648 735 1025 808 ἐπιτελεσθείη
1056 737 1118 790 τὸ
1152 738 1361 803 πάθος,
1384 741 1525 811 ὅπερ
1553 743 1642 800 καὶ
1672 742 1900 811 γίνεται.

319 827 385 879 οι
415 825 548 894 γοῦν
572 827 854 896 1Ιδαρισαῖοι
883 820 1039 883 εἷπον
1067 827 1203 898 πρὸς
1226 828 1422 892 αὐτούς
1449 847 1462 859 ο
1490 829 1758 901 Θεωρεῖτε
1776 871 1793 896 ,
1821 833 1903 887 ὅτι

314 916 420 971 οὐκ
449 914 713 984 ὠφελεῖτε
744 916 929 983 ούδέν;
971 917 1202 988 Ὀρῶσιν
1246 919 1330 973 ὅτι
1374 920 1552 991 μάτην
1591 922 1904 991 ἀντιλέγου-

316 1023 405 1061 σιν
432 1007 572 1075 πρὸς
595 1006 692 1077 τὴν
722 1008 906 1060 πίστιν
933 1006 1034 1078 τὴν
1061 1010 1142 1072 είς
1167 1009 1402 1079 Χριστόν
1423 1027 1437 1041 ·
1497 1012 1676 1083 μάτην
1705 1013 1902 1083 ἀφορί-

315 1095 471 1159 ζουσι
494 1096 622 1160 τοὺς
644 1094 998 1166 πιστεύοντας
1016 1135 1033 1160 ,
1077 1096 1145 1151 τὰ
1175 1097 1274 1170 μὲν
1306 1099 1720 1172 διαλεγόμενοι,
1747 1103 1817 1159 τά
1845 1104 1903 1158 δὲ

314 1185 687 1250 ἀπειλοῦντες.
727 1188 915 1242 Πάντα
955 1184 1049 1244 οὖν
1072 1191 1323 1262 ἀνωφελῆ
1361 1210 1526 1261 φασιν
1566 1190 1704 1249 εἶναι
1740 1197 1787 1251 εί
1828 1195 1903 1268 μὴ

313 1277 458 1349 πρὸς
491 1278 769 1348 ἀναίρεσιν
797 1280 961 1334 αὐτοῦ
990 1282 1305 1352 τράποιντο·
1341 1284 1451 1339 ἰδοὺ
1478 1284 1618 1360 γὰρ,
1651 1285 1815 1355 φασὶ,
1841 1287 1903 1342 τὸ

316 1370 547 1439 σύμπαν
578 1369 729 1441 αύτῷ
751 1371 957 1443 πλῆθος
983 1371 1303 1430 ἀκολουθεῖ.

402 1459 669 1523 ’Δκούσας
714 1459 776 1514 τὸ
826 1477 890 1513 συ
898 1462 1040 1532 μδάν
1087 1463 1197 1519 τῶν
1237 1466 1506 1535 ἀγελαίων
1544 1470 1574 1522 ό
1617 1468 1897 1538 σύλλογος,

314 1551 561 1619 εὐηκόως
582 1550 808 1621 ἐπείσθη
854 1555 964 1617 τοῖς
990 1556 1357 1628 μαρτυροῦσιν
1396 1559 1770 1631 ὅτιάνέστησε
1808 1559 1903 1614 τὸν

320 1640 574 1712 Λάζαρον
621 1642 652 1694 ό
702 1642 953 1712 Χριστὸς,
1002 1646 1097 1699 καὶ
1129 1647 1393 1702 κατέλυσε
1431 1647 1493 1702 τὸ
1536 1649 1628 1704 τοῦ
1668 1649 1901 1705 θανάτου

316 1735 538 1803 κράτος,
568 1732 749 1796 καθὼς
780 1734 829 1786 oi
857 1737 1128 1808 προφῆται
1163 1735 1337 1795 εἷπον.
1369 1740 1470 1794 Διά
1493 1741 1652 1797 τοῦτο
1676 1745 1770 1798 καὶ
1803 1745 1900 1798 ὐπ-

2012 559 2173 615 hunc-
2189 559 2449 615 honorem
2470 576 2613 632 aegre
2639 561 2911 620 Pharisaei
2929 565 3169 624 ferentes
3191 571 3586 641 conspirarent

2010 650 2066 707 in
2117 652 2328 722 ipsum,
2379 659 2546 724 atque
2601 653 2691 708 ita.
2739 657 2930 727 passio
2985 658 3385 730 perficeretur;
3434 665 3583 733 quod

2009 758 2201 814 reapse
2248 745 2472 800 accidit.
2515 744 2779 803 Pharisaai
2822 764 2955 820 ergo
2997 751 3524 810 dicebant-invicem
3560 770 3581 810 ξ

2012 855 2033 889 ι
2074 834 2381 900 Videtisne,
2422 839 2699 910 quomodo
2731 840 2870 896 nihil
2904 843 3214 913 proﬁcitis?
3244 863 3267 899 ι
3298 845 3500 902 Vident
3526 862 3587 903 se

2012 925 2145 999 fidei.
2196 927 2253 982 in
2306 927 2588 986 Christum
2646 932 2851 987 frustra
2913 938 3331 1007 contradicere;
3376 938 3584 997 frustra

2008 1017 2300 1102 anathema
2345 1017 2542 1074 dicunt
2596 1021 2972 1088 credentibus,
3018 1026 3220 1096 partim
3266 1028 3584 1093 suadentes,

2007 1110 2205 1179 partim
2257 1110 2424 1165 etiam
2461 1110 2803 1168 minitantes.
2835 1113 3007 1171 Cassa
3052 1117 3241 1174 omnia
3290 1119 3582 1187 aﬂlrmant,

2008 1199 2114 1255 nisi
2148 1200 2216 1256 ad
2236 1200 2443 1258 Christi
2476 1218 2667 1258 necem
2696 1203 2994 1262 deveniant
3018 1222 3192 1267 :ecce
3222 1211 3581 1279 enim,aiunt,

2006 1292 2161 1363 plebs
2190 1293 2450 1349 universa
2480 1294 2635 1348 illum
2664 1304 2931 1351 sectatur.

2073 1472 2215 1527 Cum
2261 1471 2513 1527 audisset
2559 1471 2613 1526 id
2668 1471 2818 1542 quod
2869 1472 3156 1526 acciderat
3206 1469 3583 1541 gregariorum

2006 1563 2294 1619 hominum
2327 1562 2527 1625 turba,
2563 1561 2722 1616 facile
2754 1572 3041 1617 assensum
3088 1561 3325 1633 praebuit
3372 1566 3584 1615 testan-

1973 1652 2156 1708 -tibus
2206 1645 2504 1707 Christum'
2542 1647 2823 1703 Lazarum
2877 1663 2908 1702 a
2974 1651 3212 1705 mortuis
3270 1646 3581 1713 excitabse,

2004 1757 2367 1813 eversamque
2435 1742 2629 1799 mortis
2700 1741 3040 1813 potentiam,
3116 1737 3583 1812 quemadmodum

314 1827 554 1896 ήντησαν
587 1826 768 1897 αύτῷ·
798 1828 900 1881 οὐκ
933 1827 999 1882 ἂν
1033 1829 1144 1902 γάρ
1178 1832 1421 1889 τοσοῦτοι
1463 1834 1723 1909 ἐξαίφνης
1766 1855 1895 1908 μετ-

2004 1832 2615 1904 prophetzedixerunt.
2668 1833 2966 1902 Propterea
3018 1838 3075 1887 et
3136 1830 3358 1887 obviam
3399 1818 3584 1884 ierunt

313 1919 523 1985 έθεντο,
563 1919 612 1972 εί
654 1919 731 1990 μὴ
775 1918 1103 1979 ἐπίστευσαν
1131 1922 1212 1995 τῷ
1244 1916 1478 1998 σημείῳ.

386 2099 660 2167 Ger-ipsise
684 2099 772 2155 ὅτι
793 2101 904 2189 ode
926 2101 1206 2171 ὠφελεῖτε
1224 2104 1424 2171 οὐδὲν,
1459 2107 1555 2161 καὶ
1580 2107 1647 2162 τὰ
1672 2108 1818 2178 ἑξῆς.

384 2189 556 2243 Τοῦτο
594 2191 668 2256 ὡς
704 2193 932 2258 ἑαυτοὺς
963 2196 1471 2266 καταμεμφόμενοι,
1507 2199 1692 2267 φασὶν.
1741 2202 1892 2254 ἐπεί·

310 2298 419 2354 περ
447 2282 681 2337 ἔκπαλαι
707 2285 809 2338 οὐκ
840 2285 1046 2341 ἀνεῖλον
1071 2287 1168 2341 σὺν
1187 2286 1263 2358 τῷ
1287 2287 1521 2360 Λαζάρῳ
1544 2290 1635 2343 τὸν
1664 2290 1890 2361 Ἰησοῦν,

1991 1916 2094 1995 ipsi
2143 1940 2366 1995 :neque
2408 1925 2555 1979 enim
2616 1924 2695 1979 ita
2742 1923 3039 1994 derepente
3076 1931 3188 1978 tam
3241 1921 3398 1977 multi
3458 1933 3581 1975 sese

1990 2016 2450 2076 commovissem,
2486 2015 2593 2071 nisi
2628 2015 2902 2071 miraculo
2931 2015 3326 2081 credidissent.

2061 2106 2193 2172 Xll,
2235 2108 2322 2162 19.
2388 2106 2592 2162 Videtis
2642 2107 2772 2177 quia
2808 2107 2945 2161 nihil
2983 2105 3292 2175 proﬁcitis.’
3323 2110 3436 2157 etc.

2064 2197 2177 2253 Hoc
2219 2197 2411 2252 dicunt
2448 2197 2610 2267 quasi
2660 2198 2877 2268 seipsos
2908 2198 3250 2261 incusantes,
3286 2191 3433 2265 quod
3466 2206 3577 2248 non

1987 2287 2320 2358 jampridem
2369 2286 2656 2342 Christum
2706 2302 2833 2343 eum
2879 2286 3097 2342 Lazaro
3140 2285 3569 2349 interfecerint,

312 2374 744 2444 προτρεπόμενοι
772 2376 997 2440 ἑαυτοὺς
1027 2378 1107 2441 εἰς
1125 2377 1187 2430 τὸ
1223 2380 1390 2450 φονᾷν
1415 2395 1428 2409 ο
1462 2381 1894 2449 ἀγανακτοῦντες

1999 2394 2223 2448 seseque
2252 2378 2321 2433 ad
2368 2377 2572 2434 caedem
2624 2387 2821 2434 mutuo
2864 2377 3249 2443 cohortantur,
3300 2374 3570 2447 indignati

312 2482 384 2517 πε
392 2466 447 2534 pl.
471 2464 567 2518 τοῦ
596 2466 785 2521 πιστοῦ
806 2466 1066 2537 ὕχλου,ὡς
1092 2468 1237 2523 ἰδίων
1251 2470 1546 2541 κτημάτων
1564 2474 1895 2543 ἀποστερού-

320 2572 500 2625 μενοι,
524 2555 633 2608 τιῖιν
651 2556 814 2611 ὄντων
834 2557 929 2612 τοῦ
958 2558 1118 2614 Θεοῦ.

392 2644 599 2703 Ἦσαν
619 2649 688 2703 δέ
712 2668 867 2718 τινες
887 2654 1182 2723 Ἕλληνες
1201 2654 1270 2709 ἐκ
1290 2655 1410 2710 τῶν
1433 2657 1915 2725 ἀναϐαινόντων..

312 2741 415 2793 ἵνα
438 2741 952 2810 προσκυνήσωσιν
975 2745 1045 2804 ἐν
1073 2744 1145 2813 τῇ
1173 2745 1366 2814 ἑορτῇ.

396 2834 719 2905 Ἀπορήσειε
750 2835 795 2889 δ’
824 2838 889 2891 ἀν
916 2854 1000 2902 τις
1039 2839 1099 2892 ὲν
1130 2841 1338 2903 τούτοις
1385 2841 1480 2894 καὶ
1523 2841 1896 2911 διασκέψαιτο,

311 2925 455 2978 κατὰ
493 2925 615 2979 τίνα
662 2925 824 2995 λόγον
887 2928 1235 2984 ἀναϐαίνουσι
1296 2930 1407 2985 τῶν
1456 2931 1722 3003 Ἐλλήνων
1756 2933 1900 2997 τινὲς

313 3020 785 3088 προσκυνήσοντες
810 3021 891 3083 είς
924 3019 1293 3091 Ἱεροσόλυμα,
1328 3023 1422 3075 καὶ
1469 3022 1589 3076 τότε
1635 3024 1732 3093 τῆς
1762 3023 1901 3077 κατά

1991 2469 2138 2539 quod
2178 2469 2355 2524 turbae
2399 2468 2713 2531 crederent,
2745 2468 2920 2522 veluti
2947 2469 3075 2525 suis
3116 2466 3577 2539 possessionibus

1994 2560 2177 2630 ejecti,
2214 2575 2341 2613 cum
2374 2558 2509 2628 ipsa:
2536 2572 2662 2613 vere
2698 2557 2770 2611 ad
2804 2555 2975 2612 Deum
3008 2559 3371 2628 pertinerent.

2069 2650 2205 2715 XII,
2240 2648 2332 2703 20.
2385 2646 2560 2703 Erant
2613 2656 2794 2702 autem
2839 2649 3062 2719 quidam
3108 2648 3329 2718 gentiles
3375 2662 3442 2703 ea:
3492 2648 3577 2702 his

1995 2745 2083 2816 qui
2112 2741 2481 2806 ascenderant,
2511 2749 2569 2793 ut
2596 2739 2888 2795 adorarent
2932 2740 2987 2794 in
3021 2740 3109 2796 die
3139 2741 3292 2810 festo.

2069 2832 2412 2890 Dnbitaverit
2434 2832 2710 2903 quispiam
2756 2833 2810 2887 in
2838 2833 3018 2913 hisce,
3062 2833 3435 2904 pendebitque
3461 2832 3582 2888 ani-

1999 2928 2112 2992 nti,
2147 2939 2316 2996 quam
2359 2924 2431 2979 ob
2477 2938 2700 2978 causam
2742 2925 2996 2980 nonnulli
3024 2924 3338 3003 Graecorum
3379 2924 3579 2979 adora-

2000 3020 2113 3073 turi
2147 3017 2500 3076 ascenderint
2548 3017 2951 3090 Hierosolyma,
2993 3017 3160 3089 idque
3213 3032 3340 3073 cum
3380 3014 3582 3072 secun-

311 3106 475 3175 νόμον
504 3107 699 3177 ἑορτῆς
721 3108 1161 3181 ἐπιτελουμένης.
1185 3110 1259 3164 Ού
1302 3111 1408 3182 γάρ
1436 3110 1500 3182 δή
1531 3109 1632 3164 πού
1666 3129 1751 3175 τις
1779 3113 1896 3183 ἐρεῖ

2002 3111 2132 3166 dum
2165 3112 2339 3182 legem
2379 3109 2581 3165 festum
2604 3110 3002 3166 celebraretur.
3034 3107 3223 3181 Neque
3247 3109 3394 3165 enim
3425 3109 3581 3179 quis-

315 3197 448 3267 πρὸς
482 3198 584 3268 τὴν
612 3198 723 3252 τῶν
760 3203 941 3253 ἐκεῖσε
980 3201 1108 3255 θέαν
1161 3201 1425 3272 ἀναϐῆναι
1473 3203 1633 3273 μόνον
1662 3203 1857 3267 αὐτούς
1884 3222 1897 3234 ·

314 3290 749 3358 συμμεθέξοντες
804 3293 914 3363 γὰρ
968 3295 1082 3358 τοῖς
1134 3292 1406 3359 Ἰουδαίοις
1441 3297 1540 3366 τῆς
1584 3298 1767 3361 αὐτοῖς
1806 3298 1904 3351 καὶ

316 3381 500 3449 μόνοις
525 3383 846 3454 πρεπούσης
885 3384 1079 3455 ἑορτῆς
1107 3385 1511 3442 ωναναθέουσι.
1548 3387 1613 3439 Τί
1641 3387 1701 3441 τὸ
1725 3388 1900 3442 κοινὸν

313 3473 394 3534 εἰς
425 3472 682 3543 λατρείας
708 3474 865 3544 λόγον
886 3475 1114 3547 Ἕλλησί
1138 3494 1197 3529 τε
1230 3478 1326 3530 καὶ
1366 3477 1638 3541 Ἰουδαίοις
1662 3496 1677 3545 ;
1706 3479 1901 3533 Καίτοι

315 3564 449 3617 πολὺ
474 3565 775 3621 διεστῶσαν
817 3568 1122 3639 εὑρήσομεν
1146 3568 1243 3641 τὴν
1268 3571 1325 3623 ὲν
1353 3570 1555 3640 ἀμφοῖν
1582 3568 1695 3637 ἕξιν
1715 3587 1776 3623 τε
1806 3570 1901 3625 καὶ

315 3658 675 3728 προαίρεσινο,
698 3661 748 3712 οἱ
774 3660 874 3730 μὲν
900 3660 1010 3732 γὰρ
1031 3660 1130 3731 τὴν
1155 3660 1432 3732 ἀλήθειαν,
1467 3662 1516 3715 oi
1541 3661 1597 3716 δὲ
1623 3661 1684 3714 τὸ
1705 3660 1900 3731 ψεῦδος

313 3755 662 3822 τετιμήκασι.
701 3753 763 3806 Τί
781 3750 876 3807 οὖν
907 3752 1141 3825 ὲροῦμεν
1178 3754 1236 3808 ὲν
1266 3754 1509 3820 τούτοις,
1544 3754 1897 3825 Παρακειμέ-

314 3859 411 3911 νης
443 3844 541 3914 τῆς
585 3843 851 3898 Ἰουδαίων
892 3844 1076 3917 χώρας
1112 3849 1178 3917 τῇ
1212 3844 1321 3899 τῶν
1361 3846 1683 3910 Γαλιλαίων,
1715 3846 1900 3908 πόλεις

311 3951 372 3986 τε
400 3934 497 3987 καὶ
531 3936 723 4005 κώμας
750 3935 1007 4008 ἀλλήλαις
1038 3937 1271 4009 ὁμόρους
1303 3936 1517 4007 ἔχοντες
1544 3936 1805 4008 Ἕλληνές
1836 3952 1895 3988 τε

313 4024 580 4084 κάκεῖνοι,
622 4026 822 4093 συχνάς
854 4024 955 4095 μὲν
983 4023 1265 4079 ἐποιοῦντο
1288 4023 1387 4088 τὰς
1416 4023 1715 4095 ἐπιμιξίας,
1746 4022 1896 4092 ὲφοί-

312 4131 422 4168 των
444 4117 502 4169 δὲ
543 4117 675 4185 παρ’
706 4117 968 4188 ἀλλήλους
1005 4116 1287 4186 ἑκάτεροι,
1318 4115 1567 4185 ποικίλης
1614 4116 1694 4177 είς
1739 4113 1898 4167 τοῦτο

314 4209 588 4278 καλούσης
618 4209 893 4280 ἀφορμῆς.
924 4209 1140 4278 Ἐπειδὴ
1175 4208 1232 4262 δέ
1269 4226 1384 4273 πως
1427 4205 1734 4278 θερμοτέρα
1759 4204 1893 4258 πολὺ

317 4300 453 4370 πρὸς
497 4301 829 4370 μετάστασιν
854 4300 955 4371 τὴν
984 4299 1080 4353 ἐπὶ
1117 4299 1179 4352 τὸ
1210 4300 1433 4369 ἄμεινον
1477 4300 1511 4369 ἡ
1540 4297 1649 4351 τῶν
1685 4296 1897 4350 εἰδωλο-

316 4390 659 4462 λατρούντων
700 4392 820 4445 ἐστὶ
860 4391 1071 4444 διάνοια
1090 4430 1106 4455 ,
1134 4390 1229 4445 ἅτε
1261 4390 1328 4462 δὴ
1372 4389 1469 4443 καὶ
1517 4388 1660 4459 μάλα
1697 4388 1895 4460 ῥᾳδίως

2004 3218 2172 3272 quam
2200 3203 2348 3258 dicet
2385 3201 2705 3258 ascendisse
2730 3216 2824 3257 eos
2869 3202 3132 3257 duntaxat
3171 3200 3240 3256 ad
3285 3206 3579 3271 spectacu-

2002 3293 2140 3357 lum,
2172 3292 2377 3363 quippe
2404 3292 2705 3362 participes
2737 3291 2907 3347 l‘uturi
2935 3307 3065 3348 cum
3099 3290 3306 3346 Judais
3336 3288 3464 3346 festi
3497 3289 3579 3344 eis

2001 3382 2136 3439 solis
2151 3381 2532 3436 convenientis
2576 3380 2744 3437 simul
2772 3387 3103 3447 accurrunt;
3132 3379 3261 3451 quid
3280 3393 3581 3434 commune

2001 3474 2186 3545 quoad
2204 3474 2428 3529 'cnltum
2458 3473 2667 3531 Graecis
2698 3482 2753 3530 et
2779 3473 3021 3529 Iudaeis?
3054 3472 3228 3542 Atqui
3275 3471 3577 3542 plurimum

2001 3564 2342 3620 diﬂerentem
2392 3563 2449 3619 in
2496 3565 2750 3634 utrisque
2801 3563 3225 3633 comperiemus
3242 3560 3488 3617 habitum
3522 3568 3578 3615 et

2004 3657 2315 3712 institutum
2344 3654 2514 3710 animi
2545 3673 2561 3710 :
2609 3654 2667 3709 hi
2705 3654 2855 3710 enim
2889 3653 3204 3718 veritatem,
3239 3652 3319 3707 illi
3335 3650 3577 3707 :memla-

1999 3748 2146 3804 cium
2170 3748 2382 3802 colunt.
2416 3746 2561 3813 Quid
2593 3761 2723 3815 ergo
2750 3746 2840 3800 hic
2867 3744 3320 3801 dicemus‘MJum
3359 3742 3579 3798 Judaso-

2001 3853 2123 3892 rum
2155 3837 2307 3907 regio
2343 3838 2689 3895 contermina
2727 3846 2875 3893 esset
2909 3833 3168 3900 Galilane,
3198 3835 3473 3905 urbesque
3509 3847 3576 3888 ac

2000 3930 2156 3985 vicos
2184 3929 2331 3983 inter
2359 3943 2419 3984 se
2441 3928 2676 3983 invicem
2700 3928 2913 3982 vicinos
2944 3926 3228 3992 haberent,
3256 3924 3577 3996 frequenter

2000 4020 2144 4074 inter
2182 4035 2241 4074 se
2265 4019 2412 4073 ultro
2443 4018 2699 4087 citquue
2737 4015 3142 4082 commeabant,
3175 4030 3241 4070 ac
3272 4015 3577 4085 permisce-

1998 4110 2227 4173 bantur,
2261 4123 2326 4163 ac
2355 4108 2579 4177 utrique
2620 4107 2891 4163 invitante
2922 4106 2994 4162 ad
3034 4107 3090 4162 id
3140 4106 3435 4178 multiplici
3480 4120 3577 4162 oc-

1997 4199 2221 4254 casione
2253 4198 2487 4253 invicem
2540 4197 2749 4253 alteros
2801 4197 3052 4252 adibant.
3116 4195 3388 4262 Quoniam
3444 4209 3575 4250 vero

1997 4291 2177 4346 multo
2215 4289 2376 4361 700
2397 4288 2691 4343 ardentior
2713 4294 3012 4343 menserat
3034 4287 3310 4342 idolorum
3339 4287 3573 4343 cultori-

1998 4383 2124 4446 bus,
2153 4390 2208 4438 et
2243 4380 2707 4435 admutationem
2740 4378 3030 4435 inmelius
3067 4378 3414 4449 propensior,
3448 4385 3576 4433 tan-
3619 4406 3633 4417 α

319 4483 745 4553 ἐξελεγχομένης
760 4483 942 4539 αὐτῶν
974 4482 1074 4553 τῆς
1095 4481 1484 4553 ψευδολατρίας
1513 4480 1590 4544 ὡς
1619 4479 1895 4551 ἀχρήστου

2000 4487 2165 4543 quam
2194 4473 2321 4542 plus
2360 4474 2495 4529 satis
2510 4470 2727 4526 revicta
2755 4469 3154 4540 confutataque
3186 4485 3381 4526 eorum
3422 4469 3575 4526 ἱιιιιιιί

318 4575 618 4640 παντελῶς,
667 4576 1047 4645 μετεπείθοντό
1090 4592 1234 4638 τινες
1280 4575 1516 4637 εὐκόλως
1545 4591 1559 4610 °~
1592 4572 1744 4627 οὗπω
1798 4571 1898 4643 μὲν

316 4665 575 4727 ὀλοτελῶς
610 4665 689 4729 εις
723 4664 785 4717 τὸ
810 4704 822 4723 .
856 4665 1002 4735 μόνῳ
1038 4663 1323 4735 λατρεύειν
1365 4662 1443 4734 τῷ
1471 4662 1612 4718 κατά
1637 4661 1896 4731 ἀλήθειαν

319 4755 435 4806 liv-tt
482 4755 618 4826 Θεῷ,
658 4754 1005 4827 μεριζόμενοι
1051 4754 1109 4808 δέ
1154 4771 1270 4816 πως
1309 4756 1423 4817 τοῖς
1457 4754 1536 4817 εἰς
1595 4753 1896 4808 ἀπόστασιν

318 4844 616 4915 λογισμοῖς,
646 4846 741 4898 κοιλ⁵
772 4847 891 4908 ταῖς
918 4844 1024 4906 τῶν
1070 4845 1216 4898 ἰδίων
1256 4843 1591 4898 διδασκάλων
1639 4844 1898 4919 ἑπόμενοι

314 4936 583 5007 γνώμαις,
620 4937 925 5002 Πλάτωνος,
966 4936 1130 5007 φημὶ,
1164 4938 1258 4989 καὶ
1290 4936 1401 4988 τῶν
1430 4935 1550 4990 κατ’
1576 4936 1782 4987 ἐκεῖνον
1821 4928 1897 4988 εἷ-

313 5046 403 5082 ναι
433 5029 742 5100 λεγομένων
775 5027 975 5098 σοφῶν,
1015 5027 1334 5097 φασκόντων
1363 5026 1459 5080 ἕνα
1486 5026 1584 5097 μὲν
1619 5026 1727 5080 τῶν
1758 5027 1895 5080 πάν-

310 5138 424 5173 των
455 5116 596 5173 εἶναι
637 5120 987 5190 δημιουργὸν,
1028 5120 1357 5191 ὲγκοσμίους
1391 5119 1449 5173 δὲ
1479 5118 1607 5182 τοὺς
1653 5118 1894 5181 λοιποὺς,

314 5213 409 5264 καὶ
465 5209 658 5280 ὥσπερ
720 5211 871 5275 τινὰς
917 5212 1191 5281 ἡγεμόνας
1243 5210 1715 5281 κεχειροτονῆσθαι
1762 5209 1896 5280 παρ’

308 5305 525 5357 ἑκείνου
558 5304 693 5376 πρὸς
720 5303 981 5374 διοίκησιν
1013 5302 1121 5356 τῶν
1150 5301 1505 5375 ἀνθρωπίνων
1533 5303 1892 5373 πραγμάτων.

315 5397 479 5458 Ἐθος
507 5393 602 5450 οὖν
626 5412 736 5449 τισι
785 5395 1418 5465 Παλαιστινοῖς,Ἕλλησι
1461 5394 1694 5465 μάλιστα
1713 5432 1729 5459 ,
1755 5411 1898 5464 παρ-

307 5490 650 5560 εζευγμὲνην
705 5490 800 5543 καὶ
850 5489 1066 5557 γείτονα
1100 5487 1199 5559 τὴν
1248 5487 1357 5541 τῶν
1392 5484 1659 5541 Ἰουδαίων
1711 5484 1896 5554 ἔχουσι

309 5581 498 5653 χώραν
521 5620 538 5646 ,
571 5580 984 5651 ἀπομάττεσθαι
1036 5597 1154 5643 πως
1190 5578 1289 5646 ἔθη
1319 5578 1389 5631 τά
1430 5578 1560 5648 παρ’
1583 5576 1767 5639 αὐτοῖς
1805 5575 1896 5627 καὶ

308 5674 374 5726 τὸ
398 5671 502 5740 τῆς
535 5672 833 5743 μοναρχίας
854 5671 1025 5743 ὄνομα
1039 5672 1225 5742 τιμᾷν,
1244 5670 1402 5736 δόξαν
1426 5666 1569 5722 οὕτω
1594 5665 1890 5730 κάκείνοις,

308 5755 389 5819 ὧν
434 5761 635 5833 ἀρτίως
666 5760 1187 5834 ἐμνημονεύσαμεν,
1217 5762 1265 5816 εἰ
1315 5760 1408 5815 καὶ
1458 5758 1532 5830 μὴ
1567 5755 1709 5811 οὕτω
1761 5758 1891 5828 φασὶ

2000 4565 2418 4633 superstitione,
2448 4562 2572 4618 ideo
2601 4562 2854 4617 nonnulli
2886 4561 3048 4619 facile
3074 4563 3407 4619 sententiam
3450 4577 3577 4618 mu-

1999 4655 2190 4711 tabant
2224 4673 2239 4710 :
2266 4654 2362 4710 sed
2385 4654 2629 4709 nondum
2657 4653 2899 4725 perfecte
2925 4653 2995 4709 ad
3025 4654 3132 4710 hoc
3158 4661 3219 4709 ut
3239 4655 3346 4711 soli
3377 4670 3576 4712 secun-

1997 4748 2131 4804 dum
2164 4747 2445 4803 veritatem
2499 4746 2615 4802 Deo
2666 4746 2974 4813 servirent;
3024 4746 3292 4816 ancipites
3342 4760 3475 4803 vero
3519 4756 3577 4803 et

1997 4839 2270 4909 ambiguis
2298 4839 2427 4894 hinc
2450 4838 2578 4893 inde
2609 4838 2861 4894 distracti
2886 4838 3197 4895 rationibus
3217 4839 3285 4895 ad
3308 4838 3576 4897 defectio.

1999 4947 2147 4993 nem,
2177 4937 2243 4986 et'
2262 4944 2490 4986 suorum
2521 4928 2917 5000 magistrorum
2940 4929 3297 5001 opinionibus
3313 4930 3573 4986 insisten-

1999 5033 2102 5087 tes,
2136 5021 2407 5086 Platonis,
2439 5020 2692 5091 inquam,
2722 5028 2778 5076 et
2809 5021 3045 5076 aliorum
3076 5020 3131 5076 id
3156 5036 3335 5092 genus
3354 5021 3597 5093 sapiens

1996 5123 2136 5180 tum,
2177 5114 2271 5184 qui
2302 5114 2458 5169 aiunt
2491 5128 2662 5168 unum
2699 5112 2923 5183 quidem
2965 5127 3093 5169 esse
3123 5112 3366 5168 universi
3408 5110 3572 5182 opili-

1995 5222 2137 5269 cem,
2165 5214 2396 5261 caeteros
2416 5221 2546 5261 vero
2575 5204 2995 5275 mundanosque
3016 5213 3278 5274 tanquam
3301 5203 3571 5276 quosdam

1996 5299 2165 5355 duces
2194 5299 2264 5353 ab
2292 5298 2388 5353 illo
2415 5307 2635 5354 creatos
2676 5297 2744 5353 ad
2775 5312 2959 5354 rerum
3010 5297 3379 5352 humanarum
3421 5298 3573 5369 regi-

1995 5406 2148 5444 men.
2199 5388 2367 5445 Moris
2421 5404 2551 5461 ergo
2609 5388 2897 5445 nonnullis
2950 5387 3323 5455 Palaestinis,.
3364 5389 3571 5446 Graecis

1994 5479 2252 5545 maxime,
2278 5478 2514 5535 vicinam
2534 5486 2590 5534 et
2605 5478 2917 5549 contiguam
2946 5475 3261 5534 Judaeorum
3290 5477 3567 5548 regionem

1996 5570 2370 5627 accolentibus
2398 5610 2414 5633 ,
2471 5570 2676 5626 imitari
2726 5579 2781 5626 et
2830 5584 3115 5626 assumere
3163 5565 3568 5640 quodammodo

1994 5678 2186 5717 eorum
2215 5661 2649 5720 consuetudines
2678 5677 2742 5718 ac
2774 5676 2978 5725 mores,
3021 5669 3189 5731 atque
3226 5658 3567 5712 monarchiae

1999 5771 2200 5813 nomen
2234 5756 2289 5813 in
2317 5756 2522 5814 honore
2552 5756 2773 5825 habere,
2802 5754 2951 5828 quod
2984 5755 3059 5811 ita
3097 5752 3276 5809 visum
3312 5757 3459 5808 esset
3494 5750 3563 5809 iis
