4062 6208
447 326 520 385 85
1445 321 1502 378 S.
1544 323 1823 378 CYlllLLl
1847 320 2318 377 ALEXANDRINI
2352 323 2673 379 AliClllEl‘.
3623 315 3689 370 8‘

425 456 683 516 quorum
728 439 896 512 paulo
923 449 1052 496 ante
1078 442 1456 508 meminimus,
1501 441 1606 497 etsi
1657 458 1768 498 non
1814 441 2006 498 eodem

2131 443 2364 516 ιαθάπερ
2394 445 2573 514 ἡμεῖς.
2603 443 2666 497 Οῑ
2696 442 2773 506 δὲ,
2795 439 2931 510 μήτε
2959 438 3138 507 πλήρη
3159 432 3257 503 τὴν
3285 433 3363 496 είς
3409 432 3688 498 Ἰουδαίους

441 534 609 589 modo
655 545 765 604 quo
800 547 902 590 nos
948 534 1246 604 loquimur.
1288 528 1356 587 lii
1390 547 1518 589 vero
1543 548 1654 588 non
1684 534 1910 589 omnino
1944 533 2020 587 ad.
2046 543 2061 558 '

440 623 757 680 Iudaeorum
792 624 931 680 ritus
961 623 1241 694 propensi,
1273 638 1450 693 neque
1479 638 1510 676 a
1544 621 1864 679 Graecorum
1899 624 2013 693 pla-

442 716 571 772 citis
615 725 673 771 et
713 716 958 772 moribus
1000 715 1260 785 digressi,
1296 715 1391 771 sed
1434 716 1670 770 mediam
1719 716 2011 786 quamdam

441 806 711 862 rationem
738 815 789 862 et
817 806 1150 861 sententiam
1197 806 1394 872 secuti,
1433 805 1508 876 pii
1539 815 1596 862 et
1639 805 1881 861 cultores
1917 803 2012 859 Dei

443 904 854 968 nuncupantur.
889 897 1060 967 lgitur
1094 896 1270 952 ϐπερὶ
1297 896 1396 968 qui
1437 895 1494 951 in
1522 897 1776 966 proximo
1801 895 2010 952 habita-

443 988 598 1055 bant,
647 1003 772 1043 cum
805 987 1058 1044 viderent
1113 1002 1245 1043 suos
1290 1001 1474 1043 mores
1521 1003 1553 1042 a
1603 981 1852 1043 Judaicis
1903 1001 2013 1042 non

443 1094 775 1152 magnOpere
816 1077 1060 1144 diil‘erre,
1098 1077 1281 1151 quoad
1327 1078 1732 1134 sacriﬁciorum
1774 1079 1916 1135 ritus
1961 1087 2016 1134 et

444 1168 778 1224 monarcliite
809 1177 1198 1239 praesumptam
1223 1168 1538 1240 opinionem
1572 1169 1721 1238 (nam
1762 1183 1874 1224 non
1912 1183 2013 1224 an-

445 1261 531 1313 tea
563 1273 697 1329 gens
739 1258 908 1313 Israel
949 1257 1016 1313 de
1045 1258 1263 1312 ratione
1306 1265 1512 1313 sancta)
1543 1259 2015 1323 etlconsubstan-

444 1346 594 1400 tialis
633 1345 950 1410 Trinitatis,
997 1345 1094 1402 sed
1128 1345 1654 1416 neque‘spiritualis
1690 1346 1874 1402 cultus
1907 1348 2014 1401 vim

445 1436 781 1506 audierant),
815 1421 1168 1491 conﬂuebant
1197 1438 1361 1492 etiam
1409 1436 1730 1502 adoraturi,
1780 1437 2016 1493 maxime

443 1526 499 1580 in
534 1527 753 1596 magnis
785 1525 1223 1588 celebritatibus,
1253 1525 1420 1597 idque
1451 1541 1561 1580 non
1590 1527 1748 1596 quasi
1780 1543 2016 1597 peccan-

445 1625 530 1672 tes
588 1617 641 1672 in
684 1631 842 1673 suam
889 1617 1136 1688 ipsorum
1183 1618 1505 1688 religionem
1537 1633 1605 1674 ac
1653 1620 1886 1686 cultum,
1919 1620 2016 1675 sed

445 1708 594 1764 velut
625 1723 794 1764 unum
821 1711 1068 1776 omnium
1102 1707 1268 1765 Deum
1298 1709 1658 1765 honorantes.

515 1798 650 1861 ΧΠ,
694 1800 786 1856 32.
840 1799 992 1856 Venit
1028 1800 1305 1871 Philippus
1334 1810 1383 1856 et
1409 1801 1538 1854 dicit
1559 1800 1807 1857 Andreae.

516 1890 586 1946 Et
615 1891 877 1948 Pharisaei
923 1893 1236 1949 nescientes
1273 1893 1355 1949 rei
1389 1897 1677 1949 veritatem
1727 1890 1844 1951 haec
1877 1888 2020 1950 inter
2095 1897 2098 1900 ’

449 1997 511 2038 se
559 1982 866 2038 dicebant:
926 2001 946 2037 ι
995 1983 1136 2040 Ecce
1191 1992 1342 2040 totus
1392 1985 1633 2042 mundus
1686 1995 1810 2056 post
1866 1987 2019 2042 illum

449 2074 566 2129 abit
593 2073 665 2130 ³⁸.
701 2090 721 2128 ι
750 2074 938 2146 Neque
965 2077 1111 2133 enim
1151 2077 1332 2134 solum
1359 2065 1554 2145 Judaei,
1583 2077 1680 2134 sed
1710 2086 1764 2132 et
1791 2079 2021 2149 gentiles

447 2176 610 2220 erant
650 2167 936 2223 credituri.
983 2169 1114 2224 ideo
1160 2176 1214 2224 et
1258 2182 1411 2225 nunc
1455 2168 1605 2224 velut
1656 2168 2022 2238 primitiarum

450 2257 576 2312 loco
601 2257 744 2313 facta
775 2261 862 2315 est
882 2259 1199 2337 Graecorum
1232 2261 1501 2328 accessio,
1545 2267 1599 2316 et
1629 2276 1743 2315 non
1768 2276 1929 2318 secus
1959 2276 2024 2317 ac

452 2345 664 2403 Galilaei
709 2348 1048 2405 accedebant
1106 2349 1176 2404 ad
1223 2348 1536 2419 Philippum
1571 2347 1767 2413 Graeci,
1817 2363 1920 2418 ceu
1948 2359 2026 2406 ,οι

451 2439 633 2510 ipsum
691 2439 976 2497 Galilaeum
1027 2440 1409 2504 exsistentem,
1461 2446 1522 2493 ut
1573 2439 1893 2494 ostenderet
1942 2440 2026 2495 eis

451 2531 639 2585 Jesum
673 2526 839 2602 que'm
889 2547 1119 2599 cernere
1153 2531 1470 2602 cupiebant,
1526 2529 1730 2585 auditis
1778 2538 1860 2583 tot
1904 2541 2028 2599 qua:

449 2622 656 2678 ﬁebant
693 2623 960 2680 secundis
991 2622 1518 2686 acclamationibus,
1545 2629 1605 2675 ut
1631 2620 1945 2684 adorarent,
1974 2628 2028 2676 et

455 2731 520 2769 ea
589 2728 714 2785 quae
766 2716 1058 2785 cupiebant
1116 2719 1619 2784 consequerentur.
1685 2711 2028 2769 Recordatus

449 2809 585 2858 .v'ero
619 2804 902 2874 Philippus
944 2803 1096 2874 quod
1133 2795 1348 2860 dixerat
1373 2803 1455 2859 eis
1489 2801 1651 2859 Jesus
1682 2820 1697 2856 :
1737 2821 1756 2854 ι
1791 2801 1848 2856 ln
1879 2802 2026 2857 viam

452 2898 700 2967 gentium
728 2913 796 2950 ne
827 2896 1099 2964 abieritis,
1136 2903 1191 2949 et
1235 2895 1291 2950 in
1329 2895 1522 2950 urbem
1553 2893 2028 2950 Samaritanorum

454 3004 526 3044 ne
555 2988 941 3058 ingrediamini
967 2988 1009 3020 ⁸¹
1033 3028 1049 3055 ,
1085 3006 1106 3041 ι
1133 2987 1332 3044 metuit
1360 3002 1430 3042 ne
1451 2985 1731 3042 offendere
1776 2987 2029 3042 videatur

2115 535 2326 606 ἔχοντες
2367 536 2577 607 ῥοπὴν,
2611 535 2749 604 μήτε
2785 532 2889 603 μὴν
2943 529 3052 582 τῶν
3085 519 3311 594 Ἕλλησι
3370 524 3540 594 φίλων
3585 526 3683 593 ἀφ-

2114 627 2406 697 εστηκότες
2435 625 2594 692 ἐθῶν,
2627 623 2798 696 μέσην
2835 621 2893 675 δέ
2939 635 3061 672 τινα
3093 616 3189 670 καὶ
3214 616 3352 686 πρὸς
3377 615 3546 686 ἄμφω
3575 616 3692 685 βλέ-

2114 733 2238 770 πειν
2282 715 2691 787 ἐπιτηδεύοντες
2730 711 2910 776 δόξαν,
2943 705 3213 769 θεοσεϐεῖς
3241 706 3595 776 ὀνομάζονται
3639 708 3690 759 ot

2113 807 2365 860 τοιοῦτοι.
2421 796 2723 875 Τοιγαροῦν
2779 797 2830 855 oi
2880 797 3248 870 γειτονοῦντες
3290 799 3551 869 Ἕλληνες
3573 838 3589 863 ,
3629 791 3690 850 οὐ

2113 899 2322 969 σφόδρα
2344 897 2450 951 τῶν
2483 894 2786 950 Ἰουδαϊκῶν
2811 892 2952 946 ἐθῶν
2977 892 3046 946 τά
3078 893 3184 948 ῐδια
3214 890 3550 962 διῳκισμένα
3573 885 3693 959 βλέ-

2115 991 2464 1054 ποντες,ὄσον
2492 983 2627 1060 ἧκεν
2655 988 2734 1050 είς
2763 983 2965 1039 θυσιῶν
2987 977 3225 1055 τρόπους
3253 985 3348 1038 καὶ
3390 979 3690 1054 μοναρχίας

2114 1076 2365 1153 διάληψιν
2388 1081 2469 1153 (οὐ
2515 1081 2624 1152 γὰρ
2659 1074 2877 1152 ᾔδεισαν
2927 1081 3190 1154 ⁸πρότερον
3225 1078 3325 1148 τῆς
3380 1075 3542 1143 ἁγίας
3597 1071 3692 1124 καὶ

2114 1174 2404 1244 ὀμοουσίου
2441 1171 2671 1244 Τριάδος
2717 1173 2842 1236 τοὺς
2874 1173 3067 1240 λόγους
3111 1171 3159 1224 oi
3201 1168 3259 1234 ἐξ
3296 1163 3533 1236 Ἰσραὴλ,
3573 1161 3690 1214 ἀλλ’

2115 1265 2236 1318 οὐδὲ
2272 1265 2371 1336 τῆς
2412 1263 2788 1334 πνευματικῆς
2816 1263 3069 1335 λατρείας
3093 1257 3194 1332 τὴν
3238 1257 3464 1325 δύναμιν
3491 1254 3531 1322 ),
3563 1267 3691 1304 συν-

2117 1354 2328 1408 έϐαινον
2361 1355 2844 1426 προσκυνήσοντες,
2877 1354 2934 1406 ἐν
2965 1342 3266 1420 πανδήμοις
3307 1340 3539 1416 μάλιστα
3571 1358 3690 1393 συντ

2115 1443 2360 1515 δρομαῖς,
2382 1445 2479 1515 οὐχ
2505 1443 2582 1507 ὡς
2615 1443 2716 1515 τὴν
2743 1443 2878 1497 ίδίαν
2913 1439 3206 1502 λυποῦντες
3227 1435 3479 1508 λατρείαν
3502 1449 3562 1484 τε
3597 1431 3692 1484 καὶ

2118 1533 2438 1606 θρησκείαν,
2483 1527 2600 1588 an"
2656 1529 2732 1597 ὡς
2776 1527 2862 1586 ἵνα
2893 1532 2985 1586 τὸν
3032 1529 3125 1583 ιπι
3173 1527 3390 1581 πάντων
3425 1520 3692 1592 τιμῶντες

2117 1625 2273 1680 Θεόν.

2199 1808 2478 1875 Ἔρχεται
2499 1805 2797 1870 Φίλιππος
2828 1802 2928 1857 καὶ
2958 1798 3120 1868 λέγει
3147 1795 3229 1863 τῷ
3261 1791 3511 1862 Ἀνδρέᾳ.

2189 1903 2299 1955 Καὶ
2347 1900 2422 1972 μὴ
2452 1899 2650 1961 εἰδότες
2702 1897 2752 1951 οἱ
2797 1896 3082 1965 Φαρισαῖοι
3113 1883 3175 1944 τδ
3220 1887 3418 1959 ἀληθὲς
3472 1882 3695 1938 ἐλάλουν

2119 1991 2541 2062 λέγοντες-«Ἴδε
2567 1991 2596 2042 ὁ
2617 1988 2820 2059 κόσμος
2847 1986 2965 2048 ὅλος
2993 1982 3167 2036 ὀπίσω
3196 1979 3361 2034 αὐτοῦ
3395 1974 3690 2046 ἀπῆλθεν.»

2121 2083 2196 2136 Οὐ
2230 2082 2388 2150 μόνον
2412 2080 2520 2151 γὰρ
2554 2075 2970 2142 Ἰουδαῖοι,ἀλλὰ
2991 2071 3085 2126 καὶ
3109 2073 3160 2124 oi
3189 2069 3247 2135 ἐξ
3277 2066 3443 2120 ἐθνῶν
3474 2062 3695 2132 ἔμελλον

2125 2171 2421 2227 πιστεύειν.
2453 2171 2545 2222 Διδ
2574 2169 2668 2222 καὶ
2691 2168 2768 2230 ὡς
2797 2169 2854 2220 ἐν
2885 2165 3105 2235 ἀπαρχῇ
3133 2161 3253 2213 τότε
3278 2157 3495 2226 γέγονεν
3527 2155 3562 2223 ἠ
3587 2151 3698 2204 τῶν

2135 2255 2402 2334 Ἑλλήνων
2445 2255 2730 2332 προσθήκη
2759 2299 2773 2324 ,
2804 2257 2902 2312 καὶ
2927 2255 3004 2318 ὡς
3045 2252 3314 2306 Γαλιλαῖοι
3347 2247 3396 2302 oi
3433 2244 3698 2312 Ἕλληνες

2125 2355 2431 2428 προσῆλθον
2453 2353 2529 2424 τῷ
2556 2351 2828 2420 Φιλίππῳ,
2863 2341 2938 2410 ὡς
2965 2347 3058 2400 καί
3089 2341 3235 2414 αὑτῷ
3263 2337 3528 2404 Γαλιλαίῳ
3557 2335 3696 2428 δντι,

2129 2425 2216 2501 ἵνα
2241 2446 2392 2518 δείξῃ
2411 2445 2594 2507 αὐτοῖς
2621 2437 2712 2496 τὸν
2749 2438 2976 2512 Ἰησοῦν,
3002 2437 3057 2490 ὃν
3094 2431 3284 2506 seem
3318 2430 3466 2493 ἰδεῖν,
3497 2425 3701 2518 πολλὴν

2126 2517 2416 2602 ἀκούοντες
2448 2536 2528 2600 εις
2563 2534 2725 2588 αὑτὸν
2747 2531 3038 2602 γινομένην
3076 2529 3177 2598 τὴν
3222 2521 3518 2591 εὐφημίαν,
3560 2517 3702 2569 ὥστε

2127 2620 2504 2700 προσκυνῆσαι
2557 2626 2654 2679 καὶ
2702 2621 2777 2677 ὧν
2805 2621 2997 2693 ἧθελον
3049 2619 3248 2687 τυχεῖν.
3288 2609 3565 2680 Μνησθεὶς
3585 2607 3702 2700 δέᾲό

2125 2698 2390 2784 Φίλιππος
2422 2721 2504 2773 ὅτι
2535 2713 2655 2770 εἷπε
2693 2715 2830 2787 πρὸς
2873 2713 3068 2774 αὐτοὺς
3093 2713 3121 2764 ὀ
3146 2707 3348 2780 Κύριος
3371 2721 3386 2736 ο
3418 2723 3435 2753 ι
3458 2703 3550 2764 Ei;
3582 2698 3703 2751 ὁδὸν

2129 2812 2296 2867 ἐθνῶν
2328 2811 2403 2882 μὴ
2445 2808 2720 2878 ἀπέλθητε
2747 2845 2762 2871 ,
2789 2805 2884 2860 καὶ
2930 2805 3009 2866 είς
3041 2800 3195 2854 πόλιν
3237 2791 3591 2866 Σαμαρειτῶν
3628 2788 3702 2882 pii
3759 2851 3763 2854 _

2128 2880 2429 2974 είσέλθητε,
2466 2921 2483 2952 ι
2508 2898 2680 2968 δειλιᾷ
2707 2899 2902 2968 μήπως
2925 2889 3294 2963 προσκροῦσαι
3317 2885 3443 2955 δόξῃ
3471 2883 3594 2974 τοὺς
3627 2880 3702 2949 μὴ

2129 2973 2561 3056 πεπιστευκότας
2617 2985 2908 3061 προσάγων
2961 2983 3039 3054 τῷ
3087 2978 3341 3053 Χριστῷ,
3370 2973 3581 3044 ἀγνοῶν
3622 2973 3706 3024 ὅτι

453 3093 583 3143 eos,
615 3079 706 3148 qui
743 3076 984 3132 nondum
1015 3077 1396 3142 crediderant,
1428 3077 1476 3133 si
1508 3075 1576 3130 ad
1603 3076 1888 3132 Christum
1929 3078 2028 3132 ad-

2131 3077 2487 3156 οῑκονομικῶς
2527 3074 2787 3150 ὀΚύριος
2815 3075 3055 3130 ἐκώλυσε
3090 3071 3217 3133 τοῦς
3255 3061 3704 3168 μαθητάς-εἰσελ-

455 3169 684 3225 duceret
717 3188 731 3224 :
774 3170 1032 3243 ignorans
1078 3169 1226 3237 quod
1259 3184 1324 3224 ex
1358 3169 1791 3240 dispensationis
1838 3170 2032 3226 ordine

2132 3180 2247 3234 θεῖν
2293 3153 2428 3247 πρὸς
2482 3173 2552 3227 τὰ
2581 3172 2730 3242 ἔθνη,
2763 3169 2869 3233 ἕως
2910 3161 2972 3220 οὗ
3009 3165 3211 3234 πρῶτοι
3248 3161 3298 3212 οἱ
3343 3157 3580 3210 Ἰουδαῖοι
3607 3153 3706 3247 τὴν

460 3261 728 3316 Dominus
761 3268 1010 3316 vetuerat
1052 3261 1208 3331 70],
1263 3259 1557 3324 discipulis
1604 3275 1676 3316 ne
1725 3260 1795 3316 ad
1844 3269 2034 3333 gentes

457 3351 894 3424 ingrederentur,
933 3351 1111 3407 donec
1161 3351 1325 3420 primi
1385 3349 1560 3406 Judaei
1617 3351 1876 3406 traditam
1927 3350 2032 3406 sibi

457 3448 689 3518 gratiam
731 3446 1044 3515 rejicerent.
1077 3443 1363 3514 Tanquam
1411 3451 1594 3498 autem
1642 3444 1943 3499 ardentiori
1977 3450 2033 3499 et

459 3537 639 3610 magis
668 3536 737 3591 ad
762 3552 826 3591 ea
868 3535 1066 3591 idoneo
1103 3535 1338 3591 Andreae
1362 3534 1496 3589 dicit
1525 3550 1541 3600 ξ
1589 3547 1827 3604 cumque
1855 3534 1909 3588 id
1946 3544 2034 3589 re-

460 3636 613 3685 ctum
663 3628 847 3684 visum
881 3636 1052 3692 esset,
1093 3627 1257 3681 ambo
1301 3627 1623 3681 renuntiant
1661 3626 1919 3681 Domino.
1970 3617 2038 3681 Et

456 3718 765 3791 prudenter
793 3717 1014 3789 quidem
1056 3717 1188 3773 facit
1221 3715 1514 3787 Philippus
1545 3717 1749 3774 docens
1772 3733 1895 3783 nos,
1925 3732 2034 3771 non

462 3817 674 3868 temere
699 3812 866 3866 Verba
891 3809 1141 3866 facienda
1177 3824 1302 3866 esse
1341 3811 1408 3864 ad
1439 3810 1765 3880 praepositos
1792 3816 2034 3874 nostros,

393 3919 402 3924 -
464 3897 592 3954 licet
621 3902 690 3958 de
719 3905 889 3958 rebus
921 3915 1043 3972 quae
1078 3902 1334 3958 videntur
1362 3901 1538 3965 bonae,
1570 3900 1666 3956 sed
1701 3902 1884 3971 potius
1909 3913 2037 3954 cum

459 3994 828 4064 prudentibus
852 3991 1269 4049 deliberandum
1300 3992 1429 4061 quid
1458 3990 1603 4046 facto
1631 4005 1771 4061 opus
1801 3992 1894 4046 sit.

389 4157 392 4159 Δ
538 4081 632 4137 XII
658 4124 674 4149 ,
717 4082 807 4138 25.
860 4081 1008 4138 Venit
1044 4083 1175 4136 hora
1199 4121 1215 4147 ,
1250 4089 1307 4134 ut
1350 4079 1679 4150 clari/icetur
1727 4077 1902 4136 Filius
1943 4079 2039 4134 Ito-

461 4175 649 4229 minis.

541 4266 813 4334 Quoniam
839 4265 1007 4338 igitur
1033 4264 1270 4337 gentiles
1307 4262 1376 4319 ad
1411 4278 1540 4319 cum
1584 4261 1882 4318 videndum
1935 4277 2037 4317 au-

463 4359 931 4430 scultandumque
955 4365 1275 4429 properant,
1297 4355 1421 4412 ideo
1445 4356 1552 4410 ait:
1585 4372 1606 4408 ι
1632 4353 1794 4411 Venit
1835 4355 1994 4421 liora,
2018 4371 2036 4408 ι
2077 4423 2087 4430 ’

2129 3242 2379 3325 δοθεῖσαν
2409 3266 2594 3326 αὐτοῖς
2627 3261 3023 3317 ἀποσείσωνται
3055 3255 3234 3327 χάριν.
3278 3250 3364 3311 Ὠς
3390 3242 3708 3316 θερμοτέρῳ

2132 3361 2189 3414 δὲ
2239 3359 2333 3414 καὶ
2389 3353 2806 3426 ἐπιτηδειοτέρῳ
2863 3349 2999 3418 πρὸς
3029 3346 3100 3399 τὰ
3153 3340 3375 3395 τοιαῦτα
3430 3335 3576 3403 λέγει
3627 3331 3708 3426 τῷ

2147 3450 2373 3522 Ἀνδρέᾳ
2396 3465 2410 3479 ο
2441 3422 2598 3510 δόξαν
2619 3445 2675 3498 δέ
2703 3422 2845 3497 οὕτω
2887 3438 3086 3502 καλῶς,
3109 3432 3415 3522 ἀμφότεροι
3426 3422 3707 3522 ἀπαγγέλ⁴

2134 3515 2288 3598 λουσί
2312 3515 2389 3610 τῶ
2417 3537 2626 3609 Κυρίῳ.
2673 3532 2917 3594 Συνετῶς
2956 3529 3014 3582 δέ
3045 3525 3257 3598 πράξας
3284 3525 3318 3576 ὁ,
3339 3519 3604 3580 Φίλιππος
3631 3515 3710 3568 δι-

2134 3636 2324 3689 δάσκει
2355 3609 2504 3703 ἡμᾶς
2537 3630 2618 3682 ὅτι
2651 3626 2711 3678 οὐ
2743 3623 2903 3678 καλὸν
2950 3623 3062 3684 τοῖς
3104 3616 3245 3685 ὑπὲρ
3270 3614 3418 3703 ἡμας
3446 3609 3712 3703 λαλεῖν

2135 3723 2211 3786 ὡς
2249 3697 2410 3791 ἔτυχε
2433 3760 2448 3783 ,
2501 3717 2604 3772 κᾶν
2641 3716 2769 3786 δοκῇ
2815 3731 2869 3766 τι
2920 3711 3030 3765 τῶν
3079 3706 3302 3776 ἀγαθῶν
3351 3698 3489 3756 εἶναι
3513 3741 3528 3766 ,
3575 3697 3712 3791 ἀλλὰ

2141 3813 2341 3886 μᾶλλον
2408 3810 2545 3883 μετά
2606 3805 2884 3879 φρονίμων
2961 3796 3358 3856 συσκέπτεσθαι
3410 3794 3470 3847 τὸ
3523 3792 3576 3846 τί
3632 3790 3714 3844 δεῖ

2139 3907 2334 3960 ποιεῖν.

2224 4079 2559 4148 Ἐλήλυθεν
2589 4078 2622 4143 ἡ
2650 4073 2771 4142 ὥρα
2816 4073 2916 4126 ἵνα
2941 4065 3212 4135 δοξασθῇ
3247 4069 3279 4120 ὀ
3317 4063 3450 4130 Υἱὸς
3473 4061 3578 4115 τοῦ
3609 4060 3714 4114 ἁν-

2141 4171 2394 4242 θρώπου.

2225 4261 2444 4333 Ἐπειδὴ
2469 4255 2561 4316 οῦν
2584 4261 2636 4314 οἱ
2665 4259 2725 4324 ἐξ
2745 4255 2913 4312 ἐθνῶν
2941 4253 3251 4323 ἐπείγονται
3281 4251 3416 4320 πρὸς
3448 4246 3510 4301 τὸ
3542 4245 3717 4300 θέλειν

2144 4356 2305 4410 αὑτὸν
2341 4355 2468 4409 ἰδεῖν
2495 4353 2529 4424 ἢ
2555 4349 2899 4423 ἐπιστρέψαι,
2921 4348 3010 4401 διὰ
3025 4344 3182 4400 τοῦτό
3218 4358 3382 4413 φησιν
3400 4357 3414 4371 ·
3444 4360 3462 4391 ι
3500 4335 3718 4405 Ἐλήλυο

467 4460 645 4525 prope
673 4452 821 4508 enim
842 4427 971 4506 erat
1011 4427 1288 4520 passionis
1316 4456 1532 4519 tempus
1559 4487 1576 4512 ,
1605 4456 1732 4518 post
1754 4447 1900 4518 quod
1929 4459 2034 4503 sta-

2147 4451 2238 4503 θεν
2271 4449 2304 4518 ἡ
2342 4447 2461 4517 ὥρα
2485 4461 2499 4475 ·
2540 4461 2558 4495 ι
2597 4445 2627 4496 ὀ
2675 4441 2784 4512 γὰρ
2821 4428 3008 4510 καιρὸς
3046 4436 3213 4506 ἐγγὺς
3248 4429 3316 4504 ἦν
3346 4430 3458 4525 τοῦ-
3490 4427 3714 4525 πάθους,

464 4544 572 4598 tim
602 4551 688 4600 est
709 4543 958 4615 gentium
987 4542 1220 4597 Vocatio.
1265 4541 1430 4613 Atqui
1462 4541 1657 4595 horam
1690 4539 1780 4594 hic
1808 4540 2046 4608 appellat

465 4649 714 4710 praesens
739 4643 993 4708 tempus,-
1021 4650 1131 4691 non
1157 4634 1310 4691 aliud
1344 4632 1475 4705 quid
1494 4673 1511 4701 ,
1549 4634 1698 4704 quod
1721 4631 1770 4686 ei
1800 4632 2044 4701 patiendi

472 4729 860 4785 necessitatem
903 4728 1181 4799 imponat,
1237 4726 1332 4782 sed
1367 4727 1550 4796 ipsum
1598 4730 1754 4780 certa
1802 4725 2044 4796 quadam

468 4818 930 4876 determinatione
977 4819 1048 4875 ab
1094 4833 1162 4874 eo
1213 4816 1563 4888 praeﬁnitum.
1604 4808 1853 4872 Peractis
1895 4817 2044 4871 enim

469 4910 729 4967 omnibus
747 4925 870 4982 quae
896 4903 967 4964 ad
992 4910 1151 4965 [Idem
1179 4909 1445 4964 mortales
1477 4906 1870 4977 perducebant,
1897 4915 1950 4961 et
1976 4905 2044 4962 de

468 5017 646 5073 regno
696 5001 962 5057 calorum
1010 5011 1268 5056 sermone
1319 4997 1507 5053 habito
1560 4996 2040 5067 promulgatoque,

470 5087 738 5159 deinceps
773 5085 839 5142 ad
876 5087 1058 5157 ipsum
1096 5086 1210 5156 spei
1243 5094 1412 5156 caput
1441 5094 1495 5141 et
1521 5099 1792 5140 summam
1826 5083 1999 5140 tendit
2027 5119 2041 5150 ,

475 5185 676 5248 nempe
725 5180 963 5234 mortem
1009 5175 1380 5248 perimendam
1409 5215 1424 5240 ,
1471 5177 1840 5246 quodquidem
1901 5176 2046 5231 haud

477 5270 640 5324 aliter
689 5271 1098 5340 processisset,
1151 5268 1261 5324 nisi
1307 5268 1421 5322 vita
1464 5267 1582 5337 ipsa
1639 5281 1740 5336 pro
1789 5266 2051 5322 omnibus

481 5365 713 5416 mortem
745 5362 1098 5431 pertulisset,
1131 5369 1190 5417 ut
1214 5374 1413 5415 omnes
1451 5361 1508 5413 in
1538 5373 1604 5415 eo
1640 5357 1950 5424 viveremus
1971 5360 2047 5414 ι’.

479 5450 775 5521 Propterea
805 5453 950 5507 enim
976 5468 1132 5507 suam
1153 5451 1382 5522 gloriam
1413 5457 1572 5506 vocat
1603 5456 1856 5513 mortem,
1886 5457 2052 5520 atque

485 5541 626 5599 adeo
668 5543 782 5613 pati
833 5543 1196 5599 acerbissima
1241 5556 1473 5613 quaeque
1518 5555 1620 5611 pro
1665 5541 2052 5611 peccatoribus

555 5719 600 5752 ⁸⁸³
641 5719 796 5779 δοίη.
829 5737 940 5790 xu,
982 5721 1061 5779 i9.
1140 5721 1183 5753 δι
1225 5717 1412 5776 Matth.
1444 5735 1510 5788 ι,
1542 5719 1596 5777 5.
1672 5719 1716 5752 δ’
1755 5716 1911 5778 Joan.
1944 5733 2020 5788 iv,
2051 5720 2104 5775 9.

2150 4540 2267 4611 μεθ’
2297 4539 2356 4592 ὃν
2385 4535 2546 4598 εὐθὺς
2572 4536 2605 4605 ὴ
2642 4533 2751 4586 τῶν
2792 4531 2959 4586 ἐθνῶν
2986 4529 3195 4598 κλῆσις.
3219 4525 3388 4594 Ὥραν
3416 4521 3473 4574 δὲ
3512 4521 3570 4573 ἐν
3594 4518 3716 4571 τοὺ-

2144 4651 2257 4698 τοις
2280 4633 2373 4686 τὸν
2407 4631 2649 4701 παρόντα
2696 4627 2888 4697 καιρὸν
2917 4622 3190 4694 ὀνομάζει,
3224 4620 3324 4674 οὐκ
3356 4616 3483 4671 ἄλλο
3509 4633 3560 4668 τι
3582 4611 3719 4682 πρὸς

2146 4725 2395 4793 ἀνάγκην
2435 4723 2568 4790 ἄγον
2612 4715 2772 4774 αὐτὸν
2816 4715 2911 4770 τοῦ
2945 4713 3160 4776 παθεῖν,
3191 4710 3309 4766 ἀλλ’
3328 4709 3575 4779 ὁρισμοῖς
3607 4707 3720 4768 τοῖς

2150 4817 2279 4888 παρ’
2309 4812 2473 4869 αὐτοῦ
2510 4810 2700 4865 τοῦτον
2729 4807 3194 4875 ἀναδεικνύμενον.
3213 4793 3397 4854 Πάντα
3427 4796 3535 4868 γὰρ
3566 4795 3721 4888 ποιη-

2153 4887 2249 4971 σαέ
2285 4910 2384 4962 ὃσα
2416 4907 2495 4970 εἰς
2536 4905 2716 4958 πίστιν
2754 4902 2914 4971 ἐνῆγε
2941 4899 3067 4960 τοὺς
3103 4891 3423 4965 ἀνθρώπους
3447 4928 3463 4953 ,
3496 4887 3592 4941 καὶ
3622 4887 3722 4956 τῆς

2155 4999 2430 5072 βασιλείας
2445 4996 2555 5051 τῶν
2575 4994 2820 5067 οὐρανῶν
2847 4990 3089 5062 κηρύξας
3117 4986 3298 5054 λόγον,
3441 4980 3583 5072 αὐτὸ.
3610 4978 3722 5030 λοι-

2153 5068 2252 5141 πὸν
2279 5090 2378 5157 τῆς
2407 5085 2619 5147 ἐλπίδος
2643 5078 2705 5136 τδ
2747 5081 3041 5150 κεφάλαιον
3071 5074 3306 5147 βαδίζειν
3329 5071 3501 5134 θέλει,
3526 5068 3598 5157 1τί)
3633 5085 3721 5122 νε-

2153 5156 2367 5245 κρῶσαι
2391 5173 2482 5227 τὸν
2521 5172 2748 5226 θάνατον
2767 5186 2780 5200 ο
2811 5169 2949 5239 ὅπερ
2977 5166 3075 5220 οὐκ
3103 5163 3276 5224 ἄλλως
3311 5159 3525 5229 ἐγένετο
3555 5156 3642 5218 ἂν,
3676 5157 3724 5208 ει

2153 5265 2229 5336 μὴ
2259 5267 2291 5335 ἡ
2326 5263 2440 5334 ζωὴ
2482 5263 2574 5316 τὸν
2623 5261 2764 5331 ὑπὲρ
2791 5259 3044 5314 ἀπάντων
3067 5256 3323 5324 ὑπέμεινε
3364 5250 3608 5311 θάνατον,
3635 5246 3726 5298 ἵνα

2150 5358 2200 5408 oi
2241 5356 2441 5419 πάντες
2471 5354 2723 5426 ζήσωμεν
2758 5353 2815 5404 ἐν
2845 5349 3013 5420 αὐτῷ.
3055 5346 3152 5400 Διά
3189 5344 3298 5414 γὰρ
3324 5341 3482 5396 τοῦτο
3511 5340 3604 5394 καὶ
3633 5336 3720 5390 66-

2153 5447 2250 5513 ξαν
2268 5448 2406 5501 ἰδίαν
2432 5445 2682 5518 ὀνομάζει
2711 5443 2799 5497 τὸν
2826 5443 3076 5507 θάνατον,
3093 5438 3187 5492 καὶ
3204 5435 3266 5490 τὸ
3295 5434 3485 5488 παθεῖν
3509 5431 3724 5486 ἅπαντα

2154 5540 2220 5594 τὰ
2248 5540 2394 5594 δεινὰ
2443 5540 2580 5610 ὑπὲρ
2617 5537 2726 5593 τῶν
2755 5535 2914 5591 αὐτὸν
2943 5529 3312 5602 ἀτιμαζόντων
3354 5520 3720 5597 ἁμαρτωλῶν
