4062 6208
299 318 371 376 85

1114 302 1178 357 IN
1219 299 1559 361 JOANNEM.
1596 327 1664 338 --
1701 296 1831 353 LIB.
1873 295 1962 350 VII
2001 294 2091 351 ET
2132 292 2244 349 VIII
2283 289 2733 348 FRAGMENTA.

3477 286 3559 340 εσ

300 436 449 507 ὅμως
473 429 525 485 si
565 429 659 484 καὶ
694 428 784 483 ἀεὶ
806 422 874 498 ἦν
901 424 1288 495 δεδοξασμένος
1316 422 1464 493 παρὰ
1490 420 1597 477 τῶν
1627 422 1685 474 ὲν
1711 418 1872 490 οὐραο
1901 440 1913 476 Α

1994 431 2098 469 lum
2135 411 2596 472 dedecorantibus
2621 427 2636 465 :
2664 415 2719 465 et
2747 403 3000 478 quamvis
3023 411 3171 460 esset
3193 416 3409 474 semper
3432 401 3542 471 glo-

303 528 412 590 νοίς
434 516 706 595 ἀγγέλων,
733 517 847 573 ἀλλ’
871 518 898 571 ὁ
932 515 1160 586 σταυρὸς
1197 514 1418 583 γέγονεν
1447 510 1595 583 αὐτῷ
1617 510 1760 583 άρχὴ
1781 507 1875 563 τοῦ

302 606 631 676 δοξασθῆναι
670 606 762 660 ὲπί
810 603 914 675 γῆς
950 604 1098 673 παρὰ
1131 602 1239 655 τῶν
1271 600 1438 654 ὲθνῶν
1467 597 1542 664 ὠς
1570 597 1704 669 Θεῷ.
1746 599 1877 653 Ἐπ-

307 697 466 767 εἱπερ
508 695 678 759 ἐάσας
721 694 847 757 τοὺς
907 693 1295 764 ὲνυϐρίσαντας
1350 688 1499 759 αὒτῷ
1559 689 1877 753 Ἰουδαίους,

312 787 514 860 μετέϐη
547 788 628 851 εἰς
667 784 737 839 τά
768 784 917 856 ἔθνη,
951 785 1043 839 καὶ
1070 782 1427 852 δοξολογεῖται
1468 782 1543 845 ὡς
1578 780 1709 846 Θεὸς
1747 783 1878 852 παρ’

308 876 486 932 αὐτῶν
517 875 867 947 amcam»;
910 875 1061 948 ἥξειν
1105 879 1163 929 ἑν
1218 879 1283 948 τῇ
1322 876 1448 950 δόξῃ
1490 875 1581 929 τοῦ
1646 875 1875 943 Πατρός.

307 970 383 1022 Οὐ
413 967 623 1039 γυμνὸν
658 967 717 1022 δὲ
754 966 905 1037 λέγει
938 967 1026 1021 τὸν
1053 967 1225 1037 Λόγον
1274 967 1738 1039 δοξασθήσεσθαικ,
1763 963 1879 1021 ἀλλ’

304 1058 404 1112 ἕνα
444 1057 707 1113 δεικνύων
734 1057 863 1111 Υἰὺν
887 1057 976 1110 τὸν
1005 1057 1062 1126 ἐξ
1106 1057 1521 1129 ἀνθρωπότητός
1545 1076 1604 1113 τε
1629 1059 1724 1114 καὶ
1764 1060 1881 1116 Osd-

302 1166 464 1219 τητος
516 1151 769 1221 ἀρρήτως
822 1148 1141 1219 νοούμενον,
1173 1150 1302 1204 Υἱδν
1350 1148 1637 1222 ἀνθρώπου
1688 1153 1875 1223 φησὶν,

178 1272 201 1293 ν
300 1239 445 1309 ἀλλὰ
487 1239 620 1304 Θεὸς
666 1238 929 1313 ’ὑπάρχων
979 1242 1073 1296 καὶ⁵
1114 1243 1403 1313 νοούμενος
1433 1241 1528 1297 καὶ
1579 1240 1719 1312 μετὰ
1749 1258 1879 1314 σαρ-

302 1331 420 1395 κός.

384 1503 531 1558 θεὰν
548 1503 637 1575 μὴ
676 1508 712 1560 ὁ
734 1506 955 1575 κόκκος
977 1507 1081 1563 τοῦ
1097 1509 1272 1575 σίτου
1293 1510 1500 1565 πεσὼν
1516 1511 1605 1577 εἰς
1620 1510 1733 1580 τὴν
1759 1508 1878 1580 γῆν

304 1592 600 1663 ἀποθάνῃ,
632 1597 815 1667 αὐτὸς
857 1601 1046 1668 μόνος
1090 1599 1258 1670 μένει
1280 1617 1296 1633 ο
1327 1600 1436 1657 ἐὰν
1472 1601 1541 1657 δὲ
1577 1603 1872 1674 ἀποθάνῃ,

308 1686 510 1740 πολὺν
524 1688 757 1757 καρπὸν
774 1688 956 1758 φέρει.

1980 505 2227 561 rilicatus
2255 505 2326 560 ab
2356 503 2565 574 angelis
2594 500 2652 557 in
2681 499 2854 567 cmlo,
2888 503 3132 553 attamen
3173 508 3310 559 crux
3334 493 3385 549 ei
3418 502 3543 548 tan-

1977 612 2141 666 quam
2167 595 2276 651 Deo
2298 592 2697 663 consequentiae
2723 591 2776 645 in
2807 597 2955 653 terra
2978 585 3123 657 apud
3152 591 3341 656 gentes
3362 583 3550 653 gloria

1978 688 2199 745 initium
2233 686 2359 740 fuit.
2388 681 2843 753 Quandoquidem
2877 677 3085 734 Iudaeis
3118 676 3212 747 qui
3249 689 3375 731 eum
3412 688 3549 729 con-

1980 778 2218 836 tumeliis
2248 777 2542 845 all‘ecerant
2572 775 2756 831 valere
2776 772 2989 844 jussis,
3028 768 3095 825 ad
3126 770 3331 840 ‘gentes
3361 773 3548 821 trans-

1966 873 2080 936 .iit,
2129 879 2186 927 et
2230 868 2571 943 gloriﬁcatur
2618 873 2881 936 tanquam
2924 862 3069 919 Deus
3100 859 3171 917 ab
3208 859 3317 926 iis,
3349 872 3550 926 exspe-

1977 970 2267 1032 ctaturque
2294 966 2557 1015 venturus
2579 957 2636 1012 in
2655 954 2831 1029 gloria
2850 950 3051 1008 Patris.
3081 948 3268 1020 Neque
3317 945 3550 1016 simplex

1979 1052 2295 1122 nudumque
2316 1049 2453 1106 dicit
2477 1047 2716 1104 Verbum
2748 1042 3117 1121 gloriﬁcatum
3140 1040 3230 1105 iri,
3256 1036 3351 1096 sed
3377 1048 3547 1091 unum

1976 1138 2275 1195 ostendens
2299 1137 2523 1203 Filium,
2554 1137 2649 1206 qui
2674 1150 2741 1190 ex
2774 1132 3121 1188 humanitate
3147 1128 3315 1186 simul
3344 1134 3400 1184 et
3427 1124 3548 1183 dei-

1976 1239 2089 1286 tate
2134 1229 2394 1286 ineﬂabili
2440 1224 3021 1295 modointelligitur.
3057 1218 3257 1276 Filium
3307 1215 3549 1274 hominis

1976 1324 2109 1379 dicit
2136 1365 2151 1390 ,
2183 1321 2279 1378 sed
2311 1320 2403 1391 qui
2436 1319 2579 1375 Deus
2607 1316 2835 1377 exsistit
2860 1323 2917 1371 et
2942 1311 3269 1384 intelligitur
3294 1309 3460 1365 etiam
3490 1305 3548 1362 in

1976 1430 2183 1571 “alii;
2215 1500 2307 1557 26.
2342 1497 2467 1556 Nisi
2494 1502 2725 1570 granum‘
2749 1494 3005 1566 frumenti
3030 1491 3224 1547 cadens
3260 1491 3317 1544 in
3352 1498 3549 1545 terram

1975 1607 2243 1652 mortuum
2260 1580 2625 1665 fuerit,'ipsum
2650 1589 2823 1645 solum
2840 1594 3016 1643 manet
3033 1601 3053 1642 :
3073 1585 3122 1640 si
3144 1599 3261 1639 vero
3283 1590 3549 1637 mortuum

1974 1688 2078 1754 sit,
2106 1685 2327 1741 multum
2355 1683 2591 1753 fructum
2617 1680 2792 1749 aﬂ‘ert.

378 1777 452 1829 Οὐ
487 1734 648 1847 μόνζν
934 1779 1250 1851 προλέγων,
1281 1782 1400 1837 οὐδὲ
1441 1783 1523 1838 δτι
1559 1784 1823 1856 πάρεστιν
1847 1786 1877 1840 ό
1908 1749 1913 1805 1

1994 1734 2631 1842 "'&;;."..i’.'.'.;.‘.m..,
2652 1734 2956 1838 passurum
2983 1778 3043 1821 se
3073 1760 3383 1834 praedicens
3402 1800 3420 1827 ,
3450 1773 3552 1814 nec

308 1864 520 1936 καιρὸς,
540 1865 675 1919 ἀλλὰ
704 1867 797 1920 καὶ¹
824 1866 922 1938 τὴν
942 1868 1118 1925 αἰτίαν
1162 1871 1469 1940 καταλέγει,
1486 1873 1552 1927 δι’
1583 1875 1648 1945 ἢν
1667 1875 1880 1945 ἥδιστον

1977 1865 2111 1938 quia
2138 1871 2357 1934 tempus
2383 1860 2562 1927 adest,
2593 1859 2690 1914 sed
2717 1864 2775 1913 et
2800 1870 3027 1913 causam
3056 1859 3304 1910 recenset
3327 1857 3552 1922 propter

308 1955 604 2026 ἐποιήσατο
635 1958 713 2035 ,τὸ
742 1958 964 2012 παθεῖν’
997 1962 1093 2014 καὶ
1133 1961 1214 2015 ὅτι
1260 1962 1393 2017 πολὺ
1444 1964 1503 2017 τὸ
1536 1964 1630 2018 τοῦ
1677 1967 1880 2033 πάθους

1994 1971 2146 2030 luam
2177 1956 2231 2013 ei
2257 1955 2718 2026 iucundissimum
2747 1950 2848 2005 fuit
2874 1950 3025 2019 pati,
3065 1958 3376 2017 magnoque
3399 1955 3553 2000 emo-

308 2045 500 2115 κέρδος
523 2046 715 2119 ’ἢγάρ
753 2089 769 2105 .
815 2088 831 2103 .
874 2089 889 2104 .
934 2091 948 2106 .
986 2052 1086 2104 οὐκ
1113 2051 1179 2106 ἂν
1219 2052 1391 2108 εἵλετο
1428 2054 1623 2108 παθεῖν
1647 2070 1661 2084 ⁸
1685 2057 1745 2111 οὗ
1774 2058 1881 2128 γάρ

309 2134 457 2190 ἄκων
485 2136 674 2192 ἔπαθε.
698 2138 809 2192 Καὶ
840 2140 949 2210 γὰρ
979 2139 1067 2194 διά
1088 2141 1182 2213 τὴν
1206 2144 1283 2207 εις
1310 2145 1454 2214 ἡμᾶς
1478 2145 1665 2215 φειδὼ,
1683 2147 1881 2201 τοσαύ-

310 2244 409 2297 ¹την
440 2228 753 2300 ἡμερότητα
791 2228 1128 2297 ὁδτεδείξατο,
1167 2233 1243 2298 ὠς
1300 2236 1393 2289 καὶ
1438 2235 1615 2299 πάντα
1663 2236 1731 2290 τά
1757 2237 1884 2309 ὠμά

308 2318 527 2373 ιλέσθαι
555 2321 769 2376 παθεῖν.
805 2321 1014 2395 Ὠσπερ
1032 2324 1087 2377 δὲ
1112 2325 1140 2377 6
1178 2327 1406 2396 σπαρεὶς
1434 2327 1631 2391 κόκκος
1667 2327 1762 2381 τοῦ
1794 2329 1877 2380 σί-

311 2422 429 2475 του,
460 2412 696 2483 στάχυας
738 2415 969 2478 πολλοὺς
1011 2417 1424 2482 άναϐλαστάνει,
1459 2421 1556 2490 οὐχ
1596 2420 1787 2474 ἑαυτὸν
1814 2421 1882 2474 δι’

310 2501 526 2587 θκείνου
558 2502 935 2575 ζημιούμενος,
953 2507 1086 2562 ἀλλὰ
1111 2509 1335 2579 δυνάμει
1363 2510 1505 2573 ὅλοις
1525 2510 1637 2573 τοῖς
1666 2511 1887 2575 κόκκοις

318 2589 419 2645 ’τοῦ
482 2593 711 2662 στάχυος
754 2596 1069 2670 ἐνυπάρχων
1102 2615 1117 2629 ·
1149 2597 1209 2663 ἐξ
1250 2597 1415 2652 αὐτοῦ
1454 2598 1564 2670 γὰρ
1601 2600 1651 2652 οἱ
1689 2599 1888 2664 πάντες

312 2681 728 2755 άνεϐλάστησαν
748 2704 762 2716 ο
782 2686 922 2742 οὕτω
943 2690 1033 2742 καὶ
1054 2692 1083 2743 6
1103 2690 1308 2760 Κύριος
1335 2689 1593 2754 ἀπέθανε,
1626 2690 1719 2743 καὶ
1744 2691 1889 2745 ἀνοί-

314 2772 411 2841 ξας
452 2774 581 2838 τοὺς
620 2776 719 2847 τῆς
750 2780 854 2849 γῆς
909 2780 1135 2851 μυχοὺς,
1166 2782 1411 2851 ἀνήγαγε
1449 2781 1547 2834 σὺν
1588 2780 1765 2853 ἐαυτῷ
1791 2782 1889 2846 τὰς

312 2865 424 2919 τῶν
460 2866 763 2940 ἀνθρώπων
791 2869 1002 2940 ψυχάς,
1033 2870 1195 2935 αὐτὸς
1231 2870 1308 2924 ὢν
1331 2873 1395 2933 ,ἐν
1430 2874 1563 2927 πᾶσι
1615 2864 1757 2927 κατά
1795 2871 1890 2927 τὸν

312 2960 414 3026 τῆς
442 2957 678 3021 πίστεως
705 2960 864 3029 λόγον
898 2962 1035 3032 μετά
1056 2962 1264 3021 καὶτοῦ
1299 2963 1564 3034 ὑπάρχειν
1594 2962 1889 3018 ἰδιοσυστά-

1980 2049 2225 2104 Iumento
2250 2045 2397 2102 cedit
2436 2059 2500 2100 ea
2550 2042 2774 2114 passio;
2807 2039 3017 2111 alioqui
3055 2052 3157 2094 nec
3195 2035 3307 2107 pati
3340 2032 3553 2109 voluis-

1980 2146 2102 2205 set,
2133 2136 2494 2195 cuminvitus
2522 2134 2591 2188 ad
2626 2131 2943 2205 patiendqu
2992 2127 3137 2199 adigi
3182 2141 3292 2183 non
3338 2128 3550 2194 posset.

1983 2230 2195 2288 Etenim
2227 2243 2326 2301 per
2351 2241 2620 2286 summam
2656 2224 2712 2281 in
2742 2238 2846 2280 nos
2871 2221 3199 2279 ebaritatem
3241 2227 3299 2274 et
3342 2215 3557 2275 sollici-

1984 2322 2230 2379 tudinem
2260 2335 2327 2377 eo
2349 2315 2790 2374 mansuetudinis
2818 2314 3075 2380 devenit,
3116 2320 3176 2367 ut
3210 2309 3401 2369 omnia
3427 2322 3556 2364 cru-

1984 2412 2265 2469 delissima
2320 2410 2531 2481 perpeti
2573 2424 2681 2465 non
2728 2414 3035 2464 vereretur.
3085 2399 3555 2470 Quemadmodum

1986 2503 2147 2573 702
2190 2516 2322 2557 vero
2376 2514 2605 2570 granum
2661 2495 2922 2551 frumenti
2968 2494 3307 2550 seminatum
3356 2489 3560 2549 multas

1987 2593 2172 2664 spicas
2212 2588 2564 2661 reproducit,
2609 2585 2749 2642 nihil
2781 2585 2839 2640 in
2868 2584 3050 2654 seipso
3089 2596 3185 2653 per
3218 2580 3351 2636 illud
3377 2576 3562 2643 immi-

1990 2691 2182 2739 nutum
2207 2721 2222 2747 ,
2266 2680 2361 2736 sed
2391 2685 2663 2750 potestate
2694 2677 2748 2731 in
2796 2677 2928 2731 totis
2973 2674 3139 2744 spica:
3175 2671 3363 2743 granis
3409 2666 3560 2723 exsi-

1990 2783 2142 2832 stens
2182 2765 2642 2843 (quippeomnia
2689 2782 2757 2823 ex
2811 2781 2878 2822 eo
2919 2763 3333 2836 pullularunt),
3377 2761 3459 2817 sic
3507 2766 3563 2814 et

1989 2865 2255 2923 Dominus
2285 2870 2533 2917 mortuus
2553 2866 2661 2924 est,
2689 2868 2854 2928 atque
2882 2855 3162 2927 adapertis
3193 2866 3355 2909 terra:
3383 2851 3563 2923 regio-

1990 2955 2194 3016 nibus.
2243 2952 2467 3009 reduxit
2509 2965 2695 3009 secum
2740 2948 3028 3004 hominum
3074 2946 3325 3010 animas,
3364 2943 3482 3013 ipse
3508 2942 3564 2996 in

316 3062 447 3108 τως.
485 3047 561 3100 Οὐ
598 3048 758 3119 μόνον
792 3049 849 3103 δὲ
881 3053 993 3114 τοῖς
1048 3050 1379 3107 ἀποθανοῦσι
1420 3033 1579 3105 τοῦτο
1605 3053 1804 3107 δέδωκε
1829 3052 1891 3106 τὸ

1994 3043 2251 3100 omnibus
2278 3041 2582 3125 secundum
2610 3039 2879 3095 rationem
2910 3037 3035 3092 Iidei
3068 3035 3234 3091 simul
3262 3042 3318 3091 et
3346 3033 3568 3105 propria

317 3136 510 3207 κέρδος
529 3139 590 3193 τὸ
616 3139 684 3193 δι’
704 3141 868 3195 αὐτοῦ
890 3147 1279 3217 καρποφορεῖν,
1299 3145 1437 3200 ἀλλά
1453 3146 1547 3200 καὶ
1570 3148 1680 3210 τοῖς
1704 3146 1888 3211 ζῶσιν·

318 3228 369 3281 εἰ
416 3229 509 3283 καὶ
561 3231 699 3300 πρὸς
745 3232 844 3304 τὴν
875 3235 1191 3306 παραϐολὴν
1231 3239 1260 3293 6
1302 3237 1461 3306 λόγος
1512 3237 1891 3311 ὲσχηματίσθη

288 3320 580 3409 ’πιθανῶς
610 3322 840 3396 Καρπὸς
871 3325 998 3398 γάρ,
1012 3327 1120 3381 τῶν
1140 3327 1231 3382 τοῦ
1265 3328 1502 3403 Χριστοῦ
1533 3329 1890 3399 παθημάτων,

320 3413 355 3483 ἡ
390 3413 606 3468 πάντων
636 3415 770 3487 ζωὴ,
796 3417 1003 3488 νεκρῶν
1031 3436 1091 3472 τε
1122 3419 1217 3472 καὶ
1255 3418 1510 3488 ζώντωνς
1537 3420 1758 3493 σπέρμα
1786 3422 1893 3493 γάρ

318 3503 512 3574 γέγονε
541 3504 708 3580 ζωῆς,
741 3509 770 3562 6
796 3508 1031 3582 Χριστοῦ
1060 3510 1304 3578 θάνατος.

390 3676 540 3754 Ἆρά
564 3699 627 3751 γε
666 3685 700 3754 ἡ
730 3682 848 3738 θεῖα
889 3683 981 3739 τοῦ
1025 3683 1184 3756 λόγου
1222 3686 1402 3757 φύσις,
1439 3687 1672 3743 θανάτου
1705 3688 1895 3759 γέγονε

320 3771 583 3845 temtari);
618 3775 728 3827 Καὶ
766 3774 883 3839 πῶς
913 3773 1074 3829 τοῦτο
1112 3817 1128 3831 .
1207 3816 1224 3834 .
1302 3817 1317 3831 .
1395 3818 1410 3833 .
1489 3819 1505 3834 .
1539 3779 1639 3834 οὐκ
1684 3780 1898 3836 άνόσιον

323 3862 605 3926 παντελῶς
644 3881 659 3931 ;
692 3864 816 3935 Ζωὴ
862 3865 970 3937 γάρ
1020 3866 1136 3920 ἐστι
1194 3866 1336 3921 κατά
1387 3867 1547 3937 φύσιν
1578 3870 1608 3924 6
1654 3871 1718 3924 ἐκ
1762 3872 1897 3926 Θεοῦ

321 3952 539 4026 Πατρός
572 3954 742 4024 Λόγος
762 3972 776 3985 ·
802 3956 1002 4027 ἐγείρει
1027 3956 1247 4027 μᾶλλον,
1276 3956 1338 4010 οὐ
1372 3957 1581 4012 πίπτει.
1618 3960 1901 4032 Καταργεϊ

321 4045 417 4100 τὸν
447 4046 695 4113 θάνατον,
740 4050 804 4101 οὐ
839 4051 1121 4120 κρατεῖται
1165 4049 1360 4122 φθορᾷ.
1405 4051 1668 4105 Ζωοποιετ
1699 4053 1900 4121 μᾶλλον

322 4136 387 4190 τό
426 4136 572 4208 ζωῆς
604 4138 836 4203 ὲπιδεὲς,
866 4141 966 4194 οὐκ
1020 4140 1182 4205 αὐτὸς
1233 4138 1386 4212 ζητεῖ
1423 4141 1555 4214 παρ’
1583 4142 1772 4216 ἐτέρου
1801 4145 1900 4215 τὴν

324 4227 498 4299 ζωήν.
537 4229 748 4301 Ὠσπερ
776 4228 898 4301 ’γάρ
926 4231 988 4285 τδ
1031 4232 1147 4301 φῶς
1183 4233 1285 4286 οὐκ
1324 4233 1390 4287 ἂν
1427 4232 1637 4302 γένοιτο
1688 4233 1900 4300 σκότος,

326 4318 502 4383 οὕτως
538 4320 820 4391 ἀμήχανον
847 4321 947 4393 τὴν
973 4320 1118 4392 ζωὴν
1169 4322 1244 4395 μὴ
1278 4317 1419 4377 εἶναι
1450 4320 1615 4396 ζωήν.
1661 4324 1786 4390 Πῶς
1807 4321 1901 4380 οὖν

2000 3135 2358 3194 subsistentia
2389 3133 2685 3213 essistens.
2715 3128 2906 3202 Neque
2938 3130 3151 3184 tantum
3191 3125 3427 3182 mortuis
3463 3125 3570 3180 hoc

1998 3229 2216 3283 lucrum
2245 3240 2343 3298 per
2366 3241 2425 3283 se
2448 3232 2731 3296 reportare
2752 3222 3050 3289 concessit,
3087 3220 3182 3278 sed
3210 3222 3376 3275 etiam
3406 3218 3566 3282 vivis,

1997 3320 2102 3378 etsi
2134 3319 2202 3375 ad
2238 3317 2556 3389 parabolam
2589 3329 2772 3372 sermo
2806 3313 3163 3384 probabiliter
3187 3311 3450 3382 ﬁguratus
3475 3310 3568 3366 sit.

1996 3408 2133 3488 _Nam
2178 3407 2390 3463 fructus
2428 3404 2706 3478 passionis
2742 3403 2948 3459 Christi
2996 3409 3082 3459 est
3121 3401 3367 3457 omnium
3417 3402 3527 3456 vita
3552 3440 3568 3466 ,

2000 3508 2115 3554 tum
2168 3504 2513 3553 mortuorum
2561 3504 2679 3550 tum
2718 3493 2966 3550 vivorum
3001 3510 3015 3547 :
3059 3506 3247 3548 semen
3288 3490 3439 3547 enim
3468 3488 3573 3548 fuit

2000 3587 2123 3643 vitae
2146 3626 2163 3653 ,
2203 3585 2406 3643 Christi
2445 3597 2618 3640 mors.

2072 3679 2290 3752 Ergone
2330 3678 2515 3735 divina
2550 3674 2715 3732 Verbi
2753 3683 2953 3730 natura
2991 3672 3190 3730 mortis
3223 3669 3324 3727 fuit
3357 3670 3577 3742 capax?

2002 3769 2068 3827 Et
2095 3768 2372 3843 quomodo
2404 3784 2515 3824 non
2547 3767 2651 3823 hoc
2677 3767 2834 3839 plane
2859 3764 3128 3835 impium?
3157 3764 3253 3820 Est
3285 3764 3434 3819 enim
3463 3764 3580 3821 vita

2003 3862 2304 3920 secundum
2342 3868 2592 3923 naturam
2629 3873 2694 3912 ex
2736 3855 2845 3911 Deo
2881 3853 3046 3909 Patre
3081 3851 3357 3909 Verbum:
3391 3851 3577 3923 potius

2003 3953 2167 4023 erigit
2194 3960 2249 4007 et
2274 3965 2383 4005 non
2407 3947 2579 4003 cadit.
2617 3946 2845 4001 Mortem
2876 3942 3099 4016 perimit
3134 3949 3189 3998 et
3220 3941 3581 4012 corruptione

2006 4058 2115 4097 non
2159 4044 2322 4111 perit.
2354 4036 2621 4107 ,Viviﬁcat
2660 4034 2837 4107 magis
2889 4032 2947 4088 id
2993 4032 3140 4103 quod
3184 4034 3298 4089 vita
3337 4032 3577 4103 indiget,

2006 4149 2108 4189 nec
2150 4132 2330 4203 ipsum
2373 4129 2442 4185 ab
2466 4129 2576 4183 alio
2616 4127 2783 4183 vitam
2842 4124 3170 4183 emendicat.
3211 4124 3580 4192 Quemadmo-

2004 4222 2133 4279 dum
2162 4220 2307 4276 enim
2334 4218 2517 4272 lumen
2544 4230 2825 4284 nunquam
2852 4214 3168 4270 obscuritas
3199 4212 3385 4277 fuerit,
3413 4213 3496 4268 sic
3518 4219 3581 4268 ut

2008 4315 2121 4369 vita
2147 4327 2255 4367 non
2288 4310 2365 4365 sit
2388 4308 2496 4363 vita
2516 4346 2532 4372 ,
2565 4306 2679 4362 ﬁeri
2705 4304 2914 4376 nequit.
2939 4302 3228 4370 Quomodo
3252 4302 3419 4372 igitur
3439 4301 3579 4372 ipse,

325 4407 359 4461 ὀ
380 4408 545 4473 αὐτὸς
576 4410 672 4464 καὶ
696 4408 773 4474 ὡς
794 4392 993 4474 κόκκος
1022 4412 1170 4464 σίτου
1207 4392 1426 4481 λέγεται
1455 4392 1644 4469 πεσεῖν
1668 4416 1748 4481 εἰς
1774 4417 1900 4489 γῆν,

2005 4414 2060 4464 et
2090 4412 2151 4459 ut
2180 4415 2413 4473 granum
2442 4398 2703 4454 frumenti
2734 4396 2940 4451 dicitur
2966 4394 3163 4450 radere
3193 4392 3253 4457 in
3285 4400 3496 4449 terram
3526 4401 3583 4448 et

329 4499 428 4553 καὶ
477 4500 744 4572 ἀναϐῆναι
787 4500 864 4565 ὡς
908 4500 1041 4566 Θεὸς
1074 4505 1131 4558 ὲν
1179 4505 1487 4577 άλλαγμῷ;
1536 4502 1615 4560 Ἦ
1662 4505 1906 4579 δηλονότι

331 4590 392 4643 τὸ
434 4589 537 4661 μὲν
571 4590 801 4645 θανάτου
851 4590 1172 4659 γεύσασθαι,
1218 4594 1417 4666 πρέποι
1469 4595 1536 4649 ἃν
1586 4595 1735 4669 αὑτῷ
1775 4596 1909 4652 καθὸ

330 4683 557 4754 γέγονεν
577 4686 862 4763 άνθρωπος
881 4706 895 4720 ·
922 4689 984 4743 τό
1008 4703 1073 4759 γε
1100 4687 1206 4761 μὴν
1233 4688 1496 4759 ἀναϐῆναι
1524 4687 1742 4753 θεῖκῶς,
1774 4688 1905 4744 ἴδιον

336 4775 505 4831 αὐτοῦ
538 4778 804 4850 φυσικῶς.

418 4869 480 4925 ’0
501 4871 699 4941 φιλῶν
733 4872 851 4942 τὴν
884 4872 1098 4943 ψυχὴν
1124 4870 1332 4927 αὐτοῦ.

403 4961 481 5017 Οὐ
512 4963 672 5033 μόνον
725 4965 870 5037 ὑμᾶς
923 4965 1016 5019 ἐπὶ
1065 4964 1143 5036 τῷ
1201 4964 1319 5036 ὲμῷ
1358 4962 1805 5035 σκανδαλίζεσθαι
1847 4962 1907 5015 οὐ

331 5054 442 5125 χρὴ
473 5054 657 5121 πάθει,
691 5054 813 5110 οὐδὲ
857 5056 1107 5109 άπιστεῖν
1144 5049 1224 5118 οἷς
1262 5050 1449 5118 εἶπον,
1475 5052 1612 5107 ἀλλὰ
1639 5052 1733 5107 καὶ
1776 5051 1911 5122 πρὸς

330 5146 492 5202 τοῦτο
540 5147 986 5220 παρεσκευάσθαι
1033 5148 1321 5217 προσήκει.
1367 5145 1425 5199 ὐ
1471 5143 1577 5215 γάρ
1616 5142 1786 5197 δοκῶν
1828 5143 1912 5195 ἐν·

331 5233 509 5294 ταῦθα
541 5239 918 5311 ἐπιμελεῖσθαι
965 5240 1063 5309 τῆς
1117 5238 1250 5303 ιδίας
1302 5235 1481 5308 ψυχῆς
1525 5236 1619 5289 καὶ
1647 5235 1708 5289 οὐ
1744 5234 1912 5288 θέλων

330 5329 504 5401 αὐτὴν
544 5333 627 5395 εἰς
682 5329 959 5392 κινδύνους
988 5328 1250 5381 ἐκδιδόναι
1278 5326 1482 5397 δι’ὲμὲ,
1500 5324 1792 5380 ἀπόλλυσιν
1816 5323 1913 5376 αὐ-

330 5423 435 5494 τὴν
456 5424 516 5476 ὲν
547 5421 626 5493 τῷ
657 5422 900 5494 μέλλοντι
945 5419 1143 5492 καιρῷ’
1174 5421 1202 5473 ὁ
1227 5418 1284 5473 δὲ
1325 5410 1406 5480 εἰς
1445 5415 1723 5480 κινδύνους
1747 5414 1915 5485 αὐτὴν
1946 5443 1957 5454 ο

332 5513 513 5575 διδοὺς
539 5514 598 5565 ὲν
620 5510 695 5583 τῷ
720 5507 813 5566 νῦν
835 5510 1015 5573 αἰῶνι,
1048 5509 1314 5579 μεγάλους
1343 5507 1479 5577 αὐτῇ
1507 5505 1767 5576 φυλάσσει
1792 5505 1916 5568 τοὺς

334 5600 615 5670 καρπούς’
647 5602 741 5656 καὶ
771 5602 800 5654 6
827 5601 926 5671 τῆς
948 5595 1007 5653 ἕν
1043 5598 1122 5668 τῷ
1157 5598 1346 5667 κόσμῳ
1372 5596 1546 5667 τούτῳ
1574 5594 1916 5665 καταφρονή-
1947 5608 1958 5623 ·

340 5709 445 5755 σας
477 5691 625 5762 ζωῆς
651 5733 666 5757 ,
692 5690 788 5763 τὴν
819 5692 1095 5763 ἄφθαρτον
1130 5690 1387 5762 κτήσεται
1439 5692 1495 5742 ἐν
1541 5687 1618 5758 τῷ
1644 5686 1913 5758 μέλλοντι.

2009 4509 2300 4566 assurgere
2355 4500 2415 4546 ut
2461 4491 2604 4545 Deus
2655 4504 2781 4543 cum
2826 4486 3259 4543 immutatione?
3313 4483 3581 4558 Equidem

2009 4573 2240 4644 mortem
2272 4593 2529 4653 gustasse
2560 4579 2819 4635 convenit
2860 4577 2938 4633 illi
2976 4585 3253 4649 quatenus
3291 4576 3454 4632 homo
3493 4574 3582 4631 fa-

2010 4687 2134 4735 ctus
2176 4686 2260 4733 est
2284 4714 2298 4740 ,
2334 4687 2626 4743 resurgere
2667 4685 2800 4726 vero
2844 4684 2997 4725 more
3041 4666 3139 4724 Dei
3178 4667 3461 4738 proprium
3499 4674 3585 4724 est

2008 4768 2183 4839 ipsius
2218 4765 2568 4821 naturaliter.

2082 4858 2212 4926 XII,
2244 4857 2337 4912 25.
2379 4856 2483 4922 Qui
2516 4862 2660 4909 amat
2692 4852 2930 4905 animam
2962 4866 3139 4905 sitam.

2082 4948 2201 5003 Non
2223 4948 2398 5002 solum
2418 4960 2515 5003 vos
2534 4958 2647 4999 non
2672 4949 2892 5011 oportet
2923 4939 3293 4996 scandalizari
3317 4938 3387 4994 ob
3409 4951 3585 4993 meam

2014 5039 2349 5119 passionem,
2381 5049 2560 5106 neque
2589 5034 2659 5090 iis
2685 5046 2808 5103 quae
2837 5031 2952 5089 dixi
2981 5030 3140 5086 ﬁdem
3169 5028 3458 5100 derogare,
3490 5026 3584 5082 sed

2016 5118 2084 5187 ad
2112 5133 2161 5186 id
2188 5129 2361 5201 magis
2392 5126 2678 5199 magisque
2705 5125 2985 5197 properari
3013 5121 3288 5179 convenit.
3308 5118 3414 5186 Qui
3438 5118 3585 5175 enim

2017 5224 2108 5279 hic
2144 5222 2212 5278 de
2252 5235 2353 5277 sua
2390 5220 2579 5273 anima
2602 5216 2826 5273 videtur
2848 5231 2972 5272 esse
3005 5213 3306 5279 sollicitus,
3343 5226 3446 5267 nec
3471 5210 3585 5267 vult

2016 5328 2137 5368 eam
2164 5318 2391 5383 propter
2417 5324 2502 5364 me
2526 5308 2580 5363 in
2603 5306 2912 5379 periculum
2944 5303 3448 5375 adducere,._pcrdit
3464 5316 3584 5358 eam

2018 5407 2073 5461 in
2115 5404 2361 5459 futurum
2404 5411 2624 5473 tempus
2666 5420 2679 5456 :
2721 5398 2814 5471 qui
2854 5413 2983 5454 vero
3034 5412 3155 5454 eam
3195 5398 3251 5452 in
3286 5396 3584 5453 discrimen

2018 5496 2247 5564 conjicit
2297 5495 2352 5549 in
2394 5492 2647 5564 prmseuti
2688 5491 2925 5557 saeculo,
2976 5504 3207 5560 magnos
3249 5486 3299 5543 ei
3343 5492 3584 5542 reservat

2021 5591 2233 5646 fructus
2266 5606 2277 5643 :
2309 5595 2363 5643 ct
2392 5586 2487 5657 qui
2508 5585 2674 5641 vitam
2703 5582 3003 5642 contemnit
3028 5582 3084 5636 in
3108 5568 3213 5636 huc
3236 5577 3467 5643 mundo,
3488 5576 3582 5629 im-

2021 5682 2303 5740 mortalem
2330 5679 2382 5735 in
2412 5678 2599 5735 futuro
2625 5676 2948 5749 possidebit.
2971 5673 3094 5730 Haec
3117 5678 3294 5727 autem
3321 5667 3453 5722 dixit
3479 5666 3580 5720 Do-
