4062 6208
499 284 569 340 s7
1011 347 1014 350 ,
1482 296 1540 354 s.
1566 297 1844 355 CYRILLI
1873 270 2346 360 ALEXA‘NDRINI
2379 306 2698 367 ARCHIEP.
3663 319 3732 374 ss

492 395 697 462 minus,
715 411 826 453 non
851 407 1109 470 tanquam
1132 401 1315 457 anima
1342 404 1432 460 hic
1449 407 1712 476 patiente,
1743 410 1838 466 sed
1862 410 2042 466 anima

2161 415 2343 472 Ταῦτα
2375 417 2432 471 δὲ
2480 419 2584 492 ἔφη
2613 425 2642 476 ό
2671 421 2895 493 Κύριος,
2921 422 3018 495 οὐχ
3050 425 3126 488 ὡς
3154 425 3254 494 τῆς
3289 425 3467 498 ψυχῆς
3499 427 3733 485 ἐνταῦθα

493 501 734 545 amorem
764 497 952 555 vocat,
991 492 1166 548 videri
1205 510 1326 550 eam
1361 497 1631 568 retinere,
1673 501 1819 558 haud
1855 517 2058 573 corpus

491 578 760 648 periculis
790 581 1137 652 objicientes.

561 752 693 819 XII,
721 754 810 810 26.
847 754 908 812 Si
937 760 1054 826 quis
1081 760 1210 816 mihi
1241 764 1543 833 ministrat,
1580 782 1661 820 me
1683 776 1947 836 sequatur.

558 842 715 908 Quod
744 845 877 900 dicit
904 847 1176 917 ejusmodi
1208 860 1329 907 est:
1365 851 1424 907 Si
1457 867 1579 924 ego,
1615 855 1826 925 inquit,
1861 857 1934 912 ob
1965 872 2056 912 ve-

489 940 662 986 stram
697 934 993 991 utilitatem
1023 937 1181 993 trado
1216 941 1486 1012 meipsum
1519 943 1587 996 ad
1618 950 1882 1008 mortem,
1913 961 2054 1015 quo-

488 1025 654 1079 modo
687 1041 797 1081 non
825 1042 1056 1084 summae
1082 1031 1313 1101 ignavize
1343 1034 1510 1089 fuerit
1530 1049 1630 1090 vos
1661 1035 1732 1090 ob
1770 1037 2054 1106 proprium

484 1117 834 1172 commodum
873 1134 984 1174 non
1023 1137 1184 1192 posse
1224 1128 1612 1196 temporariam
1651 1131 1818 1184 vitam
1867 1144 2056 1200 asper-

485 1207 606 1259 nari
633 1247 648 1271 ,
694 1216 749 1263 et
795 1223 970 1268 morte
1018 1216 1203 1271 carnis
1228 1257 1242 1280 ,
1283 1219 1450 1274 vitam
1487 1221 1741 1276 interitus
1777 1229 2055 1290 expertem

397 1357 406 1368 ,
488 1298 646 1369 703
674 1310 728 1355 et
753 1317 1094 1361 marcessere
1118 1310 1360 1364 nesciam
1391 1312 1757 1382 comparare?
1792 1311 2055 1367 Videntur

485 1390 632 1442 enim
665 1405 820 1445 suam
851 1392 1094 1462 ipsorum
1124 1397 1362 1450 animam
1393 1400 1602 1466 odisse,
1636 1408 1900 1471 quantum
1929 1401 2056 1454 atti-

485 1486 578 1530 net
622 1477 690 1542 ad
730 1481 1082 1549 paSsionem,
1116 1487 1211 1554 qui
1255 1487 1485 1542 tradunt
1521 1505 1640 1544 eam
1682 1490 1748 1544 ad
1789 1497 2050 1556 mortem,

482 1570 704 1625 aeternis
736 1583 1084 1629 reservantes
1116 1575 1280 1631 bonis
1307 1596 1321 1633 :
1357 1587 1411 1633 et
1445 1581 1538 1648 qui
1569 1581 1622 1634 in
1653 1581 2053 1636 exercitatione

483 1661 741 1730 religiosa
771 1663 980 1728 vivunt,
1003 1665 1237 1722 oderunt
1263 1683 1392 1724 suas
1419 1670 1663 1743 ipsorum
1695 1672 1926 1737 animas,
1950 1687 2052 1727 nec

481 1765 542 1805 se
584 1751 731 1805 vinci
775 1753 963 1807 sinunt
1003 1757 1190 1813 carnis
1233 1759 1635 1830 voluptatibus.
1685 1761 1839 1828 Quod
1887 1764 2052 1834 igitur
2080 1750 2125 1806 Β

401 1889 404 1892 .
481 1840 611 1895 fecit
641 1840 896 1900 Christus
930 1856 1157 1917 propter
1181 1851 1428 1906 omnium
1455 1854 1687 1909 salutem
1718 1869 1951 1924 passus,
1993 1856 2049 1910 in

481 1931 710 2002 ﬁguram
754 1943 808 1989 et
852 1945 1036 2006 typum
1069 1937 1412 1998 fortitudinis
1460 1942 1622 2009 fecit,
1659 1947 1898 2000 monitos
1927 1961 2050 2001 esse

477 2025 669 2080 volens
699 2040 795 2082 eos
825 2030 918 2097 qui
952 2040 1296 2099 speratorum
1335 2034 1602 2090 bonorum
1637 2038 2048 2108 exspectatione

477 2115 790 2185 ducuntur,
843 2127 901 2172 ut
946 2120 1015 2175 ad
1050 2123 1414 2179 exercendam
1451 2128 1710 2183 virtutem
1746 2143 1807 2184 se
1859 2128 2046 2184 accin-

476 2213 627 2274 gant.
665 2208 891 2276 Oportet
919 2212 1070 2265 enim
1102 2227 1222 2281 eos,
1255 2215 1452 2284 inquit,
1488 2218 1583 2287 qui
1617 2219 1807 2273 volunt
1839 2233 1926 2273 me
1959 2236 2047 2276 se-

473 2297 608 2365 qui,
668 2312 853 2367 parem
921 2303 1052 2358 tnihi
1106 2304 1486 2363 fortitudinem
1544 2318 1600 2365 et
1659 2310 2043 2366 conﬁdentiam

474 2389 810 2458 ostendere;
872 2395 952 2449 sic
1022 2398 1173 2451 enim
1248 2399 1494 2456 victoriae
1544 2403 1768 2473 prtemia
1824 2405 2040 2457 obtine-

473 2484 630 2538 bunt.

540 2577 672 2644 ΧΠ,
710 2581 800 2638 26.
849 2582 916 2636 Et
959 2582 1048 2636 ubi
1077 2600 1193 2636 sum
1238 2599 1362 2657 ego,
1413 2587 1486 2640 ibi
1529 2597 1579 2641 et
1626 2591 1869 2646 minister
1900 2609 2064 2656 meus

471 2669 590 2724 erit.

543 2759 609 2812 Et
647 2763 909 2830 quoniam
958 2765 1068 2820 dux
1112 2768 1338 2837 gloriae,
1393 2785 1501 2824 non
1553 2785 1652 2840 per
1683 2773 1913 2843 gloriam
1949 2789 2042 2834 aut

471 2849 697 2915 luxum,
745 2857 836 2908 sed
882 2869 979 2925 per
1019 2857 1303 2914 infamiam
1358 2868 1414 2916 et
1452 2862 1668 2919 labores
1707 2869 2038 2925 ambulavit:

470 2939 551 2993 sic
582 2948 636 2994 et
666 2957 767 2997 nos
796 2957 958 3014 agere
991 2946 1156 3002 alacri
1186 2950 1372 3005 animo
1409 2945 1685 3021 convenit,
1716 2967 1776 3010 ut
1807 2958 1862 3012 in
1896 2975 2042 3016 eum-

469 3028 591 3084 dem
623 3046 842 3104 quoque
866 3035 1045 3091 locum
1075 3040 1491 3108 perveniamus,
1531 3041 1889 3118 divinamque
1920 3052 2039 3121 glo-

2159 510 2494 581 πασχούσης,
2522 512 2658 566 ἀλλὰ
2689 514 2791 584 τῆς
2821 515 3000 587 ψυχῆς
3050 516 3234 586 φιλίαν
3259 517 3441 586 καλεῖ,
3473 519 3535 574 τὸ
3558 519 3733 575 δοκεῖν

2159 602 2329 672 αὐτὴν
2380 603 2660 674 κατέχειν,
2703 605 2764 659 οὐ
2821 607 3170 678 προδιδόντας
3213 609 3294 673 είς
3344 608 3625 676 κινδύνους
3671 611 3735 665 τὸ

2162 708 2341 763 σωμα.

2243 783 2378 836 Ἐὰν
2404 783 2531 854 ἐμοὶ
2557 785 2810 856 διακονῇ
2840 804 2930 854 τις
2949 826 2964 852 ,
2989 788 3121 858 ἐμοὶ
3153 789 3570 847 ἀκολουθείτω.

2232 873 2296 925 "0
2345 872 2494 942 λέγει
2546 874 2784 929 τοιοῦτόν
2826 877 2994 931 ἐστιν·
3048 879 3111 931 Εί
3165 877 3296 947 ἐγὼ,
3333 881 3500 950 φησὶ,
3533 880 3624 934 διὰ
3666 881 3730 935 τὸ

2155 964 2308 1035 ὑμῶν
2339 966 2608 1036 χρήσιμον
2649 967 2901 1040 ἐκδίδωμι
2945 968 3178 1039 ἐμαυτὸν
3213 972 3294 1033 εἰς
3325 970 3574 1038 θάνατον,
3607 973 3726 1036 πῶς

2153 1055 2256 1110 οὐκ
2298 1055 2577 1128 ἄνανδρον,
2607 1058 2669 1111 τὸ
2700 1058 2773 1130 μὴ
2803 1056 2912 1113 τῶν
2955 1060 3170 1115 οἰκείων
3201 1061 3386 1115 ἕνεκεν
3413 1063 3719 1135 χρησίμων,

2152 1146 2254 1218 τῆς
2305 1149 2640 1220 προσκαίρου
2685 1151 3092 1223 καταφρονῆσαι
3140 1151 3283 1224 ζωῆς
3316 1154 3491 1222 ὑμᾶς,
3519 1155 3720 1226 καὶτῷ

2151 1241 2252 1311 τῆς
2274 1242 2475 1311 σαρκὸς
2505 1241 2718 1312 θανάτῳ
2745 1243 2842 1314 τὴν
2878 1244 3190 1314 ἀμάραντον
3215 1244 3519 1315 κτήσασθαι
3541 1244 3718 1316 (intra;

2153 1331 2380 1386 Δοκοῦσι
2428 1331 2537 1403 γὰρ
2585 1334 2760 1402 μισεῖν
2798 1335 2898 1406 τὴν
2939 1335 3146 1389 ἑαυτῶν
3189 1335 3399 1406 ψυχὴν,
3439 1337 3562 1390 ὅσον
3589 1331 3725 1408 ἧκεν

2153 1424 2232 1486 είς
2263 1423 2324 1475 τὺ
2351 1423 2563 1488 παθεῖν,
2598 1424 2649 1476 οἱ
2687 1423 2988 1488 ἐκδιδόντες
3014 1425 3180 1497 αὐτὴν
3214 1427 3294 1489 εἰς
3329 1425 3578 1490 θάνατον,
3610 1429 3724 1490 τοῖς

2153 1514 2391 1578 αίωνίοις
2419 1515 2774 1582 φυλάττοντες
2805 1516 3032 1584 ἀγαθοῖς
3051 1532 3064 1545 ·
3094 1517 3188 1570 καὶ
3226 1519 3276 1572 οἱ
3301 1497 3365 1570 ἐν
3403 1517 3633 1586 ἀσκήσει
3665 1516 3721 1569 δὲ

2153 1605 2375 1670 ζῶντες,
2406 1605 2626 1676 μισοῦσι
2656 1607 2758 1671 τὰς
2799 1607 3006 1660 ἑαυτῶν
3046 1607 3250 1679 ψυχὰς,
3287 1609 3386 1676 οὐχ
3422 1607 3718 1678 ἡττώμενοι

2151 1699 2270 1760 ταῖς
2319 1697 2420 1766 τῆς
2479 1697 2834 1769 φιλοσαρκίας
2877 1698 3107 1770 ἡδοναῖς.
3152 1700 3218 1750 ⁸0
3265 1694 3357 1752 οὖν
3410 1699 3662 1770 ἐποίησεν
3690 1699 3719 1750 ὀ

2153 1787 2387 1858 Χριστὸς
2413 1787 2502 1841 διὰ
2545 1788 2644 1859 τὴν
2685 1789 2937 1842 ἁπάντων
2969 1789 3241 1861 σωτηρίαν
3279 1788 3484 1852 παθὼν,
3515 1791 3595 1852 εἰς
3621 1788 3718 1841 τύ-

2151 1893 2254 1931 πον
2301 1877 2554 1948 ἐποίησεν
2592 1877 2844 1949 ἀνδρείας
2867 1919 2881 1944 ,
2915 1879 3181 1932 διδάσκων
3209 1880 3334 1943 τοὺς
3366 1878 3476 1931 τῶν
3503 1877 3720 1942 ἐλπιζο-

2152 1967 2329 2038 μένων
2402 1969 2620 2038 ἀγαθῶν
2680 1969 3107 2042 ἐπιθυμοῦντας,
3151 1970 3465 2038 ἐπείγεσθαι
3519 1983 3718 2039 κατορ-

2149 2058 2274 2113 θοῦν
2305 2059 2403 2130 τὴν
2432 2060 2653 2132 ἀρετήν.
2702 2063 2795 2113 Δεῖ
2837 2059 2966 2132 γὰρ,
3007 2061 3160 2131 φησι,
3200 2061 3326 2124 τοὺς
3351 2059 3599 2121 θέλοντας
3627 2075 3718 2128 μοι

2147 2147 2457 2202 ἀκολουθεῖν
2484 2187 2500 2212 ,
2526 2148 2625 2221 τὴν
2681 2149 2801 2221 τσην
2839 2151 2964 2220 ἐμοὶ
3000 2149 3248 2222 ἀνδρείαν
3304 2151 3398 2204 καὶ
3432 2147 3716 2218 εὐτολμίαν

2145 2240 2509 2295 ἐνδείκνυσθαι
2544 2260 2556 2272 ·
2587 2239 2730 2294 οὕτω
2757 2241 2867 2312 γὰρ
2901 2240 3250 2313 λήψονταιτά
3269 2241 3367 2312 τῆς
3392 2240 3547 2311 νίκης
3575 2238 3711 2310 βρα-

2145 2331 2284 2386 δεῖα.

2214 2592 2322 2646 Καὶ
2351 2593 2501 2664 ὅπου
2531 2591 2645 2661 εἰμὶ
2674 2591 2808 2661 ἐγὼ,
2835 2590 2964 2644 ἐκεῖ
2988 2589 3087 2643 καὶ
3120 2591 3154 2642 ὀ
3171 2585 3449 2651 διάκονος
3486 2587 3518 2639 ὁ
3573 2583 3714 2653 ἐμὸς

2033 2713 2036 2716 ~
2141 2684 2334 2739 ἔσται.

2211 2777 2319 2831 Καὶ
2339 2776 2525 2857 ἐπειδῂ
2554 2778 2583 2831 ὁ
2613 2776 2712 2847 τῆς
2745 2774 2902 2846 δόξης
2925 2774 3184 2846 ἀρχηγὸς,
3211 2773 3274 2827 οὐ
3296 2772 3383 2827 διὰ
3415 2770 3573 2841 δόξης
3617 2767 3714 2822 καὶ

2141 2868 2350 2940 τρυφῆς
2381 2867 2636 2933 ῶδευσεν,
2675 2866 2810 2921 ἀλλὰ
2832 2866 2921 2921 διὰ
2963 2867 3186 2937 ἀτιμίας
3215 2865 3312 2920 καὶ
3353 2864 3532 2918 πόνων
3560 2879 3574 2894 ’
3619 2860 3714 2915 οὗ·
3796 2909 3798 2911 .

2141 2979 2219 3015 τω
2241 2962 2322 3015 δεῖ
2351 2961 2448 3015 καὶ
2472 2963 2620 3032 ἡμᾶς
2649 2962 2874 3025 ἀλύπως
2919 2963 3115 3026 ποιεῖν,
3153 2959 3243 3014 ἴνα
3275 2961 3356 3022 είς
3406 2956 3498 3012 τὸν
3550 2954 3713 3009 αὐτὸν

2140 3055 2302 3107 τόπον
2329 3055 2776 3123 καταντήσωμεν,
2799 3053 2895 3105 καὶ
2921 3049 3020 3122 τῆς
3064 3051 3212 3114 θείας
3237 3049 3593 3120 μετάσχωμεν
3628 3044 3714 3098 δό·

469 3123 609 3176 riam
657 3125 1069 3196 participemus.
1111 3129 1300 3202 Ecquo
1329 3149 1460 3189 vero
1507 3135 1716 3194 honore
1741 3117 1890 3211 digni
1924 3117 2036 3200 ἐυ-

2142 3143 2258 3215 ξης.
2281 3143 2444 3201 Ποίας
2473 3142 2529 3195 δὲ
2557 3117 2696 3208 dinei
2721 3146 2886 3213 ἐσμεν
2910 3117 3095 3213 τιμῆς,
3122 3141 3174 3195 οἱ
3207 3117 3281 3210 μὴ
3327 3117 3598 3205 ἀξιοῦντες
3641 3134 3711 3189 τά

470 3231 614 3278 mus,
649 3216 740 3284 qui
771 3218 960 3274 eadem
995 3235 1120 3276 cum
1158 3221 1392 3279 Domino
1417 3236 1607 3283 nostro
1641 3235 1848 3301 perpeti
1880 3237 2040 3291 nolu-

463 3316 582 3355 mus
615 3305 636 3358 .’
678 3305 935 3365 Fortasse
982 3327 1115 3368 vero
1156 3317 1302 3383 quod
1351 3317 1543 3385 dixit,
1591 3318 1726 3376 «Ubi
1757 3339 1857 3395 ego
1879 3342 2034 3394 sum,

469 3395 541 3448 ibi
582 3409 636 3452 et
673 3402 923 3459 minister
952 3421 1108 3463 meus
1140 3421 1293 3476 esto,
1337 3430 1356 3464 ι
1401 3428 1509 3467 non
1546 3415 1756 3482 locum,
1791 3420 1885 3474 sed
1916 3438 2036 3476 mo-

404 3548 407 3549 ν
465 3483 594 3540 dum
625 3488 846 3547 virtutis
873 3493 1158 3565 intelligit;
1190 3498 1245 3552 in
1267 3500 1472 3569 quibus
1495 3503 1642 3559 visus
1671 3513 1755 3561 est
1782 3506 2034 3568 Christus

467 3586 763 3645 prtestare,
821 3583 876 3637 in
931 3585 1123 3642 iisdem
1164 3589 1367 3646 debent
1406 3595 1616 3650 versari
1651 3599 1743 3666 qui
1781 3615 1905 3655 eum
1945 3618 2031 3659 se-

465 3668 713 3737 quuntur
734 3712 749 3736 ,
779 3689 886 3728 non
918 3676 972 3730 in
1013 3683 1392 3751 praerogativis
1423 3687 1625 3745 divinis
1649 3728 1664 3752 ,
1701 3691 2032 3765 homineque

465 3760 788 3830 majoribus.
821 3764 1006 3836 Neque
1034 3770 1181 3824 enim
1213 3773 1268 3827 in
1300 3785 1567 3844 potestate
1600 3783 1839 3839 hominis
1863 3760 2025 3839 situm

463 3857 551 3903 est
580 3865 767 3906 verum
795 3862 848 3909 et
882 3865 1078 3912 natura
1111 3859 1277 3916 Deum
1312 3864 1513 3922 imitari
1547 3888 1562 3926 :
1609 3873 1704 3927 sed
1740 3873 1794 3927 in
1829 3874 2029 3943 quibus

2143 3234 2235 3288 ἴσα
2276 3231 2352 3302 τῷ
2403 3231 2645 3303 Δεσπότῃ
2672 3232 2899 3296 παθεῖν;
2946 3231 3097 3299 Τάχα
3127 3229 3184 3282 δέ
3227 3226 3415 3293 εἰπὼν,
3472 3244 3492 3278 t
3534 3225 3709 3277 Ὅπου

2139 3324 2257 3394 εἰμὶ
2284 3321 2414 3391 ἐγὼ,
2439 3324 2556 3375 ἐκεῖ
2582 3324 2718 3376 καὶὸ
2748 3321 2992 3383 διάκονος
3017 3318 3193 3389 όέμδς
3215 3318 3374 3379 ἔστω,
3404 3335 3422 3367 ι
3455 3315 3514 3367 οὐ
3540 3314 3737 3369 τόπον.

2137 3413 2308 3481 λέγει,
2342 3411 2477 3465 ἀλλὰ
2504 3411 2702 3482 τρόπον
2730 3411 2929 3482 ἀρετῆς
2948 3426 2962 3440 ο
2993 3410 3051 3462 ἐν
3077 3403 3158 3470 οἷς
3191 3406 3299 3475 ἐγὼ
3344 3403 3531 3476 ὤφθην
3570 3403 3708 3473 Χρι-

2138 3505 2262 3567 στὸς
2285 3503 2620 3573 διαπρέπων,
2658 3505 2714 3556 ἐν
2744 3504 2855 3564 τοῖς
2888 3502 3066 3561 αὐτοῖς
3088 3498 3392 3568 ὀφείλουσιν
3441 3488 3580 3548 εἶναι
3612 3491 3708 3546 καὶ

2137 3596 2186 3650 οἱ
2203 3595 2348 3666 αὐτῷ
2378 3593 2812 3659 ἀκολουθοῦντες,
2839 3594 2935 3646 οὐκ
2961 3594 3016 3646 ἐν
3031 3595 3144 3655 τοῖς
3166 3588 3524 3660 θεοπρεπέσιν
3555 3584 3710 3653 ἀξιώ-

2141 3703 2272 3757 μασι
2295 3687 2388 3740 καὶ
2416 3689 2529 3748 τοῖς
2561 3686 2698 3755 ὑπὲρ
2725 3684 3027 3756 ἄνθρωπον.
3075 3682 3149 3736 Οὐ
3195 3681 3305 3752 γὰρ
3345 3678 3564 3732 δυνατὸν
3617 3678 3710 3730 ἀν-

2137 3777 2338 3848 θρώπῳ
2362 3777 2453 3830 τὸν
2479 3777 2653 3848 ἀληθῆ
2685 3777 2779 3830 καὶ
2805 3776 2963 3844 φύσει
2999 3774 3132 3828 Θεὸν
3162 3771 3500 3844 μιμήσασθαι
3533 3786 3548 3800 ·
3580 3767 3705 3823 ἀλλ’

2133 3869 2190 3922 ἐν
2225 3862 2308 3931 οἷς
2335 3868 2736 3939 ἐνδέχεταιτὴν
2763 3866 3047 3938 ἀνθρώπου
3097 3863 3416 3935 διαπρέπειν
3449 3859 3705 3914 δύνασθαι

463 3943 734 4013 contingit
761 3947 998 4004 hominis
1022 3959 1276 4008 naturam
1313 3973 1478 4028 posse
1507 3963 1784 4032 eminere,
1825 3981 1934 4020 non
1975 3967 2029 4021 in'

2142 3961 2317 4028 φύσιν,
2367 3962 2479 4015 οὐκ
2516 3961 2574 4013 ἐν
2609 3959 2686 4030 τῷ
2731 3959 2981 4030 χαλινοῦν
3034 3957 3304 4010 θάλασσαν
3334 3956 3429 4008 καὶ
3453 3952 3522 4006 τὰ
3546 3953 3705 4022 ὃμοια

463 4032 725 4092 sedandis
761 4031 930 4093 maris
968 4045 1383 4112 tempestatibus
1411 4089 1425 4113 ,
1465 4060 1519 4107 et
1558 4054 1684 4110 aliis
1729 4057 1781 4111 id
1816 4071 1986 4126 genus
2011 4095 2026 4122 ,

462 4126 558 4181 sed
607 4127 662 4182 in
709 4128 1045 4188 demissione
1081 4135 1254 4191 animi
1299 4149 1354 4195 et
1387 4146 1810 4204 mansuetudine
1836 4186 1853 4214 ,
1881 4159 1934 4204 et
1973 4151 2028 4203 in

461 4218 704 4276 ferendis
731 4222 972 4293 injuriis.

531 4308 655 4376 ΧΠ,
687 4312 776 4369 27.
813 4311 970 4369 Nunc
1002 4317 1182 4371 anima
1213 4334 1326 4373 mea
1362 4322 1573 4377 turbata
1606 4335 1705 4382 est.

531 4403 825 4459 Enimvero
859 4407 962 4460 etsi
995 4417 1259 4478 tanquam
1295 4412 1462 4468 homo
1485 4415 1744 4474 Christus
1779 4421 2029 4476 turbatur

461 4493 656 4548 mortis
690 4496 1043 4564 cogitatione,
1074 4507 1314 4557 attamen
1343 4515 1599 4576 tanquam
1644 4507 1782 4564 Deus
1810 4526 1876 4565 ex
1907 4529 2029 4581 per-

461 4581 775 4636 turbatione
815 4585 905 4638 illa
938 4587 1018 4640 'ad
1057 4587 1311 4645 ﬁduciam
1345 4593 1526 4648 statim
1555 4597 1739 4662 venit,
1782 4606 1835 4653 et
1881 4600 2029 4670 quod

461 4674 655 4728 timore
677 4684 1010 4731 commotum
1041 4688 1145 4744 est,
1179 4681 1247 4735 ad
1280 4687 1622 4752 praesentiam
1646 4688 1810 4750 animi
1846 4692 2032 4747 tradu-

461 4765 556 4817 cit.
594 4764 1032 4822 Existimandum
1063 4779 1147 4826 est
1174 4776 1318 4827 enim
1350 4777 1512 4830 etiam
1564 4777 1616 4831 in
1654 4778 1775 4848 ipso
1804 4781 2030 4838 Christo

459 4867 514 4912 et
554 4855 846 4913 Servatore
895 4859 1290 4919 humanitatem
1343 4881 1467 4922 esse
1511 4877 1841 4926 commotam
1902 4889 2031 4943 pro-

463 4957 585 5018 pter
617 4949 754 5004 duos
797 4958 852 5005 et
892 4955 1238 5010 necessarios
1274 4959 1487 5018 modos.
1539 4961 1754 5033 Quippe
1803 4977 2030 5036 oporte-

463 5041 553 5094 bat
583 5051 637 5097 et
683 5057 779 5112 per
819 5036 930 5098 hos
952 5044 1128 5113 ipsum
1169 5061 1277 5100 non
1302 5049 1563 5121 opinione
1603 5067 1667 5108 ac
1715 5057 2032 5126 suspicione

461 5135 760 5198 duntaxat,
805 5137 898 5192 sed
933 5141 1116 5208 potius
1148 5137 1476 5197 naturaliter
1503 5153 1556 5199 et
1592 5162 1720 5202 vere
1752 5148 2028 5206 hominem

460 5245 521 5280 ex
556 5229 780 5282 muliere
809 5238 992 5282 natum
1024 5229 1234 5295 videri,
1271 5235 1455 5286 omnia
1492 5234 1731 5293 humana
1766 5241 2030 5298 ferentem

462 5318 581 5373 sine
615 5328 859 5388 peccato.
894 5320 1080 5376 Timor
1107 5324 1252 5377 enim
1286 5332 1339 5378 et
1376 5322 1611 5385 formido
1640 5339 1769 5384 sunt
1804 5341 2031 5389 natura-

463 5411 540 5466 les
565 5411 721 5466 nobis
755 5414 1228 5482 perturbationes,
1267 5431 1388 5486 quae
1424 5419 1478 5472 in
1511 5436 1798 5476 numerum
1833 5440 2031 5492 prcca-

2134 4058 2327 4120 ποιεῖν,
2398 4052 2512 4106 ἀλλ’
2561 4053 2618 4104 ἐν
2659 4049 2736 4120 τῷ
2775 4045 2913 4103 εἴναι
2947 4047 3234 4110 ταπεινοὺς
3261 4047 3356 4100 καὶ
3378 4044 3585 4116 πράους
3610 4041 3706 4095 καὶ

2132 4147 2398 4218 φέροντας
2435 4142 2642 4213 ὕϐρεις.

2203 4324 2331 4377 Νῦν
2369 4321 2407 4388 ἡ
2445 4320 2616 4390 ψυχή
2645 4337 2763 4389 μου
2791 4318 3156 4385 τετάρακται.

2202 4413 2350 4481 Πλὴν
2381 4415 2428 4465 εἰ
2455 4413 2548 4464 καὶ
2575 4411 2650 4472 ὡς
2677 4408 2961 4478 ἄνθρωπος
2989 4407 3018 4458 ὁ
3045 4403 3280 4475 Χριστὸς
3303 4401 3609 4498 θορυδεῖται
3635 4399 3702 4498 τῇ

2131 4503 2224 4559 τοῦ
2255 4503 2482 4558 θανάτου
2513 4501 2724 4570 μνήμη,
2755 4496 2868 4550 ἀλλ’
2900 4495 2975 4559 ὡς
3017 4493 3169 4558 Θεὸς,
3213 4490 3568 4562 κεκινημένου
3605 4490 3703 4542 τοῦ

2132 4595 2358 4656 πάθους,
2391 4591 2528 4662 πρὸς
2568 4589 2768 4660 θάρσος
2797 4587 2956 4648 εὐθὺς
2993 4581 3376 4652 παραγίνεται,
3414 4581 3508 4635 καὶ
3567 4577 3704 4649 πρὸς

2132 4684 2420 4754 εὐτολμίαν
2457 4679 2798 4752 μεταμορφοῖ
2822 4678 2882 4730 τὸ
2912 4677 2978 4747 τῇ
3007 4673 3179 4745 δειλίᾳ
3215 4672 3454 4742 νικηθέν.
3506 4669 3703 4740 Οίησόο

2136 4777 2275 4848 μεθα
2293 4773 2402 4847 γὰρ
2429 4774 2525 4826 καὶ
2549 4773 2606 4825 ἐν
2639 4769 2788 4838 αὐτῷ
2811 4767 2890 4836 τῷ
2914 4763 3133 4837 Χριστῷ
3161 4763 3255 4817 καὶ
3293 4761 3505 4832 Σωτῆρι
3553 4777 3706 4848 κεκι-

2131 4847 2324 4940 νῆσθαι
2347 4863 2416 4918 τά
2446 4862 2758 4932 ἀνθρώπεια
2797 4857 2884 4910 διὰ
2933 4855 3025 4908 δύο
3081 4854 3176 4907 καὶ
3219 4851 3546 4920 ἀναγκαίους
3579 4847 3705 4940 τρό-

2132 4976 2286 5022 πους.
2321 4956 2471 5009 Ἔδει
2495 4953 2623 5024 γὰρ,
2643 4951 2750 5004 ἔδει
2778 4949 2873 5002 καὶ
2893 4946 2982 5001 διὰ
3013 4945 3216 4999 τούτων
3255 4943 3420 4998 αὐτὸν
3447 4941 3506 4994 οὐ
3540 4939 3726 5007 δοκή-⁸

2133 5051 2329 5106 σεικαὶ
2362 5045 2607 5116 ὑπονοίᾳ,
2638 5039 2883 5113 φυσικῶς
2915 5039 2971 5091 δέ
3008 5036 3205 5108 μᾶλλον
3232 5035 3328 5088 καὶ
3368 5030 3582 5101 ἀληθῶς
3610 5028 3706 5083 ἄν·

2132 5144 2348 5213 θρωπον
2378 5140 2442 5191 ἐκ
2471 5133 2728 5205 γυναικὸς
2757 5131 3016 5198 γεγονότα
3043 5123 3352 5197 φαίνεσθαι,
3397 5123 3572 5177 πάντα
3609 5118 3706 5213 cpt:-

2137 5211 2296 5306 ροντα
2322 5231 2390 5284 τά
2414 5227 2748 5300 ἀνθρώπινα,
2792 5223 2912 5293 δίχα
2969 5219 3259 5292 ἁμαρτίας.
3309 5215 3476 5278 Φόὸος
3515 5215 3574 5267 δέ
3602 5211 3706 5306 ’καὶ

2129 5302 2318 5388 δειλία,
2338 5321 2482 5388 πάθη
2505 5319 2602 5388 μὲν
2632 5317 2764 5387 ἡμῖν
2787 5313 3012 5385 φυσικὰ,
3037 5311 3098 5365 τό
3119 5327 3181 5379 γε
3213 5309 3321 5380 μὴν
3334 5309 3390 5362 ἐν
3409 5302 3703 5376 ἁμαρτίαις

2130 5414 2385 5486 τετάχθαι
2419 5406 2837 5478 διαπεφευγότα.
2878 5406 2988 5458 Καὶ
3023 5403 3159 5474 πρὸς
3179 5401 3408 5463 τούτοις,
3457 5397 3536 5450 ἑτι
3574 5411 3706 5486 χρη-

464 5515 640 5555 torum
693 5518 805 5556 non
847 5507 1098 5562 veniunt.
1131 5492 1399 5562 Prmterea
1433 5511 1597 5565 etiam
1632 5514 1841 5569 utiliter
1878 5531 2030 5571 com-

2142 5508 2304 5577 σίμως
2324 5503 2630 5558 ὑπεκινεῖτο
2661 5499 2755 5552 καὶ
2776 5499 2832 5550 ἐν
2855 5499 2900 5550 Χ
2909 5494 3076 5568 ριστιῖξ
3098 5493 3166 5546 τά
3217 5487 3531 5597 ἀνθρώπινα
3576 5485 3704 5597 δίξα

461 5593 823 5646 movebantur
847 5593 1084 5648 humana
1123 5596 1174 5648 in
1214 5594 1437 5651 Christo
1475 5599 1595 5656 sine
1632 5613 1889 5670 peccato.
1919 5620 2026 5659 non

2142 5598 2424 5670 ἁμαρτίας,
2455 5595 2550 5663 οὐχ
2580 5593 2667 5646 ἵνα
2692 5590 2761 5644 τὰ
2784 5587 3072 5658 κινηθέντα
3105 5583 3480 5692 αραῗόνηταιζ
3505 5578 3599 5684 καὶ

466 5696 521 5738 ut
575 5697 849 5740 commota
915 5688 1308 5743 rolmrarcntur
1360 5699 1409 5746 ct
1465 5691 1609 5747 ultra
1647 5695 2004 5764 procederent

2142 5694 2190 5746 τὸ
2220 5690 2404 5762 πρόσω
2428 5689 2595 5760 χωρῇ.
2631 5681 2880 5745 καθάπερ
2914 5678 3008 5732 καὶ
3037 5677 3120 5746 ἐφ’
3152 5675 3328 5745 ἡμῶν,
3359 5670 3480 5726 ἀλλ’
3509 5670 3596 5722 ἵνα
3619 5681 3702 5720 κει
