4062 6208
2476 254 2519 268 σε

313 383 388 443 ss
1094 380 1164 438 IN
1198 381 1539 441 manus».
1579 416 1643 429 ς.
1675 385 1805 442 Lm.
1850 352 1936 442 vn
1977 385 2066 441 ET
2098 381 2225 444 vnt
2262 385 2703 446 FRAGMENTA.
3491 390 3562 447 νο

314 500 607 574 κινημένα,
635 502 704 572 τῇ
730 498 825 554 τοῦ
858 498 1016 569 λόγου
1055 498 1283 570 δυνάμει
1326 500 1708 573 διακόπτηται,
1756 465 1883 574 πρός

1998 511 2058 557 ιιι
2089 502 2250 576 704
2278 503 2334 559 in
2368 503 2529 562 nobis
2553 503 2782 573 assolet,
2797 501 2894 561 sed
2924 509 2983 559 ut
3010 517 3280 561 concussa
3306 503 3360 558 vi
3389 503 3577 559 ratio-r

312 593 524 665 ἀμείνω
544 591 667 646 τινὰ
686 590 779 645 καὶ
806 588 1084 661 θειοτέραν
1110 589 1437 662 μετάστασιν
1461 608 1896 664 μεταστοιχειου-

319 682 490 755 μένης
514 681 613 751 τῆς
641 679 855 748 φύσεως
885 678 942 732 ὲν
964 678 1166 751 πρώτῳ
1193 679 1413 752 Χριστῷ
1437 699 1452 712 ·
1479 677 1548 751 ἦν
1584 682 1694 754 γὰρ
1724 681 1896 746 οὕτως

319 774 413 828 καὶ
442 771 541 842 οὐχ
568 770 772 841 ἑτέρως
795 769 890 824 καὶ
914 771 994 834 είς
1014 769 1161 841 ἡμᾶς
1187 771 1385 835 αὐτοὺς
1406 770 1652 842 διαϐῆναι
1682 771 1773 826 τὸν
1797 772 1895 842 τῆς

320 864 520 925 ἰάσεως
542 862 764 934 τρόπον.
819 862 909 915 Ἐν
938 860 1046 934 γὰρ
1071 862 1291 934 ἁπαρχῇ
1322 860 1543 934 Χριστῷ
1583 863 1663 927 εἰς
1713 862 1895 917 καινό-

318 969 458 1024 τητα
484 952 653 1023 ζωῆς,
674 953 709 1024 ή
744 950 1031 1025 ἀνθρώπου
1059 951 1220 1023 φύσις
1243 953 1597 1024 ἀνεκομίζετο
1625 968 1641 985 ’
1664 954 1722 1008 ὲν
1746 953 1895 1025 αύτῷ

318 1045 375 1100 δὲ
408 1031 603 1100 καὶτὰ
642 1044 784 1116 ὑπὲρ
821 1044 983 1114 φύσιν
1031 1045 1418 1115 ὲκερδάναμεν.
1459 1045 1558 1100 Διά
1592 1045 1702 1116 γὰρ
1736 1044 1894 1099 τοῦτο

318 1137 414 1190 καὶ
439 1134 692 1206 δεύτερος
729 1136 901 1208 ’Δδὰμ
922 1138 1340 1208 κατωνόμασται
1369 1137 1518 1210 παρὰ
1555 1140 1677 1203 ταῖς
1720 1139 1894 1204 θείαις

318 1228 588 1299 Γραφαῖς.
621 1229 831 1301 Ὠσπερ
857 1229 915 1284 δὲ
943 1231 1019 1294 ὡς
1042 1229 1326 1301 ἄνθρωπος
1347 1230 1598 1285 ὲπείνασε
1636 1231 1732 1286 καὶ
1773 1232 1894 1286 ἐκο-

314 1321 536 1386 πίασεν,
558 1320 702 1375 οῦτω
731 1319 936 1375 καὶτὸν
966 1322 1030 1374 ἐκ
1057 1321 1151 1374 τοῦ
1170 1320 1375 1385 πάθους
1406 1320 1619 1393 δέχεται
1643 1321 1891 1393 θόρυϐον,

313 1412 396 1476 ὡς
440 1409 801 1483 ἀνθρώπινον.
839 1411 1177 1483 Ταράττεται
1224 1411 1283 1465 δὲ
1330 1412 1427 1482 οὐχ
1479 1411 1667 1484 ὥσπερ
1709 1414 1889 1485 ἡμεῖς,

315 1501 434 1557 ἀλλ’
457 1504 583 1556 ὅσον
614 1505 694 1567 είς
725 1500 976 1574 αἴσθησιν
1017 1503 1175 1573 μόνον
1208 1503 1570 1575 ὑπενεχθῆναι
1616 1503 1711 1559 τοῦ
1749 1505 1891 1576 πρά-

312 1611 547 1666 γματος.
588 1590 709 1649 εἷτα
724 1594 884 1649 πάλιν
911 1596 991 1659 είς
1014 1594 1113 1667 τὴν
1142 1594 1319 1665 ἑαυτῷ
1359 1595 1673 1666 πρέπουσαν
1709 1597 1893 1652 εὐτολ-

317 1689 447 1758 μίαν
485 1686 786 1758 άναπηδᾷν.
824 1687 921 1740 Ἕκ
944 1685 1148 1740 τούτων
1176 1687 1417 1757 δηλονότι
1438 1688 1531 1742 καὶ
1557 1687 1733 1760 ψυχὴν
1776 1684 1890 1760 εἶχε

1995 594 2083 652 nis
2123 594 2574 661 rctardarentur,
2623 605 2992 653 transmutata
3030 596 3087 651 in
3124 596 3305 669 primo
3336 594 3564 652 Christo

1994 685 2062 742 ad
2093 687 2371 743 meliorem
2401 688 2716 759 quemdam,
2735 696 2789 744 et
2808 688 3133 745 diviniorem
3165 696 3370 745 statum
3394 695 3561 743 natu-

1993 788 2053 830 ra
2081 793 2096 831 :
2129 774 2234 832 hoc
2263 778 2463 847 quippe
2493 778 2656 833 modo
2687 786 2742 835 et
2773 794 2886 834 non
2923 779 3037 835 alio
3058 818 3075 844 ,
3107 778 3334 834 remedii
3364 777 3562 832 modus

1993 867 2060 923 ad
2094 883 2198 925 nos
2241 868 2395 940 ipsos
2437 869 2677 925 transire
2712 877 2948 941 poterat.
2988 868 3201 925 Etenim
3233 877 3426 925 natura
3458 869 3565 925 bo-

1993 955 2158 1014 minis
2185 957 2242 1013 in
2279 957 2498 1014 Christo
2528 943 2601 1013 ad
2633 961 2983 1016 novationem
3014 960 3140 1016 vitae
3169 961 3336 1016 veluti
3363 961 3563 1032 primi-

1993 1048 2082 1105 tiae
2119 1049 2449 1106 olferebatur
2478 1069 2492 1105 :
2526 1050 2695 1121 inque
2725 1050 2847 1123 ipso
2876 1060 2933 1109 et
2964 1067 3087 1124 qua:
3108 1060 3239 1109 sunt
3275 1069 3441 1126 supra
3470 1070 3564 1112 na-

1992 1145 2173 1194 turam
2215 1140 2415 1195 lucrati
2447 1155 2665 1197 sumus.
2708 1138 2846 1212 Nam
2879 1150 3105 1213 propter
3144 1141 3248 1198 hoc
3280 1152 3334 1199 et
3362 1159 3564 1200 secun-

1992 1231 2098 1287 dus
2142 1231 2316 1287 Adam
2359 1233 2671 1304 appellatus
2717 1239 2803 1288 est
2856 1232 2911 1288 in
2971 1232 3178 1290 divinis
3233 1233 3560 1306 Scripturis.

1991 1318 2458 1387 Quemadmodum
2481 1337 2613 1378 vero
2638 1332 2898 1394 tanquam
2931 1323 3096 1380 homo
3127 1325 3324 1380 esuriit
3357 1333 3410 1381 et
3448 1325 3563 1382 las-

1992 1409 2234 1464 situdine
2262 1409 2488 1475 defecit,
2519 1411 2600 1467 sic
2626 1419 2681 1467 et
2710 1426 2773 1465 ex
2804 1412 3063 1480 passione
3091 1414 3327 1486 suscipit
3358 1415 3564 1472 tumul-

1990 1509 2138 1562 tum,
2172 1507 2232 1555 ut
2259 1500 2563 1556 humanum
2593 1500 2745 1571 quid.
2776 1500 3213 1559 Perturbabatur
3239 1516 3421 1585 autem
3450 1520 3563 1560 non
3653 1527 3661 1535 ·

1991 1591 2136 1647 sicut
2152 1606 2276 1657 nos,
2299 1591 2393 1648 sed
2411 1602 2639 1647 eatenus
2655 1592 2939 1655 duntaxat.
2954 1603 3016 1648 ut
3035 1609 3202 1651 sensu
3221 1596 3298 1651 rei
3315 1596 3563 1651 nonnihil

1989 1691 2328 1756 tangeretur,
2354 1682 2554 1738 deinde
2586 1683 2772 1737 statim
2803 1683 2870 1737 ad
2902 1683 3122 1754 dignam
3155 1686 3241 1740 sui
3278 1685 3562 1741 conliden-

310 1779 559 1849 λογικήν.
598 1778 808 1848 Ὠσπερ
825 1775 934 1848 γὰρ
958 1777 1035 1847 τῷ
1062 1778 1315 1848 πεινῆσαι
1341 1778 1556 1852 τυχὸνή
1585 1779 1755 1852 ἑτέρῳ
1781 1779 1883 1833 τινὶ

1992 1774 2123 1828 tiam
2150 1774 2375 1830 rediret.
2413 1773 2494 1827 Ex
2518 1772 2603 1827 his
2639 1773 2829 1843 utique
2868 1779 3019 1843 patet
3044 1788 3171 1828 eum
3206 1773 3445 1828 animam
3473 1788 3562 1827 ra-

309 1870 421 1924 τῶν
440 1869 701 1924 τοιούτων
740 1871 1078 1939 περιπεσεῖν,
1127 1869 1257 1922 ἴδιον
1307 1870 1409 1940 τῆς
1446 1870 1646 1942 σαρκὸς
1692 1870 1883 1936 πάθος,

1994 1866 2251 1921 tionalem
2276 1864 2558 1920 habuisse.
2580 1860 2653 1919 Ut
2683 1841 2828 1920 enim
2858 1841 2912 1919 in
2936 1865 3292 1921 esuritionem
3320 1873 3450 1935 puta
3477 1864 3563 1920 vel

308 1959 456 2014 οὕτω
476 1962 571 2015 καὶ
596 1960 656 2013 τὺ
682 1958 1041 2031 ταράττεσθαι
1072 1959 1160 2012 διά
1200 1961 1419 2030 μνήμης
1457 1961 1559 2031 τῆς
1609 1961 1717 2016 τῶν
1779 1962 1886 2015 δει-

306 2048 438 2112 νῶν,
468 2048 649 2119 ψυχῆς
679 2046 746 2101 ἂν
782 2048 867 2118 etv;
893 2046 1063 2111 πάθος
1109 2047 1209 2118 τῆς
1252 2032 1504 2120 λογικῆς.
1553 2042 1701 2124 ﬁmi
1752 2052 1890 2124 μόνῃ

309 2141 442 2209 ἡμῖν
461 2139 550 2193 διὰ
571 2138 682 2192 τῶν
712 2139 1064 2210 ἐνθυμήσεων
1098 2139 1499 2211 ἑπεισκρίνεται
1538 2143 1744 2213 μνήμη.
1776 2140 1885 2196 Οὔ·

309 2246 399 2283 πω
419 2229 529 2301 γὰρ
557 2230 616 2282 ὲν
642 2229 793 2300 αὐτῷ
819 2229 898 2300 τῷ
921 2228 1139 2301 σταυρῷ
1164 2230 1388 2300 γέγονεν
1416 2233 1445 2284 ό
1466 2233 1720 2304 Χριστός.
1754 2234 1888 2304 Πρό-

307 2325 451 2389 ωρον
474 2315 569 2374 οὖν
603 2320 860 2392 ὑπομένει
880 2321 972 2374 τὸν
1000 2320 1248 2392 θόρυϐον,
1275 2323 1769 2394 προαναθεωρήσας
1793 2324 1888 2397 δη·-

308 2410 486 2464 λονότι
517 2411 580 2465 τὸ
607 2411 814 2482 μέλλον,
840 2412 932 2465 καὶ
955 2412 1033 2482 τῷ
1058 2412 1304 2484 λογισμῷ
1341 2413 1475 2484 πρὸς
1503 2413 1602 2485 τὴν
1634 2412 1744 2468 τῶν
1764 2415 1885 2467 έσο-

314 2501 499 2571 μένων
533 2503 748 2575 μνήμην
794 2501 1129 2572 ὑπενεχθείς.
1169 2503 1242 2555 Τὸ
1273 2503 1383 2575 γάρ
1408 2503 1507 2574 τῆς
1542 2503 1741 2567 δειλίας
1783 2503 1888 2558 πά·-

313 2588 435 2653 θος,
470 2588 595 2642 οὔτε
616 2592 710 2660 τῆς
746 2590 986 2654 ἀπαθοῦς
1004 2591 1252 2663 εἴποιμεν
1286 2591 1557 2664 θεότητος,
1610 2592 1735 2646 οὔτε
1780 2591 1886 2664 μὴν

309 2679 421 2749 τῆς
438 2680 642 2750 σαρκός
672 2698 687 2712 ’
715 2681 982 2752 λογισμῶν
1012 2683 1124 2755 γάρ
1154 2685 1269 2736 ὲστι
1292 2683 1491 2754 ψυχῆς,
1537 2685 1634 2738 καὶ
1662 2685 1724 2738 ού
1751 2702 1899 2756 σαρέ

308 2769 407 2834 κὸς
433 2770 497 2823 τὸ
524 2772 709 2834 πάθος.
742 2771 805 2826 El
828 2773 885 2826 δὲ
915 2775 1009 2827 καὶ
1029 2774 1087 2828 τὸ
1111 2773 1303 2843 ἄλογον
1334 2773 1456 2845 ἔχον
1497 2774 1678 2848 ψυχὴν
1727 2772 1886 2848 θορυ-

312 2864 490 2920 ϐεῐται
533 2867 628 2919 καὶ
646 2868 988 2939 ταράττεται,
1012 2868 1125 2922 ἀλλ’
1153 2869 1215 2922 ού
1247 2868 1336 2923 διὰ
1368 2871 1607 2942 μνήμης,
1637 2871 1756 2925 οὐδὲ
1793 2871 1885 2924 λο-

310 2956 588 3028 γισμῷ,τδ
614 2959 874 3029 ὲσόμενον
901 2958 1352 3030 προανασκοποῦν
1372 2961 1543 3026 πάθος
1568 2963 1661 3016 ἐπὶ
1684 2962 1885 3018 δειλίαν

308 3048 549 3120 ἔρχεται,
573 3050 688 3103 ἀλλ’
717 3052 846 3117 ὅταν
868 3050 1050 3115 αὐτοῖς
1070 3050 1274 3105 ἁλῶναι
1291 3051 1513 3124 γένηται
1531 3055 1644 3117 τοῖς
1672 3057 1881 3121 κακοῖς,

1989 1957 2136 2012 aliud
2160 1955 2429 2027 ejusmodi
2455 1956 2723 2020 incidere,
2753 1955 2974 2026 propria
3003 1962 3088 2011 est
3112 1955 3296 2011 carnis
3321 1954 3559 2021 all‘ectiu,

1988 2048 2069 2105 sic
2098 2055 2153 2103 et
2186 2048 2454 2103 malorum
2486 2046 2747 2103 memoria
2770 2061 2834 2101 ac
2863 2046 3193 2119 cogitatione
3228 2048 3560 2118 perturbari,

1986 2152 2219 2208 prorsus
2246 2139 2446 2193 animae
2472 2137 2764 2192 rationalis
2791 2136 3005 2192 aﬂ‘ectio
3028 2136 3213 2202 fuerit,
3237 2139 3381 2194 unde
3400 2137 3561 2193 nobis

1987 2246 2085 2302 per
2106 2232 2276 2297 solam
2303 2230 2620 2285 memoriam
2644 2236 2700 2284 et
2720 2231 3106 2301 cogitationem
3133 2244 3256 2285 sese
3279 2231 3562 2286 insinuare

1988 2324 2147 2378 solet.
2178 2321 2434 2378 Nondum
2463 2324 2610 2378 enim
2648 2323 2704 2377 in
2753 2323 2871 2393 ipsa
2912 2337 3081 2379 cruce
3124 2330 3242 2376 erat
3281 2320 3558 2379 Christus.

1986 2417 2155 2489 Igitur
2173 2431 2518 2489 praepropere
2537 2427 2591 2471 et
2608 2415 2991 2485 intempestive
3013 2413 3427 2486 perturbatione
3446 2414 3563 2469 alli-

1987 2510 2152 2573 citur,
2187 2508 2532 2579 prospiciens
2564 2507 2826 2562 videlicet
2860 2508 3006 2576 quod
3039 2507 3282 2561 futurum
3318 2515 3472 2569 erat,
3502 2511 3561 2560 et

1985 2600 2199 2655 ratione
2237 2598 2305 2653 ad
2335 2596 2767 2667 impendentium
2803 2597 3126 2652 memoriam
3149 2598 3430 2666 abreptus.
3454 2593 3560 2651 Ne-

1986 2708 2093 2763 que
2124 2690 2268 2746 euim
2296 2690 2513 2744 timoris
2550 2689 3018 2759 perturbationem
3063 2698 3157 2744 aut
3199 2688 3253 2743 in
3296 2688 3557 2744 deitatem

1985 2782 2095 2854 pati
2140 2783 2416 2844 nesciam,
2470 2788 2565 2834 aut
2622 2779 2675 2835 in
2725 2795 2946 2836 carnem
2982 2780 3177 2836 cadere
3210 2780 3556 2845 dixerimus;

1985 2870 2188 2940 quippe
2203 2877 2287 2926 est
2307 2870 2420 2924 haec
2439 2870 2675 2926 rationis
2691 2870 2860 2925 animi
2886 2878 2940 2926 et
2968 2885 3075 2926 non
3103 2871 3291 2927 carnis
3311 2870 3555 2927 aﬂectio.

1984 2960 2141 3028 Quod
2180 2960 2226 3017 si
2252 2969 2302 3016 et
2336 2960 2390 3015 id
2417 2962 2564 3034 quod
2592 2961 2968 3017 irrationalem
3001 2961 3241 3017 animam
3274 2961 3442 3018 habet
3474 2971 3561 3017 tu-

1986 3052 2289 3107 multuatur
2315 3052 2478 3106 etiam
2511 3061 2565 3107 et
2596 3051 2872 3117 turbatur,
2901 3066 3008 3105 non
3036 3058 3219 3106 tamen
3252 3065 3321 3106 ex
3351 3067 3560 3106 memo-

307 3137 429 3190 τότε
456 3137 553 3191 τοῦ
571 3140 834 3210 παρόντος
857 3139 1102 3194 κινδύνου
1124 3140 1369 3209 συλλέγει
1397 3141 1548 3211 μόλις
1568 3142 1667 3214 τὴν
1694 3143 1883 3215 αἴσθη-

1988 3143 2069 3197 ria
2095 3185 2109 3209 ,
2155 3158 2333 3212 neque
2383 3157 2451 3197 ex
2487 3141 2912 3197 ratiocinatione
2936 3139 3185 3196 futurum
3211 3142 3559 3212 prospiciens

310 3243 414 3282 σιν.
453 3229 570 3282 Νῦν
596 3230 653 3283 δὲ
685 3233 714 3285 ό
744 3231 948 3302 Κύριος
977 3230 1303 3303 θορυϐεῖται,
1323 3233 1423 3286 οὐκ
1458 3233 1517 3300 ἐξ
1559 3229 1634 3288 ὧν
1674 3235 1881 3305 βλέπει,

306 3316 425 3376 ἀλλ’
445 3324 507 3389 ἐξ
531 3317 606 3378 ὧν
638 3324 971 3394 ἐνθυμεῖται,
1018 3323 1112 3377 καὶ
1149 3322 1208 3389 ἐξ
1257 3318 1333 3378 ὧν
1381 3325 1674 3397 προσδοκᾷ.
1733 3326 1886 3380 Ἀλλ’

305 3418 429 3471 ούδὶ
464 3414 664 3471 εἶπενό
684 3415 941 3486 Χριστὸς,
983 3415 1045 3468 Ἦ
1066 3413 1203 3483 σάρξ
1237 3431 1335 3485 μου
1375 3416 1723 3487 τετάρακται,
1758 3416 1885 3471 ἀλλ’

316 3527 335 3559 ι
351 3509 422 3561 Ἤ
449 3507 594 3578 ψυχή
622 3524 775 3577 μου.»
805 3504 905 3575 τὴν
928 3503 1037 3559 τῶν
1063 3503 1445 3574 αἱρετιζὸντων
1464 3505 1719 3561 ὑπόνοιαν
1740 3523 1883 3579 παρ-

307 3599 637 3669 ωθούμενος.
665 3598 727 3651 El
750 3597 808 3651 δὲ
839 3596 931 3651 καὶ
951 3597 1010 3672 έν
1041 3597 1109 3668 τῇ
1141 3595 1350 3668 Παλαιᾷ
1376 3598 1567 3669 φήσεις
1588 3598 1725 3670 πρὸς
1751 3600 1883 3653 Ἰου-

306 3688 489 3752 δαίους
528 3688 633 3741 ὑπὸ
651 3684 785 3740 Θεοῦ
819 3686 1088 3757 εἰρῆσθαι,
1127 3705 1145 3739 ι
1180 3687 1293 3751 Τὰς
1318 3687 1511 3759 ἑορτάς
1548 3687 1703 3760 ὑμῶν
1731 3691 1883 3760 μισεῖ

304 3783 340 3851 η
366 3779 514 3864 ψυχή
553 3796 654 3850 μου
688 3795 705 3811 ν
739 3797 758 3830 ι
810 3776 1041 3850 ἐροῦμεν
1088 3778 1163 3843 ὡς
1198 3780 1314 3843 τοῖς
1364 3779 1662 3851 ἡμετέροις
1703 3780 1881 3836 ἔθεσιν

304 3872 684 3943 ἀποκέχρηται
718 3870 916 3942 μᾶλλον
939 3870 1027 3924 διά
1047 3870 1144 3944 τὴν
1177 3871 1315 3943 πρὸς
1362 3872 1509 3942 ἡμᾶς
1536 3873 1881 3941 συγκατάϐα-

306 3980 418 4027 σιν,
439 3963 631 4033 ὥσπερ
662 3963 756 4016 καὶ
782 3961 1064 4032 πρόσωπον
1094 3962 1185 4014 καὶ
1209 3946 1521 4031 ὀφθαλμοὺς
1548 3962 1643 4015 καὶ
1675 3964 1743 4017 τὰ
1771 3962 1881 4017 λοι-

305 4055 385 4109 πά
419 4056 599 4110 πάντα
628 4054 763 4126 μέλη
814 4052 1114 4127 προσάπτει
1162 4052 1241 4123 τῷ
1273 4052 1550 4124 ἀσωμάτῳ
1596 4071 1878 4126 καταχρη-

306 4146 513 4210 στικῶς
542 4162 558 4179 σ
590 4143 728 4216 μετὰ
747 4143 805 4197 δὲ
828 4146 926 4213 τὴν
955 4141 1389 4214 ὲνανθρώπησιν,
1430 4145 1479 4197 εί
1527 4142 1671 4198 οὕτω
1724 4144 1876 4216 εἰρῆ-

305 4238 432 4292 σθαι
461 4238 731 4309 φήσομεν,
763 4235 925 4289 εἰκὼν
948 4231 1016 4307 ἦν
1047 4235 1174 4306 ἄρα,
1207 4236 1302 4290 καὶ
1321 4235 1561 4307 δόκησις,
1592 4236 1687 4291 καὶ
1727 4235 1874 4303 σκιά,

304 4330 403 4384 καὶ
447 4329 509 4383 οὐ
549 4327 692 4382 κατὰ
735 4326 992 4398 ἀλήθειαν
1042 4326 1346 4398 ἄνθρωπος,
1394 4327 1538 4382 κατὰ
1587 4328 1678 4381 τὸν
1720 4328 1878 4383 ἄθεον

302 4425 502 4478 Μάνιν.
535 4422 704 4493 Ὅλην
729 4420 905 4474 τοίνυν
965 4418 1073 4474 τῶν
1111 4416 1414 4491 ἀνθρώπων
1461 4417 1622 4488 φύσιν
1667 4420 1876 4490 ¹ἥνωσεν

1987 3236 2188 3290 malum
2225 3235 2421 3290 timore
2448 3234 2788 3304 corripitur,
2826 3232 2922 3287 sed
2955 3248 3081 3287 cum
3123 3233 3176 3287 in
3216 3232 3355 3303 ipsis
3396 3234 3558 3289 malis

1985 3325 2319 3396 deprehendi
2362 3325 2634 3394 contigit,
2690 3331 2825 3378 tunc
2868 3323 3156 3392 praesentis
3197 3323 3431 3393 periculi
3464 3322 3554 3378 vix

1984 3434 2204 3475 sensum
2232 3417 2481 3487 percipit.
2509 3414 2667 3471 Nunc
2689 3430 2819 3470 vero
2847 3414 3109 3471 Dominus
3143 3415 3420 3480 turbatur,
3447 3432 3556 3470 non

1983 3509 2055 3565 ob
2084 3524 2149 3565 ca
2165 3524 2287 3578 quae
2312 3508 2488 3573 videt,
2516 3506 2611 3565 sed
2641 3507 2713 3562 ob
2737 3521 2799 3562 ea
2842 3520 2964 3577 qua:
3006 3506 3212 3578 cogitat
3252 3515 3307 3561 et
3338 3506 3560 3577 opperi-

1983 3608 2093 3656 tur.
2148 3598 2252 3656 Sed
2294 3615 2471 3670 neque
2507 3598 2645 3653 dixit
2678 3598 2968 3663 Christus,
3003 3597 3147 3654 Caro
3184 3613 3305 3655 mea
3339 3598 3559 3655 turbata

1982 3702 2089 3762 est,
2110 3693 2226 3754 sed,
2247 3693 2442 3748 Anima
2460 3706 2600 3759 mea,
2627 3700 2779 3748 secta
2789 3693 2989 3747 riorum
3009 3691 3380 3762 suspicionem
3408 3706 3560 3747 amo-

1982 3786 2141 3843 liens.
2160 3784 2316 3852 Quod
2344 3784 2391 3841 si
2421 3784 2655 3853 objicies
2681 3784 2736 3839 in
2759 3781 2950 3839 Vetere
2969 3779 3326 3839 Testamento
3352 3781 3558 3839 Judaeis

1982 3877 2189 3932 dictum
2238 3893 2362 3933 esse
2415 3892 2447 3932 a
2492 3876 2608 3932 Deo
2636 3917 2653 3943 ,
2710 3893 2731 3927 ι
2769 3873 2929 3932 Festa
2977 3881 3162 3931 vestra
3205 3874 3323 3930 odit
3374 3873 3557 3929 anima

1980 3981 2121 4032 mea,
2154 3985 2172 4017 ι
2201 3966 2449 4022 dicemus
2477 3980 2601 4021 eum
2633 3964 2711 4019 uti
2744 3963 3006 4020 libentius
3037 3962 3248 4020 nostris
3282 3963 3554 4028 moribus,

1982 4064 2202 4126 propter
2226 4056 2518 4126 quamdam
2543 4095 2559 4120 ,
2592 4064 2650 4110 ut
2685 4055 2761 4110 ita
2793 4056 3007 4126 loquar,
3040 4050 3330 4111 nobiseum
3349 4055 3556 4111 conde-

1980 4146 2324 4202 scensionem
2351 4186 2367 4211 ,
2403 4147 2546 4203 sicut
2598 4155 2654 4202 et
2697 4145 2891 4202 faciem
2931 4153 2987 4201 et
3022 4147 3213 4203 oculos
3249 4154 3304 4202 et
3341 4147 3555 4218 reliqua

1979 4237 2166 4293 omnia
2199 4236 2443 4291 membra
2480 4235 2690 4306 aﬂingit
2727 4236 3052 4305 incorporeo
3090 4236 3321 4292 abusive
3356 4252 3372 4291 :
3427 4243 3556 4306 post

1980 4326 2415 4383 incarnationem
2446 4340 2577 4381 vero
2619 4333 2674 4380 et
2724 4325 3119 4381 humanitatem
3163 4334 3549 4398 assumptam,

1980 4419 2027 4475 si
2060 4420 2133 4474 ita
2163 4417 2369 4473 dictum
2396 4433 2519 4473 esse
2542 4417 2812 4485 dicamus,
2843 4417 2947 4472 l'uit
2973 4418 3163 4489 utique
3193 4419 3373 4490 imago
3401 4435 3553 4491 qua:-

304 4514 479 4585 ἑαυτῷ
507 4516 536 4567 ὀ
561 4512 655 4567 τοῦ
699 4512 1034 4582 ΘεοῦκΛόγος
1063 4511 1149 4565 ἵνα
1180 4510 1300 4565 ὅλον
1323 4509 1473 4583 σώσῃ
1526 4509 1619 4565 τὸν
1668 4509 1876 4582 ἄνθρω-

1983 4511 2105 4565 dam
2124 4551 2140 4576 ,
2165 4517 2220 4564 et
2246 4509 2419 4573 visio,
2459 4517 2514 4564 et
2545 4508 2736 4564 umbra
2758 4547 2773 4571 ,
2806 4523 2918 4564 non
2947 4518 3129 4566 autem
3162 4525 3328 4567 verus
3350 4510 3551 4580 homo,

304 4622 426 4658 πον.
459 4605 527 4657 Ὃ
545 4603 656 4676 γάρ
687 4602 761 4675 μὴ
784 4602 1197 4674 προσείληπται,
1226 4601 1348 4654 οὐδὲ
1372 4600 1658 4655 σέσωσται.
1690 4599 1876 4655 Εἰπὼν

306 4697 489 4765 μέντοι
542 4695 621 4759 τὸ,
678 4714 698 4747 ι
744 4692 1067 4765 Ἐταράχθη,
1102 4712 1121 4745 ι
1171 4693 1233 4746 ού
1290 4693 1489 4763 σιωπᾷ,
1523 4692 1636 4747 ἀλλ’
1674 4695 1755 4756 εἰς
1785 4692 1877 4746 εὑ-

300 4784 532 4855 τολμίαν
558 4784 920 4856 μεταπλάττει
952 4783 1011 4837 τὸ
1034 4781 1226 4848 πάθος,
1256 4783 1350 4836 καὶ
1381 4782 1663 4854 μονονουχί
1688 4797 1874 4855 φησιν’

300 4872 472 4925 οὐδέν
497 4873 609 4925 ἐστι
646 4873 707 4927 τὸ
736 4872 1027 4926 ἀποθανεῖν
1056 4871 1246 4926 ’-ἀλλὰ
1271 4871 1360 4926 διά
1399 4872 1557 4927 τοῦτο
1602 4873 1877 4946 ἐπέτρεψα

297 4966 367 5034 τῇ
406 4962 570 5035 σαρκὶ
590 4963 655 5016 τὸ
684 4962 971 5023 δειλιάσαι,
1015 4962 1104 5016 ἵνα
1138 4963 1606 5033 μεταστοιχειὼσω
1657 4965 1737 5028 είς
1782 4965 1875 5018 eo-

295 5053 548 5125 τολμίαν.
569 5049 777 5107 Ἦλθον
798 5054 911 5115 τοῖς
939 5053 1032 5105 ἐπὶ
1061 5051 1166 5122 γῆς
1188 5051 1285 5123 τὴν
1315 5050 1462 5124 ζωὴν
1489 5053 1873 5124 κατορθώσων,

293 5145 379 5198 διὸ
410 5147 509 5198 καὶ
540 5145 677 5217 πρὸς
705 5145 767 5198 τὸ
799 5145 993 5199 παθεῖν
1028 5145 1423 5216 ηὐτρέπισμαι.
1469 5146 1624 5220 Alt-si
1681 5145 1737 5198 δὲ
1783 5144 1875 5198 τὸν

295 5237 546 5310 Πατέρα,
576 5239 671 5291 καὶ
716 5238 779 5291 τδ
805 5236 907 5307 τῆς
933 5237 1096 5308 εὐχῆς
1133 5237 1316 5308 σχῆμα
1338 5235 1610 5300 διατυποϊ,
1651 5236 1749 5308 οὐχ
1797 5239 1873 5299 ὡς

292 5328 601 5391 ἀδυνατῶν,
612 5330 642 5383 ὁ
657 5328 833 5383 πάντα
854 5329 1049 5400 ἰσχύων
1063 5370 1078 5395 ,
1096 5329 1210 5383 ἀλλ’
1226 5329 1300 5394 ὡς
1313 5328 1409 5384 ἄνθ
1416 5345 1599 5400 ρωπος
1618 5328 1685 5383 τὰ
1702 5327 1874 5399 μείζω

293 5422 500 5495 ἥικατά
530 5420 817 5493 ἄνθρωπον
831 5421 1012 5492 νέμων
1039 5425 1103 5493 τῇ
1129 5421 1249 5494 θείᾳ
1281 5423 1462 5493 φύσει,
1515 5423 1620 5477 οὐκ
1658 5423 1764 5490 ἔξω
1797 5422 1873 5477 ὢν

292 5511 503 5582 ταύτης
531 5511 661 5565 ὃταν
691 5509 830 5583 καλῇ
861 5509 953 5565 τὸν
974 5510 1193 5582 Πατέρα
1231 5511 1321 5565 τὸν
1345 5512 1495 5576 ἴδιον,
1530 5511 1658 5565 ἀλλ’
1715 5511 1872 5577 εἰδὼς

289 5603 375 5654 ὅτι
397 5600 489 5654 διὰ
517 5599 730 5670 Πατρός
764 5601 858 5654 καὶ
893 5594 1025 5655 Υἱοῦ
1062 5601 1180 5670 ἥξει
1211 5601 1243 5672 ἡ
1283 5602 1341 5656 ὲν
1371 5602 1535 5655 παντὶ
1586 5602 1871 5673 πράγματι

289 5690 526 5760 δύναμις
554 5690 648 5744 καὶ
663 5690 792 5757 δόξα
819 5705 835 5722 ⁸
865 5688 975 5744 εἴτε
1009 5709 1027 5742 ι
1063 5690 1295 5758 Δόξασόν
1313 5708 1408 5745 σου
1438 5691 1529 5744 τὸν
1558 5691 1686 5748 Υίὸν
1711 5712 1728 5743 ι
1758 5691 1870 5763 ἔχει

290 5781 577 5853 ’Μ’γραφὴ
602 5822 616 5848 ,
650 5781 758 5837 εἴτε
809 5801 828 5838 ι
866 5781 1099 5849 Δόξασὸν
1156 5800 1247 5839 σου
1297 5782 1356 5837 τὸ
1391 5781 1579 5854 δνομα,
1620 5804 1637 5837 ι
1679 5786 1870 5841 ταυτὸν

1978 4601 2279 4657 secundum
2315 4599 2545 4670 impium
2577 4598 2806 4656 Manem.
2844 4600 3027 4668 Quare
3066 4611 3233 4657 totam
3265 4603 3551 4659 hominum

1977 4698 2227 4745 naturam
2257 4689 2437 4744 univit
2470 4689 2577 4745 sibi
2609 4688 2701 4745 Dei
2733 4688 2971 4746 Verbum
3013 4732 3029 4757 ,
3072 4702 3131 4747 ut
3162 4701 3341 4748 totum
3374 4693 3553 4749 horni-

1976 4796 2102 4835 nem
2153 4788 2418 4836 servaret.
2470 4777 2626 4847 Quod
2663 4781 2808 4836 enim
2844 4798 2955 4838 non
3003 4782 3163 4854 705
3205 4791 3290 4840 est
3330 4799 3551 4841 assum-

1977 4882 2128 4943 ptum
2157 4913 2171 4939 ,
2218 4888 2393 4944 neque
2438 4879 2523 4928 est
2577 4882 2873 4931 servatum.
2926 4873 3223 4946 Pr0pterea
3277 4877 3370 4932 ubi
3409 4877 3550 4932 dixit

1976 4963 2082 5019 hoc
2105 5003 2119 5027 ,
2158 4983 2176 5014 ι
2210 4962 2450 5019 Turbata
2481 4971 2607 5031 est,
2637 4983 2656 5017 ι
2697 4980 2806 5019 non
2843 4965 3005 5030 silet,
3045 4967 3140 5023 sed
3172 4968 3548 5038 perturbatio-

1975 5068 2099 5109 nem
2137 5051 2283 5107 illam
2314 5052 2369 5107 in
2398 5052 2781 5109 conﬁdentiam
2807 5062 3014 5119 mutat,
3049 5071 3114 5110 ac
3148 5057 3545 5128 propemodum

1975 5147 2053 5200 ait
2078 5163 2092 5200 :
2126 5144 2259 5200 Mori
2297 5145 2433 5200 nihil
2462 5152 2567 5209 est,
2597 5160 2789 5201 verum
2819 5145 2942 5201 ideo
2970 5147 3200 5217 permisi
3229 5146 3385 5201 carni
3413 5162 3548 5204 meat

1974 5239 2172 5294 timore
2210 5237 2385 5301 allici,
2427 5244 2487 5291 ut
2515 5250 2633 5292 eam
2667 5238 2735 5292 ad
2768 5237 3147 5294 fortitudinem
3178 5239 3544 5297 traducerem.

1977 5326 2111 5384 Veni
2149 5333 2210 5381 ut
2248 5327 2572 5383 mortalibus
2610 5329 2775 5383 vitam
2814 5328 3179 5384 instaurarem
3204 5368 3220 5395 ,
3252 5338 3545 5401 propterea

1975 5437 2061 5476 me
2096 5421 2167 5477 ad
2194 5416 2507 5492 patiendum
2544 5421 2877 5491 comparavi.
2907 5419 3083 5491 Rogat
3108 5429 3291 5478 autem
3324 5421 3542 5479 Patrem

1973 5526 2174 5575 suum,
2208 5520 2263 5567 et
2300 5512 2572 5569 orationis
2612 5510 2833 5568 modum
2876 5510 3218 5584 ﬁguramque
3263 5514 3542 5577 delineat,

1972 5620 2081 5661 nou
2125 5615 2383 5675 tanquam
2423 5604 2694 5676 impotens
2731 5605 2823 5675 qui
2865 5606 3048 5660 omnia
3087 5613 3306 5677 potest,
3346 5604 3442 5662 sed
3482 5612 3541 5659 ut

1973 5698 2139 5753 homo
2171 5713 2291 5769 qua:
2323 5696 2533 5768 majora
2563 5704 2692 5752 sunt
2731 5696 2951 5753 homine
2983 5697 3183 5753 divina:
3218 5704 3429 5752 naturae
3453 5702 3538 5749 at«

1973 5789 2221 5845 tribuens
2243 5827 2259 5854 ,
2299 5804 2409 5845 non
2441 5797 2596 5844 extra
2635 5787 2777 5844 hanc
2807 5788 3026 5859 quidem
3057 5787 3333 5844 exsistcus
3353 5823 3369 5852 .
3410 5799 3537 5841 cum
