4062 6208
510 335 574 390 9|
1455 334 1512 390 S.
1551 333 1830 392 CYRILLI
1861 327 2329 387 ALEXANDRINI
2367 331 2684 390 ARCHIEP.
3671 343 3739 397 99

507 457 662 520 rogat
702 447 918 503 Patrem
955 463 1110 504 suum
1136 482 1152 513 ,
1194 450 1289 505 sed
1327 454 1517 522 utique
1545 453 1690 523 quod
1732 454 1785 507 in
1815 452 1962 506 omni
2005 463 2063 503 re

2168 452 2277 504 ἐστι
2305 454 2370 522 τῇ
2394 452 2501 506 τῶν
2522 453 2890 525 θεωρημάτων
2915 452 3186 526 ἀκριϐείᾳ.
3221 452 3410 524 Ὅμως
3447 457 3476 508 ό
3505 455 3736 528 Χριστός

505 555 600 611 per
625 538 838 594 Patrem
874 546 927 594 et
952 537 1146 594 Filium
1187 543 1452 611 procedat
1496 545 1676 599 omnis
1722 550 1969 613 potestas
2011 549 2066 598 et

505 633 678 685 honor
703 672 718 698 ,
746 623 913 700 p’robe
941 632 1123 686 sciens
1153 650 1166 687 :
1200 633 1316 688 sive
1349 653 1367 684 ι
1407 633 1656 688 Clarifiea
1684 633 1880 690 Filium
1915 652 1932 685 ι
1969 633 2066 687 ha-

503 717 592 771 bet
622 715 928 788 Scriptura,
956 721 1071 780 sive
1114 739 1133 773 ι
1166 720 1417 776 Clariﬂca
1446 735 1640 777 nomen
1667 733 1818 777 tuum
1847 763 1860 785 ,
1899 742 1916 775 ι
1963 723 2066 777 hoc

501 809 851 865 exactissime
877 813 1177 880 speculanti
1205 813 1342 868 idem
1373 823 1476 870 est.
1501 814 1789 869 Enimvero
1810 815 2065 870 Christus

503 907 686 967 spreta
714 909 890 957 morte
909 913 962 957 et
984 905 1255 974 passionis
1281 905 1599 977 ignominia,
1629 907 1747 962 sola
1784 921 1911 962 vero
1940 905 2066 961 inde

501 1001 782 1044 emersnra
825 993 1111 1047 commoda
1141 996 1382 1057 intuens,
1405 995 1742 1064 jarnjamque
1772 992 2062 1064 aufugien-

502 1082 607 1127 tem
655 1090 686 1130 θ
730 1077 910 1133 medio
959 1091 1131 1136 morte
1170 1097 1282 1137 suae
1320 1083 1507 1138 carnis
1546 1083 1789 1137 omnium
1833 1090 2063 1137 mortem

502 1165 811 1234 aspiciens,
846 1179 1010 1240 atque
1052 1173 1375 1228 abolendam
1413 1173 1657 1228 funditus
1691 1172 2064 1243 corruptionis

488 1253 829 1334 potentiam,
854 1261 1205 1332 hominisque
1239 1273 1490 1318 naturam
1528 1265 1787 1334 deinceps
1822 1264 2065 1319 novitate

502 1346 628 1400 vitae
649 1329 1078 1416 reformandam,
1109 1361 1320 1407 tantum
1350 1369 1456 1407 non
1489 1353 1556 1407 ad
1581 1351 1749 1408 Deum
1773 1364 1826 1409 et
1847 1353 2063 1408 Patrem

502 1436 619 1490 haec
649 1440 806 1493 verba
845 1439 976 1494 facit
1010 1460 1022 1496 :
1076 1443 1188 1497 Etsi
1235 1446 1447 1514 pigrum
1490 1445 1556 1498 ad
1589 1446 1904 1515 patiendum
1937 1461 2062 1500 eor-

503 1540 606 1596 pus
627 1569 642 1588 .
695 1544 728 1583 o
761 1529 920 1585 Pater
943 1571 958 1596 ,
1009 1542 1062 1587 et
1098 1533 1416 1588 reformidat
1456 1545 1685 1591 mortem
1718 1553 1837 1606 qua:
1869 1544 2066 1607 praeter

503 1625 760 1674 naturam
782 1629 885 1687 est,
921 1638 1031 1677 non
1053 1632 1233 1680 tamen
1268 1637 1692 1683 consentaneum
1720 1629 1937 1684 videtur
1955 1644 2061 1694 me,

502 1716 656 1763 tuum
681 1726 1013 1768 assessorem
1028 1722 1082 1769 et
1114 1715 1169 1770 in
1199 1731 1391 1773 omnes
1425 1719 1710 1788 imperium
1746 1721 2061 1788 habentem,

506 1799 767 1854 insolenti
809 1799 1121 1856 Iudaeorum
1171 1798 1418 1861 audacia:
1450 1807 1671 1863 dedere.
1707 1807 1906 1864 Verum
1935 1811 2065 1881 quia
2097 1790 2141 1851 Β

501 1903 569 1943 eo
601 1889 814 1956 deveni,
849 1910 868 1943 ι
901 1892 1151 1949 Clariﬂra
1173 1894 1392 1964 Filium,
1429 1917 1447 1949 ι
1483 1898 1534 1953 id
1564 1906 1689 1962 est,
1723 1916 1793 1956 ne
1826 1902 1892 1955 ad
1928 1917 2068 1957 mor-

503 1986 611 2034 tem
644 1991 863 2038 euntem
899 1985 1216 2054 impedieris
1251 2007 1264 2043 :
1297 2004 1477 2045 annue
1504 1997 1610 2045 tuae
1642 1993 1905 2062 geniturae
1935 2010 2066 2064 pro-

505 2081 626 2140 pter
653 2087 943 2130 commuue
971 2079 1212 2132 omnium
1240 2079 1460 2136 bonum.
1493 2079 1650 2148 Quod
1679 2099 1808 2138 vero
1836 2100 2068 2155 evange-

503 2159 632 2214 lista
648 2162 875 2230 gloriam
904 2165 1034 2220 alibi
1067 2182 1285 2221 crucem
1314 2159 1627 2240 appellavit,
1648 2187 1712 2226 ex
1741 2173 1859 2242 ejus
1885 2174 2066 2231 verbis

501 2251 693 2307 dicens
719 2273 732 2308 :
775 2273 792 2305 ι
820 2253 1070 2311 Nondum
1094 2259 1238 2313 enim
1262 2268 1378 2314 erat
1405 2261 1646 2327 Spiritus
1672 2271 1915 2330 sanctus,
1939 2266 2066 2335 quia

499 2343 749 2396 nondum
770 2343 930 2400 Jesus
953 2345 1286 2403 clariﬁeatus
1319 2357 1437 2403 erat
1460 2349 1528 2402 ⁸³.
1561 2369 1580 2400 ι
1627 2348 1686 2403 lu
1719 2351 1918 2420 quibus
1949 2367 2067 2404 ma-

502 2432 703 2488 nifeste
745 2437 1067 2491 cruciﬁxum
1122 2454 1246 2494 esse
1302 2440 1662 2494 elariticatum
1700 2442 1855 2496 dicit.
1881 2441 2066 2497 Gloria

500 2537 633 2576 vero
661 2523 819 2578 erui.
847 2525 959 2580 Etsi
977 2525 1121 2580 enim
1149 2533 1391 2596 tempore
1419 2531 1689 2597 passionis
1720 2530 1918 2586 multas
1943 2547 2067 2605 eon-

502 2616 756 2672 tumelias
785 2619 1006 2687 pertulit
1037 2603 1253 2672 sum'ma
1285 2620 1577 2674 tolerantia
1603 2629 1656 2675 et
1681 2631 1894 2689 sponte,
1925 2603 2065 2676 tam-

500 2706 603 2760 etsi
632 2708 780 2776 quia,
818 2724 942 2761 eum
975 2717 1160 2777 posset
1202 2723 1313 2762 non
1348 2711 1480 2779 pati,
1517 2719 1739 2780 propter
1770 2707 1870 2769 n03
1917 2713 2060 2768 ultro

501 2797 641 2850 mori
671 2797 953 2860 sustinuit,
979 2807 1200 2867 propter
1225 2799 1456 2852 aliorum
1483 2802 1831 2878 commodum
1859 2803 1912 2857 id
1936 2803 2067 2858 sub-

498 2886 583 2940 ire
604 2927 618 2949 ,
667 2903 891 2942 summae
921 2890 1089 2942 animi
1122 2891 1454 2959 praestantiae
1496 2903 1549 2946 et
1579 2907 1849 2962 supremae
1879 2894 2067 2965 gloriae

503 2978 852 3038 tribuendum
884 2989 986 3036 est.
1017 2980 1138 3035 Alio
1167 2983 1331 3037 etiam
1362 2984 1519 3037 modo
1550 2984 1782 3054 gloriam
1809 3000 2068 3042 consecu-

496 3077 594 3124 tus
626 3078 710 3125 est
735 3070 906 3126 Filius
931 3090 942 3126 :
970 3073 1116 3141 quod
1148 3074 1293 3128 enim
1325 3082 1554 3129 mortem
1589 3077 1904 3145 superavit,
1941 3093 2062 3133 eum

498 3160 669 3212 vitam
705 3174 825 3215 esse
862 3171 915 3215 et
947 3159 1143 3215 Filium
1184 3161 1277 3217 Dei
1310 3164 1545 3219 viventis
1579 3165 1958 3234 cognovimus.
2000 3167 2066 3224 Et

501 3250 842 3321 glorificatur
874 3251 1035 3308 Pater
1075 3268 1199 3308 cum
1247 3254 1409 3310 talem
1456 3255 1654 3311 habere
1683 3250 1880 3311 Filium
1910 3273 1977 3313 ex
2006 3273 2066 3314 se

505 3341 742 3408 genitum
762 3382 776 3406 ,
800 3341 978 3412 qualis
1000 3343 1085 3397 hic
1111 3351 1215 3410 est,
1242 3345 1599 3414 conspicitur.
1634 3345 1704 3400 At
1734 3363 1863 3402 vero
1888 3348 2066 3405 bonus

501 3425 668 3504 706
681 3441 783 3500 est;
807 3442 861 3490 et
887 3436 1087 3500 lumen,
1107 3442 1159 3490 et
1182 3436 1290 3488 vita
1309 3442 1361 3488 et
1386 3447 1555 3490 morte
1570 3439 2054 3506 potentior.omuia

503 3539 843 3594 quaecunque
873 3525 1000 3578 velit
1029 3525 1256 3580 faciens.
1285 3525 1420 3581 Cum
1453 3543 1581 3588 vero
1607 3527 1743 3583 dicit
1768 3548 1780 3582 :
1816 3529 2064 3587 Clarifica

503 3606 703 3668 Filium
726 3624 898 3682 tuum,
932 3634 951 3665 ›
987 3616 1090 3668 hoc
1116 3616 1190 3669 ait
1217 3635 1228 3669 :
1258 3614 1510 3672 Concede
1545 3619 1672 3672 mihi
1705 3621 1817 3688 pati
1839 3623 2064 3679 volenti.

497 3703 624 3758 ‘Non
669 3706 813 3760 enim
857 3705 975 3761 sine
1008 3707 1289 3761 voluntate
1319 3716 1372 3760 et
1411 3708 1646 3762 consilio
1681 3708 1840 3765 Pater
1869 3707 2066 3767 Filium

506 3797 654 3852 dedit
683 3797 749 3852 ad
779 3809 1003 3854 mortem
1024 3841 1038 3866 ,
1076 3798 1170 3853 sed
1203 3807 1397 3868 sponte
1424 3813 1522 3868 pro
1553 3799 1665 3854 vita
1693 3802 1879 3856 mundi
1911 3819 1924 3855 :
1965 3805 2070 3876 igi-

505 3898 598 3942 tur
641 3891 952 3946 consentire
993 3901 1045 3946 et
1088 3905 1331 3946 annuere
1367 3887 1614 3957 Patrem,
1657 3895 1804 3949 velut
1842 3896 2068 3954 donatio

507 3977 777 4034 bonorum
822 3984 984 4038 nobis
1031 3985 1299 4054 appellata
1344 3993 1452 4040 est.
1500 3983 1635 4039 Nam
1682 4001 1782 4056 pro
1827 3991 2072 4058 passione

507 4067 645 4126 dixit
679 4071 925 4144 gloriam,
955 4073 1082 4144 quia
1109 4085 1162 4130 et
1195 4075 1297 4130 hoc
1326 4075 1651 4152 imitandum
1686 4078 1842 4136 nobis
1870 4097 2072 4152 propo-

505 4162 627 4227 nit;
675 4164 879 4234 quippe
925 4168 1136 4236 precari
1177 4175 1393 4237 oportet
1434 4151 1492 4221 ut
1530 4181 1636 4222 non
1674 4151 1987 4228 incidamus
2016 4176 2070 4228 in

505 4254 860 4311 tentationem
880 4297 894 4321 ,
929 4257 1020 4313 ubi
1050 4272 1179 4313 vero
1211 4258 1567 4314 incidet-imus
1588 4299 1602 4324 ,
1630 4275 1894 4330 generose
1930 4264 2072 4322 ferre

506 4359 604 4399 nec
638 4349 882 4413 resilire,
921 4358 972 4403 et
1017 4365 1175 4404 orare
1212 4360 1271 4404 ut
1311 4351 1366 4404 in
1415 4349 1581 4422 Deum
1625 4368 1929 4412 serventur.
1967 4358 2072 4418 Sed

2171 545 2585 614 καταφρονήσας
2616 545 2708 596 τοῦ
2745 545 2972 598 θανάτου
3018 547 3109 599 καὶ
3137 545 3233 613 τῆς
3281 547 3346 597 ἐκ
3399 546 3492 600 τοῦ
3517 608 3520 612 ί
3547 547 3737 601 παθεῖν

2170 633 2450 705 αἰσχύνης,
2489 635 2623 704 μόνα
2651 635 2704 688 δὲ
2734 636 2799 688 τὰ
2845 637 2908 688 ἐκ
2935 636 3027 688 τοῦ
3073 635 3264 688 παθεῖν
3300 637 3516 690 σκοπῶν
3541 655 3736 707 κατορ-

2173 719 2418 794 θώματα,
2480 727 2573 779 καὶ
2610 727 2734 778 ὅσον
2767 723 2983 780 οὐδέπω
3007 727 3071 780 ὲκ
3112 727 3276 798 μέσου
3318 727 3602 797 βαδίζοντα
3648 729 3735 783 διὰ

2170 818 2262 870 τοῦ
2290 815 2519 869 θανάτου
2554 819 2650 887 τῆς
2684 815 2817 879 ἰδίας
2851 817 3051 887 σαρκὸς
3076 817 3171 871 τὸν
3196 818 3451 873 ἁπάντων
3507 817 3734 874 θάνατον

2173 907 2407 976 βλέπων,
2450 906 2938 979 ἀναιρεθησόμενόν
2965 926 3022 962 τε
3064 909 3340 973 παντελῶς
3364 909 3425 963 τὸ
3455 910 3553 980 τῆς
3602 909 3734 978 φθο-

2171 998 2270 1067 ρᾶς
2309 998 2504 1066 κράτος
2525 999 2617 1052 καὶ
2640 997 2737 1069 τὴν
2776 995 3061 1070 ἀνθρώπου
3102 997 3263 1070 φύσιν
3312 997 3733 1070 ἀναμορφουμέ-

2169 1104 2266 1156 νην
2321 1089 2422 1158 ήδη
2464 1073 2648 1144 λοιπόν
2700 1090 2834 1161 πρὸς
2883 1088 3175 1162 καινότητα
3230 1091 3397 1162 ζωῆς,
3448 1091 3586 1163 πρὸς
3642 1088 3728 1144 τὸν

2169 1178 2302 1233 Θεὸν
2333 1181 2426 1232 καὶ
2453 1180 2670 1252 Πατέρα
2699 1181 2834 1251 φησὶ
2863 1183 3144 1252 μονονουχί
3170 1197 3184 1212 °
3208 1180 3272 1235 Ei
3303 1182 3397 1236 καὶ
3422 1181 3650 1255 ὀκνηρὸν
3672 1182 3733 1236 τὸ

2172 1270 2330 1340 σῶμα
2379 1271 2515 1343 πρὸς
2572 1270 2632 1325 τὸ
2684 1271 2896 1336 παθεῖν,
2935 1265 2980 1327 ὧ
3032 1274 3235 1345 Πάτερ,
3275 1273 3411 1327 δέδιε
3436 1273 3493 1326 δὲ
3525 1273 3732 1326 καὶτὸν

2170 1361 2321 1432 παρά
2346 1363 2506 1430 φύσιν
2534 1363 2777 1427 θάνατον,
2813 1364 2948 1419 ἀλλά
2985 1365 3078 1418 καὶ
3126 1365 3225 1435 οὐχ
3274 1359 3384 1418 οἷόν
3433 1381 3551 1426 πως
3593 1359 3732 1417 εἶναι

2169 1449 2315 1506 δοκεῖ
2342 1455 2451 1516 τοῖς
2480 1453 2588 1506 τῶν
2627 1453 2895 1506 Ἰουδαίων
2931 1452 3384 1524 ἐμπαροινεϊσθαί
3415 1469 3482 1523 με
3540 1451 3734 1520 τολμή-

2174 1556 2306 1614 μασι
2329 1544 2418 1597 τὸν
2448 1542 2540 1597 σὸν
2570 1544 2822 1615 σύνεδρον
2863 1545 2958 1598 καὶ
2995 1545 3057 1598 τὸ
3096 1545 3237 1598 κατὰ
3280 1545 3496 1599 πάντων
3540 1543 3732 1613 ἔχοντα

2171 1637 2388 1706 κράτος.
2419 1635 2564 1707 Πλὴν
2584 1635 2813 1707 ἐπείπερ
2836 1637 3072 1707 ἀφῖγμαι
3096 1634 3234 1707 πρὸς
3278 1634 3458 1698 τοῦτο,
3511 1652 3530 1686 ι
3564 1633 3729 1700 Δόξα-

2174 1728 2265 1780 σόν
2302 1739 2394 1780 σου
2420 1727 2510 1781 τὸν
2537 1726 2687 1790 Υίὸν,
2724 1745 2743 1778 ι
2773 1727 2930 1780 τοῦτ’
2975 1726 3088 1780 ἐστι
3120 1726 3195 1797 μὴ
3219 1725 3555 1796 διακωλύσης
3587 1724 3733 1778 ίόντα

2166 1821 2301 1890 πρὸς
2331 1820 2558 1875 θάνατον
2587 1839 2600 1852 υ
2625 1819 3058 1889 ωγκατάνευσον
3086 1818 3165 1889 τῷ
3193 1817 3270 1890 σῷ
3313 1819 3608 1889 γεννήματι
3643 1817 3733 1871 διά

2164 1911 2224 1964 τὸ
2245 1915 2377 1965 πᾶσι
2414 1911 2706 1975 λυσιτελές.
2742 1906 2865 1965 Ὀτι
2886 1911 2944 1965 δὲ
2977 1910 3134 1977 δόξαν
3162 1911 3190 1964 ό
3228 1910 3616 1978 εὐαγγελιστὴς
3640 1909 3732 1962 καὶ

2166 2003 2392 2073 ἑτέρωθί
2436 2019 2538 2055 που
2571 2001 2662 2056 τὸν
2693 2001 2922 2078 σταυρὸν
2953 2001 3234 2069 ἀπεκάλει,
3284 2000 3502 2072 μαθήσῃ
3545 1999 3728 2067 λέγον-

2164 2111 2254 2156 τος
2282 2094 2445 2147 αὐτοῦ
2482 2105 2497 2123 ⁸
2537 2112 2556 2145 ι
2585 2093 2749 2148 Οὐπω
2769 2094 2875 2165 γάρ
2903 2089 2970 2166 ἦν
3009 2093 3234 2164 Πνεῦμα
3263 2092 3436 2160 ἅγιον,
3491 2093 3574 2145 ὅτι
3625 2093 3730 2161 Ἰην

2167 2185 2294 2252 σούς
2346 2186 2501 2242 οὔπω
2555 2187 2838 2258 ἐδοξάσθη.
2881 2207 2899 2239 ι
2934 2187 3128 2256 Σαφῶς
3169 2187 3279 2257 γὰρ
3311 2187 3369 2239 ἐν
3417 2185 3629 2247 τούτοις
3665 2181 3727 2235 τὸ

2166 2279 2562 2350 ἐσταυρῶσθαι,
2600 2279 2661 2333 τὸ
2682 2278 2941 2350 ἐδοξάσθη
2990 2279 3142 2349 φησί.
3168 2277 3306 2342 Δόξα
3334 2277 3390 2331 δὲ
3411 2279 3439 2331 ό
3477 2274 3725 2345 σταυρός.

2165 2371 2229 2424 Εἰ
2249 2371 2356 2443 γὰρ
2385 2371 2584 2442 καίπερ
2611 2373 2751 2426 κατὰ
2784 2369 2872 2424 τὸν
2902 2369 2997 2422 τοῦ
3053 2369 3256 2431 πάθους
3317 2367 3503 2436 καιρὸν
3559 2359 3731 2418 πολλὰ

2166 2461 2467 2533 ἐφύϐριστα
2497 2463 2785 2532 ὑπέμεινεν
2806 2459 3136 2528 ἀνεξικακῶν
3165 2459 3324 2523 ἑκὼν,
3364 2459 3488 2512 ἀλλ’
3545 2456 3606 2520 ἐξ
3655 2446 3730 2510 ὧν

2166 2553 2459 2622 δυνάμενος
2489 2550 2562 2623 μὴ
2595 2551 2806 2614 παθεῖν,
2837 2550 3044 2619 ὐπέστη
3097 2549 3175 2603 δι’
3223 2547 3369 2620 ἡμᾶς
3412 2547 3732 2610 ἐθελουσίως

2165 2641 2226 2696 τὸ
2250 2643 2440 2708 πάθος,
2471 2638 2570 2712 τῆς
2599 2637 2881 2713 ὑπεράγαν
2905 2642 3051 2695 ἐστὶν
3071 2640 3472 2708 εὐσπλαγχνίας
3500 2639 3592 2691 καὶ
3634 2637 3731 2706 τῆς

2166 2734 2427 2787 ἀνωτάτω
2462 2732 2640 2802 δόξης,
2671 2733 2734 2785 τὸ
2785 2731 2851 2784 δι’
2891 2728 3064 2785 ἄλλων
3109 2731 3378 2799 ὠφέλειαν
3437 2728 3731 2796 ὑποστῆναι

2165 2824 2340 2879 τοῦτο.
2371 2825 2564 2893 Γέγονε
2591 2823 2648 2876 δὲ
2679 2823 2771 2876 καὶ
2797 2823 2968 2894 ἐτέρῳ
2991 2823 3176 2893 τρόπῳ
3200 2825 3257 2876 ἐν
3284 2820 3496 2890 εὐδοξία
3520 2820 3549 2873 ό
3571 2817 3696 2880 Υἱός
3712 2831 3728 2846 ⁸

2164 2915 2230 2969 δι’
2259 2911 2334 2970 ὧν
2367 2917 2476 2986 γὰρ
2501 2915 2878 2987 κατεκράτησε
2918 2915 3009 2969 τοῦ
3041 2915 3294 2978 θανάτου,
3359 2914 3604 2982 ἔγνωμεν
3643 2910 3734 2963 αὐ-

2164 3006 2255 3060 τὸν
2283 3006 2410 3059 ὄντα
2434 3006 2577 3078 ζωήν
2605 3007 2699 3061 καὶ
2733 3007 2856 3060 Υίὸν
2885 3006 3018 3059 Θεού
3041 3005 3134 3060 τοῦ
3187 3005 3407 3070 ζῶντος.
3447 3001 3736 3066 Δοξάζεται

2091 3123 2134 3180 c
2165 3096 2223 3150 δὲ
2252 3099 2280 3150 ό
2307 3097 2515 3167 Πατὴρ,
2551 3097 2679 3151 ὃταν
2725 3096 2982 3166 φαίνηται
3026 3096 3266 3178 τοιούτον
3313 3096 3448 3166 ἔχων
3502 3093 3630 3146 Υἱὸν
3677 3091 3736 3156 ὸνξ

2165 3189 2359 3242 ἑαυτοῦ
2388 3189 2731 3260 γεννηθέντα,
2775 3189 2955 3253 ὁποῖός
2995 3190 3113 3242 ἐστι
3141 3190 3232 3242 καὶ
3266 3187 3446 3250 αὐτός.
3491 3186 3644 3238 Ἔστι
3679 3183 3735 3236 δ’

2165 3279 2387 3348 ἀγαθὸς,
2417 3281 2554 3350 φῶς,
2589 3281 2722 3352 ζωὴ,
2759 3283 2855 3335 καὶ
2901 3281 3131 3336 θανάτου
3175 3278 3455 3351 κρείττων,
3496 3277 3590 3330 καὶ
3637 3276 3738 3328 ὅσα

2167 3370 2330 3435 θέλει,
2361 3372 2550 3426 ποιῶν.
2596 3373 2762 3427 Ὅταν
2801 3371 2858 3427 δὲ
2916 3372 3086 3446 λέγῃο
3169 3392 3188 3424 ι
3237 3371 3466 3439 Δόξασόν
3510 3387 3604 3423 σου
3643 3367 3738 3420 τὸν

2165 3462 2315 3527 Υίὸν,
2351 3483 2371 3516 ι
2402 3463 2561 3517 τοῦτό
2587 3481 2718 3536 φησι
2748 3482 2762 3497 ο
2782 3463 3219 3533 Συγκατάνευσόν
3258 3481 3345 3534 μοι
3389 3460 3582 3514 παθεῖν
3624 3458 3737 3511 ἐθέ-

2166 3554 2331 3609 λοντι.
2362 3556 2435 3608 Οὐ
2465 3555 2574 3626 γὰρ
2599 3555 2910 3626 ἀϐουλήτως
2935 3556 3028 3609 τὸν
3072 3555 3200 3610 Υίὸν
3249 3558 3278 3609 ό
3318 3552 3505 3624 Πατὴρ
3534 3551 3736 3605 ἔδωκεν

2167 3648 2248 3710 είς
2281 3647 2527 3710 θάνατον,
2560 3639 2673 3701 ἀλλ’
2700 3647 2840 3700 ἑκὼν
2870 3647 3010 3719 ὑπὲρ
3034 3648 3133 3718 τῆς
3162 3645 3257 3700 τοῦ
3312 3646 3519 3715 κόσμου
3568 3643 3734 3712 ζωῆς.

2170 3732 2242 3790 Τὸ
2271 3731 2362 3790 οὖν
2380 3736 2705 3806 συνθελῆσαι
2739 3735 2829 3790 τὸν
2856 3736 3095 3808 Πατέρα,
3121 3736 3196 3800 ὡς
3239 3735 3383 3798 δόσις
3427 3734 3736 3802 ὠνόμασται

2167 3827 2300 3896 ἡμῖν
2331 3825 2568 3894 ἀγαθῶν.
2599 3827 2744 3878 Ἀντὶ
2765 3825 2873 3897 γὰρ
2900 3824 2994 3879 τοῦ
3017 3825 3233 3880 παθεῖν
3261 3825 3358 3894 τὴν
3381 3822 3569 3886 δόξαν
3592 3817 3732 3882 εἷπε,

2168 3917 2314 3984 λέγει
2339 3917 2396 3970 δὲ
2422 3916 2576 3970 τοῦτο
2604 3917 2697 3970 καὶ
2735 3917 2870 3988 πρὸς
2913 3915 3274 3988 ὑπογραμμὸν
3323 3914 3500 3985 ἡμῶν,
3534 3914 3615 3966 δτι
3655 3912 3738 3964 δεῖ

2174 4003 2272 4079 μὲν
2299 4006 2548 4078 εὔχεσθαι
2579 4008 2653 4078 μὴ
2687 4008 2946 4076 ἐμπεσεῖν
2977 4008 3058 4068 είς
3097 4001 3424 4076 πειρασμὸν,
3466 4001 3736 4074 ἐμπεσόν·

2169 4112 2265 4161 τας
2280 4099 2337 4152 δὲ
2365 4097 2625 4169 γενναίως
2645 4097 2849 4168 φέρειν,
2869 4097 2960 4151 καὶ
2983 4097 3057 4168 μὴ
3086 4097 3390 4168 ἀποπηδᾷν,
3418 4088 3739 4165 εὐχεσθαίτε

2172 4193 2252 4253 είς
2276 4189 2406 4242 Θεὸν
2435 4188 2693 4259 σωθῆναι.
2731 4187 2888 4241 Ἀλλὰ
2933 4207 2951 4240 ι
3000 4187 3229 4252 Δόξασόν
3261 4204 3352 4240 σου
3392 4187 3453 4239 τὸ
3487 4186 3676 4255 ὄνομα.
3713 4201 3734 4236 ο

2173 4283 2238 4337 Et
2265 4280 2371 4352 γὰρ
2385 4280 2473 4334 διὰ
2493 4280 2600 4334 τῶν
2621 4279 2874 4333 κινδύνων
2899 4279 3056 4351 ήμῶν
3092 4279 3380 4349 συμϐαίνει
3415 4275 3740 4342 δοξασθῆναι

2173 4374 2264 4427 τὸν
2298 4373 2451 4438 Θεὸν,
2481 4372 2655 4426 πάντα
2681 4371 2871 4425 τούτου
2894 4370 3137 4440 τετάχθω
3158 4367 3402 4440 δεύτερα.

507 4451 530 4484 ’1
567 4433 817 4539 Clari‘liea
859 4453 1058 4493 nomen
1103 4449 1276 4493 tuum.
1307 4461 1324 4492 ι
1385 4442 1441 4497 Si
1484 4447 1630 4499 enim
1683 4462 1779 4515 per
1821 4452 2064 4519 pericula
2105 4475 2292 4523 nostra
2323 4467 2598 4539 contingit
2628 4466 2798 4523 Deum
2829 4465 3121 4536 glorificari
3146 4504 3162 4530 ,
3203 4465 3387 4532 omnia
3461 4460 3591 4515 huic
3660 4457 3740 4514 rei

504 4524 960 4592 posthabeantur.

601 4615 928 4682 Enimvero,
987 4619 1444 4688 quemadmodum
1501 4639 1608 4680 non
1669 4627 1829 4683 aliter
1884 4647 2070 4704 mors,
2109 4645 2154 4701 ῐ)

505 4707 612 4764 nisi
665 4706 956 4764 Servatore
1006 4707 1244 4778 mortu'o,
1289 4712 1570 4770 destructa
1621 4717 1835 4786 fuisset,
1882 4725 1962 4779 sic
2004 4727 2072 4783 de

505 4805 836 4868 tinaquaque
864 4801 1047 4854 carnis
1069 4800 1354 4857 atl‘ectione
1374 4807 1711 4863 censendum
1737 4819 1838 4864 est.
1861 4812 2071 4886 Quippe

504 4890 612 4946 nisi
639 4891 931 4953 timuisset,
953 4893 1211 4949 immunis
1242 4894 1467 4951 timendi
1501 4907 1698 4954 natura
1722 4901 1867 4958 haud
1897 4908 2065 4962 exsti-

503 4982 660 5037 tisset
711 4999 724 5036 :
777 4981 884 5035 nisi
936 4983 1300 5039 contristatus
1356 4997 1521 5054 esset,
1569 5006 1840 5061 nusquam
1881 4997 2069 5050 eadem

502 5073 728 5129 tristitia
779 5083 833 5128 et
882 5075 1069 5130 dolore
1118 5078 1562 5134 caruissetznisi
1615 5085 1967 5151 perturbatus
2017 5095 2073 5142 et

506 5165 795 5233 perculsus
855 5164 1081 5232 fuisset,
1131 5183 1404 5238 nusquam
1477 5171 1672 5225 horum
1739 5177 2068 5232 vacuitatem

506 5267 665 5310 nacta
708 5257 866 5311 foret.
902 5257 967 5311 Et
1002 5258 1056 5313 in
1106 5275 1436 5339 unoquoque
1481 5277 1674 5316 eorum
1723 5257 1844 5335 qua!
1878 5267 2075 5322 huma-

460 5375 467 5396 ι
507 5347 660 5400 nitus
679 5347 834 5410 fiunt,
852 5351 1266 5405 convenientem
1298 5351 1566 5407 rationem
1591 5353 1645 5407 in
1669 5354 1891 5412 Christo
1919 5373 2077 5428 repe-

511 5439 641 5500 ries,
677 5447 1089 5510 eommotasque
1114 5443 1298 5498 carnis
1329 5444 1641 5513 passiones,
1679 5461 1788 5501 non
1815 5455 1872 5502 ut
1907 5448 2077 5504 vieto-

2250 4646 2457 4717 Ὠσπερ
2484 4646 2667 4716 μέντοι
2707 4646 2805 4701 οὐκ
2837 4645 3011 4709 ἄλλως
3053 4645 3081 4698 ό
3120 4640 3347 4706 θάνατος
3394 4640 3740 4712 κατηργήθηο

2179 4737 2253 4808 μὴ
2288 4737 2647 4800 ἀποθανόντος
2662 4736 2754 4790 τοῦ
2787 4736 3040 4807 Σωτῆρος
3071 4751 3084 4765 ·
3109 4733 3252 4789 οὕτω
3281 4733 3373 4787 καὶ
3397 4735 3482 4803 ἐφ’
3512 4733 3744 4787 ἑκάστου

2175 4828 2282 4882 τῶν
2327 4829 2424 4898 τῆς
2471 4829 2673 4899 σαρκὸς
2709 4827 2916 4881 παθῶν.
2947 4827 3009 4880 Εἰ
3064 4827 3138 4898 μὴ
3169 4826 3277 4898 γὰρ
3303 4826 3618 4886 ἐδειλίασεν,
3645 4825 3748 4878 οὐκ

2177 4919 2242 4974 ἂν
2279 4922 2334 4973 ἐν
2359 4919 2638 4990 ἐλευθερίᾳ
2659 4918 2753 4973 τοῦ
2779 4919 2977 4990 δειλιᾷν
3000 4920 3034 4990 ἡ
3071 4917 3229 4988 φύσις
3252 4919 3473 4987 γέγονεν
3498 4933 3511 4947 ·
3568 4919 3616 4970 εί
3670 4916 3746 4987 μὴ

2176 5010 2439 5081 ἐλυπήθη,
2465 5008 2564 5064 οὐκ
2591 5010 2656 5064 ἂν
2683 5009 2968 5080 ἀπηλλάγη
2998 5009 3091 5064 τοῦ
3111 5009 3396 5063 λυπεῖσθαί
3413 5025 3562 5062 ποτε·
3579 5010 3628 5061 εί
3671 5007 3748 5080 μὴ

2174 5100 2446 5172 ἐταράχθη
2469 5102 2560 5154 καὶ
2581 5099 2839 5173 ἐπτοήθη,
2863 5099 2962 5156 οὐκ
2984 5102 3048 5156 ἂν
3089 5101 3193 5167 ἔξω
3221 5103 3349 5156 ποτέ
3375 5101 3576 5156 τούτων
3622 5101 3758 5169 ἐγές

2177 5209 2318 5246 νετο.
2356 5192 2465 5246 Καὶ
2498 5192 2582 5262 ἐφ’
2621 5193 2836 5263 ἑκάστῳ
2879 5194 2988 5247 τῶν
3033 5193 3384 5264 ἀνθρωπίνως
3426 5193 3745 5261 γεγονότων,

2179 5282 2269 5336 τὸν
2297 5283 2459 5336 αὐτὸν
2496 5282 2873 5352 ἐφαρμόζοντα
2921 5283 3076 5350 λόγον
3109 5283 3360 5353 εὑρήσεις
3391 5283 3447 5334 ἐν
3486 5279 3707 5351 Χριστῷ
3730 5292 3744 5306 ο

2182 5371 2252 5425 τὰ
2271 5373 2369 5444 τῆς
2389 5372 2589 5442 σαρκὸς
2630 5371 2778 5441 πάθη
2827 5371 3176 5441 κεκινημένα,
3230 5371 3328 5439 οὐχ
3370 5371 3457 5445 ἵνα
3502 5369 3750 5438 κρατήσῃ

2185 5459 2373 5534 ῶσπερ
2405 5463 2498 5516 καὶ
2518 5466 2575 5516 ἐν
2598 5464 2749 5534 ήμῖν,
2772 5463 2886 5517 ἀλλ’
2917 5463 3005 5516 ἵνα
3025 5461 3311 5530 κινηθέντα
3337 5461 3651 5542 καταργηθῇ
3683 5460 3749 5526 τῇ

511 5532 650 5584 rium
685 5528 1018 5594 obtinerent,
1040 5531 1186 5586 velut
1207 5534 1262 5587 in
1287 5534 1470 5597 nobis,
1498 5535 1593 5589 sed
1621 5543 1678 5590 ut
1704 5546 1991 5593 commotae
2023 5539 2070 5593 vi

2187 5528 2412 5625 δυνάμει
2441 5554 2534 5608 τοῦ
2560 5528 2939 5624 ἔνδικήσαντος
2971 5557 3038 5624 τῇ
3073 5528 3236 5624 σαρκὶ
3268 5555 3460 5624 Λόγου,
3480 5528 3490 5532 -
3511 5528 3642 5624 πρὸς
3687 5551 3750 5604 τὸ

514 5611 677 5675 Verbi
705 5620 759 5674 in
795 5635 962 5676 carne
986 5623 1284 5682 habitantis
1316 5625 1645 5683 sedarentur
1676 5637 1728 5683 et
1761 5630 2082 5699 comprime-

511 5722 721 5776 reutur,
748 5712 1138 5769 transformata
1170 5715 1223 5771 in
1253 5716 1533 5773 meliorem
1567 5726 1770 5774 statum
1813 5730 2032 5776 natura.

586 5807 632 5837 ³³
656 5805 812 5861 .loan.
847 5821 917 5861 vn
937 5847 950 5873 ,
986 5807 1072 5863 ὅθ.

2189 5649 2404 5719 ἄμεινον
2429 5646 2891 5720 μεταποιουμένης
2920 5646 3017 5717 τῆς
3045 5645 3280 5714 φύσεως.
