4062 6208
1225 281 1244 312 \

277 386 353 444 93
1063 382 1132 439 IN
1169 381 1506 439 JOANNEM.
1545 411 1616 424 —
1656 377 1781 434 LIB.
1823 375 1910 431 VII
1955 375 2041 430 ET
2086 377 2194 431 VIII
2231 373 2672 432 FRAGMENTA.
3443 377 3513 439 οι

313 507 428 560 Ὀὐ
489 503 566 558 δι’
610 503 716 574 ἐμὲ
754 505 800 574 ,ἠ
843 502 1012 573 φωνὴ
1044 504 1195 572 αὕτη
1255 503 1521 574 γέγονεν,
1550 501 1710 556 ἀλλὰ
1754 499 1841 552 δι’

2017 496 2132 563 XII,
2164 497 2255 552 50.
2281 497 2402 553 Non
2428 507 2640 566 propter
2662 512 2743 551 me
2762 496 2873 551 hwc
2891 511 2988 551 vox
3015 497 3170 562 venit,
3190 500 3277 552 sed
3305 511 3516 570 propter

273 597 450 670 ὑμᾶς.
818 631 823 642 ι

357 685 778 756 Ἀντεφθέγγετο
804 686 1064 760 όΠατὴρ,
1096 687 1219 742 καθ’
1257 686 1318 740 ὃν
1355 681 1465 739 οἶδε
1482 684 1716 756 .τρόπον,
1772 680 1850 751 τῷ

277 775 394 846 ίδίῳ
423 778 558 848 Υίῷ,
586 781 667 842 είς
695 778 1001 848 φιλοτιμίαν
1037 777 1145 832 τῶν
1175 779 1538 849 ἀκροωμένων
1571 777 1669 846 τὴν
1716 776 1848 829 ἑαυ-

274 870 368 924 τοῦ
393 869 646 939 βούλησιν
689 869 957 940 φανερῶν,
997 869 1086 922 ἵνα
1137 868 1497 922 πιστεύσωσιν
1550 865 1852 936 ἀναμφιδό-

274 959 401 1021 λως,
426 960 510 1011 ὃτι
535 958 664 1020 Υἱός
692 957 806 1010 ὲστι
836 956 975 1011 κατὰ
997 949 1160 1026 φύσιν
1190 956 1285 1009 τοῦ
1312 956 1445 1008 Θεοῦ
1474 955 1567 1008 καὶ
1616 953 1846 1024 Πατρός.

273 1047 539 1119 Διηιτόρει
570 1048 626 1102 δὲ
648 1049 677 1100 6
700 1047 854 1117 δχλος
878 1049 959 1111 είς
977 1042 1264 1118 διαφόρους
1300 1047 1554 1108 ὑπονοίας
1599 1037 1850 1114 σχιζόμε-

270 1155 361 1202 νος
389 1137 684 1200 ἀσυνέτως.
723 1137 1214 1207 Ἔδειγάραὺτοὺς
1255 1137 1507 1206 ἐννοῆσαι
1557 1135 1638 1188 ὅτι
1669 1135 1698 1186 6
1740 1135 1853 1187 Πα-

270 1232 376 1300 τὴρ
402 1226 474 1301 ἦν
496 1232 525 1283 6
557 1229 1068 1299 ἀναφθεγξάμενος,
1100 1228 1236 1299 πρὸς
1275 1225 1335 1281 όν
1381 1228 1674 1294 ἐποιήσατο
1723 1223 1852 1289 τοὺς

272 1313 466 1388 λόγους
493 1322 522 1373 6
548 1319 694 1382 Υίός.
719 1313 792 1372 οὐ
814 1318 922 1388 γὰρ
948 1317 1172 1388 βροντὴν
1191 1319 1362 1390 ᾔτησε
1419 1318 1695 1388 γενέσθαι,
1722 1315 1846 1370 οὔτε

270 1413 503 1482 ἄγγελον
527 1412 774 1481 φωνῆσαι
799 1426 814 1440 ⁶
848 1411 999 1480 ὅμως
1031 1411 1108 1474 ὡς
1133 1410 1284 1474 Υἱὸς,
1320 1412 1484 1482 φησὶν
1515 1410 1597 1464 ὅτι
1627 1428 1646 1460 ι
1675 1409 1750 1461 Οὑ
1783 1407 1851 1460 δι’

271 1503 375 1572 ἐμὲ
405 1502 628 1570 γέγονεν
660 1502 692 1568 ἡ
721 1497 907 1570 φωνὴ,
940 1497 1076 1552 ἀλλὰ
1105 1499 1172 1552 δι’
1203 1494 1378 1569 ὑμᾶς·
1414 1515 1433 1550 ι
1477 1497 1592 1570 ᾔδει
1616 1488 1725 1566 γᾶρ
1755 1495 1850 1549 τοῦ

272 1591 523 1652 τεκόντος
545 1589 644 1658 τὴν
672 1587 924 1657 βούλησιν
950 1589 1056 1641 κᾶν
1078 1587 1252 1658 μηδὲν
1281 1588 1542 1659 ἐλαλήθη,
1566 1586 1751 1657 ἐπειδὴ
1783 1573 1854 1656 ἦν

272 1680 369 1733 καὶ
394 1679 507 1732 ἔστι
527 1678 622 1731 τοῦ
646 1677 860 1750 [ἰατρὸς
893 1675 1054 1746 σοφία
1096 1678 1190 1732 καὶ
1223 1677 1414 1746 Λόγος.
1461 1680 1538 1732 Δι’
1573 1678 1715 1748 ὑμᾶς
1735 1672 1849 1740 οὖν,

275 1768 428 1838 φησὶ,
456 1767 679 1834 γέγονεν
713 1768 746 1836 ἡ
777 1768 925 1836 φωνή
951 1783 966 1796 ·
1005 1766 1091 1819 ἵνα
1121 1759 1498 1837 παραδέχησθέ
1518 1777 1585 1837 με
1615 1766 1692 1830 ὡς
1722 1766 1853 1819 Υίὸν

1948 605 2056 642 υοε.

2020 678 2404 748 Respondebat
2454 670 2619 734 Pater
2650 680 2876 750 proprio
2904 678 3064 742 Filio,
3107 693 3174 733 eo
3227 694 3338 749 quo
3368 681 3520 734 novit

1949 771 2134 834 modo,
2165 785 2319 825 suam
2354 770 2694 824 voluntatem
2735 772 2952 840 planam
2981 770 3211 834 faciens,
3245 771 3310 824 ad
3336 771 3523 826 conci-

1950 859 2188 914 liandam
2208 859 2546 914 audientium
2569 860 2750 923 ﬁdem,
2771 869 2828 915 ut
2846 862 3134 916 crederent
3162 862 3282 917 sine
3311 863 3524 917 dubita-

1951 951 2094 1005 tione
2124 965 2247 1006 esse
2279 942 2476 1005 Filium
2508 951 2601 1006 Dei
2627 960 2680 1006 et
2703 947 2882 1008 Patris
2909 953 3212 1008 secundum
3247 962 3519 1009 naturam.

1950 1042 2276 1113 Ambigebat
2327 1051 2506 1096 autem
2547 1043 2839 1098 multitudo
2883 1045 2940 1099 in
2998 1045 3181 1102 varias
3233 1047 3523 1116 opiniones

1952 1135 2124 1190 scissa
2159 1134 2368 1203 absque
2400 1134 2612 1188 ratione
2642 1152 2656 1188 ε
2691 1135 2984 1204 oportebat
3025 1136 3169 1191 enim
3209 1137 3290 1190 eis
3337 1137 3525 1190 venire

1953 1227 2009 1280 in
2069 1233 2329 1287 mentem.
2381 1222 2598 1280 Patrem
2663 1241 2786 1282 esse
2847 1227 2938 1295 qui
3005 1225 3402 1295 responderat,
3456 1227 3522 1280 ad

1950 1327 2114 1385 quem
2163 1307 2334 1370 Filius
2381 1315 2546 1369 verba
2596 1313 2840 1370 fecisset.
2891 1313 3028 1368 Nam
3062 1327 3164 1369 nec
3212 1321 3270 1366 ut
3316 1312 3523 1367 tonitru

1957 1405 2132 1470 ﬁeret,
2160 1420 2260 1460 nec
2308 1412 2367 1458 ut
2417 1406 2646 1475 angelus
2689 1405 3026 1474 loqueretur,
3057 1405 3244 1474 petiit;
3271 1404 3407 1457 dicit
3437 1410 3526 1455 ta-

1953 1511 2076 1552 men
2129 1509 2188 1550 ut
2234 1495 2452 1550 Filius:
2484 1513 2503 1546 ι
2545 1493 2667 1549 Non
2723 1502 2949 1564 propter
2999 1509 3086 1548 me
3117 1495 3232 1548 hmc
3261 1509 3389 1555 vox,
3427 1494 3525 1547 sed

1953 1593 2178 1657 propter
2207 1595 2307 1640 vos
2344 1585 2487 1639 facta
2525 1595 2627 1640 est.
2673 1603 2694 1638 ι
2737 1585 2949 1655 Quippe
2973 1592 3201 1661 noverat
3239 1584 3524 1640 Genitoris

1955 1677 2312 1741 voluntatem,
2337 1676 2442 1731 etsi
2491 1675 2632 1730 nihil
2681 1676 2905 1731 locutus
2949 1683 3094 1731 esset
3132 1693 3146 1728 :
3178 1673 3526 1745 quandoqui-

1954 1768 2076 1824 dem
2104 1775 2301 1824 eratet
2339 1775 2424 1822 est
2451 1766 2631 1824 Patris
2671 1769 2943 1837 sapientia
2985 1783 3050 1824 ae
3081 1767 3346 1823 Verbum.
3388 1766 3524 1820 Pro-

273 1856 428 1920 Θεοῦ,
453 1857 512 1910 δν
539 1851 676 1909 οἶδεν
701 1856 829 1908 δντα
865 1855 1024 1924 φύσει
1052 1856 1228 1926 ἑαυτῷ
1259 1855 1387 1910 Υἰὸν
1409 1859 1438 1910 6
1459 1857 1668 1928 Πατήρ.
1687 1855 1849 1923 Λέγει

1955 1868 2071 1928 pter
2099 1873 2198 1914 vos
2227 1873 2381 1927 ergo,
2409 1859 2508 1925 ait,
2545 1859 2686 1914 facta
2717 1868 2804 1916 est
2833 1876 2962 1924 vox,
3013 1869 3071 1914 ut
3115 1860 3400 1930 accipiatis
3440 1873 3526 1914 me

276 1949 374 2020 μὲν
404 1943 498 2002 οὖν
520 1949 550 2000 6
574 1946 780 2017 Κύριος
801 1947 883 2000 ὅτι
908 1947 1134 2015 γέγονεν
1166 1949 1198 2019 η
1229 1947 1402 2017 φωνὴ,
1431 1949 1491 2000 οὐ
1525 1948 1632 2019 μὴν
1681 1955 1851 2018 προσ-

269 2040 484 2109 τίθησιν
523 2040 608 2092 ὅτι
649 2037 744 2092 τοῦ
775 2033 988 2108 Πατρδς
1007 2033 1096 2108 ἦν,
1117 2039 1151 2109 ἢ
1175 2037 1292 2101 πῶς
1311 2039 1534 2106 γέγονεν
1561 2056 1574 2070 ·
1605 2037 1850 2108 ἔστιγὰρ

273 2130 526 2202 περιττὸν
575 2129 754 2183 τοῦτο.
783 2129 929 2200 Πλὴν
965 2128 1396 2200 ὲπιμαρτύρεται
1428 2130 1510 2182 ὃτι
1546 2129 1641 2182 καὶ
1668 2127 1851 2198 φωνὴν

274 2221 606 2283 ἀκούσαντες
633 2220 692 2286 ἐξ
726 2219 980 2291 οὐρανοῦ,
1033 2219 1186 2273 οὐδὲν
1233 2215 1396 2291 ἦττον
1446 2220 1736 2291 ἐπέμειναν
1780 2220 1848 2290 τῇ

275 2309 483 2363 ἑαυτῶν
520 2308 830 2380 δυσσεϐείᾳ.

349 2486 487 2542 Νῦν
529 2487 727 2556 κρίσις
777 2485 908 2540 ἐστι
957 2483 1062 2540 τοῦ
1101 2477 1336 2555 κόσμου
1377 2481 1614 2551 τούτου,
1661 2486 1851 2540 καὶτὰ

277 2578 435 2648 ἑξῆς.

355 2670 470 2739 Τῆς
500 2667 593 2721 τοῦ
627 2659 872 2739 Σωτῆρος
921 2667 1217 2739 ἐπιδημίας
1245 2667 1274 2720 6
1315 2667 1639 2737 τριπόθητος
1669 2666 1852 2720 οὑτοσὶ

277 2761 496 2832 καιρὸς,
541 2760 822 2832 παροῦσαν
859 2761 960 2831 ἠδη
992 2762 1090 2832 τὴν
1118 2763 1210 2814 ἐπὶ
1247 2764 1358 2825 τοῖς
1379 2760 1551 2814 ἔθνεσι
1580 2760 1759 2831 κρίσιν
1791 2777 1850 2814 τε

279 2853 374 2905 καὶ
425 2852 582 2922 δίκην
625 2851 927 2905 ἐδείκνυενο
985 2851 1207 2922 ἔμελλον
1261 2852 1368 2920 γὰρ
1417 2852 1852 2905 ἀπαλλάττεσθαι

276 2946 376 3015 τῆς
431 2943 527 2998 τοῦ
589 2943 836 2996 διαϐόλου
897 2943 1240 3010 πλεονεξίας,
1286 2937 1621 3015 δικαιότητος
1670 2944 1853 3006 αὑτοῖς

282 3037 648 3107 ἀπονέμοντος
692 3036 839 3100 ἔλεος
867 3037 959 3090 τοῦ
993 3037 1142 3090 ὁσίου
1171 3048 1231 3091 τε
1263 3038 1357 3090 καὶ
1391 3037 1602 3090 δικαίου
1638 3034 1848 3107 κριτοῦ.

1951 1959 2212 2022 tanquam
2256 1949 2452 2005 Filium
2489 1948 2607 2015 Dei,
2641 1966 2808 2021 quem
2853 1951 2961 2005 scit
2989 1951 3153 2005 Pater
3189 1951 3294 2006 sibi
3331 1958 3526 2004 natura

1951 2049 2074 2093 esse
2120 2033 2338 2092 Filium.
2382 2036 2525 2091 Dicit
2558 2037 2781 2107 quidem
2840 2038 3110 2095 Dominus
3156 2039 3354 2093 factam
3397 2053 3527 2095 esse

1950 2144 2162 2196 vocem,
2196 2129 2290 2187 sed
2329 2143 2440 2202 non
2473 2131 2664 2201 adjicit
2713 2130 2894 2186 Patris
2939 2146 3082 2196 esse,
3119 2147 3217 2186 nec
3253 2132 3526 2200 quomodo

1952 2219 2096 2275 facta
2146 2221 2238 2287 sit,
2284 2223 2542 2291 quoniam
2589 2221 2641 2276 id
2683 2237 3176 2291 supervacaneum.
3215 2213 3374 2292 707
3413 2221 3522 2276 Sed

1951 2319 2006 2366 et
2035 2318 2374 2381 protestatur
2393 2313 2539 2383 quod
2564 2313 2754 2368 audita
2779 2313 2942 2368 etiam
2962 2329 2993 2368 e
3017 2314 3158 2367 cmlo
3179 2328 3310 2368 voce
3329 2313 3527 2367 nihiloé

1953 2405 2136 2459 secius
2170 2403 2224 2457 in
2253 2419 2352 2460 sua
2390 2405 2669 2474 impietate
2707 2405 3138 2474 permanserint.

2021 2493 2141 2560 XII,
2176 2495 2265 2549 3i.
2302 2493 2462 2547 Nunc
2494 2494 2761 2563 judicium
2791 2503 2868 2548 est
2898 2495 3103 2558 mundi,
3130 2500 3239 2548 etc.

2027 2669 2567 2727 Desideratissimum
2626 2672 2730 2726 hoc
2765 2672 3035 2728 adventus
3064 2671 3373 2726 Servatoris
3424 2685 3527 2725 no-

1954 2763 2059 2819 stri
2101 2767 2334 2832 tempus,
2377 2764 2490 2831 jam
2523 2763 2715 2818 adesse
2765 2762 3036 2831 judicium
3066 2773 3118 2818 et
3150 2763 3418 2830 justitiam
3471 2763 3524 2815 in

1955 2855 2212 2925 gentibus
2240 2854 2588 2919 ostendebat,
2620 2854 2824 2925 quippe
2876 2864 3004 2908 cum
3039 2870 3068 2908 a
3116 2854 3321 2909 diaboli
3366 2869 3529 2924 rapa-

1954 2945 2122 3002 citate
2145 2945 2484 3000 vindicandae
2520 2945 2720 3010 forent,
2753 2945 3032 3002 tribuente
3069 2946 3178 3000 illis
3215 2945 3530 3002 misericor-

1955 3037 2100 3092 diam
2137 3036 2314 3090 sancti
2345 3046 2400 3091 et
2421 3037 2557 3105 justi
2602 3036 2810 3104 judicis
2843 3037 3120 3107 acquitate.
3147 3036 3330 3106 Neque
3356 3037 3546 3101 enim,‘

280 3129 355 3184 οὐ
385 3130 495 3200 γὰρ
525 3129 711 3199 οἴομαι
755 3131 864 3184 δεῖν
893 3129 1102 3182 οἴεσθαι
1146 3129 1264 3183 νυνὶ
1294 3129 1714 3200 κατακρίνεσθαι
1756 3128 1850 3182 x6-

1957 3126 2172 3196 opinor,
2203 3126 2630 3180 existimandum
2685 3135 2770 3181 est
2808 3127 3337 3193 nunccondemnari
3372 3143 3529 3181 mun-

282 3222 551 3289 σμον,ὄτε
595 3220 691 3274 τοῦ
735 3221 945 3274 δικαίου
993 3222 1176 3292 παρῆν
1219 3223 1248 3275 6
1298 3213 1516 3293 καιρός·
1563 3221 1678 3273 ἀλλ’
1709 3220 1852 3274 οὕτω

1961 3220 2110 3282 dum,
2143 3233 2267 3272 cum
2322 3217 2549 3285 justitite
2582 3224 2799 3286 tempus
2839 3218 3017 3282 adest,
3055 3218 3150 3272 sed
3185 3217 3264 3270 sic
3305 3215 3525 3286 quidem

284 3313 401 3383 μὲν,
434 3312 624 3383 κόσμῳ
661 3312 841 3384 κρίσις
873 3313 1046 3377 ἔσται,
1085 3313 1228 3366 τοῦτ’
1269 3312 1415 3367 ἔστιν
1451 3313 1750 3385 ἐκδίκησις.
1791 3313 1852 3366 '0

278 3403 334 3456 δι
383 3403 569 3475 ἄρχων
618 3403 716 3457 τοῦ
778 3405 985 3474 κόσμου
1031 3405 1220 3459 τούτου
1280 3405 1679 3476 ἐκϐληθήσεται
1726 3405 1850 3472 ἔξω.

285 3489 502 3552 Ἔσται.
535 3494 689 3563 φησὶ,
719 3493 860 3546 κατὰ
886 3492 983 3546 τοῦ
1021 3493 1113 3547 τὸν
1151 3491 1354 3564 κόσμον
1381 3495 1702 3565 ἠδικηκότος
1734 3493 1856 3566 κρί-

285 3590 391 3648 σις,
427 3583 524 3636 καὶ
562 3582 685 3652 οὐχὶ
739 3583 883 3636 κατὰ
932 3581 1026 3635 τοῦ
1065 3583 1166 3653 τὴν
1215 3581 1431 3636 ἀδικίαν
1465 3584 1856 3653 ὑπομείναντος

282 3675 510 3744 κόσμου.
539 3676 652 3728 Καὶ.
682 3674 810 3745 γὰρ,
840 3666 916 3738 ὡς
955 3674 1116 3738 αὐτὸς
1144 3678 1172 3729 6
1199 3675 1433 3746 Χριστός
1464 3659 1650 3745 φησιν,
1687 3695 1705 3728 ι
1743 3676 1858 3728 οὐκ

280 3764 604 3820 ἀπέστειλεν
647 3769 677 3820 6
725 3767 853 3830 Θεὸς
906 3767 998 3820 τὸν
1043 3768 1170 3820 Υίὸν
1207 3767 1372 3821 αὑτοῦ
1431 3767 1519 3822 ἵνα
1554 3767 1734 3841 κρίνῃΔ
1767 3761 1857 3820 τδν

281 3856 511 3926 κόσμον,
556 3855 673 3910 ἀλλ’
727 3856 814 3910 ἵνα
857 3855 1006 3927 σώσῃ
1040 3850 1133 3910 τὸν
1165 3856 1389 3926 κόσμον.
1423 3877 1442 3909 ι
1487 3837 1650 3928 Ὄρος
1677 3837 1858 3912 τοίνυν

281 3947 384 4016 τῆς
405 3945 717 4015 ἐνεστώσης
739 3945 890 3999 ἔσται
916 3946 1170 4016 κρίσεως,
1195 3945 1254 3999 τὸ
1281 3946 1607 4017 ἐκϐληθῆναι
1635 3947 1741 4012 ἕξω
1766 3949 1859 4002 τὸν

281 4037 521 4106 ἄρχοντα
560 4034 653 4088 τοῦ
686 4035 890 4106 κόσμου
935 4036 1146 4092 τούτου.
1189 4037 1544 4109 Ἐκδληθῆναι
1573 4039 1630 4092 δὲ
1658 4040 1854 4104 πόθενς

280 4122 318 4197 ἦ
344 4126 594 4196 δηλονότι
637 4127 734 4196 τῆς
775 4129 842 4180 ὲκ
885 4127 1004 4197 βίας
1044 4127 1194 4199 αὑτῷ
1240 4130 1648 4202 πεπορισμένης
1683 4133 1858 4205 ἀρχῆς

285 4219 380 4272 καὶ
399 4218 504 4288 τῆς
535 4219 834 4287 οὐδαμόθεν
863 4220 1248 4291 προσηκούσης
1281 4219 1575 4291 βασιλείας.

352 4310 530 4379 Κάγὼ
560 4310 670 4364 ἐὰν
694 4310 912 4380 ὑψωθῶ
934 4311 1002 4366 ἐκ
1040 4311 1152 4380 τῆς
1187 4311 1322 4384 γῆς,
1345 4311 1586 4368 ἑλκύσω
1628 4314 1861 4382 πάντας

287 4397 438 4466 πρὸς
463 4398 748 4466 ἐμαυτόν.

1959 3309 2164 3366 mundo
2202 3309 2308 3364 erit
2345 3307 2638 3376 judicium,
2683 3323 2878 3377 nempe
2915 3308 3242 3362 vindicatio.
3267 3307 3528 3377 Princeps

1956 3411 2087 3455 Vero
2117 3398 2281 3468 hujus
2315 3397 2504 3452 mundi
2531 3397 2781 3467 ejicietur
2816 3405 2992 3454 extra.
3041 3397 3180 3464 Erit,
3212 3398 3408 3468 inquit,
3437 3398 3528 3467 ju-

1957 3492 2160 3547 dicium
2187 3489 2453 3546 adversus
2475 3504 2599 3544 eum
2631 3489 2727 3558 qui
2763 3489 3028 3544 mundum
3056 3488 3298 3550 violavit,
3329 3498 3383 3543 et
3415 3503 3526 3542 non

1956 3582 2224 3637 adversus
2250 3581 2538 3644 mundum,
2563 3579 2657 3649 qui
2691 3579 2949 3649 injuriam
2973 3585 3028 3634 et
3053 3580 3380 3649 injustitiam‘
3407 3595 3530 3648 per-

1957 3673 2102 3728 tulit.
2151 3672 2391 3740 Etenim,
2443 3683 2504 3728 ut
2549 3673 2668 3744 ipse
2720 3673 2975 3730 Christus
3027 3675 3121 3737 ait,
3159 3693 3178 3725 ι
3211 3672 3328 3728 Νοη
3379 3673 3528 3728 misit

1958 3757 2102 3820 Deus
2128 3761 2324 3818 Filium
2375 3779 2561 3829 suum,
2587 3774 2646 3819 ut
2679 3764 2946 3820 mundum
2986 3765 3286 3834 judicaret,
3332 3765 3426 3820 sed
3469 3775 3529 3819 ut

1959 3855 2219 3910 mundum
2284 3863 2531 3911 servaret
2563 3855 2629 3910 ".
2670 3873 2690 3908 ›
2735 3856 3029 3912 Terminus
3089 3871 3220 3926 ergo
3273 3855 3528 3910 instantis

1953 3947 2148 4018 judicii
2204 3948 2335 4011 erit,
2390 3955 2449 4002 ut
2508 3947 2768 4017 ejiciatur
2839 3949 2988 4003 foras
3054 3949 3310 4020 princeps
3365 3947 3529 4016 hujus

1962 4039 2171 4094 mundi.
2198 4039 2355 4095 Unde
2397 4049 2531 4095 Vero
2575 4039 2867 4110 ejiciatur?
2911 4056 3106 4113 nempe
3139 4057 3171 4097 c
3218 4041 3527 4112 principatu

1962 4147 2058 4202 per
2087 4132 2195 4186 vim
2232 4143 2410 4202 parto,
2448 4141 2505 4188 et
2551 4149 2582 4188 e
2629 4149 2797 4204 regno
2829 4135 2982 4190 nullo
3017 4134 3181 4190 modo
3230 4135 3296 4190 ad
3349 4135 3527 4205 ipsum

1958 4226 2286 4294 pertinente.

2031 4310 2142 4380 XII,
2175 4317 2264 4371 5'2.
2295 4315 2360 4368 Et
2385 4332 2477 4386 ego
2510 4319 2557 4371 si
2583 4317 2852 4371 exaltant:
2887 4287 3041 4384 fuero
3065 4333 3092 4371 e
3118 4325 3281 4384 terra,
3319 4315 3529 4372 traham

1959 4420 2134 4460 omnes
2162 4405 2230 4459 ad
2262 4422 2364 4459 me.

357 4490 622 4543 Τουτέστι
647 4489 753 4561 (I),
788 4491 863 4561 μὴ
894 4491 958 4563 δὴ
991 4491 1242 4564 κωλύσῃς
1271 4493 1414 4548 ίόντα
1442 4493 1579 4565 πρὸς
1604 4493 1853 4559 θάνατον,

2031 4497 2174 4552 Cave
2201 4512 2269 4552 ne
2298 4512 2385 4552 me
2421 4498 2717 4567 prohibeas
2757 4498 2822 4553 ad
2851 4505 3082 4554 mortem
3121 4497 3382 4564 tendere;
3420 4496 3525 4550 imc

287 4577 423 4631 ἀλλά
466 4580 902 4646 συγκατάνευσον
955 4581 1045 4636 διὰ
1085 4583 1146 4636 τὸ
1185 4584 1317 4637 πᾶσι
1369 4585 1666 4649 λυσιτελές.
1721 4585 1860 4652 Δόξα

288 4669 395 4735 γὰρ
424 4668 662 4738 Χριστοῦ
709 4672 738 4723 ὁ
783 4671 1034 4742 σταυρός.
1081 4673 1371 4738 Δοξὰζεται
1417 4676 1474 4728 δὲ
1517 4679 1610 4730 καὶ
1647 4679 1857 4749 Πατὴρ,

287 4759 423 4810 ὅταν
462 4759 716 4829 φαίνηται
757 4762 1000 4816 τοιοῦτον
1036 4763 1174 4834 ἔχων
1218 4765 1310 4819 τὸν
1337 4765 1395 4833 ἐξ
1421 4769 1616 4821 ἑαυτοῦ
1643 4770 1858 4824 ὁποῖόσ-

288 4865 401 4919 περ
421 4849 682 4921 ὑπάρχειν
709 4851 872 4916 αὑτὺς
899 4854 1223 4909 ὑπονοεῖται.
1253 4857 1409 4911 Ἐστι
1439 4859 1496 4912 δὲ
1531 4859 1733 4928 ἀγαθὸς
1765 4863 1859 4915 καὶ

286 4941 691 5013 φιλάνθρωπος,
720 4942 856 5013 φῶς,
892 4946 986 4999 καὶ
1017 4946 1151 5017 ζωὴ,
1177 4949 1271 5003 καὶ
1297 4950 1502 5022 φθορᾶς
1528 4952 1785 5024 ἀμείνωνι

357 5115 597 5185 Χριστοῦ
639 5115 823 5186 μέντοι
861 5117 1148 5182 δεδωκότος
1181 5117 1370 5173 ἑαυτὸν
1396 5120 1476 5191 τῷ
1509 5124 1682 5195 Πατρὶ
1718 5119 1858 5198 ὑπὲρ

283 5205 388 5275 τῆς
438 5206 596 5276 ἡμῶν
650 5209 922 5278 σωτηρίας
972 5208 1048 5273 ὡς
1089 5211 1316 5282 ἄμωμον
1352 5214 1575 5284 ἱερεῖον,
1621 5218 1712 5270 καὶ
1763 5220 1862 5284 τὰς

286 5297 432 5368 ὑπὲρ
466 5297 625 5367 ἡμῶν
658 5301 939 5371 μονονουχὶ
967 5301 1122 5365 δίκας
1153 5303 1444 5368 τιννύντος,
1477 5306 1862 5382 ἐλυτρώθημεν

281 5387 397 5442 τῶν
426 5390 526 5458 τῆς
556 5391 828 5462 ἁμαρτίας
865 5394 1244 5465 ἐγκλημάτων.
1277 5397 1386 5450 Καὶ
1410 5398 1474 5468 δὴ
1502 5400 1590 5453 ὅτε
1616 5403 1644 5454 6
1669 5402 1771 5474 θὴρ
1797 5407 1861 5459 ὲκ

287 5479 463 5550 μέσου
487 5481 698 5548 γέγονε,
741 5485 836 5537 καὶ
872 5484 1148 5556 καθῃρέθη
1193 5489 1221 5540 6
1264 5487 1544 5558 τύραννος,
1589 5493 1710 5547 τότε
1739 5497 1859 5564 ἄγει

365 5615 414 5650 ’δ
454 5615 613 5674 Joan.
648 5635 762 5684 xu,
801 5620 890 5674 47.

1963 4591 2147 4661 potius
2195 4590 2484 4655 assentire,
2527 4599 2753 4660 propter
2802 4591 3167 4644 universalem
3213 4589 3527 4644 utilitatem".

1965 4683 2173 4738 Etenim
2213 4681 2386 4751 gloria
2417 4680 2620 4736 Christi
2665 4696 2800 4736 crux
2839 4689 2947 4736 est.
2989 4681 3343 4736 Glorificatur
3377 4689 3532 4749 atque

1966 4772 2160 4836 Pater,
2206 4787 2334 4825 cum
2395 4771 2557 4826 talem
2629 4771 2828 4826 habere
2887 4769 3084 4823 Filium
3147 4769 3528 4839 cognoscitur,

1964 4862 2143 4933 qualis
2185 4861 2416 4932 ipsemet
2443 4876 2567 4916 esse
2596 4861 2860 4915 creditur.
2892 4859 2986 4914 Est
3026 4867 3209 4914 autem
3246 4860 3443 4922 bonus,
3477 4862 3534 4911 et

1963 4953 2246 5008 hominum
2287 4961 2520 5017 amator,
2553 4953 2821 5017 lux,vita,
2846 4959 2900 5007 et
2933 4951 3178 5022 cujusvis
3211 4949 3533 5018 corruptela!

1967 5044 2249 5099 immunis.

2036 5135 2171 5190 Cum
2226 5135 2390 5206 igitur
2431 5133 2688 5190 Christus
2739 5133 2978 5204 seipsum
3010 5131 3160 5188 Patri
3198 5141 3296 5201 pro
3342 5136 3533 5185 nostra

1935 5229 2205 5283 omnium
2255 5227 2432 5282 salute
2481 5227 2695 5282 dederit
2719 5227 2870 5282 velut
2926 5225 3336 5279 immaculatam
3379 5213 3534 5278 victis

1964 5335 2131 5386 mam,
2155 5334 2220 5373 ac
2252 5334 2351 5389 pro
2385 5319 2544 5374 nobis
2571 5333 2761 5389 patrias
2789 5317 3183 5389 propemodum
3212 5315 3534 5379 exsolverit,

1963 5425 1993 5464 a
2026 5410 2233 5481 peccati
2280 5409 2510 5465 crimine
2545 5410 2765 5466 liberati
2798 5422 3014 5465 sumus.
3053 5405 3116 5460 Et
3157 5407 3375 5477 quidem
3406 5415 3531 5458 cum

1961 5504 2076 5558 fera
2116 5501 2183 5557 de
2221 5501 2398 5557 medio
2429 5501 2646 5559 sublata
2681 5509 2785 5569 est,
2817 5515 2880 5557 ac
2925 5499 3209 5558 confectus
3238 5508 3530 5570 tyrannus.

366 5748 446 5815 (ι)
479 5753 754 5807 Υουτέστι
783 5801 791 5813 .
819 5799 831 5813 .
862 5795 875 5812 .
903 5796 915 5812 .
941 5759 1214 5826 ἀμείνων.
1247 5756 1318 5811 Ex
1343 5765 1531 5814 catena
1557 5759 1832 5831 Vaticana,

1955 5809 1966 5823 .
2007 5769 2122 5832 156.
2152 5784 2236 5830 an.
2265 5769 2365 5824 Mai
2399 5771 2434 5824 ι.
2467 5773 2498 5825 l.

819 6020 852 6052 Ι
