4062 6208
513 353 580 408 95
1331 375 1338 394 -
1495 359 1554 416 s.
1590 359 1874 416 unum
1898 353 2366 413 ALEXANDBINI
2405 333 2726 410 ARCHIEP.
3677 345 3745 403 96

512 476 643 523 tunc
669 471 734 525 ad
765 473 1006 544 seipsqu
1043 473 1262 528 adducit
1288 473 1542 530 Christus
1584 473 1868 531 hominum
1899 492 2060 547 genus

2175 472 2309 544 πρὸς
2341 471 2532 525 ἑαυτὸν
2565 472 2593 522 ὁ
2645 465 2881 538 Χριστὸς
2909 463 2972 517 τὸ
3020 461 3404 536 ἀποπλανηθὲν
3441 462 3630 528 γένος,
3681 464 3744 518 οὐ

510 560 656 627 quod
698 561 1065 628 deerraverat,
1095 579 1204 618 non
1238 565 1413 619 solum
1449 566 1691 631 Judteos,
1713 568 1808 623 sed
1847 576 1902 622 et
1949 569 2074 622 uni-

513 663 700 706 versos
739 655 994 709 mortales
1032 654 1098 708 ad
1131 655 1361 710 salutem
1407 671 1500 726 per
1529 656 1688 712 ﬁdem
1720 659 1778 712 in
1827 673 1952 714 eum
1977 662 2088 714 vo-’

511 755 668 796 cans.
699 732 960 800 Partialis
998 747 1142 800 enim
1175 762 1272 816 per
1305 747 1476 816 legem
1511 749 1745 815 vocatio,
1775 757 1830 802 at
1862 750 2074 804 univer-

511 832 645 886 salis
688 849 782 902 per
813 835 1092 892 Christum
1121 853 1134 888 :
1163 838 1366 908 quippe
1417 840 1568 895 solus
1593 841 1848 897 Christus
1895 845 2074 911 potest

513 931 768 992 tanquam
814 924 956 980 Deus
994 928 1158 984 nobis
1191 929 1334 983 bona
1374 931 1560 984 omnia
1609 931 1927 987 conciliare.
1961 923 2088 985 Eu?

512 1013 739 1080 phemiae
768 1031 895 1070 vero
935 1032 1101 1072 causa
1139 1033 1237 1088 pro
1265 1021 1575 1089 cruciﬁxum
1603 1037 1747 1088 esse,
1776 1023 2071 1076 exaltatum

510 1118 632 1157 esse
664 1105 819 1159 dixit.
845 1106 978 1162 Nam
1010 1108 1208 1164 caedem
1241 1112 1578 1179 spirantibus
1605 1127 1670 1166 ac
1703 1113 2070 1183 sanguinariis

509 1197 782 1264 occultum
826 1213 950 1254 esse
979 1200 1196 1255 volebat
1231 1204 1572 1278 mysterium,
1596 1204 1742 1273 quod
1779 1205 1924 1258 scire
1961 1220 2070 1260 non

508 1288 895 1342 merebantur:
923 1292 1160 1347 cordatis
1197 1307 1325 1347 vero
1357 1301 1410 1348 et
1445 1295 1734 1363 sagacibus
1763 1292 2070 1365 intelligen-

505 1377 633 1430 dum
661 1381 1022 1450 relinquebat,
1043 1399 1101 1438 se
1131 1394 1350 1452 propter
1375 1400 1587 1452 omnes,
1611 1396 1661 1441 et
1686 1402 1788 1456 pro
1815 1387 2068 1443 omnibus

505 1484 818 1536 passurum.
857 1474 1078 1542 Alioqui
1118 1474 1282 1528 etiam
1314 1475 1585 1544 quispiam
1641 1477 1834 1531 merito
1866 1477 2069 1533 dixerit

505 1562 882 1616 celsitudinem
914 1579 1038 1620 esse
1071 1566 1137 1620 de
1186 1567 1358 1636 gloria
1406 1575 1460 1621 et
1515 1567 1724 1622 honore
1765 1576 2066 1638 acceptam,

504 1659 734 1705 mortem
768 1655 970 1707 crucis.
999 1653 1230 1722 Propter
1253 1639 1355 1708 hoc
1381 1655 1534 1709 enim.
1557 1656 1894 1725 gloriﬁcatur
1915 1657 2068 1710 Chri-

503 1750 646 1803 stus,
681 1741 866 1795 multis
895 1742 1058 1812 708
1102 1743 1426 1796 humanitati
1473 1759 1564 1812 per
1616 1745 1668 1798 id
1710 1746 1872 1800 bonis
1914 1761 2065 1800 com-

2178 564 2336 634 μόνον
2371 561 2679 622 Ἰουδαίους,
2713 557 2849 611 ἀλλά
2876 556 2970 609 καὶ
2999 555 3208 616 πάντας
3245 551 3565 623 ἀνθρώπους
3609 553 3745 624 πρὸς

2176 651 2448 721 σωτηρίαν
2480 649 2660 702 καλῶν
2690 645 2777 700 διὰ
2800 645 2899 714 τῆς
2936 644 3016 706 είς
3041 643 3204 696 αὐτὸν
3237 642 3492 704 πίστεως.
3527 642 3744 712 Μερικὴ

2172 740 2282 810 γὰρ
2307 741 2341 810 ἡ
2369 739 2454 791 διά
2488 737 2582 790 τοῦ
2629 736 2795 805 νόμου
2842 733 3053 802 κλῆσις,
3091 731 3282 802 γενικὴ
3325 731 3383 783 δὲ
3414 733 3446 801 ἡ
3484 729 3574 784 διὰ.
3611 733 3747 800 Χρι-

2173 832 2332 885 στοῦ·
2383 831 2545 901 μόνος
2593 828 2701 898 γὰρ
2730 828 2760 880 δ
2813 824 3046 896 Χριστὸς
3095 823 3322 886 δυνατὸς
3365 819 3434 894 ἦν
3491 822 3566 886 ὼς
3609 822 3744 887 Θεὸς

2171 922 2348 976 πάντα
2399 923 2530 992 ἡμῖν
2585 917 2918 990 πρήενῆσαι
2971 916 3041 969 τά
3107 914 3312 983 ἀγαθά.
3362 915 3638 984 Εὑφήμως
3684 914 3742 968 δὲ

2170 1011 2309 1076 λίαν,
2353 1011 2476 1064 ἀντὶ
2507 1007 2602 1062 τοῦ
2657 1004 3075 1075 σταυρωθῆναι
3112 1005 3173 1058 τὸ
3215 1003 3533 1073 ὑψωθῆναι
3585 1020 3738 1073 φησι.

2171 1102 2295 1163 Τοῖς
2328 1101 2426 1170 μὲν
2451 1098 2559 1169 γὰρ
2594 1097 2832 1166 φονῶσιν
2875 1094 3198 1166 ἀσυμφανὲς
3233 1095 3420 1164 ἐτήρει
3444 1093 3504 1146 τὸ
3537 1094 3739 1164 μυστή-

2175 1209 2286 1260 ριον
2305 1207 2318 1220 ο
2341 1191 2401 1242 οὐ
2429 1186 2702 1261 γάρ⁹ἧσαν
2732 1187 2869 1253 ἄξιοι
2899 1186 3122 1257 μαθεῖν’
3151 1187 3265 1247 τοῖς
3285 1201 3346 1252 γε
3374 1185 3479 1254 μὴν
3499 1199 3743 1253 νουνεχε-

2173 1282 2381 1351 στέροις
2409 1281 2580 1349 ἐφῆκε
2608 1279 2750 1332 νοεῖν
2773 1280 2854 1332 ὅτι
2884 1278 2971 1330 διὰ
3003 1277 3214 1339 πάντας
3241 1275 3334 1328 καὶ
3361 1275 3500 1346 ὑπὲρ
3523 1274 3742 1330 πάντων

2170 1368 2440 1423 πείσεται.
2470 1367 2608 1420 Ἀλλ’
2647 1365 2787 1420 ὥστε
2815 1367 2949 1436 φαίη
2979 1383 3062 1428 τις
3096 1365 3182 1428 ἂν,
3211 1360 3386 1434 οἶμαι,
3407 1363 3502 1416 καὶ
3531 1365 3739 1435 σφόδρα

2168 1459 2366 1525 καλῶς,
2399 1459 2530 1528 ὕψος
2557 1441 2702 1514 ,εἶναι
2722 1459 2783 1511 τὸ
2811 1459 2904 1510 ἐπὶ
2934 1457 3154 1526 εὐκλείᾳ⁴
3192 1457 3286 1509 καὶ
3327 1455 3452 1526 δόξῃ
3502 1456 3729 1525 νοούμε-

2168 1567 2278 1619 νον,
2301 1551 2392 1604 τὸν
2429 1552 2523 1603 ἐπὶ
2559 1549 2637 1620 τῷ
2661 1549 2882 1618 σταυρῷ
2915 1547 3166 1601 θάνατον.
3188 1545 3478 1610 Δοξάζεται
3505 1547 3615 1614 γὰρ
3647 1547 3741 1599 καὶ

2166 1641 2252 1695 διὰ
2280 1641 2435 1695 τοῦτο
2455 1641 2714 1712 Χριστὸς,
2750 1639 2923 1694 πολλά
2944 1642 3009 1709 τῇ
3045 1636 3421 1706 ἀνθρωπότητι
3441 1635 3528 1689 διὰ
3547 1635 3738 1688 τούτου

2169 1731 2504 1804 προξενήσας
2535 1732 2605 1786 τὰ
2653 1731 2855 1800 ἀγαθὰ,
2904 1730 2970 1783 δι’
3013 1725 3088 1782 ῶν
3139 1727 3286 1780 ἕλκει
3331 1726 3468 1798 πρὸς
3518 1728 3734 1780 ἑαυτόν·

501 1829 727 1896 paratis,
748 1845 842 1898 per
861 1806 988 1899 qua;
1007 1806 1072 1884 ad
1103 1831 1344 1900 seipsum
1372 1806 1559 1894 trahit.
1582 1841 1635 1888 et
1669 1850 1777 1888 non
1805 1837 2060 1904 quemad-

2167 1823 2259 1875 καὶ
2284 1823 2344 1874 οὐ
2397 1806 2650 1892 καθάπερ
2693 1822 2743 1873 oi
2787 1819 3062 1890 μαθηταὶ,
3103 1817 3272 1888 ἑτέρῳ
3311 1816 3597 1887 προσάγει.
3622 1817 3740 1869 Δεί-

501 1919 719 1972 modum
767 1921 1045 1992 discipuli,
1087 1923 1155 1976 ad
1205 1925 1374 1978 alium
1422 1925 1593 1980 ducit.
1633 1925 1772 1996 Ergo
1822 1929 2063 1998 seipsum

500 2025 646 2063 nunc
695 2027 819 2066 vere
871 2023 1066 2068 natura
1117 2030 1238 2069 esse
1270 2014 1438 2069 Deum
1473 2019 1734 2081 ostendit,
1767 2035 1835 2072 ne
1883 2027 2062 2076 tamen

502 2097 714 2155 Patrem
747 2104 1012 2157 excludit.
1040 2105 1171 2157 Nam
1199 2120 1294 2174 per
1330 2103 1526 2161 Filium
1561 2108 1629 2162 ad
1659 2108 1839 2165 Patris
1869 2113 2063 2181 cogni-

476 2191 697 2267 ⁹ιίοιιειη
732 2195 854 2260 quis
893 2196 1148 2250 trahitur.

566 2280 678 2345 XII,
712 2284 798 2336 53.
836 2285 949 2339 Hoc
1001 2305 1120 2343 vero
1158 2290 1385 2358 dicebat,
1419 2291 1723 2361 signiﬁcans
1755 2310 1859 2363 qua
1895 2308 2067 2350 morte

495 2382 628 2424 esset
658 2375 970 2430 moriturus.

569 2461 671 2515 Per
696 2463 810 2517 haec
857 2467 1099 2521 ostendit
1137 2470 1469 2540 evangelista
1516 2471 1801 2526 Dominum
1837 2489 2060 2542 passum

494 2566 620 2606 esse
665 2569 771 2606 non
813 2571 877 2609 ex
921 2556 1222 2627 improviso
1268 2568 1322 2614 ει
1371 2561 1767 2631 inexspectato,
1804 2565 1896 2618 sed
1936 2581 2064 2633 pru-

495 2642 712 2696 dentem
774 2655 829 2700 et
893 2649 1181 2713 scientem,
1234 2651 1639 2721 volentemque,
1696 2669 1797 2708 nec
1849 2664 2060 2708 tantum

495 2750 726 2799 gnarum
768 2752 828 2792 se
886 2742 1238 2808 moritur-um,
1299 2745 1392 2798 sed
1453 2761 1563 2813 quo
1619 2746 1782 2798 etiam
1841 2749 2056 2802 modo:

496 2838 724 2878 mortem
773 2843 904 2881 vero
935 2833 1229 2899 appellavit
1261 2849 1381 2902 quae
1405 2841 1488 2888 est
1518 2844 1862 2888 sanctorum.

569 2915 680 2979 XII,
711 2918 799 2972 55.
834 2919 1018 2974 Adhuc
1053 2924 1242 2994 exiguo
1301 2935 1525 2991 tempore
1572 2925 1745 2979 lumen
1796 2926 2060 2982 vobiscum

491 3016 588 3061 est.

567 3097 822 3154 Christus
852 3117 960 3156 non
992 3105 1217 3182 exponit
1247 3105 1484 3162 dilucide
1513 3106 1716 3163 Iudaeis
1749 3111 1914 3162 altmn
1949 3125 2058 3163 ser-

494 3191 672 3244 monis
718 3194 1058 3262 mysterium.
1089 3205 1276 3265 utpote
1323 3198 1560 3267 stupidis
1615 3200 2055 3270 inﬁdelibusque,

494 3281 589 3335 sed
628 3281 692 3335 ad
722 3283 868 3336 aliud
916 3285 1114 3339 transit
1141 3287 1324 3341 statim
1359 3289 1504 3356 quod
1537 3305 1566 3344 e
1589 3305 1648 3344 re
1671 3291 1916 3359 ipsorum
1951 3301 2055 3358 est,

493 3373 780 3429 declarans
809 3383 862 3428 et
897 3377 1149 3444 aperiens
1179 3392 1399 3433 causam
1437 3383 1791 3449 quamobrem
1824 3399 1889 3437 ea
1937 3401 2059 3453 qua:

495 3462 799 3532 Scripturis
843 3468 1204 3520 continentur
1250 3469 1393 3522 haud
1445 3474 1768 3542 percipiant,
1797 3475 1934 3529 adeo
1975 3488 2054 3541 ut,

493 3555 597 3607 nisi
623 3555 671 3608 ei
703 3555 1061 3618 crediderint,
1089 3558 1180 3626 qui
1228 3561 1453 3614 omnino
1488 3563 1576 3615 lux
1612 3572 1718 3626 est,
1746 3574 1865 3618 atra
1903 3569 2056 3635 igno-

493 3646 687 3699 rentia;
750 3646 893 3699 nube
949 3649 1409 3721 tenebrarumque
1456 3655 1691 3724 caligine
1747 3658 2055 3714 involvendi

492 3735 624 3796 sint,
672 3751 883 3791 necnon
932 3739 1070 3793 lucis
1111 3740 1270 3798 bonis
1332 3759 1396 3798 ac
1452 3747 1754 3802 commodis
1795 3752 2053 3804 exuendi.

492 3825 643 3890 Quod
673 3827 819 3881 enim
844 3828 1040 3882 attinet
1071 3829 1137 3883 ad
1165 3830 1528 3900 Scripturam,
1553 3841 1814 3904 tanquam
1848 3839 2054 3904 lumen,

491 3916 744 3970 Messiam
803 3919 1225 3994 exspectabant.
1271 3920 1567 3991 Postquam
1622 3935 1803 3980 autem
1872 3930 2054 3994 venit,

495 4023 618 4076 spes
642 4009 722 4061 eis
756 4010 809 4063 in
844 4012 1185 4065 contrarium
1222 4014 1421 4068 cecidit
1449 4034 1462 4068 :
1487 4027 1882 4085 oppresserant
1909 4022 2055 4075 enim

489 4114 586 4153 eos
610 4101 846 4155 tenebrae
872 4101 944 4156 ob
979 4103 1384 4162 inﬁdelitatem.
1421 4105 1752 4178 Resipiscite
1784 4127 1932 4182 ergo,
1959 4116 2054 4180 ait,

491 4194 920 4263 quamprimum,
947 4197 1120 4253 donec
1147 4199 1325 4254 adhuc
1349 4203 1770 4268 superestvobis
1801 4206 2055 4275 exiguum

493 4283 621 4352 quid
674 4289 936 4354 temporis
988 4289 1054 4343 ad
1093 4290 1340 4344 divinum
1399 4294 1584 4348 lumen
1645 4293 1955 4361 fruendum,
1989 4313 2057 4353 ne

491 4388 584 4427 vas
615 4379 823 4443 peccati
875 4378 1098 4448 obtegat
1134 4380 1333 4449 caligo.
1375 4382 1541 4436 Recte
1573 4399 1702 4438 vero
1749 4385 1884 4441 dicit
1930 4396 2056 4456 post

2169 1927 2325 1966 κνυσι
2371 1913 2466 1965 νῦν
2501 1913 2691 1966 ἑαυτὸν
2719 1913 2847 1965 δντα
2886 1910 3044 1980 φύσει
3081 1909 3242 1976 Θεὸν,
3277 1909 3377 1962 οὐκ
3411 1906 3516 1972 ἔξω
3569 1907 3738 1971 τιθεὶς

2165 2001 2257 2054 τὸν
2285 2002 2522 2073 Πατέρα.
2565 2002 2664 2056 Διὰ
2708 2003 2815 2074 γὰρ
2843 2001 2938 2055 τοῦ
2974 1998 3107 2055 Υίοῦ
3150 1997 3364 2052 ἕλκεται
3403 2014 3488 2061 τις
3522 1998 3604 2061 είς
3636 1997 3758 2066 τὴν

2165 2092 2261 2148 τοῦ
2289 2093 2501 2165 Πατρὸς
2536 2091 2762 2162 γνῶσιν.
3709 2119 3716 2125 ·

2239 2312 2419 2366 Τοῦτο
2438 2311 2506 2365 δὲ
2543 2311 2737 2379 ἔλεγε,
2771 2310 3086 2378 σημαίνων
3124 2309 3275 2374 ποίῳ
3303 2307 3530 2371 θανάτῳ
3553 2307 3729 2377 ἔμελ-

2161 2405 2276 2456 λεν
2300 2403 2732 2470 ἀποθνήσκειν.

2234 2495 2333 2546 Διά
2363 2495 2518 2547 τοῦτο
2547 2494 2746 2557 ἔδειξεν
2771 2496 2799 2545 ὁ
2835 2491 3244 2563 εύαγγελιστὴς.
3273 2492 3352 2544 ὅτι
3380 2491 3480 2543 οὐκ
3516 2489 3727 2558 ἀγνοῶν

2162 2587 2362 2640 ἔπαθεν
2387 2588 2414 2639 ό
2451 2586 2674 2656 Κύριος,
2706 2585 2818 2638 ἀλλ’
2862 2583 3001 2638 ἑκὼν
3045 2584 3140 2637 καὶ
3169 2583 3328 2646 εἰδὼς
3365 2585 3425 2636 οὐ
3459 2583 3615 2652 μόνον
3645 2584 3724 2634 ὅτι

2163 2678 2524 2749 ἀπέθνησκεν,
2580 2678 2713 2731 ἀλλά
2755 2681 2848 2733 καὶ
2886 2676 3022 2747 ποίῳ
3068 2677 3286 2747 τρόπῳ·
3331 2675 3422 2729 τὸν
3466 2676 3633 2744 ἁγίων
3667 2674 3722 2726 δὲ

2161 2769 2411 2840 ὠνόμασε
2445 2768 2697 2823 Θάνατον.
2713 2843 2720 2850 ι
2770 2761 2774 2765 ’

2232 2946 2355 2998 Ἔτι
2386 2946 2601 3016 μικρὸν
2625 2947 2850 3016 χρόνον
2876 2943 2942 2998 τὸ
2972 2942 3097 3012 φῶς
3119 2943 3250 3013 μεθ’
3276 2943 3442 3013 ὑμῶν
3465 2943 3614 2998 ἐστι.

2243 3103 2329 3166 Ὠς
2356 3103 2635 3166 ἀσυνέτοις
2659 3101 2754 3154 καὶ
2785 3102 3036 3164 ἀπίστοις
3060 3103 3172 3164 τοῖς
3213 3100 3504 3163 Ἰουδαίοις,
3539 3101 3599 3152 οὐ
3626 3117 3722 3151 κα-

2158 3193 2373 3261 ταλέγει
2394 3192 2580 3262 σαφῶς
2609 3194 2638 3245 ὁ
2669 3193 2901 3264 Χριστὸς
2937 3194 2996 3247 τὸ
3027 3193 3161 3264 βαθὺ
3189 3193 3283 3245 τοῦ
3317 3191 3478 3257 λόγου
3520 3191 3722 3260 μυστή-

2160 3302 2294 3356 ριον,
2327 3284 2462 3338 ἀλλά
2495 3284 2630 3354 πρὸς
2654 3285 2842 3353 ἕτερον
2875 3285 3038 3354 πηδᾷ,
3065 3283 3199 3353 ὁμοῦ
3228 3283 3322 3335 καὶ
3351 3282 3412 3334 τὸ
3444 3281 3721 3350 ὲπωφελὲς

2157 3377 2338 3439 αὐτοῖς
2373 3375 2740 3446 ἐξηγούμενος
2773 3377 2868 3430 καὶ
2893 3376 3105 3437 δεικνὺς
3141 3374 3240 3444 τὴν
3265 3373 3441 3428 αἰτίαν
3467 3373 3532 3426 δι’
3561 3373 3628 3442 ἢν
3657 3373 3721 3425 οὐ

2157 3465 2337 3518 νοοῦσι
2365 3467 2433 3519 τά
2459 3467 2516 3519 ὲν
2536 3469 2655 3530 ταῖς
2676 3466 2940 3537 Γραφαῖς,
2963 3466 3055 3519 καὶ
3083 3467 3163 3518 δτι
3191 3465 3239 3517 εί
3270 3465 3343 3534 μὴ
3371 3462 3720 3516 πιστεύσειαν

2157 3555 2306 3626 αύτῷ
2333 3557 2469 3624 φωτὶ
2498 3556 2632 3621 δντι,
2681 3555 2937 3619 ὁλοτελῶς
2964 3556 3159 3618 αὐτοὺς
3204 3555 3265 3608 τὸ
3309 3553 3405 3625 τῆς
3445 3553 3720 3621 ἀγνωσίας

2157 3628 2521 3716 καταλήψεται
2555 3648 2764 3712 σκότος,
2793 3648 2887 3700 καὶ
2915 3646 3022 3700 τῶν
3056 3646 3122 3700 ὲκ
3149 3645 3242 3698 τοῦ
3291 3645 3468 3715 φωτὸς
3497 3643 3719 3711 ἀγαθῶν

2157 3737 2600 3808 στερηθήσονται.
2626 3739 2788 3791 Ὅσον
2820 3738 2928 3809 γὰρ
2965 3737 3074 3791 ἀπὸ
3102 3738 3202 3807 τῆς
3228 3736 3470 3806 Γραφῆς,
3503 3733 3577 3797 ὡς
3603 3733 3717 3803 φῶς

2158 3828 2498 3897 προσεδόκων
2517 3830 2610 3882 τὸν
2629 3830 2895 3883 Μεσσίαν.
2925 3828 3142 3898 Ἐπειδὴ
3165 3827 3222 3880 δὲ
3245 3822 3426 3897 ἦλθεν,
3456 3827 3535 3887 είς
3559 3825 3712 3876 100v-

2156 3921 2334 3974 αντίον
2377 3921 2559 3984 αὐτοῖς
2579 3923 2756 3993 ἀπέϐη
2776 3923 2843 3975 τὰ
2865 3923 2965 3990 τῆς
2983 3921 3196 3982 ἐλπίδος
3216 3937 3229 3951 ο
3261 3918 3450 3981 σκότος
3481 3917 3590 3986 γὰρ
3619 3916 3716 3970 αὑ-

2138 4005 2281 4075 ’τοὺς
2298 4013 2566 4067 κατέλαϐε
2578 4014 2664 4068 διὰ
2678 4014 2774 4084 τὴν
2792 4013 3067 4066 ἀπιστίαν.
3085 4010 3414 4081 Ἀνανήψατε
3433 4005 3546 4073 οὖν,
3560 4025 3630 4078 φη
3639 4007 3714 4073 cl,

2155 4103 2386 4173 ταχέως,
2439 4104 2544 4167 ἕως
2575 4105 2700 4172 ὑμῖν
2743 4103 2919 4166 ἔξεστι
2969 4101 3164 4172 μικρόν
3207 4117 3260 4154 τι
3293 4099 3395 4169 τῆς
3429 4099 3523 4152 τοῦ
3569 4098 3714 4151 θείου

2157 4193 2331 4262 φωτὸς
2361 4193 2533 4262 αὐγῆς
2573 4195 2882 4262 μετασχεῖν,
2919 4191 3008 4246 ἴνα
3039 4191 3112 4261 μὴ
3142 4191 3287 4260 ὑμᾶς
3313 4190 3413 4259 τῆς
3447 4187 3720 4260 ἁμαρτίας

2157 4284 2437 4358 καταλάϐῃ
2485 4283 2694 4349 σκότος.
2723 4284 2917 4347 Καλῶς
2958 4284 3015 4337 δὲ
3047 4279 3168 4336 εἷπε
3201 4282 3338 4352 μετά
3363 4281 3425 4333 τδ
3465 4280 3580 4349 φῶς
3619 4279 3718 4350 τὴν

2158 4379 2404 4433 σκοτίαν·
2446 4379 2568 4432 κατ’
2615 4380 2758 4449 ἴχνος
2789 4377 2896 4448 γάρ
2942 4376 3041 4445 τῆς
3078 4373 3173 4427 τοῦ
3216 4374 3392 4442 φωτὸς
3430 4373 3717 4442 ἀναχωρή-

494 4467 665 4517 lucem
704 4467 957 4520 tenebras
991 4483 1004 4520 :
1039 4470 1304 4537 evestigio
1343 4472 1486 4523 enim
1557 4487 1775 4529 recessu
1824 4479 2047 4536 luminis

2160 4485 2293 4534 σεως
2319 4470 2518 4540 βαδίξει
2555 4470 2616 4522 τὸ
2655 4469 2864 4532 σκότος.
2900 4465 3084 4520 Εἰπὼν
3106 4464 3164 4518 δὲ
3203 4465 3298 4516 σὺν
3321 4463 3399 4534 τῷ
3439 4463 3624 4534 ἀρθρῳ
3651 4461 3719 4514 τὸ
3755 4466 3766 4468 ἡ

489 4555 796 4609 succedunt
868 4558 1128 4612 tenebrae.
1193 4557 1392 4614 Dicens
1447 4577 1578 4617 vero
1639 4579 1760 4619 cum
1819 4571 2051 4626 articulo

491 4646 684 4705 lumen,
716 4644 962 4715 seipsum
990 4647 1270 4714 indicavit,
1302 4651 1563 4720 quoniam
1598 4653 1716 4723 ipse
1750 4657 1905 4714 solus
1927 4675 2052 4716 vere

489 4744 574 4788 est
607 4735 720 4787 lux.

561 4822 673 4890 XII,
703 4825 794 4880 40.
836 4825 1140 4882 Excmcavit
1171 4830 1332 4896 enim,
1363 4833 1464 4901 ait,
1492 4851 1674 4889 eorum
1709 4837 1908 4893 oculos.

561 4980 848 5038 Enimvero
880 5000 985 5039 non
1015 4994 1076 5040 ut
1107 4988 1472 5057 implerentur
1513 4993 1773 5046 vaticinia
1813 4995 2051 5065 proiihe-

488 5079 666 5126 tarum
693 5071 863 5128 Judaei
894 5074 1184 5130 Dominum
1212 5079 1534 5133 occiderunt
1561 5081 1686 5151 (hoc
1714 5083 1859 5136 enim
1890 5085 2053 5139 modo

488 5163 641 5230 impii
672 5180 781 5219 non
824 5165 1107 5237 fuissent),
1135 5169 1228 5224 sed
1273 5185 1334 5224 ex
1369 5173 1589 5240 proprio
1614 5174 1818 5228 scelere
1842 5189 1908 5229 ac
1935 5191 2051 5229 ma-

490 5251 624 5304 litia.
650 5253 764 5309 Etsi
797 5259 942 5312 enim
974 5261 1342 5330 praadixerant
1369 5263 1646 5333 propheta:
1676 5279 1798 5334 quae
1829 5266 2052 5321 omnin

489 5351 751 5398 eventura
781 5356 959 5414 erant,
985 5362 1038 5405 et
1075 5352 1341 5408 nefarium
1376 5367 1441 5407 ac
1469 5362 1831 5423 spontaneum
1864 5370 2052 5410 eorum

491 5435 786 5492 consilium
836 5451 1118 5508 secutura,
1160 5444 1286 5500 ideo
1352 5445 1750 5516 prmdixerunt,
1791 5453 1848 5499 ut
1915 5446 2054 5501 resi-

495 5525 768 5595 piscentes
798 5527 1005 5585 diaboli
1046 5531 1226 5588 fossas
1270 5536 1632 5597 transilirent,
1665 5550 1788 5588 cum
1824 5550 2051 5603 prorsus

494 5621 547 5670 in
608 5625 875 5688 potestate
931 5631 1075 5678 esset
1129 5624 1462 5681 audientium
1507 5640 1835 5697 praecavere.
1871 5625 2052 5691 Quare

495 5713 805 5768 necessaria
860 5714 1160 5786 pratdictio.
1204 5715 1416 5775 Rursus
1471 5718 1701 5775 alterius
1735 5717 2050 5790 quaestionis

2151 4562 2295 4631 φῶς,
2334 4562 2524 4615 ἑαυτὸν
2551 4561 2838 4632 ἐδήλωσεν,
2889 4561 2968 4614 ὅτι
3017 4559 3180 4624 αὑτός
3223 4560 3340 4612 ἐστι
3375 4557 3532 4628 μόνος
3574 4555 3717 4609 κατά

2152 4651 2408 4723 ἀλήθειαν
2436 4652 2496 4705 τὸ
2525 4649 2660 4720 φῶς.

2125 4835 2132 4845 ι
2223 4805 2571 4874 Τετύφλωκε
2615 4807 2757 4874 γὰρ,
2817 4803 3009 4874 φησιν,
3054 4800 3253 4854 αὐτῶν
3307 4799 3447 4865 τοὺς
3491 4798 3716 4867 ὀφθαλ-

2147 4915 2299 4967 μους

2223 4989 2334 5058 Οὐχ
2361 4989 2448 5042 ἴνα
2473 4987 2651 5040 τοίνυν
2677 4981 3006 5054 πληρώσωσι
3031 4980 3131 5043 τὰς
3160 4979 3494 5050 προφητείας
3517 4980 3565 5031 oi
3595 4980 3718 5032 Ἰου-

2150 5079 2286 5133 δαῖοι
2313 5080 2607 5148 ἐφόνευσαν
2635 5078 2726 5131 τὸν
2751 5076 2954 5147 Κύριον
2972 5091 2986 5106 ·
3014 5075 3047 5146 ἢ
3075 5075 3182 5143 γάρ
3203 5073 3269 5128 ἂν
3295 5073 3418 5126 οὔτε
3437 5073 3718 5137 δυσσεϐεῖς

2152 5165 2312 5241 ἦσαν⁹
2332 5170 2466 5224 ἀλλά
2490 5170 2776 5222 διὀίκείαν
2801 5168 3107 5221 κακόνοιαν.
3124 5167 3187 5219 El
3204 5166 3310 5236 γὰρ
3341 5165 3434 5230 καὶ
3460 5167 3720 5234 προεῖπον

2151 5263 2199 5315 οἱ
2227 5262 2498 5331 προφῆται
2542 5260 2610 5314 τά
2652 5259 2738 5313 διὰ
2778 5258 2874 5329 τὴν
2910 5257 3156 5312 ἑκούσιον
3184 5256 3363 5310 αὐτῶν
3399 5255 3719 5308 δυσϐουλίαν

2152 5353 2364 5414 πάντως
2395 5351 2645 5420 ἐσόμενα,
2675 5350 2764 5404 διὰ
2803 5348 2963 5402 τοῦτο
3003 5351 3282 5420 προεῖπον,
3318 5347 3404 5399 ἵνα
3438 5347 3488 5398 οἱ
3519 5347 3718 5416 νήφον-

2152 5463 2241 5508 τες
2277 5445 2650 5517 διαπηδήσωσι
2694 5447 2819 5509 τοὺς
2862 5445 2959 5499 τοῦ
3005 5442 3252 5497 διαϐόλου
3293 5440 3554 5512 βόθρους·
3599 5439 3719 5504 ἐξὸν

2151 5535 2260 5605 γὰρ
2288 5539 2505 5598 πάντως
2537 5538 2649 5598 τοῖς
2696 5535 2951 5589 ἀκούουσι
2987 5534 3082 5586 καὶ
3120 5531 3479 5601 φυλάξασθαι.
3509 5530 3600 5583 Διὸ
3626 5530 3720 5583 καὶ

2151 5627 2419 5694 ἀναγκαία
2465 5627 2497 5696 ἡ
2553 5627 2876 5698 πρόρρησις.
2939 5624 3109 5678 Πάλιν
3162 5623 3349 5694 ἐτέρου
3407 5622 3717 5692 ζητήματος

2153 5717 2331 5781 λύσις⁸
2363 5719 2442 5773 ὅτι
2481 5718 2576 5790 οὐχ
2616 5719 2644 5772 ὁ
2685 5717 2814 5781 Θεὸς
2855 5715 3129 5786 ἐτύφλωσε
3159 5714 3284 5778 τοὺς
3327 5712 3645 5776 Ἰουδαίους·
3680 5706 3717 5779 ἦ
