4062 6208
280 295 346 357 97
1063 297 1133 354 ΙΝ
1169 253 1507 356 JOANNEM.
1541 327 1609 340 -
1649 294 1776 351 LIB.
1822 293 1907 347 VII
1950 292 2036 350 ET
2083 294 2191 350 VIII
2231 293 2672 352 FRAGMENTA.
3454 299 3526 357 98

281 413 390 483 γὰρ
416 410 482 464 ἂν
509 407 632 463 οὔτε
673 409 868 482 ἀπῄτει
890 409 1086 474 αὐτοὺς
1118 413 1370 477 εὐθύνας,
1403 413 1538 465 ὅπου
1569 427 1630 478 γε
1658 409 1752 462 καὶ
1779 406 1842 460 τὰ

1951 407 2151 463 solutio
2185 424 2196 459 :
2228 409 2373 479 quod
2427 409 2570 466 Deus
2618 424 2726 464 non
2781 411 3077 466 excaecavit
3120 412 3364 483 Iudaeos,
3425 434 3526 474 nec

283 503 509 556 ἑκούσια
563 506 838 574 συγχωρεῖ
894 504 1231 574 πταίσματα.
1278 502 1339 557 '0
1394 504 1451 557 δὲ
1494 502 1616 564 νοῦς
1665 500 1854 561 οὕτως.

293 597 382 660 Ὠς
417 595 526 665 γὰρ
547 595 654 648 ἀπὸ
691 595 828 649 Θεοῦ
858 595 1156 666 λαληθέντα
1181 595 1250 648 τὰ
1292 597 1512 666 ῥήματα
1549 593 1577 644 6
1634 590 1858 652 Ἡσαΐας

279 687 567 758 προφέρει.
609 688 734 740 Ἐὰν
767 687 1013 758 γένωμαι
1046 686 1332 757 ἄνθρωπος
1363 686 1457 739 καὶ
1498 683 1671 752 οἰκείᾳ
1707 683 1855 751 φωνῇ

284 781 642 851 ἐξηγήσωμαι
677 778 805 849 ὑμῖν
838 778 908 832 τὰ
958 778 1248 848 λυσιτελῆ,
1293 776 1414 829 οὐδὲ
1473 774 1645 836 οὕτως
1693 770 1858 825 ἁκού-

199 917 216 925 -
285 871 406 924 σετέ
476 887 598 941 μου,
649 868 836 940 ὥσπερ
888 869 1011 924 οὑδὲ
1044 868 1152 922 τῶν
1199 865 1516 938 προφητῶν
1557 864 1682 918 οὐδὲ
1731 863 1856 915 ὅταν

285 961 429 1031 ῐδητε
474 961 543 1013 τὰ
586 956 729 1031 ὑπὲρ
761 959 921 1027 λόγον
971 962 1210 1029 σημεῖα,
1261 957 1412 1010 ούδὲν
1473 958 1538 1008 ἐκ
1577 953 1673 1007 τοῦ
1728 953 1857 1006 ἰδεῖν

281 1051 726 1122 ὠφεληθήσεσθε.
775 1052 884 1104 Καὶ
918 1049 1077 1103 τοῦτο
1120 1048 1273 1118 δηλοῖ
1307 1048 1388 1110 τὸ,
1446 1065 1464 1097 ι
1508 1047 1586 1098 Ὀὐ
1637 1045 1712 1116 μὴ
1745 1044 1858 1115 ῐδη-

279 1161 361 1196 τε.
397 1163 417 1194 ι
479 1144 555 1196 Οὺ
604 1143 712 1213 γὰρ
752 1137 905 1194 εἶπεν
937 1141 1018 1194 ὅτι
1058 1140 1314 1209 Πωρὼσω
1355 1137 1532 1192 αὐτῶν
1585 1137 1682 1201 τὰς
1725 1155 1858 1207 καρτ

279 1234 418 1297 δίας,
471 1234 565 1287 καὶ
617 1231 884 1302 τυφλώσω
927 1233 1053 1294 τοὺς
1100 1229 1442 1300 ὀφθαλμοὺς,
1478 1229 1592 1282 ἀλλ’
1620 1231 1699 1283 ὅτι
1735 1228 1856 1282 Κᾶν

280 1324 577 1394 ἀκούσητε,
599 1323 658 1374 οῦ
694 1323 769 1394 μὴ
804 1321 1105 1392 ἀκούσητε·
1139 1321 1239 1374 κᾶν
1281 1319 1450 1389 ἴδητε,
1485 1321 1544 1373 οὐ
1575 1322 1648 1390 μὴ
1685 1320 1854 1389 ἴδητε,

280 1419 368 1470 ἶνα
405 1416 480 1485 μὴ
536 1412 972 1484 ἐπιστραφέντας
1027 1413 1284 1481 ἰάσωμαι.
1336 1412 1399 1464 Εἰ
1451 1410 1558 1481 γάρ
1616 1412 1855 1481 ἥκουσαν

280 1509 376 1562 καὶ
417 1505 554 1560 εἶδον
593 1506 763 1578 ὅνπερ
812 1503 982 1574 ἐχρῆν
1022 1503 1256 1573 τρόπον,
1315 1501 1503 1572 ἔτυχον
1536 1501 1602 1555 ἂν
1639 1504 1856 1566 πάντως

280 1599 566 1668 ὠφελείας.
600 1595 808 1650 Οὐκοῦν
837 1596 897 1648 οὐ
939 1595 1208 1665 τιμωρίας
1256 1595 1559 1661 ἀναγκαίας
1606 1595 1718 1664 ἔχει
1756 1594 1853 1664 δή-

279 1691 441 1744 λωσιν
475 1692 502 1741 6
538 1687 717 1754 λόγος,
740 1685 861 1738 οὐδὲ
894 1685 1017 1753 ὅρον
1048 1683 1501 1747 καταδικάζοντος
1548 1683 1643 1736 καὶ
1682 1700 1851 1736 κατα-

1959 499 2106 553 enim
2137 514 2328 569 poenas
2363 502 2432 555 ab
2477 503 2558 558 eis
2601 501 2968 570 rcpetivissct,
3002 505 3224 573 quando
3252 515 3305 560 et
3338 509 3528 564 volun-

1962 591 2134 646 tarios
2205 593 2483 647 condonat
2536 592 2812 648 interdum
2856 593 3064 664 lapsus.
3109 596 3272 666 709
3323 597 3529 655 Sensus

1959 695 2090 735 vero
2136 681 2453 751 hujusmodi
2515 690 2621 738 est.
2666 682 2800 738 Nam
2853 685 3002 739 velut
3049 701 3080 739 a
3147 685 3256 740 Deo
3292 689 3528 756 'prolata

1960 774 2125 828 verba
2156 772 2328 829 Isaias
2353 775 2596 844 profert:
2628 777 2682 832 Si
2715 778 2879 832 homo
2913 778 3090 832 factus
3120 777 3296 842 fuero,
3323 789 3375 832 et
3403 795 3530 847 pro—

1921 864 2077 948 .pria
2111 880 2246 920 voce
2286 867 2443 920 utilia
2484 868 2642 923 vobis
2685 883 3016 938 exposuero,
3057 884 3127 923 ne
3173 869 3253 923 sic
3304 870 3525 938 quidem

1959 970 2045 1010 me
2104 956 2360 1024 audietis,
2417 960 2882 1027 quemadmodum
2936 976 3115 1030 neque
3172 962 3524 1030 prophetas:

1933 1039 2137 1116 ‘neque
2166 1062 2289 1102 cum
2336 1049 2588 1106 videritis
2618 1043 2781 1122 signa
2813 1067 2980 1123 supra
3023 1053 3321 1108 humanam
3355 1054 3528 1108 ratio-

1957 1151 2108 1200 nem,
2133 1140 2432 1208 quidquam
2465 1142 2621 1196 vobis
2646 1142 2854 1198 vidisse
2888 1145 3174 1212 profuerit.
3212 1144 3278 1198 Et
3305 1145 3410 1198 hoc
3440 1146 3528 1211 in;-

1955 1225 2101 1279 dicat
2145 1227 2302 1293 illud,
2346 1247 2364 1280 ι
2409 1245 2519 1284 non
2559 1231 2833 1286 videritis.
2878 1250 2897 1283 ι
2942 1230 3130 1302 Neque
3173 1234 3315 1287 enim
3365 1233 3525 1298 dixit,

1954 1311 2233 1370 Indurabo
2269 1333 2462 1372 eorum
2511 1319 2702 1380 corda,
2743 1327 2798 1373 et
2850 1321 3140 1374 excmcabo
3187 1321 3400 1384 oculos,
3431 1321 3526 1375 sed

1955 1406 2390 1474 quia,Quamvis
2438 1409 2750 1474 audieritis,
2788 1411 3161 1480 nequidquam
3213 1412 3525 1476 audieritis,

1954 1509 2008 1554 et
2055 1501 2310 1570 quamvis
2362 1502 2636 1562 videritis,
2680 1517 2790 1556 non
2827 1502 3097 1566 videritis,
3146 1519 3214 1557 ne
3271 1505 3526 1560 conversi

1953 1592 2256 1646 remedium
2311 1607 2340 1646 a
2387 1608 2473 1648 me
2527 1593 2835 1663 accipiatis.
2888 1594 2946 1649 Si
2977 1595 3123 1650 enim
3161 1595 3442 1650 audissent
3471 1605 3527 1652 et

1956 1683 2304 1753 aspexissent
2352 1699 2463 1754 quo
2515 1684 2698 1740 decuit
2738 1685 2924 1752 modo,
2966 1687 3193 1740 omnino
3229 1689 3524 1742 utilitatem

279 1781 656 1852 ψηφιζομένου
707 1776 817 1830 τῶν
875 1777 1163 1839 Ἰουδαίων,
1212 1774 1349 1827 ἀλλὰ
1399 1775 1506 1828 τῶν
1559 1775 1842 1846 χρησίμων

1954 1775 2355 1844 percepissent.
2395 1774 2566 1844 Igitur
2617 1790 2726 1830 non
2769 1775 3221 1846 significationem
3265 1793 3526 1832 necessa-

280 1874 398 1926 ἐστὶ
437 1867 892 1940 προαγγελτικός.
923 1866 1076 1938 ᾝδει
1116 1865 1222 1943 γὰρ
1257 1867 1401 1918 ποῖοι
1441 1864 1663 1935 ἔμελλον
1701 1865 1848 1934 γίνε-

279 1961 424 2024 σθαι,
473 1961 566 2012 καὶ
599 1958 919 2028 ἀπεφήνατο
947 1955 1074 2027 περὶ⁴
1115 1955 1328 2008 αὐτῶν·
1375 1956 1514 2026 πλὴν
1543 1956 1664 2009 οὐδὲ
1707 1957 1848 2010 κατὰ

279 2052 500 2107 πάντων
534 2052 705 2121 χωρεῖ
741 2052 768 2102 6
803 2049 984 2117 λόγος,
1032 2048 1170 2101 ἀλλὰ
1205 2047 1347 2100 κατὰ
1387 2048 1564 2118 μόνων
1594 2047 1701 2103 τῶν
1721 2049 1848 2102 ἀπί-

279 2163 439 2210 στων,
475 2144 663 2196 πολλοὶ
705 2142 816 2213 γὰρ
866 2140 1300 2194 πεπιστεύκασιν
1348 2139 1408 2204 ἐξ
1452 2139 1628 2194 αὐτῶν
1653 2155 1665 2168 °
1707 2140 1847 2192 οὕτω

280 2234 377 2303 μὲν
404 2229 498 2286 οῦν
522 2230 890 2284 ὲκδεδώκασιν
920 2231 968 2282 οἱ
1000 2229 1425 2300 Ἑϐδομήκοντα.
1461 2230 1623 2294 Εἰκὸς
1657 2230 1733 2294 δέ,
1764 2231 1846 2284 ὅτι

274 2328 302 2378 6
336 2323 733 2393 εὖαγγελιστὴς
785 2325 852 2393 τῇ
894 2320 1162 2390 Ἐϐραίων
1200 2320 1409 2374 ἐκδόσει
1473 2321 1847 2391 ἀκολουθήσας

276 2417 474 2487 ἑτέρως
527 2415 726 2486 ἐχούσῃ
761 2414 911 2484 παρὰ
953 2413 1053 2484 τὴν
1102 2412 1210 2466 τῶν
1247 2412 1680 2484 Ἐὄδομήκοντα,
1726 2408 1845 2466 εἷπε

274 2508 357 2571 τὸ,
392 2508 492 2560 Διὰ
525 2507 681 2559 τοῦτο
723 2507 822 2558 οὐκ
851 2504 1112 2574 ήδύναντο
1150 2503 1448 2570 πιστεύειν,
1486 2505 1674 2575 ἐπειδὴ
1721 2505 1844 2558 ἐτύ-

276 2598 495 2663 φλωσεν
551 2597 769 2660 αὐτούς·
806 2597 897 2649 καὶ
949 2597 1072 2650 ὅσον
1125 2595 1224 2666 μὲν
1267 2596 1332 2647 ἐκ
1382 2594 1484 2664 τῆς
1534 2595 1846 2664 προφανοῦς

272 2688 499 2754 λέξεως.
536 2689 634 2742 ούκ
665 2690 878 2760 εἴρηκεν
910 2691 994 2744 ὅτι
1032 2689 1062 2741 6
1101 2688 1231 2751 Θεὸς
1264 2687 1574 2756 ἐτύφλωσεν
1610 2688 1841 2753 αὐτούς’

273 2779 422 2842 εἰκὸς
450 2778 529 2844 δὲ,
561 2781 641 2833 ὅτι
683 2781 843 2844 ἄλλος
885 2780 1046 2835 τοῦτο
1074 2781 1296 2852 ἐποίησε
1333 2781 1470 2853 πρὸς
1497 2783 1557 2836 τὸ
1585 2783 1840 2854 ἐπιστρέ-

271 2869 370 2938 ψαι
421 2870 552 2931 τοὺς
599 2871 884 2935 Ἰουδαίους
918 2873 1010 2926 καὶ
1050 2875 1241 2943 ,τυχεῖν
1287 2863 1502 2936 ἰάσεως.
1552 2875 1616 2926 Εἰ
1658 2875 1712 2928 δὲ
1747 2874 1840 2928 καὶ

273 2961 534 3031 δεξόμεθα
567 2964 648 3016 δτι
679 2964 707 3014 6
755 2963 886 3026 Θεὸς
916 2964 1244 3033 ἐτύφλωσεν,
1295 2966 1438 3019 οὕτω
1467 2969 1684 3037 νοητέον
1705 3009 1718 3032 ,
1758 2969 1838 3022 ὅτι

273 3052 668 3125 παρεχώρησεν
702 3056 900 3119 αὐτοὺς
935 3055 1128 3110 παθεῖν
1164 3057 1260 3128 τὴν
1292 3057 1564 3125 τύφλωσιν
1611 3059 1716 3112 ὑπὸ
1743 3060 1838 3113 τοῦ

1955 1868 2051 1921 ria:
2096 1866 2327 1921 ultionis
2356 1881 2538 1922 sermo
2568 1883 2681 1937 prae
2724 1883 2783 1922 se
2818 1867 2945 1934 fert,
2981 1885 3158 1938 neque
3192 1869 3528 1925 determina-

1955 1966 2065 2011 tam
2095 1958 2570 2013 condemnationis
2610 1959 2665 2013 in
2703 1959 2920 2015 Judteos
2951 1961 3242 2026 rationem,
3275 1961 3369 2015 sed
3418 1961 3524 2014 vim

1955 2064 2019 2110 ac
2064 2050 2361 2105 efﬁcaciam
2421 2052 2577 2105 utilia
2631 2052 3000 2121 prannonendi
3061 2053 3248 2107 habet:
3287 2052 3526 2108 Noverat

1953 2140 2099 2194 enim
2138 2141 2331 2211 quales
2360 2140 2527 2197 futuri
2558 2151 2736 2206 erant,
2767 2151 2820 2197 et
2868 2143 2934 2198 de
2977 2134 3084 2198 illis
3117 2145 3520 2214 pronuntiavit,

1953 2245 2270 2300 quanquam
2307 2246 2418 2284 non
2464 2233 2532 2286 ad
2577 2246 2768 2287 omnes
2806 2234 3044 2302 pertinet
3081 2249 3283 2299 sermo,
3318 2235 3413 2289 sed
3455 2235 3522 2289 ad

1953 2319 2104 2374 solos
2149 2320 2420 2385 infideles,
2457 2322 2614 2375 multi
2644 2323 2788 2376 enim
2821 2336 2886 2376 ex
2931 2323 2998 2377 iis
3037 2324 3395 2378 crediderunt
3423 2325 3469 2355 ⁸⁵
3507 2342 3520 2379 :

1953 2407 2035 2462 sic
2070 2406 2240 2476 igitur
2291 2409 2584 2463 ediderunt
2643 2408 3020 2480 Septuaginta.
3071 2409 3383 2466 Verisimile
3437 2420 3522 2468 est
3610 2477 3612 2479 ν
3709 2475 3716 2480 ,

1950 2512 2084 2552 vero
2137 2498 2537 2566 evangelistam
2593 2497 2945 2553 Hebrworum
3004 2500 3304 2556 editionem
3359 2519 3521 2559 secu-

1952 2600 2065 2644 tum
2118 2603 2147 2641 a
2197 2587 2554 2659 Septuaginta
2588 2589 2892 2654 diversam,
2921 2590 3131 2646 dixisse
3185 2591 3312 2656 hoc,
3334 2613 3354 2645 c
3386 2593 3521 2648 Pro-

1955 2686 2142 2748 pterea
2178 2693 2288 2732 non
2318 2687 2573 2747 poterant
2603 2678 2849 2745 credere,
2873 2681 3002 2749 quia
3031 2684 3436 2740 excaecaviteos
3468 2705 3514 2739 :o

1948 2776 2002 2822 et
2037 2767 2219 2839 quoad
2253 2777 2500 2837 apertam
2534 2767 2832 2823 dictionem
2877 2785 2984 2824 non
3034 2770 3169 2825 dixit
3209 2787 3521 2832 excaecasse

1950 2858 2136 2928 ipsos;
2162 2874 2262 2928 par
2286 2867 2370 2914 est
2395 2868 2578 2913 autem
2611 2860 2781 2913 alium
2813 2860 2917 2915 hoc
2948 2860 3170 2928 fecisse,
3199 2874 3260 2917 ut
3291 2881 3520 2922 conver-

1951 2958 2201 3006 terentur
2260 2951 2474 3018 Judaei,
2521 2960 2575 3007 et
2638 2943 2971 3008 mediCinam
3023 2970 3518 3028 consequerentur.

1951 3043 2107 3110 Quod
2147 3045 2193 3101 si
2242 3045 2586 3114 accipiamus
2635 3044 2806 3101 Deum
2838 3062 3163 3116 excaecasse,
3189 3050 3271 3106 sic
3314 3051 3521 3110 intelli-

270 3140 541 3207 διαϐόλου,
589 3145 689 3197 οὐκ
733 3146 972 3214 ἀγαθοὺς
1013 3146 1173 3210 ὄντας
1224 3147 1322 3218 τὴν
1355 3148 1486 3214 ἕξιν.
1535 3149 1691 3203 Οὕτω
1734 3153 1842 3222 γὰρ

1945 3137 2204 3207 gendum,
2237 3136 2560 3207 permisisse
2587 3151 2684 3193 eos
2728 3139 2840 3208 pati
2877 3141 3178 3197 caecitatem
3211 3158 3242 3198 a
3273 3145 3544 3214 diabolo,_

271 3235 640 3305 παραδίδωσιν
673 3237 752 3299 εἰς
791 3236 1051 3306 ἀδόκιμον
1086 3238 1211 3291 νοῦν
1261 3240 1353 3293 καὶ
1393 3242 1474 3304 εἰς
1500 3241 1670 3305 πάθος
1717 3244 1842 3306 τοὺς

1945 3229 2071 3299 quia
2123 3229 2255 3283 boni
2292 3243 2402 3283 non
2435 3236 2624 3284 essent
2669 3229 2878 3287 habitu.
2916 3230 3008 3286 Sic
3059 3234 3204 3288 enim
3259 3237 3426 3292 tradit
3462 3241 3517 3294 in

269 3326 681 3397 ὁμοιοτρόπους.
719 3327 809 3380 Ἐν
859 3321 903 3396 ᾧ
943 3328 1000 3382 δὲ
1047 3329 1279 3382 τοιοῦτοι
1324 3325 1482 3400 ἦσαν,
1532 3332 1596 3384 οῦ
1636 3331 1842 3387 δίκαιον

1945 3322 2236 3392 reprobam
2290 3329 2556 3385 mentem,
2595 3330 2651 3375 et
2694 3323 2749 3376 in
2801 3325 3173 3380 calamitatem
3223 3330 3270 3382 ei
3304 3329 3516 3385 similes

266 3411 334 3485 ἦν
375 3417 572 3481 αὐτοὺς
603 3417 809 3485 γνῶναι
839 3415 934 3470 τοῦ
983 3418 1282 3489 μυστηρίου
1325 3419 1386 3472 τὸ
1430 3419 1593 3489 βάθος
1633 3422 1727 3474 καὶ
1775 3422 1843 3476 τὰ

266 3507 512 3577 κρύφια,
557 3509 684 3571 τοὺς
731 3509 864 3580 μηδὲ
895 3507 994 3573 τὰς
1030 3509 1262 3579 νομικὰς
1313 3511 1534 3570 ἐντολὰς
1576 3512 1831 3584 διατηρή-

267 3613 490 3660 σαντας.
533 3599 685 3651 Ἐπεὶ
724 3594 818 3659 οὖν
861 3597 982 3652 οὔτε
1011 3600 1102 3653 τὸν
1144 3599 1328 3669 νόμον,
1359 3598 1482 3652 οὔτε
1510 3602 1576 3654 τὰ
1609 3601 1842 3670 εὐαγγε-

263 3687 390 3740 λικὰ
417 3689 671 3754 ἐδέξαντο
693 3689 1058 3761 διατάγματα,
1085 3693 1176 3744 τὸν
1210 3692 1309 3761 τῆς
1342 3690 1839 3764 διανοίαςμύοντες

261 3779 564 3849 ὀφθαλμὸν,
612 3781 699 3835 διὰ
723 3774 881 3835 τοῦτο
912 3782 971 3836 οὐ
1002 3783 1243 3853 δέχονται
1285 3783 1383 3856 τὴν
1409 3785 1641 3854 φωτίσαι
1681 3787 1839 3840 δυνα-

263 3870 437 3942 μένην
464 3872 662 3936 αὐτοὺς
693 3871 990 3926 παίδευσιν.

335 4046 531 4099 Ταῦτα
574 4045 644 4098 δὲ
673 4041 842 4099 εἶπεν
885 4045 1141 4112 Ἡσαΐας,
1189 4045 1288 4099 ὅτε
1332 4041 1452 4100 εἶδε
1499 4046 1614 4116 τὴν
1651 4047 1836 4114 δόξαν

255 4139 468 4199 αὑτοῦ.
495 4140 593 4192 καὶ
622 4137 889 4201 ἐλάλησε
913 4137 1043 4204 περὶ
1070 4136 1278 4191 αὑτοῦ.

330 4232 455 4282 Ὀτι
523 4230 619 4299 μὲν
659 4225 751 4282 οὖν
797 4227 889 4281 τὸν
929 4228 1053 4281 Υἱὺν
1085 4231 1113 4281 ὁ
1153 4233 1438 4301 προφήτης
1482 4231 1733 4286 τεθέαται
1777 4233 1834 4287 ἐν

255 4323 322 4390 τῇ
354 4321 484 4391 δόξῃ
527 4317 627 4371 τοῦ
673 4317 807 4371 Θεοῦ
859 4318 955 4371 καὶ
1002 4319 1250 4389 Πατρὸς,
1286 4321 1385 4374 οὐκ
1427 4321 1493 4374 ἂν
1539 4321 1833 4376 ἐνδοιάσειέ

255 4427 362 4474 τις,
425 4412 675 4464 Ἰωάννου
707 4409 1011 4479 γράφοντος
1045 4411 1292 4481 ἐναργῶς
1337 4413 1467 4484 περὶ
1518 4412 1708 4479 αὑτοῦ,
1747 4414 1827 4467 ὅτι
1861 4451 1905 4506 D

255 4504 428 4556 ταῦτα
480 4498 633 4556 εἶπεν
692 4502 956 4566 Ἡσαΐας,
1004 4503 1088 4555 ὅτι
1137 4497 1245 4555 εἶδε
1295 4504 1393 4574 τὴν
1441 4503 1598 4568 δόξαν
1637 4503 1824 4560 αὑτοῦ.

262 4594 450 4663 Ἀθρει
478 4593 535 4646 δέ
577 4610 666 4664 μοι
695 4593 798 4662 τῆς
829 4593 1166 4664 θεοπρεποῦς
1195 4594 1466 4666 ὑπεροχῆς
1500 4596 1561 4648 τὸ
1587 4595 1826 4666 ἀξίωμα,

255 4687 348 4739 καὶ
394 4684 459 4738 τὸ
506 4685 649 4739 κατὰ
697 4685 882 4756 πάσης
910 4685 1184 4756 ὑπεροχῆς
1212 4687 1430 4758 κράτος.
1469 4687 1526 4740 'O
1578 4688 1678 4758 μὲν
1719 4693 1828 4761 γάρ

248 4780 406 4830 ἐστιν
447 4776 529 4844 ἐφ’
559 4775 765 4847 ὑψηλοῦ
793 4793 853 4830 τε
884 4777 978 4829 καὶ
1020 4777 1332 4847 ἐπηρμένου
1370 4777 1559 4848 θρόνου
1585 4782 1699 4843 τοῖς
1728 4783 1826 4852 τῆς

248 4867 534 4938 βασιλείας
563 4866 1025 4938 εὐπρεπεστάτοις
1062 4867 1372 4938 αὐχήμασιν
1405 4864 1465 4922 εὖ
1511 4870 1654 4939 μάλα
1695 4881 1830 4925 κατέ

248 4959 586 5030 εστεμμένος
604 4977 618 4992 ο
649 4961 704 5014 αἱ
747 4959 803 5012 δὲ
847 4958 1117 5012 ἁνώταται
1146 4959 1405 5030 δυνάμεις
1432 4962 1552 5032 μεθ’
1576 4962 1643 5026 ἃς
1673 4962 1825 5016 οὐδὲν

248 5048 512 5102 ἐπέκεινα
548 5048 656 5101 τῶν
702 5047 949 5118 γενητῶν
987 5043 1127 5102 εῖναι
1155 5049 1395 5117 λέγεται,
1446 5050 1628 5123 κύκλῳ
1662 5069 1822 5126 περι-

245 5139 472 5202 εστῶσι,
499 5138 654 5204 τάξιν
686 5139 908 5210 ἔχουσαι
935 5138 1035 5210 τήν
1071 5139 1348 5212 οἰκετικὴν
1373 5142 1466 5194 καὶ
1494 5145 1617 5206 ταῖς
1650 5144 1824 5216 εὐφη-

247 5229 404 5298 μίαις
444 5233 960 5304 καταγεραίρουσαι.
1017 5234 1138 5304 Χρὴ
1189 5234 1246 5288 δὲ
1305 5234 1710 5306 ὑπολαμϐάνειν
1764 5240 1822 5291 ἐν

241 5325 491 5386 τοπικοῖς
536 5323 795 5395 ὑψώμασι
833 5325 923 5378 τὸν
975 5325 1116 5379 θεῖον
1153 5325 1398 5380 τίθεσθαι
1426 5327 1614 5398 θρόνον
1660 5331 1821 5384 οὐδα-

245 5411 402 5481 μῶςο
443 5413 639 5485 εὔηθες
674 5417 784 5488 γὰρ
821 5417 881 5470 τὸ
929 5416 1072 5471 οῦτω
1109 5420 1265 5472 νοεῖν.
1313 5418 1478 5488 Ὑψοῦ
1522 5421 1580 5475 δὲ
1625 5423 1652 5475 6
1679 5423 1820 5490 θεῖος

241 5503 483 5559 τέθειται
518 5505 728 5577 θρόνος,
770 5508 907 5563 καθὸ
953 5509 1050 5564 καὶ
1095 5512 1294 5564 νοεῖται
1335 5511 1516 5583 πάσης
1563 5513 1818 5570 ἐπέκεινα

311 5679 362 5712 ⁵⁵
399 5680 558 5738 Joan.
596 5697 663 5752 ι,
699 5684 789 5739 42.

1941 3414 2214 3494 moribus.
2245 3412 2500 3479 Quandiu
2552 3429 2685 3468 vero
2722 3416 2856 3470 tales
2894 3425 3090 3482 erant,
3132 3434 3242 3473 non
3296 3437 3514 3490 aequum

1939 3514 2058 3560 erat
2088 3505 2168 3561 eis
2213 3505 2630 3560 communicare
2665 3505 3008 3562 altitudinem
3055 3516 3104 3564 et
3157 3510 3338 3565 abdita
3396 3528 3515 3584 my-

1939 3597 2118 3662 sterii,
2151 3598 2243 3667 qui
2301 3612 2369 3652 ne
2415 3596 2633 3666 quidem
2691 3597 2869 3666 legum
2920 3611 3193 3671 praecepta
3228 3604 3514 3660 observas-

1938 3699 2080 3744 scnt.
2113 3688 2345 3756 Quando
2374 3705 2504 3745 vero
2535 3705 2712 3758 neque
2760 3691 2956 3760 legem,
2990 3707 3168 3762 neque
3194 3697 3510 3765 evangelica

1937 3790 2208 3853 prazcepta
2235 3791 2590 3852 exceperunt,
2621 3796 2876 3852 soporem
2909 3792 2964 3837 et
2989 3792 3274 3838 veternum
3310 3789 3510 3842 mentis

1936 3874 2280 3932 nictantibus
2314 3875 2492 3930 oculis
2520 3875 2695 3945 passi,
2730 3882 3019 3944 propterea
3068 3890 3170 3929 nec
3204 3876 3509 3931 institutio-

1936 3981 2082 4029 nem,
2108 3981 2229 4036 qua
2258 3967 2382 4021 illos
2407 3966 2721 4020 illuminare
2753 3966 2897 4035 potis
2924 3965 3018 4030 sit,
3051 3965 3369 4022 admittunt.

2009 4056 2122 4123 XII,
2150 4058 2238 4111 41.
2270 4057 2397 4111 Haec
2427 4073 2545 4110 vero
2571 4056 2707 4110 dixit
2749 4055 2949 4124 Isaias,
2981 4056 3192 4127 quando
3239 4060 3364 4112 vidit
3394 4061 3509 4129 glo-
3603 4057 3612 4066 ’

1934 4148 2072 4201 riam
2101 4147 2315 4223 ejus,_¢t
2344 4145 2409 4199 de
2436 4162 2495 4199 eo
2527 4147 2728 4198 locutus
2760 4156 2860 4200 est.

2005 4238 2164 4306 Quod
2203 4236 2400 4290 Filium
2455 4237 2721 4306 propheta
2753 4236 3109 4306 conspicatus
3139 4239 3210 4293 sit
3241 4238 3295 4292 in
3333 4241 3504 4309 gloria

1934 4327 2030 4384 Dei
2090 4335 2145 4382 et
2199 4327 2420 4389 Patris,
2468 4341 2628 4380 nemo
2688 4327 2953 4396 ambigit,
3007 4329 3313 4396 praesertim
3377 4345 3504 4385 cum

1932 4419 2174 4476 Joannes
2202 4420 2406 4475 diserte
2442 4419 2648 4473 scribat
2693 4418 2760 4474 de
2808 4433 2896 4483 eo,
2928 4419 3078 4489 q'uod
3135 4420 3248 4476 haec
3301 4421 3507 4478 dixerit

1934 4511 2131 4574 Isaias,
2167 4511 2299 4581 quia
2340 4510 2480 4565 vidit
2505 4509 2739 4581 gloriam
2765 4510 2910 4580 ejus.
2935 4510 3170 4569 Attende
3201 4528 3331 4568 vero
3369 4515 3504 4571 mihi

1934 4606 2137 4660 divinat
2158 4604 2479 4661 eminentiae
2519 4604 2890 4674 maiestatem,
2915 4613 2971 4660 et
3000 4605 3163 4675 710
3195 4605 3251 4671 in
3283 4621 3504 4663 onmem

1931 4698 2284 4754 eminentiam
2341 4695 2651 4766 imperium.
2705 4694 2799 4749 Ille
2854 4696 3001 4750 enim
3056 4697 3112 4752 in
3157 4700 3374 4757 excelso
3439 4717 3505 4755 ac

1932 4789 2152 4846 sublimi
2205 4789 2344 4844 solio
2391 4788 2544 4844 sedet
2583 4787 2898 4856 insignibus
2941 4789 3097 4859 regni
3133 4799 3296 4861 atque
3333 4807 3504 4846 orna-

1932 4881 2135 4936 mentis
2191 4878 2480 4950 magniflce
2545 4877 2943 4943 circumdatus,
2995 4893 3157 4950 quem
3227 4896 3503 4951 supremae

1930 4973 2209 5042 potentiae,
2242 4972 2387 5025 ultra
2419 4985 2559 5040 quas
2601 4979 2980 5026 creaturarum
3027 4972 3170 5050 nihil
3205 4987 3328 5028 esse
3364 4973 3501 5027 dici-

1933 5072 2044 5127 tur,
2078 5064 2136 5117 in
2173 5063 2368 5118 ordine
2413 5062 2774 5117 famulantum
2817 5063 3262 5127 circumsistunt,
3290 5073 3345 5120 et
3380 5066 3502 5120 l'au-

1927 5156 2029 5212 stis
2060 5155 2565 5210 acclamationibus
2601 5154 2968 5226 laudibusque
2998 5163 3356 5212 venerantur.
3381 5157 3500 5212 Ca3-

1928 5255 2104 5304 terum
2129 5261 2481 5317 nequaquam
2506 5247 2837 5302 censendum
2859 5256 2946 5303 est
2981 5247 3145 5303 Iocali
3169 5248 3497 5306 celsitudine

1926 5341 2174 5397 divinum
2209 5339 2410 5394 solium
2463 5340 2752 5402 constitui,
2782 5339 2834 5393 id
2885 5339 3030 5393 enim
3070 5340 3320 5409 cogitare
3376 5341 3494 5396 ine-

1925 5443 2077 5505 ptum
2115 5432 2300 5487 fuerit.
2336 5430 2394 5485 In
2425 5430 2648 5486 sublimi
2697 5444 2828 5486 vero
2856 5430 3101 5488 divinum
3134 5432 3332 5488 solium
3363 5447 3496 5486 cen-

1931 5523 2203 5589 stituitur,
2249 5522 2301 5576 in
2339 5530 2606 5592 quantum
2655 5522 2802 5577 ultra
2842 5538 3059 5580 omnem
3104 5532 3358 5580 naturam
3413 5524 3496 5577 in-
