  <div class='ocr_page' id='page_1' title='image "/cluster/home/n/w/nwhite01/storage/ocr_20150623/74/hvd.32044048207120/055.png"; bbox 0 0 4062 6208; ppageno 0'>
   <div class='ocr_carea' id='block_1_1' title="bbox 514 295 2758 361">
    <p class='ocr_par' dir='ltr' id='par_1_1' title="bbox 514 295 2758 361">
     <span class='ocr_line' id='line_1_1' title="bbox 514 295 2758 361; baseline -0.004 -1"><span class='ocrx_word' id='word_1_1' title='bbox 514 304 583 361; x_wconf 81' lang='lat'><strong>99</strong></span> <span class='ocrx_word' id='word_1_2' title='bbox 1501 299 1560 354; x_wconf 83' lang='lat' dir='ltr'><strong>S.</strong></span> <span class='ocrx_word' id='word_1_3' title='bbox 1606 297 1884 355; x_wconf 71' lang='lat' dir='ltr'><strong>CYBILLI</strong></span> <span class='ocrx_word' id='word_1_4' title='bbox 1929 295 2397 353; x_wconf 73' lang='lat' dir='ltr'><strong>ALEXANDRINI</strong></span> <span class='ocrx_word' id='word_1_5' title='bbox 2435 297 2758 352; x_wconf 75' lang='lat' dir='ltr'><strong>ARClllEP.</strong></span> 
     </span>
    </p>
   </div>
   <div class='ocr_carea' id='block_1_2' title="bbox 3646 297 3746 351">
    <p class='ocr_par' dir='ltr' id='par_1_2' title="bbox 3646 297 3746 351">
     <span class='ocr_line' id='line_1_2' title="bbox 3646 297 3746 351; baseline 0.02 -3"><span class='ocrx_word' id='word_1_6' title='bbox 3646 297 3746 351; x_wconf 75' lang='grc'><strong>100</strong></span> 
     </span>
    </p>
   </div>
   <div class='ocr_carea' id='block_1_3' title="bbox 515 385 2092 488">
    <p class='ocr_par' dir='ltr' id='par_1_3' title="bbox 515 413 2078 488">
     <span class='ocr_line' id='line_1_3' title="bbox 515 413 2078 488; baseline -0.005 -15"><span class='ocrx_word' id='word_1_7' title='bbox 515 415 846 488; x_wconf 85' lang='lat' dir='ltr'><strong>telligibilem</strong></span> <span class='ocrx_word' id='word_1_8' title='bbox 907 414 1055 485; x_wconf 81' lang='lat' dir='ltr'><strong>regni</strong></span> <span class='ocrx_word' id='word_1_9' title='bbox 1115 413 1208 468; x_wconf 87' lang='lat' dir='ltr'><strong>Dei</strong></span> <span class='ocrx_word' id='word_1_10' title='bbox 1269 413 1442 484; x_wconf 81' lang='lat' dir='ltr'><strong>gloria</strong></span> <span class='ocrx_word' id='word_1_11' title='bbox 1497 415 1837 486; x_wconf 86' lang='lat' dir='ltr'><strong>concipitur,</strong></span> <span class='ocrx_word' id='word_1_12' title='bbox 1901 415 2078 471; x_wconf 80' lang='lat' dir='ltr'><strong>sessio</strong></span> 
     </span>
    </p>
   </div>
   <div class='ocr_carea' id='block_1_4' title="bbox 2193 385 3749 488">
    <p class='ocr_par' dir='ltr' id='par_1_4' title="bbox 2193 385 3749 484">
     <span class='ocr_line' id='line_1_4' title="bbox 2193 385 3749 484; baseline 0.002 -20"><span class='ocrx_word' id='word_1_13' title='bbox 2193 413 2398 484; x_wconf 72' lang='grc' dir='ltr'>ρύσεως</span> <span class='ocrx_word' id='word_1_14' title='bbox 2427 385 2649 484; x_wconf 75' lang='grc' dir='ltr'>νοητῆς,</span> <span class='ocrx_word' id='word_1_15' title='bbox 2675 415 2774 482; x_wconf 75' lang='grc' dir='ltr'>τῆς</span> <span class='ocrx_word' id='word_1_16' title='bbox 2799 411 2892 466; x_wconf 79' lang='grc' dir='ltr'>τοῦ</span> <span class='ocrx_word' id='word_1_17' title='bbox 2920 411 3056 465; x_wconf 83' lang='grc' dir='ltr'><strong>Θεοῦ</strong></span> <span class='ocrx_word' id='word_1_18' title='bbox 3095 410 3370 482; x_wconf 77' lang='grc' dir='ltr'>βασιλείας</span> <span class='ocrx_word' id='word_1_19' title='bbox 3397 414 3429 482; x_wconf 79' lang='grc' dir='ltr'>ἠ</span> <span class='ocrx_word' id='word_1_20' title='bbox 3456 411 3580 479; x_wconf 80' lang='grc' dir='ltr'>δόξα</span> <span class='ocrx_word' id='word_1_21' title='bbox 3635 415 3669 483; x_wconf 79' lang='grc' dir='ltr'>ἡ</span> <span class='ocrx_word' id='word_1_22' title='bbox 3694 414 3749 467; x_wconf 81' lang='grc' dir='ltr'><strong>δὲ</strong></span> 
     </span>
    </p>
   </div>
   <div class='ocr_carea' id='block_1_5' title="bbox 516 505 2086 570">
    <p class='ocr_par' dir='ltr' id='par_1_5' title="bbox 516 505 2086 570">
     <span class='ocr_line' id='line_1_5' title="bbox 516 505 2086 570; baseline -0.003 -7"><span class='ocrx_word' id='word_1_23' title='bbox 516 525 643 564; x_wconf 87' lang='lat' dir='ltr'><strong>vero</strong></span> <span class='ocrx_word' id='word_1_24' title='bbox 691 511 743 562; x_wconf 91' lang='lat' dir='ltr'><strong>in</strong></span> <span class='ocrx_word' id='word_1_25' title='bbox 782 523 870 570; x_wconf 87' lang='lat' dir='ltr'><strong>co,</strong></span> <span class='ocrx_word' id='word_1_26' title='bbox 909 507 1081 562; x_wconf 88' lang='lat' dir='ltr'><strong>veluti</strong></span> <span class='ocrx_word' id='word_1_27' title='bbox 1117 505 1490 560; x_wconf 87' lang='lat' dir='ltr'><strong>ﬁrmissimam</strong></span> <span class='ocrx_word' id='word_1_28' title='bbox 1546 505 1601 564; x_wconf 91' lang='lat' dir='ltr'><strong>in</strong></span> <span class='ocrx_word' id='word_1_29' title='bbox 1633 509 1900 563; x_wconf 87' lang='lat' dir='ltr'><strong>bonorum</strong></span> <span class='ocrx_word' id='word_1_30' title='bbox 1934 506 2086 560; x_wconf 87' lang='lat' dir='ltr'><strong>iden-</strong></span> 
     </span>
    </p>
   </div>
   <div class='ocr_carea' id='block_1_6' title="bbox 514 595 2084 653">
    <p class='ocr_par' dir='ltr' id='par_1_6' title="bbox 514 595 2084 653">
     <span class='ocr_line' id='line_1_6' title="bbox 514 595 2084 653; baseline -0.002 0"><span class='ocrx_word' id='word_1_31' title='bbox 514 601 672 653; x_wconf 87' lang='lat' dir='ltr'><strong>titate</strong></span> <span class='ocrx_word' id='word_1_32' title='bbox 710 597 1008 653; x_wconf 87' lang='lat' dir='ltr'><strong>stationem</strong></span> <span class='ocrx_word' id='word_1_33' title='bbox 1056 611 1122 651; x_wconf 89' lang='lat' dir='ltr'><strong>ac</strong></span> <span class='ocrx_word' id='word_1_34' title='bbox 1170 595 1520 652; x_wconf 88' lang='lat' dir='ltr'><strong>durationem</strong></span> <span class='ocrx_word' id='word_1_35' title='bbox 1567 596 1788 651; x_wconf 84' lang='lat' dir='ltr'><strong>videtur</strong></span> <span class='ocrx_word' id='word_1_36' title='bbox 1830 597 2084 652; x_wconf 88' lang='lat' dir='ltr'><strong>innuere.</strong></span> 
     </span>
    </p>
   </div>
   <div class='ocr_carea' id='block_1_7' title="bbox 517 672 2084 745">
    <p class='ocr_par' dir='ltr' id='par_1_7' title="bbox 517 672 2084 745">
     <span class='ocr_line' id='line_1_7' title="bbox 517 672 2084 745; baseline -0.003 0"><span class='ocrx_word' id='word_1_37' title='bbox 517 692 607 745; x_wconf 80' lang='lat' dir='ltr'><strong>Sic</strong></span> <span class='ocrx_word' id='word_1_38' title='bbox 639 691 784 744; x_wconf 90' lang='lat' dir='ltr'><strong>enim</strong></span> <span class='ocrx_word' id='word_1_39' title='bbox 812 689 965 742; x_wconf 83' lang='lat' dir='ltr'><strong>canit</strong></span> <span class='ocrx_word' id='word_1_40' title='bbox 993 695 1047 743; x_wconf 91' lang='lat' dir='ltr'><strong>et</strong></span> <span class='ocrx_word' id='word_1_41' title='bbox 1074 687 1297 742; x_wconf 89' lang='lat' dir='ltr'><strong>divinus</strong></span> <span class='ocrx_word' id='word_1_42' title='bbox 1334 685 1506 741; x_wconf 82' lang='lat' dir='ltr'><strong>David</strong></span> <span class='ocrx_word' id='word_1_43' title='bbox 1542 704 1557 741; x_wconf 90' lang='lat'><strong>:</strong></span> <span class='ocrx_word' id='word_1_44' title='bbox 1596 706 1615 738; x_wconf 80' lang='grc' dir='ltr'><strong>ι</strong></span> <span class='ocrx_word' id='word_1_45' title='bbox 1666 672 1808 742; x_wconf 63' lang='lat' dir='ltr'><strong>Deus</strong></span> <span class='ocrx_word' id='word_1_46' title='bbox 1844 687 1996 742; x_wconf 85' lang='lat' dir='ltr'><strong>sedet</strong></span> <span class='ocrx_word' id='word_1_47' title='bbox 2030 688 2084 740; x_wconf 90' lang='lat' dir='ltr'><strong>in</strong></span> 
     </span>
    </p>
   </div>
   <div class='ocr_carea' id='block_1_8' title="bbox 517 777 2086 848">
    <p class='ocr_par' dir='ltr' id='par_1_8' title="bbox 517 777 2086 848">
     <span class='ocr_line' id='line_1_8' title="bbox 517 777 2086 848; baseline -0.004 -12"><span class='ocrx_word' id='word_1_48' title='bbox 517 784 655 836; x_wconf 89' lang='lat' dir='ltr'><strong>solio</strong></span> <span class='ocrx_word' id='word_1_49' title='bbox 687 787 879 836; x_wconf 86' lang='lat' dir='ltr'><strong>sancto</strong></span> <span class='ocrx_word' id='word_1_50' title='bbox 911 778 1124 848; x_wconf 81' lang='lat' dir='ltr'><strong>ejus“.</strong></span> <span class='ocrx_word' id='word_1_51' title='bbox 1166 796 1185 829; x_wconf 78' lang='grc' dir='ltr'><strong>ι</strong></span> <span class='ocrx_word' id='word_1_52' title='bbox 1221 777 1286 830; x_wconf 85' lang='grc' dir='ltr'>Ει</span> <span class='ocrx_word' id='word_1_53' title='bbox 1335 777 1558 847; x_wconf 87' lang='lat' dir='ltr'><strong>quidem</strong></span> <span class='ocrx_word' id='word_1_54' title='bbox 1599 780 1767 832; x_wconf 81' lang='lat' dir='ltr'><strong>etiam</strong></span> <span class='ocrx_word' id='word_1_55' title='bbox 1821 777 2086 848; x_wconf 81' lang='lat' dir='ltr'><strong>propheta</strong></span> 
     </span>
    </p>
   </div>
   <div class='ocr_carea' id='block_1_9' title="bbox 516 867 2108 939">
    <p class='ocr_par' dir='ltr' id='par_1_9' title="bbox 516 867 2108 939">
     <span class='ocr_line' id='line_1_9' title="bbox 516 867 2108 939; baseline -0.004 -10"><span class='ocrx_word' id='word_1_56' title='bbox 516 873 780 929; x_wconf 84' lang='lat' dir='ltr'><strong>Jeremias</strong></span> <span class='ocrx_word' id='word_1_57' title='bbox 824 871 1025 924; x_wconf 86' lang='lat' dir='ltr'><strong>alicubi</strong></span> <span class='ocrx_word' id='word_1_58' title='bbox 1073 870 1140 923; x_wconf 89' lang='lat' dir='ltr'><strong>ad</strong></span> <span class='ocrx_word' id='word_1_59' title='bbox 1208 869 1389 939; x_wconf 89' lang='lat' dir='ltr'><strong>ipsum</strong></span> <span class='ocrx_word' id='word_1_60' title='bbox 1431 869 1556 925; x_wconf 88' lang='lat' dir='ltr'><strong>ait:</strong></span> <span class='ocrx_word' id='word_1_61' title='bbox 1594 885 1615 920; x_wconf 80' lang='grc' dir='ltr'><strong>ι</strong></span> <span class='ocrx_word' id='word_1_62' title='bbox 1657 867 1738 922; x_wconf 88' lang='lat' dir='ltr'><strong>Tu</strong></span> <span class='ocrx_word' id='word_1_63' title='bbox 1789 869 1988 924; x_wconf 87' lang='lat' dir='ltr'><strong>sedens</strong></span> <span class='ocrx_word' id='word_1_64' title='bbox 2029 871 2108 934; x_wconf 45' lang='lat' dir='ltr'><strong>lu.</strong></span> 
     </span>
    </p>
   </div>
   <div class='ocr_carea' id='block_1_10' title="bbox 517 959 2088 1030">
    <p class='ocr_par' dir='ltr' id='par_1_10' title="bbox 517 959 2088 1030">
     <span class='ocr_line' id='line_1_10' title="bbox 517 959 2088 1030; baseline -0.003 -11"><span class='ocrx_word' id='word_1_65' title='bbox 517 964 798 1027; x_wconf 68' lang='lat' dir='ltr'><strong>saeculum,</strong></span> <span class='ocrx_word' id='word_1_66' title='bbox 825 970 878 1016; x_wconf 89' lang='lat' dir='ltr'><strong>et</strong></span> <span class='ocrx_word' id='word_1_67' title='bbox 898 977 999 1016; x_wconf 91' lang='lat' dir='ltr'><strong>nos</strong></span> <span class='ocrx_word' id='word_1_68' title='bbox 1021 970 1312 1030; x_wconf 85' lang='lat' dir='ltr'><strong>pereuntes</strong></span> <span class='ocrx_word' id='word_1_69' title='bbox 1343 961 1395 1013; x_wconf 91' lang='lat' dir='ltr'><strong>in</strong></span> <span class='ocrx_word' id='word_1_70' title='bbox 1423 960 1685 1015; x_wconf 82' lang='lat' dir='ltr'><strong>saeculum</strong></span> <span class='ocrx_word' id='word_1_71' title='bbox 1711 961 1778 1012; x_wconf 60' lang='lat'><strong>&#39;7.</strong></span> <span class='ocrx_word' id='word_1_72' title='bbox 1807 978 1825 1011; x_wconf 74' lang='grc' dir='ltr'><strong>ι</strong></span> <span class='ocrx_word' id='word_1_73' title='bbox 1863 959 2088 1029; x_wconf 81' lang='lat' dir='ltr'><strong>Semper</strong></span> 
     </span>
    </p>
   </div>
   <div class='ocr_carea' id='block_1_11' title="bbox 517 1037 2090 1125">
    <p class='ocr_par' dir='ltr' id='par_1_11' title="bbox 517 1037 2090 1125">
     <span class='ocr_line' id='line_1_11' title="bbox 517 1037 2090 1125; baseline -0.001 -14"><span class='ocrx_word' id='word_1_74' title='bbox 517 1057 664 1112; x_wconf 86' lang='lat' dir='ltr'><strong>enim</strong></span> <span class='ocrx_word' id='word_1_75' title='bbox 715 1063 772 1111; x_wconf 88' lang='lat' dir='ltr'><strong>et</strong></span> <span class='ocrx_word' id='word_1_76' title='bbox 806 1045 954 1110; x_wconf 85' lang='lat' dir='ltr'><strong>omni</strong></span> <span class='ocrx_word' id='word_1_77' title='bbox 1011 1065 1262 1125; x_wconf 88' lang='lat' dir='ltr'><strong>tempore</strong></span> <span class='ocrx_word' id='word_1_78' title='bbox 1298 1037 1681 1125; x_wconf 74' lang='lat' dir='ltr'><strong>corruptibilis</strong></span> <span class='ocrx_word' id='word_1_79' title='bbox 1728 1062 1816 1110; x_wconf 84' lang='lat' dir='ltr'><strong>est</strong></span> <span class='ocrx_word' id='word_1_80' title='bbox 1850 1062 1905 1110; x_wconf 84' lang='lat' dir='ltr'><strong>et</strong></span> <span class='ocrx_word' id='word_1_81' title='bbox 1945 1054 2090 1110; x_wconf 80' lang='lat' dir='ltr'><strong>facta</strong></span> 
     </span>
    </p>
   </div>
   <div class='ocr_carea' id='block_1_12' title="bbox 519 1146 2090 1218">
    <p class='ocr_par' dir='ltr' id='par_1_12' title="bbox 519 1146 2090 1218">
     <span class='ocr_line' id='line_1_12' title="bbox 519 1146 2090 1218; baseline -0.004 -12"><span class='ocrx_word' id='word_1_82' title='bbox 519 1156 742 1213; x_wconf 83' lang='lat' dir='ltr'><strong>natura,</strong></span> <span class='ocrx_word' id='word_1_83' title='bbox 772 1156 826 1202; x_wconf 94' lang='lat' dir='ltr'><strong>et</strong></span> <span class='ocrx_word' id='word_1_84' title='bbox 857 1148 1041 1202; x_wconf 85' lang='lat' dir='ltr'><strong>omnia</strong></span> <span class='ocrx_word' id='word_1_85' title='bbox 1073 1149 1254 1218; x_wconf 91' lang='lat' dir='ltr'><strong>genita</strong></span> <span class='ocrx_word' id='word_1_86' title='bbox 1292 1147 1437 1202; x_wconf 91' lang='lat' dir='ltr'><strong>intra</strong></span> <span class='ocrx_word' id='word_1_87' title='bbox 1469 1147 1615 1202; x_wconf 91' lang='lat' dir='ltr'><strong>hunc</strong></span> <span class='ocrx_word' id='word_1_88' title='bbox 1650 1146 1876 1201; x_wconf 89' lang='lat' dir='ltr'><strong>modum</strong></span> <span class='ocrx_word' id='word_1_89' title='bbox 1915 1161 1974 1201; x_wconf 92' lang='lat' dir='ltr'><strong>se</strong></span> <span class='ocrx_word' id='word_1_90' title='bbox 1999 1146 2090 1200; x_wconf 78' lang='lat' dir='ltr'><strong>ha-</strong></span> 
     </span>
    </p>
   </div>
   <div class='ocr_carea' id='block_1_13' title="bbox 519 1233 2088 1305">
    <p class='ocr_par' dir='ltr' id='par_1_13' title="bbox 519 1233 2088 1305">
     <span class='ocr_line' id='line_1_13' title="bbox 519 1233 2088 1305; baseline -0.002 -13"><span class='ocrx_word' id='word_1_91' title='bbox 519 1237 669 1297; x_wconf 78' lang='lat' dir='ltr'><strong>bent.</strong></span> <span class='ocrx_word' id='word_1_92' title='bbox 696 1236 862 1292; x_wconf 87' lang='lat' dir='ltr'><strong>Sedet</strong></span> <span class='ocrx_word' id='word_1_93' title='bbox 911 1251 1062 1300; x_wconf 89' lang='lat' dir='ltr'><strong>vero,</strong></span> <span class='ocrx_word' id='word_1_94' title='bbox 1089 1244 1148 1289; x_wconf 93' lang='lat' dir='ltr'><strong>ut</strong></span> <span class='ocrx_word' id='word_1_95' title='bbox 1189 1236 1327 1300; x_wconf 80' lang='lat' dir='ltr'><strong>dixi,</strong></span> <span class='ocrx_word' id='word_1_96' title='bbox 1360 1235 1607 1290; x_wconf 89' lang='lat' dir='ltr'><strong>omnium</strong></span> <span class='ocrx_word' id='word_1_97' title='bbox 1648 1233 1828 1305; x_wconf 80' lang='lat' dir='ltr'><strong>opifex</strong></span> <span class='ocrx_word' id='word_1_98' title='bbox 1863 1241 1917 1289; x_wconf 88' lang='lat' dir='ltr'><strong>et</strong></span> <span class='ocrx_word' id='word_1_99' title='bbox 1957 1249 2088 1304; x_wconf 88' lang='lat' dir='ltr'><strong>ope-</strong></span> 
     </span>
    </p>
   </div>
   <div class='ocr_carea' id='block_1_14' title="bbox 519 1325 2088 1399">
    <p class='ocr_par' dir='ltr' id='par_1_14' title="bbox 519 1325 2088 1399">
     <span class='ocr_line' id='line_1_14' title="bbox 519 1325 2088 1399; baseline -0.003 -15"><span class='ocrx_word' id='word_1_100' title='bbox 519 1331 692 1384; x_wconf 83' lang='lat' dir='ltr'><strong>ratrix</strong></span> <span class='ocrx_word' id='word_1_101' title='bbox 749 1329 1062 1399; x_wconf 83' lang='lat' dir='ltr'><strong>sapientia,</strong></span> <span class='ocrx_word' id='word_1_102' title='bbox 1112 1328 1165 1382; x_wconf 89' lang='lat' dir='ltr'><strong>id</strong></span> <span class='ocrx_word' id='word_1_103' title='bbox 1227 1335 1313 1382; x_wconf 87' lang='lat' dir='ltr'><strong>est</strong></span> <span class='ocrx_word' id='word_1_104' title='bbox 1366 1327 1754 1381; x_wconf 84' lang='lat' dir='ltr'><strong>inconcussam</strong></span> <span class='ocrx_word' id='word_1_105' title='bbox 1813 1325 1976 1380; x_wconf 84' lang='lat' dir='ltr'><strong>habet</strong></span> <span class='ocrx_word' id='word_1_106' title='bbox 2033 1325 2088 1379; x_wconf 90' lang='lat' dir='ltr'><strong>in</strong></span> 
     </span>
    </p>
   </div>
   <div class='ocr_carea' id='block_1_15' title="bbox 401 1396 2087 1489">
    <p class='ocr_par' dir='ltr' id='par_1_15' title="bbox 401 1396 2087 1489">
     <span class='ocr_line' id='line_1_15' title="bbox 401 1396 2087 1489; baseline -0.002 -13"><span class='ocrx_word' id='word_1_107' title='bbox 401 1396 412 1464; x_wconf 59' lang='grc' dir='ltr'>Ῐ</span> <span class='ocrx_word' id='word_1_108' title='bbox 517 1421 707 1476; x_wconf 87' lang='lat' dir='ltr'><strong>eodem</strong></span> <span class='ocrx_word' id='word_1_109' title='bbox 761 1396 1248 1489; x_wconf 80' lang='lat' dir='ltr'><strong>perseverantiam.</strong></span> <span class='ocrx_word' id='word_1_110' title='bbox 1277 1417 1377 1474; x_wconf 80' lang='lat' dir='ltr'><strong>Vel</strong></span> <span class='ocrx_word' id='word_1_111' title='bbox 1430 1419 1600 1487; x_wconf 82' lang='lat' dir='ltr'><strong>igitur</strong></span> <span class='ocrx_word' id='word_1_112' title='bbox 1638 1416 1837 1480; x_wconf 77' lang='lat' dir='ltr'><strong>sedere.</strong></span> <span class='ocrx_word' id='word_1_113' title='bbox 1874 1416 2087 1472; x_wconf 88' lang='lat' dir='ltr'><strong>Domini</strong></span> 
     </span>
    </p>
   </div>
   <div class='ocr_carea' id='block_1_16' title="bbox 520 1507 2088 1579">
    <p class='ocr_par' dir='ltr' id='par_1_16' title="bbox 520 1507 2088 1579">
     <span class='ocr_line' id='line_1_16' title="bbox 520 1507 2088 1579; baseline -0.003 -13"><span class='ocrx_word' id='word_1_114' title='bbox 520 1523 774 1566; x_wconf 88' lang='lat' dir='ltr'><strong>naturam</strong></span> <span class='ocrx_word' id='word_1_115' title='bbox 813 1508 1109 1578; x_wconf 90' lang='lat' dir='ltr'><strong>signiﬁcat,</strong></span> <span class='ocrx_word' id='word_1_116' title='bbox 1155 1509 1241 1562; x_wconf 80' lang='lat' dir='ltr'><strong>vel</strong></span> <span class='ocrx_word' id='word_1_117' title='bbox 1276 1524 1505 1579; x_wconf 84' lang='lat' dir='ltr'><strong>regnum</strong></span> <span class='ocrx_word' id='word_1_118' title='bbox 1560 1508 1755 1577; x_wconf 87' lang='lat' dir='ltr'><strong>ipsius,</strong></span> <span class='ocrx_word' id='word_1_119' title='bbox 1801 1507 2088 1576; x_wconf 91' lang='lat' dir='ltr'><strong>Seraphim</strong></span> 
     </span>
    </p>
   </div>
   <div class='ocr_carea' id='block_1_17' title="bbox 522 1600 2089 1674">
    <p class='ocr_par' dir='ltr' id='par_1_17' title="bbox 522 1600 2089 1674">
     <span class='ocr_line' id='line_1_17' title="bbox 522 1600 2089 1674; baseline -0.004 -15"><span class='ocrx_word' id='word_1_120' title='bbox 522 1604 579 1659; x_wconf 93' lang='lat' dir='ltr'><strong>in</strong></span> <span class='ocrx_word' id='word_1_121' title='bbox 613 1603 796 1674; x_wconf 86' lang='lat' dir='ltr'><strong>specie</strong></span> <span class='ocrx_word' id='word_1_122' title='bbox 843 1617 1128 1661; x_wconf 88' lang='lat' dir='ltr'><strong>servorum</strong></span> <span class='ocrx_word' id='word_1_123' title='bbox 1177 1601 1226 1655; x_wconf 90' lang='lat' dir='ltr'><strong>ei</strong></span> <span class='ocrx_word' id='word_1_124' title='bbox 1279 1601 1614 1663; x_wconf 83' lang='lat' dir='ltr'><strong>astantibus,</strong></span> <span class='ocrx_word' id='word_1_125' title='bbox 1656 1615 1889 1669; x_wconf 91' lang='lat' dir='ltr'><strong>quorum</strong></span> <span class='ocrx_word' id='word_1_126' title='bbox 1932 1600 2089 1669; x_wconf 85' lang='lat' dir='ltr'><strong>longe</strong></span> 
     </span>
    </p>
   </div>
   <div class='ocr_carea' id='block_1_18' title="bbox 522 1688 2090 1764">
    <p class='ocr_par' dir='ltr' id='par_1_18' title="bbox 522 1688 2090 1764">
     <span class='ocr_line' id='line_1_18' title="bbox 522 1688 2090 1764; baseline -0.006 -14"><span class='ocrx_word' id='word_1_127' title='bbox 522 1709 689 1764; x_wconf 83' lang='lat' dir='ltr'><strong>supra</strong></span> <span class='ocrx_word' id='word_1_128' title='bbox 731 1707 924 1748; x_wconf 89' lang='lat' dir='ltr'><strong>omnes</strong></span> <span class='ocrx_word' id='word_1_129' title='bbox 965 1691 1190 1762; x_wconf 80' lang='lat' dir='ltr'><strong>angelos</strong></span> <span class='ocrx_word' id='word_1_130' title='bbox 1237 1700 1320 1745; x_wconf 80' lang='lat' dir='ltr'><strong>est</strong></span> <span class='ocrx_word' id='word_1_131' title='bbox 1365 1690 1632 1760; x_wconf 78' lang='lat' dir='ltr'><strong>dignatio.</strong></span> <span class='ocrx_word' id='word_1_132' title='bbox 1663 1688 2090 1761; x_wconf 90' lang='lat' dir='ltr'><strong>lntcrpretamur</strong></span> 
     </span>
    </p>
   </div>
   <div class='ocr_carea' id='block_1_19' title="bbox 522 1781 2082 1860">
    <p class='ocr_par' dir='ltr' id='par_1_19' title="bbox 522 1781 2082 1860">
     <span class='ocr_line' id='line_1_19' title="bbox 522 1781 2082 1860; baseline -0.005 -20"><span class='ocrx_word' id='word_1_133' title='bbox 522 1797 702 1840; x_wconf 90' lang='lat' dir='ltr'><strong>autem</strong></span> <span class='ocrx_word' id='word_1_134' title='bbox 754 1785 1039 1854; x_wconf 87' lang='lat' dir='ltr'><strong>Seraphim</strong></span> <span class='ocrx_word' id='word_1_135' title='bbox 1086 1783 1236 1838; x_wconf 86' lang='lat' dir='ltr'><strong>velut</strong></span> <span class='ocrx_word' id='word_1_136' title='bbox 1292 1781 1649 1836; x_wconf 70' lang='lat' dir='ltr'><strong>incendiaria:</strong></span> <span class='ocrx_word' id='word_1_137' title='bbox 1693 1782 1810 1838; x_wconf 86' lang='lat' dir='ltr'><strong>sive</strong></span> <span class='ocrx_word' id='word_1_138' title='bbox 1866 1781 2082 1860; x_wconf 70' lang='lat' dir='ltr'><strong>inﬂant;</strong></span> 
     </span>
    </p>
   </div>
   <div class='ocr_carea' id='block_1_20' title="bbox 521 1872 2090 1944">
    <p class='ocr_par' dir='ltr' id='par_1_20' title="bbox 521 1872 2090 1944">
     <span class='ocr_line' id='line_1_20' title="bbox 521 1872 2090 1944; baseline -0.001 -16"><span class='ocrx_word' id='word_1_139' title='bbox 521 1885 727 1936; x_wconf 69' lang='lat' dir='ltr'><strong>niaittes</strong></span> <span class='ocrx_word' id='word_1_140' title='bbox 777 1875 971 1930; x_wconf 88' lang='lat' dir='ltr'><strong>:nihil</strong></span> <span class='ocrx_word' id='word_1_141' title='bbox 1021 1874 1166 1928; x_wconf 90' lang='lat' dir='ltr'><strong>enim</strong></span> <span class='ocrx_word' id='word_1_142' title='bbox 1218 1872 1481 1944; x_wconf 81' lang='lat' dir='ltr'><strong>frigidum</strong></span> <span class='ocrx_word' id='word_1_143' title='bbox 1535 1873 1602 1928; x_wconf 92' lang='lat' dir='ltr'><strong>ad</strong></span> <span class='ocrx_word' id='word_1_144' title='bbox 1663 1887 1952 1943; x_wconf 85' lang='lat' dir='ltr'><strong>supremas</strong></span> <span class='ocrx_word' id='word_1_145' title='bbox 1995 1887 2090 1943; x_wconf 85' lang='lat' dir='ltr'><strong>po—</strong></span> 
     </span>
    </p>
   </div>
   <div class='ocr_carea' id='block_1_21' title="bbox 523 1962 2090 2036">
    <p class='ocr_par' dir='ltr' id='par_1_21' title="bbox 523 1962 2090 2036">
     <span class='ocr_line' id='line_1_21' title="bbox 523 1962 2090 2036; baseline -0.001 -16"><span class='ocrx_word' id='word_1_146' title='bbox 523 1976 770 2030; x_wconf 80' lang='lat' dir='ltr'><strong>testates,</strong></span> <span class='ocrx_word' id='word_1_147' title='bbox 813 1980 936 2036; x_wconf 71' lang='lat' dir='ltr'><strong>quae</strong></span> <span class='ocrx_word' id='word_1_148' title='bbox 969 1965 1080 2019; x_wconf 89' lang='lat' dir='ltr'><strong>Deo</strong></span> <span class='ocrx_word' id='word_1_149' title='bbox 1132 1966 1400 2034; x_wconf 68' lang='lat' dir='ltr'><strong>proximae</strong></span> <span class='ocrx_word' id='word_1_150' title='bbox 1439 1972 1590 2026; x_wconf 88' lang='lat' dir='ltr'><strong>sunt,</strong></span> <span class='ocrx_word' id='word_1_151' title='bbox 1647 1965 1885 2018; x_wconf 86' lang='lat' dir='ltr'><strong>accedit.</strong></span> <span class='ocrx_word' id='word_1_152' title='bbox 1933 1962 2090 2030; x_wconf 85' lang='lat' dir='ltr'><strong>Quod</strong></span> 
     </span>
    </p>
   </div>
   <div class='ocr_carea' id='block_1_22' title="bbox 521 2055 2092 2126">
    <p class='ocr_par' dir='ltr' id='par_1_22' title="bbox 521 2055 2092 2126">
     <span class='ocr_line' id='line_1_22' title="bbox 521 2055 2092 2126; baseline -0.003 -13"><span class='ocrx_word' id='word_1_153' title='bbox 521 2072 652 2113; x_wconf 89' lang='lat' dir='ltr'><strong>vero</strong></span> <span class='ocrx_word' id='word_1_154' title='bbox 687 2057 974 2126; x_wconf 88' lang='lat' dir='ltr'><strong>Seraphim</strong></span> <span class='ocrx_word' id='word_1_155' title='bbox 1007 2055 1108 2111; x_wconf 90' lang='lat' dir='ltr'><strong>alis</strong></span> <span class='ocrx_word' id='word_1_156' title='bbox 1131 2055 1391 2124; x_wconf 90' lang='lat' dir='ltr'><strong>obtegant</strong></span> <span class='ocrx_word' id='word_1_157' title='bbox 1427 2055 1623 2110; x_wconf 79' lang='lat' dir='ltr'><strong>faciem</strong></span> <span class='ocrx_word' id='word_1_158' title='bbox 1650 2062 1704 2110; x_wconf 90' lang='lat' dir='ltr'><strong>et</strong></span> <span class='ocrx_word' id='word_1_159' title='bbox 1729 2055 1918 2125; x_wconf 88' lang='lat' dir='ltr'><strong>pedes,</strong></span> <span class='ocrx_word' id='word_1_160' title='bbox 1948 2055 2092 2111; x_wconf 78' lang='lat' dir='ltr'><strong>dua—</strong></span> 
     </span>
    </p>
   </div>
   <div class='ocr_carea' id='block_1_23' title="bbox 521 2143 2092 2214">
    <p class='ocr_par' dir='ltr' id='par_1_23' title="bbox 521 2143 2092 2214">
     <span class='ocr_line' id='line_1_23' title="bbox 521 2143 2092 2214; baseline -0.001 -14"><span class='ocrx_word' id='word_1_161' title='bbox 521 2146 733 2214; x_wconf 88' lang='lat' dir='ltr'><strong>busque</strong></span> <span class='ocrx_word' id='word_1_162' title='bbox 781 2145 883 2198; x_wconf 88' lang='lat' dir='ltr'><strong>alis</strong></span> <span class='ocrx_word' id='word_1_163' title='bbox 935 2144 1139 2208; x_wconf 87' lang='lat' dir='ltr'><strong>volent,</strong></span> <span class='ocrx_word' id='word_1_164' title='bbox 1173 2143 1393 2211; x_wconf 87' lang='lat' dir='ltr'><strong>signum</strong></span> <span class='ocrx_word' id='word_1_165' title='bbox 1445 2155 1531 2198; x_wconf 88' lang='lat' dir='ltr'><strong>est</strong></span> <span class='ocrx_word' id='word_1_166' title='bbox 1564 2158 1675 2198; x_wconf 90' lang='lat' dir='ltr'><strong>non</strong></span> <span class='ocrx_word' id='word_1_167' title='bbox 1711 2158 1874 2214; x_wconf 84' lang='lat' dir='ltr'><strong>posse</strong></span> <span class='ocrx_word' id='word_1_168' title='bbox 1900 2157 2092 2213; x_wconf 86' lang='lat' dir='ltr'><strong>quem-</strong></span> 
     </span>
    </p>
   </div>
   <div class='ocr_carea' id='block_1_24' title="bbox 520 2233 2090 2308">
    <p class='ocr_par' dir='ltr' id='par_1_24' title="bbox 520 2233 2090 2308">
     <span class='ocr_line' id='line_1_24' title="bbox 520 2233 2090 2308; baseline -0.002 -18"><span class='ocrx_word' id='word_1_169' title='bbox 520 2252 685 2308; x_wconf 89' lang='lat' dir='ltr'><strong>quam</strong></span> <span class='ocrx_word' id='word_1_170' title='bbox 722 2243 1049 2305; x_wconf 87' lang='lat' dir='ltr'><strong>conceptum</strong></span> <span class='ocrx_word' id='word_1_171' title='bbox 1099 2242 1154 2289; x_wconf 88' lang='lat' dir='ltr'><strong>et</strong></span> <span class='ocrx_word' id='word_1_172' title='bbox 1208 2233 1479 2289; x_wconf 89' lang='lat' dir='ltr'><strong>rationem</strong></span> <span class='ocrx_word' id='word_1_173' title='bbox 1529 2234 1597 2288; x_wconf 87' lang='lat' dir='ltr'><strong>de</strong></span> <span class='ocrx_word' id='word_1_174' title='bbox 1637 2233 1771 2298; x_wconf 90' lang='lat' dir='ltr'><strong>Deo,</strong></span> <span class='ocrx_word' id='word_1_175' title='bbox 1799 2242 1892 2288; x_wconf 88' lang='lat' dir='ltr'><strong>aut</strong></span> <span class='ocrx_word' id='word_1_176' title='bbox 1933 2235 2090 2304; x_wconf 91' lang='lat' dir='ltr'><strong>prin-</strong></span> 
     </span>
    </p>
   </div>
   <div class='ocr_carea' id='block_1_25' title="bbox 521 2321 2091 2398">
    <p class='ocr_par' dir='ltr' id='par_1_25' title="bbox 521 2321 2091 2398">
     <span class='ocr_line' id='line_1_25' title="bbox 521 2321 2091 2398; baseline -0.004 -15"><span class='ocrx_word' id='word_1_177' title='bbox 521 2329 726 2398; x_wconf 88' lang='lat' dir='ltr'><strong>cipium</strong></span> <span class='ocrx_word' id='word_1_178' title='bbox 775 2334 870 2380; x_wconf 90' lang='lat' dir='ltr'><strong>aut</strong></span> <span class='ocrx_word' id='word_1_179' title='bbox 923 2325 1085 2382; x_wconf 83' lang='lat' dir='ltr'><strong>linem</strong></span> <span class='ocrx_word' id='word_1_180' title='bbox 1159 2324 1384 2378; x_wconf 87' lang='lat' dir='ltr'><strong>intueri.</strong></span> <span class='ocrx_word' id='word_1_181' title='bbox 1421 2321 1593 2392; x_wconf 84' lang='lat' dir='ltr'><strong>Caput</strong></span> <span class='ocrx_word' id='word_1_182' title='bbox 1633 2324 1777 2379; x_wconf 90' lang='lat' dir='ltr'><strong>enim</strong></span> <span class='ocrx_word' id='word_1_183' title='bbox 1819 2331 1874 2378; x_wconf 88' lang='lat' dir='ltr'><strong>et</strong></span> <span class='ocrx_word' id='word_1_184' title='bbox 1916 2323 2091 2378; x_wconf 72' lang='lat' dir='ltr'><strong>vultus</strong></span> 
     </span>
    </p>
   </div>
   <div class='ocr_carea' id='block_1_26' title="bbox 520 2413 2118 2488">
    <p class='ocr_par' dir='ltr' id='par_1_26' title="bbox 520 2413 2118 2488">
     <span class='ocr_line' id='line_1_26' title="bbox 520 2413 2118 2488; baseline 0 -18"><span class='ocrx_word' id='word_1_185' title='bbox 520 2417 854 2488; x_wconf 90' lang='lat' dir='ltr'><strong>principium</strong></span> <span class='ocrx_word' id='word_1_186' title='bbox 893 2415 1191 2485; x_wconf 85' lang='lat' dir='ltr'><strong>signiﬁcat,</strong></span> <span class='ocrx_word' id='word_1_187' title='bbox 1215 2414 1367 2482; x_wconf 80' lang='lat' dir='ltr'><strong>pedes</strong></span> <span class='ocrx_word' id='word_1_188' title='bbox 1393 2429 1522 2468; x_wconf 76' lang='lat' dir='ltr'><strong>vero</strong></span> <span class='ocrx_word' id='word_1_189' title='bbox 1551 2413 1712 2469; x_wconf 91' lang='lat' dir='ltr'><strong>ﬁnem</strong></span> <span class='ocrx_word' id='word_1_190' title='bbox 1740 2431 1752 2466; x_wconf 89' lang='lat'><strong>:</strong></span> <span class='ocrx_word' id='word_1_191' title='bbox 1785 2429 1951 2484; x_wconf 92' lang='lat' dir='ltr'><strong>porro</strong></span> <span class='ocrx_word' id='word_1_192' title='bbox 1972 2415 2118 2470; x_wconf 77' lang='lat' dir='ltr'><strong>sine‘</strong></span> 
     </span>
    </p>
   </div>
   <div class='ocr_carea' id='block_1_27' title="bbox 520 2503 2092 2578">
    <p class='ocr_par' dir='ltr' id='par_1_27' title="bbox 520 2503 2092 2578">
     <span class='ocr_line' id='line_1_27' title="bbox 520 2503 2092 2578; baseline -0.001 -18"><span class='ocrx_word' id='word_1_193' title='bbox 520 2506 798 2578; x_wconf 80' lang='lat' dir='ltr'><strong>principio</strong></span> <span class='ocrx_word' id='word_1_194' title='bbox 832 2515 885 2560; x_wconf 90' lang='lat' dir='ltr'><strong>et</strong></span> <span class='ocrx_word' id='word_1_195' title='bbox 926 2506 1035 2559; x_wconf 89' lang='lat' dir='ltr'><strong>ﬁne</strong></span> <span class='ocrx_word' id='word_1_196' title='bbox 1085 2503 1252 2569; x_wconf 86' lang='lat' dir='ltr'><strong>Deus,</strong></span> <span class='ocrx_word' id='word_1_197' title='bbox 1285 2511 1339 2558; x_wconf 91' lang='lat' dir='ltr'><strong>et</strong></span> <span class='ocrx_word' id='word_1_198' title='bbox 1371 2518 1474 2557; x_wconf 92' lang='lat' dir='ltr'><strong>nos</strong></span> <span class='ocrx_word' id='word_1_199' title='bbox 1522 2504 1608 2557; x_wconf 85' lang='lat' dir='ltr'><strong>vix</strong></span> <span class='ocrx_word' id='word_1_200' title='bbox 1660 2503 1902 2558; x_wconf 89' lang='lat' dir='ltr'><strong>medium</strong></span> <span class='ocrx_word' id='word_1_201' title='bbox 1937 2519 2092 2560; x_wconf 84' lang='lat' dir='ltr'><strong>asse-</strong></span> 
     </span>
    </p>
   </div>
   <div class='ocr_carea' id='block_1_28' title="bbox 521 2592 2090 2669">
    <p class='ocr_par' dir='ltr' id='par_1_28' title="bbox 521 2592 2090 2669">
     <span class='ocr_line' id='line_1_28' title="bbox 521 2592 2090 2669; baseline -0.003 -19"><span class='ocrx_word' id='word_1_202' title='bbox 521 2598 765 2669; x_wconf 81' lang='lat' dir='ltr'><strong>quimur,</strong></span> <span class='ocrx_word' id='word_1_203' title='bbox 796 2608 882 2659; x_wconf 84' lang='lat' dir='ltr'><strong>ea,</strong></span> <span class='ocrx_word' id='word_1_204' title='bbox 901 2594 1148 2664; x_wconf 88' lang='lat' dir='ltr'><strong>inquam,</strong></span> <span class='ocrx_word' id='word_1_205' title='bbox 1181 2608 1300 2662; x_wconf 70' lang='lat' dir='ltr'><strong>qua:</strong></span> <span class='ocrx_word' id='word_1_206' title='bbox 1329 2592 1632 2648; x_wconf 86' lang='lat' dir='ltr'><strong>secundum</strong></span> <span class='ocrx_word' id='word_1_207' title='bbox 1668 2602 1912 2662; x_wconf 90' lang='lat' dir='ltr'><strong>tempora</strong></span> <span class='ocrx_word' id='word_1_208' title='bbox 1939 2600 2090 2658; x_wconf 90' lang='lat' dir='ltr'><strong>sunt,</strong></span> 
     </span>
    </p>
   </div>
   <div class='ocr_carea' id='block_1_29' title="bbox 522 2683 2091 2753">
    <p class='ocr_par' dir='ltr' id='par_1_29' title="bbox 522 2683 2091 2753">
     <span class='ocr_line' id='line_1_29' title="bbox 522 2683 2091 2753; baseline -0.003 -10"><span class='ocrx_word' id='word_1_209' title='bbox 522 2687 831 2744; x_wconf 80' lang='lat' dir='ltr'><strong>secundum</strong></span> <span class='ocrx_word' id='word_1_210' title='bbox 884 2700 1026 2753; x_wconf 63' lang='lat' dir='ltr'><strong>quae,</strong></span> <span class='ocrx_word' id='word_1_211' title='bbox 1061 2699 1124 2739; x_wconf 90' lang='lat' dir='ltr'><strong>ea</strong></span> <span class='ocrx_word' id='word_1_212' title='bbox 1177 2699 1298 2753; x_wconf 84' lang='lat' dir='ltr'><strong>quae</strong></span> <span class='ocrx_word' id='word_1_213' title='bbox 1338 2683 1634 2753; x_wconf 88' lang='lat' dir='ltr'><strong>aliquando</strong></span> <span class='ocrx_word' id='word_1_214' title='bbox 1687 2699 1796 2740; x_wconf 90' lang='lat' dir='ltr'><strong>non</strong></span> <span class='ocrx_word' id='word_1_215' title='bbox 1830 2692 1991 2738; x_wconf 89' lang='lat' dir='ltr'><strong>erant</strong></span> <span class='ocrx_word' id='word_1_216' title='bbox 2038 2684 2091 2738; x_wconf 90' lang='lat' dir='ltr'><strong>in</strong></span> 
     </span>
    </p>
   </div>
   <div class='ocr_carea' id='block_1_30' title="bbox 522 2771 2092 2841">
    <p class='ocr_par' dir='ltr' id='par_1_30' title="bbox 522 2771 2092 2841">
     <span class='ocr_line' id='line_1_30' title="bbox 522 2771 2092 2841; baseline -0.003 -8"><span class='ocrx_word' id='word_1_217' title='bbox 522 2791 709 2833; x_wconf 88' lang='lat' dir='ltr'><strong>rerum</strong></span> <span class='ocrx_word' id='word_1_218' title='bbox 739 2783 991 2830; x_wconf 88' lang='lat' dir='ltr'><strong>naturam</strong></span> <span class='ocrx_word' id='word_1_219' title='bbox 1035 2773 1296 2841; x_wconf 87' lang='lat' dir='ltr'><strong>producta</strong></span> <span class='ocrx_word' id='word_1_220' title='bbox 1343 2781 1492 2828; x_wconf 86' lang='lat' dir='ltr'><strong>sunt.</strong></span> <span class='ocrx_word' id='word_1_221' title='bbox 1525 2771 1725 2828; x_wconf 83' lang='lat' dir='ltr'><strong>Volant</strong></span> <span class='ocrx_word' id='word_1_222' title='bbox 1758 2784 1937 2829; x_wconf 89' lang='lat' dir='ltr'><strong>autem</strong></span> <span class='ocrx_word' id='word_1_223' title='bbox 1969 2784 2092 2828; x_wconf 88' lang='lat' dir='ltr'><strong>tan-</strong></span> 
     </span>
    </p>
   </div>
   <div class='ocr_carea' id='block_1_31' title="bbox 524 2863 2095 2937">
    <p class='ocr_par' dir='ltr' id='par_1_31' title="bbox 524 2863 2095 2937">
     <span class='ocr_line' id='line_1_31' title="bbox 524 2863 2095 2937; baseline -0.001 -17"><span class='ocrx_word' id='word_1_224' title='bbox 524 2882 688 2937; x_wconf 83' lang='lat' dir='ltr'><strong>quam</strong></span> <span class='ocrx_word' id='word_1_225' title='bbox 736 2865 873 2919; x_wconf 85' lang='lat' dir='ltr'><strong>nihil</strong></span> <span class='ocrx_word' id='word_1_226' title='bbox 925 2863 1194 2918; x_wconf 86' lang='lat' dir='ltr'><strong>habentes</strong></span> <span class='ocrx_word' id='word_1_227' title='bbox 1246 2863 1519 2933; x_wconf 88' lang='lat' dir='ltr'><strong>abjectum</strong></span> <span class='ocrx_word' id='word_1_228' title='bbox 1553 2878 1618 2919; x_wconf 90' lang='lat' dir='ltr'><strong>ac</strong></span> <span class='ocrx_word' id='word_1_229' title='bbox 1652 2865 1979 2932; x_wconf 86' lang='lat' dir='ltr'><strong>demissum,</strong></span> <span class='ocrx_word' id='word_1_230' title='bbox 2006 2873 2095 2919; x_wconf 80' lang='lat' dir='ltr'><strong>ut-</strong></span> 
     </span>
    </p>
   </div>
   <div class='ocr_carea' id='block_1_32' title="bbox 527 2954 2092 3030">
    <p class='ocr_par' dir='ltr' id='par_1_32' title="bbox 527 2954 2092 3030">
     <span class='ocr_line' id='line_1_32' title="bbox 527 2954 2092 3030; baseline 0 -20"><span class='ocrx_word' id='word_1_231' title='bbox 527 2968 652 3030; x_wconf 81' lang='lat' dir='ltr'><strong>pote</strong></span> <span class='ocrx_word' id='word_1_232' title='bbox 680 2969 912 3026; x_wconf 85' lang='lat' dir='ltr'><strong>quorum</strong></span> <span class='ocrx_word' id='word_1_233' title='bbox 956 2954 1186 3024; x_wconf 87' lang='lat' dir='ltr'><strong>spiritus</strong></span> <span class='ocrx_word' id='word_1_234' title='bbox 1219 2955 1394 3025; x_wconf 90' lang='lat' dir='ltr'><strong>magis</strong></span> <span class='ocrx_word' id='word_1_235' title='bbox 1439 2955 1496 3008; x_wconf 92' lang='lat' dir='ltr'><strong>in</strong></span> <span class='ocrx_word' id='word_1_236' title='bbox 1545 2955 1777 3010; x_wconf 90' lang='lat' dir='ltr'><strong>sublime</strong></span> <span class='ocrx_word' id='word_1_237' title='bbox 1825 2955 1892 3009; x_wconf 93' lang='lat' dir='ltr'><strong>ad</strong></span> <span class='ocrx_word' id='word_1_238' title='bbox 1927 2954 2092 3011; x_wconf 90' lang='lat' dir='ltr'><strong>Deum</strong></span> 
     </span>
    </p>
   </div>
   <div class='ocr_carea' id='block_1_33' title="bbox 2187 501 3752 573">
    <p class='ocr_par' dir='ltr' id='par_1_33' title="bbox 2187 501 3752 573">
     <span class='ocr_line' id='line_1_33' title="bbox 2187 501 3752 573; baseline 0.001 -19"><span class='ocrx_word' id='word_1_239' title='bbox 2187 503 2402 565; x_wconf 77' lang='grc' dir='ltr'>κὰθισις</span> <span class='ocrx_word' id='word_1_240' title='bbox 2431 505 2464 572; x_wconf 79' lang='grc' dir='ltr'><strong>ἡ</strong></span> <span class='ocrx_word' id='word_1_241' title='bbox 2501 503 2587 556; x_wconf 83' lang='grc' dir='ltr'><strong>ἐπ’</strong></span> <span class='ocrx_word' id='word_1_242' title='bbox 2623 503 2794 570; x_wconf 81' lang='grc' dir='ltr'>αὐτῷ,</span> <span class='ocrx_word' id='word_1_243' title='bbox 2821 503 2920 573; x_wconf 81' lang='grc' dir='ltr'>τὴν</span> <span class='ocrx_word' id='word_1_244' title='bbox 2957 501 3110 555; x_wconf 71' lang='grc' dir='ltr'>οἱονεί</span> <span class='ocrx_word' id='word_1_245' title='bbox 3164 501 3515 572; x_wconf 77' lang='grc' dir='ltr'>βεϐαιοτάτην</span> <span class='ocrx_word' id='word_1_246' title='bbox 3554 502 3648 556; x_wconf 78' lang='grc' dir='ltr'>καὶ</span> <span class='ocrx_word' id='word_1_247' title='bbox 3693 504 3752 555; x_wconf 90' lang='grc' dir='ltr'><strong>ἐν</strong></span> 
     </span>
    </p>
   </div>
   <div class='ocr_carea' id='block_1_34' title="bbox 2185 592 3752 664">
    <p class='ocr_par' dir='ltr' id='par_1_34' title="bbox 2185 592 3752 664">
     <span class='ocr_line' id='line_1_34' title="bbox 2185 592 3752 664; baseline -0.001 -17"><span class='ocrx_word' id='word_1_248' title='bbox 2185 595 2468 664; x_wconf 81' lang='grc' dir='ltr'>ταυτότητι</span> <span class='ocrx_word' id='word_1_249' title='bbox 2487 595 2593 646; x_wconf 87' lang='grc' dir='ltr'><strong>τῶν</strong></span> <span class='ocrx_word' id='word_1_250' title='bbox 2621 593 2840 662; x_wconf 79' lang='grc' dir='ltr'><strong>ἀγαθῶν</strong></span> <span class='ocrx_word' id='word_1_251' title='bbox 2866 593 3074 664; x_wconf 82' lang='grc' dir='ltr'>ἴδρυσίν</span> <span class='ocrx_word' id='word_1_252' title='bbox 3091 609 3152 645; x_wconf 86' lang='grc' dir='ltr'><strong>τε</strong></span> <span class='ocrx_word' id='word_1_253' title='bbox 3175 593 3269 653; x_wconf 72' lang='grc' dir='ltr'>καὶ</span> <span class='ocrx_word' id='word_1_254' title='bbox 3291 592 3552 664; x_wconf 83' lang='grc' dir='ltr'>διαμονὴν</span> <span class='ocrx_word' id='word_1_255' title='bbox 3577 593 3752 648; x_wconf 76' lang='grc' dir='ltr'>ἔοικεν</span> 
     </span>
    </p>
   </div>
   <div class='ocr_carea' id='block_1_35' title="bbox 2185 684 3753 758">
    <p class='ocr_par' dir='ltr' id='par_1_35' title="bbox 2185 684 3753 758">
     <span class='ocr_line' id='line_1_35' title="bbox 2185 684 3753 758; baseline 0 -20"><span class='ocrx_word' id='word_1_256' title='bbox 2185 685 2506 756; x_wconf 79' lang='grc' dir='ltr'>ὐποδηλοῦν.</span> <span class='ocrx_word' id='word_1_257' title='bbox 2531 685 2737 740; x_wconf 72' lang='grc' dir='ltr'>Ψάλλει</span> <span class='ocrx_word' id='word_1_258' title='bbox 2768 687 2874 758; x_wconf 83' lang='grc' dir='ltr'>γὰρ</span> <span class='ocrx_word' id='word_1_259' title='bbox 2902 686 3043 738; x_wconf 81' lang='grc' dir='ltr'>οὕτω</span> <span class='ocrx_word' id='word_1_260' title='bbox 3068 685 3160 739; x_wconf 72' lang='grc' dir='ltr'>καὶ</span> <span class='ocrx_word' id='word_1_261' title='bbox 3185 685 3214 744; x_wconf 79' lang='grc' dir='ltr'>ὁ</span> <span class='ocrx_word' id='word_1_262' title='bbox 3241 684 3383 748; x_wconf 79' lang='grc' dir='ltr'>θεῖος</span> <span class='ocrx_word' id='word_1_263' title='bbox 3413 686 3575 740; x_wconf 79' lang='grc' dir='ltr'>Δαὸίδ</span> <span class='ocrx_word' id='word_1_264' title='bbox 3596 704 3607 716; x_wconf 75' lang='grc'><em>’</em></span> <span class='ocrx_word' id='word_1_265' title='bbox 3639 705 3657 738; x_wconf 84' lang='grc' dir='ltr'><strong>ι</strong></span> <span class='ocrx_word' id='word_1_266' title='bbox 3693 687 3753 738; x_wconf 84' lang='lat'><strong>&#39;0</strong></span> 
     </span>
    </p>
   </div>
   <div class='ocr_carea' id='block_1_36' title="bbox 2187 775 3755 848">
    <p class='ocr_par' dir='ltr' id='par_1_36' title="bbox 2187 775 3755 848">
     <span class='ocr_line' id='line_1_36' title="bbox 2187 775 3755 848; baseline 0.003 -20"><span class='ocrx_word' id='word_1_267' title='bbox 2187 777 2322 840; x_wconf 84' lang='grc' dir='ltr'>Θεὸς</span> <span class='ocrx_word' id='word_1_268' title='bbox 2371 777 2606 848; x_wconf 82' lang='grc' dir='ltr'>κάθηται</span> <span class='ocrx_word' id='word_1_269' title='bbox 2649 777 2742 830; x_wconf 79' lang='grc' dir='ltr'><strong>ἐπὶ</strong></span> <span class='ocrx_word' id='word_1_270' title='bbox 2793 776 2986 846; x_wconf 85' lang='grc' dir='ltr'>θρόνου</span> <span class='ocrx_word' id='word_1_271' title='bbox 3023 776 3179 844; x_wconf 68' lang='grc' dir='ltr'>ἁγίου</span> <span class='ocrx_word' id='word_1_272' title='bbox 3233 775 3420 829; x_wconf 78' lang='grc' dir='ltr'>αὑτοῦ.</span> <span class='ocrx_word' id='word_1_273' title='bbox 3453 795 3472 828; x_wconf 76' lang='grc' dir='ltr'><strong>ι</strong></span> <span class='ocrx_word' id='word_1_274' title='bbox 3508 777 3617 831; x_wconf 75' lang='grc' dir='ltr'><strong>Καὶ</strong></span> <span class='ocrx_word' id='word_1_275' title='bbox 3648 777 3755 847; x_wconf 74' lang='grc' dir='ltr'>μὴν</span> 
     </span>
    </p>
   </div>
   <div class='ocr_carea' id='block_1_37' title="bbox 2188 867 3752 942">
    <p class='ocr_par' dir='ltr' id='par_1_37' title="bbox 2188 867 3752 942">
     <span class='ocr_line' id='line_1_37' title="bbox 2188 867 3752 942; baseline 0 -22"><span class='ocrx_word' id='word_1_276' title='bbox 2188 869 2280 926; x_wconf 70' lang='grc' dir='ltr'>καὶ</span> <span class='ocrx_word' id='word_1_277' title='bbox 2313 870 2341 921; x_wconf 84' lang='grc' dir='ltr'><strong>ὁ</strong></span> <span class='ocrx_word' id='word_1_278' title='bbox 2390 868 2680 939; x_wconf 80' lang='grc' dir='ltr'><strong>προφήτης</strong></span> <span class='ocrx_word' id='word_1_279' title='bbox 2733 867 3003 942; x_wconf 78' lang='grc' dir='ltr'><strong>Ἱερεμίας</strong></span> <span class='ocrx_word' id='word_1_280' title='bbox 3047 867 3186 936; x_wconf 73' lang='grc' dir='ltr'>πρὸς</span> <span class='ocrx_word' id='word_1_281' title='bbox 3219 867 3383 921; x_wconf 82' lang='grc' dir='ltr'>αὐτόν</span> <span class='ocrx_word' id='word_1_282' title='bbox 3432 867 3536 923; x_wconf 77' lang='grc' dir='ltr'><strong>πού</strong></span> <span class='ocrx_word' id='word_1_283' title='bbox 3587 885 3752 937; x_wconf 79' lang='grc' dir='ltr'>φησιο</span> 
     </span>
    </p>
   </div>
   <div class='ocr_carea' id='block_1_38' title="bbox 2194 958 3756 1030">
    <p class='ocr_par' dir='ltr' id='par_1_38' title="bbox 2194 958 3756 1030">
     <span class='ocr_line' id='line_1_38' title="bbox 2194 958 3756 1030; baseline 0 -19"><span class='ocrx_word' id='word_1_284' title='bbox 2194 979 2212 1011; x_wconf 80' lang='grc' dir='ltr'><strong>ι</strong></span> <span class='ocrx_word' id='word_1_285' title='bbox 2244 961 2316 1014; x_wconf 78' lang='grc' dir='ltr'>Σὺ</span> <span class='ocrx_word' id='word_1_286' title='bbox 2359 958 2668 1030; x_wconf 81' lang='grc' dir='ltr'>καθήμενος</span> <span class='ocrx_word' id='word_1_287' title='bbox 2701 960 2782 1022; x_wconf 88' lang='grc' dir='ltr'><strong>είς</strong></span> <span class='ocrx_word' id='word_1_288' title='bbox 2811 959 2903 1011; x_wconf 80' lang='grc' dir='ltr'><strong>τὸν</strong></span> <span class='ocrx_word' id='word_1_289' title='bbox 2945 958 3139 1021; x_wconf 82' lang='grc' dir='ltr'><strong>αἰῶνα,</strong></span> <span class='ocrx_word' id='word_1_290' title='bbox 3174 959 3269 1012; x_wconf 73' lang='grc' dir='ltr'>καὶ</span> <span class='ocrx_word' id='word_1_291' title='bbox 3321 960 3480 1028; x_wconf 78' lang='grc' dir='ltr'>ἡμεῖς</span> <span class='ocrx_word' id='word_1_292' title='bbox 3523 959 3756 1013; x_wconf 76' lang='grc' dir='ltr'>ἀπολλύο</span> 
     </span>
    </p>
   </div>
   <div class='ocr_carea' id='block_1_39' title="bbox 2192 1049 3752 1125">
    <p class='ocr_par' dir='ltr' id='par_1_39' title="bbox 2192 1049 3752 1125">
     <span class='ocr_line' id='line_1_39' title="bbox 2192 1049 3752 1125; baseline -0.001 -20"><span class='ocrx_word' id='word_1_293' title='bbox 2192 1068 2344 1123; x_wconf 85' lang='grc' dir='ltr'>μενοι</span> <span class='ocrx_word' id='word_1_294' title='bbox 2381 1053 2461 1114; x_wconf 91' lang='grc' dir='ltr'><strong>είς</strong></span> <span class='ocrx_word' id='word_1_295' title='bbox 2483 1050 2574 1103; x_wconf 79' lang='grc' dir='ltr'>τὸν</span> <span class='ocrx_word' id='word_1_296' title='bbox 2603 1050 2794 1125; x_wconf 77' lang='grc' dir='ltr'>αἰῶνα.</span> <span class='ocrx_word' id='word_1_297' title='bbox 2821 1068 2840 1102; x_wconf 76' lang='grc' dir='ltr'><strong>ι</strong></span> <span class='ocrx_word' id='word_1_298' title='bbox 2873 1050 2983 1104; x_wconf 74' lang='grc' dir='ltr'><strong>Ἀεὶ</strong></span> <span class='ocrx_word' id='word_1_299' title='bbox 3016 1049 3124 1120; x_wconf 78' lang='grc' dir='ltr'>γὰρ</span> <span class='ocrx_word' id='word_1_300' title='bbox 3157 1050 3250 1107; x_wconf 71' lang='grc' dir='ltr'>καὶ</span> <span class='ocrx_word' id='word_1_301' title='bbox 3280 1052 3337 1104; x_wconf 90' lang='grc' dir='ltr'><strong>ἐν</strong></span> <span class='ocrx_word' id='word_1_302' title='bbox 3369 1051 3529 1104; x_wconf 72' lang='grc' dir='ltr'>παντὶ</span> <span class='ocrx_word' id='word_1_303' title='bbox 3556 1052 3752 1123; x_wconf 80' lang='grc' dir='ltr'>χρόνῳ,</span> 
     </span>
    </p>
   </div>
   <div class='ocr_carea' id='block_1_40' title="bbox 2190 1141 3754 1216">
    <p class='ocr_par' dir='ltr' id='par_1_40' title="bbox 2190 1141 3754 1216">
     <span class='ocr_line' id='line_1_40' title="bbox 2190 1141 3754 1216; baseline -0.001 -20"><span class='ocrx_word' id='word_1_304' title='bbox 2190 1144 2403 1214; x_wconf 80' lang='grc' dir='ltr'>φθαρτή</span> <span class='ocrx_word' id='word_1_305' title='bbox 2435 1143 2494 1197; x_wconf 86' lang='grc' dir='ltr'><strong>τέ</strong></span> <span class='ocrx_word' id='word_1_306' title='bbox 2517 1143 2633 1194; x_wconf 88' lang='grc' dir='ltr'>ἐστι</span> <span class='ocrx_word' id='word_1_307' title='bbox 2654 1142 2750 1195; x_wconf 74' lang='grc' dir='ltr'>καὶ</span> <span class='ocrx_word' id='word_1_308' title='bbox 2776 1141 3117 1216; x_wconf 71' lang='grc' dir='ltr'>πεποιημένη</span> <span class='ocrx_word' id='word_1_309' title='bbox 3145 1142 3303 1210; x_wconf 87' lang='grc' dir='ltr'>φύσις</span> <span class='ocrx_word' id='word_1_310' title='bbox 3335 1143 3428 1197; x_wconf 76' lang='grc' dir='ltr'>καὶ</span> <span class='ocrx_word' id='word_1_311' title='bbox 3452 1143 3561 1195; x_wconf 90' lang='grc' dir='ltr'><strong>τῶν</strong></span> <span class='ocrx_word' id='word_1_312' title='bbox 3590 1158 3754 1213; x_wconf 86' lang='grc' dir='ltr'>γενη-</span> 
     </span>
    </p>
   </div>
   <div class='ocr_carea' id='block_1_41' title="bbox 2187 1231 3754 1306">
    <p class='ocr_par' dir='ltr' id='par_1_41' title="bbox 2187 1231 3754 1306">
     <span class='ocr_line' id='line_1_41' title="bbox 2187 1231 3754 1306; baseline -0.001 -18"><span class='ocrx_word' id='word_1_313' title='bbox 2187 1236 2297 1288; x_wconf 88' lang='grc' dir='ltr'><strong>τῶν</strong></span> <span class='ocrx_word' id='word_1_314' title='bbox 2329 1237 2388 1288; x_wconf 85' lang='grc' dir='ltr'><strong>ἐν</strong></span> <span class='ocrx_word' id='word_1_315' title='bbox 2417 1234 2626 1296; x_wconf 84' lang='grc' dir='ltr'><strong>τούτοις</strong></span> <span class='ocrx_word' id='word_1_316' title='bbox 2661 1233 2725 1287; x_wconf 83' lang='grc' dir='ltr'><strong>τὺ</strong></span> <span class='ocrx_word' id='word_1_317' title='bbox 2769 1232 2988 1306; x_wconf 81' lang='grc' dir='ltr'><strong>μέτρον.</strong></span> <span class='ocrx_word' id='word_1_318' title='bbox 3015 1231 3268 1302; x_wconf 77' lang='grc' dir='ltr'>Κάθηται</span> <span class='ocrx_word' id='word_1_319' title='bbox 3303 1233 3395 1298; x_wconf 66' lang='grc' dir='ltr'><strong>δὲ,</strong></span> <span class='ocrx_word' id='word_1_320' title='bbox 3425 1233 3501 1296; x_wconf 87' lang='grc' dir='ltr'><strong>ὼς</strong></span> <span class='ocrx_word' id='word_1_321' title='bbox 3539 1233 3693 1302; x_wconf 76' lang='grc' dir='ltr'>ἔφην,</span> <span class='ocrx_word' id='word_1_322' title='bbox 3721 1235 3754 1304; x_wconf 80' lang='grc' dir='ltr'><strong>ἡ</strong></span> 
     </span>
    </p>
   </div>
   <div class='ocr_carea' id='block_1_42' title="bbox 2190 1323 3753 1404">
    <p class='ocr_par' dir='ltr' id='par_1_42' title="bbox 2190 1323 3753 1404">
     <span class='ocr_line' id='line_1_42' title="bbox 2190 1323 3753 1404; baseline -0.001 -24"><span class='ocrx_word' id='word_1_323' title='bbox 2190 1329 2412 1382; x_wconf 81' lang='grc' dir='ltr'>πάντων</span> <span class='ocrx_word' id='word_1_324' title='bbox 2438 1328 2670 1397; x_wconf 85' lang='grc' dir='ltr'><strong>τεχνῖτις</strong></span> <span class='ocrx_word' id='word_1_325' title='bbox 2699 1327 2792 1388; x_wconf 75' lang='grc' dir='ltr'>καὶ</span> <span class='ocrx_word' id='word_1_326' title='bbox 2823 1323 3151 1404; x_wconf 79' lang='grc' dir='ltr'>δημιουργὸς</span> <span class='ocrx_word' id='word_1_327' title='bbox 3183 1323 3366 1394; x_wconf 80' lang='grc' dir='ltr'><strong>σοφία,</strong></span> <span class='ocrx_word' id='word_1_328' title='bbox 3401 1324 3551 1377; x_wconf 78' lang='grc' dir='ltr'>τοῦτ’</span> <span class='ocrx_word' id='word_1_329' title='bbox 3589 1325 3753 1388; x_wconf 78' lang='grc' dir='ltr'>ἐστιν,</span> 
     </span>
    </p>
   </div>
   <div class='ocr_carea' id='block_1_43' title="bbox 2189 1416 3760 1492">
    <p class='ocr_par' dir='ltr' id='par_1_43' title="bbox 2189 1416 3760 1492">
     <span class='ocr_line' id='line_1_43' title="bbox 2189 1416 3760 1492; baseline -0.002 -17"><span class='ocrx_word' id='word_1_330' title='bbox 2189 1421 2485 1492; x_wconf 78' lang='grc' dir='ltr'>ᾲκλόνητον</span> <span class='ocrx_word' id='word_1_331' title='bbox 2507 1419 2620 1490; x_wconf 75' lang='grc' dir='ltr'>ἔχει</span> <span class='ocrx_word' id='word_1_332' title='bbox 2652 1419 2750 1491; x_wconf 84' lang='grc' dir='ltr'>τὴν</span> <span class='ocrx_word' id='word_1_333' title='bbox 2779 1420 2837 1471; x_wconf 93' lang='grc' dir='ltr'><strong>ἐν</strong></span> <span class='ocrx_word' id='word_1_334' title='bbox 2867 1416 3050 1487; x_wconf 85' lang='grc' dir='ltr'>ταυτῷ</span> <span class='ocrx_word' id='word_1_335' title='bbox 3076 1416 3355 1486; x_wconf 86' lang='grc' dir='ltr'>διαμονήν.</span> <span class='ocrx_word' id='word_1_336' title='bbox 3381 1417 3454 1469; x_wconf 87' lang='grc' dir='ltr'><strong>Ἦ</strong></span> <span class='ocrx_word' id='word_1_337' title='bbox 3491 1416 3668 1470; x_wconf 87' lang='grc' dir='ltr'>τοίνυν</span> <span class='ocrx_word' id='word_1_338' title='bbox 3695 1417 3760 1473; x_wconf 67' lang='grc' dir='ltr'>τὸ</span> 
     </span>
    </p>
   </div>
   <div class='ocr_carea' id='block_1_44' title="bbox 2189 1508 3756 1582">
    <p class='ocr_par' dir='ltr' id='par_1_44' title="bbox 2189 1508 3756 1582">
     <span class='ocr_line' id='line_1_44' title="bbox 2189 1508 3756 1582; baseline -0.003 -15"><span class='ocrx_word' id='word_1_339' title='bbox 2189 1513 2506 1582; x_wconf 78' lang='grc' dir='ltr'>καθῆσθαι,</span> <span class='ocrx_word' id='word_1_340' title='bbox 2535 1511 2634 1582; x_wconf 81' lang='grc' dir='ltr'>τὴν</span> <span class='ocrx_word' id='word_1_341' title='bbox 2667 1509 2760 1566; x_wconf 80' lang='grc' dir='ltr'><strong>τοῦ</strong></span> <span class='ocrx_word' id='word_1_342' title='bbox 2796 1509 3249 1580; x_wconf 83' lang='grc' dir='ltr'>Δεσπὸτου¹φύσιν</span> <span class='ocrx_word' id='word_1_343' title='bbox 3283 1509 3558 1580; x_wconf 75' lang='grc' dir='ltr'><strong>σημαίνει,</strong></span> <span class='ocrx_word' id='word_1_344' title='bbox 3595 1509 3627 1579; x_wconf 84' lang='grc' dir='ltr'>ἢ</span> <span class='ocrx_word' id='word_1_345' title='bbox 3657 1508 3756 1579; x_wconf 82' lang='grc' dir='ltr'><strong>τὴν</strong></span> 
     </span>
    </p>
   </div>
   <div class='ocr_carea' id='block_1_45' title="bbox 2192 1600 3755 1680">
    <p class='ocr_par' dir='ltr' id='par_1_45' title="bbox 2192 1600 3755 1680">
     <span class='ocr_line' id='line_1_45' title="bbox 2192 1600 3755 1680; baseline -0.004 -22"><span class='ocrx_word' id='word_1_346' title='bbox 2192 1604 2469 1676; x_wconf 87' lang='grc' dir='ltr'>βασιλείαν</span> <span class='ocrx_word' id='word_1_347' title='bbox 2515 1601 2702 1666; x_wconf 79' lang='grc' dir='ltr'>αὑτοῦ,</span> <span class='ocrx_word' id='word_1_348' title='bbox 2757 1600 3126 1672; x_wconf 79' lang='grc' dir='ltr'>παρεστώτων</span> <span class='ocrx_word' id='word_1_349' title='bbox 3179 1601 3369 1680; x_wconf 80' lang='grc' dir='ltr'>αὐτῶν</span> <span class='ocrx_word' id='word_1_350' title='bbox 3411 1601 3468 1653; x_wconf 92' lang='grc' dir='ltr'><strong>ἐν</strong></span> <span class='ocrx_word' id='word_1_351' title='bbox 3515 1602 3755 1670; x_wconf 81' lang='grc' dir='ltr'>σχήματι</span> 
     </span>
    </p>
   </div>
   <div class='ocr_carea' id='block_1_46' title="bbox 2190 1691 3754 1764">
    <p class='ocr_par' dir='ltr' id='par_1_46' title="bbox 2190 1691 3754 1764">
     <span class='ocr_line' id='line_1_46' title="bbox 2190 1691 3754 1764; baseline -0.003 -14"><span class='ocrx_word' id='word_1_352' title='bbox 2190 1695 2434 1759; x_wconf 77' lang='grc' dir='ltr'><strong>δουλείας</strong></span> <span class='ocrx_word' id='word_1_353' title='bbox 2463 1694 2574 1748; x_wconf 89' lang='grc' dir='ltr'><strong>τῶν</strong></span> <span class='ocrx_word' id='word_1_354' title='bbox 2601 1694 2877 1764; x_wconf 75' lang='grc' dir='ltr'>Σεραφὶμ,</span> <span class='ocrx_word' id='word_1_355' title='bbox 2908 1692 2944 1746; x_wconf 74' lang='grc' dir='ltr'><strong>θ.</strong></span> <span class='ocrx_word' id='word_1_356' title='bbox 2974 1691 3230 1762; x_wconf 80' lang='grc' dir='ltr'>ὑπεράνω</span> <span class='ocrx_word' id='word_1_357' title='bbox 3270 1692 3385 1745; x_wconf 75' lang='grc' dir='ltr'>ἐστὶ</span> <span class='ocrx_word' id='word_1_358' title='bbox 3417 1692 3511 1745; x_wconf 75' lang='grc' dir='ltr'>καὶ</span> <span class='ocrx_word' id='word_1_359' title='bbox 3539 1693 3754 1760; x_wconf 82' lang='grc' dir='ltr'>ἐντιμὸ-</span> 
     </span>
    </p>
   </div>
   <div class='ocr_carea' id='block_1_47' title="bbox 2189 1780 3753 1856">
    <p class='ocr_par' dir='ltr' id='par_1_47' title="bbox 2189 1780 3753 1856">
     <span class='ocr_line' id='line_1_47' title="bbox 2189 1780 3753 1856; baseline -0.004 -17"><span class='ocrx_word' id='word_1_360' title='bbox 2189 1801 2326 1856; x_wconf 86' lang='grc' dir='ltr'>τερα</span> <span class='ocrx_word' id='word_1_361' title='bbox 2353 1783 2465 1837; x_wconf 90' lang='grc' dir='ltr'><strong>τῶν</strong></span> <span class='ocrx_word' id='word_1_362' title='bbox 2501 1781 2750 1851; x_wconf 85' lang='grc' dir='ltr'>ἀγγέλων</span> <span class='ocrx_word' id='word_1_363' title='bbox 2777 1781 3012 1840; x_wconf 79' lang='grc' dir='ltr'>πάντων.</span> <span class='ocrx_word' id='word_1_364' title='bbox 3053 1781 3477 1851; x_wconf 87' lang='grc' dir='ltr'>Διερμηνεύεται</span> <span class='ocrx_word' id='word_1_365' title='bbox 3497 1780 3552 1833; x_wconf 87' lang='grc' dir='ltr'><strong>δέ</strong></span> <span class='ocrx_word' id='word_1_366' title='bbox 3585 1782 3753 1850; x_wconf 83' lang='grc' dir='ltr'>Σερα-</span> 
     </span>
    </p>
   </div>
   <div class='ocr_carea' id='block_1_48' title="bbox 2191 1869 3754 1943">
    <p class='ocr_par' dir='ltr' id='par_1_48' title="bbox 2191 1869 3754 1943">
     <span class='ocr_line' id='line_1_48' title="bbox 2191 1869 3754 1943; baseline -0.002 -17"><span class='ocrx_word' id='word_1_367' title='bbox 2191 1873 2316 1943; x_wconf 71' lang='grc' dir='ltr'>φὶμ,</span> <span class='ocrx_word' id='word_1_368' title='bbox 2354 1871 2712 1942; x_wconf 80' lang='grc' dir='ltr'>ἐμπρησταὶ,</span> <span class='ocrx_word' id='word_1_369' title='bbox 2751 1871 2867 1940; x_wconf 76' lang='grc' dir='ltr'>ἦτοι</span> <span class='ocrx_word' id='word_1_370' title='bbox 2895 1869 3308 1940; x_wconf 75' lang='grc' dir='ltr'>θερμαίνοντες</span> <span class='ocrx_word' id='word_1_371' title='bbox 3332 1886 3346 1900; x_wconf 88' lang='grc'><strong>·</strong></span> <span class='ocrx_word' id='word_1_372' title='bbox 3387 1869 3593 1941; x_wconf 75' lang='grc' dir='ltr'>ψυχρδν</span> <span class='ocrx_word' id='word_1_373' title='bbox 3645 1871 3754 1940; x_wconf 78' lang='grc' dir='ltr'><strong>γάρ</strong></span> 
     </span>
    </p>
   </div>
   <div class='ocr_carea' id='block_1_49' title="bbox 2189 1959 3754 2032">
    <p class='ocr_par' dir='ltr' id='par_1_49' title="bbox 2189 1959 3754 2032">
     <span class='ocr_line' id='line_1_49' title="bbox 2189 1959 3754 2032; baseline 0.001 -16"><span class='ocrx_word' id='word_1_374' title='bbox 2189 1961 2343 2017; x_wconf 80' lang='grc' dir='ltr'>οὐδὲν</span> <span class='ocrx_word' id='word_1_375' title='bbox 2371 1961 2681 2032; x_wconf 83' lang='grc' dir='ltr'>παράγεται</span> <span class='ocrx_word' id='word_1_376' title='bbox 2710 1962 2830 2023; x_wconf 82' lang='grc' dir='ltr'>ταῖς</span> <span class='ocrx_word' id='word_1_377' title='bbox 2861 1960 2973 2014; x_wconf 76' lang='grc' dir='ltr'>ἀνω</span> <span class='ocrx_word' id='word_1_378' title='bbox 3013 1959 3324 2030; x_wconf 74' lang='grc' dir='ltr'>δυνάμεσιν,</span> <span class='ocrx_word' id='word_1_379' title='bbox 3362 1961 3525 2031; x_wconf 76' lang='grc' dir='ltr'>αἴπερ</span> <span class='ocrx_word' id='word_1_380' title='bbox 3556 1961 3621 2016; x_wconf 81' lang='grc' dir='ltr'>ἂν</span> <span class='ocrx_word' id='word_1_381' title='bbox 3646 1959 3754 2017; x_wconf 82' lang='grc' dir='ltr'>εἶεν</span> 
     </span>
    </p>
   </div>
   <div class='ocr_carea' id='block_1_50' title="bbox 2193 2051 3755 2126">
    <p class='ocr_par' dir='ltr' id='par_1_50' title="bbox 2193 2051 3755 2126">
     <span class='ocr_line' id='line_1_50' title="bbox 2193 2051 3755 2126; baseline -0.001 -19"><span class='ocrx_word' id='word_1_382' title='bbox 2193 2054 2430 2126; x_wconf 88' lang='grc' dir='ltr'>μάλιστα</span> <span class='ocrx_word' id='word_1_383' title='bbox 2459 2054 2553 2114; x_wconf 76' lang='grc' dir='ltr'>καὶ</span> <span class='ocrx_word' id='word_1_384' title='bbox 2594 2052 2762 2121; x_wconf 78' lang='grc' dir='ltr'>ἐγγὺς</span> <span class='ocrx_word' id='word_1_385' title='bbox 2791 2051 2944 2106; x_wconf 82' lang='grc' dir='ltr'>Θεοῦ.</span> <span class='ocrx_word' id='word_1_386' title='bbox 2982 2051 3257 2121; x_wconf 80' lang='grc' dir='ltr'>Σύμϐολον</span> <span class='ocrx_word' id='word_1_387' title='bbox 3299 2051 3354 2104; x_wconf 83' lang='grc' dir='ltr'><strong>δὲ</strong></span> <span class='ocrx_word' id='word_1_388' title='bbox 3381 2052 3443 2104; x_wconf 82' lang='grc' dir='ltr'>τὸ</span> <span class='ocrx_word' id='word_1_389' title='bbox 3478 2056 3598 2116; x_wconf 86' lang='grc' dir='ltr'>ταῖς</span> <span class='ocrx_word' id='word_1_390' title='bbox 3630 2052 3755 2106; x_wconf 82' lang='grc' dir='ltr'>πτέ-</span> 
     </span>
    </p>
   </div>
   <div class='ocr_carea' id='block_1_51' title="bbox 2197 2141 3758 2216">
    <p class='ocr_par' dir='ltr' id='par_1_51' title="bbox 2197 2141 3758 2216">
     <span class='ocr_line' id='line_1_51' title="bbox 2197 2141 3758 2216; baseline -0.002 -20"><span class='ocrx_word' id='word_1_391' title='bbox 2197 2144 2318 2216; x_wconf 80' lang='grc' dir='ltr'>ρυξι</span> <span class='ocrx_word' id='word_1_392' title='bbox 2340 2141 2785 2197; x_wconf 76' lang='grc' dir='ltr'>κατακαλύπτειν</span> <span class='ocrx_word' id='word_1_393' title='bbox 2802 2141 2871 2195; x_wconf 83' lang='grc' dir='ltr'>τὰ</span> <span class='ocrx_word' id='word_1_394' title='bbox 2890 2141 3162 2211; x_wconf 75' lang='grc' dir='ltr'>Σεραφὶμ,</span> <span class='ocrx_word' id='word_1_395' title='bbox 3181 2141 3243 2193; x_wconf 90' lang='grc' dir='ltr'><strong>τό</strong></span> <span class='ocrx_word' id='word_1_396' title='bbox 3259 2158 3316 2193; x_wconf 87' lang='grc' dir='ltr'><strong>τε</strong></span> <span class='ocrx_word' id='word_1_397' title='bbox 3349 2141 3637 2212; x_wconf 86' lang='grc' dir='ltr'>πρόσωπον</span> <span class='ocrx_word' id='word_1_398' title='bbox 3661 2143 3758 2196; x_wconf 70' lang='grc' dir='ltr'>καὶ</span> 
     </span>
    </p>
   </div>
   <div class='ocr_carea' id='block_1_52' title="bbox 2189 2229 3755 2309">
    <p class='ocr_par' dir='ltr' id='par_1_52' title="bbox 2189 2229 3755 2309">
     <span class='ocr_line' id='line_1_52' title="bbox 2189 2229 3755 2309; baseline -0.004 -20"><span class='ocrx_word' id='word_1_399' title='bbox 2189 2235 2317 2299; x_wconf 82' lang='grc' dir='ltr'>τοὺς</span> <span class='ocrx_word' id='word_1_400' title='bbox 2349 2235 2537 2298; x_wconf 87' lang='grc' dir='ltr'>πόδας,</span> <span class='ocrx_word' id='word_1_401' title='bbox 2563 2234 2658 2288; x_wconf 72' lang='grc' dir='ltr'><strong>καὶ</strong></span> <span class='ocrx_word' id='word_1_402' title='bbox 2689 2231 2947 2291; x_wconf 80' lang='grc' dir='ltr'>πέτεσθαι</span> <span class='ocrx_word' id='word_1_403' title='bbox 2983 2233 3104 2293; x_wconf 81' lang='grc' dir='ltr'>ταῖς</span> <span class='ocrx_word' id='word_1_404' title='bbox 3132 2230 3249 2283; x_wconf 77' lang='grc' dir='ltr'><strong>δυσὶ</strong></span> <span class='ocrx_word' id='word_1_405' title='bbox 3278 2230 3519 2301; x_wconf 76' lang='grc' dir='ltr'>πτέρυξι,</span> <span class='ocrx_word' id='word_1_406' title='bbox 3551 2229 3643 2284; x_wconf 81' lang='grc' dir='ltr'><strong>τοῦ</strong></span> <span class='ocrx_word' id='word_1_407' title='bbox 3679 2235 3755 2309; x_wconf 75' lang='grc' dir='ltr'><strong>μη</strong></span> 
     </span>
    </p>
   </div>
   <div class='ocr_carea' id='block_1_53' title="bbox 2190 2319 3756 2400">
    <p class='ocr_par' dir='ltr' id='par_1_53' title="bbox 2190 2319 3756 2400">
     <span class='ocr_line' id='line_1_53' title="bbox 2190 2319 3756 2400; baseline -0.005 -20"><span class='ocrx_word' id='word_1_408' title='bbox 2190 2325 2444 2380; x_wconf 84' lang='grc' dir='ltr'>δύνασθαί</span> <span class='ocrx_word' id='word_1_409' title='bbox 2485 2341 2636 2387; x_wconf 89' lang='grc' dir='ltr'>τινας</span> <span class='ocrx_word' id='word_1_410' title='bbox 2680 2324 2714 2393; x_wconf 77' lang='grc' dir='ltr'>ἢ</span> <span class='ocrx_word' id='word_1_411' title='bbox 2764 2321 2939 2393; x_wconf 76' lang='grc' dir='ltr'>ἀρχὴν</span> <span class='ocrx_word' id='word_1_412' title='bbox 2991 2322 3025 2393; x_wconf 80' lang='grc' dir='ltr'>ἢ</span> <span class='ocrx_word' id='word_1_413' title='bbox 3083 2321 3237 2384; x_wconf 85' lang='grc' dir='ltr'>τέλος</span> <span class='ocrx_word' id='word_1_414' title='bbox 3275 2323 3407 2400; x_wconf 77' lang='grc' dir='ltr'>ὁρᾷν</span> <span class='ocrx_word' id='word_1_415' title='bbox 3451 2320 3667 2374; x_wconf 82' lang='grc' dir='ltr'>ἐννοιῶν</span> <span class='ocrx_word' id='word_1_416' title='bbox 3721 2319 3756 2384; x_wconf 83' lang='grc' dir='ltr'><strong>ἡ</strong></span> 
     </span>
    </p>
   </div>
   <div class='ocr_carea' id='block_1_54' title="bbox 2189 2413 3755 2491">
    <p class='ocr_par' dir='ltr' id='par_1_54' title="bbox 2189 2413 3755 2491">
     <span class='ocr_line' id='line_1_54' title="bbox 2189 2413 3755 2491; baseline -0.004 -19"><span class='ocrx_word' id='word_1_417' title='bbox 2189 2419 2366 2486; x_wconf 89' lang='grc' dir='ltr'>λόγων</span> <span class='ocrx_word' id='word_1_418' title='bbox 2400 2417 2508 2470; x_wconf 90' lang='grc' dir='ltr'><strong>τῶν</strong></span> <span class='ocrx_word' id='word_1_419' title='bbox 2551 2417 2680 2486; x_wconf 75' lang='grc' dir='ltr'><strong>περὶ¹</strong></span> <span class='ocrx_word' id='word_1_420' title='bbox 2725 2415 2881 2469; x_wconf 81' lang='grc' dir='ltr'>Θεοῦ.</span> <span class='ocrx_word' id='word_1_421' title='bbox 2924 2414 3188 2484; x_wconf 80' lang='grc' dir='ltr'>Σημαίνει</span> <span class='ocrx_word' id='word_1_422' title='bbox 3228 2415 3335 2491; x_wconf 74' lang='grc' dir='ltr'><strong>γὰρ</strong></span> <span class='ocrx_word' id='word_1_423' title='bbox 3375 2413 3476 2483; x_wconf 84' lang='grc' dir='ltr'>τὴν</span> <span class='ocrx_word' id='word_1_424' title='bbox 3517 2415 3688 2486; x_wconf 78' lang='grc' dir='ltr'>ἀρχὴν</span> <span class='ocrx_word' id='word_1_425' title='bbox 3721 2415 3755 2489; x_wconf 79' lang='grc' dir='ltr'>ἡ</span> 
     </span>
    </p>
   </div>
   <div class='ocr_carea' id='block_1_55' title="bbox 2192 2506 3759 2578">
    <p class='ocr_par' dir='ltr' id='par_1_55' title="bbox 2192 2506 3759 2578">
     <span class='ocr_line' id='line_1_55' title="bbox 2192 2506 3759 2578; baseline -0.002 -14"><span class='ocrx_word' id='word_1_426' title='bbox 2192 2507 2427 2578; x_wconf 65' lang='grc' dir='ltr'>κεφαλὴ</span> <span class='ocrx_word' id='word_1_427' title='bbox 2468 2507 2560 2560; x_wconf 76' lang='grc' dir='ltr'>καὶ</span> <span class='ocrx_word' id='word_1_428' title='bbox 2589 2508 2648 2560; x_wconf 83' lang='grc' dir='ltr'><strong>τὺ</strong></span> <span class='ocrx_word' id='word_1_429' title='bbox 2678 2506 3032 2574; x_wconf 58' lang='grc' dir='ltr'>πρόσωπον</span> <span class='ocrx_word' id='word_1_430' title='bbox 3069 2506 3131 2559; x_wconf 84' lang='grc' dir='ltr'>τὸ</span> <span class='ocrx_word' id='word_1_431' title='bbox 3171 2506 3224 2560; x_wconf 88' lang='grc' dir='ltr'>δέ</span> <span class='ocrx_word' id='word_1_432' title='bbox 3253 2523 3316 2574; x_wconf 85' lang='grc' dir='ltr'><strong>γε</strong></span> <span class='ocrx_word' id='word_1_433' title='bbox 3351 2507 3525 2570; x_wconf 80' lang='grc' dir='ltr'>τέλος,</span> <span class='ocrx_word' id='word_1_434' title='bbox 3557 2509 3608 2560; x_wconf 84' lang='lat' dir='ltr'><strong>0i</strong></span> <span class='ocrx_word' id='word_1_435' title='bbox 3650 2508 3759 2562; x_wconf 80' lang='grc' dir='ltr'>πό-</span> 
     </span>
    </p>
   </div>
   <div class='ocr_carea' id='block_1_56' title="bbox 2192 2597 3758 2669">
    <p class='ocr_par' dir='ltr' id='par_1_56' title="bbox 2192 2597 3758 2669">
     <span class='ocr_line' id='line_1_56' title="bbox 2192 2597 3758 2669; baseline -0.002 -15"><span class='ocrx_word' id='word_1_436' title='bbox 2192 2600 2324 2668; x_wconf 78' lang='grc' dir='ltr'><strong>δεςο</strong></span> <span class='ocrx_word' id='word_1_437' title='bbox 2373 2599 2609 2669; x_wconf 74' lang='grc' dir='ltr'>ἄναρχον</span> <span class='ocrx_word' id='word_1_438' title='bbox 2647 2597 2753 2669; x_wconf 85' lang='grc' dir='ltr'>γὰρ</span> <span class='ocrx_word' id='word_1_439' title='bbox 2779 2597 2840 2651; x_wconf 81' lang='grc' dir='ltr'>τὸ</span> <span class='ocrx_word' id='word_1_440' title='bbox 2871 2597 3025 2651; x_wconf 86' lang='grc' dir='ltr'>Θεῖον</span> <span class='ocrx_word' id='word_1_441' title='bbox 3056 2599 3151 2651; x_wconf 72' lang='grc' dir='ltr'>καὶ</span> <span class='ocrx_word' id='word_1_442' title='bbox 3189 2597 3560 2669; x_wconf 78' lang='grc' dir='ltr'>ἀτελεύτητον,</span> <span class='ocrx_word' id='word_1_443' title='bbox 3592 2615 3758 2669; x_wconf 86' lang='grc' dir='ltr'>προσ-</span> 
     </span>
    </p>
   </div>
   <div class='ocr_carea' id='block_1_57' title="bbox 2194 2686 3756 2760">
    <p class='ocr_par' dir='ltr' id='par_1_57' title="bbox 2194 2686 3756 2760">
     <span class='ocr_line' id='line_1_57' title="bbox 2194 2686 3756 2760; baseline 0 -18"><span class='ocrx_word' id='word_1_444' title='bbox 2194 2689 2462 2760; x_wconf 77' lang='grc' dir='ltr'>ϐάλλομεν</span> <span class='ocrx_word' id='word_1_445' title='bbox 2486 2687 2543 2740; x_wconf 79' lang='grc' dir='ltr'><strong>δὲ</strong></span> <span class='ocrx_word' id='word_1_446' title='bbox 2569 2688 2682 2750; x_wconf 82' lang='grc' dir='ltr'>τοῖς</span> <span class='ocrx_word' id='word_1_447' title='bbox 2713 2687 2799 2740; x_wconf 78' lang='grc' dir='ltr'>διὰ</span> <span class='ocrx_word' id='word_1_448' title='bbox 2833 2688 2999 2757; x_wconf 85' lang='grc' dir='ltr'>μέσου</span> <span class='ocrx_word' id='word_1_449' title='bbox 3032 2689 3206 2757; x_wconf 84' lang='grc' dir='ltr'>μόλις,</span> <span class='ocrx_word' id='word_1_450' title='bbox 3234 2691 3347 2752; x_wconf 87' lang='grc' dir='ltr'>τοῖς</span> <span class='ocrx_word' id='word_1_451' title='bbox 3376 2686 3516 2742; x_wconf 64' lang='grc' dir='ltr'>κατά</span> <span class='ocrx_word' id='word_1_452' title='bbox 3539 2706 3600 2758; x_wconf 90' lang='grc' dir='ltr'><strong>γε</strong></span> <span class='ocrx_word' id='word_1_453' title='bbox 3631 2689 3756 2752; x_wconf 77' lang='grc' dir='ltr'>τοὺς</span> 
     </span>
    </p>
   </div>
   <div class='ocr_carea' id='block_1_58' title="bbox 2192 2778 3758 2862">
    <p class='ocr_par' dir='ltr' id='par_1_58' title="bbox 2192 2778 3758 2862">
     <span class='ocr_line' id='line_1_58' title="bbox 2192 2778 3758 2862; baseline -0.001 -28"><span class='ocrx_word' id='word_1_454' title='bbox 2192 2781 2420 2859; x_wconf 84' lang='grc' dir='ltr'>χρόνους</span> <span class='ocrx_word' id='word_1_455' title='bbox 2450 2779 2626 2851; x_wconf 85' lang='grc' dir='ltr'>φημί·</span> <span class='ocrx_word' id='word_1_456' title='bbox 2650 2779 2771 2862; x_wconf 76' lang='grc' dir='ltr'>καθ’</span> <span class='ocrx_word' id='word_1_457' title='bbox 2805 2778 2895 2844; x_wconf 80' lang='grc' dir='ltr'>οὒς</span> <span class='ocrx_word' id='word_1_458' title='bbox 2925 2779 2991 2833; x_wconf 76' lang='grc' dir='ltr'><strong>τὰ</strong></span> <span class='ocrx_word' id='word_1_459' title='bbox 3023 2781 3123 2834; x_wconf 78' lang='grc' dir='ltr'><strong>οὑκ</strong></span> <span class='ocrx_word' id='word_1_460' title='bbox 3151 2779 3280 2834; x_wconf 77' lang='grc' dir='ltr'>ὄντα</span> <span class='ocrx_word' id='word_1_461' title='bbox 3317 2781 3446 2838; x_wconf 81' lang='grc' dir='ltr'>ποτὲ</span> <span class='ocrx_word' id='word_1_462' title='bbox 3476 2780 3758 2853; x_wconf 76' lang='grc' dir='ltr'>παρήχθη-</span> 
     </span>
    </p>
   </div>
   <div class='ocr_carea' id='block_1_59' title="bbox 2195 2869 3757 2943">
    <p class='ocr_par' dir='ltr' id='par_1_59' title="bbox 2195 2869 3757 2943">
     <span class='ocr_line' id='line_1_59' title="bbox 2195 2869 3757 2943; baseline -0.002 -18"><span class='ocrx_word' id='word_1_463' title='bbox 2195 2889 2293 2926; x_wconf 90' lang='grc' dir='ltr'><strong>σαν</strong></span> <span class='ocrx_word' id='word_1_464' title='bbox 2325 2871 2460 2943; x_wconf 74' lang='grc' dir='ltr'>πρὸς</span> <span class='ocrx_word' id='word_1_465' title='bbox 2491 2869 2748 2939; x_wconf 79' lang='grc' dir='ltr'>ὕπαρξιν.</span> <span class='ocrx_word' id='word_1_466' title='bbox 2779 2869 3040 2923; x_wconf 81' lang='grc' dir='ltr'>Πέτονταί</span> <span class='ocrx_word' id='word_1_467' title='bbox 3067 2885 3130 2938; x_wconf 89' lang='grc' dir='ltr'><strong>γε</strong></span> <span class='ocrx_word' id='word_1_468' title='bbox 3167 2870 3274 2940; x_wconf 80' lang='grc' dir='ltr'><strong>μὴν</strong></span> <span class='ocrx_word' id='word_1_469' title='bbox 3310 2871 3387 2934; x_wconf 83' lang='grc' dir='ltr'><strong>ὡς</strong></span> <span class='ocrx_word' id='word_1_470' title='bbox 3423 2871 3574 2924; x_wconf 80' lang='grc' dir='ltr'>οὐδὲν</span> <span class='ocrx_word' id='word_1_471' title='bbox 3607 2870 3757 2940; x_wconf 78' lang='grc' dir='ltr'>ἔχον-</span> 
     </span>
    </p>
   </div>
   <div class='ocr_carea' id='block_1_60' title="bbox 2193 2961 3760 3037">
    <p class='ocr_par' dir='ltr' id='par_1_60' title="bbox 2193 2961 3760 3037">
     <span class='ocr_line' id='line_1_60' title="bbox 2193 2961 3760 3037; baseline -0.001 -20"><span class='ocrx_word' id='word_1_472' title='bbox 2193 2981 2284 3028; x_wconf 91' lang='grc' dir='ltr'><strong>τες</strong></span> <span class='ocrx_word' id='word_1_473' title='bbox 2317 2964 2377 3018; x_wconf 86' lang='grc' dir='ltr'>τὸ</span> <span class='ocrx_word' id='word_1_474' title='bbox 2409 2962 2880 3037; x_wconf 71' lang='grc' dir='ltr'>κατερριμμένονο</span> <span class='ocrx_word' id='word_1_475' title='bbox 2920 2961 3055 3031; x_wconf 74' lang='grc' dir='ltr'>ὑψοῦ</span> <span class='ocrx_word' id='word_1_476' title='bbox 3095 2961 3150 3013; x_wconf 85' lang='grc' dir='ltr'>δὲ</span> <span class='ocrx_word' id='word_1_477' title='bbox 3183 2961 3381 3031; x_wconf 83' lang='grc' dir='ltr'>μᾶλλον</span> <span class='ocrx_word' id='word_1_478' title='bbox 3414 2964 3500 3017; x_wconf 81' lang='grc' dir='ltr'><strong>ἀεὶ</strong></span> <span class='ocrx_word' id='word_1_479' title='bbox 3531 2963 3591 3016; x_wconf 84' lang='grc' dir='ltr'>τὸ</span> <span class='ocrx_word' id='word_1_480' title='bbox 3629 2963 3760 3034; x_wconf 83' lang='grc' dir='ltr'>φρό-</span> 
     </span>
    </p>
   </div>
   <div class='ocr_carea' id='block_1_61' title="bbox 529 3044 2092 3145">
    <p class='ocr_par' dir='ltr' id='par_1_61' title="bbox 529 3044 2092 3116">
     <span class='ocr_line' id='line_1_61' title="bbox 529 3044 2092 3116; baseline -0.001 -13"><span class='ocrx_word' id='word_1_481' title='bbox 529 3048 722 3105; x_wconf 85' lang='lat' dir='ltr'><strong>tendit.</strong></span> <span class='ocrx_word' id='word_1_482' title='bbox 767 3045 877 3101; x_wconf 85' lang='lat' dir='ltr'><strong>Nec</strong></span> <span class='ocrx_word' id='word_1_483' title='bbox 908 3046 1054 3100; x_wconf 88' lang='lat' dir='ltr'><strong>enim</strong></span> <span class='ocrx_word' id='word_1_484' title='bbox 1107 3044 1276 3100; x_wconf 88' lang='lat' dir='ltr'><strong>sicuti</strong></span> <span class='ocrx_word' id='word_1_485' title='bbox 1324 3060 1424 3101; x_wconf 84' lang='lat' dir='ltr'><strong>nos</strong></span> <span class='ocrx_word' id='word_1_486' title='bbox 1458 3053 1676 3101; x_wconf 88' lang='lat' dir='ltr'><strong>terrena</strong></span> <span class='ocrx_word' id='word_1_487' title='bbox 1723 3047 1966 3116; x_wconf 82' lang='lat' dir='ltr'><strong>sapiunt,</strong></span> <span class='ocrx_word' id='word_1_488' title='bbox 1997 3046 2092 3102; x_wconf 90' lang='lat' dir='ltr'><strong>sed</strong></span> 
     </span>
    </p>
   </div>
   <div class='ocr_carea' id='block_1_62' title="bbox 2193 3044 3760 3145">
    <p class='ocr_par' dir='ltr' id='par_1_62' title="bbox 2195 3053 3760 3128">
     <span class='ocr_line' id='line_1_62' title="bbox 2195 3053 3760 3128; baseline -0.003 -16"><span class='ocrx_word' id='word_1_489' title='bbox 2195 3074 2342 3128; x_wconf 89' lang='grc' dir='ltr'>νημα</span> <span class='ocrx_word' id='word_1_490' title='bbox 2375 3055 2510 3126; x_wconf 72' lang='grc' dir='ltr'>πρὸς</span> <span class='ocrx_word' id='word_1_491' title='bbox 2537 3055 2687 3108; x_wconf 86' lang='grc' dir='ltr'>Θεόν.</span> <span class='ocrx_word' id='word_1_492' title='bbox 2721 3053 2794 3106; x_wconf 80' lang='grc' dir='ltr'><strong>Οὐ</strong></span> <span class='ocrx_word' id='word_1_493' title='bbox 2828 3054 2936 3123; x_wconf 85' lang='grc' dir='ltr'><strong>γάρ</strong></span> <span class='ocrx_word' id='word_1_494' title='bbox 2959 3069 3040 3106; x_wconf 88' lang='grc' dir='ltr'><strong>τοι</strong></span> <span class='ocrx_word' id='word_1_495' title='bbox 3064 3054 3198 3124; x_wconf 79' lang='grc' dir='ltr'>πρὸς</span> <span class='ocrx_word' id='word_1_496' title='bbox 3225 3055 3372 3123; x_wconf 78' lang='grc' dir='ltr'><strong>ἡμᾶς</strong></span> <span class='ocrx_word' id='word_1_497' title='bbox 3406 3054 3660 3124; x_wconf 74' lang='grc' dir='ltr'>φρονοῦσι</span> <span class='ocrx_word' id='word_1_498' title='bbox 3694 3055 3760 3108; x_wconf 76' lang='grc' dir='ltr'><strong>τὰ</strong></span> 
     </span>
    </p>
   </div>
   <div class='ocr_carea' id='block_1_63' title="bbox 527 3135 2094 3206">
    <p class='ocr_par' dir='ltr' id='par_1_63' title="bbox 527 3135 2094 3206">
     <span class='ocr_line' id='line_1_63' title="bbox 527 3135 2094 3206; baseline -0.001 -15"><span class='ocrx_word' id='word_1_499' title='bbox 527 3137 583 3193; x_wconf 88' lang='lat' dir='ltr'><strong>in</strong></span> <span class='ocrx_word' id='word_1_500' title='bbox 609 3135 941 3206; x_wconf 80' lang='lat' dir='ltr'><strong>quihusdam</strong></span> <span class='ocrx_word' id='word_1_501' title='bbox 974 3150 1084 3189; x_wconf 90' lang='lat' dir='ltr'><strong>non</strong></span> <span class='ocrx_word' id='word_1_502' title='bbox 1113 3135 1442 3190; x_wconf 87' lang='lat' dir='ltr'><strong>enarrandis</strong></span> <span class='ocrx_word' id='word_1_503' title='bbox 1471 3137 1903 3205; x_wconf 91' lang='lat' dir='ltr'><strong>speculationum</strong></span> <span class='ocrx_word' id='word_1_504' title='bbox 1937 3136 2094 3192; x_wconf 82' lang='lat' dir='ltr'><strong>fasti-</strong></span> 
     </span>
    </p>
   </div>
   <div class='ocr_carea' id='block_1_64' title="bbox 526 3226 2091 3300">
    <p class='ocr_par' dir='ltr' id='par_1_64' title="bbox 526 3226 2091 3300">
     <span class='ocr_line' id='line_1_64' title="bbox 526 3226 2091 3300; baseline 0 -17"><span class='ocrx_word' id='word_1_505' title='bbox 526 3230 633 3300; x_wconf 82' lang='lat' dir='ltr'><strong>giis</strong></span> <span class='ocrx_word' id='word_1_506' title='bbox 659 3243 722 3282; x_wconf 91' lang='lat' dir='ltr'><strong>ac</strong></span> <span class='ocrx_word' id='word_1_507' title='bbox 752 3226 1191 3283; x_wconf 81' lang='lat' dir='ltr'><strong>sublimitatibus</strong></span> <span class='ocrx_word' id='word_1_508' title='bbox 1241 3241 1515 3296; x_wconf 74' lang='lat' dir='ltr'><strong>suprema:</strong></span> <span class='ocrx_word' id='word_1_509' title='bbox 1565 3228 1825 3296; x_wconf 67' lang='lat' dir='ltr'><strong>potentiae</strong></span> <span class='ocrx_word' id='word_1_510' title='bbox 1857 3239 2091 3283; x_wconf 91' lang='lat' dir='ltr'><strong>mentem</strong></span> 
     </span>
    </p>
   </div>
   <div class='ocr_carea' id='block_1_65' title="bbox 526 3313 2092 3388">
    <p class='ocr_par' dir='ltr' id='par_1_65' title="bbox 526 3313 2092 3388">
     <span class='ocr_line' id='line_1_65' title="bbox 526 3313 2092 3388; baseline 0 -16"><span class='ocrx_word' id='word_1_511' title='bbox 526 3323 845 3388; x_wconf 81' lang='lat' dir='ltr'><strong>occupatam</strong></span> <span class='ocrx_word' id='word_1_512' title='bbox 879 3316 1104 3370; x_wconf 87' lang='lat' dir='ltr'><strong>habent.</strong></span> <span class='ocrx_word' id='word_1_513' title='bbox 1131 3313 1207 3370; x_wconf 86' lang='lat' dir='ltr'><strong>Os</strong></span> <span class='ocrx_word' id='word_1_514' title='bbox 1247 3317 1412 3370; x_wconf 84' lang='lat' dir='ltr'><strong>etiam</strong></span> <span class='ocrx_word' id='word_1_515' title='bbox 1441 3315 1523 3370; x_wconf 90' lang='lat' dir='ltr'><strong>eis</strong></span> <span class='ocrx_word' id='word_1_516' title='bbox 1555 3316 1808 3372; x_wconf 87' lang='lat' dir='ltr'><strong>laudibus</strong></span> <span class='ocrx_word' id='word_1_517' title='bbox 1833 3326 1886 3371; x_wconf 92' lang='lat' dir='ltr'><strong>et</strong></span> <span class='ocrx_word' id='word_1_518' title='bbox 1910 3317 2092 3372; x_wconf 78' lang='lat' dir='ltr'><strong>faven-</strong></span> 
     </span>
    </p>
   </div>
   <div class='ocr_carea' id='block_1_66' title="bbox 527 3405 2092 3477">
    <p class='ocr_par' dir='ltr' id='par_1_66' title="bbox 527 3405 2092 3477">
     <span class='ocr_line' id='line_1_66' title="bbox 527 3405 2092 3477; baseline 0 -17"><span class='ocrx_word' id='word_1_519' title='bbox 527 3408 662 3462; x_wconf 88' lang='lat' dir='ltr'><strong>tium</strong></span> <span class='ocrx_word' id='word_1_520' title='bbox 683 3406 1169 3460; x_wconf 74' lang='lat' dir='ltr'><strong>acclamationibus</strong></span> <span class='ocrx_word' id='word_1_521' title='bbox 1193 3414 1454 3473; x_wconf 86' lang='lat' dir='ltr'><strong>personat</strong></span> <span class='ocrx_word' id='word_1_522' title='bbox 1477 3425 1492 3461; x_wconf 87' lang='lat'><strong>:</strong></span> <span class='ocrx_word' id='word_1_523' title='bbox 1515 3405 1720 3477; x_wconf 85' lang='lat' dir='ltr'><strong>quippe</strong></span> <span class='ocrx_word' id='word_1_524' title='bbox 1747 3405 1840 3462; x_wconf 92' lang='lat' dir='ltr'><strong>Dci</strong></span> <span class='ocrx_word' id='word_1_525' title='bbox 1862 3407 2092 3477; x_wconf 87' lang='lat' dir='ltr'><strong>gloriam</strong></span> 
     </span>
    </p>
   </div>
   <div class='ocr_carea' id='block_1_67' title="bbox 525 3497 2094 3565">
    <p class='ocr_par' dir='ltr' id='par_1_67' title="bbox 525 3497 2094 3565">
     <span class='ocr_line' id='line_1_67' title="bbox 525 3497 2094 3565; baseline 0.001 -13"><span class='ocrx_word' id='word_1_526' title='bbox 525 3499 849 3557; x_wconf 86' lang='lat' dir='ltr'><strong>concinunt.</strong></span> <span class='ocrx_word' id='word_1_527' title='bbox 883 3497 1046 3565; x_wconf 80' lang='lat' dir='ltr'><strong>idque</strong></span> <span class='ocrx_word' id='word_1_528' title='bbox 1077 3497 1324 3561; x_wconf 88' lang='lat' dir='ltr'><strong>alternis,</strong></span> <span class='ocrx_word' id='word_1_529' title='bbox 1371 3513 1482 3552; x_wconf 92' lang='lat' dir='ltr'><strong>non</strong></span> <span class='ocrx_word' id='word_1_530' title='bbox 1508 3499 1653 3564; x_wconf 89' lang='lat' dir='ltr'><strong>quod</strong></span> <span class='ocrx_word' id='word_1_531' title='bbox 1694 3497 1971 3562; x_wconf 86' lang='lat' dir='ltr'><strong>fatiscant,</strong></span> <span class='ocrx_word' id='word_1_532' title='bbox 1999 3498 2094 3553; x_wconf 88' lang='lat' dir='ltr'><strong>sed</strong></span> 
     </span>
    </p>
   </div>
   <div class='ocr_carea' id='block_1_68' title="bbox 527 3584 2097 3654">
    <p class='ocr_par' dir='ltr' id='par_1_68' title="bbox 527 3584 2097 3654">
     <span class='ocr_line' id='line_1_68' title="bbox 527 3584 2097 3654; baseline -0.002 -12"><span class='ocrx_word' id='word_1_533' title='bbox 527 3588 760 3643; x_wconf 88' lang='lat' dir='ltr'><strong>invicem</strong></span> <span class='ocrx_word' id='word_1_534' title='bbox 843 3585 1002 3654; x_wconf 75' lang='lat'><strong>711</strong></span> <span class='ocrx_word' id='word_1_535' title='bbox 1092 3584 1197 3639; x_wconf 83' lang='lat' dir='ltr'><strong>sibi</strong></span> <span class='ocrx_word' id='word_1_536' title='bbox 1255 3584 1520 3642; x_wconf 85' lang='lat' dir='ltr'><strong>honorem</strong></span> <span class='ocrx_word' id='word_1_537' title='bbox 1576 3587 1982 3654; x_wconf 77' lang='lat' dir='ltr'><strong>concedentes,</strong></span> <span class='ocrx_word' id='word_1_538' title='bbox 2041 3593 2097 3640; x_wconf 86' lang='lat' dir='ltr'><strong>et</strong></span> 
     </span>
    </p>
   </div>
   <div class='ocr_carea' id='block_1_69' title="bbox 528 3675 2094 3740">
    <p class='ocr_par' dir='ltr' id='par_1_69' title="bbox 528 3675 2094 3740">
     <span class='ocr_line' id='line_1_69' title="bbox 528 3675 2094 3740; baseline -0.001 -8"><span class='ocrx_word' id='word_1_539' title='bbox 528 3678 698 3732; x_wconf 83' lang='lat' dir='ltr'><strong>Deum</strong></span> <span class='ocrx_word' id='word_1_540' title='bbox 730 3676 987 3732; x_wconf 91' lang='lat' dir='ltr'><strong>laudandi</strong></span> <span class='ocrx_word' id='word_1_541' title='bbox 1019 3675 1194 3740; x_wconf 81' lang='lat' dir='ltr'><strong>vicem</strong></span> <span class='ocrx_word' id='word_1_542' title='bbox 1217 3676 1322 3730; x_wconf 90' lang='lat' dir='ltr'><strong>sibi</strong></span> <span class='ocrx_word' id='word_1_543' title='bbox 1349 3685 1538 3734; x_wconf 90' lang='lat' dir='ltr'><strong>mutuo</strong></span> <span class='ocrx_word' id='word_1_544' title='bbox 1568 3677 1846 3730; x_wconf 80' lang='lat' dir='ltr'><strong>tradentes</strong></span> <span class='ocrx_word' id='word_1_545' title='bbox 1875 3692 1888 3732; x_wconf 89' lang='lat'><strong>:</strong></span> <span class='ocrx_word' id='word_1_546' title='bbox 1913 3676 2094 3730; x_wconf 90' lang='lat' dir='ltr'><strong>omnia</strong></span> 
     </span>
    </p>
   </div>
   <div class='ocr_carea' id='block_1_70' title="bbox 526 3764 2094 3836">
    <p class='ocr_par' dir='ltr' id='par_1_70' title="bbox 526 3764 2094 3836">
     <span class='ocr_line' id='line_1_70' title="bbox 526 3764 2094 3836; baseline -0.002 -10"><span class='ocrx_word' id='word_1_547' title='bbox 526 3770 672 3826; x_wconf 86' lang='lat' dir='ltr'><strong>enim</strong></span> <span class='ocrx_word' id='word_1_548' title='bbox 703 3768 759 3822; x_wconf 86' lang='lat' dir='ltr'><strong>in</strong></span> <span class='ocrx_word' id='word_1_549' title='bbox 801 3766 998 3821; x_wconf 86' lang='lat' dir='ltr'><strong>ordine</strong></span> <span class='ocrx_word' id='word_1_550' title='bbox 1051 3781 1173 3836; x_wconf 70' lang='lat' dir='ltr'><strong>qua:</strong></span> <span class='ocrx_word' id='word_1_551' title='bbox 1222 3781 1389 3835; x_wconf 90' lang='lat' dir='ltr'><strong>supra</strong></span> <span class='ocrx_word' id='word_1_552' title='bbox 1434 3773 1584 3822; x_wconf 91' lang='lat' dir='ltr'><strong>sunt.</strong></span> <span class='ocrx_word' id='word_1_553' title='bbox 1622 3764 1728 3820; x_wconf 88' lang='lat' dir='ltr'><strong>Ter</strong></span> <span class='ocrx_word' id='word_1_554' title='bbox 1757 3782 1888 3821; x_wconf 91' lang='lat' dir='ltr'><strong>vero</strong></span> <span class='ocrx_word' id='word_1_555' title='bbox 1939 3768 2094 3831; x_wconf 86' lang='lat' dir='ltr'><strong>illud,</strong></span> 
     </span>
    </p>
   </div>
   <div class='ocr_carea' id='block_1_71' title="bbox 528 3857 2096 3928">
    <p class='ocr_par' dir='ltr' id='par_1_71' title="bbox 528 3857 2096 3928">
     <span class='ocr_line' id='line_1_71' title="bbox 528 3857 2096 3928; baseline 0.002 -14"><span class='ocrx_word' id='word_1_556' title='bbox 528 3867 785 3923; x_wconf 71' lang='lat' dir='ltr'><strong>sanctus,</strong></span> <span class='ocrx_word' id='word_1_557' title='bbox 821 3857 1068 3912; x_wconf 87' lang='lat' dir='ltr'><strong>dicentes</strong></span> <span class='ocrx_word' id='word_1_558' title='bbox 1126 3857 1467 3915; x_wconf 87' lang='lat' dir='ltr'><strong>concludunt</strong></span> <span class='ocrx_word' id='word_1_559' title='bbox 1528 3859 1982 3928; x_wconf 79' lang='lat' dir='ltr'><strong>gloriﬁcationem</strong></span> <span class='ocrx_word' id='word_1_560' title='bbox 2039 3863 2096 3917; x_wconf 89' lang='lat' dir='ltr'><strong>in</strong></span> 
     </span>
    </p>
   </div>
   <div class='ocr_carea' id='block_1_72' title="bbox 528 3945 2096 4014">
    <p class='ocr_par' dir='ltr' id='par_1_72' title="bbox 528 3945 2096 4014">
     <span class='ocr_line' id='line_1_72' title="bbox 528 3945 2096 4014; baseline 0.002 -11"><span class='ocrx_word' id='word_1_561' title='bbox 528 3951 653 4014; x_wconf 89' lang='lat' dir='ltr'><strong>hoc,</strong></span> <span class='ocrx_word' id='word_1_562' title='bbox 688 3967 706 4002; x_wconf 80' lang='grc' dir='ltr'><strong>ι</strong></span> <span class='ocrx_word' id='word_1_563' title='bbox 751 3947 1015 4008; x_wconf 82' lang='lat' dir='ltr'><strong>Dominus</strong></span> <span class='ocrx_word' id='word_1_564' title='bbox 1048 3945 1313 4012; x_wconf 85' lang='lat' dir='ltr'><strong>Sabaoth,</strong></span> <span class='ocrx_word' id='word_1_565' title='bbox 1359 3967 1377 4000; x_wconf 77' lang='grc' dir='ltr'><strong>ι</strong></span> <span class='ocrx_word' id='word_1_566' title='bbox 1417 3947 1472 4003; x_wconf 92' lang='lat' dir='ltr'><strong>in</strong></span> <span class='ocrx_word' id='word_1_567' title='bbox 1505 3963 1611 4003; x_wconf 88' lang='lat' dir='ltr'><strong>una</strong></span> <span class='ocrx_word' id='word_1_568' title='bbox 1645 3956 1856 4004; x_wconf 66' lang='lat' dir='ltr'><strong>natura:</strong></span> <span class='ocrx_word' id='word_1_569' title='bbox 1893 3949 2096 4006; x_wconf 90' lang='lat' dir='ltr'><strong>deitate</strong></span> 
     </span>
    </p>
   </div>
   <div class='ocr_carea' id='block_1_73' title="bbox 429 4039 2093 4098">
    <p class='ocr_par' dir='ltr' id='par_1_73' title="bbox 429 4039 2093 4098">
     <span class='ocr_line' id='line_1_73' title="bbox 429 4039 2093 4098; baseline 0 -2"><span class='ocrx_word' id='word_1_570' title='bbox 429 4051 442 4064; x_wconf 88' lang='lat'><strong>&#39;</strong></span> <span class='ocrx_word' id='word_1_571' title='bbox 527 4049 779 4097; x_wconf 83' lang='lat' dir='ltr'><strong>sanctam</strong></span> <span class='ocrx_word' id='word_1_572' title='bbox 817 4039 1147 4095; x_wconf 87' lang='lat' dir='ltr'><strong>Trinitatem</strong></span> <span class='ocrx_word' id='word_1_573' title='bbox 1183 4041 1542 4096; x_wconf 89' lang='lat' dir='ltr'><strong>collocantes.</strong></span> <span class='ocrx_word' id='word_1_574' title='bbox 1590 4040 1900 4098; x_wconf 88' lang='lat' dir='ltr'><strong>Subsistere</strong></span> <span class='ocrx_word' id='word_1_575' title='bbox 1949 4043 2093 4097; x_wconf 91' lang='lat' dir='ltr'><strong>enim</strong></span> 
     </span>
    </p>
   </div>
   <div class='ocr_carea' id='block_1_74' title="bbox 530 4132 2095 4214">
    <p class='ocr_par' dir='ltr' id='par_1_74' title="bbox 530 4132 2095 4214">
     <span class='ocr_line' id='line_1_74' title="bbox 530 4132 2095 4214; baseline 0.003 -29"><span class='ocrx_word' id='word_1_576' title='bbox 530 4149 658 4188; x_wconf 86' lang='lat' dir='ltr'><strong>vere</strong></span> <span class='ocrx_word' id='word_1_577' title='bbox 691 4132 927 4214; x_wconf 79' lang='lat' dir='ltr'><strong>dicimus</strong></span> <span class='ocrx_word' id='word_1_578' title='bbox 960 4132 1199 4196; x_wconf 84' lang='lat' dir='ltr'><strong>Patrem.</strong></span> <span class='ocrx_word' id='word_1_579' title='bbox 1245 4133 1327 4187; x_wconf 90' lang='lat' dir='ltr'><strong>sic</strong></span> <span class='ocrx_word' id='word_1_580' title='bbox 1369 4141 1425 4188; x_wconf 92' lang='lat' dir='ltr'><strong>et</strong></span> <span class='ocrx_word' id='word_1_581' title='bbox 1476 4133 1696 4201; x_wconf 88' lang='lat' dir='ltr'><strong>Filium,</strong></span> <span class='ocrx_word' id='word_1_582' title='bbox 1729 4145 1782 4190; x_wconf 87' lang='lat' dir='ltr'><strong>et</strong></span> <span class='ocrx_word' id='word_1_583' title='bbox 1831 4135 2095 4206; x_wconf 83' lang='lat' dir='ltr'><strong>Spiritum</strong></span> 
     </span>
    </p>
   </div>
   <div class='ocr_carea' id='block_1_75' title="bbox 529 4221 2094 4296">
    <p class='ocr_par' dir='ltr' id='par_1_75' title="bbox 529 4221 2094 4296">
     <span class='ocr_line' id='line_1_75' title="bbox 529 4221 2094 4296; baseline -0.001 -14"><span class='ocrx_word' id='word_1_584' title='bbox 529 4235 808 4290; x_wconf 83' lang='lat' dir='ltr'><strong>sanctum,</strong></span> <span class='ocrx_word' id='word_1_585' title='bbox 836 4241 937 4280; x_wconf 90' lang='lat' dir='ltr'><strong>nec</strong></span> <span class='ocrx_word' id='word_1_586' title='bbox 969 4221 1078 4280; x_wconf 84' lang='lat' dir='ltr'><strong>ulla</strong></span> <span class='ocrx_word' id='word_1_587' title='bbox 1115 4226 1260 4280; x_wconf 88' lang='lat' dir='ltr'><strong>ratio</strong></span> <span class='ocrx_word' id='word_1_588' title='bbox 1295 4226 1349 4278; x_wconf 92' lang='lat' dir='ltr'><strong>in</strong></span> <span class='ocrx_word' id='word_1_589' title='bbox 1397 4225 1774 4282; x_wconf 79' lang='lat' dir='ltr'><strong>diversitatem</strong></span> <span class='ocrx_word' id='word_1_590' title='bbox 1811 4226 2094 4296; x_wconf 79' lang='lat' dir='ltr'><strong>physicam</strong></span> 
     </span>
    </p>
   </div>
   <div class='ocr_carea' id='block_1_76' title="bbox 529 4317 2096 4388">
    <p class='ocr_par' dir='ltr' id='par_1_76' title="bbox 529 4317 2096 4388">
     <span class='ocr_line' id='line_1_76' title="bbox 529 4317 2096 4388; baseline -0.001 -15"><span class='ocrx_word' id='word_1_591' title='bbox 529 4318 717 4373; x_wconf 84' lang='lat' dir='ltr'><strong>divisit</strong></span> <span class='ocrx_word' id='word_1_592' title='bbox 749 4333 1196 4388; x_wconf 88' lang='lat' dir='ltr'><strong>unumquemque</strong></span> <span class='ocrx_word' id='word_1_593' title='bbox 1254 4317 1728 4386; x_wconf 87' lang='lat' dir='ltr'><strong>supradictorum,</strong></span> <span class='ocrx_word' id='word_1_594' title='bbox 1758 4317 1854 4371; x_wconf 89' lang='lat' dir='ltr'><strong>sed</strong></span> <span class='ocrx_word' id='word_1_595' title='bbox 1895 4318 1950 4371; x_wconf 87' lang='lat' dir='ltr'><strong>in</strong></span> <span class='ocrx_word' id='word_1_596' title='bbox 1997 4318 2096 4371; x_wconf 90' lang='lat' dir='ltr'><strong>tri-</strong></span> 
     </span>
    </p>
   </div>
   <div class='ocr_carea' id='block_1_77' title="bbox 531 4407 1705 4480">
    <p class='ocr_par' dir='ltr' id='par_1_77' title="bbox 531 4407 1705 4480">
     <span class='ocr_line' id='line_1_77' title="bbox 531 4407 1705 4480; baseline -0.002 -16"><span class='ocrx_word' id='word_1_597' title='bbox 531 4408 658 4478; x_wconf 80' lang='lat' dir='ltr'><strong>plici</strong></span> <span class='ocrx_word' id='word_1_598' title='bbox 698 4408 982 4480; x_wconf 87' lang='lat' dir='ltr'><strong>bypostasi</strong></span> <span class='ocrx_word' id='word_1_599' title='bbox 1014 4422 1124 4463; x_wconf 89' lang='lat' dir='ltr'><strong>una</strong></span> <span class='ocrx_word' id='word_1_600' title='bbox 1151 4407 1330 4461; x_wconf 84' lang='lat' dir='ltr'><strong>deitas</strong></span> <span class='ocrx_word' id='word_1_601' title='bbox 1362 4408 1705 4476; x_wconf 85' lang='lat' dir='ltr'><strong>intelligitur.</strong></span> 
     </span>
    </p>
   </div>
   <div class='ocr_carea' id='block_1_78' title="bbox 599 4497 2092 4570">
    <p class='ocr_par' dir='ltr' id='par_1_78' title="bbox 599 4497 2092 4570">
     <span class='ocr_line' id='line_1_78' title="bbox 599 4497 2092 4570; baseline 0.001 -16"><span class='ocrx_word' id='word_1_602' title='bbox 599 4499 1068 4566; x_wconf 84' lang='lat' dir='ltr'><strong>Quemadmodum</strong></span> <span class='ocrx_word' id='word_1_603' title='bbox 1108 4497 1255 4552; x_wconf 88' lang='lat' dir='ltr'><strong>enim</strong></span> <span class='ocrx_word' id='word_1_604' title='bbox 1294 4497 1463 4552; x_wconf 86' lang='lat' dir='ltr'><strong>carbo</strong></span> <span class='ocrx_word' id='word_1_605' title='bbox 1500 4507 1698 4552; x_wconf 87' lang='lat' dir='ltr'><strong>natura</strong></span> <span class='ocrx_word' id='word_1_606' title='bbox 1733 4500 1936 4570; x_wconf 88' lang='lat' dir='ltr'><strong>lignum</strong></span> <span class='ocrx_word' id='word_1_607' title='bbox 1975 4512 2092 4566; x_wconf 88' lang='lat' dir='ltr'><strong>est,</strong></span> 
     </span>
    </p>
   </div>
   <div class='ocr_carea' id='block_1_79' title="bbox 425 4588 2098 4665">
    <p class='ocr_par' dir='ltr' id='par_1_79' title="bbox 425 4588 2098 4665">
     <span class='ocr_line' id='line_1_79' title="bbox 425 4588 2098 4665; baseline 0.001 -19"><span class='ocrx_word' id='word_1_608' title='bbox 425 4657 432 4665; x_wconf 44' lang='grc'><strong>,</strong></span> <span class='ocrx_word' id='word_1_609' title='bbox 527 4600 581 4646; x_wconf 88' lang='lat' dir='ltr'><strong>et</strong></span> <span class='ocrx_word' id='word_1_610' title='bbox 608 4591 810 4660; x_wconf 74' lang='lat' dir='ltr'><strong>alioqui</strong></span> <span class='ocrx_word' id='word_1_611' title='bbox 839 4596 990 4644; x_wconf 89' lang='lat' dir='ltr'><strong>totus</strong></span> <span class='ocrx_word' id='word_1_612' title='bbox 1019 4605 1117 4662; x_wconf 88' lang='lat' dir='ltr'><strong>per</strong></span> <span class='ocrx_word' id='word_1_613' title='bbox 1150 4597 1324 4643; x_wconf 89' lang='lat' dir='ltr'><strong>totum</strong></span> <span class='ocrx_word' id='word_1_614' title='bbox 1357 4588 1482 4659; x_wconf 86' lang='lat' dir='ltr'><strong>igne</strong></span> <span class='ocrx_word' id='word_1_615' title='bbox 1513 4589 1704 4648; x_wconf 84' lang='lat' dir='ltr'><strong>nlenus</strong></span> <span class='ocrx_word' id='word_1_616' title='bbox 1732 4598 1847 4655; x_wconf 89' lang='lat' dir='ltr'><strong>est,</strong></span> <span class='ocrx_word' id='word_1_617' title='bbox 1868 4591 2098 4662; x_wconf 84' lang='lat' dir='ltr'><strong>ejusque</strong></span> 
     </span>
    </p>
   </div>
   <div class='ocr_carea' id='block_1_80' title="bbox 438 4676 2098 4764">
    <p class='ocr_par' dir='ltr' id='par_1_80' title="bbox 528 4676 2098 4752">
     <span class='ocr_line' id='line_1_80' title="bbox 528 4676 2098 4752; baseline 0 -16"><span class='ocrx_word' id='word_1_618' title='bbox 528 4683 636 4736; x_wconf 90' lang='lat' dir='ltr'><strong>vim</strong></span> <span class='ocrx_word' id='word_1_619' title='bbox 678 4697 742 4736; x_wconf 91' lang='lat' dir='ltr'><strong>ac</strong></span> <span class='ocrx_word' id='word_1_620' title='bbox 787 4680 1082 4736; x_wconf 82' lang='lat' dir='ltr'><strong>eﬁicaciam</strong></span> <span class='ocrx_word' id='word_1_621' title='bbox 1120 4679 1314 4744; x_wconf 88' lang='lat' dir='ltr'><strong>habet,</strong></span> <span class='ocrx_word' id='word_1_622' title='bbox 1356 4679 1433 4733; x_wconf 83' lang='lat' dir='ltr'><strong>sic</strong></span> <span class='ocrx_word' id='word_1_623' title='bbox 1460 4686 1515 4734; x_wconf 93' lang='lat' dir='ltr'><strong>et</strong></span> <span class='ocrx_word' id='word_1_624' title='bbox 1548 4676 1782 4735; x_wconf 74' lang='lat' dir='ltr'><strong>Verbum</strong></span> <span class='ocrx_word' id='word_1_625' title='bbox 1823 4681 1966 4752; x_wconf 85' lang='lat' dir='ltr'><strong>ignis</strong></span> <span class='ocrx_word' id='word_1_626' title='bbox 2002 4696 2098 4736; x_wconf 80' lang='lat' dir='ltr'><strong>ex-</strong></span> 
     </span>
    </p>
   </div>
   <div class='ocr_carea' id='block_1_81' title="bbox 529 4771 2094 4838">
    <p class='ocr_par' dir='ltr' id='par_1_81' title="bbox 529 4771 2094 4838">
     <span class='ocr_line' id='line_1_81' title="bbox 529 4771 2094 4838; baseline 0.001 -9"><span class='ocrx_word' id='word_1_627' title='bbox 529 4775 732 4829; x_wconf 79' lang='lat' dir='ltr'><strong>sis&#39;ens</strong></span> <span class='ocrx_word' id='word_1_628' title='bbox 767 4781 826 4826; x_wconf 94' lang='lat' dir='ltr'><strong>ut</strong></span> <span class='ocrx_word' id='word_1_629' title='bbox 860 4771 1038 4837; x_wconf 89' lang='lat' dir='ltr'><strong>Deus,</strong></span> <span class='ocrx_word' id='word_1_630' title='bbox 1069 4789 1088 4823; x_wconf 85' lang='grc' dir='ltr'><strong>ι</strong></span> <span class='ocrx_word' id='word_1_631' title='bbox 1121 4771 1324 4825; x_wconf 84' lang='lat' dir='ltr'><strong>factum</strong></span> <span class='ocrx_word' id='word_1_632' title='bbox 1357 4781 1443 4826; x_wconf 86' lang='lat' dir='ltr'><strong>est</strong></span> <span class='ocrx_word' id='word_1_633' title='bbox 1472 4786 1630 4838; x_wconf 87' lang='lat' dir='ltr'><strong>caro,</strong></span> <span class='ocrx_word' id='word_1_634' title='bbox 1659 4783 1714 4826; x_wconf 92' lang='lat' dir='ltr'><strong>et</strong></span> <span class='ocrx_word' id='word_1_635' title='bbox 1743 4773 2012 4830; x_wconf 82' lang='lat' dir='ltr'><strong>habitavit</strong></span> <span class='ocrx_word' id='word_1_636' title='bbox 2038 4775 2094 4830; x_wconf 91' lang='lat' dir='ltr'><strong>in</strong></span> 
     </span>
    </p>
   </div>
   <div class='ocr_carea' id='block_1_82' title="bbox 527 4860 2095 4929">
    <p class='ocr_par' dir='ltr' id='par_1_82' title="bbox 527 4860 2095 4929">
     <span class='ocr_line' id='line_1_82' title="bbox 527 4860 2095 4929; baseline 0.002 -13"><span class='ocrx_word' id='word_1_637' title='bbox 527 4861 708 4916; x_wconf 92' lang='lat' dir='ltr'><strong>nobis.</strong></span> <span class='ocrx_word' id='word_1_638' title='bbox 738 4880 758 4913; x_wconf 76' lang='grc' dir='ltr'><strong>ι</strong></span> <span class='ocrx_word' id='word_1_639' title='bbox 786 4860 897 4915; x_wconf 86' lang='lat' dir='ltr'><strong>Etsi</strong></span> <span class='ocrx_word' id='word_1_640' title='bbox 942 4875 1072 4915; x_wconf 89' lang='lat' dir='ltr'><strong>vero</strong></span> <span class='ocrx_word' id='word_1_641' title='bbox 1098 4860 1542 4929; x_wconf 85' lang='lat' dir='ltr'><strong>conspiciebatur</strong></span> <span class='ocrx_word' id='word_1_642' title='bbox 1579 4862 1744 4917; x_wconf 88' lang='lat' dir='ltr'><strong>homo</strong></span> <span class='ocrx_word' id='word_1_643' title='bbox 1790 4863 1965 4918; x_wconf 86' lang='lat' dir='ltr'><strong>instar</strong></span> <span class='ocrx_word' id='word_1_644' title='bbox 1996 4879 2095 4919; x_wconf 88' lang='lat' dir='ltr'><strong>no-</strong></span> 
     </span>
    </p>
   </div>
   <div class='ocr_carea' id='block_1_83' title="bbox 527 4952 2094 5022">
    <p class='ocr_par' dir='ltr' id='par_1_83' title="bbox 527 4952 2094 5022">
     <span class='ocr_line' id='line_1_83' title="bbox 527 4952 2094 5022; baseline 0.001 -13"><span class='ocrx_word' id='word_1_645' title='bbox 527 4962 700 5009; x_wconf 85' lang='lat' dir='ltr'><strong>strum</strong></span> <span class='ocrx_word' id='word_1_646' title='bbox 725 4968 790 5009; x_wconf 77' lang='lat' dir='ltr'><strong>ex</strong></span> <span class='ocrx_word' id='word_1_647' title='bbox 821 4952 1247 5022; x_wconf 84' lang='lat' dir='ltr'><strong>dispensationis</strong></span> <span class='ocrx_word' id='word_1_648' title='bbox 1280 4953 1490 5017; x_wconf 83' lang='lat' dir='ltr'><strong>ordine,</strong></span> <span class='ocrx_word' id='word_1_649' title='bbox 1515 4963 1754 5008; x_wconf 89' lang='lat' dir='ltr'><strong>attamen</strong></span> <span class='ocrx_word' id='word_1_650' title='bbox 1785 4970 1945 5011; x_wconf 90' lang='lat' dir='ltr'><strong>omne</strong></span> <span class='ocrx_word' id='word_1_651' title='bbox 1976 4955 2094 5012; x_wconf 85' lang='lat' dir='ltr'><strong>dei-</strong></span> 
     </span>
    </p>
   </div>
   <div class='ocr_carea' id='block_1_84' title="bbox 527 5044 2095 5118">
    <p class='ocr_par' dir='ltr' id='par_1_84' title="bbox 527 5044 2095 5118">
     <span class='ocr_line' id='line_1_84' title="bbox 527 5044 2095 5118; baseline 0.003 -20"><span class='ocrx_word' id='word_1_652' title='bbox 527 5045 656 5100; x_wconf 90' lang='lat' dir='ltr'><strong>tatis</strong></span> <span class='ocrx_word' id='word_1_653' title='bbox 681 5044 1140 5114; x_wconf 87' lang='lat' dir='ltr'><strong>complementum</strong></span> <span class='ocrx_word' id='word_1_654' title='bbox 1171 5044 1225 5098; x_wconf 90' lang='lat' dir='ltr'><strong>in</strong></span> <span class='ocrx_word' id='word_1_655' title='bbox 1256 5058 1322 5098; x_wconf 90' lang='lat' dir='ltr'><strong>eo</strong></span> <span class='ocrx_word' id='word_1_656' title='bbox 1344 5044 1660 5111; x_wconf 87' lang='lat' dir='ltr'><strong>residebat,</strong></span> <span class='ocrx_word' id='word_1_657' title='bbox 1693 5046 1951 5103; x_wconf 88' lang='lat' dir='ltr'><strong>nimirum</strong></span> <span class='ocrx_word' id='word_1_658' title='bbox 1997 5062 2095 5118; x_wconf 90' lang='lat' dir='ltr'><strong>per</strong></span> 
     </span>
    </p>
   </div>
   <div class='ocr_carea' id='block_1_85' title="bbox 529 5133 2090 5206">
    <p class='ocr_par' dir='ltr' id='par_1_85' title="bbox 529 5133 2090 5206">
     <span class='ocr_line' id='line_1_85' title="bbox 529 5133 2090 5206; baseline 0.001 -15"><span class='ocrx_word' id='word_1_659' title='bbox 529 5136 748 5192; x_wconf 85' lang='lat' dir='ltr'><strong>unionis</strong></span> <span class='ocrx_word' id='word_1_660' title='bbox 787 5135 1031 5190; x_wconf 84' lang='lat' dir='ltr'><strong>modum.</strong></span> <span class='ocrx_word' id='word_1_661' title='bbox 1084 5133 1293 5190; x_wconf 86' lang='lat' dir='ltr'><strong>Idcirco</strong></span> <span class='ocrx_word' id='word_1_662' title='bbox 1331 5135 1495 5189; x_wconf 87' lang='lat' dir='ltr'><strong>etiam</strong></span> <span class='ocrx_word' id='word_1_663' title='bbox 1537 5150 1630 5206; x_wconf 90' lang='lat' dir='ltr'><strong>per</strong></span> <span class='ocrx_word' id='word_1_664' title='bbox 1671 5151 1827 5191; x_wconf 82' lang='lat' dir='ltr'><strong>suam</strong></span> <span class='ocrx_word' id='word_1_665' title='bbox 1871 5151 2090 5193; x_wconf 87' lang='lat' dir='ltr'><strong>carnem</strong></span> 
     </span>
    </p>
   </div>
   <div class='ocr_carea' id='block_1_86' title="bbox 528 5223 2090 5298">
    <p class='ocr_par' dir='ltr' id='par_1_86' title="bbox 528 5223 2090 5298">
     <span class='ocr_line' id='line_1_86' title="bbox 528 5223 2090 5298; baseline 0.006 -23"><span class='ocrx_word' id='word_1_666' title='bbox 528 5223 638 5278; x_wconf 87' lang='lat' dir='ltr'><strong>Deo</strong></span> <span class='ocrx_word' id='word_1_667' title='bbox 689 5225 1044 5295; x_wconf 86' lang='lat' dir='ltr'><strong>dignissimas</strong></span> <span class='ocrx_word' id='word_1_668' title='bbox 1094 5225 1296 5281; x_wconf 85' lang='lat' dir='ltr'><strong>habere</strong></span> <span class='ocrx_word' id='word_1_669' title='bbox 1333 5227 1580 5281; x_wconf 84' lang='lat' dir='ltr'><strong>cernitur</strong></span> <span class='ocrx_word' id='word_1_670' title='bbox 1617 5229 1988 5298; x_wconf 88' lang='lat' dir='ltr'><strong>operationes.</strong></span> <span class='ocrx_word' id='word_1_671' title='bbox 2031 5232 2090 5286; x_wconf 87' lang='lat' dir='ltr'><strong>Si</strong></span> 
     </span>
    </p>
   </div>
   <div class='ocr_carea' id='block_1_87' title="bbox 529 5314 2092 5390">
    <p class='ocr_par' dir='ltr' id='par_1_87' title="bbox 529 5314 2092 5390">
     <span class='ocr_line' id='line_1_87' title="bbox 529 5314 2092 5390; baseline 0.007 -23"><span class='ocrx_word' id='word_1_672' title='bbox 529 5329 657 5368; x_wconf 86' lang='lat' dir='ltr'><strong>vero</strong></span> <span class='ocrx_word' id='word_1_673' title='bbox 687 5314 905 5370; x_wconf 84' lang='lat' dir='ltr'><strong>dicatur</strong></span> <span class='ocrx_word' id='word_1_674' title='bbox 938 5315 1152 5386; x_wconf 77' lang='lat' dir='ltr'><strong>forcipe</strong></span> <span class='ocrx_word' id='word_1_675' title='bbox 1182 5316 1342 5386; x_wconf 82' lang='lat' dir='ltr'><strong>capi,</strong></span> <span class='ocrx_word' id='word_1_676' title='bbox 1401 5317 1676 5388; x_wconf 85' lang='lat' dir='ltr'><strong>intelliges</strong></span> <span class='ocrx_word' id='word_1_677' title='bbox 1727 5321 2004 5390; x_wconf 82' lang='lat' dir='ltr'><strong>eleganter</strong></span> <span class='ocrx_word' id='word_1_678' title='bbox 2035 5330 2092 5378; x_wconf 86' lang='lat' dir='ltr'><strong>et</strong></span> 
     </span>
    </p>
   </div>
   <div class='ocr_carea' id='block_1_88' title="bbox 529 5405 2092 5470">
    <p class='ocr_par' dir='ltr' id='par_1_88' title="bbox 529 5405 2092 5470">
     <span class='ocr_line' id='line_1_88' title="bbox 529 5405 2092 5470; baseline 0.005 -11"><span class='ocrx_word' id='word_1_679' title='bbox 529 5405 760 5470; x_wconf 88' lang='lat' dir='ltr'><strong>urbane,</strong></span> <span class='ocrx_word' id='word_1_680' title='bbox 786 5420 888 5461; x_wconf 89' lang='lat' dir='ltr'><strong>nos</strong></span> <span class='ocrx_word' id='word_1_681' title='bbox 920 5408 1066 5460; x_wconf 88' lang='lat' dir='ltr'><strong>circa</strong></span> <span class='ocrx_word' id='word_1_682' title='bbox 1098 5422 1222 5462; x_wconf 90' lang='lat' dir='ltr'><strong>eum</strong></span> <span class='ocrx_word' id='word_1_683' title='bbox 1245 5407 1408 5462; x_wconf 87' lang='lat' dir='ltr'><strong>ﬁdem</strong></span> <span class='ocrx_word' id='word_1_684' title='bbox 1433 5423 1498 5463; x_wconf 88' lang='lat' dir='ltr'><strong>ac</strong></span> <span class='ocrx_word' id='word_1_685' title='bbox 1527 5409 1776 5463; x_wconf 84' lang='lat' dir='ltr'><strong>notitiam</strong></span> <span class='ocrx_word' id='word_1_686' title='bbox 1808 5413 1955 5467; x_wconf 91' lang='lat' dir='ltr'><strong>velut</strong></span> <span class='ocrx_word' id='word_1_687' title='bbox 1991 5413 2092 5467; x_wconf 82' lang='lat' dir='ltr'><strong>ali-</strong></span> 
     </span>
    </p>
   </div>
   <div class='ocr_carea' id='block_1_89' title="bbox 527 5494 2091 5567">
    <p class='ocr_par' dir='ltr' id='par_1_89' title="bbox 527 5494 2091 5567">
     <span class='ocr_line' id='line_1_89' title="bbox 527 5494 2091 5567; baseline 0.006 -19"><span class='ocrx_word' id='word_1_688' title='bbox 527 5509 635 5566; x_wconf 88' lang='lat' dir='ltr'><strong>qua</strong></span> <span class='ocrx_word' id='word_1_689' title='bbox 664 5494 894 5565; x_wconf 85' lang='lat' dir='ltr'><strong>forcipe,</strong></span> <span class='ocrx_word' id='word_1_690' title='bbox 930 5511 1026 5566; x_wconf 87' lang='lat' dir='ltr'><strong>per</strong></span> <span class='ocrx_word' id='word_1_691' title='bbox 1047 5496 1247 5564; x_wconf 86' lang='lat' dir='ltr'><strong>legales</strong></span> <span class='ocrx_word' id='word_1_692' title='bbox 1275 5497 1440 5551; x_wconf 86' lang='lat' dir='ltr'><strong>simul</strong></span> <span class='ocrx_word' id='word_1_693' title='bbox 1467 5505 1529 5550; x_wconf 81' lang='lat' dir='ltr'><strong>&#39;et</strong></span> <span class='ocrx_word' id='word_1_694' title='bbox 1566 5499 1912 5567; x_wconf 87' lang='lat' dir='ltr'><strong>propheticas</strong></span> <span class='ocrx_word' id='word_1_695' title='bbox 1935 5504 2091 5558; x_wconf 89' lang='lat' dir='ltr'><strong>insti-</strong></span> 
     </span>
    </p>
   </div>
   <div class='ocr_carea' id='block_1_90' title="bbox 528 5585 1790 5656">
    <p class='ocr_par' dir='ltr' id='par_1_90' title="bbox 528 5585 1790 5656">
     <span class='ocr_line' id='line_1_90' title="bbox 528 5585 1790 5656; baseline 0.002 -18"><span class='ocrx_word' id='word_1_696' title='bbox 528 5585 792 5652; x_wconf 84' lang='lat' dir='ltr'><strong>tutiones,</strong></span> <span class='ocrx_word' id='word_1_697' title='bbox 823 5586 938 5640; x_wconf 88' lang='lat' dir='ltr'><strong>sive</strong></span> <span class='ocrx_word' id='word_1_698' title='bbox 963 5585 1347 5656; x_wconf 71' lang='lat' dir='ltr'><strong>praedictiones</strong></span> <span class='ocrx_word' id='word_1_699' title='bbox 1377 5593 1431 5638; x_wconf 88' lang='lat' dir='ltr'><strong>et</strong></span> <span class='ocrx_word' id='word_1_700' title='bbox 1455 5586 1790 5640; x_wconf 87' lang='lat' dir='ltr'><strong>testimonia.</strong></span> 
     </span>
    </p>
   </div>
   <div class='ocr_carea' id='block_1_91' title="bbox 602 5697 1736 5778">
    <p class='ocr_par' dir='ltr' id='par_1_91' title="bbox 602 5697 1736 5778">
     <span class='ocr_line' id='line_1_91' title="bbox 602 5697 1736 5778; baseline 0 -26"><span class='ocrx_word' id='word_1_701' title='bbox 602 5699 647 5730; x_wconf 83' lang='lat'><strong>“</strong></span> <span class='ocrx_word' id='word_1_702' title='bbox 684 5698 831 5754; x_wconf 81' lang='lat' dir='ltr'><strong>Psal.</strong></span> <span class='ocrx_word' id='word_1_703' title='bbox 864 5715 1022 5770; x_wconf 64' lang='grc' dir='ltr'>τινι,</span> <span class='ocrx_word' id='word_1_704' title='bbox 1058 5700 1141 5778; x_wconf 75' lang='lat' dir='ltr'><strong>l9.</strong></span> <span class='ocrx_word' id='word_1_705' title='bbox 1181 5710 1184 5712; x_wconf 73' lang='lat'><em>‘</em></span> <span class='ocrx_word' id='word_1_706' title='bbox 1221 5699 1264 5728; x_wconf 86' lang='lat'><strong>&quot;</strong></span> <span class='ocrx_word' id='word_1_707' title='bbox 1307 5697 1514 5751; x_wconf 81' lang='lat' dir='ltr'><strong>Baruch</strong></span> <span class='ocrx_word' id='word_1_708' title='bbox 1551 5714 1646 5764; x_wconf 91' lang='grc' dir='ltr'>ιιι,</span> <span class='ocrx_word' id='word_1_709' title='bbox 1681 5699 1736 5754; x_wconf 80' lang='lat'><strong>5.</strong></span> 
     </span>
    </p>
   </div>
   <div class='ocr_carea' id='block_1_92' title="bbox 2193 3145 3761 3218">
    <p class='ocr_par' dir='ltr' id='par_1_92' title="bbox 2193 3145 3761 3218">
     <span class='ocr_line' id='line_1_92' title="bbox 2193 3145 3761 3218; baseline -0.001 -16"><span class='ocrx_word' id='word_1_710' title='bbox 2193 3150 2376 3202; x_wconf 78' lang='grc' dir='ltr'>κάτω’</span> <span class='ocrx_word' id='word_1_711' title='bbox 2411 3147 2526 3200; x_wconf 84' lang='grc' dir='ltr'>ἀλλ’</span> <span class='ocrx_word' id='word_1_712' title='bbox 2563 3149 2620 3198; x_wconf 87' lang='grc' dir='ltr'><strong>ἐν</strong></span> <span class='ocrx_word' id='word_1_713' title='bbox 2657 3147 2996 3218; x_wconf 77' lang='grc' dir='ltr'>ἀπορρήτοις</span> <span class='ocrx_word' id='word_1_714' title='bbox 3034 3147 3176 3198; x_wconf 76' lang='grc' dir='ltr'>τισὶν</span> <span class='ocrx_word' id='word_1_715' title='bbox 3214 3145 3500 3216; x_wconf 72' lang='grc' dir='ltr'>ὑψώμασιν</span> <span class='ocrx_word' id='word_1_716' title='bbox 3544 3147 3761 3200; x_wconf 80' lang='grc' dir='ltr'>ἐννοιῶν</span> 
     </span>
    </p>
   </div>
   <div class='ocr_carea' id='block_1_93' title="bbox 2191 3237 3759 3308">
    <p class='ocr_par' dir='ltr' id='par_1_93' title="bbox 2191 3237 3759 3308">
     <span class='ocr_line' id='line_1_93' title="bbox 2191 3237 3759 3308; baseline 0.001 -16"><span class='ocrx_word' id='word_1_717' title='bbox 2191 3240 2248 3292; x_wconf 91' lang='grc' dir='ltr'><strong>αί</strong></span> <span class='ocrx_word' id='word_1_718' title='bbox 2275 3239 2550 3293; x_wconf 81' lang='grc' dir='ltr'>ἀνώταται</span> <span class='ocrx_word' id='word_1_719' title='bbox 2586 3238 2864 3308; x_wconf 80' lang='grc' dir='ltr'>δυνάμεις,</span> <span class='ocrx_word' id='word_1_720' title='bbox 2904 3237 2996 3290; x_wconf 81' lang='grc' dir='ltr'>τὸν</span> <span class='ocrx_word' id='word_1_721' title='bbox 3033 3240 3230 3290; x_wconf 81' lang='grc' dir='ltr'>οἰκεῖον</span> <span class='ocrx_word' id='word_1_722' title='bbox 3270 3238 3451 3307; x_wconf 80' lang='grc' dir='ltr'>έχουσι</span> <span class='ocrx_word' id='word_1_723' title='bbox 3485 3240 3626 3293; x_wconf 80' lang='grc' dir='ltr'>νοῦν.</span> <span class='ocrx_word' id='word_1_724' title='bbox 3659 3239 3759 3293; x_wconf 53' lang='lat' dir='ltr'><strong>EG.</strong></span> 
     </span>
    </p>
   </div>
   <div class='ocr_carea' id='block_1_94' title="bbox 2193 3313 3760 3400">
    <p class='ocr_par' dir='ltr' id='par_1_94' title="bbox 2193 3313 3760 3400">
     <span class='ocr_line' id='line_1_94' title="bbox 2193 3313 3760 3400; baseline -0.001 -16"><span class='ocrx_word' id='word_1_725' title='bbox 2193 3313 2374 3400; x_wconf 76' lang='grc' dir='ltr'>φημον</span> <span class='ocrx_word' id='word_1_726' title='bbox 2405 3329 2462 3382; x_wconf 85' lang='grc' dir='ltr'><strong>δὲ</strong></span> <span class='ocrx_word' id='word_1_727' title='bbox 2493 3328 2586 3382; x_wconf 70' lang='grc' dir='ltr'>καὶ</span> <span class='ocrx_word' id='word_1_728' title='bbox 2609 3328 2670 3380; x_wconf 80' lang='grc' dir='ltr'>τὸ</span> <span class='ocrx_word' id='word_1_729' title='bbox 2697 3329 2868 3400; x_wconf 81' lang='grc' dir='ltr'>στόμα</span> <span class='ocrx_word' id='word_1_730' title='bbox 2894 3329 3106 3391; x_wconf 74' lang='grc' dir='ltr'><strong>αὐτοῖς’</strong></span> <span class='ocrx_word' id='word_1_731' title='bbox 3135 3327 3472 3396; x_wconf 77' lang='grc' dir='ltr'>δοξολογοῦσι</span> <span class='ocrx_word' id='word_1_732' title='bbox 3502 3331 3634 3400; x_wconf 84' lang='grc' dir='ltr'>γὰρ.</span> <span class='ocrx_word' id='word_1_733' title='bbox 3666 3332 3760 3382; x_wconf 77' lang='grc' dir='ltr'>καὶ</span> 
     </span>
    </p>
   </div>
   <div class='ocr_carea' id='block_1_95' title="bbox 2192 3420 3762 3491">
    <p class='ocr_par' dir='ltr' id='par_1_95' title="bbox 2192 3420 3762 3491">
     <span class='ocr_line' id='line_1_95' title="bbox 2192 3420 3762 3491; baseline -0.003 -17"><span class='ocrx_word' id='word_1_734' title='bbox 2192 3421 2350 3475; x_wconf 79' lang='grc' dir='ltr'>τοῦτο</span> <span class='ocrx_word' id='word_1_735' title='bbox 2389 3421 2447 3487; x_wconf 84' lang='grc' dir='ltr'>ἐξ</span> <span class='ocrx_word' id='word_1_736' title='bbox 2473 3420 2732 3491; x_wconf 78' lang='grc' dir='ltr'>ἀμοιὸῆς,</span> <span class='ocrx_word' id='word_1_737' title='bbox 2757 3421 2816 3472; x_wconf 85' lang='grc' dir='ltr'>οὑ</span> <span class='ocrx_word' id='word_1_738' title='bbox 2842 3420 2929 3474; x_wconf 84' lang='grc' dir='ltr'>διά</span> <span class='ocrx_word' id='word_1_739' title='bbox 2959 3437 3022 3488; x_wconf 89' lang='grc' dir='ltr'><strong>γε</strong></span> <span class='ocrx_word' id='word_1_740' title='bbox 3050 3421 3110 3473; x_wconf 85' lang='grc' dir='ltr'>τὸ</span> <span class='ocrx_word' id='word_1_741' title='bbox 3135 3422 3381 3488; x_wconf 83' lang='grc' dir='ltr'>κάμνειν,</span> <span class='ocrx_word' id='word_1_742' title='bbox 3408 3421 3762 3491; x_wconf 66' lang='grc' dir='ltr'>παραχωροῦφ</span> 
     </span>
    </p>
   </div>
   <div class='ocr_carea' id='block_1_96' title="bbox 2189 3509 3759 3581">
    <p class='ocr_par' dir='ltr' id='par_1_96' title="bbox 2189 3509 3759 3581">
     <span class='ocr_line' id='line_1_96' title="bbox 2189 3509 3759 3581; baseline -0.002 -15"><span class='ocrx_word' id='word_1_743' title='bbox 2189 3527 2287 3566; x_wconf 77' lang='grc' dir='ltr'><strong>σαι</strong></span> <span class='ocrx_word' id='word_1_744' title='bbox 2320 3511 2518 3581; x_wconf 83' lang='grc' dir='ltr'>μᾶλλον</span> <span class='ocrx_word' id='word_1_745' title='bbox 2542 3511 2641 3573; x_wconf 76' lang='grc' dir='ltr'><strong>τὰς</strong></span> <span class='ocrx_word' id='word_1_746' title='bbox 2669 3510 2836 3580; x_wconf 83' lang='grc' dir='ltr'>τιμὰς</span> <span class='ocrx_word' id='word_1_747' title='bbox 2866 3510 3143 3580; x_wconf 80' lang='grc' dir='ltr'>ἀλλήλαις,</span> <span class='ocrx_word' id='word_1_748' title='bbox 3177 3511 3270 3564; x_wconf 68' lang='grc' dir='ltr'>καὶ</span> <span class='ocrx_word' id='word_1_749' title='bbox 3299 3509 3759 3580; x_wconf 77' lang='grc' dir='ltr'>ἀντιδωρούμεναι</span> 
     </span>
    </p>
   </div>
   <div class='ocr_carea' id='block_1_97' title="bbox 2193 3600 3762 3672">
    <p class='ocr_par' dir='ltr' id='par_1_97' title="bbox 2193 3600 3762 3672">
     <span class='ocr_line' id='line_1_97' title="bbox 2193 3600 3762 3672; baseline -0.003 -16"><span class='ocrx_word' id='word_1_750' title='bbox 2193 3603 2291 3666; x_wconf 79' lang='grc' dir='ltr'><strong>τὰς</strong></span> <span class='ocrx_word' id='word_1_751' title='bbox 2318 3602 2652 3670; x_wconf 79' lang='grc' dir='ltr'>δοξολογίας’</span> <span class='ocrx_word' id='word_1_752' title='bbox 2687 3603 2863 3657; x_wconf 87' lang='grc' dir='ltr'>πάντα</span> <span class='ocrx_word' id='word_1_753' title='bbox 2891 3602 2999 3672; x_wconf 82' lang='grc' dir='ltr'>γὰρ</span> <span class='ocrx_word' id='word_1_754' title='bbox 3035 3603 3094 3653; x_wconf 85' lang='grc' dir='ltr'><strong>ἐν</strong></span> <span class='ocrx_word' id='word_1_755' title='bbox 3134 3603 3323 3671; x_wconf 83' lang='grc' dir='ltr'>κόσμῳ</span> <span class='ocrx_word' id='word_1_756' title='bbox 3353 3601 3419 3654; x_wconf 76' lang='grc' dir='ltr'><strong>τὰ</strong></span> <span class='ocrx_word' id='word_1_757' title='bbox 3469 3600 3601 3654; x_wconf 78' lang='grc' dir='ltr'>ἄνω.</span> <span class='ocrx_word' id='word_1_758' title='bbox 3626 3601 3762 3672; x_wconf 63' lang='grc' dir='ltr'>Τρὶς</span> 
     </span>
    </p>
   </div>
   <div class='ocr_carea' id='block_1_98' title="bbox 2194 3691 3761 3763">
    <p class='ocr_par' dir='ltr' id='par_1_98' title="bbox 2194 3691 3761 3763">
     <span class='ocr_line' id='line_1_98' title="bbox 2194 3691 3761 3763; baseline -0.003 -13"><span class='ocrx_word' id='word_1_759' title='bbox 2194 3693 2250 3750; x_wconf 86' lang='grc' dir='ltr'><strong>δέ</strong></span> <span class='ocrx_word' id='word_1_760' title='bbox 2280 3691 2364 3757; x_wconf 80' lang='grc' dir='ltr'>τὸ,</span> <span class='ocrx_word' id='word_1_761' title='bbox 2386 3694 2552 3762; x_wconf 62' lang='grc' dir='ltr'>ἅγιος</span> <span class='ocrx_word' id='word_1_762' title='bbox 2602 3694 2872 3761; x_wconf 83' lang='grc' dir='ltr'>λέγοντες,</span> <span class='ocrx_word' id='word_1_763' title='bbox 2911 3692 3290 3746; x_wconf 84' lang='grc' dir='ltr'>κατακλείουσι</span> <span class='ocrx_word' id='word_1_764' title='bbox 3317 3692 3415 3763; x_wconf 78' lang='grc' dir='ltr'>τὴν</span> <span class='ocrx_word' id='word_1_765' title='bbox 3457 3691 3761 3759; x_wconf 76' lang='grc' dir='ltr'>δοξολογίαν</span> 
     </span>
    </p>
   </div>
   <div class='ocr_carea' id='block_1_99' title="bbox 2195 3781 3758 3853">
    <p class='ocr_par' dir='ltr' id='par_1_99' title="bbox 2195 3781 3758 3853">
     <span class='ocr_line' id='line_1_99' title="bbox 2195 3781 3758 3853; baseline -0.002 -17"><span class='ocrx_word' id='word_1_766' title='bbox 2195 3785 2274 3846; x_wconf 83' lang='grc' dir='ltr'><strong>είς</strong></span> <span class='ocrx_word' id='word_1_767' title='bbox 2307 3782 2390 3846; x_wconf 81' lang='grc' dir='ltr'>τὸ,</span> <span class='ocrx_word' id='word_1_768' title='bbox 2439 3802 2457 3833; x_wconf 82' lang='grc' dir='ltr'><strong>ι</strong></span> <span class='ocrx_word' id='word_1_769' title='bbox 2485 3782 2685 3852; x_wconf 83' lang='grc' dir='ltr'>Κύριος</span> <span class='ocrx_word' id='word_1_770' title='bbox 2721 3781 2970 3844; x_wconf 81' lang='grc' dir='ltr'>Σαϐαὼθ,</span> <span class='ocrx_word' id='word_1_771' title='bbox 3001 3801 3020 3835; x_wconf 75' lang='grc' dir='ltr'><strong>ι</strong></span> <span class='ocrx_word' id='word_1_772' title='bbox 3071 3783 3128 3835; x_wconf 88' lang='lat' dir='ltr'><strong>tv</strong></span> <span class='ocrx_word' id='word_1_773' title='bbox 3166 3783 3261 3853; x_wconf 81' lang='grc' dir='ltr'><strong>μιᾷ</strong></span> <span class='ocrx_word' id='word_1_774' title='bbox 3291 3781 3504 3850; x_wconf 86' lang='grc' dir='ltr'>φύσεως</span> <span class='ocrx_word' id='word_1_775' title='bbox 3549 3782 3758 3849; x_wconf 84' lang='grc' dir='ltr'>θεότητι</span> 
     </span>
    </p>
   </div>
   <div class='ocr_carea' id='block_1_100' title="bbox 2193 3872 3762 3946">
    <p class='ocr_par' dir='ltr' id='par_1_100' title="bbox 2193 3872 3762 3946">
     <span class='ocr_line' id='line_1_100' title="bbox 2193 3872 3762 3946; baseline -0.001 -20"><span class='ocrx_word' id='word_1_776' title='bbox 2193 3875 2294 3946; x_wconf 81' lang='grc' dir='ltr'>τὴν</span> <span class='ocrx_word' id='word_1_777' title='bbox 2325 3875 2486 3942; x_wconf 81' lang='grc' dir='ltr'>ἁγίαν</span> <span class='ocrx_word' id='word_1_778' title='bbox 2518 3873 2756 3937; x_wconf 78' lang='grc' dir='ltr'>τιθέντες</span> <span class='ocrx_word' id='word_1_779' title='bbox 2799 3873 3022 3945; x_wconf 80' lang='grc' dir='ltr'>Τριάδα.</span> <span class='ocrx_word' id='word_1_780' title='bbox 3066 3873 3390 3942; x_wconf 80' lang='grc' dir='ltr'>’Υφεστάναι</span> <span class='ocrx_word' id='word_1_781' title='bbox 3429 3873 3535 3943; x_wconf 83' lang='grc' dir='ltr'>γὰρ</span> <span class='ocrx_word' id='word_1_782' title='bbox 3571 3872 3762 3943; x_wconf 81' lang='grc' dir='ltr'>ὁμολο-</span> 
     </span>
    </p>
   </div>
   <div class='ocr_carea' id='block_1_101' title="bbox 2196 3963 3757 4038">
    <p class='ocr_par' dir='ltr' id='par_1_101' title="bbox 2196 3963 3757 4038">
     <span class='ocr_line' id='line_1_101' title="bbox 2196 3963 3757 4038; baseline -0.004 -19"><span class='ocrx_word' id='word_1_783' title='bbox 2196 3967 2476 4038; x_wconf 85' lang='grc' dir='ltr'>γουμένως</span> <span class='ocrx_word' id='word_1_784' title='bbox 2505 3965 2682 4034; x_wconf 76' lang='grc' dir='ltr'>φαμὲν</span> <span class='ocrx_word' id='word_1_785' title='bbox 2711 3964 2801 4016; x_wconf 75' lang='grc' dir='ltr'>τὸν</span> <span class='ocrx_word' id='word_1_786' title='bbox 2837 3965 3076 4034; x_wconf 83' lang='grc' dir='ltr'>Πατέρα,</span> <span class='ocrx_word' id='word_1_787' title='bbox 3101 3963 3242 4017; x_wconf 74' lang='grc' dir='ltr'>οὕτω</span> <span class='ocrx_word' id='word_1_788' title='bbox 3264 3964 3321 4017; x_wconf 84' lang='grc' dir='ltr'><strong>δέ</strong></span> <span class='ocrx_word' id='word_1_789' title='bbox 3359 3963 3450 4016; x_wconf 78' lang='grc' dir='ltr'>καὶ</span> <span class='ocrx_word' id='word_1_790' title='bbox 3493 3963 3582 4016; x_wconf 84' lang='grc' dir='ltr'>τὸν</span> <span class='ocrx_word' id='word_1_791' title='bbox 3612 3963 3757 4028; x_wconf 71' lang='grc' dir='ltr'>Υίὺν,</span> 
     </span>
    </p>
   </div>
   <div class='ocr_carea' id='block_1_102' title="bbox 2196 4053 3760 4124">
    <p class='ocr_par' dir='ltr' id='par_1_102' title="bbox 2196 4053 3760 4124">
     <span class='ocr_line' id='line_1_102' title="bbox 2196 4053 3760 4124; baseline -0.001 -14"><span class='ocrx_word' id='word_1_792' title='bbox 2196 4056 2292 4110; x_wconf 77' lang='grc' dir='ltr'>καὶ</span> <span class='ocrx_word' id='word_1_793' title='bbox 2319 4056 2381 4108; x_wconf 79' lang='grc' dir='ltr'><strong>το</strong></span> <span class='ocrx_word' id='word_1_794' title='bbox 2414 4055 2638 4124; x_wconf 80' lang='grc' dir='ltr'>Πνεῦμα</span> <span class='ocrx_word' id='word_1_795' title='bbox 2669 4055 2728 4107; x_wconf 83' lang='grc' dir='ltr'>τὸ</span> <span class='ocrx_word' id='word_1_796' title='bbox 2759 4053 2930 4120; x_wconf 76' lang='grc' dir='ltr'>ἃγιον,</span> <span class='ocrx_word' id='word_1_797' title='bbox 2975 4056 3069 4106; x_wconf 75' lang='grc' dir='ltr'>καὶ</span> <span class='ocrx_word' id='word_1_798' title='bbox 3105 4054 3262 4123; x_wconf 83' lang='grc' dir='ltr'>λόγος</span> <span class='ocrx_word' id='word_1_799' title='bbox 3292 4055 3463 4118; x_wconf 73' lang='grc' dir='ltr'>οὐδεὶς</span> <span class='ocrx_word' id='word_1_800' title='bbox 3491 4055 3760 4124; x_wconf 84' lang='grc' dir='ltr'>διατέμνει</span> 
     </span>
    </p>
   </div>
   <div class='ocr_carea' id='block_1_103' title="bbox 2195 4145 3759 4221">
    <p class='ocr_par' dir='ltr' id='par_1_103' title="bbox 2195 4145 3759 4221">
     <span class='ocr_line' id='line_1_103' title="bbox 2195 4145 3759 4221; baseline -0.003 -19"><span class='ocrx_word' id='word_1_801' title='bbox 2195 4150 2330 4221; x_wconf 71' lang='grc' dir='ltr'>πρὸς</span> <span class='ocrx_word' id='word_1_802' title='bbox 2357 4150 2649 4219; x_wconf 81' lang='grc' dir='ltr'>ἑτερότητα</span> <span class='ocrx_word' id='word_1_803' title='bbox 2676 4147 2908 4221; x_wconf 64' lang='grc' dir='ltr'>φυσικὴν</span> <span class='ocrx_word' id='word_1_804' title='bbox 2939 4147 3046 4198; x_wconf 88' lang='grc' dir='ltr'><strong>τῶν</strong></span> <span class='ocrx_word' id='word_1_805' title='bbox 3085 4145 3486 4221; x_wconf 74' lang='grc' dir='ltr'>ὠνομασμένων</span> <span class='ocrx_word' id='word_1_806' title='bbox 3513 4146 3759 4208; x_wconf 73' lang='grc' dir='ltr'>ἕκαστον,</span> 
     </span>
    </p>
   </div>
   <div class='ocr_carea' id='block_1_104' title="bbox 2196 4208 3551 4312">
    <p class='ocr_par' dir='ltr' id='par_1_104' title="bbox 2196 4208 3551 4312">
     <span class='ocr_line' id='line_1_104' title="bbox 2196 4208 3551 4312; baseline -0.002 -18"><span class='ocrx_word' id='word_1_807' title='bbox 2196 4208 2325 4294; x_wconf 67' lang='grc' dir='ltr'><strong>ἀλλ’⁷</strong></span> <span class='ocrx_word' id='word_1_808' title='bbox 2345 4241 2401 4294; x_wconf 77' lang='grc' dir='ltr'><strong>ἐν</strong></span> <span class='ocrx_word' id='word_1_809' title='bbox 2428 4208 2764 4295; x_wconf 65' lang='grc' dir='ltr'>ύποστάσεσι</span> <span class='ocrx_word' id='word_1_810' title='bbox 2793 4208 2942 4312; x_wconf 73' lang='grc' dir='ltr'>τρισὶ</span> <span class='ocrx_word' id='word_1_811' title='bbox 2970 4241 3174 4296; x_wconf 82' lang='grc' dir='ltr'>νοεῖται</span> <span class='ocrx_word' id='word_1_812' title='bbox 3196 4208 3325 4310; x_wconf 37' lang='grc' dir='ltr'>’μίαΙ</span> <span class='ocrx_word' id='word_1_813' title='bbox 3343 4208 3551 4308; x_wconf 69' lang='grc' dir='ltr'>θεότης.</span> 
     </span>
    </p>
   </div>
   <div class='ocr_carea' id='block_1_105' title="bbox 2273 4497 3763 4575">
    <p class='ocr_par' dir='ltr' id='par_1_105' title="bbox 2273 4497 3763 4575">
     <span class='ocr_line' id='line_1_105' title="bbox 2273 4497 3763 4575; baseline -0.005 -19"><span class='ocrx_word' id='word_1_814' title='bbox 2273 4503 2482 4572; x_wconf 80' lang='grc' dir='ltr'>Ὠσπερ</span> <span class='ocrx_word' id='word_1_815' title='bbox 2510 4501 2616 4571; x_wconf 82' lang='grc' dir='ltr'><strong>γὰρ</strong></span> <span class='ocrx_word' id='word_1_816' title='bbox 2635 4502 2664 4552; x_wconf 86' lang='grc' dir='ltr'><strong>ὁ</strong></span> <span class='ocrx_word' id='word_1_817' title='bbox 2691 4499 2912 4570; x_wconf 79' lang='grc' dir='ltr'>ἄνθραξ,</span> <span class='ocrx_word' id='word_1_818' title='bbox 2938 4502 3002 4570; x_wconf 76' lang='grc' dir='ltr'><strong>τῇ</strong></span> <span class='ocrx_word' id='word_1_819' title='bbox 3041 4498 3200 4575; x_wconf 81' lang='grc' dir='ltr'>φύσει</span> <span class='ocrx_word' id='word_1_820' title='bbox 3243 4497 3399 4564; x_wconf 77' lang='grc' dir='ltr'>ξύλον</span> <span class='ocrx_word' id='word_1_821' title='bbox 3438 4498 3584 4561; x_wconf 79' lang='grc' dir='ltr'>ἐστὶ,</span> <span class='ocrx_word' id='word_1_822' title='bbox 3620 4497 3763 4567; x_wconf 76' lang='grc' dir='ltr'>πλὴν</span> 
     </span>
    </p>
   </div>
   <div class='ocr_carea' id='block_1_106' title="bbox 2200 4578 3762 4658">
    <p class='ocr_par' dir='ltr' id='par_1_106' title="bbox 2200 4578 3762 4658">
     <span class='ocr_line' id='line_1_106' title="bbox 2200 4578 3762 4658; baseline -0.025 14"><span class='ocrx_word' id='word_1_823' title='bbox 2200 4590 2318 4652; x_wconf 68' lang='grc' dir='ltr'>ὅλος</span> <span class='ocrx_word' id='word_1_824' title='bbox 2339 4587 2546 4641; x_wconf 59' lang='grc' dir='ltr'><strong>δι’δλου</strong></span> <span class='ocrx_word' id='word_1_825' title='bbox 2591 4578 2934 4658; x_wconf 51' lang='grc' dir='ltr'><strong>μεμέστωέαι</strong></span> <span class='ocrx_word' id='word_1_826' title='bbox 2971 4587 3066 4640; x_wconf 71' lang='grc' dir='ltr'><strong>τοῦ</strong></span> <span class='ocrx_word' id='word_1_827' title='bbox 3111 4587 3300 4658; x_wconf 80' lang='grc' dir='ltr'>πυρὸς,</span> <span class='ocrx_word' id='word_1_828' title='bbox 3341 4588 3436 4639; x_wconf 78' lang='grc' dir='ltr'>καὶ</span> <span class='ocrx_word' id='word_1_829' title='bbox 3461 4586 3558 4658; x_wconf 76' lang='grc' dir='ltr'>τὴν</span> <span class='ocrx_word' id='word_1_830' title='bbox 3597 4586 3762 4647; x_wconf 68' lang='grc' dir='ltr'>αὑτοῦ</span> 
     </span>
    </p>
   </div>
   <div class='ocr_carea' id='block_1_107' title="bbox 2197 4677 3764 4751">
    <p class='ocr_par' dir='ltr' id='par_1_107' title="bbox 2197 4677 3764 4751">
     <span class='ocr_line' id='line_1_107' title="bbox 2197 4677 3764 4751; baseline -0.005 -15"><span class='ocrx_word' id='word_1_831' title='bbox 2197 4682 2428 4751; x_wconf 84' lang='grc' dir='ltr'>δύναμιν</span> <span class='ocrx_word' id='word_1_832' title='bbox 2457 4681 2553 4734; x_wconf 75' lang='grc' dir='ltr'>καὶ</span> <span class='ocrx_word' id='word_1_833' title='bbox 2601 4680 2884 4749; x_wconf 84' lang='grc' dir='ltr'>ἐνέργειαν</span> <span class='ocrx_word' id='word_1_834' title='bbox 2922 4679 3054 4749; x_wconf 74' lang='grc' dir='ltr'>ἔχει,</span> <span class='ocrx_word' id='word_1_835' title='bbox 3092 4679 3356 4732; x_wconf 74' lang='grc' dir='ltr'>οὕτωκαὶ</span> <span class='ocrx_word' id='word_1_836' title='bbox 3382 4679 3411 4730; x_wconf 85' lang='grc' dir='ltr'>ὁ</span> <span class='ocrx_word' id='word_1_837' title='bbox 3452 4679 3622 4745; x_wconf 88' lang='grc' dir='ltr'>Λόγος</span> <span class='ocrx_word' id='word_1_838' title='bbox 3652 4677 3764 4746; x_wconf 82' lang='grc' dir='ltr'>πῦρ</span> 
     </span>
    </p>
   </div>
   <div class='ocr_carea' id='block_1_108' title="bbox 2196 4770 3758 4843">
    <p class='ocr_par' dir='ltr' id='par_1_108' title="bbox 2196 4770 3758 4843">
     <span class='ocr_line' id='line_1_108' title="bbox 2196 4770 3758 4843; baseline -0.006 -13"><span class='ocrx_word' id='word_1_839' title='bbox 2196 4773 2292 4837; x_wconf 80' lang='grc' dir='ltr'>ὢν,</span> <span class='ocrx_word' id='word_1_840' title='bbox 2321 4773 2396 4838; x_wconf 84' lang='grc' dir='ltr'>ὡς</span> <span class='ocrx_word' id='word_1_841' title='bbox 2417 4773 2568 4838; x_wconf 82' lang='grc' dir='ltr'>Θεὸς,</span> <span class='ocrx_word' id='word_1_842' title='bbox 2597 4793 2615 4825; x_wconf 82' lang='grc' dir='ltr'><strong>ι</strong></span> <span class='ocrx_word' id='word_1_843' title='bbox 2635 4772 2826 4843; x_wconf 85' lang='grc' dir='ltr'>γέγονε</span> <span class='ocrx_word' id='word_1_844' title='bbox 2851 4770 3005 4842; x_wconf 83' lang='grc' dir='ltr'>σὰρξ,</span> <span class='ocrx_word' id='word_1_845' title='bbox 3029 4771 3124 4824; x_wconf 76' lang='grc' dir='ltr'>καὶ</span> <span class='ocrx_word' id='word_1_846' title='bbox 3150 4772 3458 4842; x_wconf 74' lang='grc' dir='ltr'>ἐσκήνωσεν</span> <span class='ocrx_word' id='word_1_847' title='bbox 3477 4772 3535 4823; x_wconf 90' lang='lat' dir='ltr'><strong>tv</strong></span> <span class='ocrx_word' id='word_1_848' title='bbox 3562 4771 3716 4840; x_wconf 77' lang='grc' dir='ltr'>ἡμῖν.</span> <span class='ocrx_word' id='word_1_849' title='bbox 3740 4787 3758 4820; x_wconf 78' lang='grc' dir='ltr'><strong>ι</strong></span> 
     </span>
    </p>
   </div>
   <div class='ocr_carea' id='block_1_109' title="bbox 2212 4859 3766 4935">
    <p class='ocr_par' dir='ltr' id='par_1_109' title="bbox 2212 4859 3766 4935">
     <span class='ocr_line' id='line_1_109' title="bbox 2212 4859 3766 4935; baseline -0.003 -15"><span class='ocrx_word' id='word_1_850' title='bbox 2212 4866 2352 4920; x_wconf 71' lang='grc' dir='ltr'>Ἀλλ’</span> <span class='ocrx_word' id='word_1_851' title='bbox 2383 4867 2433 4922; x_wconf 76' lang='grc' dir='ltr'><strong>εί</strong></span> <span class='ocrx_word' id='word_1_852' title='bbox 2470 4866 2564 4919; x_wconf 75' lang='grc' dir='ltr'>καὶ</span> <span class='ocrx_word' id='word_1_853' title='bbox 2590 4859 2661 4935; x_wconf 80' lang='grc' dir='ltr'>ἦν</span> <span class='ocrx_word' id='word_1_854' title='bbox 2692 4864 2810 4918; x_wconf 85' lang='grc' dir='ltr'>καθ’</span> <span class='ocrx_word' id='word_1_855' title='bbox 2838 4864 2986 4933; x_wconf 80' lang='grc' dir='ltr'>ἡμᾶς</span> <span class='ocrx_word' id='word_1_856' title='bbox 3014 4861 3288 4933; x_wconf 80' lang='grc' dir='ltr'>ὁρώμενος</span> <span class='ocrx_word' id='word_1_857' title='bbox 3309 4861 3590 4933; x_wconf 79' lang='grc' dir='ltr'>ἄνθρωπος</span> <span class='ocrx_word' id='word_1_858' title='bbox 3622 4862 3766 4916; x_wconf 79' lang='grc' dir='ltr'>οίκο-</span> 
     </span>
    </p>
   </div>
   <div class='ocr_carea' id='block_1_110' title="bbox 2201 4951 3766 5028">
    <p class='ocr_par' dir='ltr' id='par_1_110' title="bbox 2201 4951 3766 5028">
     <span class='ocr_line' id='line_1_110' title="bbox 2201 4951 3766 5028; baseline -0.003 -17"><span class='ocrx_word' id='word_1_859' title='bbox 2201 4957 2461 5028; x_wconf 86' lang='grc' dir='ltr'>νομικῶς,</span> <span class='ocrx_word' id='word_1_860' title='bbox 2495 4957 2608 5010; x_wconf 80' lang='grc' dir='ltr'>ἀλλ’</span> <span class='ocrx_word' id='word_1_861' title='bbox 2643 4951 2735 5012; x_wconf 81' lang='grc' dir='ltr'><strong>οὖν</strong></span> <span class='ocrx_word' id='word_1_862' title='bbox 2769 4955 2914 5012; x_wconf 73' lang='grc' dir='ltr'>ἅπαν</span> <span class='ocrx_word' id='word_1_863' title='bbox 2945 4954 3006 5006; x_wconf 81' lang='grc' dir='ltr'>τὸ</span> <span class='ocrx_word' id='word_1_864' title='bbox 3051 4955 3150 5024; x_wconf 83' lang='grc' dir='ltr'>τῆς</span> <span class='ocrx_word' id='word_1_865' title='bbox 3193 4953 3446 5023; x_wconf 85' lang='grc' dir='ltr'>θεότητος</span> <span class='ocrx_word' id='word_1_866' title='bbox 3490 4951 3766 5021; x_wconf 79' lang='grc' dir='ltr'>πλήρωμα</span> 
     </span>
    </p>
   </div>
   <div class='ocr_carea' id='block_1_111' title="bbox 2203 5041 3767 5118">
    <p class='ocr_par' dir='ltr' id='par_1_111' title="bbox 2203 5041 3767 5118">
     <span class='ocr_line' id='line_1_111' title="bbox 2203 5041 3767 5118; baseline -0.006 -16"><span class='ocrx_word' id='word_1_867' title='bbox 2203 5048 2520 5118; x_wconf 81' lang='grc' dir='ltr'>κατῴκησεν</span> <span class='ocrx_word' id='word_1_868' title='bbox 2559 5048 2616 5100; x_wconf 88' lang='lat' dir='ltr'><strong>tv</strong></span> <span class='ocrx_word' id='word_1_869' title='bbox 2636 5045 2800 5116; x_wconf 79' lang='grc' dir='ltr'>αὐτῷ,</span> <span class='ocrx_word' id='word_1_870' title='bbox 2834 5045 2974 5100; x_wconf 84' lang='grc' dir='ltr'>κατά</span> <span class='ocrx_word' id='word_1_871' title='bbox 3009 5044 3072 5113; x_wconf 83' lang='grc' dir='ltr'><strong>γέ</strong></span> <span class='ocrx_word' id='word_1_872' title='bbox 3105 5062 3248 5115; x_wconf 83' lang='grc' dir='ltr'>φημι</span> <span class='ocrx_word' id='word_1_873' title='bbox 3275 5044 3366 5098; x_wconf 79' lang='grc' dir='ltr'>τὸν</span> <span class='ocrx_word' id='word_1_874' title='bbox 3395 5043 3493 5114; x_wconf 83' lang='grc' dir='ltr'><strong>τῆς</strong></span> <span class='ocrx_word' id='word_1_875' title='bbox 3521 5041 3767 5104; x_wconf 83' lang='grc' dir='ltr'>ἐνώσεως</span> 
     </span>
    </p>
   </div>
   <div class='ocr_carea' id='block_1_112' title="bbox 2197 5135 3796 5211">
    <p class='ocr_par' dir='ltr' id='par_1_112' title="bbox 2197 5135 3796 5211">
     <span class='ocr_line' id='line_1_112' title="bbox 2197 5135 3796 5211; baseline -0.004 -19"><span class='ocrx_word' id='word_1_876' title='bbox 2197 5140 2419 5211; x_wconf 86' lang='grc' dir='ltr'>τρόπον.</span> <span class='ocrx_word' id='word_1_877' title='bbox 2449 5137 2637 5210; x_wconf 85' lang='grc' dir='ltr'>Ταύτῃ</span> <span class='ocrx_word' id='word_1_878' title='bbox 2663 5155 2746 5191; x_wconf 91' lang='grc' dir='ltr'><strong>τοι</strong></span> <span class='ocrx_word' id='word_1_879' title='bbox 2775 5137 2870 5191; x_wconf 75' lang='grc' dir='ltr'>καὶ</span> <span class='ocrx_word' id='word_1_880' title='bbox 2893 5137 2982 5190; x_wconf 84' lang='grc' dir='ltr'><strong>διὰ</strong></span> <span class='ocrx_word' id='word_1_881' title='bbox 3008 5138 3108 5207; x_wconf 82' lang='grc' dir='ltr'><strong>τῆς</strong></span> <span class='ocrx_word' id='word_1_882' title='bbox 3141 5137 3276 5200; x_wconf 86' lang='grc' dir='ltr'>ίδίας</span> <span class='ocrx_word' id='word_1_883' title='bbox 3299 5136 3517 5207; x_wconf 80' lang='grc' dir='ltr'>σαρκὸς,</span> <span class='ocrx_word' id='word_1_884' title='bbox 3539 5135 3768 5204; x_wconf 86' lang='grc' dir='ltr'>θεοπρε-</span> <span class='ocrx_word' id='word_1_885' title='bbox 3793 5165 3796 5168; x_wconf 84' lang='lat'><strong><em>~</em></strong></span> 
     </span>
    </p>
   </div>
   <div class='ocr_carea' id='block_1_113' title="bbox 2196 5224 3767 5302">
    <p class='ocr_par' dir='ltr' id='par_1_113' title="bbox 2196 5224 3767 5302">
     <span class='ocr_line' id='line_1_113' title="bbox 2196 5224 3767 5302; baseline -0.005 -17"><span class='ocrx_word' id='word_1_886' title='bbox 2196 5231 2470 5294; x_wconf 78' lang='grc' dir='ltr'>πεστάτας</span> <span class='ocrx_word' id='word_1_887' title='bbox 2519 5231 2658 5300; x_wconf 73' lang='grc' dir='ltr'>ἔχων</span> <span class='ocrx_word' id='word_1_888' title='bbox 2689 5232 2882 5302; x_wconf 79' lang='grc' dir='ltr'>ὁρᾶται</span> <span class='ocrx_word' id='word_1_889' title='bbox 2910 5231 3009 5293; x_wconf 82' lang='grc' dir='ltr'><strong>τὰς</strong></span> <span class='ocrx_word' id='word_1_890' title='bbox 3049 5230 3350 5302; x_wconf 85' lang='grc' dir='ltr'>ἐνεργείας.</span> <span class='ocrx_word' id='word_1_891' title='bbox 3385 5229 3446 5281; x_wconf 84' lang='grc' dir='ltr'><strong>Εἰ</strong></span> <span class='ocrx_word' id='word_1_892' title='bbox 3473 5227 3529 5280; x_wconf 84' lang='grc' dir='ltr'><strong>δέ</strong></span> <span class='ocrx_word' id='word_1_893' title='bbox 3577 5226 3643 5297; x_wconf 82' lang='grc' dir='ltr'><strong>δὴ</strong></span> <span class='ocrx_word' id='word_1_894' title='bbox 3675 5224 3767 5278; x_wconf 85' lang='grc' dir='ltr'>λέ-</span> 
     </span>
    </p>
   </div>
   <div class='ocr_carea' id='block_1_114' title="bbox 2197 5314 3766 5390">
    <p class='ocr_par' dir='ltr' id='par_1_114' title="bbox 2197 5314 3766 5390">
     <span class='ocr_line' id='line_1_114' title="bbox 2197 5314 3766 5390; baseline -0.004 -18"><span class='ocrx_word' id='word_1_895' title='bbox 2197 5337 2346 5388; x_wconf 89' lang='grc' dir='ltr'>γοιτο</span> <span class='ocrx_word' id='word_1_896' title='bbox 2389 5323 2455 5390; x_wconf 81' lang='grc' dir='ltr'><strong>τῇ</strong></span> <span class='ocrx_word' id='word_1_897' title='bbox 2480 5319 2657 5372; x_wconf 79' lang='grc' dir='ltr'>λαδίδι</span> <span class='ocrx_word' id='word_1_898' title='bbox 2690 5319 3079 5390; x_wconf 78' lang='grc' dir='ltr'>λαμϐάνεσθαι,</span> <span class='ocrx_word' id='word_1_899' title='bbox 3117 5320 3367 5388; x_wconf 85' lang='grc' dir='ltr'>συνήσεις</span> <span class='ocrx_word' id='word_1_900' title='bbox 3397 5315 3648 5378; x_wconf 80' lang='grc' dir='ltr'>ἀστείως,</span> <span class='ocrx_word' id='word_1_901' title='bbox 3680 5314 3766 5367; x_wconf 78' lang='grc' dir='ltr'>ὅτι</span> 
     </span>
    </p>
   </div>
   <div class='ocr_carea' id='block_1_115' title="bbox 2197 5399 3769 5479">
    <p class='ocr_par' dir='ltr' id='par_1_115' title="bbox 2197 5399 3769 5479">
     <span class='ocr_line' id='line_1_115' title="bbox 2197 5399 3769 5479; baseline -0.006 -18"><span class='ocrx_word' id='word_1_902' title='bbox 2197 5409 2296 5479; x_wconf 80' lang='grc' dir='ltr'>τὴν</span> <span class='ocrx_word' id='word_1_903' title='bbox 2329 5409 2415 5460; x_wconf 81' lang='grc' dir='ltr'><strong>ἐπ’</strong></span> <span class='ocrx_word' id='word_1_904' title='bbox 2446 5407 2594 5478; x_wconf 82' lang='grc' dir='ltr'>αὐτῷ</span> <span class='ocrx_word' id='word_1_905' title='bbox 2621 5408 2802 5464; x_wconf 83' lang='grc' dir='ltr'>πίστιν</span> <span class='ocrx_word' id='word_1_906' title='bbox 2830 5408 2925 5461; x_wconf 81' lang='grc' dir='ltr'>καὶ</span> <span class='ocrx_word' id='word_1_907' title='bbox 2946 5408 3145 5475; x_wconf 88' lang='grc' dir='ltr'>γνῶσιν</span> <span class='ocrx_word' id='word_1_908' title='bbox 3165 5405 3415 5474; x_wconf 86' lang='grc' dir='ltr'>καθάπερ</span> <span class='ocrx_word' id='word_1_909' title='bbox 3441 5401 3549 5455; x_wconf 81' lang='grc' dir='ltr'>τινὶ</span> <span class='ocrx_word' id='word_1_910' title='bbox 3586 5399 3769 5453; x_wconf 78' lang='grc' dir='ltr'>λαὸίδι</span> 
     </span>
    </p>
   </div>
   <div class='ocr_carea' id='block_1_116' title="bbox 2197 5492 3769 5569">
    <p class='ocr_par' dir='ltr' id='par_1_116' title="bbox 2197 5492 3769 5569">
     <span class='ocr_line' id='line_1_116' title="bbox 2197 5492 3769 5569; baseline -0.007 -18"><span class='ocrx_word' id='word_1_911' title='bbox 2197 5499 2485 5569; x_wconf 74' lang='grc' dir='ltr'>δεχόμεθα,</span> <span class='ocrx_word' id='word_1_912' title='bbox 2517 5499 2604 5553; x_wconf 76' lang='grc' dir='ltr'><strong>διὰ</strong></span> <span class='ocrx_word' id='word_1_913' title='bbox 2636 5499 2880 5568; x_wconf 84' lang='grc' dir='ltr'>νομικῶν</span> <span class='ocrx_word' id='word_1_914' title='bbox 2899 5515 2956 5550; x_wconf 88' lang='grc' dir='ltr'>τε</span> <span class='ocrx_word' id='word_1_915' title='bbox 2989 5497 3102 5567; x_wconf 70' lang='grc' dir='ltr'>ἅμα</span> <span class='ocrx_word' id='word_1_916' title='bbox 3124 5496 3219 5550; x_wconf 72' lang='grc' dir='ltr'>καὶ</span> <span class='ocrx_word' id='word_1_917' title='bbox 3249 5492 3602 5567; x_wconf 83' lang='grc' dir='ltr'>προφητικῶν</span> <span class='ocrx_word' id='word_1_918' title='bbox 3634 5505 3769 5543; x_wconf 64' lang='grc' dir='ltr'>παι-</span> 
     </span>
    </p>
   </div>
   <div class='ocr_carea' id='block_1_117' title="bbox 2195 5582 3620 5661">
    <p class='ocr_par' dir='ltr' id='par_1_117' title="bbox 2195 5582 3620 5661">
     <span class='ocr_line' id='line_1_117' title="bbox 2195 5582 3620 5661; baseline -0.006 -19"><span class='ocrx_word' id='word_1_919' title='bbox 2195 5591 2494 5659; x_wconf 80' lang='grc' dir='ltr'>δευμάτων,</span> <span class='ocrx_word' id='word_1_920' title='bbox 2529 5592 2647 5660; x_wconf 72' lang='grc' dir='ltr'>ἦτοι</span> <span class='ocrx_word' id='word_1_921' title='bbox 2682 5589 3132 5661; x_wconf 78' lang='grc' dir='ltr'>προαγορεύσεων</span> <span class='ocrx_word' id='word_1_922' title='bbox 3164 5588 3256 5641; x_wconf 71' lang='grc' dir='ltr'>καὶ</span> <span class='ocrx_word' id='word_1_923' title='bbox 3287 5582 3620 5656; x_wconf 84' lang='grc' dir='ltr'>μαρτυριῶν.</span> 
     </span>
    </p>
   </div>
  </div>
