4062 6208
308 316 404 373 ιοι

1115 312 1180 368 IN
1218 309 1558 368 JOA’NNEM.
1592 342 1661 355 --
1685 312 1813 368 LIB.
1855 310 1949 368 VII
1992 260 2091 369 ΕΤχ
2123 312 2233 369 VIII
2263 311 2711 371 FRAGMENTA.

3445 319 3547 376 I0!

380 436 569 503 Ὅμως
615 428 729 500 μέν
756 448 844 487 τοι
895 430 993 485 καὶ
1035 430 1104 484 ἐκ
1151 428 1274 484 τῶν
1316 430 1624 501 ἀρχόντων
1669 429 1885 486 πολλοὶ

2060 428 2149 482 XM
2173 471 2186 495 ,
2220 400 2310 484 42.
2349 429 2547 486 Tamen
2581 440 2630 487 et
2656 443 2729 486 (ex
2760 429 3086 501 principibus
3114 433 3270 487 multi
3313 437 3548 492 credide-

308 526 682 580 ἐπίστευσαν
716 525 803 588 εις
845 523 1052 587 αὐτὸν,
1087 522 1182 576 καὶ
1212 522 1285 575 τὰ
1314 522 1460 593 ἑξῆς.

379 618 493 672 Νῦν
529 615 631 686 μέν
666 631 750 668 τοι
788 613 1188 684 συνωθούμενοι
1232 613 1338 669 ὑπὸ
1365 612 1475 667 τῶν
1515 612 1758 684 σημείων
1786 612 1881 675 «είς

310 710 371 765 τὸ
401 707 699 771 πιστεύειν,
746 706 842 759 καὶ
871 705 1055 761 οὐκέτι
1101 704 1412 776 τολμῶντες
1465 706 1767 773 ἀντιλέγειν
1804 703 1881 774 τῷ

314 799 516 871 Κυρίῳ,
554 797 880 851 ἐκπίπτουσι
907 796 1009 866 τῆς
1055 796 1278 849 αἰωνίου
1321 795 1487 867 ζωῆς,
1526 798 1757 867 ιπιμονῇ
1781 794 1882 866 τ’ῆς

314 886 520 942 ἑαυτῶν
551 883 857 954 βδελυρίας,
886 882 985 958 τὴν
1011 885 1093 948 εἰς
1114 883 1437 953 ἀνθρώπους
1457 882 1591 938 αἰδὼ
1621 885 1721 954 τῆς
1744 884 1883 955 πρὸς

311 981 443 1033 Θεὸν
485 978 813 1040 οίκειώσεως
845 958 1327 1049 ⁸προειειμιίιονιιωτες,
1376 979 1472 1033 καὶ
1524 979 1682 1051 δόξης
1714 996 1882 1051 προσ·

312 1070 501 1141 καίρου
554 1067 730 1125 δοῦλοι
778 1068 953 1133 ὅντες,
1006 1069 1281 1141 ἀφόρητον
1333 1070 1627 1140 ἡγούμενοι
1677 1071 1881 1140 ζημίαν

308 1162 372 1215 τὸ
401 1162 654 1215 ἐκπεσεῖν
691 1158 791 1224 τῆς
814 1159 878 1211 ὲκ
908 1156 1019 1210 τῶν
1046 1158 1358 1228 Φαρισαίων
1392 1159 1573 1229 τιμῆς.
1613 1159 1768 1213 Ἐπεί)⁸
1788 1154 1881 1214 οῦν

308 1252 469 1311 τοῦτο
492 1246 560 1322 ἦν
597 1250 659 1305 τί)
685 1249 893 1303 κωλύον
920 1250 1119 1314 αὐτοὺς
1149 1250 1445 1308 πιστεῦσαι
1471 1252 1614 1313 τότε,
1649 1252 1881 1308 ἄκουσον

230 1360 235 1367 ·
307 1345 362 1398 τί
392 1360 560 1414 φησιν
588 1342 617 1394 ὁ
638 1341 894 1413 Χριστός.

390 1436 453 1486 '0
495 1433 796 1486 πιστεύων
853 1434 941 1498 εις
988 1432 1127 1502 ἐμὲ,
1172 1435 1244 1488 οὐ
1294 1435 1564 1488 πιστεύει
1621 1437 1709 1502 εις
1752 1434 1878 1506 ἐμὲ,

309 1527 447 1582 ἀλλ’
469 1528 555 1591 εἰς
580 1525 686 1578 τὸν
714 1525 1038 1595 πέμψαντά
1057 1543 1154 1596 με,
1189 1527 1285 1580 καὶ
1312 1526 1381 1580 τὰ
1416 1524 1563 1598 ἑξῆς.

382 1619 588 1689 Κράζει
630 1617 687 1672 δὲ
721 1618 870 1691 παρὰ
903 1618 966 1671 τὸ
1015 1619 1203 1683 είωθδς
1242 1618 1454 1690 ἑαυτῷ,
1488 1619 1698 1691 ἐλέγχει
1746 1619 1802 1673 δὲ
1844 1622 1878 1692 ἡ

311 1709 528 1779 κραυγὴ
550 1709 661 1764 τῶν
687 1709 1096 1765 πιστευσάντων
1136 1709 1236 1780 μὲν
1262 1712 1340 1774 εἰς
1377 1710 1558 1774 αὐτὸν,
1588 1711 1688 1763 οὐκ
1717 1712 1880 1778 ἐγκα-

1988 530 2109 572 runt
2145 522 2200 574 in
2242 538 2382 585 eum,
2413 530 2520 577 etc.

2056 610 2347 667 Enimvero
2372 612 2483 683 jam
2501 614 2772 683 compulsi
2794 613 3082 670 miraculis
3104 614 3173 669 ad
3194 616 3548 685 credendum,

1986 716 2088 756 nec
2113 702 2253 755 ultra
2282 703 2549 757 audentes
2572 704 2949 759 contradicere
2976 703 3231 771 Domino,
3258 706 3329 760 ab
3347 715 3553 763 eterna

1988 794 2097 848 vita
2129 795 2394 849 excidunt
2418 812 2433 849 :
2463 796 2667 865 quippe
2696 796 2751 849 in
2774 810 2873 851 sua
2913 796 3157 865 nequitia
3184 796 3459 852 obﬁrmati
3487 812 3552 852 ac

1986 894 2425 955 perseverames,
2459 886 2726 957 pudorem
2762 903 2825 941 ac
2857 888 3240 943 verecundiam
3270 888 3550 943 hominum

1986 976 2082 1031 Dei
2128 979 2304 1032 amori
2345 993 2408 1034 ac
2448 978 2825 1049 conjunctioni
2855 984 3214 1049 anteponunt,
3253 987 3555 1034 momenta-

1985 1083 2106 1123 neae
2139 1070 2328 1138 gloriae
2352 1070 2515 1135 servi,
2546 1071 2748 1140 quibu‘s
2784 1068 3127 1124 intoleranda
3155 1068 3369 1139 jactura
3399 1068 3554 1124 vide-

1984 1165 2095 1219 tur,
2126 1158 2170 1211 si
2202 1158 2489 1217 honorem.
2540 1172 2701 1227 quem
2744 1157 2885 1227 apud
2930 1156 3240 1214 Pharisa'os
3267 1158 3550 1223 obtinent,

1985 1247 2290 1301 emiserint.
2324 1246 2778 1316 Quandoquidem
2826 1248 2993 1318 igitur
3042 1247 3143 1302 hoc
3192 1264 3286 1304 eos
3340 1249 3554 1319 quomi-

1986 1352 2091 1394 nus
2114 1339 2404 1393 crederent
2448 1340 2773 1405 cohibebat,
2802 1338 2928 1393 audi
2952 1340 3083 1410 quid
3107 1341 3253 1395 dicat
3273 1340 3551 1396 Christus.

2054 1426 2178 1493 XII,
2217 1429 2309 1484 44.
2363 1429 2469 1497 Qui
2517 1431 2684 1485 credit
2733 1431 2792 1485 in
2838 1446 2955 1496 me,
3010 1447 3114 1486 non
3154 1432 3322 1487 credit
3365 1433 3420 1487 in
3451 1447 3550 1493 me.

1986 1517 2077 1574 sed
2108 1520 2165 1573 in
2196 1537 2316 1575 eum
2350 1511 2614 1592 qui'ntisit
2643 1538 2747 1589 me,
2780 1533 2885 1578 etc.

2058 1611 2405 1669 Vociferatur
2436 1622 2637 1684 praeter
2668 1629 2874 1671 morem
2911 1630 3105 1681 suum,
3131 1622 3297 1687 atque
3327 1615 3429 1669 hac
3458 1627 3555 1667 vo-

1987 1706 2310 1762 ciferatione
2340 1707 2778 1777 intempestivum
2808 1708 3071 1777 pudorem
3095 1722 3285 1762 eorum
3314 1708 3405 1777 qui
3430 1720 3555 1762 cre-

310 1795 635 1865 λυψαμὲνων
667 1795 721 1849 δὲ
745 1795 849 1862 ἔτι,
881 1795 982 1868 τὴν
1011 1797 1242 1868 ἄκαιρον
1283 1798 1436 1855 «tuo.
1470 1800 1546 1853 Οὐ
1579 1799 1690 1869 γὰρ
1724 1799 1882 1869 λελη-

1986 1796 2210 1862 debent,
2240 1797 2474 1852 necdum
2510 1807 2693 1854 tamen
2729 1800 2907 1868 palam
2952 1803 3053 1853 hoc
3100 1798 3352 1869 agebant,
3395 1811 3555 1852 coar-

312 1884 480 1948 θότως
501 1884 761 1955 τιμᾶσθαι
792 1885 1039 1957 βούλεται
1070 1886 1222 1959 παρὰ
1241 1887 1351 1941 τῶν
1383 1886 1682 1958 θαυμάζειν
1719 1888 1881 1943 αὐτὸν

310 1974 670 2045 βουλομένων,
696 1974 833 2028 ἀλλὰ
863 1974 1133 2047 φανερῶς.
1161 1976 1373 2048 Χρῆναι
1394 1976 1502 2047 γάρ
1532 1975 1881 2047 ὑπελάμϐανε

304 2071 409 2136 τὴν
437 2067 540 2137 μιν
564 2068 749 2123 πίστιν
786 2068 1141 2123 ἀποτίθεσθαι
1164 2071 1231 2140 τῇ
1265 2070 1483 2141 καρδίᾳ,
1521 2070 1791 2125 ποιεῖσθαί
1818 2084 1882 2140 γε

311 2160 419 2230 μὴν
463 2162 523 2213 ὲν
572 2162 857 2233 παρρησίᾳ
890 2161 1057 2232 πολλῇ
1102 2161 1204 2232 τὴν
1249 2162 1337 2215 ἐπ’
1384 2163 1521 2233 αὐτῇ
1566 2164 1884 2235 σοφωτάτην

308 2250 616 2320 ὁμολογίαν.
666 2252 883 2323 Ἐπειδὴ
929 2252 986 2306 δὲ
1025 2253 1157 2317 Θεδς
1202 2251 1345 2306 κατὰ
1391 2253 1553 2323 φύσιν
1596 2255 1880 2327 ὑπάρχων,

306 2342 408 2411 τὴν
443 2342 565 2395 καθ’
607 2343 756 2413 ἡμᾶς
789 2343 956 2395 ὑπέδυ
1003 2343 1236 2415 μορφὴν,
1271 2347 1622 2416 παραιτεῖται
1664 2348 1886 2418 γυμνῶς

308 2435 389 2496 είς
421 2433 717 2504 μισούντων
746 2433 915 2496 ἀκοὰς
956 2435 1037 2497 είς
1073 2435 1136 2487 τὸ
1186 2435 1361 2506 παρὸν
1411 2436 1606 2499 εἰπεῖν,
1648 2437 1730 2490 ὅτι
1778 2439 1884 2510 χρὴ

308 2525 597 2579 πιστεύειν
640 2525 714 2587 είς
741 2524 924 2591 αὐτὸν,
974 2525 1150 2581 καίτοι
1181 2525 1444 2590 πολλάκις
1488 2527 1648 2581 τοῦτο
1680 2528 1882 2582 εἰπών·

312 2613 782 2683 οἶκονομικὼτατα
815 2613 869 2667 δὲ
915 2615 1026 2668 τῶν
1056 2616 1425 2687 νενοσηκότων
1476 2619 1565 2671 ἐπ’
1606 2616 1756 2689 αύτῷ
1794 2614 1886 2672 τὸν

306 2703 612 2759 ἁτίθασσον
648 2702 838 2772 φθόνον
865 2702 1187 2775 καταϐραχὺ
1219 2707 1598 2779 προσερεθίζει
1644 2709 1736 2761 τὸν
1763 2707 1887 2763 νοῦν

307 2790 686 2845 καθικνεῖσθαι
715 2791 853 2862 πρὸς
886 2792 949 2845 τὸ
980 2791 1143 2863 βάθος
1175 2794 1283 2848 τῶν
1318 2796 1449 2866 περὶ
1483 2796 1645 2851 αὑτὸν
1682 2814 1887 2869 μυστη-

311 2884 468 2965 ρίων,
498 2884 597 2936 οὐκ
620 2884 721 2946 εἰς.
734 2882 1077 2955 ἀνθρώπινον
1107 2884 1419 2965 πρόσωπον,
1455 2885 1572 2941 ἀλλ’
1603 2888 1680 2949 είς
1706 2889 1767 2942 τὸ
1787 2891 1886 2959 τῆς

307 2960 462 3038 θείας
498 2973 706 3037 οὐσίας,
734 2973 812 3036 ὡς
847 2974 1149 3045 νοουμένης
1180 2976 1278 3045 τῆς
1305 2960 1557 3046 θεότητος
1581 2978 1887 3050 ὁλοκλήρως

308 3069 367 3122 ὲν
395 3066 472 3136 τῷ
502 3064 780 3135 προσώπῳ
810 3064 905 3118 τοῦ
933 3063 1069 3118 Θεοῦ
1096 3068 1191 3119 καὶ
1228 3067 1462 3139 Πατρός.
1494 3070 1649 3139 Ἔχει
1685 3070 1796 3145 γὰρ
1826 3072 1884 3125 ἐν

310 3156 492 3226 ἑαυτῷ
521 3154 615 3207 τὸν
670 3152 800 3206 Υίὺν
855 3152 952 3207 καὶ
1011 3154 1073 3208 τὸ
1122 3155 1363 3227 Πνεῦμα.
1410 3151 1592 3213 Δι’ὦν
1628 3161 1738 3232 γάρ
1784 3179 1887 3233 φη-

309 3264 428 3300 σιν·
485 3265 507 3297 ι
541 3246 600 3300 ’0
643 3245 919 3300 πιστεύων
964 3249 1044 3311 είς
1092 3247 1214 3318 εμὲ,
1254 3250 1314 3302 οὐ
1351 3250 1595 3305 πιστεύει
1640 3253 1718 3316 είς
1763 3255 1882 3323 ἐμὲ,

304 3338 417 3393 ἀλλ’
474 3336 557 3398 εἰς
612 3336 704 3388 τὸν
770 3334 1065 3405 πέμψαντά
1119 3352 1187 3407 με
1209 3376 1224 3399 ,
1281 3355 1299 3387 ι
1345 3338 1443 3392 οὐκ
1496 3338 1602 3406 ἔξω
1672 3340 1885 3408 τίθησιν

303 3426 501 3481 ἑαυτὸν
531 3426 630 3480 τοῦ
674 3427 1027 3481 πιστεύεσθαι
1072 3428 1205 3498 παρ’
1250 3430 1408 3500 ἡμῶν
1450 3430 1531 3483 ὅτι
1567 3412 1707 3494 Θεὸς.
1746 3431 1885 3487 κατὰ

308 3521 470 3587 φύσιν
503 3518 623 3572 ἐστὶ
655 3516 749 3573 καὶ
794 3520 859 3573 ὲκ
906 3518 1043 3574 Θεοῦ
1084 3520 1293 3592 πέφηνε
1349 3523 1594 3592 Πατρόςο
1637 3523 1753 3577 ἀλλ’
1796 3525 1883 3577 ὲν-

307 3612 544 3681 τιχνως,
598 3610 744 3663 καθά
791 3611 1024 3682 εῐρηται,
1074 3611 1509 3684 μεταχειρίζεται
1547 3614 1685 3686 πρὸς
1734 3613 1885 3671 εὐσέ-

308 3700 462 3755 ϐειαν
489 3701 601 3754 τῶν
645 3701 1018 3757 ἀσθενούντων
1048 3705 1141 3758 τὸν
1185 3704 1330 3769 νοῦν,
1381 3705 1467 3758 ἵνα
1507 3705 1749 3760 τοιοῦτον
1797 3708 1882 3762 ιν-

307 3793 434 3861 νοῇς
456 3790 717 3858 λέγοντα·
750 3792 918 3845 Ὅταν
962 3795 1040 3856 είς
1067 3794 1165 3864 ἐμὲ
1196 3793 1488 3864 πιστεύητε
1514 3794 1603 3849 τὸν
1629 3796 1698 3850 δι’
1741 3798 1884 3868 ὑμᾶς

306 3883 599 3954 ἄνθρωπον
632 3882 756 3935 καθ’
786 3884 953 3954 ὑμᾶς,
984 3885 1114 3939 Θεὸν
1147 3887 1202 3940 δὲ
1230 3887 1296 3940 δι’
1331 3885 1542 3951 ἑαυτὸν,
1583 3889 1678 3941 καὶ
1706 3888 1796 3944 τὸν
1823 3888 1884 3957 ἐξ

198 4004 209 4015 ,
305 3969 478 4043 οὗπέρ
519 3974 636 4043 είμι
669 3972 915 4043 Πατέρα,
946 3973 1018 4045 μὴ
1053 3972 1325 4046 ἀνθρώπῳ
1353 3975 1454 4047 τὴν
1479 3977 1661 4032 πίστιν
1697 3980 1883 4036 άνατι-

306 4064 459 4119 θέναι
506 4062 791 4132 νομίσητε.
826 4063 957 4134 Εἰμὶ
998 4063 1107 4134 γὰρ
1144 4064 1297 4118 οὐδὲν
1342 4062 1507 4137 ἦττον
1548 4068 1690 4122 κατὰ
1721 4069 1881 4138 φύσιν

306 4150 461 4214 Θεὸς,
491 4151 589 4205 καὶ
618 4153 668 4205 εἰ
695 4153 960 4222 φαίνομαι
997 4152 1122 4206 καθ’
1162 4152 1341 4224 ὑμᾶς·
1371 4154 1481 4224 ἔχω
1518 4156 1574 4211 δὲ
1614 4158 1675 4213 ὲν
1704 4158 1882 4232 ἐαυτῷ

306 4240 398 4295 τὺν
431 4245 775 4312 γεννήσαντα
793 4259 807 4274 ο
838 4241 974 4311 ἐμοῦ
1003 4244 1293 4314 τοιγαροῦν
1315 4245 1467 4310 ὄντος
1491 4249 1775 4318 ὁμοουσίου
1801 4251 1880 4321 τῷ

306 4332 687 4402 γεγεννηκότι,
741 4332 1055 4402 διαϐήσεται
1095 4332 1313 4397 πάντως
1359 4336 1393 4405 ἡ
1442 4336 1624 4400 πίστις
1678 4339 1773 4392 καὶ
1799 4342 1882 4405 είς

307 4420 472 4477 αὐτὸν
498 4421 595 4476 τὸν
640 4412 879 4493 Πατέρα.
924 4422 1101 4492 Ὅπερ
1134 4418 1227 4477 οὖν
1269 4422 1513 4495 ἔφημεν,
1559 4430 1878 4502 καταδραχὺ

309 4510 730 4578 μεταπαιδεύων
766 4514 795 4565 ὁ
842 4511 1046 4583 Κύριος
1075 4513 1169 4566 ἐπὶ
1195 4513 1255 4567 τὸ
1283 4508 1525 4584 ἄμεινον,
1564 4520 1660 4572 καὶ
1690 4522 1879 4592 χρησί-

307 4618 429 4668 μως
461 4600 786 4656 ἀναπλέκων
812 4601 890 4671 τῷ
927 4602 1224 4676 θεοπρεπετ
1255 4603 1312 4658 τὸ
1346 4604 1706 4681 ἀνθρώπινον,
1742 4610 1878 4680 εφα-

306 4706 470 4744 σ-ιιεν·
506 4709 528 4743 ι
563 4693 622 4746 '0
676 4692 948 4747 πιστεύων
992 4696 1074 4759 είς
1106 4694 1225 4765 ἐμὲ,
1263 4713 1281 4747 ι
1325 4698 1418 4752 καὶ
1458 4699 1529 4753 τὰ
1572 4700 1721 4771 ἑξῆς.
1759 4701 1880 4758 Ὀτι

309 4781 416 4850 μὲν
439 4782 545 4853 γάρ
566 4782 668 4836 οὐκ
696 4783 777 4847 είς
808 4784 1094 4856 ἄνθρωπον
1134 4787 1320 4852 ἁπλῶς
1347 4790 1381 4860 ἡ
1422 4787 1622 4857 πίστις,
1655 4792 1771 4846 ἀλλ’
1800 4796 1878 4859 είς

302 4868 451 4923 Θεοῦ
473 4871 655 4939 φύσιν,
680 4874 731 4925 εἰ
762 4874 856 4927 καὶ
893 4869 963 4944 ἦν
989 4875 1018 4926 ὁ
1050 4874 1221 4944 Λόγος
1252 4878 1309 4930 ὲν
1342 4877 1526 4950 σαρκὶ,
1556 4879 1643 4934 διὰ
1678 4879 1774 4935 τοῦ
1805 4882 1880 4951 μὴ

302 4962 389 5025 εἰς
419 4962 585 5014 αὐτὸν
618 4963 955 5033 πράττεσθαι
988 4963 1088 5035 τὴν
1113 4965 1296 5034 φύσιν,
1334 4961 1393 5020 εὖ
1430 4967 1574 5037 μάλα
1611 4968 1881 5040 διαμεμή-

302 5069 492 5106 νυκεν.
520 5054 644 5106 ὀτι
666 5052 723 5106 δέ
769 5056 918 5108 ἐστιν
961 5056 1020 5109 ὲν
1050 5055 1337 5127 ταυτότητι
1379 5060 1442 5128 τῇ
1491 5059 1631 5112 κατά
1667 5060 1777 5113 πᾶν
1802 5058 1881 5132 τῷ

300 5142 430 5215 Θεῷ
470 5145 569 5198 καὶ
604 5144 803 5215 Πατρὶ,
833 5144 922 5198 διὰ
953 5143 1052 5216 τὴν
1085 5147 1321 5219 φυσικὴν
1356 5148 1655 5221 ἐμφέρειαν
1696 5151 1789 5204 καὶ
1818 5150 1881 5205 τὸ

300 5239 407 5302 τῆς
439 5236 628 5300 οὐσίας
655 5237 819 5290 οἱονεὶ
854 5238 1180 5304 ταυτοειδὲς,
1214 5238 1459 5308 διεσάφει
1488 5240 1660 5311 λέγων
1680 5258 1694 5273 ⁸

388 5326 540 5395 Ἐγὼ
581 5326 709 5396 φῶς
759 5329 848 5395 εις
889 5327 996 5383 τὸν
1043 5332 1276 5399 κόσμον
1316 5330 1620 5399 ἐλήλυθα,
1665 5334 1759 5389 καὶ
1811 5335 1882 5390 τὰ

298 5416 458 5487 ἑξῆς.

390 5508 527 5561 Ἰδοὺ
563 5508 725 5564 πάλιν
758 5512 839 5575 είς
887 5511 1080 5566 ἑαυτὸν
1112 5512 1348 5583 ἁρπάζει
1375 5513 1474 5589 τὴν
1528 5516 1740 5584 πίστιν,
1786 5518 1882 5572 καὶ

296 5594 399 5648 δύο
428 5598 573 5651 κατὰ
597 5600 795 5653 ταυτὸν
820 5601 1045 5666 ἑξανύει
1080 5603 1150 5656 τά
1179 5604 1593 5675 χρησιμώτατα.
1630 5607 1750 5670 Φῶς
1781 5608 1880 5677 μὲν

299 5684 416 5753 γάρ
475 5687 665 5743 ἑαυτὸν
710 5690 973 5761 ὑπάρχειν
1021 5693 1331 5763 ὁμολογῶν,
1387 5695 1516 5747 Θεὸν
1562 5697 1689 5749 ὅντα
1736 5698 1873 5751 κατᾶ

1914 3117 1956 3174 C

1986 1888 2123 1958 guit.
2154 1886 2341 1958 Neque
2364 1890 2510 1943 enim
2542 1890 2777 1946 latenter
2805 1891 2873 1945 ab
2904 1890 2971 1945 iis
2998 1891 3090 1960 qui
3116 1890 3397 1962 suspicere
3428 1905 3552 1946 eum

1984 1979 2175 2033 volunt
2220 1988 2273 2034 et
2331 1980 2656 2050 complecti,
2707 1982 2801 2037 sed
2845 1990 3030 2053 aperte
3061 1983 3167 2037 coli
3202 1983 3336 2037 vult.
3378 1984 3556 2053 Atque

1985 2069 2122 2125 adeo
2150 2071 2499 2127 existimabat
2551 2072 2709 2127 fidem
2761 2074 2813 2128 in
2864 2074 3209 2144 penitissimo
3261 2072 3427 2130 corde
3472 2089 3556 2131 re.

1983 2160 2322 2229 ponendam,
2372 2170 2629 2218 caeterum
2678 2179 2890 2218 summa
2937 2165 3182 2219 libertate
3223 2164 3383 2237 712
3434 2164 3554 2233 ejus

1986 2250 2385 2308 confessionem
2433 2255 2877 2324 expromendam.
2919 2255 3374 2324 Quandoquidem
3426 2266 3554 2308 vero

1989 2342 2132 2399 Dens
2171 2345 2475 2400 secundum
2517 2326 2769 2400 naturam
2805 2347 3079 2402 exsistens
3108 2355 3350 2401 nostram
3383 2344 3553 2401 subiit

1986 2432 2239 2498 formam,
2263 2448 2372 2488 non
2394 2435 2512 2488 vult
2541 2435 2682 2488 nude
2718 2448 2781 2489 ac
2812 2435 3136 2505 simpliciter
3161 2434 3301 2505 apud
3324 2435 3554 2490 infestos

1986 2530 2040 2577 et
2066 2537 2258 2578 osores
2316 2523 2371 2577 in
2410 2524 2701 2593 praesentia
2740 2525 3018 2593 proﬁteri,
3053 2525 3197 2595 quod
3232 2527 3286 2578 in
3334 2541 3393 2581 se
3429 2540 3551 2579 cre-

1987 2612 2224 2668 dendum
2259 2613 2370 2679 sit,
2409 2614 2625 2669 tametsi
2658 2614 2763 2669 hoc
2808 2629 2951 2686 saepe
2997 2614 3133 2670 alias
3181 2614 3420 2670 dixerit:
3456 2614 3550 2669 sed

1988 2700 2227 2755 maxime
2251 2700 2593 2757 (economice
2612 2717 2801 2757 eorum
2833 2703 2924 2771 qui
2951 2702 3553 2772 implacabilis‘invidiai

1988 2792 2180 2847 morbo
2210 2792 2264 2847 in
2296 2806 2357 2847 se
2391 2792 2641 2848 laborant
2666 2834 2681 2858 ,
2719 2794 2984 2863 paulatim
3014 2795 3256 2849 animum
3293 2799 3553 2863 provocat

1987 2884 2053 2938 ad
2082 2884 2469 2954 penetrandam
2498 2886 2889 2956 mysteriorum
2908 2885 3072 2939 circa
3105 2885 3280 2955 ipsum
3304 2885 3552 2939 altitudi-

1988 2989 2134 3038 nem,
2170 2981 2223 3028 et
2254 2991 2367 3031 non
2400 2976 2655 3032 humanae
2688 2977 2783 3032 sed
2825 2976 3024 3032 divinae
3061 2976 3317 3032 essentia
3359 2991 3554 3046 perso.

1989 3079 2112 3119 nam
2138 3104 2153 3128 ,
2189 3080 2289 3121 ceu
2331 3067 2385 3121 in
2424 3067 2743 3120 universum
2792 3068 2965 3133 deitas
3011 3068 3063 3121 in
3101 3079 3334 3135 persona
3366 3064 3460 3121 Dei
3488 3076 3554 3119 ac

1987 3151 2168 3208 Putris
2201 3155 2561 3226 intelligatur.
2595 3153 2770 3209 Habet
2799 3156 2945 3209 enim
2976 3154 3031 3209 in
3065 3155 3248 3223 seipse
3271 3152 3468 3208 Filium
3499 3160 3555 3209 et

1948 3231 1962 3243 ’
1988 3244 2249 3314 Spiritum
2282 3256 2564 3301 sanctum}
2586 3246 2721 3300 Nam
2755 3261 2850 3316 per
2878 3260 3001 3314 quae
3022 3245 3200 3301 dixit:
3239 3263 3256 3295 ι
3296 3243 3401 3311 Qui
3433 3259 3556 3299 cred»

1908 4466 1955 4523 Ι)

1985 3336 2067 3391 dit
2098 3337 2154 3391 in
2187 3352 2292 3399 me,
2337 3353 2445 3393 non
2480 3338 2654 3392 credit
2685 3340 2737 3392 in
2767 3351 2878 3401 me,
2905 3336 2997 3392 sed
3031 3336 3086 3391 in
3116 3350 3241 3391 eum
3280 3337 3377 3405 qui
3403 3335 3554 3392 misit

1986 3443 2104 3493 me,
2137 3446 2157 3480 ι
2195 3442 2305 3485 non
2339 3428 2583 3483 excludit
2615 3428 2856 3498 seipsum
2911 3427 3207 3498 quominus
3239 3426 3496 3482 credatur
3520 3442 3553 3482 a

1984 3520 2146 3575 nobis
2193 3518 2336 3576 Deus
2384 3536 2505 3576 esse
2544 3520 2846 3576 secundum
2896 3528 3174 3585 naturam,
3231 3526 3287 3573 et
3330 3534 3395 3574 ex
3441 3517 3553 3573 Deo

1983 3607 2147 3665 Patre
2173 3613 2452 3667 exsistens
2477 3629 2491 3667 :
2516 3612 2609 3667 sed
2630 3627 2841 3686 summo
2863 3610 3117 3675 artiﬁcio,
3138 3617 3196 3665 ut
3217 3611 3423 3680 dictum
3445 3616 3549 3676 est,

1984 3702 2397 3759 imbecillorum
2440 3713 2679 3760 mentem
2716 3704 2780 3757 ad
2812 3706 3069 3774 pietatem
3099 3702 3326 3774 pellicit,
3368 3710 3426 3755 ut
3453 3715 3549 3755 ac-

1981 3792 2166 3862 cipere
2207 3795 2387 3863 possis
2438 3792 2541 3849 hoc
2586 3793 2749 3849 modo
2783 3793 3093 3862 loquentem
3132 3809 3145 3846 :
3188 3791 3321 3846 Cum
3365 3791 3419 3845 in
3462 3804 3551 3845 me

1982 3883 2245 3947 credetis,
2286 3892 2513 3954 propter
2559 3899 2655 3939 vos
2697 3883 2971 3938 hominem
3015 3884 3221 3938 factum
3246 3879 3547 3936 secundum

1982 3987 2103 4039 vos,
2138 3971 2308 4028 Deum
2337 3988 2469 4027 vero
2494 3989 2590 4042 per
2618 3974 2914 4044 meipsum.
2947 3979 3001 4028 et
3033 3987 3155 4027 eum
3191 3984 3395 4041 exque
3427 3986 3550 4026 sum

1980 4060 2221 4126 Patrem,
2262 4076 2329 4116 ne
2362 4062 2567 4118 homini
2624 4052 2787 4120 tidem
2835 4063 3075 4133 adjicere
3107 4063 3328 4133 putetis.
3370 4058 3554 4119 Nihilo

1980 4153 2164 4209 secius
2205 4150 2351 4207 enim
2388 4165 2508 4205 sum
2557 4152 2862 4207 secundum
2912 4158 3162 4205 naturam
3218 4150 3380 4214 Deus,
3446 4151 3550 4206 etsi

1980 4242 2168 4298 videar
2198 4252 2441 4298 vestrum
2496 4243 2742 4299 similis:
2806 4243 2981 4298 habeo
3030 4242 3173 4296 enim
3233 4242 3288 4295 in
3340 4242 3551 4312 meipso

1980 4336 2312 4415 Genitorem,
2337 4342 2531 4390 etcum
2564 4334 2749 4404 utique
2780 4334 2882 4388 sim
2918 4331 3163 4391 Genitori
3188 4332 3549 4387 consubstan-

1981 4428 2129 4482 tialis
2149 4466 2165 4493 ,
2199 4426 2457 4483 transibit
2488 4438 2712 4496 prorsus
2742 4424 2876 4480 ﬁdes
2903 4434 2959 4479 et
2989 4424 3045 4478 in
3083 4424 3266 4494 ipsum
3306 4422 3544 4478 Patrem.

1983 4518 2137 4586 Quod
2176 4518 2342 4590 igitur
2369 4518 2626 4584 diximus,
2663 4516 2922 4588 paulatim
2953 4513 3217 4571 Dominus
3244 4512 3548 4573 informans

1977 4610 2045 4664 ad
2076 4608 2302 4663 meliora
2362 4618 2417 4663 et
2461 4608 2787 4662 humanitati
2832 4607 3177 4663 divinitatem
3207 4606 3412 4661 utiliter
3452 4620 3549 4675 apo

1978 4699 2211 4770 plicans,
2244 4698 2497 4752 dicebat:
2546 4716 2565 4749 ι
2593 4695 2695 4762 Qui
2726 4695 2903 4751 credit
2938 4695 2992 4751 in
3025 4710 3146 4761 me,
3183 4712 3202 4746 ι
3236 4704 3290 4749 et
3315 4695 3542 4764 reliqua.

1978 4789 2136 4856 Quod
2168 4789 2312 4844 enim
2349 4803 2458 4844 non
2489 4788 2857 4861 in\hominem
2898 4786 3216 4858 simpliciter
3249 4785 3403 4851 lides,
3448 4784 3563 4859 sed,

1978 4884 2035 4936 in
2082 4881 2174 4936 Dei
2219 4889 2496 4943 naturam,
2552 4878 2656 4934 etsi
2718 4885 2835 4933 erat
2873 4876 3112 4933 Verbum
3151 4878 3205 4933 in
3245 4891 3431 4939 carne,
3477 4890 3545 4931 eo

1978 4971 2124 5043 quod
2165 4985 2273 5024 non
2308 4970 2362 5024 in
2392 4971 2571 5040 ipsum
2607 4969 2704 5023 [lat
2743 4976 2961 5032 natura,
2996 4968 3302 5022 luculenter
3332 4967 3546 5021 indica-

1977 5066 2076 5119 vit.
2106 5061 2263 5129 Quod
2290 5076 2423 5117 vero
2459 5076 2554 5131 per
2582 5063 2765 5116 omnia
2801 5076 2925 5116 cum
2960 5059 3121 5114 Patre
3164 5068 3220 5114 et
3250 5058 3358 5112 Deo
3385 5057 3546 5111 iden-

1980 5158 2190 5223 titatem
2228 5153 2446 5215 habeat,
2490 5162 2712 5224 propter
2752 5152 3057 5207 naturalem
3103 5148 3543 5228 similitudinem,

1928 5286 1939 5293 ς
1979 5256 2032 5304 et
2060 5244 2223 5300 veluti
2252 5243 2497 5300 eamdem
2529 5242 2788 5315 speciem,
2819 5243 3133 5298 declarabat
3171 5241 3359 5297 dicens
3389 5259 3403 5295 :

2051 5335 2147 5390 XII
2169 5375 2184 5399 ,
2236 5332 2326 5391 46.
2367 5333 2479 5405 Ego
2509 5335 2603 5391 tua:
2637 5337 2691 5391 in
2727 5332 2983 5389 mundum
3009 5333 3159 5399 veni,
3190 5342 3299 5390 etc.

2051 5517 2190 5574 Ecce
2220 5506 2516 5574 rursus‘in
2565 5516 2804 5587 seipsum
2863 5513 3020 5569 [idem
3068 5512 3284 5584 arripit,
3335 5521 3386 5567 et
3436 5511 3547 5565 duo

1980 5608 2277 5664 identidem
2343 5607 2638 5663 utilissima
2698 5605 3072 5675 consequitur.
3138 5602 3337 5657 Lucem
3396 5602 3544 5652 cnim

1979 5702 2219 5767 soipsum
2250 5715 2371 5756 esse
2413 5698 2696 5768 protitens,
2745 5697 2912 5753 Deum
2951 5698 3254 5753 secundum
3295 5700 3544 5747 naturam
