4062 6208
504 281 611 340 105

1523 270 1582 326 S.
1609 267 1884 327 CYRILLI
1926 265 2392 323 ALEXANDRINI
2434 265 2750 322 ARCIIIEP.

3631 271 3732 328 104

503 410 628 452 esse
653 390 892 448 ostendit
919 408 932 445 :
963 387 1064 444 soli
1094 387 1239 445 enim
1272 394 1470 442 natura
1501 402 1602 444 sua
1632 386 1742 442 Deo
1772 386 1850 444 ita
1875 384 2058 439 vocari

2172 383 2330 453 φύσιν
2358 384 2734 438 ἀποδεικνύει·
2769 383 2914 453 μόνῳ
2947 382 3054 454 γὰρ
3082 380 3159 453 τῷ
3193 381 3351 451 φύσει
3379 380 3500 452 Θεῷ
3534 386 3733 455 πρέπει

502 484 779 540 convenit.
836 479 1113 551 Adjiciens
1149 465 1329 533 autem
1371 477 1454 533 sui
1490 477 1760 532 adventus
1806 490 2066 541 causam,

501 588 616 629 suae
664 569 974 626 dilectionis
1013 567 1487 636 contemptoribus
1533 565 1794 637 pudorem
1851 565 2066 618 incutit.

500 662 811 729 Quinetiam
840 660 1153 716 necessario
1173 658 1554 729 consequitur,
1590 656 1806 712 interim
1833 656 1890 710 in
1918 662 2068 711 tene-

500 753 616 807 bris
642 767 738 808 eos
773 751 981 806 versari
1013 749 1106 820 qui
1138 749 1380 804 nondum
1411 748 1762 814 crediderint,
1796 744 2066 817 siquidem

499 843 634 900 solis
663 843 719 897 in
759 857 883 898 eum
907 840 1260 896 credentibus
1301 839 1440 895 lucis
1470 839 1629 910 713
1659 839 1729 894 ab
1759 853 1826 894 eo
1852 838 2068 893 emissa:

499 933 769 1002 contingit
822 947 946 989 esse
999 932 1318 1001 participes.
1371 930 1513 996 Quin
1572 937 1626 984 et
1681 929 1788 984 illis
1842 928 2068 984 rel‘ricat

497 1024 818 1080 memoriam
863 1023 1158 1078 multorum
1199 1033 1575 1092 saepenumero
1621 1018 1687 1072 de
1722 1019 1840 1088 ipso
1869 1017 2064 1086 praedi-

498 1122 738 1178 ctorum,
777 1129 874 1184 per
919 1128 1040 1182 quae
1073 1119 1339 1165 venturus
1376 1108 1734 1164 nuntiabatur
1759 1107 1826 1160 ad
1862 1105 2062 1159 illumi-

496 1206 735 1260 nandum
766 1205 993 1259 orbem:
1019 1201 1324 1272 cujusmodi
1358 1209 1442 1255 est
1477 1198 1642 1252 illud:
1675 1215 1692 1249 ι
1720 1197 2059 1262 llluminare,

495 1296 828 1358 illuminare,
883 1294 1211 1358 Jerusalem,
1262 1293 1408 1346 venit
1467 1290 1615 1344 enim
1673 1289 1854 1341 lumen
1910 1296 2062 1340 tuum

2169 475 2228 528 τὸ
2258 474 2400 528 οὕτω
2447 475 2750 529 καλεῖσθαι.
2806 474 3068 545 Προσθεὶς
3108 473 3166 527 δὲ
3206 476 3307 544 τῆς
3357 473 3593 541 ἀφίξεως
3633 477 3733 548 τὴν

2169 566 2368 629 αἰτίαν,
2393 565 2648 636 ὲρυθριᾷν
2672 564 2951 619 ἀναπείθει
2981 563 3072 619 τὸν
3117 564 3218 633 τῆς
3250 565 3329 627 εις
3373 562 3566 618 ἑαυτὸν
3595 565 3734 632 ἀγά-

2169 655 2726 728 πηςρλιγωρήσαντα
2749 672 2762 686 ·
2793 655 2906 710 καῖ’
2924 655 3006 709 ὅτι
3043 655 3255 725 ἀνάγκη
3283 655 3455 724 δήπου
3481 659 3642 720 νοεῖν,
3675 659 3733 711 ὲν

2169 744 2352 797 σκότει
2379 743 2518 808 τέως
2564 745 2828 815 ὑπάρχειν
2871 744 2995 807 τοὺς
3041 742 3192 798 οὔπω
3235 743 3651 808 πιστεύσαντας,
3681 746 3737 799 et

2165 851 2230 904 γε
2263 833 2445 905 μόνοις
2486 836 2598 897 τοῖς
2625 834 3040 888 πεπιστευκόσιν
3074 835 3153 897 είς
3201 835 3361 889 αὐτὸν
3400 835 3634 906 ὑπάρχει
3670 837 3731 890 τὸ

2165 927 2223 982 ὲν
2265 927 2404 997 φωτὶ
2441 925 2696 995 γενέσθαι
2741 925 2819 996 τῷ
2859 925 2987 997 παρ’
3039 925 3208 996 αὐτῷ.
3242 926 3399 994 Ἀγει
3435 926 3491 978 δὲ
3535 926 3731 989 αὐτοὺς

2165 1015 2262 1070 καὶ
2303 995 2383 1079 είς
2414 1015 2716 1087 ἀνάμνησιν
2747 995 2854 1069 τῶν
2906 995 3168 1086 πολλαχοῦ
3203 1015 3331 1086 περὶ¹
3371 1015 3534 1069 αὑτοῦ
3575 1017 3729 1087 εἰρη-

2166 1106 2374 1180 μένων,
2411 1106 2480 1159 δι’
2533 1100 2608 1162 ὧν
2642 1107 2791 1178 ἥξειν
2829 1107 3230 1178 προηγγέλλετο
3267 1108 3366 1179 τὴν
3404 1109 3728 1180 οἰκουμένην

2163 1179 2586 1269 κατᾶφωτίσων·
2631 1201 2811 1253 ὁποῖόν
2843 1201 2958 1253 ἔστι
2989 1199 3076 1252 τό’
3126 1217 3144 1250 ι
3169 1200 3431 1264 Φωτίζου,
3468 1199 3726 1267 φωτίζου,

2133 1271 2138 1273 Α
2174 1289 2563 1363 Ἰερουσαλήμ·
2609 1291 2735 1362 ἥκει
2765 1293 2873 1362 γάρ
2919 1309 3011 1344 σου
3047 1291 3109 1344 τὸ
3151 1291 3267 1361 φῶς
3300 1291 3358 1344 τὸ
3395 1292 3661 1360 ἀληθινόν.
3699 1311 3718 1343 ι

495 1403 684 1442 verum
722 1388 787 1441 ⁸⁸.
830 1407 846 1438 ι
886 1388 951 1440 Ει
991 1385 1123 1439 illud
1155 1401 1168 1438 :
1203 1401 1221 1434 ι
1259 1381 1460 1435 Emitte
1494 1382 1669 1435 lucem
1700 1387 1847 1435 tuam
1881 1385 1937 1434 et
1967 1393 2058 1434 ve-

2160 1381 2270 1434 Kai.
2303 1381 2397 1435 τόο
2437 1401 2455 1432 ι
2497 1382 2902 1446 Ἐξαπόστειλον
2939 1381 3000 1434 τὸ
3051 1383 3166 1451 φῶς
3200 1399 3293 1435 σου
3335 1383 3430 1436 καὶ
3459 1382 3564 1453 τὴν
3596 1383 3729 1452 ἀλή-

495 1477 711 1531 ritatem
740 1486 888 1530 tuam
918 1477 1001 1542 ‘9;
1036 1493 1055 1526 ι
1093 1481 1146 1528 et
1178 1492 1192 1528 :
1230 1489 1250 1523 ι
1283 1469 1469 1526 Gloria
1499 1470 1717 1524 Do'mini
1742 1469 1796 1524 in
1833 1478 1884 1525 te
1915 1469 2058 1524 eﬂ'ul-

2161 1469 2309 1525 θειάν
2347 1489 2461 1527 σου.
2490 1490 2508 1523 ›
2564 1473 2693 1538 Καὶ,
2725 1492 2743 1523 ι
2785 1474 2849 1526 'H
2891 1473 3015 1540 δόξα
3056 1473 3258 1544 Κυρίου
3304 1473 3398 1526 ἐπὶ
3439 1473 3498 1524 σὲ
3532 1472 3726 1526 ἀνατέ-

494 1565 568 1621 sit
596 1567 661 1620 ⁶⁰.
695 1586 713 1619 ι
749 1567 934 1622 Simile
966 1565 1134 1636 igitur
1165 1580 1230 1620 ac
1254 1563 1300 1619 si
1339 1562 1572 1617 dixisset
1601 1580 1614 1616 :
1649 1561 1766 1632 Ego
1799 1577 1920 1617 sum
1969 1563 2058 1617 lux

2160 1564 2378 1618 ταλκεν.
2412 1582 2430 1614 ›
2466 1564 2689 1634 Ὅμοιον
2719 1559 2810 1619 οὖν
2849 1565 2924 1628 ὡς
2973 1567 3020 1618 εί
3064 1564 3284 1632 ἔλεγεν·
3329 1561 3471 1631 Ἐγώ
3507 1565 3622 1632 είμι
3664 1563 3726 1615 τὸ

494 1673 616 1728 quae
656 1658 711 1712 in
744 1657 1046 1726 Scripturis
1071 1663 1304 1710 ventura
1337 1661 1688 1723 exspectatur
1717 1653 1783 1707 ad
1828 1654 2058 1708 salutem

2161 1654 2277 1722 φῶς
2306 1655 2367 1708 τὸ
2409 1657 2466 1708 ὲν
2501 1659 2568 1728 τῇ
2607 1658 2798 1728 Γραφῇ
2832 1656 3117 1726 ἀφίξεσθαι
3161 1655 3605 1727 προσδοκώμενον
3633 1656 3726 1708 ἐπὶ

493 1747 706 1810 mundi,
744 1749 810 1801 ad
845 1746 1236 1802 illuminandos
1266 1759 1361 1800 eos
1394 1744 1489 1814 qui
1541 1745 1598 1797 in
1646 1743 1888 1800 tenebris
1937 1755 2060 1798 tan-

494 1854 656 1909 quam
692 1838 746 1892 in
789 1846 945 1892 nocte
977 1836 1252 1892 deerrant.
1289 1844 1291 1850 '

563 1927 688 1993 Xll,
743 1928 832 1983 47.
885 1926 1010 1981 Νοη
1041 1927 1178 1981 enim
1221 1926 1335 1979 veni
1383 1935 1436 1980 ut
1481 1925 1715 1994 judicem
1772 1923 2055 1989 mundum,

492 2018 582 2074 sed
610 2028 666 2072 ut
703 2019 992 2088 salviﬁcem
1021 2015 1296 2072 mundum.

560 2109 731 2180 Igitur
757 2125 859 2165 suo
885 2111 1127 2180 ipsorum
1155 2109 1366 2179 judicio
1401 2108 1716 2164 damnatum
1759 2107 1825 2160 iri
1860 2106 1936 2161 ait
1965 2121 2059 2160 eos

491 2202 587 2271 qui
618 2203 767 2257 dicto
814 2201 1104 2256 audientes
1139 2218 1248 2256 non
1298 2203 1517 2265 fuerint,
1568 2200 1836 2270 ﬁdemque
1873 2213 2058 2253 serva-

490 2293 681 2348 tricem
723 2308 834 2348 non
883 2296 1216 2365 acceperint.
1252 2293 1354 2360 Qui
1391 2294 1533 2348 enim
1565 2294 1711 2347 venit
1745 2292 1811 2345 ad
1857 2290 2058 2344 illumi—

491 2385 758 2449 nandum,
792 2401 901 2438 non
943 2386 1092 2440 venit
1135 2393 1196 2438 ut
1235 2385 1528 2454 iudicaret,
1559 2383 1654 2437 sed
1688 2391 1748 2436 ut
1781 2386 2044 2436 servaret.

491 2473 636 2543 Ergo
681 2475 774 2544 qui
820 2475 1040 2530 rebellis
1087 2486 1192 2539 est,
1241 2483 1297 2529 et
1329 2474 1585 2529 maximis
1615 2473 1853 2542 seipsnm
1881 2470 2058 2525 .malis

489 2564 739 2629 involvit,
783 2566 999 2621 incuset
1035 2582 1094 2621 se
1129 2573 1392 2634 tanquam
1444 2563 1640 2619 merito
1688 2577 1877 2633 poenas
1918 2559 2056 2614 dan-

488 2661 621 2708 tem.
655 2652 772 2707 Non
804 2656 947 2727 enim
980 2671 1080 2723 ego
1111 2654 1275 2724 hujus
1301 2654 1376 2708 rei
1395 2668 1571 2707 causa
1603 2667 1745 2714 sum,
1769 2650 1862 2720 qui
1897 2649 2057 2720 cupio

489 2759 712 2802 servare
739 2759 834 2798 eos
865 2745 954 2813 qui
989 2751 1284 2813 properant
1325 2744 1512 2799 subire
1533 2742 1818 2812 judicium,
1855 2742 2057 2810 quique

489 2836 559 2890 ob
616 2835 670 2888 id
705 2835 845 2888 veni.
893 2833 998 2900 Qui
1030 2835 1179 2888 enim
1212 2835 1385 2905 legem
1435 2834 1610 2904 ponit,
1657 2848 1780 2903 quae
1825 2833 2059 2903 castiget

488 2925 742 2988 rebelles,
773 2939 884 2979 non
929 2934 985 2979 ut
1011 2925 1309 2980 violatores
1349 2925 1563 2995 puniat,
1591 2911 1916 2994 eam'ponit,
1959 2922 2054 2979 sed

2164 1750 2405 1820 σωτηρίᾳ
2430 1749 2520 1803 τοῦ
2549 1751 2776 1820 κόσμου,
2802 1750 2938 1821 πρὸς
2963 1750 3024 1804 τὸ
3053 1749 3285 1818 φωτίσαι
3312 1747 3436 1810 τοὺς
3464 1748 3520 1800 ὲν
3545 1747 3726 1799 σκότει

2162 1839 2550 1909 πλανωμένους
2578 1841 2653 1903 ὡς
2686 1841 2742 1894 ὲν
2767 1840 2940 1892 νυκτί.
3593 1909 3600 1918 .

2233 1933 2314 1982 Οὐ
2342 1930 2450 1998 γὰρ
2475 1927 2662 1999 ἦλθον
2689 1931 2789 1984 ἵνα
2831 1932 3010 1999 κρίνω
3055 1929 3162 1983 τὸν
3181 1929 3434 1998 κόσμον,
3459 1919 3596 1984 tu”?
3623 1929 3723 1982 ἵνα

2158 2019 2335 2074 σώσω
2364 2022 2470 2074 τὸν
2498 2022 2749 2088 κόσμον.

2228 2113 2733 2182 Αὐτοκατακρίτους
2782 2109 2876 2165 οὖν
2909 2119 3094 2182 ’φησιν
3157 2111 3372 2164 ἔσεσθαι
3411 2112 3532 2176 τοὺς
3558 2109 3734 2186 αὑτοῦ

2159 2201 2573 2270 παρακούοντας
2632 2204 2725 2256 καὶ
2781 2205 2842 2256 οὺ
2875 2203 3348 2274 παραδεξαμένους
3369 2204 3467 2273 τὴν
3521 2203 3726 2267 σώζου-

2161 2307 2256 2343 σαν
2291 2290 2490 2346 πίστιν.
2528 2291 2584 2345 ’0
2629 2294 2735 2364 γὰρ
2783 2292 2875 2345 ἐπὶ
2908 2293 2985 2363 τῷ
3025 2291 3252 2360 φωτίσαι
3283 2290 3471 2352 ἐλθὼν,
3504 2292 3600 2361 οὐχ
3636 2292 3724 2345 ἵνα

2162 2383 2324 2456 κρίνῃ
2352 2379 2538 2453 ἦλθεν,
2571 2384 2686 2437 ἀλλ’
2723 2385 2811 2437 ἵνα
2845 2382 3014 2454 σώσῃ.
3061 2385 3118 2436 '0
3148 2383 3322 2436 τοίνυν
3363 2383 3602 2436 ἀπειθῶν
3627 2383 3722 2435 καὶ

2158 2475 2272 2535 τοῖς
2338 2473 2614 2541 μεγίστοις
2664 2477 2854 2536 κακοῖς
2902 2473 3091 2526 ἑαυτὸν
3144 2472 3480 2536 ὑποόάλλων,
3529 2473 3721 2525 ἑαυτὸν

2161 2562 2461 2632 μεμφέσθω
2516 2563 2590 2627 ὡς
2627 2564 2848 2627 δικαίως
2904 2569 3330 2635 τιμωρούμενον.
3364 2563 3438 2616 Οὐ
3481 2562 3588 2632 γὰρ
3611 2563 3722 2630 ἐγὼ

2156 2653 2344 2706 τούτου
2408 2653 2600 2718 αἴτιος,
2647 2656 2676 2707 ό
2719 2655 2887 2707 θέλων
2933 2655 3104 2708 σῶσαι
3153 2655 3280 2717 τοὺς
3321 2653 3609 2724 μέλλοντας
3640 2656 3723 2715 εἰς

2156 2745 2338 2814 κρίσιν
2369 2746 2635 2814 ἐμπεσεῖν
2661 2783 2676 2810 ,
2703 2747 2798 2798 καὶ
2823 2745 2911 2798 διὰ
2939 2745 3095 2799 τοῦτο
3116 2744 3304 2799 ὲλθών.
3334 2746 3390 2798 '0
3421 2745 3529 2816 γὰρ
3557 2746 3720 2815 νόμον

2155 2833 2324 2898 τιθεὶς
2344 2834 2638 2898 κολάζοντα
2674 2837 2800 2899 τοὺς
2823 2836 3084 2898 ἀπειθεῖς,
3111 2837 3211 2906 οὐχ
3233 2837 3416 2889 ἕνεκεν
3440 2835 3532 2888 τοῦ
3550 2853 3722 2905 τιμωο

2159 2925 2428 2997 ρήσασθαι
2459 2926 2586 2990 τοὺς
2625 2926 2980 2997 παραϐάντας
3003 2926 3190 2981 τοῦτον
3229 2927 3458 2998 τίθησιν,
3491 2928 3603 2982 ἁλλ’
3633 2928 3722 2980 ἵνα

490 3027 552 3071 ιιι
589 3019 683 3085 qui
717 3031 836 3072 eam
867 3015 1096 3072 audiunt
1135 3024 1418 3073 servantes
1448 3017 1549 3086 ipsi
1581 3024 1893 3071 serventur.
1939 3015 2055 3086 Ego

2160 3017 2492 3086 φυλάξαντες
2522 3017 2684 3072 αὑτὸν
2725 3019 2775 3071 οἱ
2807 3017 3116 3082 ἀκούοντες,
3154 3018 3418 3074 σωθῶσιν.
3459 3018 3595 3088 Ἐγὼ
3625 3014 3719 3073 οὗν

488 3107 657 3179 igitur
707 3108 804 3178 qui
830 3107 954 3163 veni
996 3108 1065 3164 ad
1100 3108 1456 3170 servandum.
1500 3107 1765 3162 denuntio
1801 3108 1954 3165 vobis
1991 3119 2054 3166 ut

488 3199 759 3263 credatis,
817 3206 874 3254 et
925 3214 1035 3254 non
1106 3215 1258 3256 meos
1314 3215 1598 3256 sermones
1653 3202 2051 3268 contemnatis,

487 3291 928 3363 quandoquidem
959 3307 1202 3362 praesens
1240 3300 1454 3362 tempus
1485 3292 1680 3348 salutis
1705 3301 1812 3359 est,
1849 3301 1904 3348 et
1943 3309 2052 3349 non

483 3382 698 3453 judicii.
737 3382 796 3438 ln
834 3383 922 3439 die
945 3385 1088 3440 enim
1113 3384 1308 3453 judicii
1344 3384 1724 3440 inobedientiaz
1748 3400 1939 3455 poenas
1967 3387 2052 3441 in-

487 3473 636 3545 ﬂiget
689 3474 966 3539 Verbum,
1023 3473 1169 3544 quod
1234 3475 1302 3528 ad
1361 3474 1589 3528 salutem
1647 3489 1747 3530 vos
1811 3477 2046 3535 vocavit.

487 3564 660 3630 Quale
685 3572 864 3621 autem
897 3572 1015 3620 erat
1046 3564 1294 3631 verbum,
1325 3565 1470 3634 quod
1506 3567 1723 3620 locutus
1744 3567 1907 3620 sum?

558 3720 604 3750 ⁸⁸
639 3719 746 3776 lsa.
780 3737 885 3787 ιι,
924 3723 976 3776 Ι.
1048 3722 1096 3755 ⁵⁸
1134 3721 1279 3776 Psal.
1319 3739 1426 3778 xm
1451 3763 1464 3788 ,
1495 3723 1548 3778 5.
1624 3721 1669 3753 ⁸⁸
1709 3721 1817 3776 Isa.
1851 3737 1956 3784 ιχ,
1995 3721 2046 3774 1.

2153 3109 2324 3164 ἐλθὼν
2368 3110 2558 3178 σῶσαι,
2594 3110 2958 3180 παραγγέλλω
2990 3110 3119 3181 ὑμῖν
3174 3110 3466 3176 πιστεύειν,
3502 3110 3603 3163 καὶ
3645 3111 3718 3182 μὴ

2154 3205 2512 3275 καταφρονεῖν
2527 3203 2636 3256 τῶν
2661 3202 2809 3272 ὲμῶν
2837 3201 3029 3270 λόγων,
3058 3203 3290 3272 ἐπείπερ
3317 3202 3346 3254 ό
3379 3200 3569 3272 παρὼν
3596 3216 3720 3256 και-

2159 3294 2272 3366 ρδς,
2343 3296 2618 3365 σωτηρίας
2669 3295 2838 3359 ἐστὶν,
2895 3295 3008 3348 ἀλλ’
3048 3295 3109 3348 οὐ
3144 3295 3394 3365 κρίσεως.
3430 3294 3720 3365 Ἐνὴμέρᾳ

2157 3383 2265 3455 γὰρ
2327 3384 2560 3456 κρίσεως
2599 3384 2789 3449 ἑπάξει
2822 3386 2950 3455 ὑμῖν
2971 3384 3071 3455 τῆς
3123 3384 3401 3448 ἀπειθείας
3425 3385 3524 3448 τὰς
3548 3402 3721 3454 τιμω-

2156 3476 2299 3546 ρίας,
2326 3476 2354 3528 ό
2402 3476 2538 3546 πρὸς
2577 3475 2852 3546 σωτηρίαν
2886 3476 3029 3560 ὑμᾶς
3073 3476 3305 3541 καλέσας
3332 3477 3522 3545 Λόγος.
3557 3477 3718 3540 nolo;

2061 3603 2064 3605 λ
2151 3567 2210 3620 δὲ
2234 3562 2303 3636 ἦν
2323 3567 2353 3620 ό
2373 3567 2529 3636 λόγος
2559 3568 2620 3623 ὃν
2649 3567 2911 3638 ὲλάλησας

491 3914 3719 3950 W

1428 4097 1820 4153 ΚΕΦΑΛΑΙΟΝ
1875 4095 1962 4149 ΤΟ
2013 4094 2105 4147 ΕΝ
2133 4095 2220 4166 Τῼ
2253 4095 2529 4169 ΕΝΝΑΤῼ
2560 4099 2800 4171 ΒΙΒΛΙῼ.
2881 4125 2892 4128 ο

1550 4407 1760 4500 LIBBl
1818 4407 2002 4468 NONI
2055 4409 2295 4470 CAPUT
2341 4411 2653 4472 UNICUM.

493 4712 643 4781 Quoa
673 4727 886 4787 propter
917 4716 1489 4787 naturwiidentitatem
1526 4716 1703 4787 Filius
1733 4719 1940 4786 quidem
1979 4720 2049 4775 sit

731 4786 782 4843 in
819 4788 1002 4859 Patre,
1040 4797 1087 4842 et
1124 4786 1283 4841 Pater
1325 4803 1512 4843 rursus
1545 4788 1600 4841 in
1648 4786 1807 4844 Filia.
1999 4799 2002 4802 ’

2159 4724 2288 4801 Ὀτι
2325 4723 2557 4801 dicith
2594 4727 2918 4801 rqvto'tnm
2951 4729 3067 4801 τῆς
3101 4731 3339 4801 φύσεως
3365 4734 3398 4784 ό
3446 4731 3577 4798 Υἱὸς
3600 4733 3719 4801 μὲν

2223 4793 2294 4845 ἐν
2313 4793 2399 4872 ῖῷ
2422 4796 2603 4863 Πατρί
2627 4793 2838 4863 ἐστιν,
2864 4800 2897 4852 ὁ
2926 4793 3124 4870 miihi)
3157 4801 3208 4852 δ’
3226 4793 3516 4857 αὖπάλιν
3541 4793 3616 4856 ἐνῗ
3641 4802 3720 4869 τῷ

2235 4865 2345 4928 Υίῳ
2375 4865 2565 4919 ἐστιν.
