4062 6208
271 257 383 315 108

273 422 475 437 ﬂ

1337 255 1401 309 ΙΝ
1431 253 1713 311 JOANNIS
1751 253 2198 312 EVANCELIUM
2235 253 2363 310 LlB.
2391 255 2480 312 IX.

3413 254 3514 314 106

2929 416 3491 437 ωψσε-Ἥ

853 591 1029 680 ΕΙΣ
1099 592 1248 677 ΤΟ
1306 593 1601 685 ΚΑΤΑ
1675 591 2177 678 ΙΩΑΝΝΗΝ
2253 590 2949 680 ΕΥΑΓΓΕΛΙΟΝ

1637 800 2077 888 ΒΙΒΛΙΟΝ
2151 796 2244 888 Θ’
2257 862 2278 883 .

642 1190 760 1279 ΙΝ
839 1185 1350 1279 JOANNIS
1422 1185 2211 1280 EVANGELIUM
2291 1183 2650 1273 LIBER
2729 1180 3178 1275 NONUS.

349 1564 471 1617 Ὀτι
488 1562 602 1632 ἐγὼ
629 1561 700 1628 ἐξ
732 1562 992 1633 ἐμαυτοῦ
1016 1564 1128 1616 οὐκ
1154 1559 1451 1630 ἐλάλησα,
1491 1561 1631 1616 ἀλλ’
1656 1563 1688 1616 ό
1712 1561 1858 1631 πέμ-

2032 1557 2193 1630 715
2220 1554 2313 1611 XII
2334 1598 2349 1623 ,
2390 1557 2494 1624 49,
2524 1555 2610 1610 50.
2645 1555 2785 1623 Quia
2819 1571 2911 1625 ego
2939 1570 3004 1609 ex
3044 1553 3237 1622 meipso
3270 1568 3371 1608 non
3408 1568 3526 1607 sum

276 1655 404 1721 φας
422 1668 500 1720 με
522 1650 748 1719 Πατὴρ,
766 1651 947 1716 αὐτός
961 1667 1062 1719 μοι
1082 1648 1340 1719 ἐντολὴν
1354 1649 1596 1714 δέδωκε,
1623 1651 1682 1704 τί
1704 1651 1852 1705 εἴπω

276 1744 374 1797 καὶ
400 1744 461 1797 τι
484 1742 759 1809 λαλήσω,
784 1741 884 1796 καὶ
926 1737 1058 1795 οῖδα
1099 1740 1188 1795 ὅτι
1229 1742 1267 1811 ἠ
1296 1742 1515 1811 ἐντολή
1554 1741 1709 1810 αὕτη
1736 1740 1850 1810 ζωὴ

273 1835 517 1902 αιώνιός
571 1837 774 1889 ἐστιν·
812 1833 853 1888 d
908 1829 1023 1889 οὖν
1072 1834 1241 1890 λαλῶ
1265 1833 1402 1901 ἐγὼ,
1440 1833 1633 1901 καθὼς
1652 1833 1853 1903 εἴρηκέ

268 1934 373 1999 μοι
405 1933 438 1983 ό
471 1927 697 1995 Πατὴρ,
729 1928 922 1994 οὕτως
947 1925 1133 1981 λαλῶ.

348 2021 444 2084 Εἰς
466 2020 769 2090 ἀνάμνησιν
826 2020 948 2086 ἄγει
989 2019 1082 2072 τὸν
1123 2018 1233 2071 τῶν
1273 2016 1541 2071 Ἰουδαίων
1578 2015 1706 2070 λαὸν
1744 2014 1852 2070 τῶν

271 2111 364 2164 διὰ
390 2110 632 2175 Μωσέως
659 2109 1199 2182 προκεκηρυγμὲνων
1218 2108 1348 2181 περὶ
1364 2108 1551 2171 αὐτοῦ,
1579 2106 1852 2179 ύποπλήτ-

271 2219 356 2255 τει
401 2201 458 2254 δὲ
512 2202 605 2253 διὰ
649 2200 855 2254 τούτων
889 2199 1126 2269 εὐφυῶς,
1159 2197 1254 2251 καὶ
1280 2198 1377 2269 τὴν
1399 2195 1624 2251 ἐνοῦσαν
1666 2195 1854 2260 αὐτοῖς

272 2293 598 2362 ἀνοσιότητα
646 2291 1030 2362 παραδεικνὺς,
1083 2288 1374 2358 ἀπελέγχει
1415 2288 1623 2357 σαφῶς,
1663 2288 1739 2353 ὡς
1767 2288 1852 2344 οὐ·
1900 2340 1911 2356 κ

272 2382 385 2446 δεῖς
408 2384 591 2445 αὐτοῖς
617 2382 773 2450 λόγος
799 2381 893 2435 τοῦ
923 2384 1013 2434 καὶ
1051 2382 1131 2443 εἰς
1149 2380 1311 2433 αὐτὸν
1334 2380 1734 2451 ὲμπαροινῆσαι
1760 2381 1851 2434 τὸν

274 2476 476 2545 νόμον,
515 2474 691 2527 καίτοι
719 2473 955 2527 δεδόσθαι
1006 2471 1364 2526 πιστευθέντα
1423 2471 1575 2541 παρὰ
1598 2471 1752 2525 Θεοῦ.
1784 2471 1851 2525 Τί

271 2566 396 2636 γὰρ
421 2565 526 2635 ἐφη
560 2564 645 2618 διὰ
682 2565 917 2628 Μωσέως
968 2565 1099 2635 περὶ
1135 2562 1394 2635 Χριστοῦ,
1444 2563 1721 2633 γνώριμον
1752 2563 1849 2633 μὲν

271 2660 511 2719 ἅπασιν,
568 2656 677 2727 ἐρῶ
738 2658 784 2710 δ’
821 2653 912 2711 οὖν
958 2658 1107 2726 ὅμως
1162 2655 1251 2709 διὰ
1302 2656 1401 2727 τὴν
1447 2654 1543 2709 τοῦ
1582 2658 1851 2727 νοήματος

270 2745 472 2816 χρείαν
496 2761 509 2773 ·
553 2763 572 2796 ι
610 2746 896 2817 Προφήτην
924 2747 1212 2816 ἀναστήσω
1237 2746 1422 2809 αὐτοῖς
1436 2746 1502 2800 ἐκ
1536 2747 1703 2817 μέσου
1742 2747 1850 2801 τῶν

271 2835 522 2904 ἀδελφῶν
542 2836 741 2900 αὐτῶν,
801 2835 990 2906 ῶσπερ
1021 2837 1104 2900 σὲ,
1146 2856 1166 2889 ι
1196 2836 1340 2890 τοῦτ’
1384 2837 1499 2890 ἔστι
1554 2836 1850 2909 νομοθέτην

1959 1650 2201 1715 locutus;
2232 1649 2322 1704 sed
2366 1648 2456 1720 qui
2489 1648 2634 1702 misit
2662 1663 2741 1702 me
2777 1645 2959 1711 Pater,
3004 1646 3114 1715 ipse
3147 1643 3275 1697 mihi
3304 1643 3529 1697 manda-

1959 1752 2070 1795 tum
2100 1741 2245 1796 dedit
2285 1740 2410 1812 quid
2437 1739 2638 1805 dicam,
2668 1747 2717 1794 et
2749 1741 2876 1809 quid
2913 1738 3128 1807 loquar;
3171 1750 3221 1791 et
3248 1738 3358 1792 scio
3404 1738 3530 1806 quia

1958 1835 2271 1888 mandatum
2316 1833 2429 1900 eius
2456 1833 2564 1887 vita
2600 1840 2795 1887 wterna
2832 1842 2911 1886 est
2952 1848 2969 1885 :
3015 1847 3132 1901 qua:
3168 1848 3290 1901 ergo
3322 1830 3529 1901 loquor,

1958 1927 2095 1980 sicut
2143 1926 2277 1978 dixit
2320 1924 2448 1979 mihi
2484 1923 2661 1989 Pater,
2706 1925 2782 1979 sic
2824 1925 3023 1993 loquor.

2027 2013 2341 2069 Judteorum
2377 2014 2576 2085 populo
2605 2021 2825 2068 revocat
2868 2016 2921 2066 in
2956 2012 3273 2067 memoriam
3316 2027 3379 2065 ea
3411 2026 3532 2081 qua:

1960 2106 2027 2162 de
2057 2123 2116 2162 se
2160 2122 2191 2161 a
2221 2105 2372 2161 Mose
2403 2105 2664 2177 praedicta
2698 2117 2846 2168 sunt,
2886 2113 2941 2159 et
2976 2120 3072 2174 per
3116 2104 3231 2159 haec
3268 2118 3362 2158 eos
3406 2118 3531 2172 per-

1959 2196 2199 2266 stringit,
2229 2196 2561 2267 insitamque
2578 2196 2659 2251 eis
2690 2195 3019 2266 impietatem
3044 2194 3362 2263 designans,
3385 2193 3533 2246 clare

1959 2290 2136 2361 arguit
2168 2289 2417 2344 nihil‘eis
2442 2304 2588 2343 cura:
2620 2304 2743 2344 esse
2783 2289 3201 2341 temulentorum
3244 2301 3394 2341 more
3427 2284 3532 2355 legi

1958 2382 2206 2445 illudcre,
2237 2381 2489 2450 quamvis
2519 2396 2549 2434 a
2584 2380 2695 2434 Deo
2724 2379 2882 2433 datae.
2926 2378 3082 2433 Patet
3106 2379 3249 2433 enim
3274 2377 3532 2432 omnibus

1959 2474 2086 2544 quid
2119 2489 2213 2542 per
2244 2472 2431 2527 Mosen
2457 2472 2524 2527 de
2553 2471 2777 2526 Christo
2812 2470 3032 2535 dixerit,
3063 2471 3195 2523 illud
3223 2478 3405 2524 tamen
3447 2468 3530 2522 af-

1958 2562 2152 2629 feram,
2185 2563 2252 2617 ad
2284 2563 2571 2617 clariorem
2600 2561 2705 2615 loci
2727 2560 3144 2630 explicationem
3180 2578 3193 2613 :
3232 2578 3250 2611 ι
3289 2558 3531 2629 Prophe-

1958 2666 2065 2711 tam
2101 2655 2386 2711 suscitabo
2424 2654 2505 2709 eis
2534 2669 2599 2709 ex
2633 2652 2898 2707 fratribus
2940 2667 3151 2717 eorum,
3181 2654 3326 2708 sicut
3370 2660 3421 2706 te
3452 2672 3466 2708 :
3505 2672 3523 2703 ι

1899 2802 1919 2819 ,
1957 2747 2013 2801 id
2053 2755 2137 2802 est
2175 2745 2541 2815 legislaturem
2581 2751 2636 2799 et
2670 2744 3023 2799 mediatorem
3084 2746 3225 2798 inter
3268 2743 3437 2799 Deum
3477 2757 3530 2799 et

1958 2836 2207 2893 homines
2238 2836 2283 2868 ⁶¹
2334 2854 2347 2890 :
2396 2854 2414 2885 ι
2453 2846 2507 2889 et
2535 2835 2677 2889 dabo
2701 2835 2927 2889 verbum
2962 2850 3139 2889 meum
3166 2835 3220 2888 in
3250 2849 3344 2888 ore
3384 2833 3525 2903 ejus,

273 2929 371 2982 καὶ
401 2928 630 2997 μεσίτην
695 2928 831 2981 Θεοῦ
875 2928 970 2981 καὶ
1003 2928 1308 3000 ἀνθρώπων
1343 2946 1358 2961 ο
1396 2947 1414 2981 ι
1448 2929 1543 2982 καὶ
1596 2929 1753 2982 δώσω
1792 2929 1852 2982 τὸ

1961 2935 2009 2983 et
2038 2928 2293 2997 loquetur
2338 2928 2417 2983 eis
2458 2927 2763 2982 secundum
2819 2926 2964 2996 quod
3027 2925 3297 2980 mandabo
3342 2926 3414 2980 ei.
3464 2923 3531 2977 Et

278 3019 433 3090 ῥῆμά
464 3036 567 3090 μου
590 3021 650 3071 ἐν
673 3018 752 3089 τῷ
804 3019 1033 3090 στόματι
1068 3020 1256 3084 αὐτοῦ,
1288 3021 1383 3074 καὶ
1422 3020 1642 3092 λαλήσει
1672 3021 1857 3085 αὐτοῖς

164 3104 175 3113 ’
276 3110 467 3163 καθότι
489 3109 556 3162 ἂν
576 3111 897 3180 ὲντείλωμαι
924 3110 1096 3182 αὐτῷ.
1127 3112 1236 3164 Καὶ
1267 3112 1295 3165 ὁ
1318 3112 1605 3183 ἄνθρωπος
1630 3112 1854 3173 ἐκεῖνος.

275 3200 335 3262 δς
382 3200 450 3254 ἂν
504 3200 581 3271 μὴ
637 3201 847 3275 ἀκούσῃ
900 3202 1002 3255 δσα
1036 3201 1103 3255 ἂν
1135 3202 1346 3275 λαλήσῃ
1379 3203 1407 3254 ό
1449 3203 1736 3273 προφήτης
1765 3203 1858 3255 ἐπὶ

276 3291 356 3362 τῷ
372 3290 604 3362 ὀνόματί
634 3304 757 3360 μου,
778 3290 889 3360 ἐγὼ
913 3291 1184 3361 ἐκδικήσω
1209 3291 1268 3355 ἐξ
1303 3291 1487 3344 αὑτοῦ.
1516 3310 1535 3344 ι
1571 3292 1660 3344 Ἐν
1679 3289 1859 3361 ταυτῷ

276 3381 571 3451 τοιγαροῦν
634 3382 664 3432 ὁ
712 3380 915 3451 Κύριος
957 3380 1112 3451 ἡμῶν
1148 3380 1357 3451 Ἰησοῦς
1407 3383 1437 3434 ό
1482 3380 1714 3451 Χριστὸς
1765 3380 1859 3432 τὴν

281 3474 520 3537 ἀλαζόνα
545 3472 657 3525 τῶν
703 3471 972 3526 Ἰουδαίων
1013 3471 1224 3525 εὐθύνει
1253 3472 1446 3541 δῆμον,
1474 3472 1552 3533 ὡς
1585 3471 1678 3525 καὶ
1711 3471 1860 3542 αὐτῷ

285 3566 594 3635 μαχόμενον
622 3563 700 3635 τῷ
757 3563 877 3635 Θεῷ
919 3563 1015 3617 καὶ
1077 3564 1273 3634 Πατρὶ,
1308 3563 1399 3617 καὶ
1442 3562 1507 3616 δι’
1541 3557 1615 3617 ὧν
1642 3563 1860 3634 ἐντολὴν

282 3656 564 3727 εἰληφέναι
615 3656 765 3723 λέγει
801 3654 929 3722 παρ’
953 3653 1143 3717 αὐτοῦ,
1171 3655 1266 3707 καὶ
1289 3653 1381 3723 ἀφ’
1415 3653 1608 3706 ἑαυτοῦ
1660 3652 1734 3725 μὴ
1763 3654 1829 3706 λα
1856 3684 1859 3687 -

282 3745 419 3810 λεῖν,
447 3747 642 3800 ἑαυτὸν
662 3747 790 3800 ὄντα
823 3747 918 3798 τὸν
958 3747 1243 3816 προφήτην
1275 3745 1601 3798 ἐπιδεικνύει
1651 3746 1859 3814 σαφῶς,

284 3839 374 3892 τὸν
398 3839 487 3892 διὰ
521 3839 690 3907 νόμου
742 3835 1147 3909 προϐοῶμενον,
1201 3837 1295 3888 καὶ
1324 3836 1413 3889 διὰ
1438 3835 1537 3905 τῆς
1588 3836 1682 3889 τοῦ
1726 3836 1860 3890 Θεοῦ

287 3934 380 3985 καὶ
409 3930 625 4001 Πατρδς
653 3931 835 4000 φωνῆς
863 3930 927 3981 ἐκ
956 3928 1167 3981 πολλῶν
1195 3928 1401 3981 ἄνωθεν
1431 3928 1637 4000 χρόνων
1665 3946 1864 3999 προκε-

290 4022 661 4091 κηρυγμένον.
722 4018 893 4072 Καλεῖ
932 4017 987 4070 δέ
1017 4033 1136 4079 πως
1163 4018 1300 4086 πρὸς
1334 4018 1661 4089 ἀνάμνησιν,
1687 4017 1863 4070 καίτοι

290 4111 478 4173 νωθεῖς
505 4110 667 4172 δντας
703 4110 920 4170 αὐτοὺς,
973 4108 1049 4169 ῶς
1098 4108 1147 4159 ει
1176 4109 1250 4178 μὴ
1287 4107 1557 4177 βούλοιντο
1591 4110 1702 4171 τοῖς
1733 4106 1863 4178 παρ’

294 4202 456 4256 αὑτοῦ
519 4203 948 4256 καταπειθεσθαι
1003 4204 1201 4271 λόγοις,
1227 4200 1606 4254 ὑποκείσονται
1646 4198 1867 4261 πάντως

297 4292 609 4361 ἁδιαφύκτῳ
664 4292 914 4357 κολάσει,
974 4269 1087 4367 κα,ὶί
1135 4290 1495 4360 ὑπομενοῦσιν
1567 4289 1712 4360 ἅπερ
1758 4288 1861 4360 ἔφη
1890 4269 1933 4327 C

295 4380 442 4445 Θεὸς.
462 4384 524 4435 οι
549 4382 660 4454 γὰρ
685 4383 785 4453 τὴν
820 4384 973 4437 θείαν
994 4383 1212 4454 ἐντολὴν
1239 4382 1329 4436 τοῦ
1362 4381 1499 4435 Θεοῦ
1533 4381 1627 4433 καὶ
1652 4378 1864 4451 Πατρὸς

300 4477 750 4545 παρατρέχοντες,
796 4478 890 4529 καὶ
954 4476 1046 4528 τόν
1096 4474 1354 4539 ζωοποιδν
1386 4473 1480 4527 τοῦ
1530 4473 1664 4526 Θεοῦ
1694 4474 1865 4541 Λόγον

298 4565 652 4637 ἐξωθούμενοι
710 4567 803 4621 τοῦ
849 4564 1100 4639 Σωτῆρος
1141 4567 1298 4639 ἡμῶν
1331 4566 1591 4638 Χριστοῦ,
1619 4564 1739 4629 πῶς
1764 4566 1866 4618 οὐκ

298 4654 360 4705 ἐν
383 4658 494 4718 τοῖς
512 4657 765 4725 ἐσχάτοις
792 4657 1062 4711 κείσονται
1087 4661 1300 4720 κακοῖς,
1326 4658 1359 4727 ἢ
1395 4657 1511 4721 πῶς
1540 4658 1644 4710 οὐκ
1696 4658 1865 4727 ἀμέτο

290 4760 412 4813 οχοι
442 4745 653 4812 μενοῦσι
682 4745 781 4816 τῆς
800 4747 926 4818 παρ’
952 4748 1114 4800 αὐτοῦ
1135 4746 1298 4817 ζωῆς,
1323 4747 1555 4814 εὐλόγως
1580 4747 1866 4811 ἀκούοντες

291 4836 356 4886 τὸ
377 4835 467 4888 διὰ
495 4836 592 4906 τῆς
620 4837 719 4891 τοῦ
775 4840 1056 4908 προφήτου
1095 4840 1276 4909 φωνῆς
1298 4852 1313 4869 ⁸
1351 4856 1369 4888 ε
1407 4839 1505 4909 Γῆ,
1539 4840 1634 4909 γῆ.
1676 4839 1863 4904 ἄκουε,

290 4928 460 4980 ἄκουε
501 4928 657 4997 λόγον
714 4930 941 5000 Κυρίου.
982 4931 1111 4985 Ἰδοὺ
1135 4931 1246 4999 ἐγὼ
1273 4932 1465 5000 ἐπάγω
1501 4932 1595 4985 ἐπὶ
1619 4932 1709 4984 τὸν
1736 4931 1865 4984 λαὸν

288 5017 479 5071 τοῦτον
503 5019 670 5086 κακὰ,
697 5021 788 5074 τὸν
817 5021 1030 5093 καρπὸν
1062 5023 1407 5093 ἀποστροφῆς
1437 5022 1633 5087 αὐτῶν,
1667 5021 1749 5076 δτι
1786 5021 1864 5094 τῷ

286 5110 443 5179 νόμῳ
463 5128 562 5181 μου
577 5113 636 5165 οὐ
659 5113 983 5184 προσέσχον,
1001 5115 1097 5168 καὶ
1110 5115 1201 5167 τὸν
1219 5114 1377 5183 λόγον
1395 5131 1497 5185 μου
1518 5112 1826 5179 ἀπώσαντος
1841 5132 1858 5165 ι

289 5201 468 5273 Διττῷ
493 5202 602 5276 γὰρ
627 5204 845 5275 ἐνόχους
873 5205 1031 5269 ὄντας
1058 5206 1364 5277 ἐγκλήματι
1409 5208 1537 5271 τοὺς
1578 5206 1867 5269 Ἰουδαίους

288 5293 602 5363 εὑρήσομεν
623 5312 637 5325 ⁸
689 5295 813 5349 οὔτε
843 5299 951 5368 γὰρ
976 5296 1137 5350 αύτδν
1180 5298 1357 5351 καίτοι
1386 5297 1581 5351 σεπτὸν
1618 5292 1754 5350 εἶναι
1782 5296 1868 5350 δο-

291 5383 500 5438 κοῦντα
532 5387 624 5439 καὶ
675 5388 829 5455 φίλον
871 5390 1201 5459 τετιμήκασι
1226 5389 1316 5442 τὸν
1348 5389 1533 5459 νόμον,
1559 5388 1651 5441 τὸν
1678 5388 1744 5442 δι’
1768 5388 1867 5443 αύ-

289 5476 387 5530 :06
432 5479 776 5551 κηρυχθέντα
843 5480 920 5553 μὴ
964 5479 1389 5553 προσηκάμενοι,
1412 5478 1533 5534 οὔτε
1566 5478 1670 5552 μὴν
1695 5496 1856 5551 προσ-

368 5638 415 5668 ⁸⁸
455 5635 573 5692 Jac.
608 5653 683 5703 tv,
721 5638 790 5693 12
818 5656 833 5706 ;
863 5638 883 5693 l
918 5638 1061 5694 Tim.
1096 5654 1135 5695 tt
1162 5681 1175 5705 ,
1208 5642 1262 5697 5.

499 5755 776 5818 Puncta
831 5757 951 5821 (in.
994 5760 1266 5824 LXXIV.

1958 3019 2124 3074 homo
2156 3020 2248 3089 qui
2283 3035 2392 3075 non
2424 3019 2660 3074 audierit
2693 3034 2815 3090 qua:
2838 3019 3054 3073 locutus
3080 3017 3238 3072 fuerit
3267 3016 3531 3087 propheta

1959 3111 2055 3166 ille
2105 3111 2159 3164 in
2220 3111 2443 3165 nomine
2494 3127 2636 3171 meo,
2689 3126 2790 3180 ego
2842 3110 3140 3165 vindictam
3193 3125 3403 3165 sumam
3465 3109 3532 3165 de

1959 3218 2025 3257 cn
2053 3203 2119 3255 ⁸³.
2170 3222 2189 3255 ι
2220 3201 2342 3257 Uno
2373 3203 2542 3271 igitur
2570 3202 2735 3274 716
2764 3200 3065 3272 eodemque
3109 3204 3229 3256 loco
3270 3202 3531 3259 Dominus

1961 3303 2147 3350 noster
2174 3292 2337 3349 Jesus
2381 3292 2635 3348 Christus
2668 3293 2965 3362 superbum
2996 3292 3309 3347 Judaeorum
3356 3310 3533 3365 popu-

1961 3386 2071 3440 lum
2107 3386 2373 3456 iucrepat,
2398 3392 2457 3438 ut
2486 3384 2579 3454 qui
2608 3384 2711 3453 ipsi
2746 3383 2856 3437 Deo
2885 3398 2949 3438 ac
2975 3383 3122 3438 Patri
3159 3394 3444 3455 repugnet.
3479 3397 3529 3441 et

1961 3491 2058 3546 per
2086 3491 2206 3544 qua:
2243 3474 2558 3528 mandatum
2589 3472 2665 3525 ait
2690 3472 2970 3542 accepisse
3003 3473 3073 3528 ab
3097 3488 3183 3538 eo,
3215 3481 3271 3527 et
3293 3487 3323 3526 a
3351 3474 3532 3543 seipso

1961 3583 2071 3621 non
2102 3566 2269 3636 loqui,
2297 3580 2391 3635 per
2420 3565 2534 3619 [uec
2565 3563 2753 3620 eadem
2785 3565 3028 3634 scipsum
3056 3565 3377 3635 prophetam
3410 3582 3535 3622 esse

1962 3658 2207 3714 declarat
2270 3658 2364 3729 qui
2403 3673 2433 3711 a
2487 3657 2603 3728 lege
2655 3657 2945 3727 praedictus
2982 3659 3075 3721 sit,
3108 3666 3162 3713 et
3208 3672 3307 3728 per
3341 3657 3437 3713 Dei
3472 3676 3536 3714 ac

1962 3748 2143 3806 Patris
2173 3766 2360 3805 vocem
2405 3750 2593 3805 multis
2635 3757 2787 3805 retro
2815 3751 3157 3819 temporibus
3196 3753 3526 3820 praznuntia-

1964 3849 2053 3896 tns
2086 3842 2176 3896 sit.
2213 3840 2306 3896 Eis
2336 3850 2539 3904 autem,
2580 3841 2832 3910 quamvis
2871 3840 3013 3895 tardi
3058 3841 3189 3904 sint,
3221 3842 3277 3895 in
3327 3858 3534 3896 menm-

1964 3934 2104 3985 riam
2134 3930 2536 4000 quodammodo
2584 3939 2825 3992 revocat,
2873 3930 2981 3984 nisi
3022 3930 3143 4000 ejus
3191 3933 3534 3987 sermonibus

1965 4037 2160 4092 parcre
2202 4021 2392 4085 velint,
2434 4019 2733 4075 inevitabili
2777 4022 3046 4091 supplicio
3083 4023 3308 4076 omnino
3350 4024 3537 4092 subje‘

1964 4126 2113 4171 etum
2144 4115 2210 4169 iri
2238 4154 2253 4178 ,
2284 4129 2460 4184 eaque
2484 4128 2746 4183 passuros
2779 4130 2901 4182 qua:
2920 4114 3059 4167 dixit
3082 4114 3245 4169 Deus.
3275 4114 3410 4170 Nam
3443 4117 3537 4184 qui

1966 4207 2212 4262 divinum
2262 4206 2355 4259 Dei
2401 4221 2465 4259 ac
2498 4203 2677 4258 Patris
2727 4203 3043 4257 mandatum
3080 4205 3536 4275 praetergrediun-

1967 4307 2076 4365 tur,
2112 4308 2163 4353 et
2196 4297 2471 4352 viviﬁcum
2518 4296 2612 4351 Dei
2658 4312 2723 4351 ac
2761 4292 3070 4351 Servatoris
3106 4297 3279 4349 nostri
3330 4295 3537 4352 Christi

1966 4406 2275 4447 sermonem
2335 4390 2623 4459 repellunt,
2674 4386 2951 4457 quomodo
2998 4402 3107 4440 non
3157 4389 3420 4442 extremis
3453 4392 3539 4442 in-

1965 4481 2255 4536 volventur
2294 4464 2475 4544 malis,
2522 4487 2613 4533 aut
2644 4478 2922 4550 quomodo
2950 4479 3076 4533 vita:
3113 4480 3182 4533 ab
3213 4495 3279 4533 eo
3310 4496 3537 4534 mananv

1968 4572 2038 4624 tis
2087 4588 2193 4625 non
2225 4582 2476 4642 expertes
2522 4572 2911 4638 remanebunt,
2947 4587 3057 4626 non
3094 4574 3209 4626 sine
3240 4588 3405 4627 causa
3438 4589 3537 4626 au-

1966 4664 2180 4719 dientes
2219 4663 2366 4733 quod
2408 4664 2685 4733 prapbetac
2719 4678 2851 4718 voce
2881 4663 3089 4717 dictum
3118 4672 3201 4719 est
3235 4682 3249 4718 :
3288 4683 3305 4714 ι
3344 4663 3536 4727 Terra,

1968 4766 2136 4815 terra,
2165 4755 2290 4809 andi
2317 4796 2332 4819 ,
2366 4754 2489 4809 audi
2525 4755 2753 4809 verbum
2795 4754 3027 4808 Domini.
3060 4753 3199 4810 Ecce
3227 4771 3328 4825 ego
3364 4755 3536 4807 :uhlu-

1967 4860 2033 4901 co
2058 4861 2224 4915 super
2250 4847 2510 4916 populum
2558 4846 2705 4899 hunc
2750 4845 2915 4908 mala,
2951 4844 3191 4899 fructum
3234 4846 3535 4900 aversionis

1966 4952 2178 5002 eorum,
2211 4938 2340 5007 quia
2373 4937 2473 5006 legi
2528 4951 2662 4991 meae
2703 4950 2816 4990 non
2843 4936 3213 4999 attenderunt,
3246 4944 3301 4989 ct
3327 4950 3535 4990 sermo.

1966 5045 2089 5085 nem
2118 5044 2294 5082 meum
2336 5029 2682 5097 proiecerunt
2711 5025 2841 5079 υἷ’»
2884 5026 3124 5097 anlicis
3162 5027 3307 5081 enim
3350 5026 3533 5079 crimi-

1966 5122 2053 5177 nis
2086 5136 2211 5176 reos
2240 5134 2360 5175 esse
2402 5119 2621 5174 Judaaos
2655 5119 3077 5188 compericmus.
3121 5115 3232 5172 Nec
3265 5116 3410 5170 enim
3449 5117 3534 5186 ip-

1966 5228 2080 5268 sam
2121 5213 2315 5283 legem,
2345 5226 2509 5282 quam
2555 5217 2797 5265 sanctam
2827 5207 3033 5278 alioqui
3070 5206 3356 5278 putabant,
3384 5222 3542 5262 reve-

1964 5305 2057 5358 riti
2090 5311 2238 5368 sunt,
2271 5303 2475 5373 quippe
2503 5301 2596 5370 qui
2638 5316 2749 5355 non
2802 5306 3165 5368 susceperunt
3200 5315 3322 5353 eum
3369 5315 3532 5369 quem

1968 5396 2057 5450 illa
2093 5393 2439 5465 przedixerat.
2475 5408 2575 5447 nec
2616 5391 2973 5446 attenderunt
3018 5388 3328 5446 St-rvatoris
3360 5391 3533 5445 nostri

1967 5485 2173 5541 Christi
2204 5485 2570 5549 sermonibus,
2615 5484 2741 5539 licet
2775 5489 2961 5555 aperte
2993 5484 3284 5539 clamantis
3326 5498 3386 5537 se
3411 5498 3535 5536 csse

1375 5643 1419 5675 θ’
1462 5641 1618 5699 Deut.
1650 5658 1818 5707 xvm,
1852 5643 1955 5714 {8,
1992 5644 2080 5701 ω.
2157 5646 2201 5679 ⁸³
2235 5645 2436 5702 Jcrcm.
2473 5660 2525 5701 vr
2552 5687 2566 5711 ,
2601 5643 2690 5701 19.

3200 5756 3238 5814 4
