4062 6208
344 227 446 286 109

1372 222 1435 276 ΙΝ
1463 218 1746 278 ιοΑΝΝιε
1781 220 2231 280 EVANGELIUM
2266 223 2392 279 LIB.
2434 223 2523 278 IX.

3477 228 3573 279 Hii

342 344 433 399 καὶ
482 342 680 407 ταῦτα,
735 339 874 411 πλὴν
932 339 1045 411 ἐρῶ
1100 357 1153 394 τι
1210 340 1304 393 καὶ
1335 340 1520 411 ἕτερον
1547 340 1646 410 τῆς
1689 341 1910 393 ἐκείνων

2018 350 2066 396 et
2114 342 2247 412 quid
2298 344 2510 412 loquar.
2551 361 2568 394 ι
2622 340 2738 413 Ipse
2788 344 2933 397 enim
2976 358 3099 398 cum
3151 345 3223 399 sit
3282 348 3470 403 vivens
3520 358 3577 402 ct

344 431 782 505 ἀθυρογλωττίας
821 431 921 500 τὴν
952 429 1112 501 ὕϐριν
1139 430 1501 499 ἀπογυμνοῦν.
1544 431 1680 500 Φέρε
1710 430 1838 501 γὰρ,
1862 432 1911 483 εἰ

342 527 508 589 δοκεῖ,
549 526 719 596 βραχὺ
767 521 1206 594 περιστείλαντες
1241 522 1339 592 τῆς
1386 522 1523 592 μετὰ
1547 521 1748 592 σαρκός
1777 524 1914 574 οἰκο-

346 617 533 687 νομίας
552 617 609 668 ἐν
632 632 697 684 γε
717 615 793 686 τῷ
807 614 1032 685 παρόντι
1045 614 1133 667 τὸν
1154 614 1329 680 λόγον,
1358 615 1443 665 ἐπ’
1462 613 1625 666 αὑτοῦ
1655 612 1913 667 δεικνύω-

353 726 448 779 μεν
474 707 569 760 τοῦ
599 705 936 774 Μονογενοῦς
958 706 1134 776 ὀρθῶς
1170 723 1227 758 τε
1283 706 1377 759 καὶ
1402 705 1584 768 καλῶς
1623 705 1912 776 εἰρημένον

349 800 432 853 τό⁸
470 817 489 849 ι
522 799 645 851 Ὅτι
692 796 804 865 ἐγὼ
847 797 905 863 ἐξ
937 795 1174 867 ἐμαυτοῦ
1201 796 1262 848 οὐ
1283 795 1451 857 λαλῶ,
1482 795 1598 848 ἀλλ’
1634 798 1662 848 6
1695 794 1913 865 πέμψας

351 908 417 961 με
438 888 644 959 Πατὴρ,
666 888 828 951 αὑτός
859 905 950 958 μοι
969 887 1186 958 ἐντολὴν
1222 887 1442 948 δέδωκε,
1478 886 1530 938 τί
1557 887 1719 949 εἴπω,
1743 887 1839 938 καὶ
1859 884 1913 938 τί

346 981 580 1051 λαλήσω.
614 998 631 1029 ι
677 978 847 1042 Αὐτὸς
885 977 996 1047 γὰρ
1042 976 1116 1029 ὣν
1151 978 1179 1029 6
1202 976 1310 1041 ζῶν
1346 993 1407 1029 τε
1431 978 1524 1029 καλ¹
1552 977 1914 1038 ἐνυπόστατος

345 1072 516 1140 Λόγος
571 1069 665 1122 τοῦ
737 1068 871 1121 Θεοῦ
909 1068 1003 1121 καὶ
1060 1067 1292 1139 Πατρὸς,
1348 1067 1661 1135 ἀναγκαίως
1690 1067 1907 1137 διερμηο

345 1162 489 1219 νεύει
543 1159 612 1213 τά
655 1162 713 1212 ἐν
762 1157 930 1228 αὐτῷ,
965 1159 1059 1211 καὶ
1091 1158 1152 1211 τὸ
1182 1159 1256 1223 ὡς
1293 1160 1351 1211 ἐν
1383 1159 1597 1229 θελήσει
1625 1158 1813 1211 δοκοῦν
1836 1158 1914 1230 τῷ

352 1255 466 1324 ἰδίῳ
503 1254 794 1321 Γεννήτορι
815 1250 1023 1317 ἐξάγων
1060 1251 1139 1312 εἰς
1178 1249 1316 1318 φῶς,
1339 1250 1413 1313 ὡς
1443 1249 1661 1318 ἐντολῆς
1688 1249 1914 1320 δύναμιν

348 1343 629 1413 εἰληφέναι
669 1341 853 1412 φησίν.
883 1341 1010 1393 Ἴδοι
1043 1341 1087 1393 δ’
1110 1340 1175 1394 ἄν
1195 1358 1276 1403 τις
1304 1341 1397 1395 καὶ
1422 1341 1505 1409 ἐφ’
1541 1340 1697 1411 ἡμῶν
1735 1342 1914 1393 αὐτῶν

350 1435 548 1506 ἀληθὲς
572 1434 633 1488 τὸ
664 1435 918 1504 πρᾶγμα,
953 1434 1044 1487 καὶ
1075 1434 1173 1504 οὐχ
1198 1433 1396 1503 ἐτέρως
1425 1432 1565 1502 ἔχον.
1610 1434 1781 1499 Λόγος
1806 1434 1915 1505 γὰρ

346 1523 745 1595 ὁπροφορικδς,
794 1524 822 1576 6
868 1524 927 1575 ἐν
960 1522 1207 1575 συνθέσει
1247 1521 1442 1585 λέξεων
1491 1522 1583 1575 καὶ
1631 1522 1912 1593 ῥημάτων,

346 1615 434 1669 διά
457 1631 509 1667 τε
551 1614 735 1683 φωνῆς
760 1615 857 1682 τῆς
885 1613 1147 1685 ἐνάρθρου
1192 1614 1327 1684 πρὸς
1362 1613 1423 1666 τὸ
1459 1612 1563 1677 ἔξω
1585 1612 1913 1666 διακτυπού-

2012 434 2321 490 subsistens
2354 433 2445 489 Dei
2481 448 2544 488 ac
2588 434 2769 489 Patris
2805 435 3078 499 Verbum,
3114 438 3429 493 necessario
3456 456 3577 509 qua:

2013 524 2068 577 in
2102 538 2168 578 eo
2201 532 2330 578 sunt
2373 525 2644 589 enuntiat,
2702 525 3154 599 volunutemque
3206 529 3470 597 genitoris
3519 532 3575 585 in

2014 614 2192 668 lucem
2233 613 2424 680 edens,
2472 615 2632 684 quasi
2692 616 3009 671 mandatum
3067 618 3233 688 718
3264 619 3483 689 aliquod
3518 637 3579 678 se

2012 702 2291 770 accepisse
2325 702 2419 755 ait.
2459 703 2612 769 Quod
2646 705 2898 774 exemplo
2926 720 2955 760 a
2989 706 3153 761 nobis
3188 707 3323 777 ipsis
3353 707 3577 763 desum-

2013 800 2107 861 pto
2143 806 2332 846 verum
2365 806 2490 847 esse
2530 795 2922 863 comperietur.
2956 793 3148 850 Sermo
3180 797 3577 862 enuntiativus,

2012 881 2313 936 dictionum
2367 897 2433 936 ac
2488 883 2777 938 verborum
2831 885 3234 955 compositione
3283 897 3576 953 constans,

2013 971 2215 1041 quique
2241 973 2527 1027 articulata
2559 988 2693 1029 voce
2726 973 2877 1030 foras
2922 978 3185 1046 erumpit,
3235 983 3439 1035 mentis
3483 995 3581 1033 no-

2014 1070 2141 1115 stra:
2168 1062 2334 1115 veluti
2379 1062 2537 1131 jussu
2582 1065 2700 1131 ejus
2739 1080 2939 1121 arcana
2976 1070 3230 1135 recludit,
3279 1072 3442 1143 idque
3487 1088 3581 1129 ce-

2014 1146 2257 1203 lerrime.
2289 1148 2462 1205 Simul
2489 1154 2632 1207 enim
2665 1169 2729 1210 ac
2760 1171 2915 1211 mens
2940 1158 3145 1227 aliquid
3170 1162 3438 1231 concepit,
3463 1171 3578 1218 tum

2014 1236 2070 1291 id
2105 1238 2226 1293 voci
2276 1243 2611 1297 committit:
2650 1245 2764 1301 hac
2820 1258 2997 1302 autem
3057 1248 3209 1305 foras
3261 1266 3578 1323 erumpens,

2016 1341 2138 1395 quae
2169 1327 2317 1384 intus
2349 1338 2402 1385 et
2432 1330 2485 1384 in
2516 1341 2694 1387 mente
2717 1342 2846 1388 sunt
2876 1336 3059 1391 abdita
3084 1341 3353 1404 enuntiat,
3385 1357 3485 1396 nec
3513 1343 3581 1397 de

2015 1418 2421 1477 sibimandatis
2442 1424 2736 1493 quidquam
2769 1435 2959 1481 mutat.
2989 1427 3129 1494 Quid
3162 1432 3360 1485 mirum
3390 1433 3578 1503 igitur.

2015 1516 2109 1561 aut
2146 1510 2483 1577 incredibile,
2530 1516 2739 1583 inquiet
2775 1518 2993 1587 aliquis,
3025 1522 3068 1574 si
3110 1520 3346 1576 Verbum
3392 1523 3487 1577 Dei
3516 1539 3581 1578 ac

2016 1596 2196 1654 Patris
2244 1616 2367 1656 cum
2409 1603 2480 1657 sit
2531 1604 2723 1669 Filius,
2775 1624 2881 1663 non
2942 1611 3107 1665 sicuti
3163 1622 3350 1669 noster
3402 1631 3582 1671 sermo

352 1724 529 1778 μενος,
574 1706 961 1776 ἐντελλομένης
1001 1706 1189 1775 ὥσπερ
1218 1704 1476 1775 αὐτῷτῆς
1509 1706 1782 1775 ἡμετέρας
1796 1706 1910 1758 δια-

2018 1689 2247 1759 (inajora
2277 1695 2422 1748 enim
2471 1705 2599 1750 sunt
2625 1698 2771 1752 omni
2804 1702 3055 1770 exemplo
3088 1702 3155 1758 de
3186 1703 3297 1759 Deo
3340 1722 3464 1776 quae
3493 1707 3583 1762 di-

346 1801 513 1863 νοίας,
567 1799 901 1852 ὲκκαλύπτει
928 1798 995 1849 τά
1046 1799 1102 1849 ἐν
1153 1796 1312 1865 αὐτῇ,
1356 1795 1452 1849 καὶ⁹
1475 1797 1522 1849 εἰ
1549 1796 1623 1865 μὴ
1653 1797 1710 1847 ἐν
1736 1796 1911 1866 χρόνῳ

347 1891 545 1963 μακρῷ
575 1890 635 1944 τὸ
691 1891 925 1960 πρᾶγμα
975 1888 1203 1956 γίνεται.
1237 1887 1390 1955 ’Ἀμα
1426 1886 1532 1957 γάρ
1553 1903 1606 1939 τι
1631 1887 1859 1955 συνῆκεν
1886 1888 1915 1940 6

346 1981 489 2045 νοῦς,
520 1981 616 2035 καὶ
634 1980 903 2052 παρέθετο
926 1981 994 2049 τῇ
1027 1979 1176 2049 φωνῇ
1208 1994 1222 2008 ·
1247 1979 1281 2048 ἡ
1308 1976 1363 2029 δὲ
1391 1976 1527 2046 πρὸς
1554 1976 1615 2029 τὸ
1640 1976 1743 2041 ἔξω
1766 1975 1914 2045 βαδί-

344 2071 518 2135 ζουσα
579 2071 648 2125 τά
689 2072 747 2124 ἐν
798 2068 878 2139 τῷ
928 2067 1098 2138 βάθει,
1132 2067 1200 2120 τά
1244 2067 1302 2120 ἐν
1329 2065 1407 2137 τῷ
1433 2064 1514 2120 νοῒ
1542 2065 1914 2137 διερμηνεύειν

346 2163 802 2235 παραλλάττουσα
862 2160 1025 2231 μηδὲν
1077 2158 1185 2212 τῶν
1238 2156 1588 2228 ἐνταλμάτων
1646 2158 1806 2228 αὐτῇ.
1849 2156 1915 2209 Τί

345 2257 527 2309 τοίνυν
564 2257 626 2309 τὸ
674 2256 846 2321 ξένον,
905 2247 950 2306 ὦ
1001 2245 1170 2315 οὗτοι,
1217 2251 1441 2320 φήσειεν
1470 2250 1535 2304 ἄν
1565 2267 1648 2313 τις
1675 2245 1734 2303 εὖ
1767 2249 1911 2321 μάλα

346 2349 485 2418 πρὸς
509 2348 768 2411 ἐκείνους,
825 2346 875 2398 εἰ
921 2342 1091 2411 Λόγος
1145 2340 1220 2394 ὢν
1241 2339 1335 2394 τοῦ
1363 2339 1497 2394 Θεοῦ
1537 2342 1628 2394 καὶ
1658 2341 1866 2412 Πατρός
1886 2343 1916 2396 6

347 2437 501 2501 Υἱὸς,
540 2438 639 2506 οὐχ
689 2437 878 2507 ὥσπερ
933 2438 962 2489 6
1018 2436 1285 2507 ἡμέτερος
1339 2434 1533 2506 (μείζω
1576 2434 1685 2507 γὰρ
1712 2436 1916 2501 παντὸς

353 2526 773 2597 παραδείγματα
795 2527 861 2580 τὰ
880 2544 946 2579 πε
956 2527 1007 2597 pi.
1040 2526 1197 2595 Θεοῦ)
1218 2526 1317 2597 τὴν
1359 2526 1455 2579 τοῦ
1477 2526 1727 2589 τεκόντος
1755 2526 1916 2580 αὐτὸν

354 2614 703 2687 διερμηνεύει
762 2614 992 2686 βουλήν;
1023 2613 1089 2667 Ἢ
1137 2616 1246 2683 γὰρ
1282 2614 1400 2684 οὐχὶ
1438 2614 1532 2667 καὶ
1558 2614 1727 2685 ὖνομά
1754 2630 1917 2685 φησιν

348 2707 382 2758 6
411 2707 696 2776 προφήτης
723 2706 871 2775 αὐτῷ
904 2707 1378 2777 πρεπωδέστατον,
1433 2705 1715 2759 καλεῖσθαι
1752 2708 1919 2776 μεγά-

347 2792 451 2861 λης
481 2791 674 2863 βουλῆς
709 2793 1010 2861 ’Δγγελον;
1053 2794 1193 2846 Ἀλλ’
1233 2790 1385 2864 οἶμαι
1423 2793 1516 2846 καὶ
1554 2792 1708 2846 τοῦτο
1744 2794 1919 2866 ὑπάρ-

347 2901 468 2954 χειν
498 2883 688 2953 σαφές.
751 2884 918 2937 Οὐδὲν
962 2884 1250 2956 τοιγαροῦν
1275 2887 1354 2948 εἰς
1384 2885 1477 2938 τὸν
1503 2885 1600 2954 τῆς
1624 2884 1812 2949 οὐσίας
1831 2885 1910 2938 λό-

349 2992 468 3044 γον,
500 2976 622 3045 ητοι
671 2975 770 3044 τῆς
793 2974 952 3039 ἀξίας
986 2975 1247 3046 ὑπομενεί
1292 2976 1352 3028 τὸ
1383 2974 1577 3046 βλάϐος
1616 2976 1646 3028 6
1676 2977 1918 3043 Μονογε-

2015 1781 2237 1853 cuntur)
2273 1784 2555 1841 Genitoris
2588 1790 2673 1843 sui
2709 1791 3044 1846 voluntatem
3076 1797 3363 1850 enuntiet?
3392 1796 3582 1854 Nonne

2014 1874 2163 1926 enim
2191 1883 2245 1930 et
2272 1876 2536 1945 propheta
2581 1895 2777 1935 nomen
2817 1882 2895 1936 ait
2937 1897 3062 1939 esse
3098 1886 3147 1940 ei
3176 1888 3583 1946 convenientis-

2016 1963 2238 2031 simum,
2281 1975 2340 2019 ut
2380 1968 2560 2038 magni
2591 1971 2809 2026 consilii
2840 1974 3079 2043 Angelus
3115 1976 3330 2031 dicatur
3352 1978 3433 2033 ⁸⁸2
3465 1978 3581 2037 Hoc

2015 2056 2268 2124 equidem
2303 2059 2511 2113 clarum
2547 2076 2670 2117 esse
2713 2073 2867 2133 puto.
2903 2065 3052 2120 Nihil
3103 2069 3289 2140 igitur,
3329 2073 3476 2142 quod
3510 2074 3579 2128 ad

2017 2146 2343 2203 substantia!
2386 2151 2654 2206 rationem
2686 2160 2781 2207 aut
2812 2155 3099 2226 dignitatis
3145 2161 3360 2228 attinet,
3393 2163 3580 2220 damni

2017 2237 2256 2304 patietur
2303 2238 2643 2313 Unigenitus,
2701 2245 2829 2301 licet
2875 2251 3192 2304 mandatum
3241 2255 3522 2324 accepisse
3550 2273 3580 2310 a

2018 2324 2128 2379 Deo
2154 2336 2207 2381 et
2235 2326 2396 2384 Patre
2434 2331 2692 2390 dicatur:
2730 2350 2856 2390 nam
2904 2344 2958 2392 et
3002 2353 3105 2394 nos
3136 2340 3240 2410 ipsi
3290 2356 3432 2412 saepe
3458 2345 3581 2402 aliis

2018 2425 2079 2471 ut
2101 2418 2309 2487 aliquid
2351 2419 2559 2476 faciant
2588 2423 2868 2493 jubemus,
2905 2444 3084 2500 neque
3117 2439 3299 2488 tamen
3329 2434 3473 2489 hanc
3509 2438 3582 2491 ob

2018 2520 2242 2562 causam
2268 2517 2464 2565 natura
2495 2514 2655 2570 nobis
2685 2515 2894 2572 similes
2927 2533 3051 2575 esse
3077 2520 3350 2588 desinent,
3383 2526 3583 2596 quippe

2019 2596 2112 2664 qui
2159 2611 2272 2651 non
2318 2599 2503 2654 minus
2550 2602 2660 2656 sint
2704 2605 2864 2661 nobis
2910 2609 3407 2669 consubstantiales
3454 2628 3580 2686 eum

2018 2696 2165 2751 ante.
2200 2699 2312 2744 tum
2339 2701 2460 2761 post
2506 2695 2843 2773 mandatum.
2885 2699 3121 2769 Atenim,
3160 2702 3401 2774 inquies,
3447 2722 3583 2762 con~

2018 2781 2412 2838 substantiales
2444 2785 2660 2854 quidem
2691 2798 2934 2853 manent,
2967 2792 3062 2847 sed
3103 2794 3368 2865 dignitate
3408 2798 3586 2852 miuo-

2018 2885 2110 2926 res
2132 2873 2227 2941 qui
2255 2873 2453 2929 alienis
2480 2877 2795 2933 ministrant
2826 2880 3093 2951 imperiis.
3125 2884 3272 2940 Idem
3305 2902 3408 2958 ego
3449 2904 3586 2958 quo-

2020 2976 2126 3031 que
2157 2963 2257 3019 tibi
2291 2968 2600 3036 respondeo
2624 2969 2692 3023 de
2722 2970 3030 3041 Unigenito.
3063 2972 3120 3029 Si
3152 2976 3295 3030 enim
3319 2978 3586 3048 scriptum

349 3066 475 3134 γης,
502 3064 607 3117 κᾶν
660 3064 878 3135 ἐντολὴν
930 3065 1206 3134 εἰληφέναι
1228 3064 1452 3135 λέγηται
1493 3064 1642 3135 παρὰ
1668 3064 1759 3119 τοῦ
1784 3065 1916 3119 Θεοῦ

2023 3070 2130 3108 non
2164 3064 2310 3112 esset
2339 3057 2406 3114 de
2433 3074 2500 3114 eo
2536 3078 2550 3114 :
2582 3078 2601 3112 ι
2649 3060 2787 3128 Quia
2827 3077 2954 3116 cum
2989 3064 3043 3118 in
3071 3065 3245 3120 forma
3276 3065 3371 3122 Dei
3413 3078 3587 3133 esset,

353 3156 450 3209 καὶ
480 3154 692 3225 Πατρός
714 3171 729 3186 ο
784 3155 904 3207 ἐπεὶ
929 3154 1022 3209 καὶ
1060 3157 1224 3225 ἡμεῖς
1259 3156 1414 3209 αὐτοὶ
1434 3155 1691 3219 πολλάκις
1714 3156 1924 3227 ἑτέροις

352 3242 720 3313 ἐντελλόμεθά
744 3261 819 3309 τι,
865 3245 961 3298 καὶ
989 3245 1121 3315 δρᾷν
1153 3245 1532 3316 ἐπιτάττομεν,
1564 3245 1678 3298 ἀλλ’
1706 3246 1767 3300 οὐ
1792 3246 1925 3299 ταύ-

347 3351 451 3404 της
476 3333 640 3387 ἕνεκα
670 3335 772 3403 τῆς
800 3337 980 3398 αἰτίας
1007 3336 1103 3405 τὴν
1131 3337 1266 3407 πρὸς
1285 3338 1431 3407 ἡμᾶς
1457 3335 1745 3407 ὁμοιότητα
1768 3354 1925 3406 φυσι-

350 3424 456 3495 κὴν
487 3425 838 3497 ἀρνήσονται,
867 3426 1069 3479 οὐδὲτὸ
1098 3423 1235 3479 εἶναι
1258 3427 1379 3480 καθ’
1409 3428 1558 3496 ἡμᾶς
1589 3427 1923 3481 ἀποϐαλοῦν-

350 3531 464 3579 ται,
487 3510 652 3586 ἦττον
698 3516 850 3578 ὄντες
899 3517 1195 3586 ὁμοούσιοι,
1247 3516 1341 3568 καὶ
1387 3515 1493 3585 πρὸ
1542 3516 1638 3586 τῆς
1676 3517 1914 3587 ἐντολῆς,

2021 3160 2132 3200 non
2168 3148 2411 3217 rapinam
2446 3150 2750 3207 arbitratus
2790 3160 2873 3207 est
2913 3169 3037 3210 esse
3069 3170 3129 3210 se
3156 3158 3420 3227 aequalem
3456 3159 3586 3226 Deo,

2022 3237 2117 3291 sed
2146 3240 2500 3309 semetipsum
2518 3242 2842 3309 exinanivit,
2869 3242 3096 3299 formam
3117 3249 3260 3302 servi
3289 3250 3588 3319 accipiens,

2024 3335 2079 3383 et
2118 3328 2310 3383 habitu
2345 3331 2601 3386 inventus
2646 3339 2707 3385 ut
2746 3331 2934 3399 homo,
2988 3334 3294 3390 liumiliavit
3328 3341 3588 3410 semetip-

2026 3436 2145 3477 sum
2179 3422 2245 3487 ⁸⁷,
2289 3440 2308 3474 ι
2362 3423 2617 3478 nonnihil
2671 3424 2931 3481 fortassis
2981 3426 3095 3483 haec
3154 3436 3244 3482 tua
3281 3429 3424 3486 ratio
3472 3447 3591 3487 mo-

2025 3513 2195 3567 menti
2226 3512 2430 3569 habere
2472 3514 2752 3572 videretur
2786 3536 2802 3573 :
2839 3534 3029 3573 verum
3064 3534 3188 3574 cum
3220 3521 3589 3593 subjectionis

351 3604 450 3658 καὶ
475 3605 615 3675 μετὰ
636 3604 736 3677 τὴν
763 3605 1003 3675 ἐντολήν.
1049 3604 1186 3658 Ἀλλ’
1246 3605 1388 3676 ἐρεῖς
1445 3606 1526 3658 ὃτι
1555 3605 1772 3674 μένουσι
1818 3607 1916 3676 μὲν

2021 3618 2086 3658 ac
2115 3605 2467 3661 demissionis
2498 3607 2694 3664 modus
2722 3609 3000 3666 universis
3042 3620 3246 3681 pateat,
3281 3629 3385 3669 cur
3420 3625 3591 3671 teme-

351 3696 653 3763 όμοούσιοι,
705 3695 1007 3767 ἡττώμενοι
1060 3695 1118 3749 δὲ
1157 3696 1257 3766 τῆς
1287 3692 1444 3759 ἀξίας
1470 3696 1800 3766 ὑπηρετοῦσι
1823 3697 1916 3768 τῆς

2018 3708 2078 3748 re
2111 3709 2347 3752 accusas
2369 3712 2493 3752 eum
2518 3698 2612 3768 qui
2637 3706 2860 3769 propter
2879 3716 2978 3756 nos
3002 3702 3163 3757 etiam
3190 3705 3292 3759 hoc
3316 3707 3427 3775 pati
3459 3722 3588 3762 sus-

357 3786 659 3858 παρ’ήμῖν.
696 3787 871 3856 Κάγὼ
916 3787 975 3841 δέ
1018 3803 1101 3841 σοι
1156 3787 1290 3856 πρὸς
1317 3786 1474 3839 τοῦτό
1497 3804 1637 3857 φημι
1681 3787 1916 3859 περὶτοῦ

2021 3786 2224 3840 tinuit?
2270 3784 2523 3858 Undique
2564 3789 2730 3860 igitur
2759 3792 2823 3846 ad
2847 3791 3164 3863 dogmatum
3198 3796 3587 3852 rectitudinem

355 3876 711 3946 Μονογενοῦς.
759 3880 823 3932 Εἰ
882 3878 982 3949 μὲν
1017 3878 1127 3949 γὰρ
1170 3878 1271 3931 οὐκ
1327 3878 1543 3949 ἐγράφη
1581 3878 1711 3949 περὶ
1734 3876 1916 3944 αὐτοῦ¹

2022 3891 2277 3933 sermone
2348 3892 2661 3945 converso,
2726 3881 3014 3939 Dominum
3083 3898 3331 3943 nostrum
3403 3886 3589 3945 Jesum

360 3985 383 4020 ε
425 3968 546 4022 Ὅτι
569 3972 629 4022 ἐν
665 3972 843 4040 μορφῇ
869 3968 1005 4023 Θεοῦ
1037 3970 1318 4041 ὑπάρχων,
1347 3969 1446 4039 οὑχ
1475 3969 1762 4040 ἁρπαγμὸν
1789 3970 1916 4041 intr

2023 3968 2301 4026 Christum
2335 3972 2551 4027 ratione
2580 3973 3011 4043 dispensationis
3044 3991 3168 4047 qua:
3207 3980 3260 4032 in
3306 3980 3591 4051 proposito

362 4074 492 4112 σατο
510 4060 573 4113 τὸ
603 4055 743 4114 εἶναι
775 4061 865 4114 [ea
890 4060 1029 4131 Θεῷ,
1063 4060 1178 4114 ἀλλ’
1208 4060 1400 4113 ἑαυτὸν
1426 4059 1679 4125 ἐκένωσε,
1712 4061 1916 4130 μορφὴν

2024 4059 2172 4116 dicto
2200 4063 2554 4116 continentur
2579 4063 2855 4119 elocutum
2889 4068 3216 4123 asserimus.

356 4150 544 4205 δούλου
567 4150 769 4217 λαδὼν,
831 4151 925 4206 καλ⁵
946 4153 1185 4222 σχήματι
1243 4150 1487 4223 εὑρεθεὶς
1537 4150 1612 4214 ὡς
1653 4148 1960 4221 ἄνθρωπος,
2032 4148 2397 4205 ἐταπείνωσεν
2415 4152 2626 4218 ἑαυτὸν,
2673 4172 2693 4206 ι
2729 4151 2874 4225 εἶχεν
2897 4155 2963 4209 ἀν
2987 4173 3069 4209 σοι
3093 4157 3184 4209 καὶ
3210 4157 3311 4210 οὐκ
3331 4156 3593 4213 ἀπίθανον

358 4241 517 4309 λόγον
532 4243 634 4312 τῆς
666 4240 972 4310 ἀντιλογίας
1009 4241 1073 4294 τὺ
1102 4242 1307 4312 σχῆμα.
1348 4240 1560 4312 Ἐπειδὴ
1606 4240 1663 4294 δὲ
1694 4241 1793 4311 τῆς
1811 4241 2088 4312 ὑποταγῆς
2116 4243 2213 4297 καὶ
2271 4242 2649 4308 ταπεινώσεως
2711 4245 2945 4317 ἐναργὴς
2973 4248 3002 4300 6
3033 4247 3251 4318 τρόπος,
3313 4250 3367 4303 τί
3439 4249 3595 4321 ῥιψο-

361 4334 621 4398 κινδύνως
667 4335 923 4404 ἐπιτιμᾷς
969 4333 1048 4403 τῷ
1099 4334 1166 4387 δι’
1210 4335 1356 4403 ἡμᾶς
1413 4334 1508 4387 καὶ
1549 4332 1707 4385 τοῦτο
1773 4334 1962 4387 παθεῖν
2033 4334 2416 4406 ὑπομείναντι;
2471 4337 2812 4408 Πανταχόθεν
2864 4337 3149 4409 τοιγαροῦν
3207 4341 3285 4403 εἰς
3327 4340 3595 4412 ὀρθότητα

359 4426 646 4498 δογμάτων
698 4426 1072 4497 περιιστάντες
1125 4425 1216 4478 τὸν
1241 4426 1418 4493 λόγον,
1464 4424 1817 4496 οἰκονομικῶς
1848 4427 2126 4497 εἰρηκέναι
2171 4428 2350 4500 φαμὲν
2403 4428 2493 4484 τὸν
2539 4429 2740 4501 Κύριον
2803 4430 2958 4502 ἡμῶν
3008 4431 3212 4504 Ἰησοῦν
3257 4434 3491 4506 Χριστὸν
3524 4434 3597 4489 τὰ

359 4516 418 4568 ἐν
434 4516 513 4586 τῷ
541 4514 886 4586 προκειμένῳ
913 4513 1078 4584 ῥητῷ.
2143 4587 2145 4590 γ

432 4607 553 4675 Πρὸ
588 4606 657 4659 δὲ
692 4604 804 4673 τῆς
858 4604 1069 4673 ἑορτῆς
1106 4603 1214 4658 τοῦ
1279 4602 1513 4673 Πάσχα,
1557 4603 1720 4670 εἰδὼς
1748 4607 1782 4659 ό
1829 4606 1916 4673 ἰηι

2101 4601 2219 4656 ΧΙΙΙ
2243 4644 2260 4669 ,
2314 4603 2368 4658 1.
2410 4605 2542 4658 Ante
2563 4604 2703 4659 diem
2735 4613 2909 4659 autem
2940 4605 3131 4673 festum
3157 4605 3401 4677 Pascha,
3424 4611 3593 4667 sciens

360 4697 512 4763 σοῦς
536 4698 624 4750 ὅτι
659 4692 848 4767 ἦλθεν
871 4694 1059 4749 αὑτοῦ
1094 4695 1133 4761 ἡ
1168 4693 1310 4762 ὄψα,
1338 4695 1439 4748 ἵνα
1470 4694 1694 4762 μεταϐῇ
1717 4695 1785 4749 ἐκ
1820 4695 1916 4749 τοί

2023 4692 2180 4749 Iesus
2208 4696 2331 4763 quia
2353 4696 2488 4749 venit
2524 4695 2656 4750 hora
2694 4697 2806 4766 ejus
2837 4705 2894 4749 ut
2928 4705 3162 4752 transeat
3188 4715 3253 4753 ex
3273 4699 3372 4754 hoc
3401 4703 3595 4757 mando

359 4789 591 4856 κόσμου
618 4788 838 4841 τούτου
873 4787 1022 4853 πρὸς
1050 4785 1155 4838 τὸν
1173 4783 1424 4853 Πατέρα,
1444 4784 1765 4852 ἀγαπήσας
1785 4784 1916 4851 τοὺς

2026 4784 2095 4838 ad
2125 4787 2363 4851 Patrem,
2398 4802 2514 4839 cum
2539 4786 2813 4841 dilexisset
2847 4803 2971 4842 suos
2999 4789 3261 4858 quierant
3282 4790 3336 4845 in
3363 4791 3559 4845 mundo
3577 4832 3592 4857 ,

362 4880 552 4946 ἰδίους
586 4878 730 4946 τοὺς
779 4879 850 4932 ἐν
896 4876 978 4944 τῷ
1015 4878 1242 4947 κόσμῳ,
1288 4878 1376 4943 εἰς
1414 4875 1588 4942 τέλος
1613 4876 1916 4945 ἠγάπησεν

2025 4876 2083 4930 in
2116 4877 2273 4946 ﬁnem
2307 4877 2492 4931 dilexit
2517 4894 2626 4932 eos.

357 4971 601 5037 αὐτούς.

412 5060 825 5131 ’Δσυμφανέστε
834 5061 925 5133 ρόν
941 5062 1054 5114 ἐστι
1071 5062 1182 5124 τοῖς
1199 5060 1414 5123 πολλοῖς
1434 5058 1494 5112 τὸ
1509 5060 1568 5111 ἐν
1586 5060 1699 5123 τοῖς
1712 5075 1931 5131 προκει-

359 5152 547 5222 μένοις
576 5152 858 5222 Θεώρημα,
886 5154 979 5205 καὶ
996 5153 1056 5205 οὐ
1086 5152 1292 5224 σφόδρα
1320 5152 1515 5225 τρανές
1544 5153 1623 5214 εἰς
1647 5150 1926 5221 ἐξήγησιν,

357 5240 482 5294 ἀλλ’
506 5241 628 5294 οὐδὲ
662 5241 867 5295 ἁπλοῦν
905 5242 1048 5312 ἔχον,
1089 5243 1274 5314 ὥσπερ
1325 5244 1389 5296 ἀν
1435 5259 1521 5306 τις
1555 5242 1784 5314 οἰηθείη,
1839 5242 1929 5297 τὸν

354 5332 507 5385 νοῦν.
531 5332 639 5387 Τοῦ
669 5333 777 5406 γὰρ
807 5334 870 5407 δὴ
901 5334 1061 5407 χάριν
1093 5333 1507 5403 ἐπισημαίνεται
1538 5332 1633 5385 νῦν
1670 5335 1698 5386 6
1743 5333 1931 5386 θεσπέ-

357 5440 479 5487 σιος
505 5425 915 5496 εὐαγγελιστὴς,
944 5425 1040 5480 καὶ⁵
1065 5424 1255 5496 ὥσπερ
1282 5441 1332 5477 τι
1354 5424 1461 5478 τῶν
1481 5424 1791 5493 ἀναγκαίων
1818 5427 1932 5479 ἐπι-

430 5600 483 5632 “
513 5600 617 5656 lsa.
651 5616 738 5668 ιι,
773 5600 826 5667 s,
846 5615 957 5659 sec.
989 5602 1149 5660 LXX.
1234 5603 1278 5637 σν
1317 5601 1552 5674 Philipp.
1584 5616 1661 5668 ιι,
1692 5584 1835 5658 6—8.‘

2099 5054 2404 5111 Obscurior
2415 5055 2654 5125 estapud
2670 5055 2870 5111 multos
2893 5055 3055 5125 hujus
3079 5055 3182 5108 loci
3205 5055 3367 5125 719
3389 5055 3596 5112 intelle-

2030 5152 2172 5210 ctus,
2192 5162 2303 5214 .nec
2316 5146 2587 5215 esplicatu
2608 5147 2898 5203 admodum
2920 5146 3119 5209 facilis,
3134 5148 3229 5200 sed
3249 5160 3426 5215 neque
3442 5160 3592 5216 aper-

2028 5237 2326 5307 tum,quod
2350 5236 2474 5307 quis
2491 5238 2596 5293 sibi
2632 5237 2819 5293 forsan
2845 5238 3199 5309 persuaserit,
3222 5253 3444 5294 sensum
3466 5254 3593 5295 con-

2028 5330 2184 5385 tinet.
2209 5330 2380 5400 Cujus
2407 5332 2549 5386 enim
2569 5334 2650 5387 rei
2682 5332 2856 5402 gratia
2878 5313 3158 5401 signanter
3177 5331 3342 5387 modo
3371 5329 3592 5386 divinus

2029 5423 2367 5494 evangelista
2407 5423 2590 5481 dicere
2635 5424 2874 5493 videtur,
2904 5438 2968 5480 ac
2997 5424 3144 5480 velut
3167 5422 3391 5495 aliquod
3416 5435 3591 5493 operae
