4062 6208
1687 82 1695 86 η
1725 83 1757 92 υ
1773 86 1786 91 _
1798 75 1918 93 φ’...’

465 205 558 262 HI
1365 226 1374 235 -
1444 192 1498 246 S.
1533 187 1811 244 CYRILLl
1862 179 2326 239 ALEXANDRINI
2389 175 2704 233 ARCIIIEP.

1948 74 1977 88 ua
1997 72 2189 90 -'~-'-

2240 72 2416 92 Μ

3593 174 3693 228 ΗΞ

464 319 693 392 pretium
747 317 1042 379 observat,
1095 312 1333 368 dicens:
1391 329 1406 360 ι
1443 309 1583 361 Ante
1631 307 1774 360 diem
1833 310 2015 357 autem

2134 299 2293 367 τηρεῖ,
2315 296 2510 363 λέγων’
2534 312 2551 344 ι
2573 294 2685 362 Πρὸ
2704 292 2760 345 δὲ
2775 292 2870 362 τῆς
2885 291 3074 362 ἑορτῆς
3093 288 3184 342 τοῦ
3203 288 3412 357 Πάσχα,
3436 287 3587 352 εἰδὼς
3613 291 3695 342 ὅτι

465 412 663 464 festum
698 407 954 468 Paschae,
1005 405 1188 460 sciens
1227 401 1354 470 quia
1397 400 1546 453 venit
1593 397 1726 450 hora
1761 394 1919 462 ejus,
1965 399 2022 445 ut

464 508 709 553 transeat
738 513 804 551 ex
838 495 943 549 hoc
979 493 1179 574 mundo
1220 495 1284 545 ael
1319 488 1576 543 Patrem?
1609 507 1628 539 ι
1663 484 1802 551 Quid
1842 491 2021 536 autem

461 599 546 639 est
572 601 732 655 porro
754 585 897 654 quod
930 587 1006 637 ait
1037 601 1050 636 :
1096 601 1113 633 ι
1139 583 1271 635 Cum
1300 580 1584 632 dilexisset
1609 591 1740 632 suos
1769 575 1824 628 in
1862 585 2023 626 mutu

463 679 530 729 do
554 719 568 740 ,
600 678 650 730 in
683 676 840 728 linem
871 674 1060 727 dilexit
1083 673 1214 726 eos?
1244 691 1259 721 ι
1300 672 1356 724 lu
1384 684 1579 738 magna
1608 668 1792 737 itaque
1821 666 2022 719 obscu-

465 773 645 828 ritate,
667 767 771 820 tale
785 765 1040 834 quiddam
1069 765 1242 831 ipsum
1267 761 1451 814 dicere
1467 760 1720 819 arbitror,
1741 757 2022 818 nimirum,

464 867 586 911 ante
639 857 935 910 salutarem
1001 853 1307 921 passionem
1363 850 1616 919 quamvis
1662 854 2024 918 cognosceret

465 947 717 999 Salvator
753 945 864 1012 jam
917 942 1137 995 tandem
1186 941 1349 994 veluti
1404 956 1503 1008 pro
1559 939 1767 992 foribus
1822 937 2026 990 instare

464 1047 675 1104 tempus
717 1050 824 1104 quo
852 1033 918 1087 ad
944 1034 1114 1087 ctelos
1153 1033 1493 1086 transiturus
1525 1038 1707 1094 esset,
1741 1027 2024 1099 perfectis-

464 1129 654 1181 simam
709 1135 889 1179 tamen
936 1139 1066 1194 erga
1115 1139 1246 1179 suos
1290 1126 1382 1193 qui
1432 1125 1482 1176 in
1511 1124 1610 1176 hoc
1639 1121 1841 1174 mundo
1868 1127 2026 1173 erant

463 1219 806 1272 dilectionem
838 1217 1175 1271 exhibuisse.
1199 1215 1352 1281 Quod
1389 1215 1432 1269 si
1466 1229 1644 1283 operae
1677 1212 1908 1280 pretium
1942 1210 2027 1263 vi-

463 1310 656 1363 deatur
691 1316 861 1361 totam
905 1323 1014 1359 rem
1059 1308 1224 1360 latius
1255 1307 1558 1374 explicare,
1610 1319 1718 1357 non
1759 1302 2028 1373 gravabor

464 1399 606 1468 quod
651 1398 812 1452 modo
841 1397 956 1451 dixi
996 1395 1176 1449 denuo
1210 1403 1480 1464 repetere.
1513 1392 1823 1448 Servatoris
1856 1389 2026 1444 nostri

461 1490 664 1545 Christi
702 1487 934 1557 propriae
955 1493 1088 1540 sunt
1126 1499 1189 1538 ac
1220 1485 1526 1553 peculiares
1555 1495 1899 1552 quaecunque
1933 1493 2028 1548 per

463 1597 584 1636 eum
614 1581 771 1634 factm
800 1587 928 1634 sunt
959 1576 1259 1630 rationales
1298 1582 1350 1628 et
1392 1573 1791 1626 intellectuales
1815 1578 2028 1624 creatu-

2130 387 2385 459 ἐλήλυθεν
2422 385 2584 439 αὐτοῦ
2643 386 2675 454 ἡ
2711 385 2848 454 ὥρα,
2901 383 2986 436 ἵνα
3026 381 3231 452 μεταϐῇ
3273 381 3336 433 ὲκ
3364 379 3456 432 τοῦ
3492 382 3696 451 κόσμου

2129 476 2318 530 τούτου
2372 475 2508 545 πρὸς
2551 473 2638 526 τὸν
2691 471 2906 541 Πατέρα
2935 488 2950 536 ;
2989 489 3004 520 ι
3037 469 3100 521 Τί
3126 469 3180 521 δὲ
3202 465 3268 520 αὖ
3290 467 3450 520 πάλιν
3470 468 3586 521 ἐστὶ
3613 468 3697 533 τὸ,

2135 587 2152 617 ι
2197 567 2512 636 Ἀγαπήσας
2537 563 2659 626 τοὺς
2693 563 2855 624 ἰδίους
2885 560 3009 621 τοὺς
3037 561 3094 611 ὲν
3123 559 3197 628 τῷ
3221 558 3428 628 κόσμῳ,
3452 561 3530 622 εἰς
3550 559 3697 623 τέλος

2132 658 2411 727 ἠγάπησεν
2436 653 2653 720 αὐτούς
2690 672 2709 704 ι
2741 654 2992 721 Ἐχοντος
3037 649 3216 703 τοίνυν
3268 650 3329 702 οὐ
3379 649 3612 720 μετρίως
3639 649 3699 703 τὸ

2131 747 2358 816 ἀσαφὲς,
2408 742 2692 814 βούλεσθαί
2745 760 2798 795 τι
2852 741 3092 794 τοιοῦτον
3127 735 3279 811 οἶμαι
3314 739 3489 808 λέγειν
3517 739 3696 802 αὑτὸν,

2131 843 2210 894 ὅτι
2259 840 2366 911 πρὸ
2409 839 2502 891 τοῦ
2558 835 2826 905 σωτηρίου
2881 834 3108 897 πάθους,
3169 833 3346 886 καίτοι
3392 831 3696 901 γινώσκων,

2133 931 2317 999 φησιν,
2377 931 2404 982 ὁ
2461 927 2674 997 Σωτὴρ,
2700 927 2782 978 ὃτι
2809 924 2994 976 λοιπὸν
3047 924 3138 975 ἐπὶ
3180 923 3370 992 θύραις
3411 923 3632 991 γέγονεν
3669 923 3700 975 ὁ

2132 1020 2320 1090 καιρὸς
2373 1019 2460 1086 εῆς
2508 1018 2586 1078 εἰς
2624 1017 2884 1087 οὐρανοὺς
2924 1015 3328 1085 μεταστάσεως.
3359 1015 3699 1085 τελειοτάτην

2135 1102 2442 1174 ἐπεδείξατο
2472 1109 2569 1178 τὴν
2609 1108 2881 1177 ἀγάπησιν
2905 1107 3002 1176 τῆν
3026 1107 3151 1176 περὶ
3179 1107 3303 1168 τοὺς
3327 1105 3489 1166 ἰδίους
3541 1105 3700 1168 ὄντας

2133 1206 2190 1257 ἐν
2222 1203 2353 1272 τῷδε
2380 1200 2455 1270 τῷ
2482 1200 2690 1270 κόσμῳ.
2721 1199 2829 1252 Καὶ
2860 1200 2907 1252 εἰ
2934 1201 3036 1268 χρή
3083 1215 3198 1261 πως
3229 1197 3564 1267 πλατυτέραν
3588 1199 3700 1260 τοῖς

2135 1294 2508 1364 προκειμένοις
2539 1291 2819 1360 ἐπινοῆσαι
2856 1288 3111 1360 θεωρίαν,
3132 1289 3269 1358 ὅπερ
3311 1287 3449 1359 ἔφην
3477 1288 3696 1357 ἀρτίως,

2133 1383 2226 1435 καὶ
2245 1380 2487 1443 εἰσαῦθις
2527 1380 2655 1450 ἐρῶ.
2678 1379 2840 1432 Ἰδιον
2875 1379 2972 1448 μὲν
2995 1377 3102 1447 γὰρ
3129 1377 3222 1430 τοῦ
3257 1377 3505 1450 Σωτῆρος
3545 1376 3700 1446 ἡμῶν

2132 1471 2366 1543 Χριστοῦ
2382 1470 2450 1524 τά
2471 1471 2649 1524 πάντα
2661 1470 2729 1522 δι’
2747 1471 2910 1522 αὐτοῦ
2923 1470 3202 1537 γεγονότα,
3215 1467 3407 1536 λογικά
3427 1468 3522 1521 καὶ
3541 1466 3700 1539 νοερά

2137 1562 2430 1632 κτίσματα,
2464 1561 2732 1629 Δυνάμεις
2781 1561 2838 1613 αἱ
2868 1560 2997 1624 ἄνω,
3042 1561 3135 1613 καὶ
3159 1560 3370 1629 Θρόνοι.
3389 1560 3481 1613 καὶ
3511 1559 3703 1629 Κυριό-

465 1687 565 1734 rae,
592 1669 898 1724 Potestates
929 1680 1207 1734 supernae,
1238 1663 1443 1718 Throni
1465 1702 1479 1727 ,
1504 1671 1557 1717 et
1585 1661 1994 1715 Domiuationes
2015 1700 2030 1724 ,

2134 1671 2312 1723 τητες,
2357 1653 2450 1706 καὶ
2499 1653 2603 1705 εῐτι
2658 1651 2866 1713 τούτοις
2908 1651 3188 1720 ὁμογενὲς,
3216 1651 3339 1704 ὅσον
3367 1651 3446 1713 εἰς
3478 1650 3567 1704 τὸν
3604 1652 3698 1704 τοῦ

463 1770 516 1817 et
549 1761 653 1813 alia
687 1759 740 1812 id
773 1773 966 1828 genus,
1004 1759 1056 1810 in
1086 1762 1349 1826 quantum
1375 1761 1562 1808 creata
1587 1753 1677 1806 illa
1708 1760 1856 1806 sunt.
1884 1749 2024 1804 Sunt

467 1852 592 1904 item
620 1850 738 1918 ejus
776 1849 1012 1918 propriae
1042 1859 1383 1915 quaecunque
1426 1853 1554 1896 sunt
1597 1843 1829 1908 interra
1875 1854 2029 1892 crea-

465 1951 602 1996 turae
633 1941 864 1994 rationis
890 1946 1192 2008 compotes,
1229 1943 1498 2005 quatenus
1537 1933 1777 1986 omnium
1812 1940 1893 1984 est
1921 1928 2024 1982 Do-

468 2034 673 2094 minus,
702 2030 918 2083 etiamsi
951 2028 1199 2082 nonnulli
1235 2041 1485 2081 eumnon
1517 2025 1746 2078 adorent
1777 2031 1835 2075 ut
1869 2020 2028 2090 opili~

465 2137 602 2176 cem.
637 2119 838 2174 Dilexit
879 2119 1046 2188 igitur
1079 2133 1209 2172 suos
1239 2117 1330 2186 qui
1365 2126 1520 2170 erant
1563 2116 1614 2166 in
1646 2114 1888 2174 mundo;
1933 2125 2030 2164 nec

465 2211 606 2264 enim
643 2211 863 2278 angelos
896 2206 1260 2276 apprehendit
1284 2246 1298 2266 ,
1335 2205 1491 2274 juxta
1532 2203 1688 2256 Pauli
1729 2217 1915 2255 vocem
1949 2201 2026 2265 ⁸⁸,

465 2314 640 2367 neque
673 2305 893 2368 prepter
921 2297 1235 2367 angelorum
1265 2304 1517 2348 naturam
1545 2295 1599 2347 in
1641 2290 1813 2346 l‘or'ma
1846 2289 1938 2344 Dei
1966 2303 2030 2343 ac

467 2388 645 2443 Patris
683 2404 806 2443 cum
836 2397 981 2442 esset
1002 2429 1015 2451 ,
1051 2403 1158 2440 non
1196 2387 1442 2456 rapinam
1469 2385 1771 2439 arbitratus
1792 2391 1877 2437 est
1910 2397 2030 2436 esse

466 2497 525 2536 se
549 2481 811 2550 aequalem
844 2478 953 2533 Deo
978 2479 1020 2518 ‘9
1042 2517 1056 2542 ,
1088 2479 1182 2533 sed
1214 2486 1437 2548 propter
1461 2493 1561 2532 nos
1590 2477 1769 2546 potius
1803 2475 1895 2545 qui
1933 2491 2030 2528 su-

467 2587 588 2626 mus
619 2571 670 2623 in
696 2569 799 2622 hoc
832 2567 1059 2630 mundo,
1091 2568 1390 2621 exinauivit
1418 2567 1681 2635 seipsum,
1717 2575 1767 2619 et
1801 2565 2029 2618 formam

467 2660 716 2714 servilem
748 2658 980 2725 sumpsit
1005 2656 1097 2709 ille
1125 2655 1370 2708 omnium
1408 2653 1705 2716 Dominus,
1745 2652 1916 2704 nostri
1949 2650 2031 2703 di-

469 2751 707 2804 lectione
743 2754 796 2802 et
822 2760 1009 2800 amore
1035 2761 1100 2799 eo
1126 2755 1354 2799 vocatus
1379 2745 1446 2796 ⁷ο.
1477 2743 1610 2798 Cum
1644 2757 1773 2812 ergo
1809 2743 2034 2795 dilexis-

467 2847 549 2895 set
579 2853 674 2892 eos
708 2836 798 2904 qui
829 2844 987 2890 erant
1025 2835 1078 2888 in
1119 2837 1221 2888 hoc
1268 2832 1508 2896 mundo,
1552 2833 1606 2886 in
1644 2833 1804 2885 linem
1843 2830 2032 2884 dilexit

467 2941 563 2980 eos
587 2965 601 2990 ,
641 2925 768 2978 licet
798 2932 922 2977 ante
957 2923 1153 2977 festum
1183 2963 1197 2988 ,
1245 2930 1298 2976 et
1341 2931 1465 2975 ante
1508 2921 1716 2976 Pascha
1738 2960 1753 2984 ,
1789 2938 1806 2970 ι
1840 2919 2032 2975 Sciens

2133 1743 2459 1814 πεποιῆσθαι
2513 1741 2689 1812 λόγον.
2723 1741 2877 1794 ’Ἰδιον
2920 1742 2976 1794 δὲ
3038 1737 3105 1794 αὖ
3137 1741 3297 1794 πάλιν
3321 1741 3482 1796 αὐτοῦ
3508 1747 3600 1795 καί
3631 1741 3700 1795 τά

2130 1835 2222 1888 ἐπὶ
2249 1836 2348 1904 τῆς
2387 1835 2489 1903 γῆς
2550 1832 2762 1901 λογικὰ,
2823 1831 2960 1885 καθὸ
2997 1834 3214 1884 πάντων
3246 1833 3361 1884 ἐστι
3402 1834 3696 1903 Δεσπότης,

2132 1926 2225 1977 καὶ
2256 1927 2302 1977 εἰ
2341 1925 2412 1994 μή
2441 1941 2585 1986 τινες
2611 1921 3023 1993 προσκυνοῦσιν,
3045 1922 3120 1986 ὼς
3148 1922 3505 1994 Δημιουργόν.
3540 1924 3701 1992 Ἠγά-

2131 2023 2272 2084 πησε
2306 2017 2485 2068 τοίνυν
2548 2016 2674 2077 τοὺς
2701 2015 2864 2076 ἰδίους
2891 2015 3017 2074 τοὺς
3046 2015 3103 2066 ὲν
3130 2014 3209 2084 τῷ
3241 2015 3461 2085 κόσμῳο
3493 2015 3554 2067 οὗ
3593 2016 3700 2087 γάρ

2132 2107 2376 2175 ἀγγέλων
2406 2106 2854 2184 ἐπιλαμϐάνεται,
2906 2106 3046 2158 κατά
3089 2105 3187 2177 τὴν
3213 2105 3306 2158 τοῦ
3343 2105 3555 2160 Παύλου
3591 2124 3703 2175 φω-

2131 2198 2248 2266 νὴν,
2280 2198 2401 2250 οὐδὲ
2453 2197 2537 2249 διά
2572 2198 2668 2266 τὴν
2710 2197 2814 2250 τῶν
2873 2196 3120 2264 ἀγγέλων
3181 2197 3362 2265 φύσιν,
3398 2200 3455 2249 ὲν
3517 2199 3699 2268 μορφῇ

2131 2287 2264 2340 Θεοῦ
2294 2288 2387 2341 καὶ
2413 2288 2624 2358 Πατρδς
2649 2288 2929 2357 ὑπάρχων,
2949 2287 3046 2356 οὐχ
3063 2288 3351 2358 ἁρπαγμὸν
3381 2291 3624 2359 ἡγήσατο
3639 2289 3701 2341 τὸ

2133 2375 2268 2431 εἶναι
2300 2379 2388 2430 ἴσα
2413 2377 2550 2447 Θεῷ·
2577 2379 2643 2430 δι’
2675 2379 2818 2448 ἡμᾶς
2838 2379 2893 2430 δὲ
2921 2379 3117 2447 μᾶλλον
3136 2381 3258 2442 τοὺς
3285 2379 3439 2443 ὄντας
3467 2381 3524 2433 ὲν
3565 2379 3699 2449 τῷδε

2130 2469 2207 2538 τῷ
2226 2469 2437 2538 κόσμῳ,
2469 2467 2771 2520 κεκένωκεν
2792 2469 3002 2528 ἑαυτὸν,
3031 2471 3123 2521 καὶ
3157 2470 3368 2539 μορφὴν
3419 2469 3702 2532 ἀνεδέξατο

2132 2558 2228 2627 τὴν
2256 2559 2530 2628 οἰκετικὴν
2551 2561 2577 2612 ὀ
2604 2559 2820 2612 πάντων
2840 2559 3063 2630 Κύριος,
3086 2561 3274 2632 ἀγάπῃ
3298 2564 3363 2631 τῇ
3397 2561 3526 2631 περὶ
3557 2563 3703 2632 ἡμᾶς

2133 2649 2472 2718 κεκλημένος
2522 2651 2600 2712 εἰς
2645 2650 2823 2703 τοῦτο.
2881 2652 3195 2722 Ἀγαπήσας
3242 2653 3420 2705 τοίνυν
3475 2658 3598 2716 τοὺς
3641 2655 3699 2708 ὲν

2133 2737 2266 2808 τῷδε
2309 2737 2386 2807 τῷ
2413 2738 2621 2808 κόσμῳ,
2657 2739 2947 2810 ἠγάπησεν
2976 2742 3174 2804 αὐτοὺς
3214 2743 3293 2805 εἰς
3315 2742 3488 2806 τέλος,
3525 2743 3700 2796 καίτοι

2134 2828 2228 2880 καὶ
2251 2827 2355 2898 πρὸ
2389 2830 2483 2899 τῆς
2515 2829 2730 2900 ἑορτῆς,
2758 2831 2852 2883 καὶ
2875 2831 2980 2901 πρὸ
3013 2831 3105 2885 τοῦ
3133 2833 3343 2902 Πάσχα,
3371 2854 3388 2884 ι
3428 2834 3595 2898 Εἰδὼς
3620 2835 3700 2888 ὃτι

2133 2918 2292 2993 ἦλθεν
2318 2923 2481 2976 αὑτοῦ
2516 2925 2710 2996 ἡῶρα,
2744 2926 2832 2980 ἴνα
2869 2927 3075 2998 μεταϐῇ
3112 2931 3176 2980 ὲκ
3211 2904 3549 3000 τοῦκόσμου
3581 2930 3703 2983 τού-

471 3017 602 3085 quia
633 3015 782 3069 venit
815 3016 950 3068 hora
983 3014 1100 3083 ejus
1133 3022 1191 3066 ut
1227 3020 1470 3066 transeat
1496 3027 1560 3065 ex
1591 3013 1692 3065 hoc
1720 3011 1924 3064 mundo
1966 3010 2030 3064 ad

2134 3030 2226 3066 του
2258 3014 2387 3084 πρὸς
2416 3015 2506 3068 τὸν
2561 3016 2802 3087 Πατέρα.
2841 3036 2858 3069 ι
2886 3017 2993 3070 Τοῦ
3062 3019 3159 3088 μὲν
3199 3019 3307 3090 γάρ
3343 3019 3416 3091 μὴ
3445 3022 3525 3083 εἰς
3551 3021 3702 3084 τέλος

468 3104 708 3161 Patrem.
742 3125 761 3158 ι
801 3103 1025 3159 Factum
1055 3106 1201 3158 enim
1225 3118 1347 3158 esse
1373 3102 1682 3165 hominem,
1724 3100 1871 3155 haud
1913 3115 2034 3169 per-

473 3197 614 3250 fecte
649 3193 931 3264 diligentis
977 3201 1154 3256 esset,
1197 3193 1300 3247 nisi
1353 3208 1450 3261 pro
1481 3191 1724 3245 omnium
1756 3191 1865 3244 vita
1890 3189 2034 3260 peri-

469 3287 646 3341 clitari
675 3286 868 3352 vellet,
917 3285 1010 3340 sed
1043 3287 1098 3338 in
1130 3283 1289 3339 linem
1331 3284 1522 3338 dilexit
1565 3298 1681 3344 eos,
1719 3296 1892 3350 neque
1924 3279 2034 3352 pati

470 3375 814 3441 detrectavit,
848 3375 1100 3445 quamvis
1145 3390 1432 3443 passurum
1470 3389 1528 3428 se
1574 3373 1890 3442 praesciret:
1935 3385 2037 3425 nec

472 3465 616 3516 enim
651 3465 831 3534 ignota
877 3472 972 3516 aut
1015 3463 1310 3532 improvisa
1347 3470 1465 3516 erat
1507 3461 1787 3517 Servatori
1829 3460 2033 3531 passio.

476 3551 613 3606 Cum
650 3567 810 3622 ergo,
845 3551 1058 3620 inquit,
1089 3549 1396 3604 Judaaorum
1445 3550 1797 3618 petulantiam
1831 3556 1883 3602 et.
1916 3562 2038 3601 cru-

473 3644 806 3714 eiligentium
835 3645 1174 3713 impietatem
1208 3645 1378 3696 vitare
1409 3642 1618 3706 liceret,
1658 3653 1926 3695 summam
1957 3637 2041 3692 di-

473 3739 761 3794 lectionem
799 3737 1044 3792 exhibuit
1085 3737 1140 3791 in
1178 3751 1310 3791 suos
1348 3735 1440 3804 qui
1485 3743 1643 3790 erant
1691 3735 1746 3788 in
1797 3733 2034 3788 mundo:

473 3829 889 3887 non-recusavit
922 3829 1066 3885 enim
1117 3845 1216 3901 pro
1256 3830 1366 3884 vita
1409 3829 1650 3883 omnium
1691 3826 1852 3881 mori.
1885 3825 2040 3893 Quod

473 3922 616 3976 enim
649 3921 734 3974 hic
763 3918 1228 3990 perfectissimum
1254 3919 1572 3974 dilectionis
1604 3918 1824 3973 modum
1858 3917 2040 3972 videre

475 4013 668 4076 liceat,
721 4009 900 4080 ipsum
933 4016 1126 4064 testem
1167 4008 1435 4062 adducam
1472 4007 1758 4063 Dominum
1789 4015 2039 4063 nostrum

471 4102 658 4160 Jesum
678 4103 953 4158 Christum
978 4101 1188 4158 sanctis
1218 4103 1381 4172 720
1403 4102 1690 4172 discipulis
1719 4103 1792 4156 ita
1822 4103 2042 4171 loquen-

2135 3102 2519 3172 ἀγαπήσαντος
2575 3101 2663 3175 ῆν,
2719 3104 2780 3157 τὸ
2839 3105 3089 3172 γενέσθαι
3125 3108 3222 3178 μὲν
3280 3109 3582 3180 ἄνθρωπον,
3629 3109 3702 3180 μὴ

2138 3193 2242 3263 μὴν
2269 3193 2518 3263 ἐθελῆσαι
2541 3195 2746 3266 καὶτῆς
2775 3197 3030 3250 ἁπάντων
3064 3199 3510 3270 προκινδυνεῦσαι
3537 3201 3698 3270 ζωῆς,

2139 3283 2253 3338 ἀλλ’
2287 3285 2569 3356 ἠγάπησεν
2591 3287 2669 3350 εἰς
2693 3286 2861 3351 τέλος,
2897 3290 2988 3340 καὶ
3014 3288 3170 3341 τοῦτο
3201 3290 3389 3342 παθεῖν
3409 3292 3470 3343 οὐ
3504 3308 3704 3360 παραι-

2135 3375 2458 3445 τησάμενος,
2497 3377 2676 3430 καίτοι
2727 3378 2990 3449 προειδὼς
3041 3379 3122 3432 ὅτι
3164 3380 3437 3433 πείσεται·
3496 3381 3558 3433 οὐ
3597 3380 3704 3451 γὰρ

2136 3466 2377 3520 ἄποπτον
2409 3462 2477 3538 ἦν
2507 3467 2585 3538 τῷ
2635 3469 2848 3540 Σωτῆρι
2893 3471 2955 3523 τὸ
2993 3471 3185 3534 πάθος.
3228 3471 3375 3535 Ἐξὸν
3401 3467 3512 3531 οὖν,
3547 3471 3701 3540 φησι,

2134 3557 2412 3628 διαδρᾶναι
2447 3558 2556 3612 τῶν
2594 3559 2859 3613 Ἰουδαίων
2879 3560 2975 3624 τὰς
3016 3562 3320 3632 παροινίας,
3355 3563 3450 3614 καί⁵
3477 3562 3574 3632 τὴν
3600 3563 3705 3614 τῶν

2139 3649 2514 3720 σταυρούντων
2547 3650 3239 3722 ἀνοσιότητα,τελεωτάτην
3268 3652 3576 3716 ἐπεδείξατο
3607 3652 3705 3721 τὴν

2137 3740 2412 3810 ἀγάπησιν
2445 3739 2543 3811 τὴν
2587 3743 2666 3804 εἰς
2709 3742 2838 3805 τοὺς
2871 3742 3033 3806 ἰδίους
3077 3744 3203 3806 τοὺς
3233 3743 3394 3806 ὄντας
3418 3744 3478 3796 ἐν
3506 3743 3584 3813 τῷ
3609 3743 3706 3796 κό-

2139 3844 2280 3897 σμῳο
2314 3831 2668 3901 παρῃτήσατο
2713 3832 2821 3903 γὰρ
2864 3832 3116 3902 οὐδαμῶς
3154 3833 3216 3885 τὸ
3265 3833 3357 3886 καὶ
3385 3832 3481 3904 τῆς
3531 3833 3706 3886 ἁπάν-

2137 3935 2244 3972 των
2268 3920 2630 3992 ὑπερτεθῆναι
2660 3923 2770 3995 lla.
2802 3923 3219 3996 ὑπερτεθνᾶναι]
3256 3923 3418 3993 ζωῆς.
3454 3925 3576 3977 Ὅτι
3596 3924 3706 3994 γάρ

2139 4009 2386 4082 ἐντούτῳ
2441 4013 2676 4080 μάλιστα
2726 4012 3052 4066 τελεώτατον
3115 4012 3230 4066 ἔστι
3274 4014 3372 4083 τῆς
3399 4013 3706 4083 ἀγάπηςτδ

2142 4100 2337 4172 μέτρον
2397 4102 2544 4167 ἰδεῖν,
2584 4101 2745 4156 αὑτὸν
2792 4103 3038 4174 παροίσω
3088 4104 3338 4174 μάρτυρα
3380 4104 3468 4156 τὸν
3501 4104 3705 4174 Κύριον

475 4204 620 4250 tem:
665 4214 683 4246 ι
721 4193 837 4249 Hoc
863 4204 947 4250 est
980 4203 1310 4266 praeceptum
1346 4209 1524 4250 memn
1545 4237 1560 4261 ,
1598 4203 1656 4248 ut
1687 4193 1926 4266 diligatis
1954 4195 2040 4248 in-

475 4284 669 4344 vicem,
697 4285 841 4339 sicut
873 4284 1040 4338 dilexi
1063 4299 1182 4340 vos.
1210 4282 1468 4354 Majorem
1495 4285 1639 4338 enim
1663 4284 1766 4338 hac
1790 4284 2039 4339 dilectio—

477 4388 598 4427 nem
625 4389 786 4426 nemo
814 4373 1014 4436 habet,
1049 4380 1109 4425 ut
1140 4373 1377 4426 animam
1403 4386 1556 4426 suam
1587 4383 1750 4440 ponat
1782 4370 1905 4441 quis
1941 4387 2030 4441 pro

2141 4373 2323 4437 καθὼς
2349 4374 2607 4444 ἠγάπησα
2629 4375 2790 4444 ὑμᾶς.
2826 4374 3063 4438 Μείζονα
3109 4376 3216 4443 γὰρ
3263 4374 3460 4444 ταύτης
3486 4376 3705 4445 ἀγάπην

477 4462 670 4516 amicis
693 4461 810 4517 suis
835 4461 903 4515 ⁷⁸.
938 4479 956 4512 ι
996 4461 1138 4526 Quin
1169 4469 1222 4515 et
1254 4463 1358 4516 alia
1388 4463 1601 4517 ratione
1630 4464 1839 4517 ostendi
1865 4472 2030 4532 potest

2137 4464 2312 4527 οὐδεὶς
2381 4464 2511 4533 ἔχει,
2547 4465 2633 4516 ἵνα
2668 4481 2751 4526 τις
2780 4464 2878 4534 τὴν
2902 4465 3079 4534 ψυχὴν
3118 4465 3288 4517 αὐτοῦ
3329 4465 3393 4535 θῇ
3433 4465 3572 4535 ὑπὲρ
3598 4466 3704 4518 τῶν

479 4559 699 4607 sanctos
731 4552 1091 4621 evangelistas
1130 4551 1403 4621 imprimis
1433 4567 1659 4608 curasse
1693 4561 1750 4606 ut
1789 4556 2030 4609 ostende-

2139 4552 2308 4620 φίλων
2327 4551 2510 4605 αὑτοῦ.
2541 4569 2560 4602 ι
2596 4551 2707 4604 Καὶ
2753 4553 2875 4606 καθ’
2915 4554 3099 4624 ἕτερον
3143 4553 3196 4606 δὲ
3228 4553 3424 4623 τρόπον
3461 4553 3547 4606 ἀεί
3589 4553 3703 4616 πώς

479 4654 602 4698 rent
652 4642 941 4696 Dominum
988 4649 1239 4696 nostrum
1282 4641 1467 4697 Jesum
1511 4642 1788 4697 Christum
1831 4651 2030 4714 tempus

2139 4642 2253 4693 ἐστι
2277 4640 2364 4694 διὰ
2395 4641 2632 4711 σπουδῆς
2665 4644 2887 4711 γεγονὸς
2915 4647 3026 4707 τοῖς
3055 4644 3226 4713 ἁγίοις
3271 4643 3701 4712 εύαγγελισταῖς,

481 4733 752 4804 passionis
790 4733 1076 4802 praescisse
1106 4775 1121 4799 ,
1168 4749 1236 4788 ne
1283 4734 1407 4804 quis
1449 4734 1738 4789 haereticus
1780 4735 2030 4790 adversus

2143 4731 2425 4802 προειδότα
2478 4732 2743 4786 δεικνύειν
2773 4734 2864 4786 τὸν
2899 4735 2992 4787 τοῦ
3025 4735 3228 4797 πάθους
3257 4734 3445 4805 καιρὸν
3479 4735 3569 4787 τὸν
3595 4733 3703 4787 Κύ-
3741 4745 3747 4751 ·

478 4825 596 4891 ejus
645 4823 872 4894 gloriam
923 4825 1270 4894 insurgeret,
1326 4824 1516 4880 dicens
1566 4840 1676 4894 pra:
1725 4825 2030 4880 inﬁrmitate

2149 4837 2260 4892 ριον
2291 4822 2445 4892 ἡμῶν
2478 4823 2684 4892 Ἰησοῦν
2707 4824 2796 4876 τὸν
2826 4825 3058 4895 Χριστόν
3079 4841 3090 4855 ·
3123 4825 3208 4877 ἵνα
3241 4826 3313 4894 μή
3347 4841 3426 4886 τις
3451 4823 3560 4877 τῶν
3587 4825 3701 4876 ἑτε-

478 4923 694 4983 captum
726 4913 913 4978 fuisse,
939 4921 1136 4968 etcum
1170 4914 1372 4969 invitus
1395 4914 1449 4968 in
1480 4914 2030 4985 laqueosJudaeorum

2150 4909 2378 4980 ροδοξεῖν
2439 4911 2704 4966 εἰωθότων
2755 4913 2851 4984 τῆς
2885 4913 3033 4976 θείας
3073 4913 3237 4966 αὐτοῦ
3268 4913 3422 4982 δόξης
3445 4913 3702 4967 κατεπαί-
3741 4903 3752 4922 ⁸

481 5007 780 5071 incidisset,
816 5005 1254 5062 crudelissimam
1284 5015 1510 5061 mortem
1541 5009 1848 5076 pertulisse.
1878 5005 2030 5064 Utilis

2149 5017 2330 5071 ρηται,
2363 5001 2557 5069 λέγων,
2598 5003 2674 5066 ὼς
2701 5005 2816 5074 ῆλω
2847 5004 2944 5074 μὲν
2975 5004 3042 5057 δι’
3072 5004 3374 5067 ἀσθένειαν,
3409 5004 3624 5074 βρόχοις
3650 5003 3704 5055 δὲ

481 5112 610 5166 ergo
665 5106 719 5151 et
771 5097 841 5154 ad
866 5097 1329 5169 dispensationem
1381 5098 1663 5168 pertinens
1721 5109 2030 5156 sanctorum

2144 5093 2256 5154 τοῖς
2305 5091 2571 5145 Ἰουδαίων
2628 5094 2961 5164 ἀνεθελήτως
3002 5094 3333 5165 περιπεσὼν,
3397 5095 3488 5148 τὸν
3564 5094 3706 5147 οὕτω

481 5199 684 5244 sermo.
2145 5181 2427 5235 πάνδεινον
2459 5183 2664 5255 ὑπέστη
2723 5185 2966 5240 θάνατον.
3018 5187 3367 5258 Οἰκονομικὸς
3422 5186 3707 5258 τοιγαροῦν

2147 5274 2241 5327 καὶ
2271 5273 2544 5344 ὠφέλιμος
2568 5275 2676 5331 τῶν
2705 5278 2876 5346 ἁγίων
2895 5279 2924 5332 ό
2955 5278 3131 5346 λόγος.

2217 5359 2329 5416 Καὶ
2362 5361 2610 5418 δείπνου
2631 5365 2955 5436 γενομένου
2979 5405 2993 5431 ,
3027 5367 3132 5421 τοῦ
3162 5366 3442 5422 διαϐόλου
3475 5366 3588 5435 ἤδη
3607 5365 3702 5432 ﬁs-

2139 4191 2294 4261 ἡμῶν
2333 4190 2537 4262 Ἰησοῦν
2565 4192 2798 4264 Χριστὸν
2821 4196 2932 4257 τοῖς
2967 4193 3138 4260 ἁγίοις
3167 4194 3392 4261 λέγοντα
3415 4193 3702 4263 μαθητατςυ

2146 4301 2165 4335 ι
2201 4281 2347 4352 Αὕτη
2366 4284 2510 4336 ἐστὶν
2540 4284 2572 4352 ἡ
2609 4284 2792 4354 ἐντολὴ
2820 4286 2853 4354 ἡ
2874 4285 3001 4354 ἐμὴ,
3025 4285 3112 4336 ἵνα
3139 4285 3386 4349 ἀγαπᾶτε
3424 4284 3701 4354 ἀλλήλους,

553 5355 697 5426 XIII,
727 5355 849 5414 2-5.
895 5359 959 5412 Et
993 5377 1136 5414 caena
1163 5361 1338 5430 facta,
1376 5378 1493 5415 cum
1521 5361 1764 5417 diabolus
1788 5361 1900 5430 jam
1941 5362 2029 5415 im-

556 5540 601 5573 “
637 5539 802 5602 Hebr.
837 5558 898 5611 ιι,
936 5541 1022 5597 16.
1099 5543 1143 5577 ⁸⁸
1181 5543 1417 5616 Philipp.
1451 5560 1509 5612 ιι,
1543 5545 1595 5601 6.
1669 5545 1715 5580 '°
1758 5544 1890 5601 ibid.
1925 5544 1975 5598 7.

2135 5540 2297 5598 Joan.
2331 5559 2420 5611 xv,
2461 5545 2544 5608 15,
2582 5546 2664 5603 14.
