  <div class='ocr_page' id='page_1' title='image "/cluster/home/n/w/nwhite01/storage/ocr_20150623/74/hvd.32044048207120/062.png"; bbox 0 0 4062 6208; ppageno 0'>
   <div class='ocr_carea' id='block_1_1' title="bbox 383 268 491 324">
    <p class='ocr_par' dir='ltr' id='par_1_1' title="bbox 383 268 491 324">
     <span class='ocr_line' id='line_1_1' title="bbox 383 268 491 324; baseline 0.019 -2"><span class='ocrx_word' id='word_1_1' title='bbox 383 268 491 324; x_wconf 74' lang='lat' dir='ltr'><strong><em>H3</em></strong></span> 
     </span>
    </p>
   </div>
   <div class='ocr_carea' id='block_1_2' title="bbox 1422 265 2612 343">
    <p class='ocr_par' dir='ltr' id='par_1_2' title="bbox 1422 265 2612 343">
     <span class='ocr_line' id='line_1_2' title="bbox 1422 265 2612 343; baseline 0.005 -20"><span class='ocrx_word' id='word_1_2' title='bbox 1422 268 1490 323; x_wconf 83' lang='lat' dir='ltr'><strong><em>IN</em></strong></span> <span class='ocrx_word' id='word_1_3' title='bbox 1530 268 1815 326; x_wconf 75' lang='lat' dir='ltr'><strong><em>JOANMS</em></strong></span> <span class='ocrx_word' id='word_1_4' title='bbox 1853 265 2304 328; x_wconf 78' lang='lat' dir='ltr'><strong><em>EVANGELIUM</em></strong></span> <span class='ocrx_word' id='word_1_5' title='bbox 2350 271 2479 343; x_wconf 86' lang='lat' dir='ltr'><strong>LIB.</strong></span> <span class='ocrx_word' id='word_1_6' title='bbox 2523 272 2612 335; x_wconf 69' lang='grc' dir='ltr'>ιχ.</span> 
     </span>
    </p>
   </div>
   <div class='ocr_carea' id='block_1_3' title="bbox 3513 277 3615 333">
    <p class='ocr_par' dir='ltr' id='par_1_3' title="bbox 3513 277 3615 333">
     <span class='ocr_line' id='line_1_3' title="bbox 3513 277 3615 333; baseline 0.039 -5"><span class='ocrx_word' id='word_1_7' title='bbox 3513 277 3615 333; x_wconf 57' lang='lat' dir='ltr'><strong><em>lli</em></strong></span> 
     </span>
    </p>
   </div>
   <div class='ocr_carea' id='block_1_4' title="bbox 380 382 1946 453">
    <p class='ocr_par' dir='ltr' id='par_1_4' title="bbox 380 382 1946 453">
     <span class='ocr_line' id='line_1_4' title="bbox 380 382 1946 453; baseline 0.002 -16"><span class='ocrx_word' id='word_1_8' title='bbox 380 383 674 452; x_wconf 72' lang='grc' dir='ltr'>σληκότος</span> <span class='ocrx_word' id='word_1_9' title='bbox 741 384 828 448; x_wconf 81' lang='grc' dir='ltr'><strong><em>εἰς</em></strong></span> <span class='ocrx_word' id='word_1_10' title='bbox 880 382 995 450; x_wconf 76' lang='grc' dir='ltr'><strong><em>τὴν</em></strong></span> <span class='ocrx_word' id='word_1_11' title='bbox 1038 382 1289 452; x_wconf 79' lang='grc' dir='ltr'><strong><em>καρδίαν</em></strong></span> <span class='ocrx_word' id='word_1_12' title='bbox 1329 384 1515 441; x_wconf 81' lang='grc' dir='ltr'>Ἰούδα</span> <span class='ocrx_word' id='word_1_13' title='bbox 1549 386 1808 453; x_wconf 81' lang='grc' dir='ltr'>Σίμωνος</span> <span class='ocrx_word' id='word_1_14' title='bbox 1846 385 1946 440; x_wconf 81' lang='grc' dir='ltr'><strong><em>τοῦ</em></strong></span> 
     </span>
    </p>
   </div>
   <div class='ocr_carea' id='block_1_5' title="bbox 2047 382 3613 453">
    <p class='ocr_par' dir='ltr' id='par_1_5' title="bbox 2058 388 3613 446">
     <span class='ocr_line' id='line_1_5' title="bbox 2058 388 3613 446; baseline 0.003 -5"><span class='ocrx_word' id='word_1_15' title='bbox 2058 389 2282 443; x_wconf 77' lang='lat' dir='ltr'><strong><em>misisset</em></strong></span> <span class='ocrx_word' id='word_1_16' title='bbox 2316 388 2371 443; x_wconf 88' lang='lat' dir='ltr'><strong><em>in</em></strong></span> <span class='ocrx_word' id='word_1_17' title='bbox 2400 404 2489 441; x_wconf 88' lang='lat' dir='ltr'><strong><em>cor</em></strong></span> <span class='ocrx_word' id='word_1_18' title='bbox 2522 396 2577 443; x_wconf 85' lang='lat' dir='ltr'><strong><em>ut</em></strong></span> <span class='ocrx_word' id='word_1_19' title='bbox 2606 389 2833 445; x_wconf 78' lang='lat' dir='ltr'><strong><em>traderet</em></strong></span> <span class='ocrx_word' id='word_1_20' title='bbox 2859 403 2976 442; x_wconf 86' lang='lat' dir='ltr'><strong><em>eum</em></strong></span> <span class='ocrx_word' id='word_1_21' title='bbox 3003 388 3177 443; x_wconf 76' lang='lat' dir='ltr'><strong><em>ludas</em></strong></span> <span class='ocrx_word' id='word_1_22' title='bbox 3205 389 3431 446; x_wconf 81' lang='lat' dir='ltr'><strong><em>Simonis</em></strong></span> <span class='ocrx_word' id='word_1_23' title='bbox 3464 390 3613 446; x_wconf 78' lang='lat' dir='ltr'><strong><em>Isaa-</em></strong></span> 
     </span>
    </p>
   </div>
   <div class='ocr_carea' id='block_1_6' title="bbox 389 474 1949 547">
    <p class='ocr_par' dir='ltr' id='par_1_6' title="bbox 389 474 1949 547">
     <span class='ocr_line' id='line_1_6' title="bbox 389 474 1949 547; baseline 0.003 -19"><span class='ocrx_word' id='word_1_24' title='bbox 389 474 781 542; x_wconf 76' lang='grc' dir='ltr'>Ἰσκαριώτου,</span> <span class='ocrx_word' id='word_1_25' title='bbox 855 474 955 527; x_wconf 78' lang='grc' dir='ltr'><strong><em>ἵνα</em></strong></span> <span class='ocrx_word' id='word_1_26' title='bbox 997 474 1241 542; x_wconf 82' lang='grc' dir='ltr'>παραδῷ</span> <span class='ocrx_word' id='word_1_27' title='bbox 1285 475 1503 544; x_wconf 83' lang='grc' dir='ltr'>αὐτὸν,</span> <span class='ocrx_word' id='word_1_28' title='bbox 1557 479 1727 544; x_wconf 76' lang='grc' dir='ltr'>εἰδὼς</span> <span class='ocrx_word' id='word_1_29' title='bbox 1773 482 1805 532; x_wconf 76' lang='grc' dir='ltr'><strong><em>ό</em></strong></span> <span class='ocrx_word' id='word_1_30' title='bbox 1846 480 1949 547; x_wconf 82' lang='grc' dir='ltr'><strong><em>Ἰη-</em></strong></span> 
     </span>
    </p>
   </div>
   <div class='ocr_carea' id='block_1_7' title="bbox 379 564 1948 640">
    <p class='ocr_par' dir='ltr' id='par_1_7' title="bbox 379 564 1948 640">
     <span class='ocr_line' id='line_1_7' title="bbox 379 564 1948 640; baseline 0.003 -19"><span class='ocrx_word' id='word_1_31' title='bbox 379 567 531 631; x_wconf 78' lang='grc' dir='ltr'>σοῦς</span> <span class='ocrx_word' id='word_1_32' title='bbox 583 565 671 618; x_wconf 75' lang='grc' dir='ltr'><strong><em>ὅτι</em></strong></span> <span class='ocrx_word' id='word_1_33' title='bbox 736 564 933 619; x_wconf 78' lang='grc' dir='ltr'>πάντα</span> <span class='ocrx_word' id='word_1_34' title='bbox 986 566 1208 623; x_wconf 77' lang='grc' dir='ltr'>ἔδωκεν</span> <span class='ocrx_word' id='word_1_35' title='bbox 1231 567 1391 633; x_wconf 70' lang='grc' dir='ltr'>αὐτῷ</span> <span class='ocrx_word' id='word_1_36' title='bbox 1418 571 1451 618; x_wconf 76' lang='lat' dir='ltr'><strong><em>ri</em></strong></span> <span class='ocrx_word' id='word_1_37' title='bbox 1483 570 1680 640; x_wconf 78' lang='grc' dir='ltr'>Πατὴρ</span> <span class='ocrx_word' id='word_1_38' title='bbox 1730 575 1818 637; x_wconf 79' lang='grc' dir='ltr'><strong><em>εἰς</em></strong></span> <span class='ocrx_word' id='word_1_39' title='bbox 1842 572 1948 639; x_wconf 83' lang='grc' dir='ltr'><strong><em>τὰς</em></strong></span> 
     </span>
    </p>
   </div>
   <div class='ocr_carea' id='block_1_8' title="bbox 382 654 1949 730">
    <p class='ocr_par' dir='ltr' id='par_1_8' title="bbox 382 654 1949 730">
     <span class='ocr_line' id='line_1_8' title="bbox 382 654 1949 730; baseline 0.005 -23"><span class='ocrx_word' id='word_1_40' title='bbox 382 654 602 723; x_wconf 61' lang='grc' dir='ltr'>χεῖρας,</span> <span class='ocrx_word' id='word_1_41' title='bbox 636 655 736 708; x_wconf 79' lang='grc' dir='ltr'>καὶ</span> <span class='ocrx_word' id='word_1_42' title='bbox 779 655 867 708; x_wconf 87' lang='grc' dir='ltr'><strong><em>ὅτι</em></strong></span> <span class='ocrx_word' id='word_1_43' title='bbox 908 656 1026 711; x_wconf 78' lang='grc' dir='ltr'>ἀπὸ</span> <span class='ocrx_word' id='word_1_44' title='bbox 1069 657 1215 711; x_wconf 78' lang='grc' dir='ltr'>Θεοῦ</span> <span class='ocrx_word' id='word_1_45' title='bbox 1251 658 1486 724; x_wconf 67' lang='grc' dir='ltr'><strong><em>ἐξῆλθε,</em></strong></span> <span class='ocrx_word' id='word_1_46' title='bbox 1532 662 1627 714; x_wconf 74' lang='grc' dir='ltr'><strong><em>καί</em></strong></span> <span class='ocrx_word' id='word_1_47' title='bbox 1665 664 1815 730; x_wconf 60' lang='grc' dir='ltr'>πρὸς</span> <span class='ocrx_word' id='word_1_48' title='bbox 1842 663 1949 716; x_wconf 83' lang='grc' dir='ltr'><em>τὸν</em></span> 
     </span>
    </p>
   </div>
   <div class='ocr_carea' id='block_1_9' title="bbox 381 746 1945 816">
    <p class='ocr_par' dir='ltr' id='par_1_9' title="bbox 381 746 1945 816">
     <span class='ocr_line' id='line_1_9' title="bbox 381 746 1945 816; baseline 0.005 -18"><span class='ocrx_word' id='word_1_49' title='bbox 381 746 527 798; x_wconf 59' lang='grc' dir='ltr'><strong><em>Θείαν</em></strong></span> <span class='ocrx_word' id='word_1_50' title='bbox 573 746 809 815; x_wconf 70' lang='grc' dir='ltr'>ὑπάγει,</span> <span class='ocrx_word' id='word_1_51' title='bbox 850 747 1133 816; x_wconf 70' lang='grc' dir='ltr'>ἐγείρεται</span> <span class='ocrx_word' id='word_1_52' title='bbox 1163 749 1229 802; x_wconf 75' lang='grc' dir='ltr'>ἐκ</span> <span class='ocrx_word' id='word_1_53' title='bbox 1280 750 1382 803; x_wconf 87' lang='grc' dir='ltr'><strong><em>τοῦ</em></strong></span> <span class='ocrx_word' id='word_1_54' title='bbox 1421 750 1689 815; x_wconf 79' lang='grc' dir='ltr'>δείπνου,</span> <span class='ocrx_word' id='word_1_55' title='bbox 1724 754 1820 805; x_wconf 78' lang='grc' dir='ltr'>καὶ</span> <span class='ocrx_word' id='word_1_56' title='bbox 1862 754 1945 806; x_wconf 87' lang='grc' dir='ltr'><strong><em>τί-</em></strong></span> 
     </span>
    </p>
   </div>
   <div class='ocr_carea' id='block_1_10' title="bbox 377 836 1948 907">
    <p class='ocr_par' dir='ltr' id='par_1_10' title="bbox 377 836 1948 907">
     <span class='ocr_line' id='line_1_10' title="bbox 377 836 1948 907; baseline 0.005 -17"><span class='ocrx_word' id='word_1_57' title='bbox 377 840 516 903; x_wconf 82' lang='grc' dir='ltr'>θησι</span> <span class='ocrx_word' id='word_1_58' title='bbox 562 837 633 889; x_wconf 87' lang='grc' dir='ltr'><strong><em>τὰ</em></strong></span> <span class='ocrx_word' id='word_1_59' title='bbox 692 836 921 905; x_wconf 67' lang='grc' dir='ltr'>ἱμάτια*</span> <span class='ocrx_word' id='word_1_60' title='bbox 973 839 1071 892; x_wconf 82' lang='grc' dir='ltr'><strong><em>καί</em></strong></span> <span class='ocrx_word' id='word_1_61' title='bbox 1117 839 1319 893; x_wconf 76' lang='grc' dir='ltr'>λαϐὼν</span> <span class='ocrx_word' id='word_1_62' title='bbox 1362 842 1622 907; x_wconf 70' lang='grc' dir='ltr'>λέντιον,</span> <span class='ocrx_word' id='word_1_63' title='bbox 1668 842 1948 904; x_wconf 81' lang='grc' dir='ltr'><strong><em>διέζωσεν</em></strong></span> 
     </span>
    </p>
   </div>
   <div class='ocr_carea' id='block_1_11' title="bbox 374 921 1947 1002">
    <p class='ocr_par' dir='ltr' id='par_1_11' title="bbox 374 921 1947 1002">
     <span class='ocr_line' id='line_1_11' title="bbox 374 921 1947 1002; baseline 0.006 -24"><span class='ocrx_word' id='word_1_64' title='bbox 374 926 612 978; x_wconf 81' lang='grc' dir='ltr'>ἑαυτόν.</span> <span class='ocrx_word' id='word_1_65' title='bbox 641 921 786 979; x_wconf 83' lang='grc' dir='ltr'><strong><em>Εἶτα</em></strong></span> <span class='ocrx_word' id='word_1_66' title='bbox 840 926 1060 991; x_wconf 55' lang='grc' dir='ltr'>,βάλλει</span> <span class='ocrx_word' id='word_1_67' title='bbox 1106 928 1261 997; x_wconf 83' lang='grc' dir='ltr'>ὕδωρ</span> <span class='ocrx_word' id='word_1_68' title='bbox 1281 932 1366 995; x_wconf 82' lang='grc' dir='ltr'><strong><em>είς</em></strong></span> <span class='ocrx_word' id='word_1_69' title='bbox 1391 929 1496 983; x_wconf 85' lang='grc' dir='ltr'><strong><em>τὸν</em></strong></span> <span class='ocrx_word' id='word_1_70' title='bbox 1531 932 1810 1002; x_wconf 79' lang='grc' dir='ltr'><strong><em>νιπτῆρα,</em></strong></span> <span class='ocrx_word' id='word_1_71' title='bbox 1848 934 1947 987; x_wconf 82' lang='grc' dir='ltr'><strong><em>καί</em></strong></span> 
     </span>
    </p>
   </div>
   <div class='ocr_carea' id='block_1_12' title="bbox 374 1016 1943 1089">
    <p class='ocr_par' dir='ltr' id='par_1_12' title="bbox 374 1016 1943 1089">
     <span class='ocr_line' id='line_1_12' title="bbox 374 1016 1943 1089; baseline 0.007 -23"><span class='ocrx_word' id='word_1_72' title='bbox 374 1016 599 1082; x_wconf 75' lang='grc' dir='ltr'>ἤρξατο</span> <span class='ocrx_word' id='word_1_73' title='bbox 643 1018 877 1069; x_wconf 78' lang='grc' dir='ltr'>νίπτειν</span> <span class='ocrx_word' id='word_1_74' title='bbox 926 1018 1066 1083; x_wconf 86' lang='grc' dir='ltr'>τοὺς</span> <span class='ocrx_word' id='word_1_75' title='bbox 1121 1018 1310 1085; x_wconf 79' lang='grc' dir='ltr'>πόδας</span> <span class='ocrx_word' id='word_1_76' title='bbox 1360 1019 1476 1072; x_wconf 87' lang='grc' dir='ltr'>τῶν</span> <span class='ocrx_word' id='word_1_77' title='bbox 1507 1021 1808 1089; x_wconf 79' lang='grc' dir='ltr'><strong><em>μαθητῶν,</em></strong></span> <span class='ocrx_word' id='word_1_78' title='bbox 1845 1024 1943 1077; x_wconf 83' lang='grc' dir='ltr'><strong><em>καί</em></strong></span> 
     </span>
    </p>
   </div>
   <div class='ocr_carea' id='block_1_13' title="bbox 372 1106 1654 1181">
    <p class='ocr_par' dir='ltr' id='par_1_13' title="bbox 372 1106 1654 1181">
     <span class='ocr_line' id='line_1_13' title="bbox 372 1106 1654 1181; baseline 0.005 -22"><span class='ocrx_word' id='word_1_79' title='bbox 372 1106 707 1176; x_wconf 66' lang='grc' dir='ltr'>ἐκμάσσειν</span> <span class='ocrx_word' id='word_1_80' title='bbox 726 1107 806 1173; x_wconf 80' lang='grc' dir='ltr'>τῷ</span> <span class='ocrx_word' id='word_1_81' title='bbox 832 1110 1046 1174; x_wconf 77' lang='grc' dir='ltr'><em>λεντίῳ</em></span> <span class='ocrx_word' id='word_1_82' title='bbox 1064 1108 1109 1174; x_wconf 81' lang='grc' dir='ltr'><em>ᾧ</em></span> <span class='ocrx_word' id='word_1_83' title='bbox 1137 1107 1212 1181; x_wconf 77' lang='grc' dir='ltr'><strong><em>ἦν</em></strong></span> <span class='ocrx_word' id='word_1_84' title='bbox 1246 1111 1654 1181; x_wconf 75' lang='grc' dir='ltr'><strong><em>διεζωσμένος.</em></strong></span> 
     </span>
    </p>
   </div>
   <div class='ocr_carea' id='block_1_14' title="bbox 448 1197 1943 1274">
    <p class='ocr_par' dir='ltr' id='par_1_14' title="bbox 448 1197 1943 1274">
     <span class='ocr_line' id='line_1_14' title="bbox 448 1197 1943 1274; baseline 0.007 -26"><span class='ocrx_word' id='word_1_85' title='bbox 448 1197 753 1268; x_wconf 79' lang='grc' dir='ltr'>Πρόρῤιζον</span> <span class='ocrx_word' id='word_1_86' title='bbox 804 1202 832 1252; x_wconf 88' lang='grc' dir='ltr'><strong><em>ό</em></strong></span> <span class='ocrx_word' id='word_1_87' title='bbox 889 1200 1077 1272; x_wconf 86' lang='grc' dir='ltr'>Σωτὴρ</span> <span class='ocrx_word' id='word_1_88' title='bbox 1111 1204 1173 1255; x_wconf 81' lang='grc' dir='ltr'>ἐκ</span> <span class='ocrx_word' id='word_1_89' title='bbox 1219 1201 1325 1255; x_wconf 90' lang='grc' dir='ltr'><strong><em>τῶν</em></strong></span> <span class='ocrx_word' id='word_1_90' title='bbox 1350 1202 1634 1274; x_wconf 77' lang='grc' dir='ltr'><strong><em>ἡμετέρων</em></strong></span> <span class='ocrx_word' id='word_1_91' title='bbox 1674 1204 1943 1271; x_wconf 85' lang='grc' dir='ltr'><strong><em>διανοιῶν,</em></strong></span> 
     </span>
    </p>
   </div>
   <div class='ocr_carea' id='block_1_15' title="bbox 371 1286 1945 1363">
    <p class='ocr_par' dir='ltr' id='par_1_15' title="bbox 371 1286 1945 1363">
     <span class='ocr_line' id='line_1_15' title="bbox 371 1286 1945 1363; baseline 0.008 -26"><span class='ocrx_word' id='word_1_92' title='bbox 371 1286 446 1350; x_wconf 84' lang='grc' dir='ltr'>ὡς</span> <span class='ocrx_word' id='word_1_93' title='bbox 478 1288 800 1358; x_wconf 81' lang='grc' dir='ltr'>νοσημάτων</span> <span class='ocrx_word' id='word_1_94' title='bbox 824 1290 1119 1360; x_wconf 79' lang='grc' dir='ltr'>αἴσχιστον,</span> <span class='ocrx_word' id='word_1_95' title='bbox 1148 1293 1243 1346; x_wconf 76' lang='grc' dir='ltr'>καὶ</span> <span class='ocrx_word' id='word_1_96' title='bbox 1271 1293 1367 1363; x_wconf 83' lang='grc' dir='ltr'><strong><em>τῆς</em></strong></span> <span class='ocrx_word' id='word_1_97' title='bbox 1396 1294 1654 1347; x_wconf 83' lang='grc' dir='ltr'>ἁπάντων</span> <span class='ocrx_word' id='word_1_98' title='bbox 1684 1295 1945 1349; x_wconf 75' lang='grc' dir='ltr'><em>ἀνωτάτω</em></span> 
     </span>
    </p>
   </div>
   <div class='ocr_carea' id='block_1_16' title="bbox 374 1377 1943 1455">
    <p class='ocr_par' dir='ltr' id='par_1_16' title="bbox 374 1377 1943 1455">
     <span class='ocr_line' id='line_1_16' title="bbox 374 1377 1943 1455; baseline 0.007 -27"><span class='ocrx_word' id='word_1_99' title='bbox 374 1377 653 1448; x_wconf 73' lang='grc' dir='ltr'><strong><em>βδελυρίας</em></strong></span> <span class='ocrx_word' id='word_1_100' title='bbox 701 1378 869 1445; x_wconf 78' lang='grc' dir='ltr'>ἀξιον,</span> <span class='ocrx_word' id='word_1_101' title='bbox 907 1382 1268 1455; x_wconf 76' lang='grc' dir='ltr'><strong><em>καταστρέφει</em></strong></span> <span class='ocrx_word' id='word_1_102' title='bbox 1300 1387 1399 1454; x_wconf 71' lang='grc' dir='ltr'><strong><em>τὴν</em></strong></span> <span class='ocrx_word' id='word_1_103' title='bbox 1460 1384 1782 1455; x_wconf 67' lang='grc' dir='ltr'>ὑπεροψίαν.</span> <span class='ocrx_word' id='word_1_104' title='bbox 1821 1382 1943 1440; x_wconf 82' lang='grc' dir='ltr'>Οἷδε</span> 
     </span>
    </p>
   </div>
   <div class='ocr_carea' id='block_1_17' title="bbox 372 1467 1945 1548">
    <p class='ocr_par' dir='ltr' id='par_1_17' title="bbox 372 1467 1945 1548">
     <span class='ocr_line' id='line_1_17' title="bbox 372 1467 1945 1548; baseline 0.007 -29"><span class='ocrx_word' id='word_1_105' title='bbox 372 1467 483 1539; x_wconf 69' lang='grc' dir='ltr'>γὰρ</span> <span class='ocrx_word' id='word_1_106' title='bbox 507 1468 677 1533; x_wconf 77' lang='grc' dir='ltr'>οὕτως</span> <span class='ocrx_word' id='word_1_107' title='bbox 705 1470 855 1522; x_wconf 77' lang='grc' dir='ltr'>οὐδὲν</span> <span class='ocrx_word' id='word_1_108' title='bbox 877 1472 1082 1525; x_wconf 82' lang='grc' dir='ltr'>ἀδικεῖν</span> <span class='ocrx_word' id='word_1_109' title='bbox 1107 1474 1299 1537; x_wconf 85' lang='grc' dir='ltr'>εἰωθὸς</span> <span class='ocrx_word' id='word_1_110' title='bbox 1326 1473 1424 1546; x_wconf 74' lang='grc' dir='ltr'>τὴν</span> <span class='ocrx_word' id='word_1_111' title='bbox 1445 1475 1737 1545; x_wconf 84' lang='grc' dir='ltr'>ἀνθρώπου</span> <span class='ocrx_word' id='word_1_112' title='bbox 1766 1475 1945 1548; x_wconf 69' lang='grc' dir='ltr'>ψυχὴν</span> 
     </span>
    </p>
   </div>
   <div class='ocr_carea' id='block_1_18' title="bbox 372 1558 1943 1635">
    <p class='ocr_par' dir='ltr' id='par_1_18' title="bbox 372 1558 1943 1635">
     <span class='ocr_line' id='line_1_18' title="bbox 372 1558 1943 1635; baseline 0.006 -24"><span class='ocrx_word' id='word_1_113' title='bbox 372 1558 446 1622; x_wconf 82' lang='grc' dir='ltr'>ὡς</span> <span class='ocrx_word' id='word_1_114' title='bbox 462 1558 619 1612; x_wconf 86' lang='grc' dir='ltr'>τοῦτο</span> <span class='ocrx_word' id='word_1_115' title='bbox 660 1560 895 1630; x_wconf 81' lang='grc' dir='ltr'>μάλιστα</span> <span class='ocrx_word' id='word_1_116' title='bbox 924 1562 984 1614; x_wconf 82' lang='grc' dir='ltr'>τὸ</span> <span class='ocrx_word' id='word_1_117' title='bbox 1014 1564 1210 1635; x_wconf 76' lang='grc' dir='ltr'>μιαρὸν</span> <span class='ocrx_word' id='word_1_118' title='bbox 1240 1566 1331 1619; x_wconf 75' lang='grc' dir='ltr'>καὶ</span> <span class='ocrx_word' id='word_1_119' title='bbox 1367 1566 1714 1620; x_wconf 79' lang='grc' dir='ltr'><strong><em>ἀπόπτυστον</em></strong></span> <span class='ocrx_word' id='word_1_120' title='bbox 1753 1568 1943 1633; x_wconf 82' lang='grc' dir='ltr'>πάθος,</span> 
     </span>
    </p>
   </div>
   <div class='ocr_carea' id='block_1_19' title="bbox 371 1643 1943 1725">
    <p class='ocr_par' dir='ltr' id='par_1_19' title="bbox 371 1643 1943 1725">
     <span class='ocr_line' id='line_1_19' title="bbox 371 1643 1943 1725; baseline 0.007 -23"><span class='ocrx_word' id='word_1_121' title='bbox 371 1643 417 1718; x_wconf 79' lang='grc' dir='ltr'>ᾧ</span> <span class='ocrx_word' id='word_1_122' title='bbox 442 1653 536 1704; x_wconf 70' lang='grc' dir='ltr'><strong><em>καὶ</em></strong></span> <span class='ocrx_word' id='word_1_123' title='bbox 556 1651 719 1715; x_wconf 75' lang='grc' dir='ltr'>αὐτὸς</span> <span class='ocrx_word' id='word_1_124' title='bbox 749 1654 778 1705; x_wconf 85' lang='grc' dir='ltr'>ὁ</span> <span class='ocrx_word' id='word_1_125' title='bbox 820 1652 1037 1708; x_wconf 75' lang='grc' dir='ltr'>πάντων</span> <span class='ocrx_word' id='word_1_126' title='bbox 1086 1657 1382 1724; x_wconf 79' lang='grc' dir='ltr'>Δεσπότης,</span> <span class='ocrx_word' id='word_1_127' title='bbox 1412 1656 1486 1721; x_wconf 84' lang='grc' dir='ltr'>ὡς</span> <span class='ocrx_word' id='word_1_128' title='bbox 1522 1660 1578 1711; x_wconf 79' lang='grc' dir='ltr'>ὲν</span> <span class='ocrx_word' id='word_1_129' title='bbox 1606 1659 1755 1725; x_wconf 73' lang='grc' dir='ltr'>τάξει</span> <span class='ocrx_word' id='word_1_130' title='bbox 1784 1660 1943 1713; x_wconf 86' lang='grc' dir='ltr'>πολε-</span> 
     </span>
    </p>
   </div>
   <div class='ocr_carea' id='block_1_20' title="bbox 2052 477 3614 548">
    <p class='ocr_par' dir='ltr' id='par_1_20' title="bbox 2052 477 3614 548">
     <span class='ocr_line' id='line_1_20' title="bbox 2052 477 3614 548; baseline 0.004 -18"><span class='ocrx_word' id='word_1_131' title='bbox 2052 480 2248 542; x_wconf 78' lang='lat' dir='ltr'><strong><em>rietes,</em></strong></span> <span class='ocrx_word' id='word_1_132' title='bbox 2299 480 2467 534; x_wconf 78' lang='lat' dir='ltr'><strong><em>sciens</em></strong></span> <span class='ocrx_word' id='word_1_133' title='bbox 2504 477 2661 541; x_wconf 77' lang='lat' dir='ltr'><strong><em>lesus</em></strong></span> <span class='ocrx_word' id='word_1_134' title='bbox 2695 480 2820 548; x_wconf 85' lang='lat' dir='ltr'><strong><em>quia</em></strong></span> <span class='ocrx_word' id='word_1_135' title='bbox 2865 482 3043 539; x_wconf 80' lang='lat' dir='ltr'><strong><em>omnia</em></strong></span> <span class='ocrx_word' id='word_1_136' title='bbox 3084 480 3227 536; x_wconf 84' lang='lat' dir='ltr'><strong><em>dedit</em></strong></span> <span class='ocrx_word' id='word_1_137' title='bbox 3275 482 3322 534; x_wconf 87' lang='lat' dir='ltr'><strong><em>ei</em></strong></span> <span class='ocrx_word' id='word_1_138' title='bbox 3355 481 3520 536; x_wconf 84' lang='lat' dir='ltr'><strong><em>Pater</em></strong></span> <span class='ocrx_word' id='word_1_139' title='bbox 3559 485 3614 537; x_wconf 81' lang='lat' dir='ltr'><strong><em>in</em></strong></span> 
     </span>
    </p>
   </div>
   <div class='ocr_carea' id='block_1_21' title="bbox 2050 569 3613 641">
    <p class='ocr_par' dir='ltr' id='par_1_21' title="bbox 2050 569 3613 641">
     <span class='ocr_line' id='line_1_21' title="bbox 2050 569 3613 641; baseline 0.003 -16"><span class='ocrx_word' id='word_1_140' title='bbox 2050 587 2256 631; x_wconf 75' lang='lat' dir='ltr'><strong><em>atauus.</em></strong></span> <span class='ocrx_word' id='word_1_141' title='bbox 2289 581 2339 624; x_wconf 82' lang='lat' dir='ltr'><strong><em>et</em></strong></span> <span class='ocrx_word' id='word_1_142' title='bbox 2367 572 2489 641; x_wconf 82' lang='lat' dir='ltr'><strong><em>quia</em></strong></span> <span class='ocrx_word' id='word_1_143' title='bbox 2525 588 2556 624; x_wconf 92' lang='lat' dir='ltr'><strong><em>a</em></strong></span> <span class='ocrx_word' id='word_1_144' title='bbox 2584 569 2690 625; x_wconf 89' lang='lat' dir='ltr'><strong><em>Deo</em></strong></span> <span class='ocrx_word' id='word_1_145' title='bbox 2716 572 2874 626; x_wconf 80' lang='lat' dir='ltr'><strong><em>exivit</em></strong></span> <span class='ocrx_word' id='word_1_146' title='bbox 2908 580 2957 627; x_wconf 88' lang='lat' dir='ltr'><strong><em>et</em></strong></span> <span class='ocrx_word' id='word_1_147' title='bbox 2990 572 3058 626; x_wconf 89' lang='lat' dir='ltr'><strong><em>ad</em></strong></span> <span class='ocrx_word' id='word_1_148' title='bbox 3094 573 3260 627; x_wconf 83' lang='lat' dir='ltr'><strong><em>Deum</em></strong></span> <span class='ocrx_word' id='word_1_149' title='bbox 3287 573 3460 640; x_wconf 84' lang='lat' dir='ltr'><strong><em>vadit,</em></strong></span> <span class='ocrx_word' id='word_1_150' title='bbox 3491 592 3613 628; x_wconf 81' lang='lat' dir='ltr'><strong><em>sur-</em></strong></span> 
     </span>
    </p>
   </div>
   <div class='ocr_carea' id='block_1_22' title="bbox 2046 664 3611 731">
    <p class='ocr_par' dir='ltr' id='par_1_22' title="bbox 2046 664 3611 731">
     <span class='ocr_line' id='line_1_22' title="bbox 2046 664 3611 731; baseline 0.003 -17"><span class='ocrx_word' id='word_1_151' title='bbox 2046 664 2118 731; x_wconf 86' lang='lat' dir='ltr'><strong><em>git</em></strong></span> <span class='ocrx_word' id='word_1_152' title='bbox 2153 680 2184 717; x_wconf 90' lang='lat' dir='ltr'><strong><em>a</em></strong></span> <span class='ocrx_word' id='word_1_153' title='bbox 2218 680 2360 716; x_wconf 75' lang='lat' dir='ltr'><strong><em>arua</em></strong></span> <span class='ocrx_word' id='word_1_154' title='bbox 2389 703 2402 725; x_wconf 88' lang='lat'><strong><em>,</em></strong></span> <span class='ocrx_word' id='word_1_155' title='bbox 2448 672 2495 716; x_wconf 88' lang='lat' dir='ltr'><strong><em>et</em></strong></span> <span class='ocrx_word' id='word_1_156' title='bbox 2528 664 2672 729; x_wconf 85' lang='lat' dir='ltr'><strong><em>ponit</em></strong></span> <span class='ocrx_word' id='word_1_157' title='bbox 2718 664 3021 719; x_wconf 80' lang='lat' dir='ltr'><strong><em>vestimenta</em></strong></span> <span class='ocrx_word' id='word_1_158' title='bbox 3053 680 3151 719; x_wconf 81' lang='lat' dir='ltr'><strong><em>sua</em></strong></span> <span class='ocrx_word' id='word_1_159' title='bbox 3189 680 3207 719; x_wconf 89' lang='lat'><strong><em>:</em></strong></span> <span class='ocrx_word' id='word_1_160' title='bbox 3237 674 3287 720; x_wconf 90' lang='lat' dir='ltr'><strong><em>et</em></strong></span> <span class='ocrx_word' id='word_1_161' title='bbox 3315 681 3432 719; x_wconf 87' lang='lat' dir='ltr'><strong><em>cum</em></strong></span> <span class='ocrx_word' id='word_1_162' title='bbox 3463 682 3611 719; x_wconf 87' lang='lat' dir='ltr'><strong><em>acce-</em></strong></span> 
     </span>
    </p>
   </div>
   <div class='ocr_carea' id='block_1_23' title="bbox 2045 755 3612 827">
    <p class='ocr_par' dir='ltr' id='par_1_23' title="bbox 2045 755 3612 827">
     <span class='ocr_line' id='line_1_23' title="bbox 2045 755 3612 827; baseline 0.003 -21"><span class='ocrx_word' id='word_1_163' title='bbox 2045 756 2203 821; x_wconf 80' lang='lat' dir='ltr'><strong><em>pisset</em></strong></span> <span class='ocrx_word' id='word_1_164' title='bbox 2240 755 2483 818; x_wconf 81' lang='lat' dir='ltr'><strong><em>linteum,</em></strong></span> <span class='ocrx_word' id='word_1_165' title='bbox 2524 757 2801 824; x_wconf 57' lang='lat' dir='ltr'><strong><em>pra/cinxit</em></strong></span> <span class='ocrx_word' id='word_1_166' title='bbox 2846 773 2922 813; x_wconf 80' lang='lat' dir='ltr'><strong><em>se.</em></strong></span> <span class='ocrx_word' id='word_1_167' title='bbox 2971 756 3173 812; x_wconf 81' lang='lat' dir='ltr'><strong><em>Deinde</em></strong></span> <span class='ocrx_word' id='word_1_168' title='bbox 3215 757 3375 811; x_wconf 80' lang='lat' dir='ltr'><strong><em>mittit</em></strong></span> <span class='ocrx_word' id='word_1_169' title='bbox 3418 773 3612 827; x_wconf 79' lang='lat' dir='ltr'><strong><em>aquam</em></strong></span> 
     </span>
    </p>
   </div>
   <div class='ocr_carea' id='block_1_24' title="bbox 2047 846 3613 919">
    <p class='ocr_par' dir='ltr' id='par_1_24' title="bbox 2047 846 3613 919">
     <span class='ocr_line' id='line_1_24' title="bbox 2047 846 3613 919; baseline 0.003 -21"><span class='ocrx_word' id='word_1_170' title='bbox 2047 847 2100 899; x_wconf 84' lang='lat' dir='ltr'><strong><em>in</em></strong></span> <span class='ocrx_word' id='word_1_171' title='bbox 2138 846 2360 913; x_wconf 85' lang='lat' dir='ltr'><strong><em>pelvim,</em></strong></span> <span class='ocrx_word' id='word_1_172' title='bbox 2409 856 2458 899; x_wconf 91' lang='lat' dir='ltr'><strong><em>et</em></strong></span> <span class='ocrx_word' id='word_1_173' title='bbox 2508 848 2657 914; x_wconf 72' lang='lat' dir='ltr'><strong><em>coepit</em></strong></span> <span class='ocrx_word' id='word_1_174' title='bbox 2702 846 2882 901; x_wconf 83' lang='lat' dir='ltr'><strong><em>lavare</em></strong></span> <span class='ocrx_word' id='word_1_175' title='bbox 2903 848 3056 915; x_wconf 80' lang='lat' dir='ltr'><strong><em>pedes</em></strong></span> <span class='ocrx_word' id='word_1_176' title='bbox 3107 849 3518 919; x_wconf 77' lang='lat' dir='ltr'><strong><em>discipulorum,</em></strong></span> <span class='ocrx_word' id='word_1_177' title='bbox 3563 858 3613 904; x_wconf 87' lang='lat' dir='ltr'><strong><em>et</em></strong></span> 
     </span>
    </p>
   </div>
   <div class='ocr_carea' id='block_1_25' title="bbox 2046 938 3127 1009">
    <p class='ocr_par' dir='ltr' id='par_1_25' title="bbox 2046 938 3127 1009">
     <span class='ocr_line' id='line_1_25' title="bbox 2046 938 3127 1009; baseline 0.005 -21"><span class='ocrx_word' id='word_1_178' title='bbox 2046 945 2310 1007; x_wconf 72' lang='lat' dir='ltr'><strong><em>extergere</em></strong></span> <span class='ocrx_word' id='word_1_179' title='bbox 2336 938 2492 992; x_wconf 83' lang='lat' dir='ltr'><strong><em>linteo</em></strong></span> <span class='ocrx_word' id='word_1_180' title='bbox 2518 954 2619 1009; x_wconf 84' lang='lat' dir='ltr'><strong><em>quo</em></strong></span> <span class='ocrx_word' id='word_1_181' title='bbox 2649 948 2765 993; x_wconf 87' lang='lat' dir='ltr'><strong><em>erat</em></strong></span> <span class='ocrx_word' id='word_1_182' title='bbox 2790 940 3127 1008; x_wconf 77' lang='lat' dir='ltr'><strong><em>prtecinctus.</em></strong></span> 
     </span>
    </p>
   </div>
   <div class='ocr_carea' id='block_1_26' title="bbox 2118 1192 3612 1267">
    <p class='ocr_par' dir='ltr' id='par_1_26' title="bbox 2118 1192 3612 1267">
     <span class='ocr_line' id='line_1_26' title="bbox 2118 1192 3612 1267; baseline 0.002 -18"><span class='ocrx_word' id='word_1_183' title='bbox 2118 1192 2379 1250; x_wconf 83' lang='lat' dir='ltr'><strong><em>Servatur</em></strong></span> <span class='ocrx_word' id='word_1_184' title='bbox 2414 1210 2480 1250; x_wconf 81' lang='lat' dir='ltr'><strong><em>ex</em></strong></span> <span class='ocrx_word' id='word_1_185' title='bbox 2524 1196 2725 1252; x_wconf 86' lang='lat' dir='ltr'><strong><em>animis</em></strong></span> <span class='ocrx_word' id='word_1_186' title='bbox 2758 1198 2964 1254; x_wconf 79' lang='lat' dir='ltr'><strong><em>nostris</em></strong></span> <span class='ocrx_word' id='word_1_187' title='bbox 3003 1198 3317 1267; x_wconf 84' lang='lat' dir='ltr'><strong><em>superbiam</em></strong></span> <span class='ocrx_word' id='word_1_188' title='bbox 3353 1204 3612 1267; x_wconf 88' lang='lat' dir='ltr'><strong><em>tauquam</em></strong></span> 
     </span>
    </p>
   </div>
   <div class='ocr_carea' id='block_1_27' title="bbox 2047 1285 3611 1366">
    <p class='ocr_par' dir='ltr' id='par_1_27' title="bbox 2047 1285 3611 1366">
     <span class='ocr_line' id='line_1_27' title="bbox 2047 1285 3611 1366; baseline 0.001 -27"><span class='ocrx_word' id='word_1_189' title='bbox 2047 1285 2359 1340; x_wconf 84' lang='lat' dir='ltr'><strong>morborum</strong></span> <span class='ocrx_word' id='word_1_190' title='bbox 2382 1286 2627 1341; x_wconf 89' lang='lat' dir='ltr'><strong><em>omnium</em></strong></span> <span class='ocrx_word' id='word_1_191' title='bbox 2653 1286 3039 1354; x_wconf 66' lang='lat' dir='ltr'><strong><em>foedissimum,</em></strong></span> <span class='ocrx_word' id='word_1_192' title='bbox 3058 1297 3114 1343; x_wconf 92' lang='lat' dir='ltr'><strong><em>et</em></strong></span> <span class='ocrx_word' id='word_1_193' title='bbox 3140 1303 3349 1344; x_wconf 88' lang='lat' dir='ltr'><strong><em>summa</em></strong></span> <span class='ocrx_word' id='word_1_194' title='bbox 3366 1289 3611 1366; x_wconf 77' lang='lat' dir='ltr'><strong><em>omnium</em></strong></span> 
     </span>
    </p>
   </div>
   <div class='ocr_carea' id='block_1_28' title="bbox 2044 1374 3611 1447">
    <p class='ocr_par' dir='ltr' id='par_1_28' title="bbox 2044 1374 3611 1447">
     <span class='ocr_line' id='line_1_28' title="bbox 2044 1374 3611 1447; baseline 0.003 -18"><span class='ocrx_word' id='word_1_195' title='bbox 2044 1374 2411 1430; x_wconf 81' lang='lat' dir='ltr'><strong><em>detestatione</em></strong></span> <span class='ocrx_word' id='word_1_196' title='bbox 2457 1376 2683 1447; x_wconf 87' lang='lat' dir='ltr'><strong><em>dignum</em></strong></span> <span class='ocrx_word' id='word_1_197' title='bbox 2738 1377 3007 1434; x_wconf 74' lang='lat' dir='ltr'><strong><em>radicitus</em></strong></span> <span class='ocrx_word' id='word_1_198' title='bbox 3046 1380 3250 1435; x_wconf 83' lang='lat' dir='ltr'><strong><em>evellit.</em></strong></span> <span class='ocrx_word' id='word_1_199' title='bbox 3296 1378 3415 1434; x_wconf 90' lang='lat' dir='ltr'><strong><em>Scit</em></strong></span> <span class='ocrx_word' id='word_1_200' title='bbox 3461 1381 3611 1436; x_wconf 88' lang='lat' dir='ltr'><strong><em>enim</em></strong></span> 
     </span>
    </p>
   </div>
   <div class='ocr_carea' id='block_1_29' title="bbox 2046 1467 3614 1540">
    <p class='ocr_par' dir='ltr' id='par_1_29' title="bbox 2046 1467 3614 1540">
     <span class='ocr_line' id='line_1_29' title="bbox 2046 1467 3614 1540; baseline 0.004 -22"><span class='ocrx_word' id='word_1_201' title='bbox 2046 1467 2182 1521; x_wconf 84' lang='lat' dir='ltr'><strong><em>nihil</em></strong></span> <span class='ocrx_word' id='word_1_202' title='bbox 2226 1482 2379 1536; x_wconf 72' lang='lat' dir='ltr'><strong><em>aeque</em></strong></span> <span class='ocrx_word' id='word_1_203' title='bbox 2417 1469 2653 1523; x_wconf 86' lang='lat' dir='ltr'><strong><em>hominis</em></strong></span> <span class='ocrx_word' id='word_1_204' title='bbox 2689 1468 2884 1523; x_wconf 67' lang='lat' dir='ltr'><strong><em>animm</em></strong></span> <span class='ocrx_word' id='word_1_205' title='bbox 2916 1468 3133 1525; x_wconf 83' lang='lat' dir='ltr'><strong><em>oiiicere</em></strong></span> <span class='ocrx_word' id='word_1_206' title='bbox 3177 1485 3342 1540; x_wconf 85' lang='lat' dir='ltr'><strong><em>posse</em></strong></span> <span class='ocrx_word' id='word_1_207' title='bbox 3382 1485 3449 1525; x_wconf 88' lang='lat' dir='ltr'><strong><em>ac</em></strong></span> <span class='ocrx_word' id='word_1_208' title='bbox 3482 1471 3614 1525; x_wconf 81' lang='lat' dir='ltr'><strong><em>abo-</em></strong></span> 
     </span>
    </p>
   </div>
   <div class='ocr_carea' id='block_1_30' title="bbox 2048 1542 3610 1630">
    <p class='ocr_par' dir='ltr' id='par_1_30' title="bbox 2048 1542 3610 1630">
     <span class='ocr_line' id='line_1_30' title="bbox 2048 1542 3610 1630; baseline 0.002 -19"><span class='ocrx_word' id='word_1_209' title='bbox 2048 1559 2362 1613; x_wconf 86' lang='lat' dir='ltr'><strong><em>minandam</em></strong></span> <span class='ocrx_word' id='word_1_210' title='bbox 2402 1559 2549 1613; x_wconf 83' lang='lat' dir='ltr'><strong><em>illam</em></strong></span> <span class='ocrx_word' id='word_1_211' title='bbox 2584 1573 2649 1613; x_wconf 90' lang='lat' dir='ltr'><strong><em>ac</em></strong></span> <span class='ocrx_word' id='word_1_212' title='bbox 2688 1542 3066 1614; x_wconf 82' lang='lat' dir='ltr'><strong><em>detestandam</em></strong></span> <span class='ocrx_word' id='word_1_213' title='bbox 3096 1561 3567 1630; x_wconf 87' lang='lat' dir='ltr'><strong><em>perturbationem</em></strong></span> <span class='ocrx_word' id='word_1_214' title='bbox 3594 1600 3610 1624; x_wconf 92' lang='lat'><strong><em>,</em></strong></span> 
     </span>
    </p>
   </div>
   <div class='ocr_carea' id='block_1_31' title="bbox 2047 1646 3612 1717">
    <p class='ocr_par' dir='ltr' id='par_1_31' title="bbox 2047 1646 3612 1717">
     <span class='ocr_line' id='line_1_31' title="bbox 2047 1646 3612 1717; baseline 0.002 -15"><span class='ocrx_word' id='word_1_215' title='bbox 2047 1647 2136 1702; x_wconf 90' lang='lat' dir='ltr'><strong><em>cui</em></strong></span> <span class='ocrx_word' id='word_1_216' title='bbox 2183 1657 2238 1702; x_wconf 85' lang='lat' dir='ltr'><strong><em>et</em></strong></span> <span class='ocrx_word' id='word_1_217' title='bbox 2283 1648 2399 1717; x_wconf 89' lang='lat' dir='ltr'><strong><em>ipse</em></strong></span> <span class='ocrx_word' id='word_1_218' title='bbox 2439 1647 2681 1702; x_wconf 90' lang='lat' dir='ltr'><strong><em>universi</em></strong></span> <span class='ocrx_word' id='word_1_219' title='bbox 2726 1646 2991 1705; x_wconf 89' lang='lat' dir='ltr'><strong><em>Dominus</em></strong></span> <span class='ocrx_word' id='word_1_220' title='bbox 3028 1650 3174 1704; x_wconf 87' lang='lat' dir='ltr'><strong><em>velut</em></strong></span> <span class='ocrx_word' id='word_1_221' title='bbox 3211 1649 3428 1705; x_wconf 87' lang='lat' dir='ltr'><strong><em>infenso</em></strong></span> <span class='ocrx_word' id='word_1_222' title='bbox 3466 1651 3612 1705; x_wconf 85' lang='lat' dir='ltr'><strong><em>hosti</em></strong></span> 
     </span>
    </p>
   </div>
   <div class='ocr_carea' id='block_1_32' title="bbox 374 1727 1946 1822">
    <p class='ocr_par' dir='ltr' id='par_1_32' title="bbox 374 1742 1945 1822">
     <span class='ocr_line' id='line_1_32' title="bbox 374 1742 1945 1822; baseline 0.009 -30"><span class='ocrx_word' id='word_1_223' title='bbox 374 1743 522 1811; x_wconf 83' lang='grc' dir='ltr'>μίου,</span> <span class='ocrx_word' id='word_1_224' title='bbox 552 1742 779 1806; x_wconf 76' lang='grc' dir='ltr'><strong><em>δικαίως</em></strong></span> <span class='ocrx_word' id='word_1_225' title='bbox 803 1744 1203 1822; x_wconf 83' lang='grc' dir='ltr'>ἀντανίσταται.</span> <span class='ocrx_word' id='word_1_226' title='bbox 1242 1765 1260 1797; x_wconf 85' lang='grc' dir='ltr'><strong><em>ι</em></strong></span> <span class='ocrx_word' id='word_1_227' title='bbox 1286 1748 1489 1819; x_wconf 79' lang='grc' dir='ltr'>Κύριος</span> <span class='ocrx_word' id='word_1_228' title='bbox 1518 1749 1626 1819; x_wconf 89' lang='grc' dir='ltr'><strong><em>γάρ</em></strong></span> <span class='ocrx_word' id='word_1_229' title='bbox 1663 1750 1945 1822; x_wconf 84' lang='grc' dir='ltr'>ὑπερηφὰ-</span> 
     </span>
    </p>
   </div>
   <div class='ocr_carea' id='block_1_33' title="bbox 2047 1727 3613 1822">
    <p class='ocr_par' dir='ltr' id='par_1_33' title="bbox 2047 1736 3613 1810">
     <span class='ocr_line' id='line_1_33' title="bbox 2047 1736 3613 1810; baseline 0.003 -21"><span class='ocrx_word' id='word_1_230' title='bbox 2047 1736 2167 1805; x_wconf 78' lang='lat' dir='ltr'><strong><em>jure</em></strong></span> <span class='ocrx_word' id='word_1_231' title='bbox 2216 1736 2562 1791; x_wconf 83' lang='lat' dir='ltr'><strong><em>adversatur.</em></strong></span> <span class='ocrx_word' id='word_1_232' title='bbox 2617 1755 2636 1789; x_wconf 80' lang='grc' dir='ltr'><strong><em>ι</em></strong></span> <span class='ocrx_word' id='word_1_233' title='bbox 2674 1737 2942 1795; x_wconf 89' lang='lat' dir='ltr'><strong><em>Dominus</em></strong></span> <span class='ocrx_word' id='word_1_234' title='bbox 2988 1740 3134 1794; x_wconf 89' lang='lat' dir='ltr'><strong><em>enim</em></strong></span> <span class='ocrx_word' id='word_1_235' title='bbox 3179 1740 3434 1810; x_wconf 86' lang='lat' dir='ltr'><strong><em>superbis</em></strong></span> <span class='ocrx_word' id='word_1_236' title='bbox 3474 1742 3613 1796; x_wconf 87' lang='lat' dir='ltr'><strong><em>resi-</em></strong></span> 
     </span>
    </p>
   </div>
   <div class='ocr_carea' id='block_1_34' title="bbox 371 1821 1946 1911">
    <p class='ocr_par' dir='ltr' id='par_1_34' title="bbox 371 1821 1946 1911">
     <span class='ocr_line' id='line_1_34' title="bbox 371 1821 1946 1911; baseline 0.008 -27"><span class='ocrx_word' id='word_1_237' title='bbox 371 1849 483 1896; x_wconf 85' lang='grc' dir='ltr'>νοις</span> <span class='ocrx_word' id='word_1_238' title='bbox 527 1832 934 1898; x_wconf 81' lang='grc' dir='ltr'>ἀντιτάσσεται,</span> <span class='ocrx_word' id='word_1_239' title='bbox 971 1853 989 1887; x_wconf 76' lang='grc' dir='ltr'><strong><em>ι</em></strong></span> <span class='ocrx_word' id='word_1_240' title='bbox 1028 1821 1168 1891; x_wconf 75' lang='grc' dir='ltr'><strong><em>κατά</em></strong></span> <span class='ocrx_word' id='word_1_241' title='bbox 1212 1836 1310 1908; x_wconf 81' lang='grc' dir='ltr'>τὴν</span> <span class='ocrx_word' id='word_1_242' title='bbox 1332 1839 1426 1891; x_wconf 88' lang='grc' dir='ltr'><strong><em>τοῦ</em></strong></span> <span class='ocrx_word' id='word_1_243' title='bbox 1456 1840 1800 1911; x_wconf 84' lang='grc' dir='ltr'><strong><em>Σολομῶντος</em></strong></span> <span class='ocrx_word' id='word_1_244' title='bbox 1834 1860 1946 1911; x_wconf 81' lang='grc' dir='ltr'><strong><em>φω-</em></strong></span> 
     </span>
    </p>
   </div>
   <div class='ocr_carea' id='block_1_35' title="bbox 368 1922 1947 2002">
    <p class='ocr_par' dir='ltr' id='par_1_35' title="bbox 368 1922 1947 2002">
     <span class='ocr_line' id='line_1_35' title="bbox 368 1922 1947 2002; baseline 0.009 -30"><span class='ocrx_word' id='word_1_245' title='bbox 368 1922 489 1990; x_wconf 84' lang='grc' dir='ltr'>νήν.</span> <span class='ocrx_word' id='word_1_246' title='bbox 519 1923 666 1977; x_wconf 87' lang='grc' dir='ltr'>Ἔδει</span> <span class='ocrx_word' id='word_1_247' title='bbox 687 1925 865 1977; x_wconf 74' lang='grc' dir='ltr'>τοίνυν</span> <span class='ocrx_word' id='word_1_248' title='bbox 908 1928 1022 1999; x_wconf 79' lang='grc' dir='ltr'>τοῖς</span> <span class='ocrx_word' id='word_1_249' title='bbox 1067 1926 1244 1995; x_wconf 81' lang='grc' dir='ltr'><strong><em>ἁγίοις</em></strong></span> <span class='ocrx_word' id='word_1_250' title='bbox 1295 1928 1527 1999; x_wconf 80' lang='grc' dir='ltr'>μάλιστα</span> <span class='ocrx_word' id='word_1_251' title='bbox 1558 1930 1825 2001; x_wconf 77' lang='grc' dir='ltr'><strong><em>μαθηταῖς</em></strong></span> <span class='ocrx_word' id='word_1_252' title='bbox 1849 1949 1947 2002; x_wconf 81' lang='grc' dir='ltr'>με-</span> 
     </span>
    </p>
   </div>
   <div class='ocr_carea' id='block_1_36' title="bbox 367 2012 1945 2089">
    <p class='ocr_par' dir='ltr' id='par_1_36' title="bbox 367 2012 1945 2089">
     <span class='ocr_line' id='line_1_36' title="bbox 367 2012 1945 2089; baseline 0.007 -23"><span class='ocrx_word' id='word_1_253' title='bbox 367 2012 520 2079; x_wconf 86' lang='grc' dir='ltr'>τρίου</span> <span class='ocrx_word' id='word_1_254' title='bbox 544 2030 603 2065; x_wconf 89' lang='grc' dir='ltr'><strong><em>τε</em></strong></span> <span class='ocrx_word' id='word_1_255' title='bbox 632 2015 727 2067; x_wconf 82' lang='grc' dir='ltr'><strong><em>καὶ</em></strong></span> <span class='ocrx_word' id='word_1_256' title='bbox 756 2015 1164 2087; x_wconf 83' lang='grc' dir='ltr'>καθυφειμένου</span> <span class='ocrx_word' id='word_1_257' title='bbox 1187 2020 1552 2089; x_wconf 79' lang='grc' dir='ltr'>φρονήματος,</span> <span class='ocrx_word' id='word_1_258' title='bbox 1575 2022 1669 2074; x_wconf 75' lang='grc' dir='ltr'><strong><em>καὶ</em></strong></span> <span class='ocrx_word' id='word_1_259' title='bbox 1696 2022 1945 2077; x_wconf 82' lang='grc' dir='ltr'><strong><em>διακένου</em></strong></span> 
     </span>
    </p>
   </div>
   <div class='ocr_carea' id='block_1_37' title="bbox 365 2106 1945 2184">
    <p class='ocr_par' dir='ltr' id='par_1_37' title="bbox 365 2106 1945 2184">
     <span class='ocr_line' id='line_1_37' title="bbox 365 2106 1945 2184; baseline 0.007 -28"><span class='ocrx_word' id='word_1_260' title='bbox 365 2106 535 2173; x_wconf 81' lang='grc' dir='ltr'>τιμῆς</span> <span class='ocrx_word' id='word_1_261' title='bbox 566 2106 629 2158; x_wconf 83' lang='grc' dir='ltr'><strong><em>ού</em></strong></span> <span class='ocrx_word' id='word_1_262' title='bbox 663 2106 870 2177; x_wconf 73' lang='grc' dir='ltr'>σφόδρα</span> <span class='ocrx_word' id='word_1_263' title='bbox 909 2108 1285 2176; x_wconf 76' lang='grc' dir='ltr'><strong><em>φροντίζοντος</em></strong></span> <span class='ocrx_word' id='word_1_264' title='bbox 1329 2110 1611 2181; x_wconf 78' lang='grc' dir='ltr'>λογισμοῦ·</span> <span class='ocrx_word' id='word_1_265' title='bbox 1658 2113 1720 2166; x_wconf 89' lang='grc' dir='ltr'>οὺ</span> <span class='ocrx_word' id='word_1_266' title='bbox 1744 2114 1945 2184; x_wconf 82' lang='grc' dir='ltr'>μικρὰς</span> 
     </span>
    </p>
   </div>
   <div class='ocr_carea' id='block_1_38' title="bbox 367 2192 1944 2275">
    <p class='ocr_par' dir='ltr' id='par_1_38' title="bbox 367 2192 1944 2275">
     <span class='ocr_line' id='line_1_38' title="bbox 367 2192 1944 2275; baseline 0.01 -30"><span class='ocrx_word' id='word_1_267' title='bbox 367 2194 477 2264; x_wconf 87' lang='grc' dir='ltr'><strong><em>γάρ</em></strong></span> <span class='ocrx_word' id='word_1_268' title='bbox 509 2192 724 2264; x_wconf 74' lang='grc' dir='ltr'>ἔχοντες</span> <span class='ocrx_word' id='word_1_269' title='bbox 756 2197 854 2258; x_wconf 76' lang='grc' dir='ltr'>τὰς</span> <span class='ocrx_word' id='word_1_270' title='bbox 906 2197 1001 2251; x_wconf 87' lang='grc' dir='ltr'><strong><em>τοῦ</em></strong></span> <span class='ocrx_word' id='word_1_271' title='bbox 1034 2199 1262 2253; x_wconf 85' lang='grc' dir='ltr'>τοιαῦτα</span> <span class='ocrx_word' id='word_1_272' title='bbox 1294 2205 1467 2255; x_wconf 83' lang='grc' dir='ltr'>νοσεῖν</span> <span class='ocrx_word' id='word_1_273' title='bbox 1501 2204 1773 2275; x_wconf 78' lang='grc' dir='ltr'>ἀφορμὰς,</span> <span class='ocrx_word' id='word_1_274' title='bbox 1810 2223 1944 2260; x_wconf 88' lang='grc' dir='ltr'>κατ-</span> 
     </span>
    </p>
   </div>
   <div class='ocr_carea' id='block_1_39' title="bbox 368 2283 1943 2366">
    <p class='ocr_par' dir='ltr' id='par_1_39' title="bbox 368 2283 1943 2366">
     <span class='ocr_line' id='line_1_39' title="bbox 368 2283 1943 2366; baseline 0.011 -31"><span class='ocrx_word' id='word_1_275' title='bbox 368 2283 599 2339; x_wconf 83' lang='grc' dir='ltr'>ὠλισθον</span> <span class='ocrx_word' id='word_1_276' title='bbox 636 2285 702 2339; x_wconf 82' lang='grc' dir='ltr'>ἂν</span> <span class='ocrx_word' id='word_1_277' title='bbox 747 2287 1009 2355; x_wconf 83' lang='grc' dir='ltr'><strong><em>εὐκόλως,</em></strong></span> <span class='ocrx_word' id='word_1_278' title='bbox 1051 2291 1100 2342; x_wconf 87' lang='grc' dir='ltr'><strong><em>εἰ</em></strong></span> <span class='ocrx_word' id='word_1_279' title='bbox 1149 2290 1222 2362; x_wconf 83' lang='grc' dir='ltr'>μὴ</span> <span class='ocrx_word' id='word_1_280' title='bbox 1252 2292 1450 2365; x_wconf 82' lang='grc' dir='ltr'>πολλῆς</span> <span class='ocrx_word' id='word_1_281' title='bbox 1484 2295 1670 2365; x_wconf 76' lang='grc' dir='ltr'>ἔτυχον</span> <span class='ocrx_word' id='word_1_282' title='bbox 1694 2299 1790 2366; x_wconf 83' lang='grc' dir='ltr'>τῆς</span> <span class='ocrx_word' id='word_1_283' title='bbox 1822 2300 1943 2351; x_wconf 80' lang='grc' dir='ltr'>ἐπι-</span> 
     </span>
    </p>
   </div>
   <div class='ocr_carea' id='block_1_40' title="bbox 371 2377 1944 2458">
    <p class='ocr_par' dir='ltr' id='par_1_40' title="bbox 371 2377 1944 2458">
     <span class='ocr_line' id='line_1_40' title="bbox 371 2377 1944 2458; baseline 0.01 -31"><span class='ocrx_word' id='word_1_284' title='bbox 371 2377 619 2447; x_wconf 76' lang='grc' dir='ltr'>κουρίας.</span> <span class='ocrx_word' id='word_1_285' title='bbox 651 2378 801 2431; x_wconf 78' lang='grc' dir='ltr'>Φιλεῖ</span> <span class='ocrx_word' id='word_1_286' title='bbox 824 2379 931 2450; x_wconf 81' lang='grc' dir='ltr'>γάρ</span> <span class='ocrx_word' id='word_1_287' title='bbox 955 2397 1070 2443; x_wconf 90' lang='grc' dir='ltr'><strong><em>πως</em></strong></span> <span class='ocrx_word' id='word_1_288' title='bbox 1096 2381 1184 2434; x_wconf 78' lang='grc' dir='ltr'>ἀεὶ</span> <span class='ocrx_word' id='word_1_289' title='bbox 1212 2385 1323 2445; x_wconf 88' lang='grc' dir='ltr'>τοῖς</span> <span class='ocrx_word' id='word_1_290' title='bbox 1352 2384 1532 2454; x_wconf 81' lang='grc' dir='ltr'>έχουσι</span> <span class='ocrx_word' id='word_1_291' title='bbox 1559 2387 1619 2439; x_wconf 77' lang='grc' dir='ltr'><strong><em>τὸ</em></strong></span> <span class='ocrx_word' id='word_1_292' title='bbox 1649 2390 1944 2458; x_wconf 85' lang='grc' dir='ltr'>περιφανὲς</span> 
     </span>
    </p>
   </div>
   <div class='ocr_carea' id='block_1_41' title="bbox 371 2464 1944 2543">
    <p class='ocr_par' dir='ltr' id='par_1_41' title="bbox 371 2464 1944 2543">
     <span class='ocr_line' id='line_1_41' title="bbox 371 2464 1944 2543; baseline 0.008 -27"><span class='ocrx_word' id='word_1_293' title='bbox 371 2464 439 2517; x_wconf 73' lang='grc' dir='ltr'>τὸ</span> <span class='ocrx_word' id='word_1_294' title='bbox 477 2466 673 2535; x_wconf 77' lang='grc' dir='ltr'>πικρὸν</span> <span class='ocrx_word' id='word_1_295' title='bbox 694 2467 791 2537; x_wconf 77' lang='grc' dir='ltr'>τῆς</span> <span class='ocrx_word' id='word_1_296' title='bbox 828 2468 1143 2533; x_wconf 79' lang='grc' dir='ltr'><strong><em>ἀλαζονείας</em></strong></span> <span class='ocrx_word' id='word_1_297' title='bbox 1170 2472 1475 2540; x_wconf 79' lang='grc' dir='ltr'>ἐπιτρέχειν</span> <span class='ocrx_word' id='word_1_298' title='bbox 1509 2471 1714 2543; x_wconf 86' lang='grc' dir='ltr'>θηρίον.</span> <span class='ocrx_word' id='word_1_299' title='bbox 1746 2471 1876 2529; x_wconf 82' lang='grc' dir='ltr'><strong><em>Εἶτα</em></strong></span> <span class='ocrx_word' id='word_1_300' title='bbox 1892 2477 1944 2528; x_wconf 90' lang='grc' dir='ltr'><strong><em>τί</em></strong></span> 
     </span>
    </p>
   </div>
   <div class='ocr_carea' id='block_1_42' title="bbox 373 2557 1943 2636">
    <p class='ocr_par' dir='ltr' id='par_1_42' title="bbox 373 2557 1943 2636">
     <span class='ocr_line' id='line_1_42' title="bbox 373 2557 1943 2636; baseline 0.006 -26"><span class='ocrx_word' id='word_1_301' title='bbox 373 2557 491 2611; x_wconf 82' lang='grc' dir='ltr'><strong><em>τῶν</em></strong></span> <span class='ocrx_word' id='word_1_302' title='bbox 520 2558 686 2626; x_wconf 82' lang='grc' dir='ltr'>ἁγίων</span> <span class='ocrx_word' id='word_1_303' title='bbox 716 2560 1021 2613; x_wconf 76' lang='grc' dir='ltr'>ἀποστόλων</span> <span class='ocrx_word' id='word_1_304' title='bbox 1044 2560 1424 2633; x_wconf 83' lang='grc' dir='ltr'>φαιδρότερον;</span> <span class='ocrx_word' id='word_1_305' title='bbox 1451 2562 1484 2632; x_wconf 86' lang='grc' dir='ltr'>ἢ</span> <span class='ocrx_word' id='word_1_306' title='bbox 1517 2566 1666 2617; x_wconf 90' lang='grc' dir='ltr'>ποῖον</span> <span class='ocrx_word' id='word_1_307' title='bbox 1687 2564 1787 2635; x_wconf 81' lang='grc' dir='ltr'><strong><em>τῆς</em></strong></span> <span class='ocrx_word' id='word_1_308' title='bbox 1809 2566 1943 2636; x_wconf 83' lang='grc' dir='ltr'>πρὸς</span> 
     </span>
    </p>
   </div>
   <div class='ocr_carea' id='block_1_43' title="bbox 370 2649 1944 2726">
    <p class='ocr_par' dir='ltr' id='par_1_43' title="bbox 370 2649 1944 2726">
     <span class='ocr_line' id='line_1_43' title="bbox 370 2649 1944 2726; baseline 0.003 -23"><span class='ocrx_word' id='word_1_309' title='bbox 370 2649 510 2703; x_wconf 83' lang='grc' dir='ltr'><strong><em>Θεὸν</em></strong></span> <span class='ocrx_word' id='word_1_310' title='bbox 541 2650 721 2720; x_wconf 77' lang='grc' dir='ltr'>φιλίας</span> <span class='ocrx_word' id='word_1_311' title='bbox 779 2651 839 2704; x_wconf 83' lang='grc' dir='ltr'><strong><em>τὸ</em></strong></span> <span class='ocrx_word' id='word_1_312' title='bbox 880 2649 1335 2722; x_wconf 77' lang='grc' dir='ltr'>ἀξιολογώτερονς</span> <span class='ocrx_word' id='word_1_313' title='bbox 1390 2654 1493 2706; x_wconf 86' lang='grc' dir='ltr'>Τὸν</span> <span class='ocrx_word' id='word_1_314' title='bbox 1527 2654 1626 2722; x_wconf 83' lang='grc' dir='ltr'><strong><em>μὲν</em></strong></span> <span class='ocrx_word' id='word_1_315' title='bbox 1663 2655 1771 2726; x_wconf 86' lang='grc' dir='ltr'><strong><em>γὰρ</em></strong></span> <span class='ocrx_word' id='word_1_316' title='bbox 1794 2657 1944 2709; x_wconf 81' lang='grc' dir='ltr'>οὐδὲν</span> 
     </span>
    </p>
   </div>
   <div class='ocr_carea' id='block_1_44' title="bbox 365 2739 1944 2812">
    <p class='ocr_par' dir='ltr' id='par_1_44' title="bbox 365 2739 1944 2812">
     <span class='ocr_line' id='line_1_44' title="bbox 365 2739 1944 2812; baseline 0.003 -19"><span class='ocrx_word' id='word_1_317' title='bbox 365 2739 502 2794; x_wconf 77' lang='grc' dir='ltr'>ὄντα</span> <span class='ocrx_word' id='word_1_318' title='bbox 533 2741 673 2795; x_wconf 86' lang='grc' dir='ltr'><strong><em>κατὰ</em></strong></span> <span class='ocrx_word' id='word_1_319' title='bbox 695 2741 786 2795; x_wconf 73' lang='grc' dir='ltr'><strong><em>τὸν</em></strong></span> <span class='ocrx_word' id='word_1_320' title='bbox 835 2741 949 2812; x_wconf 82' lang='grc' dir='ltr'>βίον</span> <span class='ocrx_word' id='word_1_321' title='bbox 1006 2742 1106 2796; x_wconf 82' lang='grc' dir='ltr'><strong><em>οὐκ</em></strong></span> <span class='ocrx_word' id='word_1_322' title='bbox 1145 2742 1210 2796; x_wconf 85' lang='grc' dir='ltr'><strong><em>ἂν</em></strong></span> <span class='ocrx_word' id='word_1_323' title='bbox 1234 2743 1463 2796; x_wconf 82' lang='grc' dir='ltr'>εἰσέλθοι</span> <span class='ocrx_word' id='word_1_324' title='bbox 1505 2744 1566 2796; x_wconf 76' lang='grc' dir='ltr'><strong><em>τὸ</em></strong></span> <span class='ocrx_word' id='word_1_325' title='bbox 1593 2745 1784 2810; x_wconf 82' lang='grc' dir='ltr'>πάθος.</span> <span class='ocrx_word' id='word_1_326' title='bbox 1810 2747 1944 2799; x_wconf 78' lang='grc' dir='ltr'>Φεύο</span> 
     </span>
    </p>
   </div>
   <div class='ocr_carea' id='block_1_45' title="bbox 366 2831 1945 2905">
    <p class='ocr_par' dir='ltr' id='par_1_45' title="bbox 366 2831 1945 2905">
     <span class='ocr_line' id='line_1_45' title="bbox 366 2831 1945 2905; baseline 0.006 -23"><span class='ocrx_word' id='word_1_327' title='bbox 366 2847 459 2899; x_wconf 83' lang='grc' dir='ltr'><strong><em>γει</em></strong></span> <span class='ocrx_word' id='word_1_328' title='bbox 503 2831 614 2902; x_wconf 81' lang='grc' dir='ltr'>γάρ</span> <span class='ocrx_word' id='word_1_329' title='bbox 666 2850 782 2896; x_wconf 86' lang='grc' dir='ltr'><strong><em>πως</em></strong></span> <span class='ocrx_word' id='word_1_330' title='bbox 808 2832 898 2887; x_wconf 77' lang='grc' dir='ltr'><strong><em>ἀεὶ</em></strong></span> <span class='ocrx_word' id='word_1_331' title='bbox 922 2832 1013 2885; x_wconf 79' lang='grc' dir='ltr'><strong><em>τὸν</em></strong></span> <span class='ocrx_word' id='word_1_332' title='bbox 1035 2833 1186 2886; x_wconf 82' lang='grc' dir='ltr'>οὐδὲν</span> <span class='ocrx_word' id='word_1_333' title='bbox 1225 2833 1413 2903; x_wconf 78' lang='grc' dir='ltr'>ἔχοντα</span> <span class='ocrx_word' id='word_1_334' title='bbox 1448 2835 1705 2905; x_wconf 81' lang='grc' dir='ltr'>ζηλωτὸν,</span> <span class='ocrx_word' id='word_1_335' title='bbox 1731 2838 1823 2891; x_wconf 75' lang='grc' dir='ltr'><strong><em>καὶ</em></strong></span> <span class='ocrx_word' id='word_1_336' title='bbox 1854 2838 1945 2891; x_wconf 78' lang='grc' dir='ltr'>τὸν</span> 
     </span>
    </p>
   </div>
   <div class='ocr_carea' id='block_1_46' title="bbox 366 2921 1946 2998">
    <p class='ocr_par' dir='ltr' id='par_1_46' title="bbox 366 2921 1946 2998">
     <span class='ocr_line' id='line_1_46' title="bbox 366 2921 1946 2998; baseline 0.006 -24"><span class='ocrx_word' id='word_1_337' title='bbox 366 2924 427 2975; x_wconf 79' lang='grc' dir='ltr'>ὲν</span> <span class='ocrx_word' id='word_1_338' title='bbox 455 2921 532 2992; x_wconf 83' lang='grc' dir='ltr'>τῷ</span> <span class='ocrx_word' id='word_1_339' title='bbox 571 2922 760 2992; x_wconf 74' lang='grc' dir='ltr'>μηδενὶ</span> <span class='ocrx_word' id='word_1_340' title='bbox 790 2924 1123 2993; x_wconf 82' lang='grc' dir='ltr'>τεταγμένον</span> <span class='ocrx_word' id='word_1_341' title='bbox 1156 2924 1509 2979; x_wconf 86' lang='grc' dir='ltr'>ἀνεπίϐατον·</span> <span class='ocrx_word' id='word_1_342' title='bbox 1571 2926 1688 2990; x_wconf 88' lang='grc' dir='ltr'><strong><em>πῶς</em></strong></span> <span class='ocrx_word' id='word_1_343' title='bbox 1720 2927 1830 2998; x_wconf 80' lang='grc' dir='ltr'>γὰρ</span> <span class='ocrx_word' id='word_1_344' title='bbox 1879 2931 1946 2983; x_wconf 78' lang='grc' dir='ltr'>ἂν</span> 
     </span>
    </p>
   </div>
   <div class='ocr_carea' id='block_1_47' title="bbox 367 3012 2014 3119">
    <p class='ocr_par' dir='ltr' id='par_1_47' title="bbox 367 3012 2014 3119">
     <span class='ocr_line' id='line_1_47' title="bbox 367 3012 2014 3119; baseline 0.005 -55"><span class='ocrx_word' id='word_1_345' title='bbox 367 3012 588 3065; x_wconf 70' lang='grc' dir='ltr'>ἐπέλθοι</span> <span class='ocrx_word' id='word_1_346' title='bbox 643 3013 754 3066; x_wconf 90' lang='grc' dir='ltr'><strong><em>τῶν</em></strong></span> <span class='ocrx_word' id='word_1_347' title='bbox 804 3013 1059 3067; x_wconf 79' lang='grc' dir='ltr'>τοιούτων</span> <span class='ocrx_word' id='word_1_348' title='bbox 1112 3014 1218 3067; x_wconf 70' lang='grc' dir='ltr'>τινὶ</span> <span class='ocrx_word' id='word_1_349' title='bbox 1269 3014 1329 3067; x_wconf 83' lang='grc' dir='ltr'><strong><em>τὸ</em></strong></span> <span class='ocrx_word' id='word_1_350' title='bbox 1386 3016 1528 3069; x_wconf 81' lang='grc' dir='ltr'><strong><em>κατά</em></strong></span> <span class='ocrx_word' id='word_1_351' title='bbox 1567 3034 1620 3069; x_wconf 83' lang='grc' dir='ltr'>τι</span> <span class='ocrx_word' id='word_1_352' title='bbox 1652 3017 1781 3087; x_wconf 88' lang='grc' dir='ltr'>γοῦν</span> <span class='ocrx_word' id='word_1_353' title='bbox 1808 3019 1944 3084; x_wconf 83' lang='grc' dir='ltr'><strong><em>ὅλως</em></strong></span> <span class='ocrx_word' id='word_1_354' title='bbox 1971 3060 2014 3119; x_wconf 75' lang='lat' dir='ltr'>c</span> 
     </span>
    </p>
   </div>
   <div class='ocr_carea' id='block_1_48' title="bbox 366 3102 1946 3182">
    <p class='ocr_par' dir='ltr' id='par_1_48' title="bbox 366 3102 1946 3182">
     <span class='ocr_line' id='line_1_48' title="bbox 366 3102 1946 3182; baseline 0.005 -27"><span class='ocrx_word' id='word_1_355' title='bbox 366 3102 821 3169; x_wconf 78' lang='grc' dir='ltr'>ἀλαζονεύεσθαι;</span> <span class='ocrx_word' id='word_1_356' title='bbox 846 3103 994 3158; x_wconf 81' lang='grc' dir='ltr'>Φιλεῖ</span> <span class='ocrx_word' id='word_1_357' title='bbox 1019 3104 1077 3157; x_wconf 84' lang='grc' dir='ltr'><strong><em>δέ</em></strong></span> <span class='ocrx_word' id='word_1_358' title='bbox 1118 3121 1204 3168; x_wconf 86' lang='grc' dir='ltr'><strong><em>τις</em></strong></span> <span class='ocrx_word' id='word_1_359' title='bbox 1243 3104 1341 3177; x_wconf 82' lang='grc' dir='ltr'><strong><em>τὴν</em></strong></span> <span class='ocrx_word' id='word_1_360' title='bbox 1386 3106 1688 3178; x_wconf 76' lang='grc' dir='ltr'>ὑπεροψίαν</span> <span class='ocrx_word' id='word_1_361' title='bbox 1730 3109 1946 3182; x_wconf 76' lang='grc' dir='ltr'>ἀξιοζή-</span> 
     </span>
    </p>
   </div>
   <div class='ocr_carea' id='block_1_49' title="bbox 365 3192 1943 3271">
    <p class='ocr_par' dir='ltr' id='par_1_49' title="bbox 365 3192 1943 3271">
     <span class='ocr_line' id='line_1_49' title="bbox 365 3192 1943 3271; baseline 0.006 -26"><span class='ocrx_word' id='word_1_362' title='bbox 365 3193 537 3256; x_wconf 80' lang='grc' dir='ltr'>λωτος</span> <span class='ocrx_word' id='word_1_363' title='bbox 573 3192 667 3253; x_wconf 85' lang='grc' dir='ltr'><strong><em>ῶν,</em></strong></span> <span class='ocrx_word' id='word_1_364' title='bbox 702 3194 894 3248; x_wconf 78' lang='grc' dir='ltr'>ἑαυτόν</span> <span class='ocrx_word' id='word_1_365' title='bbox 918 3212 978 3248; x_wconf 90' lang='grc' dir='ltr'>τε</span> <span class='ocrx_word' id='word_1_366' title='bbox 1007 3195 1095 3249; x_wconf 84' lang='grc' dir='ltr'>διὰ</span> <span class='ocrx_word' id='word_1_367' title='bbox 1141 3194 1299 3249; x_wconf 87' lang='grc' dir='ltr'>τοῦτο</span> <span class='ocrx_word' id='word_1_368' title='bbox 1327 3196 1420 3249; x_wconf 89' lang='grc' dir='ltr'><strong><em>τοῦ</em></strong></span> <span class='ocrx_word' id='word_1_369' title='bbox 1450 3198 1618 3262; x_wconf 85' lang='grc' dir='ltr'>πέλας</span> <span class='ocrx_word' id='word_1_370' title='bbox 1649 3201 1943 3271; x_wconf 72' lang='grc' dir='ltr'>προτιθεὶς,</span> 
     </span>
    </p>
   </div>
   <div class='ocr_carea' id='block_1_50' title="bbox 363 3284 1943 3358">
    <p class='ocr_par' dir='ltr' id='par_1_50' title="bbox 363 3284 1943 3358">
     <span class='ocr_line' id='line_1_50' title="bbox 363 3284 1943 3358; baseline 0.003 -19"><span class='ocrx_word' id='word_1_371' title='bbox 363 3284 465 3339; x_wconf 70' lang='grc' dir='ltr'><strong><em>καὶ</em></strong></span> <span class='ocrx_word' id='word_1_372' title='bbox 494 3285 630 3338; x_wconf 78' lang='grc' dir='ltr'>πολὺ</span> <span class='ocrx_word' id='word_1_373' title='bbox 659 3284 768 3338; x_wconf 89' lang='grc' dir='ltr'><strong><em>τῶν</em></strong></span> <span class='ocrx_word' id='word_1_374' title='bbox 785 3284 959 3339; x_wconf 69' lang='grc' dir='ltr'>ἄλλων</span> <span class='ocrx_word' id='word_1_375' title='bbox 996 3285 1290 3353; x_wconf 85' lang='grc' dir='ltr'>διενεγκεῖν</span> <span class='ocrx_word' id='word_1_376' title='bbox 1328 3286 1604 3351; x_wconf 82' lang='grc' dir='ltr'>ἀσυνέτως</span> <span class='ocrx_word' id='word_1_377' title='bbox 1637 3289 1943 3358; x_wconf 85' lang='grc' dir='ltr'>ὑπολαϐὼν,</span> 
     </span>
    </p>
   </div>
   <div class='ocr_carea' id='block_1_51' title="bbox 364 3363 1943 3451">
    <p class='ocr_par' dir='ltr' id='par_1_51' title="bbox 364 3363 1943 3451">
     <span class='ocr_line' id='line_1_51' title="bbox 364 3363 1943 3451; baseline 0.004 -24"><span class='ocrx_word' id='word_1_378' title='bbox 364 3376 448 3439; x_wconf 80' lang='grc' dir='ltr'>ὡς</span> <span class='ocrx_word' id='word_1_379' title='bbox 506 3374 785 3446; x_wconf 70' lang='grc' dir='ltr'>ἐξαίρετόν</span> <span class='ocrx_word' id='word_1_380' title='bbox 839 3393 1000 3440; x_wconf 90' lang='grc' dir='ltr'>τινα,</span> <span class='ocrx_word' id='word_1_381' title='bbox 1062 3377 1156 3430; x_wconf 76' lang='grc' dir='ltr'><strong><em>καὶ</em></strong></span> <span class='ocrx_word' id='word_1_382' title='bbox 1217 3363 1667 3448; x_wconf 81' lang='grc' dir='ltr'>ὑπερφυεστὰτην</span> <span class='ocrx_word' id='word_1_383' title='bbox 1722 3380 1943 3451; x_wconf 81' lang='grc' dir='ltr'>ἀρετὴν,</span> 
     </span>
    </p>
   </div>
   <div class='ocr_carea' id='block_1_52' title="bbox 363 3466 1946 3540">
    <p class='ocr_par' dir='ltr' id='par_1_52' title="bbox 363 3466 1946 3540">
     <span class='ocr_line' id='line_1_52' title="bbox 363 3466 1946 3540; baseline 0.003 -19"><span class='ocrx_word' id='word_1_384' title='bbox 363 3466 791 3538; x_wconf 79' lang='grc' dir='ltr'>κατορθώσαντα</span> <span class='ocrx_word' id='word_1_385' title='bbox 820 3469 912 3520; x_wconf 74' lang='grc' dir='ltr'><strong><em>καὶ</em></strong></span> <span class='ocrx_word' id='word_1_386' title='bbox 933 3468 1209 3530; x_wconf 87' lang='grc' dir='ltr'>πολιτείας</span> <span class='ocrx_word' id='word_1_387' title='bbox 1240 3467 1355 3520; x_wconf 79' lang='grc' dir='ltr'>όδὺν</span> <span class='ocrx_word' id='word_1_388' title='bbox 1384 3469 1524 3540; x_wconf 83' lang='grc' dir='ltr'><strong>ἀήθη</strong></span> <span class='ocrx_word' id='word_1_389' title='bbox 1548 3486 1609 3523; x_wconf 90' lang='grc' dir='ltr'><strong><em>τε</em></strong></span> <span class='ocrx_word' id='word_1_390' title='bbox 1632 3473 1745 3534; x_wconf 86' lang='grc' dir='ltr'>τοῖς</span> <span class='ocrx_word' id='word_1_391' title='bbox 1767 3471 1946 3537; x_wconf 85' lang='grc' dir='ltr'>ἀλλοις</span> 
     </span>
    </p>
   </div>
   <div class='ocr_carea' id='block_1_53' title="bbox 363 3557 1942 3635">
    <p class='ocr_par' dir='ltr' id='par_1_53' title="bbox 363 3557 1942 3635">
     <span class='ocr_line' id='line_1_53' title="bbox 363 3557 1942 3635; baseline 0.004 -23"><span class='ocrx_word' id='word_1_392' title='bbox 363 3558 466 3612; x_wconf 75' lang='grc' dir='ltr'>καὶ</span> <span class='ocrx_word' id='word_1_393' title='bbox 525 3558 721 3631; x_wconf 83' lang='grc' dir='ltr'>ἀστιϐῆ</span> <span class='ocrx_word' id='word_1_394' title='bbox 763 3557 1110 3613; x_wconf 80' lang='grc' dir='ltr'>διανύσαντα.</span> <span class='ocrx_word' id='word_1_395' title='bbox 1164 3561 1287 3614; x_wconf 88' lang='grc' dir='ltr'>Ὄτε</span> <span class='ocrx_word' id='word_1_396' title='bbox 1337 3559 1517 3615; x_wconf 85' lang='grc' dir='ltr'>τοίνυν</span> <span class='ocrx_word' id='word_1_397' title='bbox 1569 3564 1942 3635; x_wconf 84' lang='grc' dir='ltr'>παραπέπηγέ</span> 
     </span>
    </p>
   </div>
   <div class='ocr_carea' id='block_1_54' title="bbox 363 3638 1946 3727">
    <p class='ocr_par' dir='ltr' id='par_1_54' title="bbox 363 3638 1946 3727">
     <span class='ocr_line' id='line_1_54' title="bbox 363 3638 1946 3727; baseline 0.005 -24"><span class='ocrx_word' id='word_1_398' title='bbox 363 3666 487 3714; x_wconf 77' lang='grc' dir='ltr'><strong><em>πως</em></strong></span> <span class='ocrx_word' id='word_1_399' title='bbox 505 3653 620 3714; x_wconf 88' lang='grc' dir='ltr'>τοῖς</span> <span class='ocrx_word' id='word_1_400' title='bbox 653 3638 856 3722; x_wconf 68' lang='grc' dir='ltr'>’ἔχουσί</span> <span class='ocrx_word' id='word_1_401' title='bbox 891 3669 944 3705; x_wconf 88' lang='grc' dir='ltr'><strong><em>τι</em></strong></span> <span class='ocrx_word' id='word_1_402' title='bbox 982 3652 1234 3727; x_wconf 79' lang='grc' dir='ltr'>λαμπρὸν</span> <span class='ocrx_word' id='word_1_403' title='bbox 1290 3651 1352 3706; x_wconf 78' lang='grc' dir='ltr'><strong><em>τὸ</em></strong></span> <span class='ocrx_word' id='word_1_404' title='bbox 1379 3656 1554 3707; x_wconf 87' lang='grc' dir='ltr'>νοσεῖν</span> <span class='ocrx_word' id='word_1_405' title='bbox 1587 3654 1702 3708; x_wconf 81' lang='grc' dir='ltr'>ἐσθ’</span> <span class='ocrx_word' id='word_1_406' title='bbox 1725 3656 1814 3709; x_wconf 83' lang='grc' dir='ltr'>ὅτε</span> <span class='ocrx_word' id='word_1_407' title='bbox 1845 3658 1946 3727; x_wconf 81' lang='grc' dir='ltr'>τὴν</span> 
     </span>
    </p>
   </div>
   <div class='ocr_carea' id='block_1_55' title="bbox 365 3740 1945 3815">
    <p class='ocr_par' dir='ltr' id='par_1_55' title="bbox 365 3740 1945 3815">
     <span class='ocr_line' id='line_1_55' title="bbox 365 3740 1945 3815; baseline 0.004 -23"><span class='ocrx_word' id='word_1_408' title='bbox 365 3740 695 3810; x_wconf 79' lang='grc' dir='ltr'>ὑπεροψίαν,</span> <span class='ocrx_word' id='word_1_409' title='bbox 725 3741 842 3805; x_wconf 86' lang='grc' dir='ltr'><strong><em>πῶς</em></strong></span> <span class='ocrx_word' id='word_1_410' title='bbox 863 3741 966 3795; x_wconf 81' lang='grc' dir='ltr'><strong><em>οὐκ</em></strong></span> <span class='ocrx_word' id='word_1_411' title='bbox 1011 3740 1119 3795; x_wconf 82' lang='grc' dir='ltr'>ἔδει</span> <span class='ocrx_word' id='word_1_412' title='bbox 1148 3744 1260 3806; x_wconf 87' lang='grc' dir='ltr'>τοῖς</span> <span class='ocrx_word' id='word_1_413' title='bbox 1303 3744 1479 3813; x_wconf 82' lang='grc' dir='ltr'>ἁγίοις</span> <span class='ocrx_word' id='word_1_414' title='bbox 1509 3743 1827 3808; x_wconf 82' lang='grc' dir='ltr'>ἀποστόλοις</span> <span class='ocrx_word' id='word_1_415' title='bbox 1848 3762 1945 3815; x_wconf 80' lang='grc' dir='ltr'>με·</span> 
     </span>
    </p>
   </div>
   <div class='ocr_carea' id='block_1_56' title="bbox 362 3829 1940 3906">
    <p class='ocr_par' dir='ltr' id='par_1_56' title="bbox 362 3829 1940 3906">
     <span class='ocr_line' id='line_1_56' title="bbox 362 3829 1940 3906; baseline 0.004 -24"><span class='ocrx_word' id='word_1_416' title='bbox 362 3829 524 3900; x_wconf 79' lang='grc' dir='ltr'>τρίου</span> <span class='ocrx_word' id='word_1_417' title='bbox 598 3832 948 3902; x_wconf 80' lang='grc' dir='ltr'>φρονήματος</span> <span class='ocrx_word' id='word_1_418' title='bbox 1000 3832 1365 3904; x_wconf 82' lang='grc' dir='ltr'>ὑπογραμμὸν</span> <span class='ocrx_word' id='word_1_419' title='bbox 1398 3833 1653 3902; x_wconf 88' lang='grc' dir='ltr'>γενέσθαι</span> <span class='ocrx_word' id='word_1_420' title='bbox 1687 3835 1940 3906; x_wconf 73' lang='grc' dir='ltr'>Χριστὸν,</span> 
     </span>
    </p>
   </div>
   <div class='ocr_carea' id='block_1_57' title="bbox 364 3918 1940 3996">
    <p class='ocr_par' dir='ltr' id='par_1_57' title="bbox 364 3918 1940 3996">
     <span class='ocr_line' id='line_1_57' title="bbox 364 3918 1940 3996; baseline 0.003 -23"><span class='ocrx_word' id='word_1_421' title='bbox 364 3920 457 3973; x_wconf 71' lang='grc' dir='ltr'>ἵνα</span> <span class='ocrx_word' id='word_1_422' title='bbox 481 3918 654 3974; x_wconf 79' lang='grc' dir='ltr'>τύπον</span> <span class='ocrx_word' id='word_1_423' title='bbox 713 3921 926 3993; x_wconf 76' lang='grc' dir='ltr'>ἔχοντες</span> <span class='ocrx_word' id='word_1_424' title='bbox 949 3923 1044 3975; x_wconf 73' lang='grc' dir='ltr'><strong><em>καὶ</em></strong></span> <span class='ocrx_word' id='word_1_425' title='bbox 1077 3924 1263 3977; x_wconf 89' lang='grc' dir='ltr'>εἰκόνα</span> <span class='ocrx_word' id='word_1_426' title='bbox 1296 3923 1388 3978; x_wconf 83' lang='grc' dir='ltr'><strong><em>τὸν</em></strong></span> <span class='ocrx_word' id='word_1_427' title='bbox 1430 3924 1686 3978; x_wconf 80' lang='grc' dir='ltr'>ἁπάντων</span> <span class='ocrx_word' id='word_1_428' title='bbox 1717 3927 1940 3996; x_wconf 79' lang='grc' dir='ltr'>Κύριον,</span> 
     </span>
    </p>
   </div>
   <div class='ocr_carea' id='block_1_58' title="bbox 363 4002 1943 4088">
    <p class='ocr_par' dir='ltr' id='par_1_58' title="bbox 363 4002 1943 4088">
     <span class='ocr_line' id='line_1_58' title="bbox 363 4002 1943 4088; baseline 0.006 -25"><span class='ocrx_word' id='word_1_429' title='bbox 363 4010 465 4064; x_wconf 80' lang='grc' dir='ltr'>καὶ</span> <span class='ocrx_word' id='word_1_430' title='bbox 486 4012 642 4065; x_wconf 77' lang='grc' dir='ltr'>αὐτοὶ</span> <span class='ocrx_word' id='word_1_431' title='bbox 690 4014 831 4068; x_wconf 85' lang='grc' dir='ltr'><strong><em>κατά</em></strong></span> <span class='ocrx_word' id='word_1_432' title='bbox 862 4014 924 4066; x_wconf 77' lang='grc' dir='ltr'>τὸ</span> <span class='ocrx_word' id='word_1_433' title='bbox 946 4014 1138 4067; x_wconf 78' lang='grc' dir='ltr'>δοκοῦν</span> <span class='ocrx_word' id='word_1_434' title='bbox 1163 4015 1238 4087; x_wconf 78' lang='grc' dir='ltr'><strong><em>τῷ</em></strong></span> <span class='ocrx_word' id='word_1_435' title='bbox 1267 4015 1386 4086; x_wconf 85' lang='grc' dir='ltr'><strong><em>Θεῷ</em></strong></span> <span class='ocrx_word' id='word_1_436' title='bbox 1413 4016 1505 4070; x_wconf 80' lang='grc' dir='ltr'>τὸν</span> <span class='ocrx_word' id='word_1_437' title='bbox 1540 4002 1738 4072; x_wconf 81' lang='grc' dir='ltr'>οἰκεῖον</span> <span class='ocrx_word' id='word_1_438' title='bbox 1773 4035 1943 4088; x_wconf 87' lang='grc' dir='ltr'>μετα-</span> 
     </span>
    </p>
   </div>
   <div class='ocr_carea' id='block_1_59' title="bbox 365 4099 1941 4182">
    <p class='ocr_par' dir='ltr' id='par_1_59' title="bbox 365 4099 1941 4182">
     <span class='ocr_line' id='line_1_59' title="bbox 365 4099 1941 4182; baseline 0.004 -26"><span class='ocrx_word' id='word_1_439' title='bbox 365 4102 663 4157; x_wconf 80' lang='grc' dir='ltr'>πλὰσσοιεν</span> <span class='ocrx_word' id='word_1_440' title='bbox 691 4102 852 4170; x_wconf 71' lang='grc' dir='ltr'>νοῦνς</span> <span class='ocrx_word' id='word_1_441' title='bbox 881 4099 990 4157; x_wconf 83' lang='grc' dir='ltr'>Ἦν</span> <span class='ocrx_word' id='word_1_442' title='bbox 1017 4101 1110 4159; x_wconf 82' lang='grc' dir='ltr'><strong><em>οὖν</em></strong></span> <span class='ocrx_word' id='word_1_443' title='bbox 1135 4107 1243 4178; x_wconf 79' lang='grc' dir='ltr'>ἄρα</span> <span class='ocrx_word' id='word_1_444' title='bbox 1274 4108 1373 4175; x_wconf 84' lang='grc' dir='ltr'>τὴν</span> <span class='ocrx_word' id='word_1_445' title='bbox 1401 4108 1554 4162; x_wconf 84' lang='grc' dir='ltr'>νόσον</span> <span class='ocrx_word' id='word_1_446' title='bbox 1606 4109 1704 4181; x_wconf 82' lang='grc' dir='ltr'><strong><em>οὐχ</em></strong></span> <span class='ocrx_word' id='word_1_447' title='bbox 1740 4110 1941 4182; x_wconf 82' lang='grc' dir='ltr'>ἑτέρως</span> 
     </span>
    </p>
   </div>
   <div class='ocr_carea' id='block_1_60' title="bbox 365 4193 1940 4265">
    <p class='ocr_par' dir='ltr' id='par_1_60' title="bbox 365 4193 1940 4265">
     <span class='ocr_line' id='line_1_60' title="bbox 365 4193 1940 4265; baseline 0.007 -20"><span class='ocrx_word' id='word_1_448' title='bbox 365 4193 592 4258; x_wconf 67' lang='grc' dir='ltr'>ἐξελεῖν,</span> <span class='ocrx_word' id='word_1_449' title='bbox 610 4194 661 4245; x_wconf 83' lang='grc' dir='ltr'><strong><em>εἰ</em></strong></span> <span class='ocrx_word' id='word_1_450' title='bbox 680 4194 753 4264; x_wconf 75' lang='grc' dir='ltr'>μὴ</span> <span class='ocrx_word' id='word_1_451' title='bbox 776 4194 966 4248; x_wconf 86' lang='grc' dir='ltr'>διάτοῦ</span> <span class='ocrx_word' id='word_1_452' title='bbox 986 4195 1194 4263; x_wconf 76' lang='grc' dir='ltr'>διδάξαι</span> <span class='ocrx_word' id='word_1_453' title='bbox 1225 4198 1431 4265; x_wconf 74' lang='grc' dir='ltr'>σαφῶς,</span> <span class='ocrx_word' id='word_1_454' title='bbox 1454 4199 1708 4254; x_wconf 82' lang='grc' dir='ltr'>τοσοῦτον</span> <span class='ocrx_word' id='word_1_455' title='bbox 1732 4200 1940 4256; x_wconf 76' lang='grc' dir='ltr'>οἴεσθαι</span> 
     </span>
    </p>
   </div>
   <div class='ocr_carea' id='block_1_61' title="bbox 365 4283 1939 4360">
    <p class='ocr_par' dir='ltr' id='par_1_61' title="bbox 365 4283 1939 4360">
     <span class='ocr_line' id='line_1_61' title="bbox 365 4283 1939 4360; baseline 0.008 -24"><span class='ocrx_word' id='word_1_456' title='bbox 365 4283 479 4336; x_wconf 80' lang='grc' dir='ltr'><strong><em>τῶν</em></strong></span> <span class='ocrx_word' id='word_1_457' title='bbox 506 4284 683 4337; x_wconf 76' lang='grc' dir='ltr'>ἄλλων</span> <span class='ocrx_word' id='word_1_458' title='bbox 708 4286 968 4355; x_wconf 78' lang='grc' dir='ltr'>ἡττᾶσθαι</span> <span class='ocrx_word' id='word_1_459' title='bbox 1000 4288 1143 4342; x_wconf 85' lang='grc' dir='ltr'><strong><em>κατά</em></strong></span> <span class='ocrx_word' id='word_1_460' title='bbox 1169 4290 1266 4360; x_wconf 82' lang='grc' dir='ltr'>τὴν</span> <span class='ocrx_word' id='word_1_461' title='bbox 1299 4290 1478 4355; x_wconf 82' lang='grc' dir='ltr'>δόξαν,</span> <span class='ocrx_word' id='word_1_462' title='bbox 1507 4293 1583 4355; x_wconf 85' lang='grc' dir='ltr'>ὡς</span> <span class='ocrx_word' id='word_1_463' title='bbox 1611 4295 1705 4346; x_wconf 79' lang='grc' dir='ltr'>καὶ</span> <span class='ocrx_word' id='word_1_464' title='bbox 1736 4295 1793 4347; x_wconf 81' lang='grc' dir='ltr'>ὲν</span> <span class='ocrx_word' id='word_1_465' title='bbox 1815 4293 1939 4348; x_wconf 83' lang='grc' dir='ltr'>δού-</span> 
     </span>
    </p>
   </div>
   <div class='ocr_carea' id='block_1_62' title="bbox 368 4375 2018 4464">
    <p class='ocr_par' dir='ltr' id='par_1_62' title="bbox 368 4375 2018 4464">
     <span class='ocr_line' id='line_1_62' title="bbox 368 4375 2018 4464; baseline 0.007 -35"><span class='ocrx_word' id='word_1_466' title='bbox 368 4375 467 4429; x_wconf 85' lang='grc' dir='ltr'><strong><em>λου</em></strong></span> <span class='ocrx_word' id='word_1_467' title='bbox 485 4377 639 4444; x_wconf 80' lang='grc' dir='ltr'>τάξει</span> <span class='ocrx_word' id='word_1_468' title='bbox 663 4379 1092 4434; x_wconf 86' lang='grc' dir='ltr'>κατατάττεσθαι</span> <span class='ocrx_word' id='word_1_469' title='bbox 1123 4381 1253 4444; x_wconf 84' lang='grc' dir='ltr'>δεῖν,</span> <span class='ocrx_word' id='word_1_470' title='bbox 1283 4383 1405 4436; x_wconf 82' lang='grc' dir='ltr'>οὐδὲ</span> <span class='ocrx_word' id='word_1_471' title='bbox 1442 4383 1611 4456; x_wconf 81' lang='grc' dir='ltr'>αὐτὴν</span> <span class='ocrx_word' id='word_1_472' title='bbox 1639 4385 1940 4457; x_wconf 82' lang='grc' dir='ltr'>καταφρίτ-</span> <span class='ocrx_word' id='word_1_473' title='bbox 1974 4410 2018 4464; x_wconf 73' lang='grc' dir='ltr'><strong><em>ι)</em></strong></span> 
     </span>
    </p>
   </div>
   <div class='ocr_carea' id='block_1_63' title="bbox 364 4468 1943 4548">
    <p class='ocr_par' dir='ltr' id='par_1_63' title="bbox 364 4468 1943 4548">
     <span class='ocr_line' id='line_1_63' title="bbox 364 4468 1943 4548; baseline 0.008 -31"><span class='ocrx_word' id='word_1_474' title='bbox 364 4481 528 4519; x_wconf 78' lang='grc' dir='ltr'>ταντα</span> <span class='ocrx_word' id='word_1_475' title='bbox 538 4468 639 4538; x_wconf 79' lang='grc' dir='ltr'><strong><em>τὴν</em></strong></span> <span class='ocrx_word' id='word_1_476' title='bbox 660 4469 848 4542; x_wconf 78' lang='grc' dir='ltr'>οἰκέτῃ</span> <span class='ocrx_word' id='word_1_477' title='bbox 870 4470 1185 4541; x_wconf 81' lang='grc' dir='ltr'>πρέπουσαν</span> <span class='ocrx_word' id='word_1_478' title='bbox 1208 4471 1547 4545; x_wconf 81' lang='grc' dir='ltr'>λειτουργίαν</span> <span class='ocrx_word' id='word_1_479' title='bbox 1571 4476 1943 4548; x_wconf 82' lang='grc' dir='ltr'>ἀποπληροῦν,</span> 
     </span>
    </p>
   </div>
   <div class='ocr_carea' id='block_1_64' title="bbox 364 4552 1945 4630">
    <p class='ocr_par' dir='ltr' id='par_1_64' title="bbox 364 4552 1945 4630">
     <span class='ocr_line' id='line_1_64' title="bbox 364 4552 1945 4630; baseline 0.009 -24"><span class='ocrx_word' id='word_1_480' title='bbox 364 4552 459 4607; x_wconf 79' lang='grc' dir='ltr'>διὰ</span> <span class='ocrx_word' id='word_1_481' title='bbox 491 4554 587 4608; x_wconf 89' lang='grc' dir='ltr'><strong><em>τοῦ</em></strong></span> <span class='ocrx_word' id='word_1_482' title='bbox 620 4557 714 4610; x_wconf 61' lang='grc' dir='ltr'><strong><em>καὶ⁸</em></strong></span> <span class='ocrx_word' id='word_1_483' title='bbox 742 4558 1019 4624; x_wconf 79' lang='grc' dir='ltr'>ἀπονίζειν</span> <span class='ocrx_word' id='word_1_484' title='bbox 1071 4561 1181 4613; x_wconf 90' lang='grc' dir='ltr'><strong><em>τῶν</em></strong></span> <span class='ocrx_word' id='word_1_485' title='bbox 1210 4562 1454 4630; x_wconf 79' lang='grc' dir='ltr'>ἀδελφῶν</span> <span class='ocrx_word' id='word_1_486' title='bbox 1488 4565 1615 4627; x_wconf 83' lang='grc' dir='ltr'>τοὺς</span> <span class='ocrx_word' id='word_1_487' title='bbox 1642 4566 1825 4629; x_wconf 81' lang='grc' dir='ltr'>πόδας,</span> <span class='ocrx_word' id='word_1_488' title='bbox 1848 4568 1945 4620; x_wconf 72' lang='grc' dir='ltr'><strong><em>καὶ</em></strong></span> 
     </span>
    </p>
   </div>
   <div class='ocr_carea' id='block_1_65' title="bbox 366 4643 1945 4726">
    <p class='ocr_par' dir='ltr' id='par_1_65' title="bbox 366 4643 1945 4726">
     <span class='ocr_line' id='line_1_65' title="bbox 366 4643 1945 4726; baseline 0.007 -28"><span class='ocrx_word' id='word_1_489' title='bbox 366 4643 575 4699; x_wconf 79' lang='grc' dir='ltr'>λέντιον</span> <span class='ocrx_word' id='word_1_490' title='bbox 602 4648 922 4718; x_wconf 81' lang='grc' dir='ltr'>περιθέσθαι</span> <span class='ocrx_word' id='word_1_491' title='bbox 950 4649 1038 4704; x_wconf 86' lang='grc' dir='ltr'><strong><em>διά</em></strong></span> <span class='ocrx_word' id='word_1_492' title='bbox 1077 4652 1173 4720; x_wconf 82' lang='grc' dir='ltr'><strong><em>τὴν</em></strong></span> <span class='ocrx_word' id='word_1_493' title='bbox 1194 4653 1401 4721; x_wconf 83' lang='grc' dir='ltr'>χρείαν.</span> <span class='ocrx_word' id='word_1_494' title='bbox 1435 4653 1623 4722; x_wconf 80' lang='grc' dir='ltr'>’Δθρει</span> <span class='ocrx_word' id='word_1_495' title='bbox 1656 4654 1765 4726; x_wconf 84' lang='grc' dir='ltr'>γὰρ</span> <span class='ocrx_word' id='word_1_496' title='bbox 1797 4656 1945 4720; x_wconf 84' lang='grc' dir='ltr'>ὅπως</span> 
     </span>
    </p>
   </div>
   <div class='ocr_carea' id='block_1_66' title="bbox 366 4738 1942 4817">
    <p class='ocr_par' dir='ltr' id='par_1_66' title="bbox 366 4738 1942 4817">
     <span class='ocr_line' id='line_1_66' title="bbox 366 4738 1942 4817; baseline 0.006 -26"><span class='ocrx_word' id='word_1_497' title='bbox 366 4738 778 4810; x_wconf 83' lang='grc' dir='ltr'>ἀνδραποδῶδες</span> <span class='ocrx_word' id='word_1_498' title='bbox 806 4742 870 4795; x_wconf 84' lang='grc' dir='ltr'>τὸ</span> <span class='ocrx_word' id='word_1_499' title='bbox 896 4742 1088 4813; x_wconf 79' lang='grc' dir='ltr'>χρῆμά</span> <span class='ocrx_word' id='word_1_500' title='bbox 1128 4745 1296 4802; x_wconf 76' lang='grc' dir='ltr'>ἐστιν.</span> <span class='ocrx_word' id='word_1_501' title='bbox 1318 4745 1440 4798; x_wconf 83' lang='grc' dir='ltr'>ὅσον</span> <span class='ocrx_word' id='word_1_502' title='bbox 1462 4746 1542 4808; x_wconf 87' lang='grc' dir='ltr'><strong><em>εἰς</em></strong></span> <span class='ocrx_word' id='word_1_503' title='bbox 1568 4745 1662 4816; x_wconf 78' lang='grc' dir='ltr'>ἔθη</span> <span class='ocrx_word' id='word_1_504' title='bbox 1693 4747 1838 4817; x_wconf 69' lang='grc' dir='ltr'><strong><em>φημὶ</em></strong></span> <span class='ocrx_word' id='word_1_505' title='bbox 1873 4747 1942 4801; x_wconf 81' lang='grc' dir='ltr'>τὰ</span> 
     </span>
    </p>
   </div>
   <div class='ocr_carea' id='block_1_67' title="bbox 365 4827 1938 4907">
    <p class='ocr_par' dir='ltr' id='par_1_67' title="bbox 365 4827 1938 4907">
     <span class='ocr_line' id='line_1_67' title="bbox 365 4827 1938 4907; baseline 0.006 -28"><span class='ocrx_word' id='word_1_506' title='bbox 365 4827 428 4879; x_wconf 79' lang='grc' dir='ltr'>ὲν</span> <span class='ocrx_word' id='word_1_507' title='bbox 450 4829 660 4900; x_wconf 83' lang='grc' dir='ltr'>κόσμῳ,</span> <span class='ocrx_word' id='word_1_508' title='bbox 681 4830 778 4884; x_wconf 68' lang='grc' dir='ltr'>καὶ</span> <span class='ocrx_word' id='word_1_509' title='bbox 809 4832 909 4895; x_wconf 85' lang='grc' dir='ltr'><strong><em>τάς</em></strong></span> <span class='ocrx_word' id='word_1_510' title='bbox 937 4831 1041 4895; x_wconf 76' lang='grc' dir='ltr'><strong><em>ἔξω</em></strong></span> <span class='ocrx_word' id='word_1_511' title='bbox 1064 4832 1278 4903; x_wconf 76' lang='grc' dir='ltr'>τριϐάς.</span> <span class='ocrx_word' id='word_1_512' title='bbox 1297 4833 1693 4905; x_wconf 82' lang='grc' dir='ltr'>Ὑπογραμμὸς</span> <span class='ocrx_word' id='word_1_513' title='bbox 1713 4853 1938 4907; x_wconf 83' lang='grc' dir='ltr'>τοιγαρ-</span> 
     </span>
    </p>
   </div>
   <div class='ocr_carea' id='block_1_68' title="bbox 366 4917 1941 4997">
    <p class='ocr_par' dir='ltr' id='par_1_68' title="bbox 366 4917 1941 4997">
     <span class='ocr_line' id='line_1_68' title="bbox 366 4917 1941 4997; baseline 0.008 -29"><span class='ocrx_word' id='word_1_514' title='bbox 366 4917 465 4971; x_wconf 84' lang='grc' dir='ltr'><strong><em>οῦν</em></strong></span> <span class='ocrx_word' id='word_1_515' title='bbox 500 4922 725 4993; x_wconf 85' lang='grc' dir='ltr'>μετρίου</span> <span class='ocrx_word' id='word_1_516' title='bbox 736 4939 795 4975; x_wconf 86' lang='grc' dir='ltr'><strong><em>τε</em></strong></span> <span class='ocrx_word' id='word_1_517' title='bbox 821 4923 917 4976; x_wconf 76' lang='grc' dir='ltr'>καὶ</span> <span class='ocrx_word' id='word_1_518' title='bbox 953 4922 1382 4995; x_wconf 84' lang='grc' dir='ltr'>συνεσταλμένου</span> <span class='ocrx_word' id='word_1_519' title='bbox 1409 4925 1752 4997; x_wconf 81' lang='grc' dir='ltr'>φρονήματος</span> <span class='ocrx_word' id='word_1_520' title='bbox 1768 4926 1941 4981; x_wconf 76' lang='grc' dir='ltr'>ἅπασι</span> 
     </span>
    </p>
   </div>
   <div class='ocr_carea' id='block_1_69' title="bbox 354 5012 1943 5090">
    <p class='ocr_par' dir='ltr' id='par_1_69' title="bbox 354 5012 1943 5090">
     <span class='ocr_line' id='line_1_69' title="bbox 354 5012 1943 5090; baseline 0.013 -28"><span class='ocrx_word' id='word_1_521' title='bbox 354 5017 484 5090; x_wconf 49' lang='grc' dir='ltr'>,κοῖς</span> <span class='ocrx_word' id='word_1_522' title='bbox 524 5012 667 5075; x_wconf 79' lang='grc' dir='ltr'><strong><em>κατά</em></strong></span> <span class='ocrx_word' id='word_1_523' title='bbox 717 5013 809 5066; x_wconf 81' lang='grc' dir='ltr'>τὸν</span> <span class='ocrx_word' id='word_1_524' title='bbox 836 5013 969 5083; x_wconf 86' lang='grc' dir='ltr'>βίον,</span> <span class='ocrx_word' id='word_1_525' title='bbox 1018 5012 1142 5067; x_wconf 75' lang='grc' dir='ltr'>οὔτε</span> <span class='ocrx_word' id='word_1_526' title='bbox 1185 5014 1294 5085; x_wconf 85' lang='grc' dir='ltr'>γὰρ</span> <span class='ocrx_word' id='word_1_527' title='bbox 1316 5015 1497 5086; x_wconf 82' lang='grc' dir='ltr'>μόνοις</span> <span class='ocrx_word' id='word_1_528' title='bbox 1526 5018 1639 5079; x_wconf 79' lang='grc' dir='ltr'>τοῖς</span> <span class='ocrx_word' id='word_1_529' title='bbox 1677 5016 1943 5087; x_wconf 77' lang='grc' dir='ltr'><strong><em>μαθηταῖς</em></strong></span> 
     </span>
    </p>
   </div>
   <div class='ocr_carea' id='block_1_70' title="bbox 391 5105 1931 5178">
    <p class='ocr_par' dir='ltr' id='par_1_70' title="bbox 391 5105 1931 5178">
     <span class='ocr_line' id='line_1_70' title="bbox 391 5105 1931 5178; baseline 0.003 -20"><span class='ocrx_word' id='word_1_530' title='bbox 391 5105 595 5173; x_wconf 69' lang='grc' dir='ltr'>’έγονεν</span> <span class='ocrx_word' id='word_1_531' title='bbox 633 5108 663 5160; x_wconf 86' lang='grc' dir='ltr'>ὁ</span> <span class='ocrx_word' id='word_1_532' title='bbox 707 5107 963 5178; x_wconf 87' lang='grc' dir='ltr'>Χριστός.</span> <span class='ocrx_word' id='word_1_533' title='bbox 996 5109 1095 5159; x_wconf 78' lang='grc' dir='ltr'>Διά</span> <span class='ocrx_word' id='word_1_534' title='bbox 1126 5110 1281 5160; x_wconf 88' lang='grc' dir='ltr'>τοῦτο</span> <span class='ocrx_word' id='word_1_535' title='bbox 1310 5105 1408 5160; x_wconf 79' lang='grc' dir='ltr'>καὶ</span> <span class='ocrx_word' id='word_1_536' title='bbox 1437 5106 1465 5157; x_wconf 88' lang='grc' dir='ltr'><strong>ὁ</strong></span> <span class='ocrx_word' id='word_1_537' title='bbox 1489 5105 1770 5171; x_wconf 85' lang='grc' dir='ltr'>θεσπέσιος</span> <span class='ocrx_word' id='word_1_538' title='bbox 1792 5109 1931 5162; x_wconf 83' lang='grc' dir='ltr'>Παῦ-</span> 
     </span>
    </p>
   </div>
   <div class='ocr_carea' id='block_1_71' title="bbox 350 5184 1942 5270">
    <p class='ocr_par' dir='ltr' id='par_1_71' title="bbox 350 5184 1942 5270">
     <span class='ocr_line' id='line_1_71' title="bbox 350 5184 1942 5270; baseline 0.003 -22"><span class='ocrx_word' id='word_1_539' title='bbox 350 5184 487 5260; x_wconf 66' lang='grc' dir='ltr'>¹..ος,</span> <span class='ocrx_word' id='word_1_540' title='bbox 517 5197 679 5251; x_wconf 71' lang='grc' dir='ltr'>αὑτὸν</span> <span class='ocrx_word' id='word_1_541' title='bbox 714 5199 898 5252; x_wconf 80' lang='grc' dir='ltr'>εἰκόνα</span> <span class='ocrx_word' id='word_1_542' title='bbox 946 5196 1300 5266; x_wconf 86' lang='grc' dir='ltr'>παραλαϐὼν,</span> <span class='ocrx_word' id='word_1_543' title='bbox 1358 5198 1440 5259; x_wconf 87' lang='grc' dir='ltr'><strong><em>εἰς</em></strong></span> <span class='ocrx_word' id='word_1_544' title='bbox 1458 5197 1616 5251; x_wconf 84' lang='grc' dir='ltr'>τοῦτο</span> <span class='ocrx_word' id='word_1_545' title='bbox 1642 5199 1942 5270; x_wconf 80' lang='grc' dir='ltr'>προτρέπει</span> 
     </span>
    </p>
   </div>
   <div class='ocr_carea' id='block_1_72' title="bbox 362 5287 1942 5360">
    <p class='ocr_par' dir='ltr' id='par_1_72' title="bbox 362 5287 1942 5360">
     <span class='ocr_line' id='line_1_72' title="bbox 362 5287 1942 5360; baseline 0.003 -21"><span class='ocrx_word' id='word_1_546' title='bbox 362 5287 544 5355; x_wconf 78' lang='grc' dir='ltr'>λέγων</span> <span class='ocrx_word' id='word_1_547' title='bbox 565 5304 582 5321; x_wconf 77' lang='grc' dir='ltr'><strong>ο</strong></span> <span class='ocrx_word' id='word_1_548' title='bbox 612 5306 633 5338; x_wconf 83' lang='grc' dir='ltr'><strong><em>ι</em></strong></span> <span class='ocrx_word' id='word_1_549' title='bbox 672 5288 842 5343; x_wconf 82' lang='grc' dir='ltr'>Τοῦτο</span> <span class='ocrx_word' id='word_1_550' title='bbox 868 5288 1133 5360; x_wconf 78' lang='grc' dir='ltr'>φρονείτω</span> <span class='ocrx_word' id='word_1_551' title='bbox 1186 5288 1415 5345; x_wconf 75' lang='grc' dir='ltr'>ἕκαστος</span> <span class='ocrx_word' id='word_1_552' title='bbox 1462 5288 1519 5341; x_wconf 82' lang='grc' dir='ltr'>ὲν</span> <span class='ocrx_word' id='word_1_553' title='bbox 1540 5288 1689 5358; x_wconf 85' lang='grc' dir='ltr'>ὑμῖν,</span> <span class='ocrx_word' id='word_1_554' title='bbox 1709 5288 1738 5342; x_wconf 79' lang='grc' dir='ltr'><strong>ὃ</strong></span> <span class='ocrx_word' id='word_1_555' title='bbox 1761 5290 1855 5343; x_wconf 80' lang='grc' dir='ltr'>καὶ</span> <span class='ocrx_word' id='word_1_556' title='bbox 1882 5292 1942 5343; x_wconf 81' lang='grc' dir='ltr'>ὲν</span> 
     </span>
    </p>
   </div>
   <div class='ocr_carea' id='block_1_73' title="bbox 360 5376 1941 5454">
    <p class='ocr_par' dir='ltr' id='par_1_73' title="bbox 360 5376 1941 5454">
     <span class='ocr_line' id='line_1_73' title="bbox 360 5376 1941 5454; baseline 0.004 -26"><span class='ocrx_word' id='word_1_557' title='bbox 360 5376 590 5447; x_wconf 81' lang='grc' dir='ltr'>Χριστῷ</span> <span class='ocrx_word' id='word_1_558' title='bbox 644 5378 818 5448; x_wconf 79' lang='grc' dir='ltr'>Ἰησοῦ</span> <span class='ocrx_word' id='word_1_559' title='bbox 839 5398 852 5412; x_wconf 88' lang='grc'><strong>·</strong></span> <span class='ocrx_word' id='word_1_560' title='bbox 895 5400 912 5431; x_wconf 77' lang='grc' dir='ltr'><strong><em>ι</em></strong></span> <span class='ocrx_word' id='word_1_561' title='bbox 960 5380 1056 5433; x_wconf 74' lang='grc' dir='ltr'><strong><em>καὶ</em></strong></span> <span class='ocrx_word' id='word_1_562' title='bbox 1090 5378 1273 5439; x_wconf 85' lang='grc' dir='ltr'>πάλιν,</span> <span class='ocrx_word' id='word_1_563' title='bbox 1313 5395 1332 5427; x_wconf 80' lang='grc' dir='ltr'><strong><em>ι</em></strong></span> <span class='ocrx_word' id='word_1_564' title='bbox 1365 5378 1444 5448; x_wconf 67' lang='grc' dir='ltr'><strong><em>Τῇ</em></strong></span> <span class='ocrx_word' id='word_1_565' title='bbox 1474 5381 1941 5454; x_wconf 83' lang='grc' dir='ltr'>ταπεινοφροσύνῃ</span> 
     </span>
    </p>
   </div>
   <div class='ocr_carea' id='block_1_74' title="bbox 359 5467 1941 5544">
    <p class='ocr_par' dir='ltr' id='par_1_74' title="bbox 359 5467 1941 5544">
     <span class='ocr_line' id='line_1_74' title="bbox 359 5467 1941 5544; baseline 0.004 -23"><span class='ocrx_word' id='word_1_566' title='bbox 359 5467 629 5538; x_wconf 75' lang='grc' dir='ltr'>ἀλλήλους</span> <span class='ocrx_word' id='word_1_567' title='bbox 666 5469 953 5540; x_wconf 74' lang='grc' dir='ltr'>ἡγούμενοι</span> <span class='ocrx_word' id='word_1_568' title='bbox 987 5471 1353 5541; x_wconf 80' lang='grc' dir='ltr'>ὑπερέχοντας</span> <span class='ocrx_word' id='word_1_569' title='bbox 1404 5469 1634 5522; x_wconf 80' lang='grc' dir='ltr'>ἑαυτῶν.</span> <span class='ocrx_word' id='word_1_570' title='bbox 1676 5491 1693 5521; x_wconf 74' lang='grc' dir='ltr'><strong><em>ι</em></strong></span> <span class='ocrx_word' id='word_1_571' title='bbox 1730 5472 1941 5544; x_wconf 79' lang='grc' dir='ltr'>Θεσμὺς</span> 
     </span>
    </p>
   </div>
   <div class='ocr_carea' id='block_1_75' title="bbox 2048 1827 3614 1902">
    <p class='ocr_par' dir='ltr' id='par_1_75' title="bbox 2048 1827 3614 1902">
     <span class='ocr_line' id='line_1_75' title="bbox 2048 1827 3614 1902; baseline 0.003 -19"><span class='ocrx_word' id='word_1_572' title='bbox 2048 1828 2184 1892; x_wconf 89' lang='lat' dir='ltr'><strong><em>stit,</em></strong></span> <span class='ocrx_word' id='word_1_573' title='bbox 2226 1847 2245 1879; x_wconf 74' lang='grc' dir='ltr'><strong><em>ι</em></strong></span> <span class='ocrx_word' id='word_1_574' title='bbox 2296 1828 2454 1896; x_wconf 77' lang='lat' dir='ltr'><strong><em>juxta</em></strong></span> <span class='ocrx_word' id='word_1_575' title='bbox 2512 1827 2826 1884; x_wconf 90' lang='lat' dir='ltr'><strong><em>Salomonis</em></strong></span> <span class='ocrx_word' id='word_1_576' title='bbox 2881 1844 3071 1885; x_wconf 86' lang='lat' dir='ltr'><strong><em>vocem</em></strong></span> <span class='ocrx_word' id='word_1_577' title='bbox 3105 1831 3173 1884; x_wconf 77' lang='grc'><strong><em>⁷³.</em></strong></span> <span class='ocrx_word' id='word_1_578' title='bbox 3226 1832 3376 1902; x_wconf 90' lang='lat' dir='ltr'><strong><em>Opus</em></strong></span> <span class='ocrx_word' id='word_1_579' title='bbox 3427 1832 3614 1901; x_wconf 85' lang='lat' dir='ltr'><strong><em>itaque</em></strong></span> 
     </span>
    </p>
   </div>
   <div class='ocr_carea' id='block_1_76' title="bbox 2046 1918 3610 1990">
    <p class='ocr_par' dir='ltr' id='par_1_76' title="bbox 2046 1918 3610 1990">
     <span class='ocr_line' id='line_1_76' title="bbox 2046 1918 3610 1990; baseline 0.002 -18"><span class='ocrx_word' id='word_1_580' title='bbox 2046 1927 2165 1972; x_wconf 91' lang='lat' dir='ltr'><strong><em>erat</em></strong></span> <span class='ocrx_word' id='word_1_581' title='bbox 2195 1919 2404 1974; x_wconf 86' lang='lat' dir='ltr'><strong><em>sanctis</em></strong></span> <span class='ocrx_word' id='word_1_582' title='bbox 2431 1918 2719 1990; x_wconf 85' lang='lat' dir='ltr'><strong><em>discipulis</em></strong></span> <span class='ocrx_word' id='word_1_583' title='bbox 2746 1921 2997 1975; x_wconf 90' lang='lat' dir='ltr'><strong><em>modesto</em></strong></span> <span class='ocrx_word' id='word_1_584' title='bbox 3031 1936 3095 1976; x_wconf 88' lang='lat' dir='ltr'><strong><em>ac</em></strong></span> <span class='ocrx_word' id='word_1_585' title='bbox 3117 1920 3359 1978; x_wconf 87' lang='lat' dir='ltr'><strong><em>demisso</em></strong></span> <span class='ocrx_word' id='word_1_586' title='bbox 3391 1924 3571 1976; x_wconf 87' lang='lat' dir='ltr'><strong><em>animo</em></strong></span> <span class='ocrx_word' id='word_1_587' title='bbox 3595 1963 3610 1986; x_wconf 89' lang='lat'><strong><em>,</em></strong></span> 
     </span>
    </p>
   </div>
   <div class='ocr_carea' id='block_1_77' title="bbox 2047 2010 3614 2084">
    <p class='ocr_par' dir='ltr' id='par_1_77' title="bbox 2047 2010 3614 2084">
     <span class='ocr_line' id='line_1_77' title="bbox 2047 2010 3614 2084; baseline 0.002 -20"><span class='ocrx_word' id='word_1_588' title='bbox 2047 2017 2102 2064; x_wconf 90' lang='lat' dir='ltr'><strong><em>ct</em></strong></span> <span class='ocrx_word' id='word_1_589' title='bbox 2155 2023 2308 2064; x_wconf 66' lang='lat' dir='ltr'><strong><em>vanae</em></strong></span> <span class='ocrx_word' id='word_1_590' title='bbox 2360 2010 2548 2078; x_wconf 69' lang='lat' dir='ltr'><strong><em>gloria:</em></strong></span> <span class='ocrx_word' id='word_1_591' title='bbox 2621 2010 3045 2081; x_wconf 88' lang='lat' dir='ltr'><strong><em>haudquaquam</em></strong></span> <span class='ocrx_word' id='word_1_592' title='bbox 3112 2012 3356 2083; x_wconf 90' lang='lat' dir='ltr'><strong><em>cupido:</em></strong></span> <span class='ocrx_word' id='word_1_593' title='bbox 3411 2014 3614 2084; x_wconf 88' lang='lat' dir='ltr'><strong><em>quippe</em></strong></span> 
     </span>
    </p>
   </div>
   <div class='ocr_carea' id='block_1_78' title="bbox 2046 2103 3615 2171">
    <p class='ocr_par' dir='ltr' id='par_1_78' title="bbox 2046 2103 3615 2171">
     <span class='ocr_line' id='line_1_78' title="bbox 2046 2103 3615 2171; baseline 0.001 -17"><span class='ocrx_word' id='word_1_594' title='bbox 2046 2114 2169 2154; x_wconf 81' lang='lat' dir='ltr'><strong><em>cum</em></strong></span> <span class='ocrx_word' id='word_1_595' title='bbox 2197 2115 2305 2154; x_wconf 78' lang='lat' dir='ltr'><strong><em>non</em></strong></span> <span class='ocrx_word' id='word_1_596' title='bbox 2334 2115 2512 2169; x_wconf 71' lang='lat' dir='ltr'><strong><em>parva:</em></strong></span> <span class='ocrx_word' id='word_1_597' title='bbox 2535 2114 2716 2154; x_wconf 88' lang='lat' dir='ltr'><strong><em>causae</em></strong></span> <span class='ocrx_word' id='word_1_598' title='bbox 2741 2110 2929 2157; x_wconf 86' lang='lat' dir='ltr'><strong><em>essent</em></strong></span> <span class='ocrx_word' id='word_1_599' title='bbox 2965 2103 3168 2171; x_wconf 85' lang='lat' dir='ltr'><strong><em>quibus</em></strong></span> <span class='ocrx_word' id='word_1_600' title='bbox 3207 2105 3259 2156; x_wconf 90' lang='lat' dir='ltr'><strong><em>in</em></strong></span> <span class='ocrx_word' id='word_1_601' title='bbox 3294 2103 3437 2158; x_wconf 87' lang='lat' dir='ltr'><strong><em>hunc</em></strong></span> <span class='ocrx_word' id='word_1_602' title='bbox 3471 2118 3615 2158; x_wconf 89' lang='lat' dir='ltr'><strong><em>mor-</em></strong></span> 
     </span>
    </p>
   </div>
   <div class='ocr_carea' id='block_1_79' title="bbox 2047 2191 3607 2265">
    <p class='ocr_par' dir='ltr' id='par_1_79' title="bbox 2047 2191 3607 2265">
     <span class='ocr_line' id='line_1_79' title="bbox 2047 2191 3607 2265; baseline 0.001 -18"><span class='ocrx_word' id='word_1_603' title='bbox 2047 2191 2176 2247; x_wconf 87' lang='lat' dir='ltr'><strong><em>bum</em></strong></span> <span class='ocrx_word' id='word_1_604' title='bbox 2212 2192 2521 2248; x_wconf 84' lang='lat' dir='ltr'><strong><em>inciderent</em></strong></span> <span class='ocrx_word' id='word_1_605' title='bbox 2543 2232 2558 2254; x_wconf 87' lang='lat'><strong><em>,</em></strong></span> <span class='ocrx_word' id='word_1_606' title='bbox 2590 2191 2751 2247; x_wconf 83' lang='lat' dir='ltr'><strong><em>facile</em></strong></span> <span class='ocrx_word' id='word_1_607' title='bbox 2787 2194 2978 2263; x_wconf 83' lang='lat' dir='ltr'><strong><em>utique</em></strong></span> <span class='ocrx_word' id='word_1_608' title='bbox 3010 2195 3062 2248; x_wconf 91' lang='lat' dir='ltr'><strong><em>in</em></strong></span> <span class='ocrx_word' id='word_1_609' title='bbox 3094 2212 3216 2249; x_wconf 87' lang='lat' dir='ltr'><strong><em>eum</em></strong></span> <span class='ocrx_word' id='word_1_610' title='bbox 3250 2195 3485 2265; x_wconf 82' lang='lat' dir='ltr'><strong><em>prolapsi</em></strong></span> <span class='ocrx_word' id='word_1_611' title='bbox 3521 2211 3607 2249; x_wconf 78' lang='lat' dir='ltr'><strong><em>es—</em></strong></span> 
     </span>
    </p>
   </div>
   <div class='ocr_carea' id='block_1_80' title="bbox 2046 2282 3614 2352">
    <p class='ocr_par' dir='ltr' id='par_1_80' title="bbox 2046 2282 3614 2352">
     <span class='ocr_line' id='line_1_80' title="bbox 2046 2282 3614 2352; baseline 0.001 -14"><span class='ocrx_word' id='word_1_612' title='bbox 2046 2293 2187 2347; x_wconf 89' lang='lat' dir='ltr'><strong><em>sent,</em></strong></span> <span class='ocrx_word' id='word_1_613' title='bbox 2220 2283 2326 2337; x_wconf 79' lang='lat' dir='ltr'><strong><em>nisi</em></strong></span> <span class='ocrx_word' id='word_1_614' title='bbox 2356 2298 2514 2352; x_wconf 80' lang='lat' dir='ltr'><strong><em>opem</em></strong></span> <span class='ocrx_word' id='word_1_615' title='bbox 2549 2282 2814 2340; x_wconf 85' lang='lat' dir='ltr'><strong><em>Servator</em></strong></span> <span class='ocrx_word' id='word_1_616' title='bbox 2838 2286 2919 2342; x_wconf 90' lang='lat' dir='ltr'><strong><em>eis</em></strong></span> <span class='ocrx_word' id='word_1_617' title='bbox 2950 2287 3257 2341; x_wconf 75' lang='lat' dir='ltr'><strong><em>attulisset.</em></strong></span> <span class='ocrx_word' id='word_1_618' title='bbox 3290 2285 3436 2340; x_wconf 87' lang='lat' dir='ltr'><strong><em>Solcl</em></strong></span> <span class='ocrx_word' id='word_1_619' title='bbox 3468 2287 3614 2340; x_wconf 89' lang='lat' dir='ltr'><strong><em>enim</em></strong></span> 
     </span>
    </p>
   </div>
   <div class='ocr_carea' id='block_1_81' title="bbox 2045 2375 3615 2450">
    <p class='ocr_par' dir='ltr' id='par_1_81' title="bbox 2045 2375 3615 2450">
     <span class='ocr_line' id='line_1_81' title="bbox 2045 2375 3615 2450; baseline 0.002 -20"><span class='ocrx_word' id='word_1_620' title='bbox 2045 2377 2287 2431; x_wconf 85' lang='lat' dir='ltr'><strong><em>crudelis</em></strong></span> <span class='ocrx_word' id='word_1_621' title='bbox 2337 2375 2450 2430; x_wconf 79' lang='lat' dir='ltr'><strong><em>fera</em></strong></span> <span class='ocrx_word' id='word_1_622' title='bbox 2497 2377 2770 2447; x_wconf 73' lang='lat' dir='ltr'><strong><em>superbia:</em></strong></span> <span class='ocrx_word' id='word_1_623' title='bbox 2820 2393 2917 2433; x_wconf 90' lang='lat' dir='ltr'><strong><em>eos</em></strong></span> <span class='ocrx_word' id='word_1_624' title='bbox 2968 2388 3027 2431; x_wconf 90' lang='lat' dir='ltr'><strong><em>ut</em></strong></span> <span class='ocrx_word' id='word_1_625' title='bbox 3076 2380 3367 2450; x_wconf 88' lang='lat' dir='ltr'><strong><em>plurimum</em></strong></span> <span class='ocrx_word' id='word_1_626' title='bbox 3414 2380 3615 2448; x_wconf 88' lang='lat' dir='ltr'><strong><em>quibus</em></strong></span> 
     </span>
    </p>
   </div>
   <div class='ocr_carea' id='block_1_82' title="bbox 2045 2466 3614 2538">
    <p class='ocr_par' dir='ltr' id='par_1_82' title="bbox 2045 2466 3614 2538">
     <span class='ocr_line' id='line_1_82' title="bbox 2045 2466 3614 2538; baseline 0 -17"><span class='ocrx_word' id='word_1_627' title='bbox 2045 2467 2318 2521; x_wconf 85' lang='lat' dir='ltr'><strong><em>claritatis</em></strong></span> <span class='ocrx_word' id='word_1_628' title='bbox 2362 2466 2564 2536; x_wconf 88' lang='lat' dir='ltr'><strong><em>aliquid</em></strong></span> <span class='ocrx_word' id='word_1_629' title='bbox 2613 2468 2759 2523; x_wconf 89' lang='lat' dir='ltr'><strong><em>inest</em></strong></span> <span class='ocrx_word' id='word_1_630' title='bbox 2806 2468 3083 2522; x_wconf 88' lang='lat' dir='ltr'><strong><em>invadere.</em></strong></span> <span class='ocrx_word' id='word_1_631' title='bbox 3123 2471 3192 2522; x_wconf 84' lang='lat' dir='ltr'><strong><em>At</em></strong></span> <span class='ocrx_word' id='word_1_632' title='bbox 3235 2470 3363 2538; x_wconf 90' lang='lat' dir='ltr'><strong><em>quid</em></strong></span> <span class='ocrx_word' id='word_1_633' title='bbox 3408 2469 3614 2529; x_wconf 76' lang='lat' dir='ltr'><strong><em>sanctis</em></strong></span> 
     </span>
    </p>
   </div>
   <div class='ocr_carea' id='block_1_83' title="bbox 2047 2557 3614 2628">
    <p class='ocr_par' dir='ltr' id='par_1_83' title="bbox 2047 2557 3614 2628">
     <span class='ocr_line' id='line_1_83' title="bbox 2047 2557 3614 2628; baseline 0.002 -19"><span class='ocrx_word' id='word_1_634' title='bbox 2047 2557 2311 2626; x_wconf 87' lang='lat' dir='ltr'><strong><em>apostolis</em></strong></span> <span class='ocrx_word' id='word_1_635' title='bbox 2347 2558 2622 2613; x_wconf 89' lang='lat' dir='ltr'><strong><em>illustrius</em></strong></span> <span class='ocrx_word' id='word_1_636' title='bbox 2646 2599 2660 2623; x_wconf 89' lang='lat'><strong><em>,</em></strong></span> <span class='ocrx_word' id='word_1_637' title='bbox 2691 2566 2785 2612; x_wconf 86' lang='lat' dir='ltr'><strong><em>aut</em></strong></span> <span class='ocrx_word' id='word_1_638' title='bbox 2814 2557 3078 2628; x_wconf 87' lang='lat' dir='ltr'><strong><em>quidnam</em></strong></span> <span class='ocrx_word' id='word_1_639' title='bbox 3108 2568 3193 2613; x_wconf 79' lang='lat' dir='ltr'><strong><em>est</em></strong></span> <span class='ocrx_word' id='word_1_640' title='bbox 3222 2558 3461 2613; x_wconf 87' lang='lat' dir='ltr'><strong><em>amicitia</em></strong></span> <span class='ocrx_word' id='word_1_641' title='bbox 3489 2574 3614 2613; x_wconf 87' lang='lat' dir='ltr'><strong><em>cum</em></strong></span> 
     </span>
    </p>
   </div>
   <div class='ocr_carea' id='block_1_84' title="bbox 2047 2647 3614 2720">
    <p class='ocr_par' dir='ltr' id='par_1_84' title="bbox 2047 2647 3614 2720">
     <span class='ocr_line' id='line_1_84' title="bbox 2047 2647 3614 2720; baseline 0.004 -20"><span class='ocrx_word' id='word_1_642' title='bbox 2047 2647 2158 2703; x_wconf 90' lang='lat' dir='ltr'><strong><em>Deo</em></strong></span> <span class='ocrx_word' id='word_1_643' title='bbox 2194 2650 2608 2717; x_wconf 64' lang='lat' dir='ltr'><strong><em>praestabilius?</em></strong></span> <span class='ocrx_word' id='word_1_644' title='bbox 2660 2649 2974 2720; x_wconf 12' lang='lat' dir='ltr'><strong><em>Etoquidem</em></strong></span> <span class='ocrx_word' id='word_1_645' title='bbox 3010 2652 3111 2706; x_wconf 89' lang='lat' dir='ltr'><strong><em>hoc</em></strong></span> <span class='ocrx_word' id='word_1_646' title='bbox 3140 2651 3331 2705; x_wconf 82' lang='lat' dir='ltr'><strong><em>vitium</em></strong></span> <span class='ocrx_word' id='word_1_647' title='bbox 3366 2651 3420 2705; x_wconf 90' lang='lat' dir='ltr'><strong><em>in</em></strong></span> <span class='ocrx_word' id='word_1_648' title='bbox 3456 2651 3614 2706; x_wconf 91' lang='lat' dir='ltr'><strong><em>nihili</em></strong></span> 
     </span>
    </p>
   </div>
   <div class='ocr_carea' id='block_1_85' title="bbox 2047 2742 3616 2813">
    <p class='ocr_par' dir='ltr' id='par_1_85' title="bbox 2047 2742 3616 2813">
     <span class='ocr_line' id='line_1_85' title="bbox 2047 2742 3616 2813; baseline 0 -17"><span class='ocrx_word' id='word_1_649' title='bbox 2047 2742 2323 2796; x_wconf 91' lang='lat' dir='ltr'><strong><em>hominem</em></strong></span> <span class='ocrx_word' id='word_1_650' title='bbox 2359 2757 2463 2796; x_wconf 88' lang='lat' dir='ltr'><strong><em>non</em></strong></span> <span class='ocrx_word' id='word_1_651' title='bbox 2506 2743 2810 2798; x_wconf 82' lang='lat' dir='ltr'><strong><em>intraverit.</em></strong></span> <span class='ocrx_word' id='word_1_652' title='bbox 2846 2742 3006 2813; x_wconf 86' lang='lat' dir='ltr'><strong><em>Fugit</em></strong></span> <span class='ocrx_word' id='word_1_653' title='bbox 3048 2745 3194 2799; x_wconf 88' lang='lat' dir='ltr'><strong><em>enim</em></strong></span> <span class='ocrx_word' id='word_1_654' title='bbox 3240 2758 3363 2798; x_wconf 88' lang='lat' dir='ltr'><strong><em>eum</em></strong></span> <span class='ocrx_word' id='word_1_655' title='bbox 3413 2742 3467 2797; x_wconf 81' lang='lat' dir='ltr'><strong><em>in</em></strong></span> <span class='ocrx_word' id='word_1_656' title='bbox 3505 2757 3616 2813; x_wconf 90' lang='lat' dir='ltr'><strong><em>quo</em></strong></span> 
     </span>
    </p>
   </div>
   <div class='ocr_carea' id='block_1_86' title="bbox 2046 2833 3614 2906">
    <p class='ocr_par' dir='ltr' id='par_1_86' title="bbox 2046 2833 3614 2906">
     <span class='ocr_line' id='line_1_86' title="bbox 2046 2833 3614 2906; baseline 0.003 -21"><span class='ocrx_word' id='word_1_657' title='bbox 2046 2833 2180 2887; x_wconf 89' lang='lat' dir='ltr'><strong><em>nihil</em></strong></span> <span class='ocrx_word' id='word_1_658' title='bbox 2212 2841 2295 2888; x_wconf 91' lang='lat' dir='ltr'><strong><em>est</em></strong></span> <span class='ocrx_word' id='word_1_659' title='bbox 2327 2848 2506 2904; x_wconf 83' lang='lat' dir='ltr'><strong><em>operae</em></strong></span> <span class='ocrx_word' id='word_1_660' title='bbox 2533 2835 2735 2904; x_wconf 90' lang='lat' dir='ltr'><strong><em>pretii,</em></strong></span> <span class='ocrx_word' id='word_1_661' title='bbox 2760 2850 2861 2890; x_wconf 91' lang='lat' dir='ltr'><strong><em>nec</em></strong></span> <span class='ocrx_word' id='word_1_662' title='bbox 2891 2835 2958 2889; x_wconf 89' lang='lat' dir='ltr'><strong><em>ad</em></strong></span> <span class='ocrx_word' id='word_1_663' title='bbox 2987 2851 3082 2890; x_wconf 90' lang='lat' dir='ltr'><strong><em>eos</em></strong></span> <span class='ocrx_word' id='word_1_664' title='bbox 3115 2835 3327 2890; x_wconf 81' lang='lat' dir='ltr'><strong><em>accedit</em></strong></span> <span class='ocrx_word' id='word_1_665' title='bbox 3359 2837 3451 2906; x_wconf 91' lang='lat' dir='ltr'><strong><em>qui</em></strong></span> <span class='ocrx_word' id='word_1_666' title='bbox 3490 2836 3614 2889; x_wconf 87' lang='lat' dir='ltr'><strong><em>nul-</em></strong></span> 
     </span>
    </p>
   </div>
   <div class='ocr_carea' id='block_1_87' title="bbox 2048 2923 3617 2997">
    <p class='ocr_par' dir='ltr' id='par_1_87' title="bbox 2048 2923 3617 2997">
     <span class='ocr_line' id='line_1_87' title="bbox 2048 2923 3617 2997; baseline 0.001 -20"><span class='ocrx_word' id='word_1_667' title='bbox 2048 2923 2158 2978; x_wconf 82' lang='lat' dir='ltr'><strong><em>lum</em></strong></span> <span class='ocrx_word' id='word_1_668' title='bbox 2199 2926 2342 2981; x_wconf 91' lang='lat' dir='ltr'><strong><em>inter</em></strong></span> <span class='ocrx_word' id='word_1_669' title='bbox 2375 2927 2514 2981; x_wconf 91' lang='lat' dir='ltr'><strong><em>alios</em></strong></span> <span class='ocrx_word' id='word_1_670' title='bbox 2555 2927 2784 2995; x_wconf 87' lang='lat' dir='ltr'><strong><em>gradum</em></strong></span> <span class='ocrx_word' id='word_1_671' title='bbox 2830 2927 3121 2981; x_wconf 82' lang='lat' dir='ltr'><strong><em>obtinent:</em></strong></span> <span class='ocrx_word' id='word_1_672' title='bbox 3166 2927 3298 2997; x_wconf 88' lang='lat' dir='ltr'><strong><em>quid</em></strong></span> <span class='ocrx_word' id='word_1_673' title='bbox 3341 2928 3486 2981; x_wconf 91' lang='lat' dir='ltr'><strong><em>enim</em></strong></span> <span class='ocrx_word' id='word_1_674' title='bbox 3531 2936 3617 2981; x_wconf 89' lang='lat' dir='ltr'><strong><em>est</em></strong></span> 
     </span>
    </p>
   </div>
   <div class='ocr_carea' id='block_1_88' title="bbox 2048 3016 3617 3089">
    <p class='ocr_par' dir='ltr' id='par_1_88' title="bbox 2048 3016 3617 3089">
     <span class='ocr_line' id='line_1_88' title="bbox 2048 3016 3617 3089; baseline 0.001 -19"><span class='ocrx_word' id='word_1_675' title='bbox 2048 3032 2156 3087; x_wconf 90' lang='lat' dir='ltr'><strong><em>quo</em></strong></span> <span class='ocrx_word' id='word_1_676' title='bbox 2191 3016 2503 3073; x_wconf 88' lang='lat' dir='ltr'><strong><em>istiusmodi</em></strong></span> <span class='ocrx_word' id='word_1_677' title='bbox 2537 3018 2787 3074; x_wconf 86' lang='lat' dir='ltr'><strong><em>homines</em></strong></span> <span class='ocrx_word' id='word_1_678' title='bbox 2819 3021 3084 3074; x_wconf 89' lang='lat' dir='ltr'><strong><em>tantulum</em></strong></span> <span class='ocrx_word' id='word_1_679' title='bbox 3133 3018 3407 3089; x_wconf 77' lang='lat' dir='ltr'><strong><em>superbiae</em></strong></span> <span class='ocrx_word' id='word_1_680' title='bbox 3431 3018 3617 3072; x_wconf 88' lang='lat' dir='ltr'><strong><em>conci-</em></strong></span> 
     </span>
    </p>
   </div>
   <div class='ocr_carea' id='block_1_89' title="bbox 2054 3107 3616 3181">
    <p class='ocr_par' dir='ltr' id='par_1_89' title="bbox 2054 3107 3616 3181">
     <span class='ocr_line' id='line_1_89' title="bbox 2054 3107 3616 3181; baseline 0 -18"><span class='ocrx_word' id='word_1_681' title='bbox 2054 3109 2249 3180; x_wconf 81' lang='lat' dir='ltr'><strong><em>piant?</em></strong></span> <span class='ocrx_word' id='word_1_682' title='bbox 2298 3108 2403 3164; x_wconf 87' lang='lat' dir='ltr'><strong><em>Sed</em></strong></span> <span class='ocrx_word' id='word_1_683' title='bbox 2457 3107 2656 3165; x_wconf 78' lang='lat' dir='ltr'><strong><em>fastum</em></strong></span> <span class='ocrx_word' id='word_1_684' title='bbox 2714 3110 2887 3181; x_wconf 78' lang='lat' dir='ltr'><strong><em>diligit</em></strong></span> <span class='ocrx_word' id='word_1_685' title='bbox 2937 3111 3253 3180; x_wconf 85' lang='lat' dir='ltr'><strong><em>quicunque</em></strong></span> <span class='ocrx_word' id='word_1_686' title='bbox 3294 3109 3616 3179; x_wconf 86' lang='lat' dir='ltr'><strong><em>spectabilis</em></strong></span> 
     </span>
    </p>
   </div>
   <div class='ocr_carea' id='block_1_90' title="bbox 2051 3200 3617 3272">
    <p class='ocr_par' dir='ltr' id='par_1_90' title="bbox 2051 3200 3617 3272">
     <span class='ocr_line' id='line_1_90' title="bbox 2051 3200 3617 3272; baseline -0.001 -16"><span class='ocrx_word' id='word_1_687' title='bbox 2051 3208 2176 3263; x_wconf 86' lang='lat' dir='ltr'><strong><em>est,</em></strong></span> <span class='ocrx_word' id='word_1_688' title='bbox 2222 3208 2387 3270; x_wconf 89' lang='lat' dir='ltr'><strong><em>atque</em></strong></span> <span class='ocrx_word' id='word_1_689' title='bbox 2431 3200 2642 3255; x_wconf 89' lang='lat' dir='ltr'><strong><em>idcirco</em></strong></span> <span class='ocrx_word' id='word_1_690' title='bbox 2687 3201 2903 3254; x_wconf 67' lang='lat' dir='ltr'><strong><em>caneris</em></strong></span> <span class='ocrx_word' id='word_1_691' title='bbox 2955 3217 3014 3256; x_wconf 90' lang='lat' dir='ltr'><strong><em>se</em></strong></span> <span class='ocrx_word' id='word_1_692' title='bbox 3074 3201 3376 3272; x_wconf 81' lang='lat' dir='ltr'><strong><em>praeponit,</em></strong></span> <span class='ocrx_word' id='word_1_693' title='bbox 3440 3200 3617 3271; x_wconf 83' lang='lat' dir='ltr'><strong><em>iisque</em></strong></span> 
     </span>
    </p>
   </div>
   <div class='ocr_carea' id='block_1_91' title="bbox 2051 3289 3617 3361">
    <p class='ocr_par' dir='ltr' id='par_1_91' title="bbox 2051 3289 3617 3361">
     <span class='ocr_line' id='line_1_91' title="bbox 2051 3289 3617 3361; baseline 0 -17"><span class='ocrx_word' id='word_1_694' title='bbox 2051 3289 2211 3361; x_wconf 86' lang='lat' dir='ltr'><strong><em>longe</em></strong></span> <span class='ocrx_word' id='word_1_695' title='bbox 2241 3306 2301 3346; x_wconf 89' lang='lat' dir='ltr'><strong><em>se</em></strong></span> <span class='ocrx_word' id='word_1_696' title='bbox 2332 3299 2594 3360; x_wconf 83' lang='lat' dir='ltr'><strong><em>praestare</em></strong></span> <span class='ocrx_word' id='word_1_697' title='bbox 2633 3292 2948 3357; x_wconf 78' lang='lat' dir='ltr'><strong><em>existimat,</em></strong></span> <span class='ocrx_word' id='word_1_698' title='bbox 2994 3303 3052 3345; x_wconf 93' lang='lat' dir='ltr'><strong><em>ut</em></strong></span> <span class='ocrx_word' id='word_1_699' title='bbox 3086 3292 3178 3360; x_wconf 86' lang='lat' dir='ltr'><strong><em>qui</em></strong></span> <span class='ocrx_word' id='word_1_700' title='bbox 3210 3292 3408 3346; x_wconf 64' lang='lat' dir='ltr'><strong><em>eximia</em></strong></span> <span class='ocrx_word' id='word_1_701' title='bbox 3435 3298 3490 3346; x_wconf 89' lang='lat' dir='ltr'><strong><em>et</em></strong></span> <span class='ocrx_word' id='word_1_702' title='bbox 3517 3307 3617 3346; x_wconf 79' lang='lat' dir='ltr'><strong><em>ex-</em></strong></span> 
     </span>
    </p>
   </div>
   <div class='ocr_carea' id='block_1_92' title="bbox 2050 3382 3617 3453">
    <p class='ocr_par' dir='ltr' id='par_1_92' title="bbox 2050 3382 3617 3453">
     <span class='ocr_line' id='line_1_92' title="bbox 2050 3382 3617 3453; baseline 0.001 -17"><span class='ocrx_word' id='word_1_703' title='bbox 2050 3382 2437 3438; x_wconf 90' lang='lat' dir='ltr'><strong><em>cellentissima</em></strong></span> <span class='ocrx_word' id='word_1_704' title='bbox 2465 3383 2536 3436; x_wconf 82' lang='lat' dir='ltr'><strong><em>sit</em></strong></span> <span class='ocrx_word' id='word_1_705' title='bbox 2562 3382 2764 3436; x_wconf 87' lang='lat' dir='ltr'><strong><em>virtute</em></strong></span> <span class='ocrx_word' id='word_1_706' title='bbox 2790 3383 2947 3453; x_wconf 77' lang='lat'><strong><em>721</em></strong></span> <span class='ocrx_word' id='word_1_707' title='bbox 2980 3383 3258 3453; x_wconf 73' lang='lat' dir='ltr'><strong><em>praeditus,</em></strong></span> <span class='ocrx_word' id='word_1_708' title='bbox 3290 3391 3345 3438; x_wconf 90' lang='lat' dir='ltr'><strong><em>et</em></strong></span> <span class='ocrx_word' id='word_1_709' title='bbox 3369 3382 3494 3437; x_wconf 67' lang='lat' dir='ltr'><strong><em>vita:</em></strong></span> <span class='ocrx_word' id='word_1_710' title='bbox 3523 3398 3617 3452; x_wconf 83' lang='lat' dir='ltr'><strong><em>ge-</em></strong></span> 
     </span>
    </p>
   </div>
   <div class='ocr_carea' id='block_1_93' title="bbox 2050 3470 3612 3526">
    <p class='ocr_par' dir='ltr' id='par_1_93' title="bbox 2050 3470 3612 3526">
     <span class='ocr_line' id='line_1_93' title="bbox 2050 3470 3612 3526; baseline -0.001 -2"><span class='ocrx_word' id='word_1_711' title='bbox 2050 3485 2156 3526; x_wconf 83' lang='lat' dir='ltr'><strong><em>nus</em></strong></span> <span class='ocrx_word' id='word_1_712' title='bbox 2189 3470 2470 3526; x_wconf 89' lang='lat' dir='ltr'><strong><em>insolitum</em></strong></span> <span class='ocrx_word' id='word_1_713' title='bbox 2516 3486 2580 3524; x_wconf 94' lang='lat' dir='ltr'><strong><em>ac</em></strong></span> <span class='ocrx_word' id='word_1_714' title='bbox 2615 3471 2801 3524; x_wconf 89' lang='lat' dir='ltr'><strong><em>minus</em></strong></span> <span class='ocrx_word' id='word_1_715' title='bbox 2835 3473 3027 3526; x_wconf 91' lang='lat' dir='ltr'><strong><em>tritum</em></strong></span> <span class='ocrx_word' id='word_1_716' title='bbox 3073 3471 3194 3525; x_wconf 86' lang='lat' dir='ltr'><strong><em>aliis</em></strong></span> <span class='ocrx_word' id='word_1_717' title='bbox 3237 3470 3438 3525; x_wconf 84' lang='lat' dir='ltr'><strong><em>inierit.</em></strong></span> <span class='ocrx_word' id='word_1_718' title='bbox 3476 3470 3612 3524; x_wconf 88' lang='lat' dir='ltr'><strong><em>Cum</em></strong></span> 
     </span>
    </p>
   </div>
   <div class='ocr_carea' id='block_1_94' title="bbox 2049 3560 3613 3635">
    <p class='ocr_par' dir='ltr' id='par_1_94' title="bbox 2049 3560 3613 3635">
     <span class='ocr_line' id='line_1_94' title="bbox 2049 3560 3613 3635; baseline 0.001 -18"><span class='ocrx_word' id='word_1_719' title='bbox 2049 3560 2184 3632; x_wconf 78' lang='lat' dir='ltr'><strong><em>ergo</em></strong></span> <span class='ocrx_word' id='word_1_720' title='bbox 2206 3563 2476 3633; x_wconf 78' lang='lat' dir='ltr'><strong><em>supeth</em></strong></span> <span class='ocrx_word' id='word_1_721' title='bbox 2511 3564 2703 3618; x_wconf 85' lang='lat' dir='ltr'><strong><em>vitium</em></strong></span> <span class='ocrx_word' id='word_1_722' title='bbox 2736 3565 2800 3620; x_wconf 89' lang='lat' dir='ltr'><strong><em>iis</em></strong></span> <span class='ocrx_word' id='word_1_723' title='bbox 2835 3564 3106 3619; x_wconf 86' lang='lat' dir='ltr'><strong><em>interdum</em></strong></span> <span class='ocrx_word' id='word_1_724' title='bbox 3140 3564 3373 3619; x_wconf 88' lang='lat' dir='ltr'><strong><em>insideat</em></strong></span> <span class='ocrx_word' id='word_1_725' title='bbox 3405 3564 3460 3619; x_wconf 89' lang='lat' dir='ltr'><strong><em>in</em></strong></span> <span class='ocrx_word' id='word_1_726' title='bbox 3487 3566 3613 3635; x_wconf 88' lang='lat' dir='ltr'><strong><em>qui-</em></strong></span> 
     </span>
    </p>
   </div>
   <div class='ocr_carea' id='block_1_95' title="bbox 2051 3653 3616 3727">
    <p class='ocr_par' dir='ltr' id='par_1_95' title="bbox 2051 3653 3616 3727">
     <span class='ocr_line' id='line_1_95' title="bbox 2051 3653 3616 3727; baseline 0.001 -18"><span class='ocrx_word' id='word_1_727' title='bbox 2051 3654 2154 3709; x_wconf 90' lang='lat' dir='ltr'><strong><em>bus</em></strong></span> <span class='ocrx_word' id='word_1_728' title='bbox 2184 3654 2432 3709; x_wconf 88' lang='lat' dir='ltr'><strong><em>nonnihil</em></strong></span> <span class='ocrx_word' id='word_1_729' title='bbox 2472 3661 2555 3708; x_wconf 90' lang='lat' dir='ltr'><strong><em>est</em></strong></span> <span class='ocrx_word' id='word_1_730' title='bbox 2584 3654 2880 3727; x_wconf 12' lang='lat' dir='ltr'><strong><em>prmcipu‘i,</em></strong></span> <span class='ocrx_word' id='word_1_731' title='bbox 2917 3653 3190 3722; x_wconf 90' lang='lat' dir='ltr'><strong><em>quomodo</em></strong></span> <span class='ocrx_word' id='word_1_732' title='bbox 3230 3669 3457 3727; x_wconf 76' lang='lat' dir='ltr'><strong><em>necesse</em></strong></span> <span class='ocrx_word' id='word_1_733' title='bbox 3504 3671 3616 3710; x_wconf 89' lang='lat' dir='ltr'><strong><em>non</em></strong></span> 
     </span>
    </p>
   </div>
   <div class='ocr_carea' id='block_1_96' title="bbox 2049 3726 3616 3812">
    <p class='ocr_par' dir='ltr' id='par_1_96' title="bbox 2049 3726 3616 3812">
     <span class='ocr_line' id='line_1_96' title="bbox 2049 3726 3616 3812; baseline -0.001 -12"><span class='ocrx_word' id='word_1_734' title='bbox 2049 3751 2170 3800; x_wconf 89' lang='lat' dir='ltr'><strong><em>erat</em></strong></span> <span class='ocrx_word' id='word_1_735' title='bbox 2228 3753 2289 3800; x_wconf 91' lang='lat' dir='ltr'><strong><em>ut</em></strong></span> <span class='ocrx_word' id='word_1_736' title='bbox 2365 3743 2623 3799; x_wconf 83' lang='lat' dir='ltr'><strong><em>Christus</em></strong></span> <span class='ocrx_word' id='word_1_737' title='bbox 2690 3726 2896 3797; x_wconf 82' lang='lat' dir='ltr'><strong><em>sanctis</em></strong></span> <span class='ocrx_word' id='word_1_738' title='bbox 2962 3741 3227 3812; x_wconf 87' lang='lat' dir='ltr'><strong><em>apostolis</em></strong></span> <span class='ocrx_word' id='word_1_739' title='bbox 3288 3726 3616 3798; x_wconf 80' lang='lat' dir='ltr'><strong><em>humilitatis</em></strong></span> 
     </span>
    </p>
   </div>
   <div class='ocr_carea' id='block_1_97' title="bbox 2050 3830 3616 3904">
    <p class='ocr_par' dir='ltr' id='par_1_97' title="bbox 2050 3830 3616 3904">
     <span class='ocr_line' id='line_1_97' title="bbox 2050 3830 3616 3904; baseline -0.001 -16"><span class='ocrx_word' id='word_1_740' title='bbox 2050 3835 2304 3904; x_wconf 77' lang='lat' dir='ltr'><strong><em>exemplo</em></strong></span> <span class='ocrx_word' id='word_1_741' title='bbox 2347 3841 2533 3895; x_wconf 88' lang='lat' dir='ltr'><strong><em>esset,</em></strong></span> <span class='ocrx_word' id='word_1_742' title='bbox 2584 3840 2645 3886; x_wconf 88' lang='lat' dir='ltr'><strong><em>ut</em></strong></span> <span class='ocrx_word' id='word_1_743' title='bbox 2680 3839 2869 3903; x_wconf 82' lang='lat' dir='ltr'><strong><em>typum</em></strong></span> <span class='ocrx_word' id='word_1_744' title='bbox 2919 3841 2969 3886; x_wconf 91' lang='lat' dir='ltr'><strong><em>et</em></strong></span> <span class='ocrx_word' id='word_1_745' title='bbox 3017 3830 3308 3901; x_wconf 76' lang='lat' dir='ltr'><strong><em>imaginem</em></strong></span> <span class='ocrx_word' id='word_1_746' title='bbox 3352 3830 3616 3887; x_wconf 83' lang='lat' dir='ltr'><strong><em>habentes</em></strong></span> 
     </span>
    </p>
   </div>
   <div class='ocr_carea' id='block_1_98' title="bbox 2050 3917 3617 3990">
    <p class='ocr_par' dir='ltr' id='par_1_98' title="bbox 2050 3917 3617 3990">
     <span class='ocr_line' id='line_1_98' title="bbox 2050 3917 3617 3990; baseline -0.004 -12"><span class='ocrx_word' id='word_1_747' title='bbox 2050 3923 2435 3978; x_wconf 74' lang='lat' dir='ltr'><strong><em>universorum</em></strong></span> <span class='ocrx_word' id='word_1_748' title='bbox 2466 3920 2752 3976; x_wconf 87' lang='lat' dir='ltr'><strong><em>Dominum</em></strong></span> <span class='ocrx_word' id='word_1_749' title='bbox 2785 3920 2887 3990; x_wconf 90' lang='lat' dir='ltr'><strong><em>ipsi</em></strong></span> <span class='ocrx_word' id='word_1_750' title='bbox 2927 3933 3143 3989; x_wconf 90' lang='lat' dir='ltr'><strong><em>quoque</em></strong></span> <span class='ocrx_word' id='word_1_751' title='bbox 3181 3919 3246 3972; x_wconf 86' lang='lat' dir='ltr'><strong><em>ad</em></strong></span> <span class='ocrx_word' id='word_1_752' title='bbox 3288 3917 3382 3972; x_wconf 88' lang='lat' dir='ltr'><strong><em>Dei</em></strong></span> <span class='ocrx_word' id='word_1_753' title='bbox 3422 3919 3617 3972; x_wconf 84' lang='lat' dir='ltr'><strong><em>volun-</em></strong></span> 
     </span>
    </p>
   </div>
   <div class='ocr_carea' id='block_1_99' title="bbox 2050 4002 3616 4080">
    <p class='ocr_par' dir='ltr' id='par_1_99' title="bbox 2050 4002 3616 4080">
     <span class='ocr_line' id='line_1_99' title="bbox 2050 4002 3616 4080; baseline -0.003 -12"><span class='ocrx_word' id='word_1_754' title='bbox 2050 4002 2212 4068; x_wconf 67' lang='lat' dir='ltr'><strong><em>tatem</em></strong></span> <span class='ocrx_word' id='word_1_755' title='bbox 2243 4027 2399 4068; x_wconf 86' lang='lat' dir='ltr'><strong><em>suam</em></strong></span> <span class='ocrx_word' id='word_1_756' title='bbox 2433 4024 2670 4067; x_wconf 89' lang='lat' dir='ltr'><strong><em>mentem</em></strong></span> <span class='ocrx_word' id='word_1_757' title='bbox 2704 4010 3156 4066; x_wconf 84' lang='lat' dir='ltr'><strong><em>conl‘ormarent?</em></strong></span> <span class='ocrx_word' id='word_1_758' title='bbox 3194 4009 3396 4064; x_wconf 88' lang='lat' dir='ltr'><strong><em>Vitium</em></strong></span> <span class='ocrx_word' id='word_1_759' title='bbox 3447 4010 3616 4080; x_wconf 88' lang='lat' dir='ltr'><strong><em>igitur</em></strong></span> 
     </span>
    </p>
   </div>
   <div class='ocr_carea' id='block_1_100' title="bbox 2048 4100 3618 4171">
    <p class='ocr_par' dir='ltr' id='par_1_100' title="bbox 2048 4100 3618 4171">
     <span class='ocr_line' id='line_1_100' title="bbox 2048 4100 3618 4171; baseline -0.004 -12"><span class='ocrx_word' id='word_1_760' title='bbox 2048 4103 2185 4159; x_wconf 89' lang='lat' dir='ltr'><strong><em>illud</em></strong></span> <span class='ocrx_word' id='word_1_761' title='bbox 2232 4105 2393 4159; x_wconf 89' lang='lat' dir='ltr'><strong><em>aliter</em></strong></span> <span class='ocrx_word' id='word_1_762' title='bbox 2432 4104 2590 4159; x_wconf 81' lang='lat' dir='ltr'><strong><em>evelli</em></strong></span> <span class='ocrx_word' id='word_1_763' title='bbox 2637 4118 2746 4158; x_wconf 91' lang='lat' dir='ltr'><strong><em>non</em></strong></span> <span class='ocrx_word' id='word_1_764' title='bbox 2777 4110 3030 4170; x_wconf 87' lang='lat' dir='ltr'><strong><em>poterat,</em></strong></span> <span class='ocrx_word' id='word_1_765' title='bbox 3063 4116 3226 4171; x_wconf 89' lang='lat' dir='ltr'><strong><em>quam</em></strong></span> <span class='ocrx_word' id='word_1_766' title='bbox 3266 4100 3313 4154; x_wconf 89' lang='lat' dir='ltr'><strong><em>si</em></strong></span> <span class='ocrx_word' id='word_1_767' title='bbox 3343 4101 3618 4170; x_wconf 86' lang='lat' dir='ltr'><strong><em>palam‘et</em></strong></span> 
     </span>
    </p>
   </div>
   <div class='ocr_carea' id='block_1_101' title="bbox 2051 4191 3615 4268">
    <p class='ocr_par' dir='ltr' id='par_1_101' title="bbox 2051 4191 3615 4268">
     <span class='ocr_line' id='line_1_101' title="bbox 2051 4191 3615 4268; baseline -0.006 -16"><span class='ocrx_word' id='word_1_768' title='bbox 2051 4205 2239 4268; x_wconf 89' lang='lat' dir='ltr'><strong><em>aperte</em></strong></span> <span class='ocrx_word' id='word_1_769' title='bbox 2276 4197 2500 4251; x_wconf 89' lang='lat' dir='ltr'><strong><em>doceret</em></strong></span> <span class='ocrx_word' id='word_1_770' title='bbox 2543 4195 2618 4249; x_wconf 88' lang='lat' dir='ltr'><strong><em>ita</em></strong></span> <span class='ocrx_word' id='word_1_771' title='bbox 2668 4193 2906 4249; x_wconf 90' lang='lat' dir='ltr'><strong><em>demisse</em></strong></span> <span class='ocrx_word' id='word_1_772' title='bbox 2946 4192 3015 4246; x_wconf 90' lang='lat' dir='ltr'><strong><em>de</em></strong></span> <span class='ocrx_word' id='word_1_773' title='bbox 3065 4208 3127 4247; x_wconf 91' lang='lat' dir='ltr'><strong><em>se</em></strong></span> <span class='ocrx_word' id='word_1_774' title='bbox 3177 4191 3422 4255; x_wconf 89' lang='lat' dir='ltr'><strong><em>sentire,</em></strong></span> <span class='ocrx_word' id='word_1_775' title='bbox 3462 4196 3525 4243; x_wconf 94' lang='lat' dir='ltr'><strong><em>ut</em></strong></span> <span class='ocrx_word' id='word_1_776' title='bbox 3560 4197 3615 4245; x_wconf 87' lang='lat' dir='ltr'><strong><em>et</em></strong></span> 
     </span>
    </p>
   </div>
   <div class='ocr_carea' id='block_1_102' title="bbox 2048 4279 3617 4353">
    <p class='ocr_par' dir='ltr' id='par_1_102' title="bbox 2048 4279 3617 4353">
     <span class='ocr_line' id='line_1_102' title="bbox 2048 4279 3617 4353; baseline -0.006 -9"><span class='ocrx_word' id='word_1_777' title='bbox 2048 4289 2193 4345; x_wconf 80' lang='lat' dir='ltr'><strong><em>servi</em></strong></span> <span class='ocrx_word' id='word_1_778' title='bbox 2223 4288 2376 4341; x_wconf 81' lang='lat' dir='ltr'><strong><em>vices</em></strong></span> <span class='ocrx_word' id='word_1_779' title='bbox 2408 4286 2590 4349; x_wconf 86' lang='lat' dir='ltr'><strong><em>obire,</em></strong></span> <span class='ocrx_word' id='word_1_780' title='bbox 2638 4291 2696 4338; x_wconf 90' lang='lat' dir='ltr'><strong><em>et</em></strong></span> <span class='ocrx_word' id='word_1_781' title='bbox 2742 4282 3111 4337; x_wconf 88' lang='lat' dir='ltr'><strong><em>ministerium</em></strong></span> <span class='ocrx_word' id='word_1_782' title='bbox 3161 4281 3363 4353; x_wconf 76' lang='lat' dir='ltr'><strong><em>famuli</em></strong></span> <span class='ocrx_word' id='word_1_783' title='bbox 3385 4279 3617 4350; x_wconf 87' lang='lat' dir='ltr'><strong><em>implere</em></strong></span> 
     </span>
    </p>
   </div>
   <div class='ocr_carea' id='block_1_103' title="bbox 2048 4371 3615 4443">
    <p class='ocr_par' dir='ltr' id='par_1_103' title="bbox 2048 4371 3615 4443">
     <span class='ocr_line' id='line_1_103' title="bbox 2048 4371 3615 4443; baseline -0.008 -8"><span class='ocrx_word' id='word_1_784' title='bbox 2048 4396 2156 4434; x_wconf 90' lang='lat' dir='ltr'><strong><em>non</em></strong></span> <span class='ocrx_word' id='word_1_785' title='bbox 2186 4384 2487 4441; x_wconf 84' lang='lat' dir='ltr'><strong><em>vereretur,</em></strong></span> <span class='ocrx_word' id='word_1_786' title='bbox 2511 4375 2745 4429; x_wconf 82' lang='lat' dir='ltr'><strong><em>fratrum</em></strong></span> <span class='ocrx_word' id='word_1_787' title='bbox 2777 4375 2940 4443; x_wconf 85' lang='lat' dir='ltr'><strong><em>pedes</em></strong></span> <span class='ocrx_word' id='word_1_788' title='bbox 2962 4372 3255 4436; x_wconf 86' lang='lat' dir='ltr'><strong><em>abluendo,</em></strong></span> <span class='ocrx_word' id='word_1_789' title='bbox 3287 4377 3341 4424; x_wconf 90' lang='lat' dir='ltr'><strong><em>et</em></strong></span> <span class='ocrx_word' id='word_1_790' title='bbox 3363 4371 3529 4424; x_wconf 87' lang='lat' dir='ltr'><strong><em>linteo</em></strong></span> <span class='ocrx_word' id='word_1_791' title='bbox 3554 4384 3615 4424; x_wconf 87' lang='lat' dir='ltr'><strong><em>se</em></strong></span> 
     </span>
    </p>
   </div>
   <div class='ocr_carea' id='block_1_104' title="bbox 2046 4462 3614 4542">
    <p class='ocr_par' dir='ltr' id='par_1_104' title="bbox 2046 4462 3614 4542">
     <span class='ocr_line' id='line_1_104' title="bbox 2046 4462 3614 4542; baseline -0.006 -15"><span class='ocrx_word' id='word_1_792' title='bbox 2046 4471 2113 4527; x_wconf 89' lang='lat' dir='ltr'><strong><em>ad</em></strong></span> <span class='ocrx_word' id='word_1_793' title='bbox 2142 4487 2281 4542; x_wconf 89' lang='lat' dir='ltr'><strong><em>opus</em></strong></span> <span class='ocrx_word' id='word_1_794' title='bbox 2314 4467 2720 4540; x_wconf 68' lang='lat' dir='ltr'><strong><em>praacingendo.</em></strong></span> <span class='ocrx_word' id='word_1_795' title='bbox 2785 4462 3090 4519; x_wconf 88' lang='lat' dir='ltr'><strong><em>Considera</em></strong></span> <span class='ocrx_word' id='word_1_796' title='bbox 3133 4464 3278 4518; x_wconf 90' lang='lat' dir='ltr'><strong><em>enim</em></strong></span> <span class='ocrx_word' id='word_1_797' title='bbox 3316 4472 3375 4515; x_wconf 93' lang='lat' dir='ltr'><strong><em>ut</em></strong></span> <span class='ocrx_word' id='word_1_798' title='bbox 3414 4462 3614 4518; x_wconf 82' lang='lat' dir='ltr'><strong><em>servile</em></strong></span> 
     </span>
    </p>
   </div>
   <div class='ocr_carea' id='block_1_105' title="bbox 2045 4552 3612 4623">
    <p class='ocr_par' dir='ltr' id='par_1_105' title="bbox 2045 4552 3612 4623">
     <span class='ocr_line' id='line_1_105' title="bbox 2045 4552 3612 4623; baseline -0.008 -5"><span class='ocrx_word' id='word_1_799' title='bbox 2045 4564 2114 4620; x_wconf 89' lang='lat' dir='ltr'><strong><em>sil</em></strong></span> <span class='ocrx_word' id='word_1_800' title='bbox 2143 4562 2274 4617; x_wconf 92' lang='lat' dir='ltr'><strong><em>illud</em></strong></span> <span class='ocrx_word' id='word_1_801' title='bbox 2306 4560 2696 4623; x_wconf 79' lang='lat' dir='ltr'><strong><em>ministerium,</em></strong></span> <span class='ocrx_word' id='word_1_802' title='bbox 2727 4558 2773 4611; x_wconf 87' lang='lat' dir='ltr'><strong><em>si</em></strong></span> <span class='ocrx_word' id='word_1_803' title='bbox 2807 4553 3260 4611; x_wconf 88' lang='lat' dir='ltr'><strong><em>consuetudinem</em></strong></span> <span class='ocrx_word' id='word_1_804' title='bbox 3294 4552 3483 4608; x_wconf 90' lang='lat' dir='ltr'><strong><em>mundi</em></strong></span> <span class='ocrx_word' id='word_1_805' title='bbox 3512 4553 3612 4606; x_wconf 82' lang='lat' dir='ltr'><strong><em>hu-</em></strong></span> 
     </span>
    </p>
   </div>
   <div class='ocr_carea' id='block_1_106' title="bbox 2040 4645 3613 4724">
    <p class='ocr_par' dir='ltr' id='par_1_106' title="bbox 2040 4645 3613 4724">
     <span class='ocr_line' id='line_1_106' title="bbox 2040 4645 3613 4724; baseline -0.008 -14"><span class='ocrx_word' id='word_1_806' title='bbox 2040 4655 2131 4724; x_wconf 88' lang='lat' dir='ltr'><strong><em>jus</em></strong></span> <span class='ocrx_word' id='word_1_807' title='bbox 2157 4696 2172 4720; x_wconf 91' lang='lat'><strong><em>,</em></strong></span> <span class='ocrx_word' id='word_1_808' title='bbox 2218 4661 2274 4709; x_wconf 88' lang='lat' dir='ltr'><strong><em>et</em></strong></span> <span class='ocrx_word' id='word_1_809' title='bbox 2315 4652 2500 4708; x_wconf 63' lang='lat' dir='ltr'><strong><em>saeculi</em></strong></span> <span class='ocrx_word' id='word_1_810' title='bbox 2555 4665 2735 4705; x_wconf 91' lang='lat' dir='ltr'><strong><em>mores</em></strong></span> <span class='ocrx_word' id='word_1_811' title='bbox 2782 4648 3042 4717; x_wconf 87' lang='lat' dir='ltr'><strong><em>aspicias.</em></strong></span> <span class='ocrx_word' id='word_1_812' title='bbox 3082 4646 3403 4715; x_wconf 80' lang='lat' dir='ltr'><strong><em>Exemplum</em></strong></span> <span class='ocrx_word' id='word_1_813' title='bbox 3443 4645 3613 4715; x_wconf 88' lang='lat' dir='ltr'><strong><em>igitur</em></strong></span> 
     </span>
    </p>
   </div>
   <div class='ocr_carea' id='block_1_107' title="bbox 2042 4736 3610 4800">
    <p class='ocr_par' dir='ltr' id='par_1_107' title="bbox 2042 4736 3610 4800">
     <span class='ocr_line' id='line_1_107' title="bbox 2042 4736 3610 4800; baseline -0.007 0"><span class='ocrx_word' id='word_1_814' title='bbox 2042 4745 2273 4800; x_wconf 87' lang='lat' dir='ltr'><strong><em>modesti</em></strong></span> <span class='ocrx_word' id='word_1_815' title='bbox 2297 4759 2360 4798; x_wconf 89' lang='lat' dir='ltr'><strong><em>ac</em></strong></span> <span class='ocrx_word' id='word_1_816' title='bbox 2393 4742 2614 4798; x_wconf 88' lang='lat' dir='ltr'><strong><em>demissi</em></strong></span> <span class='ocrx_word' id='word_1_817' title='bbox 2649 4740 2816 4793; x_wconf 89' lang='lat' dir='ltr'><strong><em>animi</em></strong></span> <span class='ocrx_word' id='word_1_818' title='bbox 2849 4739 3106 4793; x_wconf 91' lang='lat' dir='ltr'><strong><em>omnibus</em></strong></span> <span class='ocrx_word' id='word_1_819' title='bbox 3134 4736 3475 4799; x_wconf 88' lang='lat' dir='ltr'><strong><em>hominibus,</em></strong></span> <span class='ocrx_word' id='word_1_820' title='bbox 3503 4750 3610 4790; x_wconf 93' lang='lat' dir='ltr'><strong><em>non</em></strong></span> 
     </span>
    </p>
   </div>
   <div class='ocr_carea' id='block_1_108' title="bbox 2043 4826 3611 4901">
    <p class='ocr_par' dir='ltr' id='par_1_108' title="bbox 2043 4826 3611 4901">
     <span class='ocr_line' id='line_1_108' title="bbox 2043 4826 3611 4901; baseline -0.007 -10"><span class='ocrx_word' id='word_1_821' title='bbox 2043 4843 2255 4891; x_wconf 88' lang='lat' dir='ltr'><strong><em>tantum</em></strong></span> <span class='ocrx_word' id='word_1_822' title='bbox 2296 4835 2411 4891; x_wconf 90' lang='lat' dir='ltr'><strong><em>suis</em></strong></span> <span class='ocrx_word' id='word_1_823' title='bbox 2432 4832 2741 4901; x_wconf 82' lang='lat' dir='ltr'><strong><em>discipulis,</em></strong></span> <span class='ocrx_word' id='word_1_824' title='bbox 2782 4831 3025 4900; x_wconf 89' lang='lat' dir='ltr'><strong><em>seipsum</em></strong></span> <span class='ocrx_word' id='word_1_825' title='bbox 3060 4828 3313 4899; x_wconf 72' lang='lat' dir='ltr'><strong><em>pmbuit.</em></strong></span> <span class='ocrx_word' id='word_1_826' title='bbox 3343 4826 3611 4881; x_wconf 86' lang='lat' dir='ltr'><strong><em>Proinde-</em></strong></span> 
     </span>
    </p>
   </div>
   <div class='ocr_carea' id='block_1_109' title="bbox 2044 4918 3613 4997">
    <p class='ocr_par' dir='ltr' id='par_1_109' title="bbox 2044 4918 3613 4997">
     <span class='ocr_line' id='line_1_109' title="bbox 2044 4918 3613 4997; baseline -0.006 -15"><span class='ocrx_word' id='word_1_827' title='bbox 2044 4942 2153 4997; x_wconf 91' lang='lat' dir='ltr'><strong><em>que</em></strong></span> <span class='ocrx_word' id='word_1_828' title='bbox 2177 4926 2398 4980; x_wconf 77' lang='lat' dir='ltr'><strong><em>divinus</em></strong></span> <span class='ocrx_word' id='word_1_829' title='bbox 2438 4923 2637 4977; x_wconf 88' lang='lat' dir='ltr'><strong><em>Paulus</em></strong></span> <span class='ocrx_word' id='word_1_830' title='bbox 2668 4936 2791 4975; x_wconf 89' lang='lat' dir='ltr'><strong><em>cum</em></strong></span> <span class='ocrx_word' id='word_1_831' title='bbox 2833 4937 2957 4974; x_wconf 90' lang='lat' dir='ltr'><strong><em>eum</em></strong></span> <span class='ocrx_word' id='word_1_832' title='bbox 2991 4919 3312 4974; x_wconf 85' lang='lat' dir='ltr'><strong><em>imitandum</em></strong></span> <span class='ocrx_word' id='word_1_833' title='bbox 3344 4918 3613 4987; x_wconf 86' lang='lat' dir='ltr'><strong><em>sumpsis-</em></strong></span> 
     </span>
    </p>
   </div>
   <div class='ocr_carea' id='block_1_110' title="bbox 2044 5008 3615 5084">
    <p class='ocr_par' dir='ltr' id='par_1_110' title="bbox 2044 5008 3615 5084">
     <span class='ocr_line' id='line_1_110' title="bbox 2044 5008 3615 5084; baseline -0.008 -10"><span class='ocrx_word' id='word_1_834' title='bbox 2044 5026 2148 5084; x_wconf 85' lang='lat' dir='ltr'><strong><em>set,</em></strong></span> <span class='ocrx_word' id='word_1_835' title='bbox 2182 5018 2431 5071; x_wconf 87' lang='lat' dir='ltr'><strong><em>hortatur</em></strong></span> <span class='ocrx_word' id='word_1_836' title='bbox 2461 5013 2528 5068; x_wconf 90' lang='lat' dir='ltr'><strong><em>ad</em></strong></span> <span class='ocrx_word' id='word_1_837' title='bbox 2562 5013 2708 5069; x_wconf 89' lang='lat' dir='ltr'><strong><em>istud</em></strong></span> <span class='ocrx_word' id='word_1_838' title='bbox 2745 5013 2974 5067; x_wconf 89' lang='lat' dir='ltr'><strong><em>dicens:</em></strong></span> <span class='ocrx_word' id='word_1_839' title='bbox 3008 5028 3035 5061; x_wconf 74' lang='grc' dir='ltr'><strong>Ἰ</strong></span> <span class='ocrx_word' id='word_1_840' title='bbox 3073 5009 3187 5064; x_wconf 84' lang='lat' dir='ltr'><strong><em>Hoc</em></strong></span> <span class='ocrx_word' id='word_1_841' title='bbox 3238 5008 3615 5075; x_wconf 79' lang='lat' dir='ltr'><strong><em>unusquisque</em></strong></span> 
     </span>
    </p>
   </div>
   <div class='ocr_carea' id='block_1_111' title="bbox 2045 5099 3615 5175">
    <p class='ocr_par' dir='ltr' id='par_1_111' title="bbox 2045 5099 3615 5175">
     <span class='ocr_line' id='line_1_111' title="bbox 2045 5099 3615 5175; baseline -0.01 -9"><span class='ocrx_word' id='word_1_842' title='bbox 2045 5111 2247 5167; x_wconf 86' lang='lat' dir='ltr'><strong><em>sentite</em></strong></span> <span class='ocrx_word' id='word_1_843' title='bbox 2292 5109 2347 5162; x_wconf 91' lang='lat' dir='ltr'><strong><em>in</em></strong></span> <span class='ocrx_word' id='word_1_844' title='bbox 2382 5107 2537 5161; x_wconf 85' lang='lat' dir='ltr'><strong><em>vobis</em></strong></span> <span class='ocrx_word' id='word_1_845' title='bbox 2562 5146 2576 5169; x_wconf 87' lang='lat'><strong><em>,</em></strong></span> <span class='ocrx_word' id='word_1_846' title='bbox 2613 5105 2759 5175; x_wconf 87' lang='lat' dir='ltr'><strong><em>quod</em></strong></span> <span class='ocrx_word' id='word_1_847' title='bbox 2803 5111 2858 5159; x_wconf 89' lang='lat' dir='ltr'><strong><em>et</em></strong></span> <span class='ocrx_word' id='word_1_848' title='bbox 2898 5105 2954 5157; x_wconf 88' lang='lat' dir='ltr'><strong><em>in</em></strong></span> <span class='ocrx_word' id='word_1_849' title='bbox 2987 5102 3211 5156; x_wconf 83' lang='lat' dir='ltr'><strong><em>Christo</em></strong></span> <span class='ocrx_word' id='word_1_850' title='bbox 3240 5099 3371 5154; x_wconf 82' lang='lat' dir='ltr'><strong><em>Jesu</em></strong></span> <span class='ocrx_word' id='word_1_851' title='bbox 3393 5100 3476 5167; x_wconf 83' lang='lat'><strong><em>&quot;,</em></strong></span> <span class='ocrx_word' id='word_1_852' title='bbox 3511 5118 3529 5151; x_wconf 72' lang='grc' dir='ltr'><strong><em>ι</em></strong></span> <span class='ocrx_word' id='word_1_853' title='bbox 3560 5106 3615 5154; x_wconf 87' lang='lat' dir='ltr'><strong><em>et</em></strong></span> 
     </span>
    </p>
   </div>
   <div class='ocr_carea' id='block_1_112' title="bbox 2044 5190 3611 5261">
    <p class='ocr_par' dir='ltr' id='par_1_112' title="bbox 2044 5190 3611 5261">
     <span class='ocr_line' id='line_1_112' title="bbox 2044 5190 3611 5261; baseline -0.007 -6"><span class='ocrx_word' id='word_1_854' title='bbox 2044 5215 2240 5255; x_wconf 86' lang='lat' dir='ltr'><strong><em>rursus</em></strong></span> <span class='ocrx_word' id='word_1_855' title='bbox 2280 5215 2295 5253; x_wconf 90' lang='lat'><strong>:</strong></span> <span class='ocrx_word' id='word_1_856' title='bbox 2345 5216 2364 5247; x_wconf 83' lang='grc' dir='ltr'><strong><em>ι</em></strong></span> <span class='ocrx_word' id='word_1_857' title='bbox 2400 5196 2455 5250; x_wconf 85' lang='grc' dir='ltr'><strong><em>1η</em></strong></span> <span class='ocrx_word' id='word_1_858' title='bbox 2507 5196 2816 5250; x_wconf 86' lang='lat' dir='ltr'><strong><em>humilitate</em></strong></span> <span class='ocrx_word' id='word_1_859' title='bbox 2856 5192 3172 5261; x_wconf 83' lang='lat' dir='ltr'><strong><em>superiores</em></strong></span> <span class='ocrx_word' id='word_1_860' title='bbox 3222 5190 3326 5246; x_wconf 88' lang='lat' dir='ltr'><strong><em>sibi</em></strong></span> <span class='ocrx_word' id='word_1_861' title='bbox 3378 5190 3611 5245; x_wconf 87' lang='lat' dir='ltr'><strong><em>invicem</em></strong></span> 
     </span>
    </p>
   </div>
   <div class='ocr_carea' id='block_1_113' title="bbox 2048 5280 3614 5343">
    <p class='ocr_par' dir='ltr' id='par_1_113' title="bbox 2048 5280 3614 5343">
     <span class='ocr_line' id='line_1_113' title="bbox 2048 5280 3614 5343; baseline -0.004 -1"><span class='ocrx_word' id='word_1_862' title='bbox 2048 5288 2383 5343; x_wconf 83' lang='lat' dir='ltr'><strong><em>arbitrantes</em></strong></span> <span class='ocrx_word' id='word_1_863' title='bbox 2413 5285 2480 5337; x_wconf 76' lang='lat'><strong><em>&quot;.</em></strong></span> <span class='ocrx_word' id='word_1_864' title='bbox 2516 5303 2534 5334; x_wconf 74' lang='grc' dir='ltr'><strong><em>ι</em></strong></span> <span class='ocrx_word' id='word_1_865' title='bbox 2587 5284 2691 5338; x_wconf 76' lang='lat' dir='ltr'><strong><em>Lex</em></strong></span> <span class='ocrx_word' id='word_1_866' title='bbox 2724 5284 2869 5337; x_wconf 90' lang='lat' dir='ltr'><strong><em>enim</em></strong></span> <span class='ocrx_word' id='word_1_867' title='bbox 2899 5280 3187 5337; x_wconf 88' lang='lat' dir='ltr'><strong><em>cbaritatis</em></strong></span> <span class='ocrx_word' id='word_1_868' title='bbox 3213 5287 3268 5336; x_wconf 91' lang='lat' dir='ltr'><strong><em>et</em></strong></span> <span class='ocrx_word' id='word_1_869' title='bbox 3299 5281 3614 5336; x_wconf 73' lang='lat' dir='ltr'><strong><em>concordia:</em></strong></span> 
     </span>
    </p>
   </div>
   <div class='ocr_carea' id='block_1_114' title="bbox 2049 5371 3612 5444">
    <p class='ocr_par' dir='ltr' id='par_1_114' title="bbox 2049 5371 3612 5444">
     <span class='ocr_line' id='line_1_114' title="bbox 2049 5371 3612 5444; baseline -0.006 -10"><span class='ocrx_word' id='word_1_870' title='bbox 2049 5378 2242 5435; x_wconf 92' lang='lat' dir='ltr'><strong><em>humili</em></strong></span> <span class='ocrx_word' id='word_1_871' title='bbox 2275 5385 2493 5430; x_wconf 88' lang='lat' dir='ltr'><strong><em>constat</em></strong></span> <span class='ocrx_word' id='word_1_872' title='bbox 2529 5375 2746 5444; x_wconf 88' lang='lat' dir='ltr'><strong><em>spiritu.</em></strong></span> <span class='ocrx_word' id='word_1_873' title='bbox 2778 5371 2979 5437; x_wconf 83' lang='lat' dir='ltr'><strong><em>Verum</em></strong></span> <span class='ocrx_word' id='word_1_874' title='bbox 3025 5379 3082 5427; x_wconf 88' lang='lat' dir='ltr'><strong><em>ut</em></strong></span> <span class='ocrx_word' id='word_1_875' title='bbox 3124 5372 3249 5443; x_wconf 83' lang='lat' dir='ltr'><strong><em>ejus</em></strong></span> <span class='ocrx_word' id='word_1_876' title='bbox 3284 5372 3359 5428; x_wconf 86' lang='lat' dir='ltr'><strong><em>rei</em></strong></span> <span class='ocrx_word' id='word_1_877' title='bbox 3394 5371 3612 5441; x_wconf 86' lang='lat' dir='ltr'><strong><em>opinio-</em></strong></span> 
     </span>
    </p>
   </div>
   <div class='ocr_carea' id='block_1_115' title="bbox 2048 5462 3614 5537">
    <p class='ocr_par' dir='ltr' id='par_1_115' title="bbox 2048 5462 3614 5537">
     <span class='ocr_line' id='line_1_115' title="bbox 2048 5462 3614 5537; baseline -0.007 -11"><span class='ocrx_word' id='word_1_878' title='bbox 2048 5486 2169 5526; x_wconf 71' lang='lat' dir='ltr'><strong><em>nem</em></strong></span> <span class='ocrx_word' id='word_1_879' title='bbox 2210 5468 2504 5533; x_wconf 86' lang='lat' dir='ltr'><strong><em>attolleret,</em></strong></span> <span class='ocrx_word' id='word_1_880' title='bbox 2545 5482 2724 5535; x_wconf 87' lang='lat' dir='ltr'><strong><em>neque</em></strong></span> <span class='ocrx_word' id='word_1_881' title='bbox 2754 5466 2976 5537; x_wconf 84' lang='lat' dir='ltr'><strong><em>vulgare</em></strong></span> <span class='ocrx_word' id='word_1_882' title='bbox 3007 5463 3284 5535; x_wconf 88' lang='lat' dir='ltr'><strong><em>quidpiam</em></strong></span> <span class='ocrx_word' id='word_1_883' title='bbox 3324 5462 3614 5517; x_wconf 80' lang='lat' dir='ltr'><strong><em>a~Christo</em></strong></span> 
     </span>
    </p>
   </div>
   <div class='ocr_carea' id='block_1_116' title="bbox 440 5668 1946 5740">
    <p class='ocr_par' dir='ltr' id='par_1_116' title="bbox 440 5668 1894 5740">
     <span class='ocr_line' id='line_1_116' title="bbox 440 5668 1894 5740; baseline 0.004 -19"><span class='ocrx_word' id='word_1_884' title='bbox 440 5670 488 5701; x_wconf 83' lang='lat'><strong>&quot;</strong></span> <span class='ocrx_word' id='word_1_885' title='bbox 530 5668 689 5722; x_wconf 79' lang='lat' dir='ltr'><strong><em>Prov.</em></strong></span> <span class='ocrx_word' id='word_1_886' title='bbox 727 5684 786 5722; x_wconf 81' lang='lat' dir='ltr'><strong><em>in</em></strong></span> <span class='ocrx_word' id='word_1_887' title='bbox 811 5708 824 5733; x_wconf 85' lang='lat'><strong><em>,</em></strong></span> <span class='ocrx_word' id='word_1_888' title='bbox 855 5669 963 5734; x_wconf 66' lang='lat'><strong><em>34;</em></strong></span> <span class='ocrx_word' id='word_1_889' title='bbox 1000 5668 1114 5725; x_wconf 82' lang='lat' dir='ltr'><strong><em>Jac.</em></strong></span> <span class='ocrx_word' id='word_1_890' title='bbox 1149 5685 1221 5733; x_wconf 84' lang='lat' dir='ltr'><strong><em>tv,</em></strong></span> <span class='ocrx_word' id='word_1_891' title='bbox 1253 5668 1306 5721; x_wconf 74' lang='lat'><strong><em>6.</em></strong></span> <span class='ocrx_word' id='word_1_892' title='bbox 1380 5669 1424 5700; x_wconf 80' lang='grc'><strong><em>⁷³</em></strong></span> <span class='ocrx_word' id='word_1_893' title='bbox 1462 5668 1694 5740; x_wconf 88' lang='lat' dir='ltr'><strong><em>Philipp.</em></strong></span> <span class='ocrx_word' id='word_1_894' title='bbox 1734 5686 1806 5737; x_wconf 83' lang='grc' dir='ltr'><strong><em>ιι,</em></strong></span> <span class='ocrx_word' id='word_1_895' title='bbox 1843 5674 1894 5727; x_wconf 72' lang='grc' dir='ltr'><strong><em>ες.</em></strong></span> 
     </span>
    </p>
   </div>
   <div class='ocr_carea' id='block_1_117' title="bbox 2047 5668 2275 5740">
    <p class='ocr_par' dir='ltr' id='par_1_117' title="bbox 2060 5672 2275 5728">
     <span class='ocr_line' id='line_1_117' title="bbox 2060 5672 2275 5728; baseline -0.023 0"><span class='ocrx_word' id='word_1_896' title='bbox 2060 5672 2189 5728; x_wconf 79' lang='lat' dir='ltr'><strong><em>ibid.</em></strong></span> <span class='ocrx_word' id='word_1_897' title='bbox 2224 5672 2275 5724; x_wconf 77' lang='grc'>5.</span> 
     </span>
    </p>
   </div>
  </div>
