4062 6208
453 363 561 423 113
1438 359 1495 416 8.
1533 357 1810 415 CYRILLI
1846 356 2014 413 ιιιεὶ

2112 356 2316 416 ωιιιΝι
2347 358 2668 418 ARCHIEP.
3587 362 3690 419 116

444 481 648 535 tat-tum
683 491 806 534 esse
834 483 1177 547 putaremus,
1209 475 1529 533 necessario
1562 489 1760 530 rursus
1792 472 2014 528 divinus

2116 474 2226 547 γὰρ
2278 473 2500 544 ἀγάπης
2534 474 2629 527 καὶ
2678 473 2981 545 όμοψυχίας
3032 475 3088 528 ἐν
3141 474 3450 545 φρονήματι
3482 474 3693 545 γίνεται

441 568 777 639 evangelista
807 567 1037 638 gloriam
1065 576 1122 622 et
1147 572 1472 637 potestatem
1498 563 1621 635 ejus
1647 573 1703 620 et
1723 565 2014 634 imperium

2115 565 2377 637 ταπεινῷ.
2405 568 2523 620 Ἵνα
2563 566 2621 620 δὲ
2669 565 2769 637 τὴν
2797 566 2893 619 τοῦ
2944 568 3266 637 πράγματος
3317 565 3583 637 ὑπόληψιν
3615 570 3694 632 εἰς

441 659 499 714 in
536 673 729 713 omnes
754 658 906 727 prius
932 658 1194 722 miratur,
1226 656 1314 713 his
1340 656 1525 712 verbis
1556 674 1569 710 :
1611 674 1630 707 ι
1661 653 1855 712 Sciens
1885 655 2016 725 quia

441 749 625 804 omnia
660 748 811 804 dedit
848 748 900 804 ei
945 747 1110 804 Pater
1138 748 1196 803 in
1232 763 1448 804 manus.
1481 766 1501 799 ›
1540 746 1804 813 Quamvis
1833 748 2011 811 enim,

442 840 660 911 inquit,
707 854 816 893 non
862 839 1141 910 ignoraret
1180 840 1430 894 omnium
1475 853 1656 893 rerum
1702 837 1908 893 habere
1956 851 2016 899 se

443 937 791 999 potestatem,
816 938 871 986 et
891 946 951 987 se
980 946 1007 985 a
1032 930 1141 987 Deo
1161 931 1387 996 exiisse,
1413 931 1515 986 hoc
1537 942 1644 992 est,
1661 945 1729 985 ex
1760 928 2018 984 substan-

441 1022 518 1075 tia
546 1022 792 1091 genitum
816 1037 941 1077 esse
973 1022 1063 1077 Dei
1095 1036 1160 1076 ac
1192 1021 1392 1086 Patris,
1419 1029 1473 1076 et
1500 1019 1565 1073 ad
1590 1019 1761 1072 Deum
1793 1018 2012 1080 vadere,

444 1112 546 1166 hoc
569 1120 656 1168 est
686 1128 879 1168 rursus
904 1114 960 1168 in
982 1114 1153 1167 cmlos
1177 1114 1399 1174 reverti,
1432 1124 1825 1165 consessurum
1858 1109 2017 1163 nimi-

448 1219 566 1257 rum
589 1219 712 1258 cum
739 1220 840 1259 suo
868 1205 1147 1268 Genitore,
1176 1213 1386 1258 tantam
1419 1212 1602 1257 tamen
1628 1201 2014 1257 demissionem

445 1310 556 1365 prae
602 1310 661 1351 se
708 1297 873 1360 tulit,
919 1305 980 1351 ut
1026 1297 1195 1352 linteo
1241 1295 1573 1365 praecinctus
1616 1292 2013 1363 discipulorum

447 1386 610 1455 pedes
636 1387 889 1442 abluerit.
914 1386 1051 1443 Cum
1080 1390 1245 1457 igitur
1276 1387 1405 1441 hinc
1439 1385 1761 1456 praeclarum
1793 1383 2016 1454 pietatis

446 1481 752 1550 exemplum
798 1490 852 1534 et
891 1479 1209 1536 dilectionis
1260 1487 1461 1532 mutuae
1492 1478 1783 1549 imaginem
1812 1474 2015 1531 habea-

446 1585 570 1627 mus
590 1611 605 1634 ,
638 1572 883 1628 modeste
914 1572 983 1628 de
1008 1572 1170 1627 nobis
1195 1571 1500 1627 sentiamus
1521 1610 1536 1634 ,
1569 1567 1882 1624 charissimi
1905 1604 1921 1629 ,
1961 1573 2016 1621 et

446 1663 748 1733 majoribus
779 1667 1160 1737 praerogativis
1199 1666 1395 1721 fratres
1433 1663 1686 1735 praeditos
1718 1669 1972 1730 putemus
1998 1700 2015 1726 ,

445 1756 695 1825 quamvis
745 1756 881 1811 boni
928 1757 1125 1812 simus.
1166 1756 1279 1812 Hoc
1323 1757 1470 1811 enim
1517 1764 1575 1808 ut
1622 1753 1925 1807 sentiamus
1963 1757 2018 1804 et

444 1844 678 1902 velimus
711 1862 967 1919 magnum
998 1848 1149 1903 istud
1178 1847 1486 1917 exemplum
1519 1860 1617 1899 nos
1651 1843 1842 1913 adigit.

2117 656 2249 726 ὕψος
2277 657 2447 730 ἐξάρῃ
2479 657 2645 728 μέγα,
2680 658 2776 710 καὶ
2798 660 2927 728 μήτι
2969 658 3076 711 τῶν
3109 656 3378 728 τυχόντων
3406 658 3691 730 δεδρᾶσθαι

2114 749 2427 821 νομίσωμεν
2456 748 2607 820 παρὰ
2631 747 3073 819 Χριστοῦ,πᾶλιν
3102 748 3414 817 ἀναγκαίως
3446 750 3476 801 6
3497 748 3691 803 θεσπέ⁶

2116 861 2232 908 σιυς
2261 844 2651 915 εύαγγελιστὴς
2715 842 3259 916 προκαταπλήττεται
3319 842 3416 914 τὴν
3468 843 3705 898 ἐνοῦσαν.

2115 935 2265 1005 αὐτῷ
2292 935 2450 999 δόξαν
2505 953 2563 988 τε
2621 936 2717 989 καὶ
2750 936 3020 1000 ἐξουσίαν,
3084 936 3178 989 καὶ
3208 937 3270 988 τδ
3301 936 3443 1013 κρτά
3475 936 3696 990 πάντων

2115 1042 2148 1077 κ
2157 1026 2334 1095 ράτος,
2347 1025 2415 1077 δι’
2424 1019 2497 1078 ὧν
2509 1043 2580 1095 φη
2590 1043 2692 1094 σιν,
2704 1046 2722 1076 ι
2735 1024 2922 1090 Εἰδὼς,
2936 1027 3015 1079 ὃτι
3029 1025 3203 1078 πάντα
3219 1025 3534 1097 παρέδωκεν
3546 1025 3694 1098 αὐτῷ

2114 1118 2143 1169 6
2194 1117 2383 1188 Πατὴρ
2434 1119 2515 1179 εἰς
2543 1118 2642 1181 τὶς
2680 1121 2889 1189 χεῖρας.
2920 1137 2939 1167 ι
2972 1117 3168 1170 Καίτοι
3199 1115 3326 1186 γὰρ,
3369 1115 3557 1185 φησιν,
3591 1117 3693 1170 οὑκ

2113 1203 2422 1274 ήγνοηκὼς,
2482 1206 2563 1257 ὅτι
2620 1207 2838 1259 πάντων
2892 1204 3004 1274 ἔχοι
3032 1206 3131 1274 τὴν
3183 1203 3450 1270 ἐξουσίαν,
3492 1205 3583 1256 καὶ
3612 1205 3693 1258 ὅτι

2115 1294 2225 1347 ἀπὸ
2264 1294 2401 1348 Θεοῦ
2431 1295 2677 1366 ἐξῆλθεν,
2723 1296 2867 1349 τοῦτ’
2908 1296 3076 1360 ἐστιν,
3102 1297 3166 1350 ἐκ
3197 1296 3296 1367 τῆς
3329 1295 3517 1360 οὐσίας
3538 1298 3691 1364 ἐγεν-

2115 1385 2254 1456 νήθη
2286 1386 2379 1440 τοῦ
2417 1387 2554 1441 Θεοῦ
2606 1388 2701 1441 καὶ
2754 1388 2987 1458 ΙΙατρὸς,
3018 1388 3112 1441 καὶ
3145 1387 3282 1458 πρὸς
3309 1386 3441 1440 Θεὸν
3470 1386 3689 1455 ὑπάγει,

2115 1478 2260 1532 τοῦτ’
2294 1478 2431 1542 ἐστι,
2490 1480 2653 1533 πάλιν
2692 1480 2905 1549 ἀνίησιν
2934 1482 3013 1544 εἰς
3039 1480 3320 1550 οὐρανοὺς,
3360 1478 3691 1548 συνεδρεύων

2114 1566 2355 1637 δηλονότι
2407 1567 2486 1638 τῷ
2539 1567 2653 1639 ίδίῳ
2703 1569 3012 1640 Γεννήτορν,
3053 1566 3321 1638 τοσαύτην
3362 1566 3569 1637 ὑπέστη
3594 1566 3693 1638 τὴν

2114 1657 2467 1723 ταπείνωσιν,
2531 1659 2607 1723 ὡς
2658 1660 2851 1730 λεντίῳ
2897 1661 2995 1731 μὲν
3034 1658 3424 1725 διαζώσασθαι,
3482 1659 3592 1712 τῶν
3635 1659 3693 1713 δέ

2120 1750 2376 1822 μαθητῶν
2422 1752 2701 1818 ἀπονίζειν
2760 1755 2887 1818 τοὺς
2947 1753 3136 1818 πόδας.
3198 1754 3452 1824 Ἔχοντες
3511 1752 3692 1806 τοίνυν

2052 1839 2091 1892 Β
2120 1834 2377 1897 ἐντεῦθεν
2420 1845 2642 1916 ἄριστον
2682 1847 2784 1918 τῆς
2834 1846 3122 1908 εὐλαϐείας
3161 1844 3547 1915 ὑπογραμμὸν,
3595 1844 3692 1898 καὶ

442 1938 544 2011 τῆς
578 1942 655 2005 είς
714 1942 977 2012 ἀλλήλους
1030 1943 1253 2013 ἀγάπης
1314 1938 1789 2012 περιφανεστάτην
1840 1935 2043 1998 εἰκόνα,
2086 1936 2281 2007 μέτρια
2318 1940 2418 2010 μὲν
2482 1941 2791 2011 φρονῶμεν,
2835 1938 3129 2009 ἀγαπητοὶ,
3174 1936 3437 2008 ἡγώμεθα
3475 1935 3533 1989 δὲ
3566 1935 3692 2000 τοὺς

444 2032 705 2103 ἀδελφοὺς
730 2036 798 2088 τὰ
832 2034 1003 2106 μείζω
1042 2034 1339 2106 κεκτῆσθαι
1377 2033 1484 2087 τῶν
1511 2034 1569 2086 ἐν
1600 2033 1732 2102 ἡμῖν
1769 2027 2276 2097 πλεονεκτημάτων,
2323 2032 2425 2087 κᾶν
2471 2033 2807 2105 ὑπάρχωμεν
2852 2033 3069 2103 ἀγαθοί.
3136 2031 3308 2086 Τοῦτο
3373 2029 3483 2101 γάρ
3548 2030 3692 2101 ἡμᾶς

443 2127 472 2179 6
503 2125 675 2194 μέγας
703 2120 857 2190 οὗτος
879 2127 1243 2198 ὑπογραμμὸς
1292 2124 1578 2178 ἀναπείθει
1604 2124 1820 2193 φρονεῖν
1841 2138 1899 2173 τε
1923 2121 2016 2173 καὶ
2055 2118 2359 2190 βούλεσθαι.

512 2217 667 2280 XIII,
712 2219 825 2275 6-8.
875 2219 1026 2274 Venit
1063 2237 1184 2287 ergo
1225 2219 1293 2272 ad
1339 2218 1609 2272 Simonem
1658 2215 1914 2274 Petrum,
1957 2222 2006 2265 et

443 2308 572 2363 dicit
613 2311 660 2364 ei
714 2310 905 2365 Petrus
954 2328 971 2365 :

444 2398 727 2469 Respondit
749 2400 938 2467 Iesus,
976 2412 1025 2456 et
1055 2402 1190 2457 dixit
1221 2398 1380 2471 722
1412 2402 1461 2455 ei
1487 2417 1507 2456 :
1540 2398 1693 2465 Quod
1727 2415 1817 2468 ego
1848 2397 2012 2464 facio,

446 2498 503 2542 tu
526 2492 693 2545 nescis
735 2491 908 2553 modo,
949 2492 1078 2544 scies
1108 2500 1284 2544 autem
1304 2500 1505 2559 postea.
1532 2488 1676 2542 Dicit
1699 2489 1747 2542 ei
1777 2487 1969 2541 Petrus
1996 2501 2014 2539 :

447 2577 572 2634 Non
610 2580 809 2636 lauabis
849 2582 978 2635 mihi
1018 2582 1171 2651 pedes
1219 2582 1274 2634 iu
1320 2590 1595 2635 wternum.
1650 2579 1934 2650 Respondit
1971 2578 2021 2634 ei

442 2673 623 2731 Iesus.

513 2764 919 2820 Ferventiorem
954 2766 1178 2833 ubique,
1211 2771 1268 2818 ut
1296 2763 1461 2818 verbo
1486 2762 1691 2825 dicam,
1713 2760 1862 2817 Petri
1897 2761 2017 2815 ani-

444 2866 596 2912 mitm
635 2865 689 2912 et
721 2856 789 2911 ad
819 2856 1076 2927 pietatem
1110 2854 1286 2925 magis
1314 2868 1381 2923 ac
1414 2854 1587 2924 magis
1616 2852 2013 2907 inﬂammatum

442 2949 632 3003 videre
665 2947 813 3002 licet.
836 2946 1044 3002 Idcirco
1078 2960 1282 3000 morem
1308 2955 1361 3000 et
1383 2945 1835 3001 consuetudinem
1856 2958 2011 3000 suam

2178 2218 2443 2285 Ἔρχεται
2463 2214 2576 2275 οὖν
2593 2236 2679 2286 εις
2702 2221 2937 2289 Σίμωνα
2958 2220 3198 2287 Πέτρον,
3224 2218 3320 2272 καὶ
3342 2218 3502 2289 λέγει
3533 2218 3693 2285 αὐτῷ

1034 2310 1272 2373 Domine,
1333 2320 1387 2362 tu
1440 2308 1567 2361 mihi
1621 2306 1767 2360 lavas
1810 2304 2011 2375 pedes?

2112 2311 2347 2379 Hérpoc'
2379 2312 2577 2380 Κύριε,
2605 2312 2687 2366 σύ
2712 2329 2831 2381 μου
2861 2313 3090 2379 νίπτεις
3122 2312 3265 2378 τοὺς
3299 2313 3525 2379 πόδας;
3565 2313 3692 2366 Ἁπ-

2109 2404 2313 2471 εκρίθη
2354 2403 2601 2471 Ἰησοῦς,
2650 2404 2747 2459 καὶ
2796 2402 2967 2459 εἷπεν
3019 2403 3208 2470 αὐτῷ·
3246 2406 3307 2457 ’0
3352 2404 3465 2474 ἐγὼ
3519 2404 3690 2469 ποιῶ,

2114 2494 2196 2547 σὺ
2232 2496 2343 2548 οὐκ
2378 2491 2545 2561 οἶδας
2575 2494 2725 2563 ἄρτι,
2764 2494 2966 2565 γνώσῃ
3000 2494 3068 2549 δὲ
3097 2494 3246 2564 μετὰ
3288 2495 3493 2549 ταῦτα.
3521 2496 3691 2564 Λέγει

2115 2585 2274 2651 αὐτῷ
2310 2586 2530 2655 Πέτρος
2554 2606 2565 2618 ·
2598 2589 2680 2640 Οὐ
2716 2586 2796 2656 μὴ
2829 2590 3016 2656 νίψῃς
3052 2587 3196 2654 τοὺς
3234 2586 3425 2654 πόδας
3463 2604 3580 2657 μου
3605 2588 3693 2655 είς

2114 2676 2223 2729 τὸν
2252 2675 2456 2732 αίῶνα.
2492 2679 2797 2747 Ἀπεκρίθη
2832 2677 2992 2743 αὐτῷ
3024 2681 3057 2733 ό
3088 2678 3346 2746 Ἰησοῦς.

2184 2766 2525 2841 Θερμότερόν
2555 2786 2672 2833 πως
2712 2770 2799 2823 ἀεὶ
2849 2768 2943 2823 τοῦ
2979 2769 3185 2841 Πέτρου
3233 2769 3295 2822 τὸ
3332 2767 3557 2840 κίνημα,
3597 2766 3693 2822 καὶ

2115 2857 2250 2932 πολὺ
2276 2861 2598 2930 γοργότερον
2625 2862 2705 2926 είς
2742 2860 3045 2924 εὐλάϐειαν,
3083 2859 3357 2932 θεωρήσαι
3403 2877 3488 2924 τις
3530 2859 3595 2913 ἂν
3634 2860 3693 2912 ἐν

2111 2931 2273 3014 ὃλόῖς,
2301 2950 2377 3015 ὡς
2405 2951 2535 3015 ἐπος
2564 2953 2757 3017 εἰπεῖν,
2796 2953 2910 3015 τοῖς
2949 2931 3362 3023 συγγράμμασι.
3403 2950 3696 3021 Τοιγάρτοι

444 3049 707 3104 secutus,
753 3038 1098 3109 disciplinam
1142 3037 1287 3092 hanc
1330 3053 1560 3092 summie
1602 3036 1932 3091 humilitatis
1960 3045 2014 3091 et

2112 3042 2207 3096 καὶ
2234 3042 2327 3097 νῦν
2378 3042 2489 3098 ἔθει
2536 3042 2614 3115 τῷ
2665 3044 2781 3116 ίδίῳ
2834 3043 3310 3114 κατακολουθήσας
3358 3043 3451 3096 καὶ
3484 3042 3691 3114 τρόπῳ,

446 3130 735 3187 charitatis
765 3146 926 3202 quam
962 3136 1243 3192 servaret,
1287 3129 1514 3200 abiicit,
1564 3141 1746 3183 meme
1794 3126 2011 3197 quidem

2116 3134 2177 3187 τὸ
2214 3136 2553 3205 σεσωσμένον
2589 3136 2653 3208 δὴ
2690 3134 2847 3190 τοῦτο
2877 3137 2979 3207 τῆς
3010 3137 3090 3201 είς
3134 3136 3301 3208 ἀκρον
3330 3134 3570 3206 ἡκούσης
3596 3151 3693 3188 τα·-

443 3232 705 3292 repntans
736 3193 962 3293 quinam
993 3232 1139 3278 esset
1172 3222 1291 3292 ipse
1315 3193 1533 3283 natura,
1562 3229 1615 3275 et
1641 3221 1766 3290 quis
1798 3193 1888 3275 ille
1919 3220 2013 3290 qui

2118 3193 2546 3300 πεινοφροσύνης
2567 3193 2653 3283 τε.
2678 3230 2771 3283 καὶ
2812 3193 3032 3298 ἀγάπης
3070 3193 3407 3298 ἶπαρῶθείτίιι

445 3314 643 3384 pelvim
696 3313 997 3383 aderebat,
1041 3329 1106 3370 ac
1153 3314 1343 3368 fatuuli
1385 3328 1584 3367 munus
1630 3312 1859 3382 implere
1905 3328 2013 3366 non

446 3391 802 3464 detrectabat.
840 3407 952 3464 Nec
982 3408 1128 3463 enim
1166 3406 1519 3463 mediocriter
1552 3420 1676 3461 eum
1721 3403 1904 3459 turbat
1929 3418 2015 3459 res

446 3500 839 3571 propemodum
900 3499 1272 3564 incredibilis,
1317 3498 1444 3552 licet
1488 3498 1783 3552 multorum
1838 3495 2043 3552 oculis

446 3593 875 3661 conspiceretur.
907 3588 1041 3656 Quis
1072 3591 1217 3643 enim
1244 3604 1351 3643 non
1390 3589 1770 3643 exhorruisset
1791 3588 2015 3643 discens

445 3698 570 3737 eum
621 3682 714 3752 qui
746 3698 852 3736 una
897 3698 1020 3736 cum
1076 3681 1236 3737 Patre
1289 3680 1557 3737 Dominus
1598 3693 1685 3737 est
1738 3681 2012 3744 universi,

448 3774 586 3830 adeo
617 3775 984 3830 miserabilem
1019 3790 1149 3845 erga
1184 3789 1315 3830 suos
1344 3773 1647 3843 discipulos
1684 3773 2011 3827 servitutem

447 3881 557 3935 pra:
576 3881 635 3922 se
660 3867 876 3930 tulisse,
911 3875 969 3920 nt
995 3866 1138 3936 quod
1170 3867 1312 3920 inter
1336 3880 1525 3920 servos
1558 3875 1893 3934 postremum
1934 3863 2015 3916 lo-

446 3971 571 4011 cum
587 3966 755 4020 tenet,
778 3958 879 4012 hoc
917 3957 1282 4013 libentissime
1302 3955 1479 4011 facere
1500 3955 1753 4017 voluerit,
1770 3954 2011 4023 seipsum

447 4048 502 4103 in
549 4050 857 4119 exemplum
888 4056 943 4104 et
980 4056 1168 4120 typum
1212 4049 1443 4118 spiritus
1482 4048 1712 4102 humilis
1747 4045 2016 4100 tradens?

446 4137 635 4196 Metuit
663 4155 793 4210 ergo
825 4140 1127 4211 discipulus
1158 4149 1321 4195 tanta:
1355 4140 1432 4197 rei
1467 4141 1713 4211 pondus,
1760 4146 1814 4194 et
1846 4138 2016 4192 usita-

447 4237 558 4284 tam
593 4246 659 4285 ac
718 4230 1043 4287 familiarem
1106 4231 1212 4287 sibi
1270 4230 1631 4286 reverentiam
1666 4237 2011 4299 praetexens,

446 4333 701 4378 recusat:
727 4322 926 4393 quippe
952 4338 1074 4376 cum
1108 4321 1349 4376 nondum
1369 4322 1447 4377 rei
1480 4336 1704 4377 causam
1737 4321 2014 4392 cognitam

2114 3319 2200 3383 τίς
2235 3320 2335 3391 μὲν
2390 3320 2552 3385 αὐτὸς
2597 3322 2681 3392 εἴη
2727 3321 2868 3376 κατά
2925 3320 3087 3391 φύσιν
3134 3321 3361 3384 ἐννοῶν,
3420 3320 3503 3384 τίς
3542 3319 3587 3374 δ’
3620 3314 3690 3373 αὖ

2117 3410 2279 3465 πάλιν
2322 3413 2350 3465 ὁ
2386 3412 2477 3466 τὸν
2518 3413 2754 3484 νιπτῆρα
2802 3412 3195 3484 παρακομίζων
3256 3411 3426 3482 αύτῷ,
3470 3412 3562 3465 καὶ
3592 3410 3692 3483 τήν

2115 3503 2326 3557 οἰκέτου
2357 3504 2543 3573 χρείαν
2582 3503 2933 3575 ἀποπληροῦν
2983 3504 3043 3557 ού
3085 3503 3537 3577 παραιτούμενος.
3588 3502 3692 3556 Θο-

2117 3593 2274 3665 ρυϐεῖ
2301 3594 2408 3666 γὰρ
2438 3595 2497 3647 οὑ
2549 3594 2783 3664 μετρίως
2830 3594 2991 3649 αὑτὸν
3037 3593 3413 3666 άπαράδεκτόν
3455 3609 3572 3656 πως
3612 3594 3693 3657 είς

2116 3687 2298 3738 πίστιν
2343 3685 2585 3754 ὑπάρχον
2631 3685 2690 3738 τὸ
2728 3687 2981 3757 πρᾶγμα,
3016 3685 3111 3740 καὶ
3162 3687 3211 3738 εί
3262 3683 3477 3748 πολλοῖς
3520 3683 3693 3756 ὁρῷτο

2114 3778 2274 3847 τυχὸν
2314 3776 2629 3846 ὀφθαλμοῖς.
2662 3778 2755 3842 Τίς
2783 3777 2891 3851 γάρ
2924 3778 2989 3832 ἂν
3025 3779 3128 3831 οὑκ
3165 3777 3350 3848 ἔφριξε
3386 3776 3591 3849 μαθὼν,
3617 3775 3694 3839 ὡς

2114 3870 2143 3921 6
2173 3867 2279 3921 τῶν
2313 3870 2449 3922 ὅλων
2485 3870 2624 3940 μετά
2669 3871 2881 3942 Πατρὸς
2915 3870 3174 3942 ὑπάρχων
3223 3869 3443 3942 Κύριος,
3478 3871 3693 3935 οἰκτρο-

2115 3957 2282 4028 τάτην
2315 3957 2456 4011 οὕτω
2495 3957 2594 4028 τὴν
2653 3956 2893 4011 δουλείαν
2933 3958 3069 4029 πρὸς
3102 3958 3226 4020 τοὺς
3276 3954 3471 4010 ἑαυτοῦ
3520 3953 3693 4025 μαθη-

2114 4050 2213 4113 τὰς
2244 4051 2572 4117 ἐπεδείξατο,
2613 4050 2692 4113 ,ὼς
2721 4051 2814 4104 καὶ
2864 4051 3001 4122 ὅπερ
3044 4045 3182 4103 εἶναι
3217 4049 3365 4102 δοκεῖ
3396 4046 3547 4121 παρά
3578 4048 3692 4108 τοῖς

2114 4143 2352 4206 οἰκέταις
2378 4143 2475 4213 τὴν
2504 4142 2739 4213 ἐσχάτην
2783 4141 2974 4213 ἐπέχον
3014 4141 3187 4208 τάξιν,
3233 4139 3393 4193 τοῦτο
3418 4139 3512 4193 καὶ
3548 4136 3695 4208 μάλα

2116 4231 2411 4303 προθύμως
2442 4233 2691 4304 ἐθελῆσαι
2722 4233 2854 4305 δρᾷν
2886 4231 3067 4296 αὐτὸν,
3103 4233 3183 4296 είς
3210 4228 3571 4301 ὑπογραμμὸν
3600 4227 3694 4281 καὶ

2114 4324 2283 4378 τύπον
2316 4325 2535 4396 μετρίου
2584 4326 2963 4396 φρονήματος;
3000 4324 3147 4378 Δέδιε
3197 4322 3483 4394 τοιγαροῦν
3532 4324 3560 4375 ό
3604 4320 3693 4373 θε-

447 4413 663 4475 habeat,
699 4411 988 4467 Dominqu
1019 4413 1223 4482 aliquid
1255 4422 1457 4468 temere
1487 4429 1647 4482 agere
1679 4421 1832 4481 putat
1856 4453 1871 4475 ,
1915 4429 2014 4468 nec

2119 4415 2338 4478 σπέσιος
2391 4415 2636 4486 μαθητὴς
2676 4415 2736 4469 τὸ
2781 4418 2846 4469 ἐκ
2890 4415 2985 4469 τοῦ
3033 4415 3353 4485 πράγματος
3383 4413 3564 4484 ἄχθος.
3598 4410 3693 4465 καὶ

447 4504 595 4567 aliud
629 4506 682 4559 in
712 4506 897 4558 animo
925 4504 1145 4569 habere,
1178 4518 1341 4572 quam
1378 4513 1437 4556 ut
1470 4506 1719 4572 corporis
1746 4505 2014 4559 duntaxat

2119 4507 2217 4575 τῆς
2247 4506 2509 4577 συνήθους
2540 4506 2633 4560 καὶ
2662 4507 3029 4577 τετριμμένης
3060 4505 3345 4569 εὐλαεείας
3379 4503 3527 4574 αὑτῷ
3558 4518 3692 4573 καρ-

444 4597 683 4666 quietem
724 4595 805 4651 eis
835 4594 1157 4650 conciliaret
1195 4610 1211 4648 :
1260 4594 1458 4663 pedum
1486 4594 1629 4648 enim
1666 4596 1874 4650 ablutio
1909 4597 2013 4650 ali-

2119 4598 2218 4651 πὸν
2261 4601 2491 4651 ποιεῖται
2537 4598 2635 4668 τὴν
2665 4599 3026 4671 παραίτησιν,
3075 4598 3252 4660 συνεὶς
3299 4596 3355 4648 δὲ
3396 4594 3549 4650 οὗπω
3592 4594 3690 4662 τὴν

446 4688 769 4759 quantulum
799 4687 1012 4742 relaxat
1048 4694 1102 4741 et
1129 4685 1355 4741 resolvit
1392 4686 1795 4741 distensionem
1835 4701 1899 4741 ex
1933 4688 2014 4742 in-

2112 4689 2288 4743 αἰτίαν
2320 4689 2411 4742 τοῦ
2444 4689 2785 4761 πράγματος,
2830 4689 2998 4743 οἴεταί
3044 4706 3096 4742 τι
3144 4689 3275 4759 δρᾷν
3308 4687 3428 4756 εἰκῆ
3458 4686 3549 4739 τὸν
3578 4684 3690 4737 Κύ-

445 4795 607 4835 cessu
649 4785 847 4833 ortam.
888 4777 1127 4847 Ideoque
1170 4778 1444 4832 ferventer
1486 4777 1780 4832 admodum
1824 4777 2013 4847 prohi-

2113 4798 2245 4847 ptov,
2291 4782 2386 4836 καὶ
2418 4781 2579 4853 ψιλὴν
2615 4781 2797 4845 αὐτοῖς
2835 4780 2928 4834 τοῦ
2979 4780 3225 4849 σώματος
3273 4779 3557 4848 ἐπινοῆσαι
3587 4778 3686 4844 τὴν

446 4874 642 4939 hehat,
684 4871 875 4927 dicens
907 4891 919 4923 :
973 4889 993 4923 ι
1029 4869 1285 4935 Domine,
1313 4878 1370 4924 tu
1403 4870 1534 4925 mihi
1566 4870 1718 4925 latas
1752 4870 1956 4940 pedes?
1989 4890 2007 4923 ι

2112 4872 2411 4927 ἀνάπαυσιν
2431 4891 2444 4903 ·
2480 4873 2541 4926 τὸ
2568 4874 2675 4945 γὰρ
2718 4870 3067 4936 ἀπονίζεσθαι
3098 4871 3224 4932 τοὺς
3257 4869 3421 4931 πόδας
3448 4866 3688 4921 συντελεῖ

451 4960 675 5018 Dereret
713 4962 883 5025 enim,
939 4962 1151 5032 inquit,
1195 4961 1417 5017 deceret
1457 4977 1558 5017 nos
1593 4973 1789 5017 natura
1821 4979 2013 5019 servos

448 5055 499 5109 id
531 5053 739 5118 facere,
776 5067 884 5106 non
927 5058 978 5105 te
1007 5051 1388 5106 universorum
1427 5050 1741 5106 Dominum.
1775 5050 1880 5107 Sed
1913 5068 2011 5105 ex-

444 5146 801 5216 plicationem
844 5144 921 5199 rei
966 5142 1220 5198 Christus
1257 5142 1479 5213 quidem
1512 5143 1691 5198 differt
1730 5144 1783 5198 in
1809 5160 2013 5214 oppor-

445 5244 639 5289 tunum
670 5245 905 5305 tempus,
939 5234 1184 5304 adeoque
1209 5249 1316 5288 non
1344 5233 1465 5290 sine
1488 5235 1809 5304 gravissima
1844 5250 2013 5290 causa

446 5327 651 5381 factum
676 5325 729 5380 id
759 5328 830 5380 ah
866 5341 931 5381 eo
964 5326 1203 5396 posthaec
1234 5326 1479 5395 agnitum
1518 5325 1585 5379 iri
1614 5326 1722 5391 ait,
1762 5342 1887 5381 cum
1926 5326 2013 5380 ni-

447 5419 644 5472 mirum
680 5432 797 5472 eam
837 5431 949 5471 rem
986 5418 1203 5487 planius
1231 5425 1489 5486 exponet.
1526 5416 1695 5471 Porro
1738 5434 1846 5472 non
1895 5434 2009 5472 me—

445 5506 692 5563 diocrem
724 5507 1015 5562 utilitatem
1041 5508 1241 5563 isthinc
1266 5509 1429 5563 etiam
1464 5524 1565 5563 nos
1592 5524 1698 5563 una
1734 5523 1856 5565 cum
1886 5511 2010 5567 aliis

2112 4982 2230 5028 πως
2278 4968 2359 5028 είς
2411 4964 2587 5031 τοῦτο,
2638 4965 2735 5018 καὶ
2787 4964 3022 5035 μετρίως
3067 4961 3315 5031 άποχαλᾷ
3348 4960 3445 5029 τὴν
3479 4961 3543 5011 ἐκ
3589 4957 3683 5010 τοῦ

2114 5052 2437 5124 βαδίσματος
2464 5053 2618 5107 τάσιν
2653 5055 2750 5124 (ί).
2787 5052 2885 5105 Διά
2909 5051 3067 5105 τοῦτο
3099 5050 3192 5104 καὶ
3225 5048 3427 5118 σφόδρα
3466 5045 3686 5118 θερμῶς

2112 5144 2345 5214 ἐνείργει
2391 5144 2598 5210 λέγων·
2639 5161 2658 5194 ι
2695 5142 2885 5214 Κύριε,
2914 5140 2978 5195 σύ
3036 5158 3137 5213 μου
3189 5139 3394 5201 νίπτεις
3426 5137 3553 5199 τοὺς
3592 5135 3686 5188 πό-

2110 5235 2204 5298 δας
2230 5251 2244 5299 ;
2285 5255 2303 5288 ι
2335 5234 2482 5288 Ἔδει.
2510 5234 2638 5306 γὰρ,
2667 5234 2793 5298 ἔδει,
2825 5235 2979 5305 φησὶ,
3010 5235 3135 5297 τοὺς
3183 5230 3324 5285 κατά
3361 5229 3521 5299 φύσιν
3549 5226 3688 5280 οίκέ-

2110 5342 2209 5387 τας
2238 5325 2393 5377 τοῦτο
2420 5325 2679 5394 πράττειν
2705 5326 2872 5395 ἡμᾶς,
2901 5324 3022 5395 οὐχὶ
3066 5322 3127 5377 σὲ
3164 5321 3255 5375 τὸν
3282 5322 3536 5375 ἀπάντων
3570 5318 3686 5371 Κύ-

2118 5435 2249 5488 ριον.
2296 5418 2434 5471 Ἀλλ’
2462 5417 2808 5488 ὑπερτίθεται
2846 5416 2943 5486 μὲν
2983 5415 3076 5468 τοῦ
3114 5414 3438 5484 πράγματος
3473 5410 3571 5480 τὴν
3600 5405 3686 5471 ἐξ·

2115 5511 2311 5580 ήγησιν
2349 5513 2426 5576 εἰς
2465 5510 2656 5583 καιρὸν
2680 5513 2709 5564 6
2744 5507 2994 5580 Χριστὸς,
3040 5507 3122 5560 ὅτι
3158 5522 3220 5575 γε
3252 5504 3359 5575 μὴν
3392 5500 3684 5569 ἀξιολογω-

516 5706 592 5771 (l)
630 5703 846 5777 Editum
873 5714 988 5763 erat
1017 5706 1223 5773 στάσιν,
1250 5714 1301 5761 et
1333 5705 1620 5777 interpres,
1664 5703 1863 5760 Pedum
1900 5706 2037 5761 enim
2077 5707 2275 5766 ablatio
2319 5713 2371 5767 in
2406 5710 2501 5766 hoc
2535 5710 2799 5776 conducit,
2827 5719 2876 5764 et
2903 5708 3057 5764 lassis
3084 5706 3147 5761 de
3182 5706 3265 5760 via
3320 5702 3541 5774 quietem
3589 5713 3681 5752 ar-

447 5790 530 5831 ces
550 5781 624 5829 .it.
658 5776 807 5830 Eon.
