4062 6208
351 299 458 356 Il?
1414 315 1482 374 IN
1520 317 1809 379 JOANNIS
1846 323 2301 388 EVANGELIUM
2344 329 2472 387 LIB.
2511 331 2603 391 IX.
3511 341 3542 397 ί
3547 341 3612 397 I8

338 418 509 525 τέραν
544 419 661 525 ἔχοι
703 422 803 495 τὴν
827 427 1042 525 αἰτίαν,
1075 431 1139 486 τὸ
1168 435 1301 505 παρ’
1337 434 1504 492 αὐτοῦ
1533 440 1757 510 γεγονὸς
1804 459 1904 497 συν

2000 496 2001 501 η
2033 456 2391 518 percepturos
2433 450 2530 506 ait.
2579 448 2715 506 Vide
2748 452 2895 507 enim
2924 468 3034 523 quo
3060 461 3219 523 pacto
3261 463 3503 525 tempore
3540 459 3609 509 ad

340 508 497 617 ήσειν
525 512 667 617 (μησὶ
709 514 851 617 μετά
887 517 1083 584 ταῦτα,
1129 523 1260 579 ὅταν
1302 508 1553 599 δηλονότι
1582 508 1904 605 πλατυτέραε

2024 554 2165 611 opus
2189 554 2426 600 vocante
2454 558 2766 600 sermonem
2795 544 3036 613 differat,
3064 553 3120 602 et
3147 562 3341 604 rursus
3368 557 3611 617 tempore

344 600 474 708 περὶ
501 601 668 703 αῦτοῦ
700 609 933 708 ποιεῖται
976 611 1076 685 τὴν
1112 613 1393 688 ἐξήγησιν.
1434 620 1645 693 Ὀνήσει
1697 623 1754 677 δὲ
1805 600 1904 679 λίαε

2023 630 2088 685 ad
2123 647 2435 690 sermonem
2471 635 2759 695 incitante.
2783 638 2851 697 ab
2881 636 3096 708 agendo
3120 636 3372 692 desistat.
3399 637 3607 692 Cuncta

341 690 439 798 ἰαὶ
471 690 647 798 τοῦτο.
678 696 845 751 πάλιν
876 701 1025 773 ἡμᾶς
1052 705 1192 773 μετά
1233 707 1342 762 τῶν
1383 690 1559 764 ἄλλων
1591 713 1652 766 οὺ
1688 714 1902 787 μικρῶς

2021 721 2169 776 enim
2216 725 2562 794 temporibus
2590 726 2854 798 congruis
2886 728 3185 782 tribuebat.
3234 726 3398 781 Petro
3444 726 3608 797 igitur

341 777 452 890 θέα
484 781 769 890 γάριδπρις
823 792 1015 863 καιροῦ
1068 795 1352 863 καλοῦντος
1402 801 1485 865 είς
1534 777 1715 874 ἔργον,

2019 824 2286 870 renuente
2309 777 2364 870 ert
2392 826 2583 887 aperte
2613 777 2843 890 neg'ante
2872 819 3035 890 pedes
3058 820 3160 874 sibi
3186 819 3253 874 ab
3273 834 3338 874 eo
3361 777 3604 872 αωιῖιυιιι

338 871 666 972 τίθεταιᾼτὸν
688 879 866 972 λόγον.
901 886 1094 957 καιροῦ
1135 887 1180 941 δ’
1207 885 1274 944 αὖ
1305 892 1470 947 πάλιν
1500 871 1811 963 ἐπείγοντος
1841 871 1904 962 sit

2021 903 2090 958 iri
2139 904 2193 959 in
2239 914 2542 972 aeternum,
2585 909 2843 965 damnum
2891 911 3018 968 binc
3068 914 3313 967 futurum
3348 909 3597 965 Servatur

336 960 496 1065 λόγον
540 968 828 1027 ἀναδύεται
860 975 921 1029 τὺ
965 976 1115 1049 δρᾷν.
1146 980 1329 1036 Πάντα
1375 983 1483 1055 γάρ
1524 960 1738 1058 καιροῖς
1784 960 1904 1041 ἀποέ

2024 994 2294 1065 explicat.
2335 997 2524 1055 dicens
2554 1018 2567 1055 :

332 1058 518 1168 νέμων
572 1066 708 1168 τοῖς.
736 1068 940 1123 ἐοικόσι
983 1072 1076 1126 καὶ
1121 1073 1417 1146 πρέπουσιν
1457 1073 1545 1151 ἦν.
1584 1080 1959 1148 Ἀνανεύοντος
1993 1058 2172 1141 τοίνυν
2193 1088 2288 1143 τοῦ
2336 1090 2563 1163 Πέτρου,
2629 1093 2722 1147 καὶ
2764 1096 3174 1165 ἀποφάσκοντος
3213 1099 3479 1168 ἐναργῶς.
3503 1093 3601 1144 οὒκ

433 1153 601 1209 αὐτοῦ
629 1157 777 1229 νίψαι
809 1162 938 1227 τοὺς
967 1163 1135 1231 πόδας
1170 1168 1251 1233 είς
1285 1170 1377 1226 τὸν
1437 1172 1631 1240 αίῶνα,
1680 1173 1780 1246 τὴν
1817 1174 2085 1248 ἐσομένην
2132 1180 2336 1244 ζηαίαν
2386 1150 2635 1239 ἐντεῦθεν
2681 1150 2917 1258 φανερὰν
2972 1189 3000 1241 ὁ
3051 1150 3238 1259 Σωέὴρ
3308 1150 3597 1256 καθίστησι

329 1244 509 1315 λέγων
524 1264 539 1278 -

416 1337 554 1399 Ἐὰν
583 1340 672 1410 μὴ
708 1343 867 1413 νίψω
897 1362 991 1416 σε,
1021 1349 1134 1405 οὐκ
1178 1350 1340 1423 ἔχεις
1371 1353 1557 1425 μέρος
1586 1358 1717 1427 μετ’
1751 1356 1921 1428 ἐμοῦ.

401 1512 576 1609 Ὅσονῄ
606 1517 710 1588 μὲν
737 1514 832 1578 οῦν
873 1517 1008 1595 ἦκεν
1050 1527 1130 1591 είς
1166 1527 1259 1582 τὸν
1290 1529 1507 1605 ἐμφανῆ
1547 1533 1644 1589 καὶ
1695 1537 1919 1609 πρόχει-

332 1622 428 1676 ρον
481 1605 578 1662 τοῦ
639 1614 1006 1683 προκειμένου
1060 1620 1281 1686 σκοπὸν,
1314 1623 1376 1676 El
1431 1624 1506 1696 μὴ
1564 1605 1909 1695 καταδέξαιο,

2091 1359 2252 1431 723
2284 1359 2424 1429 XIII,
2454 1361 2507 1417 8.
2540 1360 2599 1417 Si
2625 1379 2724 1416 non
2754 1368 2928 1417 lavero
2965 1373 3034 1427 te,
3092 1380 3196 1418 non
3236 1365 3447 1422 habebis
3469 1386 3596 1438 par-

2022 1460 2123 1503 tem
2149 1468 2377 1506 mecum.

2088 1540 2244 1607 Quod
2280 1543 2347 1597 ad
2385 1543 2493 1599 loci
2531 1543 2700 1615 hujus
2724 1544 3079 1600 manifestum
3115 1555 3169 1603 et
3191 1549 3412 1603 obvium
3467 1566 3591 1605 sco-

2014 1646 2147 1702 pum
2177 1635 2398 1699 attinet,
2437 1635 2551 1691 Nisi
2579 1637 2897 1691 inusitatam
2927 1638 3072 1692 hanc
3095 1649 3149 1694 et
3179 1640 3454 1695 insolitam
3489 1643 3592 1695 hu-

326 1697 488 1797 φησι,
511 1699 574 1753 τὸ
598 1698 757 1797 ξένονΔ
777 1702 936 1760 τοῦτο
961 1709 1056 1761 καὶ
1092 1708 1262 1780 ἀηθες
1286 1712 1387 1782 τῆς
1412 1720 1904 1792 ταπεινοφροσύνης

2011 1697 2298 1777 {uilitatem
2335 1725 2622 1789 didiceris,
2650 1727 2850 1797 inquit,
2887 1736 3097 1797 partem
3136 1738 3189 1784 et
3226 1741 3428 1784 sortem
3481 1748 3588 1785 non

328 1789 799 1882 μαθημα,μςρίδα
826 1796 919 1849 καὶ
953 1797 1154 1871 κλῆρον
1185 1802 1285 1857 οὐκ
1307 1802 1373 1857 ἂν
1402 1804 1585 1878 εὕροις
1612 1789 1728 1880 μετ’
1750 1789 1907 1882 ἐμοῦ.

336 1880 944 2005 Ξλτῖειδέἒέπολλλάκις.
974 1890 1421 2005 όξύριοςκήμιῦν
1459 1899 1666 2005 ἷιησοῦς
1703 1903 1733 1957 ὁ
1775 1880 1910 1977 Χρι-
1941 1952 1981 2005 Β

324 1971 473 2062 στδς,
509 1973 603 2027 καὶ
633 1975 837 2046 μικρὰς
876 1977 985 2031 τῶν
1021 1980 1196 2050 λόγων
1231 1983 1414 2041 λαϐὼν
1451 1989 1727 2062 ἀφορμὰς,
1759 1971 1907 2061 γενι-

322 2061 432 2133 κὴν
468 2067 701 2120 ποιεῖται
729 2068 830 2134 τὴν
868 2068 1149 2142 ἐξήγησιν,
1195 2077 1290 2131 καὶ
1331 2080 1412 2143 είς
1445 2061 1646 2147 πλάτος
1670 2085 1905 2150 ἐξέλκων

319 2160 394 2213 τὰ
427 2161 513 2229 ἐφ’
546 2162 669 2227 ἐνὸς
713 2165 1059 2237 πράγματος,
1106 2170 1272 2242 ἤγουν
1316 2173 1397 2238 εἷς
1439 2193 1493 2230 τι
1541 2177 1708 2251 μέρος
1760 2181 1905 2248 ἰδίως

322 2252 627 2324 εἰρημένα,
675 2255 937 2313 πλουσίαν
989 2262 1102 2324 τοῖς
1152 2263 1448 2335 δρωμένοις
1508 2269 1752 2340 εἰσφέρει
1805 2271 1905 2343 τὴν

320 2344 531 2416 δνησιν,
562 2348 859 2419 οἰησόμεθά
890 2366 1009 2414 πως
1058 2353 1163 2409 κάν
1186 2354 1363 2428 τούτῳ
1404 2356 1582 2428 λέγειν
1617 2361 1801 2428 αὑτὸν,
1829 2362 1905 2427 ὠς

320 2437 374 2490 εἰ
401 2438 477 2507 μή
507 2455 594 2501 τις
635 2439 956 2509 ἀπονίψαιτο
996 2441 1085 2497 διά
1128 2444 1222 2515 τῆς
1258 2446 1421 2500 αὐτοῦ
1446 2452 1666 2520 χάριτος
1698 2451 1790 2505 τὸν
1839 2453 1906 2507 ὲκ

318 2526 427 2595 τῆς
458 2527 729 2598 ἁμαρτίας
764 2529 983 2584 καὶτοῦ
1017 2531 1358 2604 πλημμελεῖν
1400 2538 1694 2609 μολυσμὸν,
1738 2542 1904 2613 ἀμέτ-

324 2633 457 2687 οχος
487 2616 641 2673 ἔσται
669 2620 765 2690 τῆς
800 2622 927 2693 παρ’
960 2623 1125 2677 αὐτοῦ
1152 2625 1316 2697 ζωῆς,
1341 2630 1436 2682 καὶ
1462 2630 1560 2702 τῆς
1595 2631 1703 2685 τῶν
1741 2635 1905 2706 οὐρα-

319 2708 437 2762 νῶν
473 2707 746 2779 βασιλείας
772 2710 1033 2781 ἄγευστος
1065 2716 1348 2787 ἀπομενεῖ.
1392 2721 1467 2774 Οὐ
1493 2723 1601 2796 γὰρ
1623 2727 1735 2789 τοῖς
1752 2727 1905 2779 ’ἀκα-

319 2798 544 2874 θάρτοις
566 2803 647 2865 είς
671 2804 768 2868 τὰς
807 2805 922 2860 ἀνω
968 2807 1136 2878 μονάς
1165 2811 1389 2866 εἰσιέναι
1419 2812 1598 2885 θέμις,
1631 2817 1767 2872 ἀλλά
1792 2822 1905 2885 τοῖς

316 2892 413 2947 διὰ
431 2895 530 2965 τῆς
557 2897 637 2960 είς
667 2898 904 2969 Χριστὸν
934 2900 1153 2972 ἀγάπης
1186 2903 1426 2975 καθαρὸν
1468 2906 1649 2976 έχουσι
1688 2909 1749 2963 τὸ
1782 2928 1906 2966 συν-

318 2987 480 3053 ειδὸς,
517 2991 615 3044 καὶ
642 2991 996 3064 ἡγιασμένοις
1042 2995 1101 3049 ἐν
1150 2996 1426 3070 Πνεῦματι
1476 2999 1565 3054 διὰ
1604 3000 1697 3055 τοῦ
1747 3002 1904 3073 ἁγίου

317 3078 719 3151 βαπτίσματος.

394 3172 563 3241 Λέγει
608 3173 768 3240 αὐτῷ
810 3176 1008 3243 Σίμων
1058 3177 1310 3261 Πέτροςυ
1352 3182 1561 3255 Κύριε,
1617 3184 1706 3254 μὴ
1762 3186 1904 3253 τοὺς

2011 1809 2270 1869 invenies
2299 1830 2536 1870 mecum.
2574 1816 2681 1872 Sed
2718 1833 2844 1872 cum
2880 1833 3024 1887 saape
3082 1817 3346 1876 Dominus
3404 1831 3590 1875 noster

2008 1899 2173 1959 Jesus
2212 1904 2473 1962 Christus
2509 1908 2752 1976 sumptis
2784 1908 3000 1963 levibus
3063 1910 3228 1962 etiam
3296 1910 3586 1966 verborum

2009 1992 2404 2054 occasionibus
2456 2002 2769 2070 generalem
2835 2002 3234 2072 eXpositionem
3286 2002 3474 2068 faciat,
3533 2013 3588 2058 et

2007 2102 2130 2157 qua:
2163 2087 2232 2143 de
2268 2106 2376 2143 una
2425 2107 2485 2146 re
2545 2101 2640 2145 aut
2708 2102 2862 2164 parte
2910 2110 3015 2147 una
3054 2095 3408 2164 peculiariter
3438 2096 3584 2149 dicta

2006 2185 2138 2233 sunt
2169 2180 2336 2235 latius
2365 2183 2690 2247 extendens,
2727 2184 3066 2239 abundantia
3113 2187 3233 2239 utili
3266 2187 3584 2256 locupletet,

2005 2268 2183 2338 ipsum
2220 2273 2385 2325 etiam
2419 2275 2506 2328 hic
2538 2275 2723 2330 dicere
2751 2276 3069 2345 putabimus
3102 2277 3270 2346 quod,
3304 2277 3410 2332 nisi
3456 2278 3584 2347 quis

2005 2375 2104 2430 per
2124 2362 2244 2431 ejus
2279 2366 2510 2433 gratiam
2541 2366 2734 2421 sordes
2772 2382 2835 2422 ex
2875 2377 3101 2437 peccato
3127 2376 3444 2422 contractas
3488 2368 3584 2422 ab-

2004 2451 2191 2519 luerit,
2234 2456 2513 2526 particeps
2571 2456 2793 2513 futurus
2835 2475 2945 2512 non
2986 2465 3059 2514 sit
3094 2460 3217 2513 vita:
3251 2474 3372 2528 qua:
3410 2459 3479 2512 ab
3516 2473 3584 2512 eo

2006 2550 2213 2609 manat,
2255 2552 2311 2599 et
2344 2546 2496 2616 regni
2531 2548 2797 2601 cmlorum
2848 2564 3044 2619 expers
3102 2564 3416 2603 mansurus.
3470 2546 3583 2603 Nec

2004 2636 2152 2691 enim
2183 2636 2267 2693 fas
2306 2649 2393 2693 est
2433 2639 2667 2710 impuris
2711 2642 2770 2696 in
2807 2656 3080 2711 supernas
3133 2642 3449 2697 mansiones
3497 2642 3583 2696 in-

1960 2780 1963 2789 ,
2003 2726 2180 2799 gredi,
2208 2729 2305 2785 sed
2338 2730 2432 2799 qui
2466 2746 2562 2800 per
2590 2730 2948 2787 dilectionem
2977 2732 3031 2787 in
3069 2733 3345 2788 Christum
3388 2749 3578 2803 puram

2007 2818 2214 2873 habent
2245 2821 2672 2907 conscientiam,
2700 2830 2754 2877 et
2786 2823 3118 2878 sanetilicati
3146 2824 3348 2878 suntin
3371 2822 3579 2894 Spiritu

2003 2925 2102 2980 per
2128 2920 2387 2968 sanetum
2429 2912 2725 2984 baptisma.

2086 3176 2225 3244 Xlll,
2257 3177 2311 3234 9.
2334 3177 2474 3233 Dicit
2500 3179 2548 3233 ei
2572 3177 2757 3235 Simon
2792 3177 2983 3234 Petrus
3008 3194 3027 3233 :
3059 3177 3298 3239 Domine.
3325 3195 3428 3234 non
3456 3188 3577 3232 tan-

316 3264 512 3331 κόδας
535 3284 656 3335 μου
679 3268 1084 3336 μόνον,ιάλλὰ
1123 3271 1223 3324 καί
1251 3271 1359 3341 τὰς
1393 3274 1618 3344 χεῖρας,
1645 3277 1743 3331 καί
1789 3276 1904 3347 τὴν

2006 3278 2115 3324 tum
2143 3272 2296 3340 pedes
2327 3288 2488 3339 meos,
2518 3270 2610 3326 sed
2638 3280 2687 3325 et
2719 3287 2906 3324 manus
2935 3282 2984 3325 et
3020 3278 3198 3339 caput.

314 3354 616 3424 κεφαλήν.

404 3445 463 3500 '0
493 3447 761 3519 τοσαύτην
796 3451 930 3521 ήμῖν
962 3451 1164 3523 ἀρτίως
1198 3453 1468 3523 ἐπιδείξας
1492 3457 1591 3529 τὴν
1630 3457 1899 3528 ἔνστασιν,
1958 3464 1966 3472 ’

314 3537 418 3591 καὶ
468 3528 788 3611 ἀπαυδήσας
826 3541 1067 3614 ἐναργῶς
1104 3546 1219 3598 τοῖν
1263 3546 1444 3601 ποδοῖν
1484 3528 1585 3622 τὴν
1624 3550 1900 3622 ἀπόνιψιν,

315 3628 420 3700 οὐχ
473 3630 623 3694 ὅπως
672 3632 871 3694 αὐτοὺς
926 3634 1260 3707 παρατίθησι
1342 3637 1557 3707 μόνους,
1612 3641 1747 3697 ἀλλὰ
1806 3645 1902 3698 καὶ

316 3719 510 3789 χεῖρας
550 3720 644 3774 καὶ
689 3723 950 3793 κεφαλήν.
990 3725 1054 3780 Et
1098 3724 1208 3798 γὰρ
1257 3728 1525 3802 μέλλοιμι,
1565 3734 1719 3803 φησὶ,
1761 3735 1901 3790 ἀπο-

315 3810 606 3864 πεσεῖσθαι
652 3812 740 3866 διὰ
788 3813 979 3869 τούτου
1028 3817 1129 3887 τῆς
1168 3818 1304 3890 πρὸς
1348 3821 1408 3873 σὲ
1460 3824 1763 3893 κοινωνίας,
1809 3829 1903 3881 καὶ

318 3903 541 3973 μακράν
571 3920 672 3958 που
711 3906 923 3960 κεῖσθαι
967 3907 1075 3964 τῶν
1109 3910 1168 3962 ὲν
1210 3910 1423 3965 ἐλπίσιν
1465 3915 1705 3983 ἀγαθῶν,
1739 3919 1786 3972 εί
1824 3920 1899 3990 μή

318 4011 405 4046 σοι
448 3997 544 4048 καὶ
583 3995 743 4051 τοῦτο
772 3998 905 4070 δρᾷν
948 3998 1184 4055 ἐθέλοντι
1220 4003 1314 4055 καλ¹
1359 4005 1702 4078 προελομένῳ
1730 4027 1900 4064 κατα-

315 4083 593 4153 νεύσαιμι,
620 4087 713 4139 καὶ
748 4088 1073 4160 ἀπονίψαιμι
1095 4091 1224 4154 τοὺς
1255 4093 1441 4160 πόδας,
1479 4097 1781 4169 παραθήσω
1805 4101 1899 4153 καὶ

316 4175 387 4228 τά
414 4175 599 4240 λοιπὰ,
649 4176 745 4247 τὴν
791 4177 933 4233 οὕτω
977 4181 1418 4257 φρικωδεστάτην
1452 4187 1656 4259 ζημίαν
1700 4208 1898 4262 παραι-

317 4266 598 4337 τούμενος.
634 4269 933 4336 Εὐλαϐείας
956 4268 1048 4327 οὖν
1071 4269 1140 4346 ἦν
1175 4275 1284 4347 ἀρα
1316 4280 1525 4349 καρπὸς
1558 4282 1590 4352 ή
1620 4283 1677 4334 ὲν
1705 4284 1899 4353 ἀρχαῖς

324 4360 680 4429 παραίτησις,
724 4362 819 4416 καὶ
856 4362 917 4416 τὸ
959 4364 1223 4435 δυσαχθὲς
1253 4367 1485 4435 δεδιότος
1509 4370 1603 4425 τοῦ
1645 4373 1899 4443 πράγμα-

320 4465 430 4513 τος,
459 4452 581 4520 οὐχὶ
607 4451 671 4522 δὴ
696 4454 912 4517 πάντως
950 4456 1402 4527 ἀντιπράττοντος
1425 4463 1535 4525 τοῖς
1551 4465 1897 4527 Δεσποτικοῖς

318 4540 701 4608 ἐπιτάγμασιν
752 4544 979 4598 Ἐννοῶν
1017 4564 1078 4600 τε
1108 4548 1236 4619 γὰρ,
1279 4551 1355 4614 ὡς
1393 4551 1548 4623 ἔφην,
1580 4553 1678 4623 τήν
1714 4571 1770 4606 τε
1799 4553 1895 4606 τοῦ

2072 3452 2179 3518 Qui
2219 3455 2382 3508 modo
2416 3460 2703 3521 tantOpere
2734 3451 2956 3515 restitit,
2989 3459 3044 3506 et
3079 3452 3245 3523 pedes
3271 3451 3372 3507 sibi
3407 3452 3579 3508 lavari

2003 3552 2194 3615 aperte
2234 3545 2450 3612 renuit,
2485 3559 2597 3599 non
2638 3553 2848 3599 tantum
2883 3559 2978 3599 eus
3013 3544 3158 3597 ultro
3215 3544 3443 3615 profert,
3481 3543 3577 3600 sed

2002 3642 2056 3688 et
2087 3650 2285 3690 manus
2316 3642 2371 3689 et
2404 3642 2593 3704 caput.
2623 3634 2755 3688 Nam
2788 3635 2835 3690 si
2871 3650 2901 3688 a
2929 3643 3025 3690 tuo
3053 3636 3338 3690 consortio
3371 3635 3579 3691 idcirco

2004 3730 2379 3784 removendus
2419 3743 2565 3795 sum,
2610 3728 2808 3798 inquit,
2849 3737 2902 3783 et
2958 3745 2987 3784 a
3021 3729 3181 3785 bonis
3215 3747 3336 3800 qua:
3395 3734 3575 3800 posita

2002 3827 2135 3875 Sunt
2174 3820 2230 3875 in
2269 3835 2367 3891 spe
2403 3820 2806 3882 excludendus,
2848 3822 2951 3877 nisi
2986 3822 3082 3876 tibi
3124 3823 3229 3876 hoc
3289 3839 3452 3894 agere
3483 3840 3577 3878 vo-

2002 3910 2135 3966 lenti
2169 3913 2547 3982 statuentique
2578 3928 2849 3981 annuero,
2873 3922 2926 3968 et
2954 3914 3119 3984 pedes
3141 3915 3385 3980 abluero,
3413 3915 3573 3971 exhi-

2001 4005 2143 4060 bebo
2177 4007 2342 4060 etiam
2376 4006 2609 4074 reliqua.
2647 4006 2843 4062 nolens
2890 4007 3141 4062 terribile
3180 4007 3284 4063 IlOC
3311 4008 3575 4063 damnum

2001 4096 2306 4149 incurrere.
2366 4094 2924 4165 Reverentia.igitur
2968 4110 3035 4152 ac
3100 4104 3250 4152 metu
3302 4098 3575 4168 principio

2000 4186 2316 4249 recusabat,
2353 4185 2678 4257 gravitatem
2731 4187 2812 4242 rei
2848 4189 3266 4257 pertimescens.
3320 4205 3429 4245 non
3466 4191 3576 4244 uti-

1999 4292 2109 4347 que
2134 4277 2278 4346 quod
2315 4275 2528 4330 Domini
2576 4276 2852 4333 mandatis
2889 4280 3193 4333 resisteret.
3235 4278 3372 4333 Cum
3428 4279 3574 4334 enim

2001 4368 2145 4438 apud
2189 4385 2247 4423 se
2276 4374 2578 4438 reputaret,
2626 4367 2831 4439 inquit.
2879 4369 3187 4425 Servatoris
3228 4371 3572 4441 dignitatem,

1998 4461 2052 4510 et
2090 4462 2302 4510 natura:
2326 4470 2443 4511 suae
2470 4456 2794 4522 utilitatem,
2827 4457 3100 4528 principio
3132 4459 3351 4528 quidem
3408 4475 3576 4530 nega-

1999 4546 2133 4601 bat:
2183 4546 2278 4601 sed
2312 4562 2439 4602 eum
2479 4544 2741 4601 damnum
2774 4548 3065 4604 imminere
3091 4548 3376 4607 didicisset
3403 4552 3457 4607 ni
3496 4551 3577 4607 fa-

320 4629 570 4699 Σωτῆρος
600 4630 779 4696 ἀξίαν,
811 4633 907 4685 καλ⁵
940 4634 1042 4703 τῆς
1081 4636 1275 4690 ἑαυτοῦ
1313 4638 1526 4707 φύσεως
1571 4639 1631 4691 τὸ
1676 4655 1896 4710 σμικρο-

2000 4644 2172 4701 ceret,
2200 4636 2414 4692 Domini
2444 4638 2741 4694 confestim
2770 4640 3111 4710 obtemperat
3141 4642 3410 4697 voluntati
3467 4641 3570 4725 Ilio

324 4720 551 4789 πρεπὲς,
580 4723 801 4793 ἠρνεῖτο
830 4722 929 4794 μὲν
952 4726 1011 4778 ὲν
1038 4728 1263 4797 ἀρχαΐς⁹
1294 4727 1479 4797 μαθὼν
1506 4727 1562 4779 δὲ
1585 4727 1644 4781 τὸ
1680 4727 1896 4799 βλάὅος,

323 4810 484 4876 εὐθὺς
526 4815 848 4887 μετατρέχει
890 4817 1025 4886 πρὸς
1077 4818 1138 4870 τδ
1200 4816 1482 4886 βούλεσθαι
1533 4817 1593 4871 τὸ
1637 4818 1714 4889 τῷ
1763 4838 1899 4894 κρα-

323 4902 503 4958 τοῦντι
552 4907 765 4961 δοκοῦν.
827 4908 1105 4977 Ἐπιτήρει
1161 4907 1220 4961 δὲ
1266 4907 1446 4972 πάλιν,
1482 4908 1577 4962 καὶ
1622 4909 1775 4980 δέχου
1836 4912 1899 4964 τὸ

329 4996 708 5066 πεπραγμένον
738 4996 818 5058 εἰς
844 4996 1109 5066 ὠφελείας
1140 4997 1523 5070 ὐπογραμμόν.
1565 4999 1752 5052 Καίτοι
1789 4999 1899 5072 γὰρ

322 5085 587 5157 εἰρηκώςο
628 5104 648 5139 ι
685 5086 762 5142 Οὐ
815 5086 891 5159 μὴ
938 5087 1099 5163 νίψῃς
1145 5106 1247 5160 μου
1290 5090 1416 5153 τοὺς
1464 5089 1632 5155 πόδας
1682 5090 1761 5155 είς
1806 5092 1900 5146 τὸν

323 5176 531 5243 αἰῶνα,
590 5195 612 5229 ι
655 5178 975 5249 μεθίσταται
1026 5180 1364 5252 παραχρῆμα
1414 5179 1508 5234 τοῦ
1557 5182 1695 5253 πρὸς
1743 5181 1901 5237 τοῦτο

315 5267 609 5341 βλέποντος
656 5270 773 5337 νοῦ,
822 5271 923 5325 οὐκ
965 5273 1142 5327 έκεῖνο
1198 5272 1430 5344 μάλιστα
1488 5275 1767 5345 ἐννοήσας,
1816 5274 1900 5329 ὅτι

315 5360 586 5434 προσήκοι
609 5364 721 5427 τοῖς
755 5362 905 5427 ίδίοις
941 5362 1105 5417 αὐτὸν
1146 5361 1453 5434 ὲμμένοντα
1498 5364 1673 5433 λόγοις
1723 5364 1898 5437 ἀληθῆ

286 5451 607 5525 ⁸φαίνεσθαι
642 5455 772 5526 παρ’
797 5455 950 5526 ἡμῖν,
994 5453 1109 5508 ἀλλ’
1147 5454 1227 5507 δτι
1271 5454 1492 5524 μείζονα
1522 5455 1617 5510 καὶ
1648 5456 1900 5527 χαλεπω-

312 5546 484 5615 τέραν
509 5543 732 5617 εὑρήσει
760 5543 987 5617 ζημίαν,
1030 5544 1128 5617 τὴν
1166 5545 1231 5599 ὲκ
1253 5543 1347 5598 τοῦ
1380 5547 1618 5617 τηρῆσαι
1645 5547 1705 5600 τὸ
1741 5550 1894 5619 εἰρη-

319 5633 505 5703 μένον.
536 5634 995 5705 Παραφυλακτέον
1023 5636 1308 5706 τοιγαροῦν
1331 5636 1392 5689 τὸ
1423 5636 1673 5707 προαλῶς
1702 5654 1754 5690 τι
1802 5640 1895 5692 καὶ

316 5724 629 5797 προχείρως
677 5729 870 5794 εἰπεῖν,
916 5728 1049 5798 μήτε
1080 5728 1178 5799 μὶν
1222 5728 1434 5799 ἀγρίοις
1476 5728 1777 5797 ἐπειγέσθω
1810 5747 1893 5795 τις

1998 4728 2377 4784 animadverte
2411 4745 2627 4793 rursus.
2656 4741 2707 4785 et
2744 4729 2954 4786 factum
2989 4732 3170 4802 ipsum
3225 4732 3278 4786 in
3322 4735 3578 4804 prtescri~

1998 4828 2150 4891 ptum
2166 4827 2220 4874 et
2243 4821 2486 4891 regulam
2511 4822 2697 4877 utilem
2727 4837 2879 4892 cape.
2896 4823 3158 4889 Quamvis
3183 4825 3328 4879 enim
3349 4826 3573 4892 dixerit,

2003 4928 2022 4962 t
2067 4908 2189 4965 Non
2225 4910 2436 4966 lavabis
2463 4912 2596 4965 mihi
2624 4913 2794 4981 pedes
2818 4913 2872 4967 in
2899 4921 3188 4979 :rternum,
3222 4934 3242 4967 ι
3280 4918 3572 4973 consilium

1998 5008 2183 5056 tamen
2219 5016 2285 5057 ac
2320 5012 2555 5057 mentem
2581 5003 2768 5057 statim
2805 5012 3017 5071 mutat,
3048 5021 3157 5061 non
3178 5007 3293 5075 jam
3324 5010 3574 5079 cogitans

1998 5091 2214 5147 ﬁrmum
2246 5102 2301 5148 et
2329 5100 2674 5149 constantem
2718 5092 2775 5148 in
2819 5094 2983 5150 dictis
3014 5097 3287 5153 manendo
3325 5114 3571 5156 veracem

1996 5183 2169 5239 videri
2203 5191 2475 5254 oportere,
2507 5184 2605 5240 sed
2642 5186 2907 5254 majorem
2945 5188 3368 5260 gravioremqne
3391 5190 3575 5261 jactu-
3618 5220 3624 5226 ~

1995 5289 2113 5329 ram
2148 5274 2256 5329 sibi
2295 5273 2587 5331 imminere
2617 5274 2781 5348 724
2812 5277 2859 5331 si
2899 5277 3065 5332 dictis
3099 5281 3332 5335 steterit.
3357 5280 3573 5338 Caven-

1994 5364 2124 5420 dum
2166 5365 2352 5435 itaque
2397 5382 2468 5422 ne
2499 5369 2631 5437 quid
2680 5383 3024 5437 prmpropere
3064 5385 3128 5425 ac
3168 5379 3373 5430 temere
3423 5375 3574 5431 dica-

2000 5472 2124 5513 mus
2151 5474 2165 5511 :
2195 5473 2375 5529 neque
2403 5475 2534 5515 vero
2565 5462 2692 5531 quis
2718 5460 2935 5517 acerbis
2968 5463 3196 5521 vocibus
3230 5465 3492 5529 incessat.
3522 5468 3571 5523 si

1998 5548 2129 5619 quid
2161 5564 2229 5605 ex
2262 5549 2487 5608 levitate
2515 5562 2570 5606 et
2628 5552 3098 5610 inconsiderantia
3152 5556 3415 5627 reiectura
3473 5559 3573 5612 sit-

1998 5642 2093 5696 sed
2128 5644 2174 5697 si
2209 5643 2340 5715 quid
2381 5644 2546 5698 alicui
2586 5645 2879 5710 exciderit.
2909 5662 2975 5701 ac
3038 5662 3161 5703 mox
3224 5664 3320 5719 per
3355 5647 3572 5702 inﬁcia-

1996 5731 2205 5789 -tionem
2262 5734 2466 5790 bonum
2497 5735 2723 5807 aliquod
2776 5751 2839 5793 ac
2896 5738 3030 5793 utile
3084 5747 3140 5793 et
3197 5738 3567 5794 necessarium
