4062 6208
480 270 582 330 “9

1474 267 1532 325 S.
1572 268 1850 327 CYRILLI
1890 264 2359 325 ALEXANDRINI
2387 269 2705 327 ABCHIEP.

3617 266 3725 323 130

478 390 760 454 appareat,
794 399 863 439 ex
925 384 1031 439 hoc
1086 382 1209 438 loco
1263 381 1522 439 observet
1565 384 1727 456 longe
1780 393 2037 456 prastarc

2148 386 2365 449 τόνοις..
2402 423 2416 436 .
2446 423 2461 438 .
2492 423 2506 437 .
2537 423 2551 437 .
2590 422 2604 436 .
2637 382 2698 436 τὸ
2729 383 2793 436 ὲκ
2816 380 3144 453 προπετείας
3168 377 3514 435 ἀποπτυσθὲν
3533 416 3548 441 ,
3587 376 3722 432 ἀλλά

476 477 624 545 quod
662 478 788 532 usui
842 476 915 531 sit
982 474 1160 531 facere
1219 475 1432 543 conari,
1487 490 1658 547 quam
1719 476 1894 547 loqui,
1955 483 2050 531 aut

478 567 683 623 frustra
722 567 1089 631 contendere,
1125 567 1281 636 quasi
1316 582 1440 622 cum
1495 568 1711 623 ratione
1762 568 2044 637 loquatur.

476 659 650 713 Nemo
685 658 886 729 quippe
920 674 1026 713 non
1058 658 1426 727 prtestabilius
1448 697 1462 722 ,
1495 659 1713 729 opinor,
1764 655 2046 720 fatebitur,

475 750 769 804 verborum
799 766 962 820 quam
989 764 1173 804 rerum
1210 749 1657 805 necessariarum
1697 748 1841 804 ferre
1870 749 2046 812 iactu-

478 852 618 891 ram.
653 836 759 893 Sed
798 840 1044 916 procula
1076 839 1262 910 lingua
1290 846 1479 895 nostra
1514 839 1890 909 juramentum
1949 838 2043 901 sit,

474 928 545 983 ob
585 930 799 983 subitas
824 941 872 984 et
910 929 1329 985 inconsideratae
1366 931 1566 986 tuentis
1603 944 1788 994 voces,
1833 936 1883 983 et
1926 945 2047 1000 qua:

474 1020 624 1073 velut
654 1036 717 1075 ex
754 1022 1083 1077 necessitate
1110 1021 1386 1076 interdum
1411 1022 1667 1078 accidunt
1689 1020 2042 1077 minationes.

476 1110 729 1180 Magnum
762 1112 908 1167 enim
943 1121 1027 1168 est
1056 1128 1234 1183 opera:
1263 1112 1499 1183 pretium
1534 1113 1776 1184 linguam
1808 1114 2042 1169 circum—

476 1212 721 1273 spectam
749 1204 969 1266 habere,
997 1220 1098 1259 nec
1133 1205 1188 1258 in
1223 1220 1284 1259 ea
1326 1220 1447 1275 quae
1491 1205 1677 1261 minus
1708 1206 2045 1259 conveniunt

474 1295 872 1365 prolabentem.
916 1295 1021 1350 Sed
1056 1298 1188 1367 quia
1225 1311 1337 1352 rem
1373 1296 1599 1351 arduam
1667 1310 1791 1351 esse
1816 1310 2043 1365 prorsus

474 1386 594 1455 ipse
644 1402 862 1457 quoque
928 1387 1093 1442 nobis
1124 1387 1346 1442 divinus
1399 1400 1584 1443 sermo
1647 1387 2037 1442 demonstrat:

478 1493 497 1525 ι
532 1475 798 1547 Linguam
824 1476 969 1530 enim
999 1476 1185 1531 nullus
1219 1476 1503 1532 hominum
1533 1477 1759 1533 domare
1780 1484 1984 1548 potest,
2015 1492 2041 1529 ι

473 1575 532 1619 ut
566 1569 830 1638 scriptum
879 1576 963 1623 est
984 1568 1058 1633 ⁷⁸,
1096 1584 1407 1625 sermonem
1471 1569 1609 1624 citra
1658 1568 2037 1639 juramentum

471 1659 641 1714 ullum
672 1658 1040 1730 proferamus.
1074 1659 1231 1715 Tunc
1260 1662 1407 1716 enim
1436 1660 1482 1716 si
1514 1659 1645 1730 quid
1680 1660 2037 1730 praetergredi

2150 477 2251 531 κάν
2295 493 2348 530 τι
2396 474 2647 543 λέγεσθαι
2694 473 2873 545 συμϐῇ
2922 472 3073 544 παρά
3125 489 3308 533 τινων.
3348 466 3470 524 εἷτά
3513 486 3568 524 τι
3614 471 3722 524 τῶν

2148 564 2370 634 ἀγαθῶν
2433 566 2529 619 καλ⁸
2592 566 3029 636 ἀναγκαιοτέρων
3084 564 3409 636 ἀφανίζηται
3482 563 3571 618 διά
3624 565 3719 633 τῆς

2149 658 2471 722 ὲνστάσειυς,
2524 657 2830 726 ὲπαθρείτω
2875 658 2963 712 διά
3015 658 3124 712 τῶν
3168 656 3540 729 προκειμένων
3565 698 3581 718 ,
3639 657 3716 711 ὃτι

2148 748 2282 802 πολὺ
2307 748 2426 802 λίαν
2457 750 2514 802 ὲν
2541 749 2786 819 ἀμείνοσι
2821 748 2882 802 τὸ
2912 749 2985 820 μὴ
3028 749 3205 817 λέγειν
3240 749 3427 813 ἁπλῶς
3480 749 3574 802 καὶ
3604 749 3709 803 δια-

2146 839 2412 893 τείνεσθαι
2445 841 2640 911 μάτην,
2673 841 2753 895 ὃτι
2776 840 3021 904 δεδωκὼς
3056 841 3139 911 εἴη
3166 841 3339 910 λόγον,
3369 842 3627 912 πράττειν
3664 840 3723 893 δὲ

2151 932 2350 1002 μᾶλλον
2397 933 2710 1001 ἐπείγεσθαι
2748 932 2809 985 τὸ
2836 931 3127 995 λυσιτελές.
3182 934 3441 1005 Κρεῖττον
3483 933 3613 1001 γάρ,
3640 928 3722 985 οἷ-

2149 1039 2267 1093 μαι,
2299 1024 2405 1087 πᾶς
2446 1040 2529 1086 τις
2573 1024 2708 1092 ἐρεῖ,
2759 1022 2817 1075 ὲν
2865 1022 3044 1090 λόγοις
3092 1023 3236 1092 ἡμᾶς
3270 1022 3559 1093 ὑπομεῖναι
3585 1038 3722 1093 γρα-

2147 1115 2334 1187 φὴν.ῆ
2386 1116 2731 1185 πραγμάτων
2781 1114 3094 1183 ἀναγκαίων
3138 1112 3339 1184 ζημίαν
3373 1112 3718 1183 ὑφίστασθαι.

2158 1207 2402 1261 ’Ᾱπέστω
2433 1206 2489 1259 δὲ
2517 1206 2761 1277 γλώττης
2798 1207 2895 1276 τῆς
2927 1206 3201 1278 ἡμετέρας
3230 1206 3290 1259 τὸ
3330 1204 3560 1277 ὀμνύναι
3591 1224 3721 1260 παν-

2144 1296 2333 1360 τελῶς,
2366 1296 2452 1349 διὰ
2499 1296 2596 1360 τὰς
2647 1295 2968 1366 προχείρους
3010 1311 3068 1348 τε
3120 1294 3214 1349 καὶ⁸
3244 1294 3305 1360 ὲξ
3345 1294 3567 1367 ἀκρίτου
3600 1293 3716 1347 δια-

2143 1387 2289 1451 νοίας
2324 1386 2526 1456 φωνὰς.
2574 1386 2668 1438 καὶ
2716 1387 2812 1448 τὰς
2861 1384 2970 1438 ἔσθ’
3005 1385 3093 1438 ὅτε
3128 1381 3529 1454 συμϐαινούσας
3554 1383 3628 1446 ὡς
3657 1383 3718 1448 ἐξ

2142 1479 2388 1547 ἀνάγκης
2415 1477 2734 1547 μεταϐολάς.
2770 1475 2952 1541 ’Ἄξιον
2980 1475 3078 1547 μὲν
3101 1475 3210 1546 γὰρ
3237 1474 3331 1529 καὶ
3360 1473 3717 1545 ἀξιοζήλωτον

2141 1571 2307 1634 ὅντως
2333 1571 2449 1642 ἐρεῖ
2474 1586 2557 1632 τις
2589 1569 2650 1620 τὸ
2679 1567 2920 1637 γλῶτταν
2950 1567 3093 1637 ἔχειν
3122 1568 3482 1637 ἐπιστήμονα,
3517 1568 3610 1620 καὶ¹
3637 1569 3716 1633 είς

2140 1663 2176 1717 ἃ
2203 1661 2276 1733 μὴ
2304 1662 2579 1733 προσῆκεν
2614 1660 2860 1729 ὀλιγάκις
2900 1658 3377 1712 διολισθαίνουσαν.
3415 1658 3631 1729 Ἐπειδὴ
3661 1658 3717 1711 δὲ

472 1758 691 1819 tempus
721 1752 1034 1822 contigerit.
1077 1752 1258 1807 minor
1291 1752 1397 1807 erit
1420 1752 1603 1822 culpa,
1634 1759 1688 1807 et
1720 1752 1903 1807 minus
1936 1751 2037 1807 erit

2142 1753 2202 1805 τὸ
2229 1754 2461 1823 πρᾶγμα
2489 1748 2991 1817 δυσκαταγώνιστον
3048 1749 3144 1803 καὶ
3177 1748 3338 1812 αὐτὸς
3367 1750 3498 1819 ἡμῖν
3524 1751 3551 1803 ὁ
3578 1749 3718 1813 θεῖος

474 1841 528 1893 in
571 1840 729 1910 lapsu
751 1840 1221 1909 reprehensionis,
1254 1841 1352 1896 sed
1388 1839 1569 1908 facile,
1603 1848 1663 1894 ut
1696 1855 1841 1905 reor,
1874 1855 1902 1893 a
1934 1839 2037 1896 Deo

2140 1839 2423 1912 παρέδειξε
2463 1840 2646 1909 λόγος·
2681 1860 2698 1893 ι
2736 1840 2846 1911 Τὴν
2878 1838 2985 1911 γὰρ
3024 1837 3266 1907 γλῶτταν
3296 1838 3469 1902 οὐδεὶς
3496 1837 3718 1893 δύναται

473 1930 688 1986 veniam
729 1946 1156 2001 consequemur,
1192 1931 1263 1986 ob
1316 1932 1591 1986 levitatem
1644 1946 1768 2002 quae
1823 1938 2037 1988 nostras

2139 1933 2438 2004 ἀνθρώπων
2494 1933 2755 2003 δαμάσαι,
2793 1953 2811 1985 ι
2850 1932 2994 1986 κατὰ
3051 1932 3113 1986 τὸ
3167 1929 3485 2003 εἰρημένον·
3537 1930 3715 2001 ὅρκων

471 2022 832 2092 cogitationes
864 2021 980 2078 fere
1028 2021 1344 2077 comitatur.
1388 2039 1406 2074 ι
1452 2020 1666 2077 Delicta
1705 2020 1850 2076 enim
1917 2019 2037 2090 quis

2137 2024 2428 2095 ἐλευθέραν
2457 2024 2555 2094 τὴν
2580 2023 2689 2075 τῶν
2720 2023 2894 2091 λόγων
2938 2020 3220 2093 ποιώμεθα
3248 2021 3550 2094 προφορὰν.
3583 2013 3715 2075 Τότε

472 2114 766 2186 intelliget,
806 2132 826 2167 ι
860 2123 921 2169 ut
961 2114 1228 2183 scriptum
1260 2114 1428 2179 est",
1464 2120 1560 2167 aut
1618 2112 1891 2183 quomodo
1929 2129 2037 2167 non

2135 2114 2243 2185 γὰρ
2292 2114 2346 2167 εί
2383 2130 2435 2166 τι
2495 2113 2589 2166 καὶ
2629 2113 2915 2184 παρελθεῖν
2953 2112 3259 2181 ἀναγκάσαι
3311 2112 3518 2183 καιρὸς.
3562 2114 3714 2182 μεῖον

470 2206 739 2260 ceciderit
773 2215 1027 2261 terrenus
1065 2206 1256 2269 homo,
1285 2220 1410 2261 cum
1459 2220 1640 2262 sermo
1700 2205 1754 2258 in
1810 2204 2034 2274 quidvis

2140 2206 2289 2259 ἔσται
2319 2204 2381 2257 τὸ
2409 2204 2789 2274 κατηγόρημα,
2820 2204 2913 2256 καὶ
2945 2203 3312 2274 μετριωτέραν
3336 2202 3446 2267 ἔξει
3472 2201 3533 2255 τὸ
3565 2204 3715 2256 πταῖ-

472 2292 629 2349 facile
657 2295 1187 2367 erumpattLingua
1244 2296 1390 2353 enim
1424 2304 1615 2354 nostra
1674 2295 1818 2350 haud
1876 2295 2035 2350 facile

2142 2312 2253 2365 σμα
2299 2295 2401 2364 τὴν
2452 2294 2698 2366 γραφήν
2752 2293 2985 2357 εὐκόλως
3020 2293 3065 2346 δ’
3099 2291 3186 2358 ἂν,
3237 2290 3407 2362 οἶμαι,
3462 2291 3556 2345 καὶ
3609 2291 3711 2362 τῆς

470 2388 714 2442 coerceri
752 2398 953 2450 potest.

2139 2384 2291 2456 παρὰ
2322 2383 2456 2438 Θεοῦ
2491 2401 2573 2447 τις
2603 2382 2928 2454 συγγνώμης
2956 2383 3222 2448 τεύξεται,
3248 2383 3333 2438 διὰ
3360 2382 3454 2454 τὴν
3479 2382 3563 2436 ἀεί
3592 2399 3710 2446 πως

468 2479 597 2546 ἡμῖν
626 2482 1014 2554 παρεπομένην
1042 2482 1148 2535 τῶν
1175 2482 1447 2553 λογισμῶν
1471 2482 1751 2553 ἔλαφρίριν.
1789 2501 1806 2534 ι
1848 2480 2279 2552 Παραπτώματα
2314 2479 2420 2551 γὰρ
2457 2480 2540 2544 τίς
2609 2481 2860 2550 συνήσει;
2897 2498 2915 2530 ι
2977 2477 3118 2533 κατά
3185 2479 3246 2533 τὸ
3307 2479 3706 2550 γεγραμμένον,

468 2571 502 2641 ἢ
537 2572 653 2637 πῶς
689 2573 788 2627 οὐκ
826 2573 892 2628 ἂν
937 2575 1230 2646 διαπταίσῃ
1272 2576 1459 2646 γήϊνος
1537 2574 1843 2646 ἄνθρωπος,
1882 2573 2162 2645 λειοτάτην
2210 2573 2423 2644 ἔχοντος
2465 2572 2559 2626 τοῦ
2610 2572 2768 2642 λόγου
2815 2571 2914 2643 τήν
2961 2573 3042 2637 είς
3117 2571 3295 2627 ὁτιοῦν
3357 2571 3710 2644 ἀποδρομήν;

466 2666 685 2722 Γλῶττα
718 2668 824 2742 γάρ
853 2670 886 2740 ἡ
921 2670 977 2724 ἐν
1009 2671 1142 2740 ἡμῖν
1167 2670 1229 2722 οὐ
1266 2668 1384 2722 λίαν
1407 2669 1718 2739 εύκάτοχος.

539 2757 681 2823 ΧΙΙΙ,
723 2759 809 2822 10,
841 2759 928 2814 il.
966 2758 1102 2813 Dicit
1127 2760 1174 2814 ei
1204 2758 1397 2813 Iesus:
1430 2759 1536 2826 Qui
1586 2760 1727 2813 lotus
1778 2768 1880 2821 est,
1933 2774 2034 2812 non

2209 2753 2377 2825 Λέγει
2403 2753 2562 2819 αὐτῷ
2592 2756 2624 2808 ὁ
2658 2754 2914 2822 Ἰησοῦς·
2947 2755 3000 2807 ’0
3020 2755 3387 2824 λελουμένος
3414 2758 3486 2811 οὐ
3504 2758 3711 2826 χρείαν

468 2852 665 2922 indiget
693 2851 798 2905 nisi
829 2858 886 2904 ut
915 2851 1069 2920 pedes
1111 2852 1264 2915 lavet,
1297 2852 1387 2906 sed
1410 2861 1487 2907 est
1512 2851 1736 2906 mundus
1765 2860 1926 2906 totus.
1964 2849 2030 2903 Et

2135 2846 2279 2916 ἔχει,
2305 2845 2343 2915 ἢ
2365 2845 2506 2912 τοὺς
2532 2845 2721 2913 πόδας
2753 2847 3065 2915 νίψασθαι,
3103 2848 3242 2902 ἀλλ’
3279 2848 3409 2904 ἔστι
3457 2851 3711 2919 καθαρὸς

467 2950 557 2993 vos
585 2938 767 2993 mundi
797 2939 945 3004 estis,
986 2939 1076 2993 sed
1110 2956 1216 2994 non
1249 2957 1449 2996 omnes.
1480 2940 1691 2997 Sciebat
1716 2942 1858 2995 enim
1885 2940 2033 3010 quis-

2136 2937 2299 3002 ὅλος.
2335 2936 2443 2992 Καὶ
2476 2938 2645 3006 ὑμεῖς
2672 2938 2918 3006 καθαροί
2949 2938 3111 3003 ἐστε,
3140 2940 3278 2994 ἀλλ’
3303 2941 3436 3010 οὐχί
3463 2942 3709 3010 πάντες.

469 3047 592 3085 nam
626 3040 760 3085 esset
788 3030 879 3101 qui
917 3030 1145 3086 traderet
1179 3047 1317 3086 eum.
1351 3031 1641 3102 Propterea
1669 3032 1847 3086 dixit:
1909 3028 2032 3083 Non

467 3123 598 3178 estis
637 3120 822 3175 mundi
851 3138 1050 3176 omnes.

539 3214 584 3265 A
646 3228 704 3267 re
763 3212 1041 3267 communi
1076 3219 1131 3269 et
1164 3210 1366 3267 usitata
1402 3212 1547 3282 apud
1580 3228 1683 3269 nos
1717 3214 2032 3286 exemplum

468 3302 633 3373 capit,
688 3309 744 3357 et
780 3302 1168 3372 percommode
1220 3302 1705 3373 reprehensionem
1763 3306 2034 3376 proditori

469 3394 657 3457 struit,
687 3392 892 3449 docens
930 3392 1210 3448 hominem
1244 3401 1490 3449 mutasse
1518 3395 1833 3458 consilium,
1864 3403 1920 3451 et
1966 3396 2032 3453 ad
2080 3448 2087 3454 .

468 3484 745 3540 deteriora
821 3499 1175 3540 conversum.
1253 3484 1496 3541 Tametsi
1567 3487 1714 3542 enim
1791 3488 2034 3544 nondum

469 3585 660 3647 aperte
694 3575 1027 3632 temeritatis
1070 3576 1191 3646 ejus
1219 3575 1454 3631 crimina
1508 3577 1814 3649 redarguit,
1852 3594 2036 3636 acrem

469 3676 658 3722 tamen
682 3666 986 3737 emphasim
1019 3666 1187 3722 habet
1216 3667 1412 3721 oratio.
1448 3665 1555 3723 Per
1584 3684 1706 3739 quae
1752 3671 1900 3725 enim
1931 3685 2037 3726 caa-

471 3757 602 3812 teris
629 3756 929 3828 perfectam
959 3757 1250 3828 puritatem
1279 3757 1494 3821 trihuit,
1532 3748 1630 3829 per
1672 3758 1790 3815 haec
1844 3760 2035 3816 eadem

469 3857 791 3921 suspectum
820 3849 998 3904 reddit
1017 3866 1142 3906 eum
1171 3851 1268 3921 qui
1300 3850 1430 3906 talis
1463 3866 1576 3906 non
1616 3852 1725 3917 sit,
1750 3861 1804 3908 et
1847 3853 2036 3924 inqui-

470 3949 657 3996 natum
690 3940 951 3997 ostendit.
979 3942 1120 3999 Aliis
1148 3942 1296 3998 enim
1320 3943 1439 4014 ejus
1466 3943 1756 4017 discipulis
1793 3953 1848 4002 et
1885 3946 2035 4019 jugis

470 4030 631 4103 725
655 4031 1001 4086 assiduitatis
1021 4033 1193 4104 gloria
1214 4068 1231 4096 ,
1299 4042 1354 4088 et
1375 4036 1761 4092 asscctationis
1785 4037 1956 4102 labor,
1978 4046 2034 4094 et

468 4122 525 4177 in
556 4122 660 4178 lide
688 4123 923 4179 firmitas
959 4130 1126 4196 atque
1153 4126 1488 4191 constantia,
1534 4136 1589 4183 et
1630 4128 1870 4197 perfecta
1902 4145 2032 4200 erga

469 4213 749 4268 Christum
786 4213 1031 4270 charitas
1085 4203 1377 4285 puritatem
1433 4217 1727 4272 conciliat:
1762 4217 2031 4288 proditori

2141 3026 2307 3098 ’ᾙδει
2335 3026 2444 3095 γὰρ
2471 3030 2578 3079 τὸν
2609 3027 3012 3096 παραδιδόντα
3047 3031 3250 3086 αὐτόν.
3290 3031 3393 3087 Διὰ
3419 3032 3594 3088 τοῦτο
3625 3029 3710 3089 εἷ-

2135 3134 2268 3180 πεν,
2301 3117 2391 3171 ὅτι
2422 3118 2570 3187 Οὐχὶ
2604 3117 2871 3192 [πάντες]
2900 3122 3145 3188 καθαροί
3180 3121 3340 3177 ἐστε.

2205 3208 2429 3278 Δέχεται
2481 3208 2583 3278 μὲν
2628 3210 2694 3261 ὲκ
2734 3208 2844 3263 τῶν
2889 3210 3008 3264 καθ’
3039 3213 3185 3282 ἡμᾶς
3216 3213 3325 3266 ἀπὸ
3356 3212 3537 3269 κοινοῦ
3570 3215 3710 3286 πρά-

2134 3315 2342 3369 γματος
2368 3299 2430 3352 τὸ
2458 3298 2826 3371 παράδειγμα,
2851 3299 3178 3371 εύαφόρμως
3204 3320 3265 3356 τε
3286 3301 3605 3373 διαπράττει
3629 3304 3708 3376 τῷ

2134 3387 2369 3460 προδότῃ
2400 3387 2490 3442 τὸν
2529 3387 2770 3460 ἔλεγχον,
2807 3389 3298 3460 μεταϐουλεύεσθαι
3328 3408 3389 3445 τε
3417 3391 3704 3460 διδάσκων,

2134 3480 2228 3534 καὶ¹
2256 3480 2634 3550 μετατίθεσθαι
2663 3482 2744 3546 είς
2775 3480 2886 3547 ἕξιν
2919 3481 3017 3554 τήν
3052 3481 3258 3554 ἀμείνω
3280 3482 3371 3536 τὸν
3397 3483 3705 3555 ἄνθρωπον.

2133 3570 2197 3623 Et
2228 3569 2337 3642 γὰρ
2369 3570 2461 3624 καὶ
2489 3568 2641 3625 οὔπω
2667 3571 2887 3643 γυμνῶς
2923 3573 3022 3644 τῆς
3050 3571 3274 3644 ἐνούσης
3310 3572 3458 3645 αὐτῷ
3482 3574 3706 3629 δυσϐου-

2106 3658 2107 3661 “
2132 3658 2252 3724 λίας
2277 3660 2568 3733 ἀπελέγχει
2604 3662 2673 3717 τά
2721 3662 3064 3736 ἐγκλήματα,
3101 3664 3215 3718 ἀλλ’
3246 3660 3339 3720 οὖν
3368 3682 3430 3734 γε
3456 3665 3707 3737 δριμεῖαν

2131 3753 2160 3806 6
2190 3752 2346 3823 λόγος
2375 3753 2488 3825 ἔχει
2513 3754 2612 3826 τὴν
2640 3754 2895 3826 ἔμφασιν.
2920 3757 3000 3810 Δι’
3027 3750 3104 3810 ὦν
3129 3756 3237 3829 γὰρ
3265 3760 3376 3822 τοῖς
3401 3757 3578 3822 ἀλλοις
3605 3756 3704 3829 τὴν

2131 3846 2213 3909 είς
2240 3844 2529 3918 ὁλόκληρον
2564 3846 2908 3919 καθαρότητα
2938 3852 3223 3922 μαρτυρεῖ,
3255 3848 3492 3905 ὕποπτον
3518 3849 3704 3920 δηλονο

2130 3936 2214 3990 ότι
2245 3936 2336 3989 τὸν
2375 3936 2450 4008 μὴ
2505 3935 2744 3992 τοιοῦτον
2795 3938 3082 4010 καθίστησι
3105 3978 3120 4003 ,
3161 3939 3255 3993 καὶ
3298 3938 3704 4010 μεμολυσμένον

2132 4028 2490 4084 ἀποδεικνύει.
2525 4030 2649 4095 Τοῖς
2681 4030 2780 4099 μὲν
2811 4031 2919 4101 γάρ
2954 4033 3160 4102 ἑτέροις
3198 4031 3362 4086 αὐτοῦ
3413 4033 3701 4103 μαθηταῖς,

2132 4120 2225 4172 καὶ
2253 4119 2315 4173 τὸ
2342 4122 2441 4191 τῆς
2465 4122 2875 4192 ἀπερισπάστου
2910 4122 3264 4194 προσεδρείας
3300 4122 3582 4193 καύχημα,
3609 4123 3703 4176 καὶ

2130 4210 2220 4266 τὸν
2248 4210 2347 4282 τῆς
2382 4212 2787 4284 ἀκολουθήσεως
2820 4213 3001 4279 πόνον,
3046 4215 3140 4268 καὶ
3170 4213 3230 4268 τὸ
3266 4214 3480 4285 βέϐαιον
3513 4217 3570 4268 ὲν
3606 4215 3703 4267 πί-

471 4320 599 4359 vero
620 4312 673 4359 et
692 4302 1095 4375 inexplicabilis
1123 4305 1371 4361 avaritiae
1385 4304 1615 4367 crimen,
1639 4315 1694 4362 et
1718 4306 2036 4364 dilectionis

2138 4317 2273 4363 στει,
2302 4302 2394 4355 καὶ
2430 4303 2491 4357 τὸ
2528 4303 2732 4376 πλῆρες
2753 4306 2810 4358 ὲν
2839 4305 3027 4378 ἀγάπῃ
3052 4307 3116 4377 τῇ
3151 4305 3279 4376 περὶ
3318 4305 3571 4376 Χριστὸν,
3599 4305 3702 4376 τὴν

468 4408 595 4464 erga
624 4393 915 4447 Dominum
937 4401 1188 4449 nostrum
1220 4394 1406 4449 .lesum
1434 4392 1714 4448 Christum
1742 4394 2034 4452 infirmitas

468 4489 725 4536 aeternam
757 4481 937 4536 labem
968 4480 1173 4544 inurit,
1226 4488 1280 4534 et
1308 4479 1759 4549 incomparabilis
1813 4479 2034 4535 temeri-

470 4569 601 4624 tatis
661 4575 847 4622 notam
909 4568 1196 4640 imprimit.
1246 4566 1385 4622 Cum
1444 4582 1577 4639 ergo
1633 4568 1887 4625 Christus
1921 4560 2032 4635 ait,

476 4674 495 4708 ι
519 4656 627 4713 Vos
650 4656 842 4712 mundi
866 4655 1022 4717 estis.
1057 4656 1151 4711 sed
1178 4669 1287 4710 non
1321 4671 1534 4719 omnes,
1557 4674 1577 4708 ι
1609 4657 1882 4711 occultam
1911 4657 2035 4727 qui-

470 4747 615 4811 dem,
653 4756 1027 4801 verumtamen
1057 4744 1357 4816 proditoris
1416 4745 1606 4801 utilem
1644 4748 2031 4817 reprehensio-

470 4851 593 4891 nem
623 4837 886 4892 continet.
909 4834 1151 4891 Tametsi
1180 4836 1322 4893 enim
1348 4852 1456 4892 non
1480 4844 1667 4908 aperte
1691 4838 2030 4909 loqueretur,

471 4933 531 4979 ut
565 4940 736 4995 nuper
767 4926 1030 4990 diximus,
1054 4932 1237 4980 tamen
1271 4926 1611 4981 conscientia
1662 4942 2030 4998 unumquem-

468 5031 576 5087 que
626 5025 969 5087 peccatorem
1027 5016 1325 5086 pungebat,
1378 5024 1433 5071 et
1490 5017 1781 5073 verborum
1818 5019 1926 5072 vim
1962 5018 2030 5073 ad

468 5114 682 5162 sontem
729 5108 907 5179 ipsum
954 5107 1095 5163 velut
1117 5121 1183 5162 ex
1218 5105 1551 5161 necessitate
1575 5106 1809 5177 quadam
1844 5107 2028 5162 trahe—

467 5196 581 5251 bat.
615 5195 862 5253 Observa
896 5203 1079 5250 autem
1116 5194 1205 5251 hic
1237 5196 1539 5267 singularis
1592 5198 2028 5271 dispensationis

468 5297 524 5343 et
558 5286 670 5343 Deo
698 5288 876 5358 digna:
908 5288 1184 5357 patientia:
1222 5303 1382 5359 opus.
1420 5288 1478 5343 Si
1529 5290 1674 5343 enim
1714 5300 1901 5360 aperte
1945 5292 2025 5346 di-

470 5382 640 5436 xisset
694 5381 817 5449 quis
877 5381 1198 5449 proditurus
1256 5389 1426 5445 esset.
1481 5381 1729 5437 infensos
1788 5383 1837 5438 ei
1887 5384 2026 5439 alios

471 5471 720 5535 fecisset,
757 5478 810 5524 ct
831 5479 1074 5525 extrema
1098 5487 1340 5542 qumque
1360 5471 1543 5528 forsan
1589 5475 1833 5539 tulisset,
1862 5484 2026 5546 atque

539 5648 586 5684 "
624 5648 740 5706 .lac.
776 5664 866 5712 tu.
897 5648 950 5704 8.
1026 5651 1071 5686 "
1109 5650 1252 5706 Psal.
1283 5666 1455 5720 xvnt,
1493 5653 1580 5707 15.

2131 4391 2473 4463 καθαρότητα
2507 4392 2786 4465 προξενεῖ·
2816 4394 2894 4466 τῷ
2940 4411 3003 4463 γε
3050 4396 3159 4466 μὴν
3205 4396 3397 4466 ἑτέρῳ,
3427 4396 3521 4450 καὶ
3569 4394 3701 4448 αὐτὸ

2126 4482 2229 4552 τῆς
2274 4483 2549 4554 ἀπλήστου
2599 4484 3034 4561 φιλοχρηματίας
3079 4487 3141 4539 τὸ
3185 4486 3457 4558 ἔγκλημα,
3506 4487 3598 4540 καὶ
3637 4485 3701 4540 τὸ

2129 4574 2352 4638 ἀσθενὲς
2377 4576 2457 4639 εἰς
2480 4574 2718 4630 διάθεσιν
2742 4578 2841 4648 τὴν
2872 4579 2998 4648 περὶ
3045 4580 3135 4631 τὸν
3174 4577 3377 4649 Κύριον
3404 4577 3560 4648 ήμῶν
3598 4576 3701 4649 Ἰη-

2130 4659 2258 4716 σοῦν
2289 4661 2378 4716 τὸν
2405 4663 2637 4734 Χριστὸν
2674 4665 2772 4737 τὴν
2813 4666 3161 4720 ἀνέκλειπτον
3188 4666 3382 4738 κηλῖδα
3436 4666 3697 4739 προστρί-

2129 4754 2299 4816 ϐεται,
2331 4754 2427 4809 καὶ
2463 4754 2562 4826 τῆς
2592 4757 2920 4828 ἀσυγκρίτου
2946 4758 3263 4823 δυσϐουλίας
3303 4759 3394 4813 τὸν
3426 4759 3699 4830 μολυσμὸν

2128 4844 2362 4915 ἐμποιεῖ.
2396 4844 2562 4899 Ὅταν
2599 4845 2779 4899 τοίνυν
2826 4846 2960 4920 λέγῃ
3002 4848 3269 4921 Χριστόςο
3299 4867 3318 4901 ι
3355 4851 3493 4921 Ἤδη
3541 4850 3695 4921 ὑμεῖς

2128 4931 2357 5004 καθαροί
2383 4934 2528 4999 ἐστε,
2560 4935 2675 4988 ἀλλ’
2706 4936 2825 5007 οὐχὶ
2869 4940 3085 5004 πάντως
3114 4959 3132 4991 ο
3171 4938 3284 5012 [γρ.
3328 4939 3569 5013 πάντες],
3599 4958 3693 4994 κε-

2127 5025 2438 5095 κρυμμένον
2491 5025 2590 5097 μέν
2637 5026 2789 5091 ἐστι,
2848 5027 2985 5100 πλὴν
3041 5031 3295 5103 ἐπωφελῆ
3337 5031 3415 5102 τῷ
3461 5032 3697 5106 προδότῃ

2128 5113 2357 5165 ποιεῖται
2395 5112 2487 5166 τὸν
2534 5114 2772 5184 ἔλεγχον.
2820 5115 2884 5168 Ei
2926 5115 3035 5189 γὰρ
3072 5119 3167 5172 καὶ⁹
3218 5118 3292 5189 μὴ
3338 5117 3442 5188 ἔφη
3487 5116 3692 5187 σαφῶς,

2126 5199 2375 5270 καθάπερ
2412 5200 2611 5272 ἀρτίως
2643 5203 2942 5274 εἰρήκαμεν
2966 5246 2981 5271 ,
3019 5203 3134 5257 ἀλλ’
3163 5199 3230 5276 ἦν
3276 5206 3333 5257 ὲν
3370 5202 3585 5274 ἑκάστῳ
3612 5202 3694 5256 δι-

2128 5291 2291 5356 κάζον
2318 5291 2381 5343 τδ
2423 5293 2678 5357 συνειδὸς,
2711 5294 2804 5349 καὶ
2836 5294 3147 5349 διακεντοῦν
3194 5295 3285 5348 τὸν
3316 5294 3692 5366 ἡμαρτηκότα,

2132 5381 2223 5435 καὶ
2255 5378 2354 5450 τὴν
2376 5379 2483 5432 τῶν
2508 5380 2809 5450 εἰρημένων
2831 5381 3059 5453 δύναμιν
3085 5382 3335 5452 καθάπερ
3362 5381 3421 5448 ὲξ
3448 5380 3694 5449 ἀνάγκης

2133 5467 2329 5523 καλοῦν
2354 5468 2446 5521 ἐπὶ
2472 5468 2561 5522 τὸν
2583 5470 2848 5526 ὑπαίτιον.
2892 5471 3089 5527 Ἑννόει
3121 5471 3176 5524 δὲ
3203 5472 3350 5536 ὅπως
3383 5469 3694 5539 οἰκονομίας
