4062 6208
308 281 406 337 HI

1380 287 1451 342 IN
1484 286 1770 346 JOANNIS
1804 289 2250 352 EVANGELIUM
2290 298 2412 356 LIB.
2446 300 2533 359 IX.

3468 316 3571 374 ιιι

304 392 451 455 τινος
515 392 608 447 καὶ⁵
656 393 988 466 θεοπρεποῦς
1037 395 1386 463 ἀνεξικακίας
1418 400 1480 453 τὸ
1529 402 1763 473 πρᾶγμα
1793 421 1855 457 πε

1957 427 1968 468 ι
1999 412 2126 462 ante
2156 415 2373 478 tempus
2426 414 2693 470 multatus
2751 415 2969 483 fuisset,
3003 419 3328 492 insurgente
3360 427 3567 496 aliquo,

307 485 615 558 πλήρωται.
652 487 713 539 Ei
741 486 847 558 γὰρ
885 487 991 560 ἔφη
1032 490 1241 559 σαφῶς,
1275 490 1358 555 τίς
1402 494 1431 546 ό
1473 492 1766 565 προδώσων
1795 497 1894 550 αὐ-

304 576 420 640 τὸν,
476 575 767 647 πολεμίους
818 578 884 631 ἂν
916 579 1043 643 τοὺς
1095 579 1287 645 ἄλλους
1328 581 1479 653 αὐτῷ
1513 582 1888 656 ἐξειργάσατο,

305 667 405 722 καὶ
431 668 572 737 τάχα
590 685 644 721 τι
670 668 780 722 τῶν
806 670 1121 741 ἀνηκέστων
1161 673 1357 742 συνέϐη
1385 674 1600 741 παθεῖν,
1630 677 1723 731 καὶ
1753 680 1888 749 πρό-

304 774 449 828 ωρον
474 757 541 810 ἀν
573 759 859 829 ὑπομεῖναι
901 760 1078 829 δίκην,
1114 762 1261 833 ζήλῳ
1299 762 1378 833 τῷ
1431 764 1570 836 πρὸς
1601 766 1887 821 εὐσέϐειαν

302 849 726 920 διατεθηγμένου
773 852 937 915 τινὸς,
969 854 1063 906 καὶ
1113 855 1426 924 προανελεῖν
1472 857 1567 910 τοῦ
1613 859 1884 912 Δεσπότου

300 940 393 994 τὸν
427 942 691 1013 προδότην
745 943 1206 1013 ἐπιχειρήσαντος.
1254 946 1708 1018 ’Υπαινιξάμενος
1766 950 1882 1003 τοί-

299 1048 414 1089 νυν.
443 1034 539 1086 καὶ
570 1032 650 1102 τῷ
678 1034 935 1087 συνειδότι
964 1034 1161 1105 δριμὺν
1196 1035 1287 1089 τὸν
1328 1037 1547 1109 ἔλεγχον
1573 1040 1754 1108 ἀφεὶς,
1785 1041 1880 1093 ἀν-

295 1121 624 1192 αμίλλλητον
650 1122 819 1188 ἔδειξε
850 1124 951 1193 τῆς
986 1125 1211 1196 ἐνούσης
1256 1127 1405 1199 αὐτῷ
1442 1129 1791 1194 ἀνεξικακίας
1820 1131 1882 1184 τὸ

296 1213 551 1285 μέγεθος.
584 1215 775 1269 Καίτοι
829 1216 938 1287 γὰρ
987 1216 1144 1281 εἰδὼς
1187 1220 1288 1274 οὐκ
1333 1221 1535 1289 ἀγαθὸν
1572 1221 1701 1275 ὄντα
1750 1222 1881 1294 περ)⁵

289 1307 460 1359 αὐτὸν
499 1306 619 1361 οὐδὲ
663 1308 982 1378 εὐγνώμονα
1022 1311 1290 1383 μαθητὴν,
1334 1314 1449 1367 ἀλλ’
1483 1314 1742 1370 ὠδίνοντα
1778 1316 1878 1387 μὲν

286 1398 383 1451 τὸν
410 1398 476 1449 ἐκ
500 1398 597 1468 τῆς
639 1398 950 1471 διαϐολικῆς
978 1402 1202 1473 πικρίας
1253 1404 1348 1468 ἰὸν,
1382 1407 1877 1478 περισκεπτόμενον

284 1488 346 1542 δὲ
382 1489 505 1543 τίνα
526 1490 726 1560 τρόπον
753 1490 917 1545 αὐτὸν
944 1492 1191 1564 παραδῷ,
1216 1494 1508 1566 τετίμηκεν
1548 1498 1605 1551 ὲν
1639 1497 1737 1568 ίσῳ
1762 1501 1877 1561 τοῖς

283 1581 489 1645 ἄλλοις,
512 1583 758 1647 ἀπονίζοι
787 1584 893 1655 [ἲσ.
928 1586 1199 1649 ἀπονίζων
1226 1587 1304 1642 rel
1333 1588 1603 1661 ἅπονίζει]
1626 1590 1681 1642 δὲ
1707 1589 1872 1644 αὑτοῦ

284 1676 383 1729 καὶ
411 1676 537 1739 τοὺς
571 1676 758 1740 πόδας,
789 1678 951 1749 μέχρι
986 1680 1186 1745 παντὸς
1218 1681 1286 1735 τὰ
1330 1683 1394 1735 ὲκ
1432 1683 1533 1752 τῆς
1569 1683 1704 1747 ἰδίας
1732 1686 1871 1754 ἀγά-

1994 507 2051 556 et
2081 499 2298 558 Domini
2320 506 2657 573 proditorem
2681 509 2799 565 zelo
2826 510 3048 579 pietatis
3075 514 3142 569 de
3168 517 3347 571 medio
3379 520 3570 575 tollere

1993 602 2251 649 conante.
2280 593 2534 654 Obscuro
2573 600 2761 670 itaque
2811 618 3065 661 sermone
3110 623 3267 669 usus,
3320 618 3378 663 et
3431 625 3567 666 con-

1994 683 2248 741 scientia)
2262 701 2446 743 acrem
2467 691 2955 759 reprehensionem
2986 696 3329 766 relinquens,
3347 700 3565 753 incom-

1990 777 2291 843 parabilem
2315 795 2430 835 suae
2456 782 2734 851 patientiae
2762 787 3206 857 magnitudinem
3241 787 3561 844 declaravit.

1986 869 2253 933 Quamvis
2281 873 2573 946 enimjnec
2606 876 2755 945 pium
2807 893 2936 946 erga
2976 894 3036 934 se
3082 894 3184 934 nec
3227 888 3439 949 gratum
3475 879 3561 934 di-

1986 958 2259 1026 scipulum
2295 962 2489 1025 sciret,
2514 965 2610 1018 sed
2640 979 2707 1018 ex
2743 966 3045 1023 acerbitate
3090 967 3364 1024 diabolica
3396 986 3561 1025 vene-

1984 1062 2116 1101 num
2151 1059 2334 1106 mente
2363 1064 2673 1120 parantem,
2715 1063 2771 1110 et
2808 1055 2954 1125 apud
2995 1072 3055 1112 se
3103 1058 3403 1127 agitantem
3449 1074 3562 1128 quo

1984 1147 2145 1208 pacto
2174 1156 2299 1196 eum
2338 1146 2598 1207 traderet,
2629 1157 2811 1203 tamen
2844 1163 2969 1203 eum
3004 1150 3241 1235 perinde
3287 1166 3353 1206 ac
3399 1151 3541 1208 alios

1982 1229 2298 1297 honoravit,
2335 1234 2567 1304 ejusque
2609 1237 2778 1307 pedes
2842 1229 3027 1304 lavat,
3095 1256 3217 1311 qua:
3271 1242 3560 1299 charitatis

1979 1330 2107 1377 sunt
2131 1339 2364 1380 servans
2404 1342 2501 1395 per
2543 1330 2753 1395 omnia,
2785 1340 2838 1385 et
2870 1332 3191 1402 priusquam
3226 1335 3295 1389 ad
3348 1337 3556 1391 exitum

1977 1411 2214 1465 crimina
2253 1412 2517 1482 perducta
2550 1416 2684 1477 sint,
2723 1418 2861 1472 iram
2906 1436 3014 1474 non
3065 1422 3331 1478 inferens.
3390 1424 3558 1480 Istam

1975 1502 2120 1557 enim
2153 1508 2575 1575 praerogativam
2615 1510 2894 1578 prepriam
2928 1527 3050 1567 esse
3092 1522 3304 1570 natura:
3357 1516 3558 1571 divina:

1976 1594 2163 1649 videre
2190 1595 2341 1651 licet.
2376 1596 2486 1652 Nec
2516 1598 2663 1653 enim
2695 1600 2825 1667 quia
2847 1601 2997 1656 novit
3024 1601 3167 1658 Dens
3193 1620 3283 1659 res
3313 1605 3555 1669 futuras,

1975 1685 2185 1740 idcirco
2223 1698 2606 1757 praematuram
2663 1693 3003 1759 punitionem
3041 1693 3207 1749 infert
3254 1695 3551 1765 aliquibus.

284 1785 396 1838 πης
414 1767 617 1838 τηρῶν,
644 1769 739 1821 καὶ
757 1770 888 1841 πρὶν
914 1772 994 1835 είς
1021 1772 1171 1836 τέλος
1197 1773 1389 1827 ἐλάσαι
1420 1774 1488 1828 τά
1518 1775 1855 1847 ἐγκλήματα,

1970 1778 2067 1833 sed
2102 1780 2378 1848 patienter
2411 1780 2595 1837 ferens
2627 1782 2815 1851 potius
2845 1794 3057 1854 quanto
3093 1793 3344 1857 tempore
3384 1805 3552 1859 opor-

278 1857 382 1927 ἢν
413 1857 584 1928 ὀργὴν
625 1859 725 1912 οὐκ
776 1860 1063 1925 ἐπιτιθείς,
1093 1864 1251 1927 Ἵδοις
1281 1863 1391 1936 γὰρ
1441 1865 1506 1919 ἂν
1555 1867 1683 1921 ίδιον
1722 1869 1869 1934 ὅπως

278 1949 526 2019 ὑπάρχον
576 1950 672 2004 καὶ
736 1951 893 2006 τοῦτο
938 1953 1037 2024 τῆς
1094 1954 1230 2018 ἰδίας
1278 1955 1494 2025 φύσεως
1555 1957 1616 2011 τὸ
1675 1959 1866 2013 πλεον-

275 2041 515 2112 έκτημα.
541 2044 615 2096 Οὐ
639 2044 747 2116 γάρ
768 2046 999 2118 ἐπείπερ
1018 2042 1158 2102 οἶδεν
1187 2049 1216 2100 ὁ
1244 2049 1373 2113 Θεὸς
1406 2050 1474 2104 τὰ
1502 2052 1755 2123 ζεσόμενα,
1779 2053 1867 2107 διὰ

273 2132 434 2186 τοῦτο
459 2134 707 2205 πρόωρον
739 2136 988 2209 ἐπιφέρει
1022 2139 1132 2191 ’.τισῖ¹
1174 2140 1273 2212 τὴν
1324 2141 1574 2194 κόλασιν
1610 2142 1864 2209 ἀνεξικαο

271 2225 452 2294 κήσας
477 2226 535 2279 δὲ
564 2227 783 2297 μᾶλλον,
811 2228 934 2283 ὅσον
975 2229 1084 2283 ἔδει
1127 2234 1337 2303 καιρὸν,
1378 2235 1507 2287 ὅταν
1548 2234 1864 2305 ὠφελουμέ-

269 2333 397 2379 νους
429 2316 516 2388 ἴδῃ
546 2317 730 2387 μηδὲν,
772 2320 1110 2388 ἐμμένοντας
1137 2322 1194 2375 δὲ
1226 2324 1426 2393 μᾶλλον
1450 2326 1564 2387 τοῖς
1595 2326 1861 2396 αίρεθεῖσι

270 2409 487 2473 κακοῖς,
522 2409 739 2473 κολάζει
782 2412 989 2475 λοιπὸν,
1038 2414 1138 2484 τῆς
1183 2414 1503 2479 δυσϐουλίας
1539 2416 1600 2469 τὸ
1628 2418 1859 2489 πρᾶγμα

265 2495 515 2560 δεικνὺς,
540 2501 631 2551 καὶ
656 2499 753 2552 οὐκ
783 2500 943 2571 ἔργον
967 2501 1134 2566 ὅντως
1183 2504 1283 2574 τῆς
1328 2504 1466 2568 ἰδίας
1494 2504 1709 2576 βουλῆς,
1740 2507 1859 2577 ἦτοι

267 2583 572 2656 θελήσεως.
601 2589 708 2641 Καὶ
735 2590 860 2657 γοῦν
886 2590 974 2644 διὰ
1001 2591 1158 2646 τοῦτό
1187 2610 1353 2665 φησιν
1390 2593 1648 2667 Ἰεζεχιήλ
1666 2613 1681 2628 ο
1723 2614 1742 2649 ι
1773 2597 1859 2651 Ζῶ

263 2675 561 2747 ἐγὼ,λέγει
590 2679 805 2751 Κύριος,
837 2683 921 2736 ὄτι
950 2682 1012 2736 ού
1044 2682 1182 2738 Θέλω
1208 2685 1300 2739 τὸν
1331 2685 1558 2741 θάνατον
1587 2688 1680 2743 τοῦ
1716 2690 1857 2743 ἀποο

264 2768 614 2839 θνήσκοντος,
648 2773 723 2836 ὡς
760 2775 822 2827 τὸ
866 2777 1192 2846 ἐπιστρέψαι
1232 2780 1392 2832 αὐτὸν
1429 2781 1539 2834 ἀπὸ
1593 2782 1692 2853 τῆς
1733 2782 1855 2836 ὁδοῦ

262 2861 435 2915 αὑτοῦ
471 2862 570 2933 τῆς
613 2869 874 2937 πονηρᾶς,
909 2869 1003 2922 καὶ⁵
1049 2868 1151 2942 ζῇν
1189 2871 1373 2926 αὐτόν.
1416 2891 1433 2924 ι
1468 2874 1855 2945 Μακροθύμως

260 2953 555 3024 τοιγαροῦν
583 2957 675 3009 καὶ
708 2958 1045 3025 ἀνεξικάκως
1078 2962 1106 3014 ὁ
1157 2962 1358 3034 1ἱύριος
1385 2965 1546 3035 ἡμῶν
1589 2967 1795 3037 Ἰησοὺς
1823 2969 1853 3022 ό

262 3042 498 3114 Χριστὸς
540 3049 941 3117 συναναμιγνὺς
983 3049 1063 3103 ἔτι
1099 3054 1211 3115 τοῖς
1254 3052 1434 3117 ἄλλοις
1465 3055 1630 3109 αὐτοῦ
1677 3056 1880 3127 μαθη-’

1971 1869 2149 1934 tebat,
2181 1884 2307 1925 cum
2342 1872 2478 1925 nihil
2501 1872 2557 1926 id
2587 1873 2671 1928 eis
2694 1874 2961 1944 prodesse
2992 1877 3216 1941 viderit,
3244 1879 3339 1934 sed
3367 1882 3551 1951 potius

1971 1961 2133 2017 malis
2184 1963 2353 2017 semel
2411 1964 2687 2033 susceptis
2726 1967 3018 2035 inhaerere,
3085 1970 3241 2039 punit
3284 1972 3503 2026 demum
3532 2011 3550 2037 ,

1966 2054 2264 2109 ostendens
2315 2054 2368 2108 id
2426 2071 2613 2111 revera
2645 2072 2784 2127 opus
2832 2074 2955 2114 esse
2986 2060 3317 2116 inconsulta:
3350 2078 3547 2118 eorum

1965 2147 2313 2211 temeritatis,
2350 2163 2456 2202 non
2490 2164 2603 2204 suae
2635 2152 2950 2206 voluntatis.
2979 2152 3254 2218 Quocirca
3290 2157 3549 2213 Ezechiel

1964 2236 2074 2289 ait:
2116 2255 2133 2286 ι
2174 2236 2311 2290 Vivo
2341 2252 2464 2308 ego,
2498 2238 2632 2294 dicit
2664 2238 2951 2304 Dominus,
2986 2244 3115 2312 quia
3157 2246 3283 2300 nolo
3316 2256 3547 2302 martem

1964 2326 2274 2390 morientis,
2315 2344 2478 2398 quam
2512 2331 2759 2385 converti
2802 2332 2983 2400 ipsum
3012 2349 3042 2387 a
3070 2335 3158 2389 via
3221 2351 3321 2391 sua
3378 2339 3543 2405 mala,

1960 2424 2015 2470 et
2047 2418 2233 2473 vivere
2266 2420 2476 2474 eum".
2525 2439 2544 2471 ι
2586 2421 2901 2478 Clementer
2936 2425 3105 2494 igitur
3160 2435 3215 2480 et
3273 2428 3547 2496 patienter

1960 2504 2228 2562 Dominus
2259 2516 2450 2564 noster
2478 2507 2643 2567 Jesus
2668 2511 2923 2569 Christus
2956 2530 3065 2569 una
3095 2532 3220 2570 cum
3262 2519 3387 2573 aliis
3421 2518 3544 2574 suis

1958 2600 2254 2670 discipulis
2310 2600 2491 2655 adhuc
2552 2612 2804 2658 numerat
2862 2606 3226 2674 proditorem,
3289 2611 3543 2679 quamvis

1956 2688 2211 2743 diabolus
2239 2688 2352 2757 jam
2389 2690 2688 2745 intraverit
2727 2691 2781 2745 in
2811 2707 2908 2747 cor
2933 2694 3079 2761 ejus,
3115 2706 3175 2749 ut
3201 2714 3324 2752 cum
3359 2698 3544 2754 trade-

1956 2790 2062 2838 ret.
2094 2779 2423 2836 Necessario
2449 2782 2593 2836 enim
2628 2783 2733 2838 hoc
2767 2784 2912 2840 inter
2937 2786 3043 2839 alia
3083 2788 3151 2842 ab
3203 2791 3541 2859 evangelista

1957 2873 2121 2944 726
2153 2871 2501 2944 significatur
2525 2874 2706 2938 initio,
2745 2892 2869 2930 cum
2905 2877 3001 2941 ait,
3044 2896 3062 2929 ι
3117 2889 3170 2932 et
3203 2881 3367 2949 pedes
3416 2881 3539 2951 ejus

1958 2964 2111 3026 lavit,
2150 2982 2169 3015 ι
2222 2963 2662 3020 inexcusabilem
2712 2964 2831 3033 ejus
2881 2967 3218 3037 impietatem
3279 2972 3536 3039 reddens,

1955 3062 2016 3109 ut
2048 3055 2226 3110 insitae
2263 3055 2316 3110 ei
2367 3056 2743 3126 improbitatis
2803 3056 3020 3113 fructus
3082 3059 3321 3117 defectio
3378 3063 3538 3119 vide-

258 3139 383 3200 ταῖς
401 3137 495 3190 τὸν
526 3141 810 3213 προδότην,
844 3145 1020 3199 καίτοι
1045 3146 1139 3200 τοῦ
1174 3147 1420 3204 διαϐόλου
1451 3151 1552 3222 ἢδη
1585 3152 1844 3225 βεϐληκόο
1875 3146 1917 3203 C
1951 3155 2127 3203 retur.

256 3243 353 3292 τος
388 3226 500 3301 [γρ.
538 3231 853 3308 βεϐηκότος]
886 3238 967 3301 είς
1005 3238 1104 3310 τὴν
1134 3242 1361 3313 καρδίαν
1401 3244 1588 3306 αὐτοῦ,
1624 3244 1710 3298 ἵνα
1744 3243 1905 3298 αὑτὸν
1931 3237 2175 3311 παραδῷ.
2216 3238 2557 3307 Ἀναγκαίως
2611 3240 2721 3310 γὰρ
2753 3239 2913 3293 τοῦτο
2981 3241 3115 3311 πρὸς
3180 3245 3293 3306 τοῖς
3351 3242 3536 3301 ἄλλοις

257 3320 705 3393 ἐπισημήνασθαι
752 3328 845 3383 τὸν
893 3331 1283 3404 εὐαγγελιστὴν
1328 3337 1387 3388 ὲν
1420 3337 1635 3407 ἀρχαῖς,
1673 3358 1691 3390 ι
1729 3337 1840 3392 Καὶ
1878 3331 2043 3389 αὐτοῦ
2077 3331 2242 3395 πόδας
2277 3330 2478 3401 ἔνιψεν,
2515 3352 2532 3383 ι
2566 3332 2974 3403 ἀπροφάσιστον
3020 3334 3183 3386 αὑτοῦ
3218 3334 3342 3417 τὴν
3409 3337 3534 3390 δυσ-

258 3412 482 3468 σέϐειαν
533 3417 830 3487 ἀποτελῶν,
888 3423 976 3477 ῐνα
1034 3427 1246 3496 καρπὸς
1276 3428 1377 3499 τῆς
1425 3431 1651 3502 ἐνούσης
1693 3429 1844 3501 αὑτῷ
1880 3426 2200 3496 πονηρίαςὴ
2231 3426 2530 3488 ἀπόστασις
2559 3425 2837 3495 φαίνηται-

329 3506 463 3561 "Ora
488 3507 604 3562 οὖν
630 3509 807 3580 ἕνιψε
841 3513 984 3581 τοὺς
1015 3516 1206 3585 πόδας
1245 3518 1366 3573 τῶν
1392 3523 1698 3592 μαθητῶν,
1741 3524 1841 3579 καί

255 3596 436 3653 ἔλαϐε
480 3601 555 3654 τὰ
599 3601 798 3669 ἱμάτια
841 3605 1048 3667 αὐτοῦ.
1080 3609 1406 3665 ἀναπεσὼν
1441 3612 1649 3676 πάλιν,
1676 3612 1846 3669 εἷπεν

253 3689 464 3756 αὐτοῖς
486 3707 503 3722 ⁸
563 3692 899 3751 Γινώσκετε
966 3699 1025 3759 τι
1082 3702 1383 3770 πεποίηκα
1435 3704 1615 3773 ﬁnis»;
1660 3706 1845 3773 Ὑμεῖς

251 3782 508 3851 φωνεῖτέ
538 3801 637 3853 με,
684 3788 718 3839 ό
752 3789 967 3855 Κύριος
982 3791 1080 3845 καὶ
1114 3794 1148 3847 ὁ
1174 3792 1571 3862 Διδάσκαλος,
1604 3798 1702 3851 καί
1742 3817 1846 3853 κα·-

250 3870 375 3937 λῶς
417 3873 661 3942 λέγετε·
704 3876 820 3946 εἰμί
870 3877 1000 3947 γάρ.
1047 3884 1120 3935 Et
1162 3878 1278 3938 οὖν
1304 3885 1418 3953 ἐγὼ
1455 3886 1638 3956 ἔνιψα
1678 3889 1846 3958 ὑμῶν

250 3961 396 4024 τοὺς
438 3962 633 4029 πόδας
688 3967 722 4018 ό
776 3968 990 4036 Κύριος
1043 3970 1143 4024 καί
1198 3974 1232 4026 ό
1280 3974 1686 4043 Διδάσκαλος,
1738 3980 1837 4033 καί

250 4053 423 4120 ὑμεῖς
475 4055 747 4122 ὀφείλετε
799 4059 1092 4129 ἀλλήλων
1140 4062 1374 4118 νίπτειν
1425 4067 1566 4134 τοὺς
1623 4069 1833 4135 πόδας.

258 4140 616 4213 Ὑπόδειτμα
644 4146 754 4216 γὰρ
781 4148 1008 4205 δέδωκα
1033 4152 1196 4221 ὑμῖν,
1227 4155 1327 4210 ἵνα
1357 4157 1550 4225 καθὼς
1579 4160 1838 4229 ἐποίησα

249 4233 396 4301 ὑμῖν
425 4234 563 4304 ἐγὼ,
594 4238 693 4290 καί
725 4240 892 4308 ὑμεῖς
925 4243 1167 4299 ποιεῖτε.

333 4322 667 4394 ’Δναφανδὸν
695 4329 793 4400 ἤδη
840 4333 974 4402 φησὶ⁸
1005 4335 1104 4406 τὴν
1140 4336 1234 4391 τοῦ
1266 4340 1588 4412 πράγματος
1631 4346 1831 4412 αἰτίαν,

2016 3517 2154 3581 XIII,
2188 3518 2377 3572 ιεοιδ.
2415 3517 2707 3589 Postquam
2738 3535 2862 3590 ergo
2896 3519 3023 3573 larit
3053 3518 3209 3589 pedes
3238 3529 3532 3583 corum,.et

1940 3611 2139 3676 accepit
2156 3610 2471 3664 vestimenta
2493 3627 2617 3673 sua,
2648 3627 2766 3664 cum
2792 3610 3115 3664 recubuisset
3152 3613 3367 3676 iterum,
3392 3612 3531 3667 dixit

1941 3696 2058 3749 eis:
2089 3694 2249 3751 Scitis
2280 3697 2405 3767 quid
2436 3697 2652 3767 fecerim
2686 3698 2829 3754 vobis
2850 3700 2875 3751 .9
2914 3698 3016 3753 Vos
3044 3701 3246 3755 vocatis
3275 3718 3376 3767 me,
3411 3701 3533 3756 Ma-

1942 3786 2109 3856 gister
2137 3796 2187 3841 et
2224 3786 2508 3855 Dominus,
2543 3799 2594 3843 et
2634 3790 2760 3844 bene
2792 3791 2970 3845 dicitis
2998 3807 3016 3844 :
3061 3809 3180 3846 sum
3226 3795 3436 3850 etenim.
3469 3794 3531 3850 Si

1940 3892 2066 3946 ergo
2089 3877 2199 3932 lavi
2228 3880 2382 3948 pedes
2417 3890 2618 3936 vestros
2661 3881 2921 3936 Dominus
2957 3891 3006 3936 et
3039 3881 3320 3953 Magister,
3346 3894 3395 3939 et
3439 3902 3529 3941 vos

1939 3967 2134 4024 debetis
2174 3973 2311 4026 alter
2356 3973 2579 4027 alterius
2609 3973 2787 4029 lavare
2814 3974 2989 4045 pedes.
3020 3974 3340 4045 Exemplum
3384 3980 3525 4034 enim

1938 4060 2058 4115 dedi
2093 4060 2258 4123 nobis.
2286 4073 2344 4117 ut
2375 4066 2822 4135 quemadmodum
2869 4084 2963 4138 ego
3009 4069 3112 4138 feci
3144 4068 3318 4135 vobis,
3355 4071 3432 4125 ita
3473 4080 3525 4126 et

1939 4166 2027 4204 vos
2056 4153 2298 4223 faciatis.

2000 4335 2099 4392 Rei
2134 4349 2361 4390 causam
2422 4341 2613 4403 aperte
2661 4332 2775 4402 jam
2807 4332 3036 4404 profert,
3064 4342 3120 4388 et
3164 4335 3520 4407 incompara-

252 4413 347 4509 καὶ
373 4417 472 4485 τῆς
500 4416 832 4509 ἀσυγκρίτου
868 4429 1367 4501 ταπεινοφροσύνης
1402 4432 1463 4486 τὸ
1507 4435 1829 4509 ὑπόδειγμα,

1957 4429 2069 4483 ιὶιίε
2108 4426 2447 4482 humilitatis
2474 4424 2789 4494 exemplum
2839 4423 2907 4479 ad
2941 4436 3186 4480 nostram
3221 4414 3521 4485 utilitatem

248 4502 347 4596 τῆς
392 4506 474 4568 είς
518 4508 667 4577 ἡμᾶς
714 4510 898 4567 ἕνεκεν
944 4514 1212 4584 ὠφελείας
1259 4522 1591 4594 πεποιῆσθαι
1630 4502 1825 4596 φησινέ

250 4594 654 4691 ἀναπολόγητον
710 4602 768 4656 δὲ
827 4605 889 4657 τὸ
938 4607 1004 4661 ὲκ
1065 4610 1164 4681 τῆς
1223 4612 1523 4685 ὑπεροψίας
1576 4594 1828 4691 ἔγκλημα

249 4684 438 4750 τιθεὶς,
466 4689 778 4759 ἀναγκαίως
823 4695 1066 4769 εἰσφέρει
1117 4700 1212 4755 τοῦ
1260 4684 1830 4779 ίδίουνπροσῶπουῃτδ

248 4779 565 4868 περιφανές.
604 4781 696 4835 Ἐν
726 4783 835 4856 γὰρ
863 4784 926 4857 δὴ
980 4787 1048 4858 τῷ
1092 4790 1317 4863 τοιούτῳ
1340 4793 1613 4868 θεωρῆσαι
1649 4819 1734 4866 τις
1761 4803 1827 4858 ἂν

242 4866 304 4966 τό
459 4875 959 4966 ταπεινοφροσύνης
986 4879 1315 4954 ἀσύγκριτον
1340 4866 1588 4958 μέγεθος.
1624 4893 1696 4947 Τὸ
1728 4895 1826 4966 μὲν

239 4957 352 5054 γαρ
381 4960 440 5026 ἐξ
471 4962 666 5017 ἑαυτοῦ
693 4968 1111 5042 χαμαιρῤιφςῆ
1140 4974 1234 5027 καὶ
1261 4976 1414 5048 ἐντῷ
1441 4981 1631 5050 μηδενὶ
1649 4957 1836 5054 τεταγ-

240 5048 426 5117 μένον,
476 5054 620 5108 κατά
685 5059 838 5110 ποῖον
884 5057 951 5111 ἂν
997 5068 1499 5139 κατασμικρυνθείη
1545 5073 1761 5141 τρόπον,
1795 5075 1828 5145 ἢ

236 5136 360 5190 ὅποι
389 5142 632 5213 χωρήσει
660 5144 720 5199 τὸ
751 5148 902 5201 κάτω
942 5153 1210 5224 κείμενονς
1238 5155 1511 5229 θεωρῆσαι
1540 5160 1649 5232 γὰρ
1674 5162 1832 5218 τοῦτο

237 5228 348 5322 κα*ἱ
365 5232 416 5322 εἰ
447 5234 522 5302 μή
542 5251 595 5287 τι
622 5236 685 5290 τὸ
710 5240 1095 5308 καταϐιϐάζειν
1121 5247 1328 5301 ἀνωθεν
1362 5228 1629 5322 πεφυκόςί
1675 5256 1748 5310 Τὸ
1771 5257 1827 5310 δὲ

235 5319 295 5415 ἰν
320 5318 451 5389 ὕψει
497 5324 889 5398 Θεωρούμενον,
926 5336 983 5386 ἐν
1032 5339 1271 5410 ταπεινῷ
1317 5318 1559 5410 γεγονὸς,
1607 5345 1819 5415 θαυμάο

232 5407 411 5503 ζεταιί
447 5416 652 5488 κατέϐη
683 5419 792 5491 γὰρ
831 5424 908 5486 είς
948 5425 1088 5497 ὅπερ
1113 5429 1213 5482 οὐκ
1241 5407 1680 5503 ἦνξἏναγκαίως
1714 5407 1823 5491 τοι-

233 5496 442 5569 rapo-3v
499 5503 593 5557 καὶ
622 5506 651 5557 ὁ
683 5508 886 5581 Κύριος
915 5496 1071 5583 ἡμῶν
1109 5496 1315 5591 ’ἰησούς
1362 5526 1389 5577 ό
1432 5496 1674 5596 Χριστὸς⁷
1708 5531 1821 5592 τοῖς

315 5677 363 5709 ’τ
407 5676 609 5737 Ειεοίι.
642 5699 811 5755 ινιιιο,
848 5689 936 5745 52.

1936 4518 2279 4590 propositum
2306 4516 2408 4580 ait,
2444 4515 2825 4570 inexcusabile
2858 4531 2989 4570 vero
3012 4518 3280 4586 superbia:
3312 4520 3521 4575 criznt'tt

1935 4625 2212 4672 asserens,
2242 4609 2562 4664 necessario
2585 4622 2699 4662 sua:
2727 4622 2977 4676 personae
2998 4608 3307 4664 claritatem
3333 4612 3518 4667 infert.

1934 4699 1993 4755 In
2029 4701 2134 4756 hoc
2160 4705 2306 4756 enim
2346 4699 2682 4754 humilitatis
2716 4700 3169 4771 incomparabilis
3200 4704 3522 4772 magnitudo

1934 4793 2299 4863 coitspicitur.
2341 4791 2475 4846 Nam
2528 4791 2676 4862 quod
2738 4808 2806 4847 cx
2858 4795 3043 4862 seipso
3102 4801 3381 4849 terrenum
3436 4803 3521 4851 est

1933 4894 2100 4956 atque
2148 4886 2447 4953 abjectum,
2503 4885 2783 4954 quomodo
2837 4884 3118 4940 humiliari
3159 4895 3359 4957 potest,
3421 4900 3518 4945 aut

1930 4994 2172 5049 quonam
2208 4979 2487 5033 abiturum
2518 4990 2603 5033 est
2645 4979 2787 5047 quod
2822 4979 2964 5032 infra
2993 4980 3161 5048 jacet,
3198 4995 3301 5035 nec
3357 4984 3518 5036 aliter

1930 5085 1959 5123 a
1994 5079 2193 5125 natura
2231 5078 2609 5140 comparatum
2642 5078 2748 5137 est,
2792 5087 2956 5141 quam
2993 5081 3052 5125 ut
3082 5088 3322 5142 superne
3355 5074 3517 5128 deor-

1929 5174 2049 5213 sum
2111 5159 2343 5214 tendat?
2384 5158 2491 5215 Sed
2545 5163 2800 5231 quisquis
2874 5163 2926 5217 in
2980 5164 3094 5216 alto
3127 5171 3430 5232 spectatur,
3466 5167 3512 5221 si

1928 5249 2228 5319 depreSsus
2260 5248 2447 5314 fuerit,
2478 5250 2827 5307 admirationi
2858 5262 2940 5308 est
2968 5272 2981 5307 :
3015 5253 3068 5307 in
3104 5253 3158 5307 id
3189 5258 3335 5308 enim
3364 5257 3510 5327 quod

1930 5358 2039 5396 non
2094 5350 2211 5397 erat
2272 5342 2583 5397 descendit.
2616 5343 2945 5401 Necessario
2998 5346 3180 5415 itaque
3246 5346 3511 5406 Dominus

1930 5442 2118 5490 noster
2173 5433 2335 5490 Jcsus
2366 5436 2627 5493 Christus
2682 5437 2801 5493 suis
2864 5428 3177 5508 discipulis,
3239 5441 3349 5495 imo
3380 5457 3511 5497 vero

1930 5541 2025 5593 per
2057 5526 2177 5581 illos
2233 5527 2453 5582 cunctis
2517 5530 2846 5587 mortalibus
2900 5531 3128 5589 tradens
3179 5531 3508 5589 humilitatis
