4062 6208
473 306 579 363 ηε»

472 528 573 584 ego
603 511 708 566 lavi
741 513 907 581 pedes
945 521 1192 578 vestros,
1243 511 1325 567 sic
1353 519 1407 566 et
1440 525 1537 566 vos
1572 509 1752 565 facere
1787 509 2036 565 debetis:

473 601 568 657 sed
623 601 805 671 potius
847 600 1169 670 dignitatem
1215 616 1371 656 suam
1401 602 1554 672 prius
1587 601 1843 670 explicat,
1899 607 1956 656 et
2009 616 2039 654 a

475 703 668 748 natura
717 693 821 748 sibi
875 694 1094 750 insitam
1134 694 1475 748 nobilitatem
1520 708 1860 762 proponens,
1923 694 2040 763 ipsa

473 801 536 840 re
589 786 771 841 inanis
823 786 1010 856 gloria:
1047 785 1279 856 cupidos
1311 784 1626 840 confundit.
1665 805 1682 836 ι
1723 783 1831 838 Vos
1869 785 2036 850 enim,

476 879 677 948 inquit,
709 879 921 935 vocatis
961 894 1046 932 me
1117 877 1381 932 Dominus
1429 885 1484 932 et
1514 876 1788 947 Magister,
1818 885 1873 931 et
1905 876 2042 930 bene

475 970 682 1028 dicitis.
718 985 838 1025 smn
897 970 1117 1025 etenim.
1161 988 1179 1021 ι
1215 968 1457 1024 Observa
1507 976 1686 1022 autem
1719 983 1829 1038 quo
1884 979 2042 1037 pacto

477 1059 686 1113 interea
720 1059 849 1112 dum
880 1059 1144 1128 loquitur,
1173 1057 1520 1112 azdilicationi
1553 1071 1772 1126 quoque
1808 1055 2041 1110 creden-

475 1149 610 1202 tium
641 1149 943 1216 provideat,
973 1160 1026 1204 et
1058 1149 1348 1218 impiorum
1386 1148 1764 1203 haereticorum
1796 1149 2040 1217 linguam

474 1238 788 1307 petulantia:
826 1239 1036 1308 plenam
1067 1225 1180 1294 non
1209 1240 1448 1310 ignoret.
1489 1238 1624 1292 Cum
1659 1239 1804 1294 enim
1843 1239 1911 1293 ad
1960 1239 2043 1293 di-

475 1328 722 1397 scipulos
760 1344 891 1384 suos
929 1329 1171 1384 dixerit:
1215 1349 1233 1380 ι
1274 1329 1384 1384 Vos
1413 1330 1622 1384 vocatis
1663 1345 1748 1384 me
1781 1329 2042 1386 Dominus

473 1427 528 1474 et
556 1419 833 1490 Magister,
862 1440 879 1472 ι
921 1436 991 1475 ne
1031 1422 1156 1490 quis
1186 1421 1528 1475 existimaret
1569 1432 1765 1476 natura
1821 1423 2040 1492 quidem

476 1511 655 1579 ipsum
703 1527 810 1564 non
852 1526 976 1566 esse
1016 1511 1302 1564 Dominum
1353 1527 1532 1582 neque
1564 1511 1908 1584 Magistrum,
1947 1517 2040 1570 sed

475 1607 734 1670 tanquam
773 1601 998 1655 honoris
1045 1601 1164 1655 loco
1200 1601 1401 1656 habere
1463 1603 1608 1657 hanc
1662 1618 1692 1656 a
1752 1604 2044 1674 discipulis

475 1693 925 1762 appellationem,
958 1695 1274 1748 necessario
1325 1693 1559 1758 addidit,
1605 1695 1825 1750 illorum
1863 1698 2044 1768 suspi-

476 1784 663 1838 ciones
691 1792 964 1850 evertens,
997 1803 1014 1836 ι
1057 1784 1118 1838 Ει
1158 1785 1296 1840 bene
1325 1786 1552 1841 dicitis:
1591 1802 1711 1841 sum
1753 1788 1975 1842 etenim.
2018 1807 2036 1840 ι

476 1872 588 1927 Nec
626 1874 769 1927 enim
805 1875 1008 1928 nudum
1035 1875 1266 1931 honoris
1294 1891 1492 1931 nomen
1518 1878 1752 1948 adeptus
1777 1888 1860 1934 est
1887 1879 2040 1946 illud,

479 1963 761 2030 Dominus,
783 1967 944 2023 sicuti
971 1983 1094 2032 nos,
1119 1971 1209 2039 qui
1238 1970 1424 2024 famuli
1460 1987 1806 2027 remanemus
1827 1982 2043 2038 natura,

478 2060 732 2127 quamvis
765 2075 859 2129 per
913 2061 1074 2132 727
1127 2063 1358 2132 gratiam
1412 2064 1596 2133 dignis
1651 2066 1966 2120 nominibus
1993 2073 2047 2120 et

479 2157 732 2202 naturam
787 2152 1178 2208 excedentibus
1227 2154 1524 2208 illustrati:
1569 2154 1662 2209 sed
1715 2164 1798 2210 est
1849 2164 2046 2211 natura

478 2236 764 2306 Dominus,
796 2243 1070 2298 universis
1102 2243 1271 2299 rebus
1314 2231 1624 2314 imperans,
1662 2255 1721 2300 ut
1762 2247 1925 2309 Deus,
1980 2248 2044 2302 ad

477 2343 642 2397 quem
671 2331 873 2384 dictum
907 2341 991 2386 est
1037 2333 1241 2388 alicubi
1299 2351 1432 2390 voce
1471 2335 1813 2394 Psalmistaa:
1855 2359 1872 2390 ι
1910 2339 2046 2406 Quia

477 2420 661 2474 omnia
690 2421 942 2476 serviunt
978 2423 1076 2478 tibi
1099 2425 1165 2478 ".
1205 2443 1223 2476 ι
1265 2423 1360 2479 Est
1393 2435 1576 2479 autem
1606 2437 1660 2482 et
1704 2437 1901 2483 natura
1933 2445 2046 2484 ma-

476 2510 686 2581 gister:
738 2515 919 2570 omnis
951 2516 1100 2569 enim
1136 2517 1415 2589 sapientia
1475 2529 1560 2574 est
1624 2536 1654 2573 a
1713 2521 1960 2589 Domino,
1996 2533 2051 2578 et

477 2603 655 2658 omnis
708 2601 1066 2676 intelligentia
1103 2623 1200 2678 per
1256 2611 1457 2680 ipsum.
1517 2610 1854 2682 Sapientiam
1902 2615 2048 2669 enim

476 2693 615 2748 indit
665 2697 977 2764 spiritibus,
1030 2707 1089 2752 ut
1145 2701 1440 2770 sapientia,
1483 2712 1537 2758 et
1591 2707 1737 2757 omni
1785 2714 2050 2760 creatura:

476 2787 753 2849 rationali,
791 2789 1002 2844 emlesti
1031 2804 1095 2843 ac
1132 2797 1366 2845 terrena:
1393 2795 1801 2848 convenientem
1836 2795 2049 2850 intelle-

1481 305 1538 358 S.
1567 302 1842 360 CYRlLLl
1879 301 2344 357 ALEXANDRINI
2369 301 2685 358 ARCHIEP.

387 461 392 465 -
471 424 882 483 ducmnentum,
915 434 1019 474 non
1047 419 1372 490 simpliciter
1403 419 1479 473 ait
1508 439 1520 473 :
1570 418 2041 485 Quemadmodum

2151 414 2342 469 ἑαυτοῦ
2395 414 2684 486 μαθηταῖς,
2733 411 2930 482 μᾶλλον
2974 411 3029 466 δὲ
3071 411 3138 466 δι’
3170 412 3390 465 ἐκείνων
3441 415 3550 476 τοῖς
3616 415 3719 470 ἀνὰ

3599 301 3702 357 1‘25

2141 507 2318 558 πᾶσαν
2365 503 2464 575 τὴν
2507 503 2612 573 γῆν
2669 502 2730 555 τὸ
2782 503 2880 572 τῆς
2942 503 3436 573 ταπεινοφροσύνης
3491 503 3720 574 μάθημα

2138 595 2332 660 διδοὺς,
2385 593 2480 664 οὐχ
2528 592 2712 656 ἁπλῶς
2769 609 2952 664 φησιν,
3008 594 3089 646 ὅτι
3137 592 3346 664 ’Ὥσπερ
3398 590 3508 660 ἐγὼ
3559 592 3720 664 ἔνιψα

2141 685 2294 756 ὑμῶν
2320 685 2446 747 τοὺς
2491 684 2677 749 πόδας,
2710 682 2853 736 οὕτω
2898 683 2992 736 καὶ
3035 684 3191 753 ὑμεῖς
3229 683 3470 750 ὀφείλετε
3511 687 3714 738 πιιεῖνο

2141 776 2521 849 προεξηγεῖται
2561 774 2618 828 δὲ
2661 774 2858 845 μᾶλλον
2901 774 2964 827 τὸ
3014 773 3142 827 ίδιον
3190 772 3422 844 ἀξίωμα,
3478 775 3572 828 καὶ
3617 777 3722 846 τὴν

2140 868 2548 938 ἐνυπάρχουσαν
2605 865 2754 937 αὐτῷ
2817 866 3053 936 φυσικὴν
3099 865 3349 919 εὔκλειαν
3403 866 3723 938 παρατιθεὶς

2139 957 2482 1029 δυσωπεῖτῷ
2509 957 2794 1028 πράγματι
2845 957 2937 1010 τὸν
2976 956 3266 1026 φιλόδοξον.
3299 977 3318 1008 ι
3363 957 3550 1027 Ὑμεῖς
3587 958 3719 1028 γάρ,

2141 1050 2324 1119 φησὶν,
2356 1049 2510 1102 αὐτοὶ
2539 1047 2751 1103 καλεῖτέ
2785 1064 2874 1117 με,
2916 1049 2944 1100 ὁ
2972 1047 3174 1118 Κύριος
3199 1048 3293 1102 καὶ
3315 1051 3342 1102 ό
3368 1048 3720 1112 Διδάσκαλος,

2142 1141 2236 1193 καὶ
2281 1141 2463 1204 καλῶς
2502 1139 2711 1208 λέγετε,
2757 1140 2874 1210 sip).
2921 1139 3049 1211 γάρ.
3088 1158 3106 1191 ι
3146 1125 3426 1209 Ἐπιτήρει
3471 1139 3528 1193 δὲ
3573 1141 3724 1203 ὅπως

2142 1233 2237 1285 καὶ
2283 1233 2484 1302 μεταξὺ
2526 1230 2622 1284 τοῦ
2670 1230 2834 1299 λόγου
2883 1230 2984 1300 τῆς
3028 1229 3135 1284 τῶν
3187 1231 3548 1285 πιστευόντων
3585 1249 3723 1302 προ-

2143 1325 2362 1394 ενόησεν
2397 1323 2706 1394 οἰκοδομῆς,
2741 1325 2836 1376 καὶ
2885 1322 2981 1386 τὰς
3027 1322 3134 1375 τῶν
3167 1323 3395 1376 ἀνοσίων
3429 1323 3723 1395 αίρετικῶν

2142 1419 2241 1470 οὐκ
2280 1416 2517 1487 ἠγνόησε
2567 1415 2966 1485 γλωσσαλγίας.
3007 1415 3222 1485 Ἐπειδὴ
3282 1415 3391 1486 γὰρ
3433 1415 3536 1486 ἔφη
3584 1417 3722 1486 πρὸς

2141 1512 2265 1574 τοὺς
2301 1509 2492 1562 ἑαυτοῦ
2531 1508 2804 1580 μαθητάςο
2852 1527 2870 1559 ι
2917 1507 3104 1576 Ὑμεῖς
3159 1506 3373 1560 καλεῖτέ
3409 1523 3497 1577 με,
3537 1507 3565 1560 ὁ
3610 1507 3724 1560 Κύ-

2148 1618 2258 1672 ριος
2285 1602 2378 1654 καὶ
2409 1606 2436 1656 ὁ
2454 1601 2802 1664 Διδάσκαλος,
2830 1619 2848 1652 ι
2882 1599 2967 1652 ἵνα
3004 1599 3186 1669 μήτις
3215 1597 3392 1668 οἴηται
3425 1598 3582 1667 φύσει
3621 1600 3723 1669 μὲν

2143 1693 2305 1746 αὑτὸν
2328 1692 2428 1746 οὐκ
2461 1688 2600 1746 εἶναι
2627 1693 2829 1762 Κύριον
2855 1690 2977 1744 οὐδὲ
3003 1688 3339 1753 διδάσκαλον,
3363 1688 3505 1758 ἔχειν
3525 1705 3589 1757 γε
3617 1690 3725 1759 μὴν

2144 1785 2218 1848 ὡς
2265 1786 2321 1838 ὲν
2359 1783 2513 1851 τάξει
2559 1783 2725 1854 τιμῆς
2778 1781 2928 1854 παρὰ
2973 1781 3082 1834 τῶν
3131 1778 3406 1850 ἐσομένων
3453 1779 3599 1849 αύτῷ
3626 1780 3724 1848 τὴν

2145 1875 2499 1943 ἐπωνυμίαν,
2566 1872 2874 1940 ἀναγκαίως
2935 1870 3287 1941 προστέθεικε
3344 1868 3443 1932 τὰς
3500 1870 3724 1923 ἐκείνων

2145 1965 2381 2037 ἀναιρῶν
2403 1965 2672 2030 ὑπονοίας,
2711 1983 2729 2016 ι
2755 1965 2863 2017 Καὶ
2910 1962 3092 2025 καλῶς
3138 1961 3345 2029 λέγετε
3388 1961 3502 2031 είμὶ
3531 1961 3656 2032 γάρ.
3698 1977 3717 2010 ι

2147 2059 2220 2111 Ού
2265 2058 2373 2126 γὰρ
2405 2055 2558 2125 ψιλὸν
2611 2056 2781 2125 ὄνομα
2837 2054 3097 2121 κέκτηται
3147 2052 3312 2122 τιμῆς
3361 2051 3441 2116 τὸ,
3489 2053 3721 2119 Κύριος,

2146 2149 2397 2218 καθάπερ
2428 2148 2590 2218 ἡμεῖς
2638 2146 2846 2199 οἰκέται
2897 2143 3148 2216 μένοντες
3184 2141 3282 2212 τὴν
3316 2141 3496 2210 φύσιν,
3527 2142 3728 2212 λελαμο

2149 2239 2450 2312 πρυσμένοι
2481 2253 2544 2305 γε
2577 2237 2683 2308 μὴν
2711 2235 2851 2288 κατὰ
2872 2235 3030 2306 χάριν
3053 2238 3164 2298 τοῖς
3195 2233 3335 2304 ὑπὲρ
3365 2233 3526 2302 φύσιν
3544 2250 3602 2286 τε
3629 2232 3724 2287 καὶ

2145 2333 2315 2397 ἀξίοις
2350 2331 2634 2400 ὀνόμασιν·
2683 2327 2798 2382 ἀλλ’
2839 2326 2954 2379 ἔστι
2996 2329 3060 2396 τῇ
3110 2324 3270 2395 φύσει
3317 2324 3536 2395 Κύριος,
3587 2340 3725 2377 κατ-

2147 2424 2468 2489 εξουσιάζων
2498 2422 2606 2473 τῶν
2655 2419 2812 2482 ὅλων,
2839 2418 2914 2482 ὡς
2947 2417 3100 2483 Θεὸς,
3127 2417 3261 2486 πρὸς
3292 2416 3349 2470 ὃν
3378 2416 3590 2487 εἴρηταί
3619 2432 3726 2467 που

2146 2515 2234 2569 διὰ
2275 2515 2375 2585 τῆς
2403 2511 2495 2565 τοῦ
2533 2511 2827 2580 ψάλλοντος
2861 2508 3074 2579 φωνῆς·
3112 2528 3130 2559 ι
3163 2508 3288 2561 Ὅτι
3329 2507 3394 2559 τά
3433 2505 3726 2576 σύμπαντα

2145 2606 2308 2660 δοῧλά
2337 2623 2450 2658 σου.
2485 2622 2504 2655 ι
2541 2602 2692 2654 Ἔστι
2721 2601 2778 2653 δὲ
2801 2602 2868 2670 τῇ
2898 2598 3056 2668 φύσει
3085 2598 3178 2652 καὶ
3204 2597 3554 2661 διδάσκαλοςο
3579 2598 3726 2649 πᾶσα

2148 2698 2256 2769 γὰρ
2286 2696 2446 2764 σοφία
2475 2693 2627 2765 παρὰ
2653 2692 2880 2762 Κυρίου,
2905 2691 2997 2744 καὶ
3020 2691 3168 2744 πᾶσα
3202 2689 3415 2751 σύνεσις
3443 2688 3509 2741 δι’
3533 2687 3721 2740 αὑτοῦ.

2149 2790 2310 2857 Σοφοῖ
2351 2785 2459 2857 γὰρ
2485 2785 2561 2846 ὡς
2605 2783 2764 2850 σοφία
2798 2783 2868 2835 τὰ
2913 2781 3099 2852 νοητά,
3132 2781 3224 2833 καὶ
3269 2779 3419 2851 πάσῃ
3451 2778 3624 2831 κτίσει
3655 2779 3723 2849 τῇ

477 2885 627 2931 ctum
667 2879 877 2932 inserit.
929 2880 1404 2945 Quemadmodum
1447 2885 1592 2940 enim
1629 2885 1748 2955 ipse
1804 2901 1926 2940 cum
1977 2887 2050 2942 sit

2151 2879 2360 2948 λογικῇ,
2392 2873 2698 2946 ἐπουρανίῳ
2723 2890 2783 2926 τε
2821 2874 2916 2926 καὶ
2945 2871 3168 2940 ὲπιγείῳ
3193 2870 3291 2941 τὴν
3320 2871 3457 2940 αὐτῇ
3483 2869 3724 2940 πρέπου-

479 2968 784 3022 secundum
811 2980 1064 3024 naturam
1095 2972 1231 3034 vita,
1260 2975 1443 3028 omnia
1475 2976 1601 3030 vita:
1636 2979 1860 3047 capacia
1907 2979 2048 3033 vivi-

2151 2989 2248 3024 σαν
2300 2967 2573 3040 ὲνσπείρει
2624 2965 2862 3018 σύνεσιν.
2896 2964 3102 3035 Ὂνπερ
3153 2962 3260 3032 γάρ
3313 2962 3514 3030 τρόπον
3567 2960 3728 3022 αὐτὸς

481 3058 626 3124 licat,
661 3059 738 3113 ita
770 3075 892 3114 cum
933 3061 1005 3116 sit
1037 3063 1156 3132 ipse
1195 3064 1464 3132 sapientia
1522 3064 1735 3131 Patris,
1793 3069 2050 3125 omnibus

2151 3061 2408 3130 ὑπάρχων
2436 3060 2470 3129 ἡ
2509 3055 2650 3110 κατὰ
2676 3055 2835 3124 φύσιν
2883 3053 3017 3124 ζωὴ,
3065 3052 3324 3120 ζωογονεῖ
3362 3050 3429 3103 τὰ
3459 3050 3633 3104 πάντα
3660 3049 3729 3102 τὰ

481 3149 623 3205 indit
655 3151 934 3220 sapientiae
959 3153 1124 3218 dona,
1159 3169 1381 3210 sensum
1407 3157 1664 3212 videlicet
1719 3167 1773 3214 et
1825 3175 2040 3215 omnem

2148 3152 2294 3220 ζωῆς
2317 3148 2562 3210 δεκτικὰ,
2592 3147 2763 3209 οὓτως
2810 3144 3040 3215 ἐπείπερ
3082 3143 3241 3206 αὑτός
3293 3143 3440 3194 ἐστιν
3481 3143 3515 3210 ἡ
3567 3141 3727 3209 σοφία

482 3244 846 3314 cognitionem
887 3246 1178 3300 bonorum.
1211 3247 1420 3302 Natura
1446 3249 1632 3319 itaque
1661 3253 2045 3307 universorum

2151 3245 2238 3299 τοῦ
2270 3245 2502 3314 Πατρὸς,
2531 3243 2696 3296 πᾶσιν
2729 3241 2964 3310 ἐντίθησι
3000 3241 3069 3292 τά
3105 3237 3296 3307 σοφίας
3319 3237 3487 3308 δῶρα,
3524 3236 3727 3308 φρόνη-

482 3333 746 3392 Dominus
777 3345 859 3391 est
891 3353 956 3393 ac
1013 3339 1274 3410 magister
1303 3340 1499 3396 Filius.
1534 3342 1670 3396 Cum
1731 3359 1830 3414 ego
1861 3344 2044 3414 igitur,

483 3426 680 3498 inquit,
732 3436 915 3484 tantus
950 3428 1004 3482 in
1045 3430 1238 3500 gloria,
1273 3431 1342 3485 ad
1399 3440 1605 3486 tantam
1647 3448 1733 3488 me
1764 3433 2050 3491 demittere

485 3518 844 3574 humilitatem
875 3537 980 3574 non
1013 3522 1114 3576 sim
1175 3521 1521 3592 dedignatus,
1564 3531 1624 3577 ttt
1657 3525 1822 3578 etiam
1883 3526 2050 3595 pedes

482 3617 698 3664 vestros
725 3611 975 3674 laverim,
999 3611 1275 3681 quomodo
1307 3629 1406 3668 vos
1427 3616 1700 3670 recusatis
1725 3616 1864 3670 alter
1893 3618 2048 3671 alteri

483 3697 538 3752 id
568 3697 787 3754 facere?
817 3698 891 3753 Ex
937 3700 1024 3755 his
1058 3709 1238 3755 autem
1275 3701 1435 3757 docet
1491 3719 1598 3757 non
1631 3705 1830 3761 debere
1860 3723 2052 3776 quem-

485 3805 650 3859 quam
689 3800 877 3844 contra
914 3792 1144 3846 aliorum
1199 3793 1464 3850 honorem
1515 3797 1817 3852 insolenter
1846 3799 2050 3862 elTerri,

487 3881 581 3935 sed
651 3883 973 3938 existimare
1012 3899 1336 3940 conservqu
1379 3887 1717 3956 superiorem
1781 3904 1936 3954 esse,
1999 3898 2054 3944 et

2150 3355 2232 3391 σιν
2261 3335 2498 3406 δηλονότι
2548 3333 2641 3387 καλ¹
2670 3333 2849 3385 πᾶσαν
2877 3329 3082 3400 εἴδησιν
3125 3326 3365 3395 ἀγαθῶν.
3407 3326 3573 3379 Φύσει
3618 3342 3727 3378 τοι·

2148 3427 2351 3497 γαροῦν
2375 3425 2484 3480 τῶν
2507 3425 2643 3479 ὅλων
2681 3422 2884 3493 Κύριός
2913 3423 3028 3475 ὲστι
3052 3418 3146 3473 καὶ
3175 3417 3488 3479 διδάσκαλος
3513 3417 3542 3468 ὁ
3573 3416 3723 3477 Υἱός.

2151 3523 2282 3576 ’Ὀτε
2337 3519 2516 3573 τοίνυν
2563 3518 2591 3570 ό
2658 3515 2828 3587 μέγας
2893 3515 2950 3566 ὲν
2989 3511 3136 3582 δόξῃ,
3173 3511 3265 3564 καὶ
3317 3507 3566 3570 τοσοῦτος
3616 3505 3730 3576 ἐγὼ

2152 3613 2286 3683 πρὸς
2306 3611 2402 3682 τὴν
2421 3610 2563 3663 οὕτω
2609 3605 2958 3677 μικροπρεπῆ
2990 3600 3361 3658 καθικνεῖσθαι
3401 3599 3729 3652 ταπείνωσιν

2151 3706 2209 3757 οὐ
2254 3702 2591 3771 κατοκνήσας
2635 3698 2917 3766 φαίνομαι,
2963 3695 3038 3758 ὡς
3088 3693 3184 3748 καὶ
3227 3695 3353 3756 τοὺς
3385 3691 3538 3760 ὑμῶν
3585 3691 3727 3744 ἀπο-

2152 3793 2300 3859 νίψαι
2349 3789 2533 3853 πόδας,
2589 3787 2706 3851 πῶς
2762 3788 2828 3840 ἂν
2883 3785 2963 3838 έτι
3007 3785 3102 3838 καὶ
3141 3784 3314 3854 ὑμεῖς,
3348 3782 3502 3851 φησὶ,
3531 3797 3731 3850 παραι-

2152 3883 2330 3937 τεῖσθε
2363 3881 2608 3952 ἀλλήλοις
2653 3880 2863 3944 ποιεῖν;
2896 3877 3144 3930 Διδάσκει
3190 3875 3245 3928 δὲ
3280 3874 3370 3926 διὰ
3405 3872 3633 3932 τούτων,
3667 3871 3732 3924 τὸ

487 3972 794 4039 quavis‘in
856 3989 912 4028 re
965 3975 1413 4044 praeponendum.
1477 3974 1803 4031 Praeclarum
1868 3980 2050 4049 utique

2159 3974 2232 4042 μὴ
2263 3973 2361 4043 τῆς
2402 3971 2602 4042 ἑτέρων
2639 3969 2804 4039 τιμῆς
2839 3964 3361 4028 καταλαζονεύεσθαι
3392 3961 3584 4030 φιλεῖν,
3614 3960 3730 4012 ἀλλ’

488 4062 874 4118 documentum
905 4083 918 4118 :
957 4067 1212 4122 modesta:
1240 4068 1383 4122 enim
1416 4069 1580 4124 menti
1614 4080 1667 4124 et
1699 4085 1820 4140 quae
1853 4071 2050 4127 fastum

2155 4061 2487 4131 ὑπερφέρειν
2516 4058 2678 4113 αὐτοῦ
2706 4058 2797 4110 καί
2817 4055 3178 4126 προτετάχθαι
3218 4053 3360 4106 κατὰ
3411 4052 3520 4105 πᾶν
3552 4049 3732 4104 ὁτιοῦν

488 4164 804 4210 contemnat
847 4158 981 4211 nihil
1022 4165 1106 4214 est
1144 4161 1600 4228 comparandum,
1647 4171 1702 4216 et
1741 4164 1874 4218 nihil
1905 4181 2050 4232 aeque

2156 4153 2358 4206 οἴεσθαι
2383 4151 2472 4204 τὸν
2498 4149 2800 4220 ὁμόδουλον.
2845 4146 3021 4200 Καλόν
3043 4162 3107 4214 γε
3143 4144 3345 4214 σφόδρα
3373 4143 3434 4196 τὸ
3462 4141 3690 4232 μάθημα
3714 4155 3729 4169 ⁶

494 4246 688 4304 fratres
726 4259 776 4303 et
811 4251 1020 4305 amicos
1047 4251 1188 4305 inter
1217 4268 1276 4306 se
1312 4253 1524 4318 dividit,
1577 4269 1641 4308 ac
1693 4255 1908 4310 misera:
1943 4259 2050 4327 glo-

2160 4245 2500 4316 φρονήματος
2553 4242 2660 4311 γὰρ
2710 4239 3102 4308 ἁφιλοκομπεῖν
3169 4235 3420 4297 εἰωθότος
3491 4233 3591 4285 οὐκ
3641 4231 3730 4292 ἂν,

491 4339 648 4393 riola:
681 4339 956 4408 impotens
1010 4341 1196 4394 libido.
1250 4339 1474 4410 Semper
1503 4342 1649 4395 enim
1703 4343 1845 4412 quod
1882 4323 2050 4408 majus

2159 4332 2331 4406 οἶμαι,
2362 4335 2446 4396 τὶς
2475 4330 2738 4397 ἐπιδείξαι
2783 4330 2843 4383 τὸ
2887 4329 3021 4392 ἴσον,
3059 4326 3210 4380 οὐδέν
3242 4342 3301 4378 τε
3327 4323 3470 4377 οὕτω
3500 4323 3732 4391 διίστησι

492 4437 576 4481 est
606 4430 936 4497 appetimus,
969 4439 1021 4484 et
1051 4431 1177 4483 vani
1229 4431 1353 4484 vita:
1384 4431 1549 4498 hujus
1591 4431 1826 4488 honores
1880 4433 2050 4487 lubri-

2162 4429 2252 4480 καὶ
2275 4426 2534 4495 ἀδελφοὺς
2573 4425 2666 4477 καὶ
2706 4422 2915 4492 φίλους,
2947 4421 3022 4482 ὡς
3043 4421 3076 4489 ἡ
3105 4418 3213 4470 τῶν
3251 4416 3448 4469 ἀθλίων
3474 4413 3734 4484 δοξαρίων

495 4535 618 4572 cum
654 4527 904 4573 nostrum
946 4520 1192 4573 animum
1225 4521 1451 4589 adigunt
1487 4529 1544 4574 ut
1571 4523 1902 4578 clarioribus
1944 4540 2050 4578 ma-

2159 4517 2400 4589 ἁκρατὴς
2442 4515 2726 4586 ἐπιθυμία.
2761 4514 2874 4566 Ἀεὶ
2920 4512 3028 4582 γάρ
3066 4527 3183 4572 πως
3228 4508 3290 4561 τὸ
3325 4507 3505 4577 μεῖζον
3545 4504 3732 4576 αίρού-

495 4611 578 4679 gis
605 4624 668 4663 ac
699 4611 870 4680 magis
895 4609 1086 4665 inhiet.
1122 4611 1194 4666 Ut
1229 4611 1395 4680 igitur
1426 4619 1580 4666 tanto
1617 4615 1806 4667 morbo
1863 4616 2062 4670 libere-

499 4716 644 4765 mur,
704 4710 912 4754 actam
957 4701 1330 4756 detestandam
1381 4703 1658 4757 libidinem
1727 4707 2066 4762 excutiamus

499 4786 519 4860 (
545 4788 678 4842 nihil
707 4789 853 4842 enim
883 4789 1029 4844 aliud
1061 4799 1144 4845 est
1173 4790 1262 4844 ille
1292 4790 1614 4845 ambitionis
1643 4795 1867 4848 morbus
1901 4809 2064 4866 quam

501 4881 850 4949 pratstigize),
903 4881 1079 4950 ipsum
1130 4883 1516 4938 universorum
1576 4899 1754 4954 regem
1787 4885 2066 4940 Christum

501 4982 616 5026 toto
651 4973 832 5028 animo
864 4975 1318 5044 complectamur,
1351 4976 1444 5046 qui
1495 4976 1892 5046 discipulorum
1937 4994 2068 5032 suo-

505 5079 621 5116 rum
654 5062 820 5132 pedes
861 5064 1067 5119 idcirco
1106 5066 1258 5131 lavit,
1296 5077 1355 5120 ut
1395 5084 1496 5124 nos
1529 5068 1758 5123 invicem
1796 5068 1847 5122 id
1899 5067 2070 5121 facia-

506 5169 644 5208 mus.
685 5153 799 5208 lloc
825 5157 966 5209 enim
993 5165 1150 5225 pacto
1175 5159 1356 5213 omnis
1383 5160 1654 5228 superbiae
1673 5159 1868 5214 modus
1900 5159 2069 5213 inter-

505 5244 774 5310 cludetur,
807 5254 862 5301 et
889 5262 1054 5302 omne
1095 5264 1270 5319 genus
1322 5249 1612 5306 mandante
1637 5252 1950 5306 ambitionis
1984 5264 2072 5305 re-

506 5337 761 5408 pelletur.
814 5337 951 5392 Nam
1005 5340 1050 5395 si
1103 5340 1195 5395 ille
1253 5349 1446 5395 natura
1497 5341 1764 5398 Dominus
1811 5350 2071 5412 tanquam

506 5444 698 5483 servus
723 5427 903 5485 factus
927 5441 1032 5496 est,
1061 5432 1338 5502 quomodo
1361 5449 1460 5489 nos
1484 5435 1627 5489 servi
1658 5434 1864 5504 aliquid
1897 5434 2075 5488 istius-

509 5519 656 5574 modi
686 5517 830 5576 ferre
858 5521 994 5576 citra
1027 5523 1370 5593 gravissimae
1401 5539 1573 5596 paenae
1625 5523 1927 5591 periculum
1985 5537 2073 5578 re-

508 5629 744 5669 nuatnus
765 5613 788 5645 "

609 5791 630 5821 '
669 5790 816 5846 Psal.
855 5808 1058 5860 cxvtn,
1097 5793 1184 5848 9|.

2166 4610 2321 4680 μεθα,
2363 4611 2458 4663 καὶ
2496 4611 2608 4671 τοῖς
2648 4606 3049 4676 λαμπροτέροις
3094 4601 3363 4674 ὲπιπηδᾷν
3399 4602 3454 4652 αἱ
3498 4598 3734 4650 διάκενοι

2161 4701 2255 4754 τοῦ
2284 4702 2396 4771 βίου
2423 4701 2579 4769 τιμαί⁵
2605 4697 2696 4751 τὸν
2725 4694 2998 4749 εύόλισθον
3028 4691 3186 4762 ἡμῶν
3211 4688 3558 4744 ἀναπείθουσι
3586 4685 3732 4740 νοῦν.

2167 4796 2284 4846 Ἵνα
2323 4792 2500 4846 τοίνυν
2544 4791 2642 4860 τῆς
2679 4787 2935 4856 τοιαύτης
2982 4781 3372 4854 καταλήξωμεν
3409 4779 3586 4842 νόσου,
3638 4779 3736 4830 καὶ

2165 4887 2261 4956 τῆς
2285 4883 2428 4938 οὕτω
2456 4881 2714 4952 βδελυρᾶς
2741 4875 3187 4947 άποπαυσώμεθα
3218 4871 3510 4941 ἐπιθυμίας
3531 4869 3734 4939 (ἀπάτη

2164 4977 2292 5045 γὰρ,
2319 4976 2412 5029 καὶ
2447 4973 2535 5026 ἓτε
2544 4991 2634 5045 ρον
2661 4971 2812 5024 οὐδὲν
2842 4968 2903 5022 τὸ
2931 4966 3202 5037 φιλόδοξον
3232 4961 3444 5030 πάθος),
3471 4959 3631 5014 αὑτὸν
3656 4960 3737 5021 είς

2167 5070 2362 5121 οἰκεῖον
2406 5065 2689 5136 δεχώμεθα
2727 5061 2850 5117 νοῦν
2900 5061 2993 5115 τὸν
3038 5061 3294 5114 ἁπάντων
3348 5053 3569 5126 βασιλέα
3605 5053 3737 5122 Χρι-

2168 5157 2309 5217 στὸν,
2343 5156 2431 5209 διὰ
2470 5155 2628 5208 τοῦτο
2668 5152 2899 5222 νίψαντα
2944 5150 3051 5205 τῶν
3091 5147 3344 5221 μαθητῶν
3383 5146 3506 5207 τοὺς
3551 5141 3735 5204 πόδας,

2167 5248 2254 5302 ῐνα
2283 5249 2375 5301 καὶ
2401 5249 2559 5318 ἡμεῖς
2595 5245 2719 5308 τοὺς
2750 5243 3014 5314 ἀλλήλων.
3054 5242 3152 5295 Διὰ
3195 5240 3302 5309 γὰρ
3349 5236 3535 5289 τούτου
3577 5231 3740 5318 κολα-

2171 5316 2430 5412 σθήσεται
2461 5337 2558 5407 μὲν
2584 5337 2728 5399 ἅπας
2757 5334 3070 5399 ἀλαζονείας
3112 5330 3328 5401 τρόπος,
3351 5328 3492 5382 ἆπαν
3520 5323 3578 5377 δὲ
3603 5316 3740 5412 εἶδος

2171 5409 2440 5501 κοσμικῆς
2483 5425 2785 5496 φιλοδοξίας
2826 5421 3066 5477 ἐκποδὼν
3114 5422 3411 5490 οἰχήσεται.
3455 5416 3518 5468 Ei
3564 5409 3740 5501 rapo

2173 5499 2329 5591 φύσει
2374 5520 2577 5591 Κύριος
2643 5518 2718 5581 ὡς
2760 5515 2997 5584 οἰκέτης,
3041 5511 3156 5574 πῶς
3206 5510 3267 5562 τὸ
3305 5507 3488 5562 δοῦλον
3536 5503 3634 5556 οὐκ
3673 5499 3740 5553 ἂν

2174 5613 2344 5668 ἕλοιτό
2371 5630 2424 5666 τι
2457 5612 2648 5666 παθεῖν
2673 5610 2782 5663 τῶν
2806 5605 2953 5676 αύτῷ
2986 5623 3082 5676 πρε
3095 5601 3466 5660 πωδεστάτων,
3491 5595 3583 5649 καὶ
3622 5591 3740 5660 οὐχ).

2182 5704 2363 5758 λοιπὸν
2387 5704 2484 5774 τὴν
2512 5702 2735 5758 ἁπασῶν
2765 5699 2996 5768 ἐσχάτην
3022 5695 3250 5763 ἀποτίσῃ
3275 5693 3427 5758 δίκην
3451 5705 3465 5751 ;
