  <div class='ocr_page' id='page_1' title='image "/cluster/home/n/w/nwhite01/storage/ocr_20150623/74/hvd.32044048207120/068.png"; bbox 0 0 4062 6208; ppageno 0'>
   <div class='ocr_carea' id='block_1_1' title="bbox 292 327 399 383">
    <p class='ocr_par' dir='ltr' id='par_1_1' title="bbox 292 327 399 383">
     <span class='ocr_line' id='line_1_1' title="bbox 292 327 399 383; baseline -0.009 0"><span class='ocrx_word' id='word_1_1' title='bbox 292 327 399 383; x_wconf 67' lang='grc' dir='ltr'>ηε</span> 
     </span>
    </p>
   </div>
   <div class='ocr_carea' id='block_1_2' title="bbox 1385 323 2570 386">
    <p class='ocr_par' dir='ltr' id='par_1_2' title="bbox 1385 323 2570 386">
     <span class='ocr_line' id='line_1_2' title="bbox 1385 323 2570 386; baseline -0.006 -2"><span class='ocrx_word' id='word_1_2' title='bbox 1385 327 1453 384; x_wconf 79' lang='lat' dir='ltr'><strong>IN</strong></span> <span class='ocrx_word' id='word_1_3' title='bbox 1490 327 1777 386; x_wconf 73' lang='lat' dir='ltr'><strong>JOANNIS</strong></span> <span class='ocrx_word' id='word_1_4' title='bbox 1814 324 2268 383; x_wconf 77' lang='lat' dir='ltr'><strong>EVANGELIUM</strong></span> <span class='ocrx_word' id='word_1_5' title='bbox 2308 324 2437 380; x_wconf 82' lang='lat' dir='ltr'><strong>LIB.</strong></span> <span class='ocrx_word' id='word_1_6' title='bbox 2478 323 2570 378; x_wconf 80' lang='grc' dir='ltr'><strong>ΙΧ.</strong></span> 
     </span>
    </p>
   </div>
   <div class='ocr_carea' id='block_1_3' title="bbox 3431 318 3536 376">
    <p class='ocr_par' dir='ltr' id='par_1_3' title="bbox 3431 318 3536 376">
     <span class='ocr_line' id='line_1_3' title="bbox 3431 318 3536 376; baseline 0 0"><span class='ocrx_word' id='word_1_7' title='bbox 3431 318 3536 376; x_wconf 71' lang='grc' dir='ltr'><strong>1Ξό</strong></span> 
     </span>
    </p>
   </div>
   <div class='ocr_carea' id='block_1_4' title="bbox 372 435 1863 514">
    <p class='ocr_par' dir='ltr' id='par_1_4' title="bbox 372 441 1859 514">
     <span class='ocr_line' id='line_1_4' title="bbox 372 441 1859 514; baseline 0.001 -19"><span class='ocrx_word' id='word_1_8' title='bbox 372 441 583 510; x_wconf 72' lang='grc' dir='ltr'>Ἀμὴν,</span> <span class='ocrx_word' id='word_1_9' title='bbox 611 441 776 513; x_wconf 79' lang='grc' dir='ltr'>ἀμὴν</span> <span class='ocrx_word' id='word_1_10' title='bbox 806 441 962 513; x_wconf 73' lang='grc' dir='ltr'>λέγω</span> <span class='ocrx_word' id='word_1_11' title='bbox 986 442 1149 514; x_wconf 81' lang='grc' dir='ltr'>ὑμῖν,</span> <span class='ocrx_word' id='word_1_12' title='bbox 1177 445 1290 499; x_wconf 83' lang='grc' dir='ltr'>οὐκ</span> <span class='ocrx_word' id='word_1_13' title='bbox 1318 444 1450 500; x_wconf 70' lang='grc' dir='ltr'>ἐστι</span> <span class='ocrx_word' id='word_1_14' title='bbox 1479 445 1698 512; x_wconf 74' lang='grc' dir='ltr'>δοῦλος</span> <span class='ocrx_word' id='word_1_15' title='bbox 1730 443 1859 514; x_wconf 83' lang='grc' dir='ltr'>μεί-</span> 
     </span>
    </p>
   </div>
   <div class='ocr_carea' id='block_1_5' title="bbox 1965 435 3537 514">
    <p class='ocr_par' dir='ltr' id='par_1_5' title="bbox 2031 435 3537 505">
     <span class='ocr_line' id='line_1_5' title="bbox 2031 435 3537 505; baseline -0.003 -10"><span class='ocrx_word' id='word_1_16' title='bbox 2031 439 2173 505; x_wconf 79' lang='lat' dir='ltr'><strong>Xlll,</strong></span> <span class='ocrx_word' id='word_1_17' title='bbox 2204 441 2294 505; x_wconf 76' lang='grc'><strong>16,</strong></span> <span class='ocrx_word' id='word_1_18' title='bbox 2335 441 2416 493; x_wconf 86' lang='lat' dir='ltr'><strong>l7.</strong></span> <span class='ocrx_word' id='word_1_19' title='bbox 2457 440 2624 492; x_wconf 82' lang='lat' dir='ltr'><strong>Amen</strong></span> <span class='ocrx_word' id='word_1_20' title='bbox 2658 453 2807 490; x_wconf 78' lang='lat' dir='ltr'><strong>amen</strong></span> <span class='ocrx_word' id='word_1_21' title='bbox 2835 436 2955 490; x_wconf 82' lang='lat' dir='ltr'><strong>dico</strong></span> <span class='ocrx_word' id='word_1_22' title='bbox 2982 435 3148 500; x_wconf 77' lang='lat' dir='ltr'><strong>vobis,</strong></span> <span class='ocrx_word' id='word_1_23' title='bbox 3181 453 3282 491; x_wconf 81' lang='lat' dir='ltr'><strong>non</strong></span> <span class='ocrx_word' id='word_1_24' title='bbox 3311 445 3387 491; x_wconf 79' lang='lat' dir='ltr'><strong>est</strong></span> <span class='ocrx_word' id='word_1_25' title='bbox 3426 455 3537 493; x_wconf 80' lang='lat' dir='ltr'><strong>ser-</strong></span> 
     </span>
    </p>
   </div>
   <div class='ocr_carea' id='block_1_6' title="bbox 286 533 1863 609">
    <p class='ocr_par' dir='ltr' id='par_1_6' title="bbox 286 533 1863 609">
     <span class='ocr_line' id='line_1_6' title="bbox 286 533 1863 609; baseline 0.004 -22"><span class='ocrx_word' id='word_1_26' title='bbox 286 534 400 597; x_wconf 77' lang='grc' dir='ltr'><strong>ζων</strong></span> <span class='ocrx_word' id='word_1_27' title='bbox 439 533 549 588; x_wconf 83' lang='grc' dir='ltr'><strong>τοῦ</strong></span> <span class='ocrx_word' id='word_1_28' title='bbox 591 534 803 602; x_wconf 78' lang='grc' dir='ltr'>κυρίου</span> <span class='ocrx_word' id='word_1_29' title='bbox 833 536 1040 603; x_wconf 83' lang='grc' dir='ltr'>αὐτοῦ,</span> <span class='ocrx_word' id='word_1_30' title='bbox 1079 536 1225 591; x_wconf 69' lang='grc' dir='ltr'>οὐδὲ</span> <span class='ocrx_word' id='word_1_31' title='bbox 1268 538 1611 605; x_wconf 75' lang='grc' dir='ltr'>ἀπόστολος</span> <span class='ocrx_word' id='word_1_32' title='bbox 1652 533 1863 609; x_wconf 79' lang='grc' dir='ltr'>μείζων</span> 
     </span>
    </p>
   </div>
   <div class='ocr_carea' id='block_1_7' title="bbox 286 622 1864 696">
    <p class='ocr_par' dir='ltr' id='par_1_7' title="bbox 286 622 1864 696">
     <span class='ocr_line' id='line_1_7' title="bbox 286 622 1864 696; baseline 0.001 -18"><span class='ocrx_word' id='word_1_33' title='bbox 286 623 396 680; x_wconf 80' lang='grc' dir='ltr'><strong>τοῦ</strong></span> <span class='ocrx_word' id='word_1_34' title='bbox 419 622 775 693; x_wconf 74' lang='grc' dir='ltr'>πέμψαντος</span> <span class='ocrx_word' id='word_1_35' title='bbox 802 624 1009 679; x_wconf 82' lang='grc' dir='ltr'>αὐτόν.</span> <span class='ocrx_word' id='word_1_36' title='bbox 1036 628 1101 679; x_wconf 76' lang='lat' dir='ltr'><strong>Et</strong></span> <span class='ocrx_word' id='word_1_37' title='bbox 1128 626 1314 681; x_wconf 82' lang='grc' dir='ltr'>ταῦτα</span> <span class='ocrx_word' id='word_1_38' title='bbox 1343 626 1564 693; x_wconf 79' lang='grc' dir='ltr'>οἴδατε,</span> <span class='ocrx_word' id='word_1_39' title='bbox 1582 625 1864 696; x_wconf 78' lang='grc' dir='ltr'>μακάριοί</span> 
     </span>
    </p>
   </div>
   <div class='ocr_carea' id='block_1_8' title="bbox 288 714 1029 784">
    <p class='ocr_par' dir='ltr' id='par_1_8' title="bbox 288 714 1029 784">
     <span class='ocr_line' id='line_1_8' title="bbox 288 714 1029 784; baseline 0.001 -13"><span class='ocrx_word' id='word_1_40' title='bbox 288 716 451 779; x_wconf 72' lang='grc' dir='ltr'>ἐστε,</span> <span class='ocrx_word' id='word_1_41' title='bbox 482 716 594 771; x_wconf 76' lang='grc' dir='ltr'><strong>ἐὰν</strong></span> <span class='ocrx_word' id='word_1_42' title='bbox 623 714 831 784; x_wconf 72' lang='grc' dir='ltr'>ποιῆτε</span> <span class='ocrx_word' id='word_1_43' title='bbox 854 715 1029 772; x_wconf 81' lang='grc' dir='ltr'>αὐτά.</span> 
     </span>
    </p>
   </div>
   <div class='ocr_carea' id='block_1_9' title="bbox 362 803 1862 879">
    <p class='ocr_par' dir='ltr' id='par_1_9' title="bbox 362 803 1862 879">
     <span class='ocr_line' id='line_1_9' title="bbox 362 803 1862 879; baseline -0.001 -19"><span class='ocrx_word' id='word_1_44' title='bbox 362 806 565 878; x_wconf 82' lang='grc' dir='ltr'><strong>Νόμοις</strong></span> <span class='ocrx_word' id='word_1_45' title='bbox 599 806 723 879; x_wconf 77' lang='grc' dir='ltr'>[τον.</span> <span class='ocrx_word' id='word_1_46' title='bbox 761 805 983 878; x_wconf 77' lang='grc' dir='ltr'>ὅρκοις]</span> <span class='ocrx_word' id='word_1_47' title='bbox 1026 806 1217 877; x_wconf 84' lang='grc' dir='ltr'>ὥσπερ</span> <span class='ocrx_word' id='word_1_48' title='bbox 1260 805 1580 873; x_wconf 76' lang='grc' dir='ltr'><strong>ἀναγκαίοις</strong></span> <span class='ocrx_word' id='word_1_49' title='bbox 1631 803 1862 876; x_wconf 83' lang='grc' dir='ltr'><strong>ὀχυροῦν</strong></span> 
     </span>
    </p>
   </div>
   <div class='ocr_carea' id='block_1_10' title="bbox 289 893 1863 967">
    <p class='ocr_par' dir='ltr' id='par_1_10' title="bbox 289 893 1863 967">
     <span class='ocr_line' id='line_1_10' title="bbox 289 893 1863 967; baseline -0.003 -17"><span class='ocrx_word' id='word_1_50' title='bbox 289 897 484 950; x_wconf 74' lang='grc' dir='ltr'>ιπεται</span> <span class='ocrx_word' id='word_1_51' title='bbox 508 894 747 965; x_wconf 79' lang='grc' dir='ltr'>Χριστὸς</span> <span class='ocrx_word' id='word_1_52' title='bbox 785 894 882 948; x_wconf 85' lang='grc' dir='ltr'><strong>τοῦ</strong></span> <span class='ocrx_word' id='word_1_53' title='bbox 920 895 1317 965; x_wconf 82' lang='grc' dir='ltr'><strong>πεπραγμένου</strong></span> <span class='ocrx_word' id='word_1_54' title='bbox 1347 895 1446 967; x_wconf 76' lang='grc' dir='ltr'><strong>τήν</strong></span> <span class='ocrx_word' id='word_1_55' title='bbox 1473 893 1725 965; x_wconf 84' lang='grc' dir='ltr'>δύναμιν,</span> <span class='ocrx_word' id='word_1_56' title='bbox 1767 893 1863 947; x_wconf 74' lang='grc' dir='ltr'>καὶ</span> 
     </span>
    </p>
   </div>
   <div class='ocr_carea' id='block_1_11' title="bbox 286 986 1862 1060">
    <p class='ocr_par' dir='ltr' id='par_1_11' title="bbox 286 986 1862 1060">
     <span class='ocr_line' id='line_1_11' title="bbox 286 986 1862 1060; baseline -0.001 -20"><span class='ocrx_word' id='word_1_57' title='bbox 286 987 714 1060; x_wconf 81' lang='grc' dir='ltr'>σφαλερωτάτην</span> <span class='ocrx_word' id='word_1_58' title='bbox 749 987 1030 1052; x_wconf 82' lang='grc' dir='ltr'><strong>παντελῶς</strong></span> <span class='ocrx_word' id='word_1_59' title='bbox 1070 987 1363 1058; x_wconf 80' lang='grc' dir='ltr'><strong>ἀποφαίνει</strong></span> <span class='ocrx_word' id='word_1_60' title='bbox 1396 986 1496 1058; x_wconf 75' lang='grc' dir='ltr'><strong>τήν</strong></span> <span class='ocrx_word' id='word_1_61' title='bbox 1547 986 1862 1059; x_wconf 80' lang='grc' dir='ltr'>παράϐασιν</span> 
     </span>
    </p>
   </div>
   <div class='ocr_carea' id='block_1_12' title="bbox 281 1076 1862 1149">
    <p class='ocr_par' dir='ltr' id='par_1_12' title="bbox 281 1076 1862 1149">
     <span class='ocr_line' id='line_1_12' title="bbox 281 1076 1862 1149; baseline -0.001 -19"><span class='ocrx_word' id='word_1_62' title='bbox 281 1079 383 1149; x_wconf 80' lang='grc' dir='ltr'>τῆς</span> <span class='ocrx_word' id='word_1_63' title='bbox 409 1076 791 1149; x_wconf 81' lang='grc' dir='ltr'>σωτηριώδους</span> <span class='ocrx_word' id='word_1_64' title='bbox 825 1077 1065 1146; x_wconf 77' lang='grc' dir='ltr'>ἐντολῆς.</span> <span class='ocrx_word' id='word_1_65' title='bbox 1105 1078 1181 1131; x_wconf 77' lang='grc' dir='ltr'><strong>Τὸ</strong></span> <span class='ocrx_word' id='word_1_66' title='bbox 1215 1078 1324 1148; x_wconf 86' lang='grc' dir='ltr'><strong>γάρ</strong></span> <span class='ocrx_word' id='word_1_67' title='bbox 1380 1079 1528 1148; x_wconf 83' lang='grc' dir='ltr'>ὅρκῳ</span> <span class='ocrx_word' id='word_1_68' title='bbox 1566 1076 1862 1148; x_wconf 66' lang='grc' dir='ltr'>βεϐαιωθέν</span> 
     </span>
    </p>
   </div>
   <div class='ocr_carea' id='block_1_13' title="bbox 282 1165 1863 1238">
    <p class='ocr_par' dir='ltr' id='par_1_13' title="bbox 282 1165 1863 1238">
     <span class='ocr_line' id='line_1_13' title="bbox 282 1165 1863 1238; baseline -0.001 -18"><span class='ocrx_word' id='word_1_69' title='bbox 282 1168 386 1220; x_wconf 76' lang='grc' dir='ltr'>οὐκ</span> <span class='ocrx_word' id='word_1_70' title='bbox 407 1166 743 1236; x_wconf 75' lang='grc' dir='ltr'><strong>ἀνέγκλητον</strong></span> <span class='ocrx_word' id='word_1_71' title='bbox 780 1165 893 1235; x_wconf 76' lang='grc' dir='ltr'>ἔχει</span> <span class='ocrx_word' id='word_1_72' title='bbox 917 1166 1017 1236; x_wconf 84' lang='grc' dir='ltr'><strong>τήν</strong></span> <span class='ocrx_word' id='word_1_73' title='bbox 1057 1166 1438 1238; x_wconf 69' lang='grc' dir='ltr'><strong>παραδρομὴν.</strong></span> <span class='ocrx_word' id='word_1_74' title='bbox 1480 1167 1863 1237; x_wconf 83' lang='grc' dir='ltr'>Κατηγόρημα</span> 
     </span>
    </p>
   </div>
   <div class='ocr_carea' id='block_1_14' title="bbox 280 1256 1861 1329">
    <p class='ocr_par' dir='ltr' id='par_1_14' title="bbox 280 1256 1861 1329">
     <span class='ocr_line' id='line_1_14' title="bbox 280 1256 1861 1329; baseline -0.003 -16"><span class='ocrx_word' id='word_1_75' title='bbox 280 1259 500 1321; x_wconf 84' lang='grc' dir='ltr'>τοίνυν,</span> <span class='ocrx_word' id='word_1_76' title='bbox 530 1259 729 1329; x_wconf 78' lang='grc' dir='ltr'>φησὶν,</span> <span class='ocrx_word' id='word_1_77' title='bbox 775 1257 1187 1328; x_wconf 78' lang='grc' dir='ltr'><strong>ἀπροφάσιστον</strong></span> <span class='ocrx_word' id='word_1_78' title='bbox 1229 1259 1343 1321; x_wconf 88' lang='grc' dir='ltr'>τοῖς</span> <span class='ocrx_word' id='word_1_79' title='bbox 1378 1256 1620 1320; x_wconf 77' lang='grc' dir='ltr'><strong>οἰκέταις</strong></span> <span class='ocrx_word' id='word_1_80' title='bbox 1644 1299 1660 1322; x_wconf 95' lang='grc'><strong>,</strong></span> <span class='ocrx_word' id='word_1_81' title='bbox 1697 1258 1745 1309; x_wconf 89' lang='grc' dir='ltr'><strong>εί</strong></span> <span class='ocrx_word' id='word_1_82' title='bbox 1784 1256 1861 1329; x_wconf 78' lang='grc' dir='ltr'><strong>μή</strong></span> 
     </span>
    </p>
   </div>
   <div class='ocr_carea' id='block_1_15' title="bbox 280 1345 1863 1421">
    <p class='ocr_par' dir='ltr' id='par_1_15' title="bbox 280 1345 1863 1421">
     <span class='ocr_line' id='line_1_15' title="bbox 280 1345 1863 1421; baseline -0.003 -17"><span class='ocrx_word' id='word_1_83' title='bbox 280 1350 354 1404; x_wconf 85' lang='grc' dir='ltr'><strong>τά</strong></span> <span class='ocrx_word' id='word_1_84' title='bbox 379 1350 474 1404; x_wconf 88' lang='grc' dir='ltr'><strong>ίσα</strong></span> <span class='ocrx_word' id='word_1_85' title='bbox 498 1352 715 1421; x_wconf 80' lang='grc' dir='ltr'>φρονεῖν</span> <span class='ocrx_word' id='word_1_86' title='bbox 744 1347 979 1403; x_wconf 76' lang='grc' dir='ltr'>ἐθέλοιεν</span> <span class='ocrx_word' id='word_1_87' title='bbox 1011 1350 1123 1413; x_wconf 89' lang='grc' dir='ltr'>τοῖς</span> <span class='ocrx_word' id='word_1_88' title='bbox 1155 1347 1306 1410; x_wconf 82' lang='grc' dir='ltr'>ἰδίοις</span> <span class='ocrx_word' id='word_1_89' title='bbox 1328 1347 1634 1409; x_wconf 84' lang='grc' dir='ltr'>δεσπόταις.</span> <span class='ocrx_word' id='word_1_90' title='bbox 1668 1345 1863 1400; x_wconf 87' lang='grc' dir='ltr'>Πλεον-</span> 
     </span>
    </p>
   </div>
   <div class='ocr_carea' id='block_1_16' title="bbox 283 1438 1858 1513">
    <p class='ocr_par' dir='ltr' id='par_1_16' title="bbox 283 1438 1858 1513">
     <span class='ocr_line' id='line_1_16' title="bbox 283 1438 1858 1513; baseline -0.004 -16"><span class='ocrx_word' id='word_1_91' title='bbox 283 1443 408 1509; x_wconf 80' lang='grc' dir='ltr'>εξία</span> <span class='ocrx_word' id='word_1_92' title='bbox 450 1442 564 1513; x_wconf 83' lang='grc' dir='ltr'><strong>γάρ</strong></span> <span class='ocrx_word' id='word_1_93' title='bbox 604 1442 707 1513; x_wconf 80' lang='grc' dir='ltr'><strong>ήδη</strong></span> <span class='ocrx_word' id='word_1_94' title='bbox 738 1441 835 1495; x_wconf 72' lang='grc' dir='ltr'>καὶ</span> <span class='ocrx_word' id='word_1_95' title='bbox 861 1440 1049 1512; x_wconf 63' lang='grc' dir='ltr'>ἕτερον</span> <span class='ocrx_word' id='word_1_96' title='bbox 1086 1439 1259 1506; x_wconf 82' lang='grc' dir='ltr'>οὐδὲν,</span> <span class='ocrx_word' id='word_1_97' title='bbox 1291 1440 1353 1493; x_wconf 82' lang='grc' dir='ltr'>τὸ</span> <span class='ocrx_word' id='word_1_98' title='bbox 1388 1438 1484 1493; x_wconf 82' lang='grc' dir='ltr'><strong>τοῦ</strong></span> <span class='ocrx_word' id='word_1_99' title='bbox 1519 1438 1762 1510; x_wconf 80' lang='grc' dir='ltr'>μείζονός</span> <span class='ocrx_word' id='word_1_100' title='bbox 1799 1454 1858 1492; x_wconf 82' lang='grc' dir='ltr'><strong>τε</strong></span> 
     </span>
    </p>
   </div>
   <div class='ocr_carea' id='block_1_17' title="bbox 283 1529 1863 1607">
    <p class='ocr_par' dir='ltr' id='par_1_17' title="bbox 283 1529 1863 1607">
     <span class='ocr_line' id='line_1_17' title="bbox 283 1529 1863 1607; baseline -0.004 -18"><span class='ocrx_word' id='word_1_101' title='bbox 283 1535 382 1589; x_wconf 66' lang='grc' dir='ltr'><strong>καί⁵</strong></span> <span class='ocrx_word' id='word_1_102' title='bbox 425 1535 571 1607; x_wconf 77' lang='grc' dir='ltr'>ὑπὲρ</span> <span class='ocrx_word' id='word_1_103' title='bbox 614 1533 771 1599; x_wconf 83' lang='grc' dir='ltr'>ἀξίαν</span> <span class='ocrx_word' id='word_1_104' title='bbox 818 1534 985 1605; x_wconf 76' lang='grc' dir='ltr'>ὲρᾷνο</span> <span class='ocrx_word' id='word_1_105' title='bbox 1036 1532 1358 1596; x_wconf 79' lang='grc' dir='ltr'>ἀποστόλοις</span> <span class='ocrx_word' id='word_1_106' title='bbox 1404 1549 1464 1585; x_wconf 89' lang='grc' dir='ltr'><strong>τε</strong></span> <span class='ocrx_word' id='word_1_107' title='bbox 1513 1530 1717 1600; x_wconf 86' lang='grc' dir='ltr'>ὁμοίως</span> <span class='ocrx_word' id='word_1_108' title='bbox 1762 1529 1863 1602; x_wconf 81' lang='grc' dir='ltr'>τὴν</span> 
     </span>
    </p>
   </div>
   <div class='ocr_carea' id='block_1_18' title="bbox 283 1620 1863 1695">
    <p class='ocr_par' dir='ltr' id='par_1_18' title="bbox 283 1620 1863 1695">
     <span class='ocr_line' id='line_1_18' title="bbox 283 1620 1863 1695; baseline -0.004 -17"><span class='ocrx_word' id='word_1_109' title='bbox 283 1623 459 1695; x_wconf 78' lang='grc' dir='ltr'>αὐτὴν</span> <span class='ocrx_word' id='word_1_110' title='bbox 492 1623 558 1677; x_wconf 77' lang='grc' dir='ltr'>ἂν</span> <span class='ocrx_word' id='word_1_111' title='bbox 587 1622 811 1687; x_wconf 84' lang='grc' dir='ltr'>εἰκότως</span> <span class='ocrx_word' id='word_1_112' title='bbox 854 1621 1069 1676; x_wconf 83' lang='grc' dir='ltr'>ὲποίσαι</span> <span class='ocrx_word' id='word_1_113' title='bbox 1099 1622 1316 1694; x_wconf 77' lang='grc' dir='ltr'>γραφὴν</span> <span class='ocrx_word' id='word_1_114' title='bbox 1339 1664 1354 1688; x_wconf 92' lang='grc'><strong>,</strong></span> <span class='ocrx_word' id='word_1_115' title='bbox 1391 1625 1452 1675; x_wconf 75' lang='grc' dir='ltr'>τὸ</span> <span class='ocrx_word' id='word_1_116' title='bbox 1487 1624 1546 1679; x_wconf 80' lang='grc' dir='ltr'>ὲν</span> <span class='ocrx_word' id='word_1_117' title='bbox 1585 1620 1863 1691; x_wconf 83' lang='grc' dir='ltr'>ἀμείνοσιν</span> 
     </span>
    </p>
   </div>
   <div class='ocr_carea' id='block_1_19' title="bbox 283 1710 1859 1787">
    <p class='ocr_par' dir='ltr' id='par_1_19' title="bbox 283 1710 1859 1787">
     <span class='ocr_line' id='line_1_19' title="bbox 283 1710 1859 1787; baseline -0.004 -18"><span class='ocrx_word' id='word_1_118' title='bbox 283 1711 426 1770; x_wconf 78' lang='grc' dir='ltr'>εἶναι</span> <span class='ocrx_word' id='word_1_119' title='bbox 457 1714 643 1787; x_wconf 75' lang='grc' dir='ltr'>ζητεῖν</span> <span class='ocrx_word' id='word_1_120' title='bbox 667 1756 683 1781; x_wconf 91' lang='grc'><strong>,</strong></span> <span class='ocrx_word' id='word_1_121' title='bbox 714 1713 748 1785; x_wconf 78' lang='grc' dir='ltr'>ἢ</span> <span class='ocrx_word' id='word_1_122' title='bbox 786 1717 845 1768; x_wconf 77' lang='grc' dir='ltr'>ἐν</span> <span class='ocrx_word' id='word_1_123' title='bbox 892 1710 975 1777; x_wconf 75' lang='grc' dir='ltr'>οἷς</span> <span class='ocrx_word' id='word_1_124' title='bbox 1011 1715 1159 1767; x_wconf 74' lang='grc' dir='ltr'>ἐστιν</span> <span class='ocrx_word' id='word_1_125' title='bbox 1195 1716 1223 1768; x_wconf 89' lang='grc' dir='ltr'><strong>ό</strong></span> <span class='ocrx_word' id='word_1_126' title='bbox 1268 1713 1593 1776; x_wconf 78' lang='grc' dir='ltr'>ἀποστείλας</span> <span class='ocrx_word' id='word_1_127' title='bbox 1641 1711 1859 1774; x_wconf 82' lang='grc' dir='ltr'>αὐτούς.</span> 
     </span>
    </p>
   </div>
   <div class='ocr_carea' id='block_1_20' title="bbox 1961 526 3536 601">
    <p class='ocr_par' dir='ltr' id='par_1_20' title="bbox 1961 526 3536 601">
     <span class='ocr_line' id='line_1_20' title="bbox 1961 526 3536 601; baseline -0.003 -13"><span class='ocrx_word' id='word_1_128' title='bbox 1961 550 2054 588; x_wconf 75' lang='lat' dir='ltr'><strong>vus</strong></span> <span class='ocrx_word' id='word_1_129' title='bbox 2081 532 2255 601; x_wconf 88' lang='lat' dir='ltr'><strong><em>major</em></strong></span> <span class='ocrx_word' id='word_1_130' title='bbox 2284 531 2498 586; x_wconf 85' lang='lat' dir='ltr'><strong>domino</strong></span> <span class='ocrx_word' id='word_1_131' title='bbox 2524 545 2642 595; x_wconf 84' lang='lat' dir='ltr'><strong>suo,</strong></span> <span class='ocrx_word' id='word_1_132' title='bbox 2671 543 2833 598; x_wconf 82' lang='lat' dir='ltr'><strong>neque</strong></span> <span class='ocrx_word' id='word_1_133' title='bbox 2860 526 3134 595; x_wconf 75' lang='lat' dir='ltr'><strong>apostolus</strong></span> <span class='ocrx_word' id='word_1_134' title='bbox 3165 527 3339 595; x_wconf 85' lang='lat' dir='ltr'><strong>major</strong></span> <span class='ocrx_word' id='word_1_135' title='bbox 3366 538 3443 582; x_wconf 79' lang='lat' dir='ltr'><strong>est</strong></span> <span class='ocrx_word' id='word_1_136' title='bbox 3476 545 3536 583; x_wconf 84' lang='lat' dir='ltr'><strong>eo</strong></span> 
     </span>
    </p>
   </div>
   <div class='ocr_carea' id='block_1_21' title="bbox 1959 619 3584 707">
    <p class='ocr_par' dir='ltr' id='par_1_21' title="bbox 1959 619 3584 707">
     <span class='ocr_line' id='line_1_21' title="bbox 1959 619 3584 707; baseline -0.004 -28"><span class='ocrx_word' id='word_1_137' title='bbox 1959 626 2051 696; x_wconf 84' lang='lat' dir='ltr'><strong>qui</strong></span> <span class='ocrx_word' id='word_1_138' title='bbox 2073 626 2218 679; x_wconf 77' lang='lat' dir='ltr'><strong>misit</strong></span> <span class='ocrx_word' id='word_1_139' title='bbox 2252 624 2425 678; x_wconf 84' lang='lat' dir='ltr'><strong>illum.</strong></span> <span class='ocrx_word' id='word_1_140' title='bbox 2465 620 2526 677; x_wconf 86' lang='lat' dir='ltr'><strong>Si</strong></span> <span class='ocrx_word' id='word_1_141' title='bbox 2557 623 2668 677; x_wconf 77' lang='lat' dir='ltr'><strong>lucc</strong></span> <span class='ocrx_word' id='word_1_142' title='bbox 2692 620 2867 684; x_wconf 81' lang='lat' dir='ltr'><strong>scitis,</strong></span> <span class='ocrx_word' id='word_1_143' title='bbox 2906 619 3046 674; x_wconf 79' lang='lat' dir='ltr'><strong>beati</strong></span> <span class='ocrx_word' id='word_1_144' title='bbox 3098 620 3271 685; x_wconf 80' lang='lat' dir='ltr'><strong>eritis,</strong></span> <span class='ocrx_word' id='word_1_145' title='bbox 3317 619 3363 671; x_wconf 79' lang='lat' dir='ltr'><strong>si</strong></span> <span class='ocrx_word' id='word_1_146' title='bbox 3398 619 3537 687; x_wconf 79' lang='lat' dir='ltr'><strong>{ece-</strong></span> 
     </span>
    </p>
   </div>
   <div class='ocr_carea' id='block_1_22' title="bbox 1961 714 3583 771">
    <p class='ocr_par' dir='ltr' id='par_1_22' title="bbox 1961 714 3583 771">
     <span class='ocr_line' id='line_1_22' title="bbox 1961 714 3583 771; baseline 0.009 0"><span class='ocrx_word' id='word_1_147' title='bbox 1961 717 2080 771; x_wconf 82' lang='lat' dir='ltr'><strong>ritis</strong></span> <span class='ocrx_word' id='word_1_148' title='bbox 2102 733 2187 771; x_wconf 79' lang='lat' dir='ltr'><strong>ea.</strong></span> <span class='ocrx_word' id='word_1_149' title='bbox 3576 714 3583 725; x_wconf 59' lang='grc'>’</span> 
     </span>
    </p>
   </div>
   <div class='ocr_carea' id='block_1_23' title="bbox 2030 800 3537 863">
    <p class='ocr_par' dir='ltr' id='par_1_23' title="bbox 2030 800 3537 863">
     <span class='ocr_line' id='line_1_23' title="bbox 2030 800 3537 863; baseline -0.007 -1"><span class='ocrx_word' id='word_1_150' title='bbox 2030 807 2371 863; x_wconf 69' lang='lat' dir='ltr'><strong>iuramentis</strong></span> <span class='ocrx_word' id='word_1_151' title='bbox 2411 806 2579 861; x_wconf 90' lang='lat' dir='ltr'><strong>veluti</strong></span> <span class='ocrx_word' id='word_1_152' title='bbox 2621 804 2957 860; x_wconf 76' lang='lat' dir='ltr'><strong>necessariis</strong></span> <span class='ocrx_word' id='word_1_153' title='bbox 3025 802 3157 857; x_wconf 83' lang='lat' dir='ltr'><strong>facti</strong></span> <span class='ocrx_word' id='word_1_154' title='bbox 3209 801 3321 855; x_wconf 91' lang='lat' dir='ltr'><strong>vim</strong></span> <span class='ocrx_word' id='word_1_155' title='bbox 3356 800 3537 854; x_wconf 78' lang='lat' dir='ltr'><strong>ﬁrmat</strong></span> 
     </span>
    </p>
   </div>
   <div class='ocr_carea' id='block_1_24' title="bbox 1960 891 3536 967">
    <p class='ocr_par' dir='ltr' id='par_1_24' title="bbox 1960 891 3536 967">
     <span class='ocr_line' id='line_1_24' title="bbox 1960 891 3536 967; baseline -0.006 -13"><span class='ocrx_word' id='word_1_156' title='bbox 1960 899 2235 964; x_wconf 78' lang='lat' dir='ltr'><strong>Christus,</strong></span> <span class='ocrx_word' id='word_1_157' title='bbox 2291 907 2345 953; x_wconf 90' lang='lat' dir='ltr'><strong>et</strong></span> <span class='ocrx_word' id='word_1_158' title='bbox 2399 896 2911 967; x_wconf 58' lang='lat' dir='ltr'><strong>praevaricationem</strong></span> <span class='ocrx_word' id='word_1_159' title='bbox 2976 894 3237 950; x_wconf 86' lang='lat' dir='ltr'><strong>salutaris</strong></span> <span class='ocrx_word' id='word_1_160' title='bbox 3276 891 3536 963; x_wconf 65' lang='lat' dir='ltr'><strong>pracepti</strong></span> 
     </span>
    </p>
   </div>
   <div class='ocr_carea' id='block_1_25' title="bbox 1960 982 3537 1060">
    <p class='ocr_par' dir='ltr' id='par_1_25' title="bbox 1960 982 3537 1060">
     <span class='ocr_line' id='line_1_25' title="bbox 1960 982 3537 1060; baseline -0.004 -16"><span class='ocrx_word' id='word_1_161' title='bbox 1960 990 2286 1060; x_wconf 71' lang='lat' dir='ltr'><strong>periculosae</strong></span> <span class='ocrx_word' id='word_1_162' title='bbox 2341 989 2560 1059; x_wconf 87' lang='lat' dir='ltr'><strong>plenam</strong></span> <span class='ocrx_word' id='word_1_163' title='bbox 2640 988 2770 1041; x_wconf 64' lang='lat' dir='ltr'><strong>aleae</strong></span> <span class='ocrx_word' id='word_1_164' title='bbox 2836 986 3100 1043; x_wconf 91' lang='lat' dir='ltr'><strong>ostendit.</strong></span> <span class='ocrx_word' id='word_1_165' title='bbox 3166 982 3324 1051; x_wconf 85' lang='lat' dir='ltr'><strong>Quod</strong></span> <span class='ocrx_word' id='word_1_166' title='bbox 3388 984 3537 1038; x_wconf 90' lang='lat' dir='ltr'><strong>enim</strong></span> 
     </span>
    </p>
   </div>
   <div class='ocr_carea' id='block_1_26' title="bbox 1953 1075 3536 1152">
    <p class='ocr_par' dir='ltr' id='par_1_26' title="bbox 1953 1075 3536 1152">
     <span class='ocr_line' id='line_1_26' title="bbox 1953 1075 3536 1152; baseline -0.006 -16"><span class='ocrx_word' id='word_1_167' title='bbox 1953 1080 2321 1152; x_wconf 84' lang='lat' dir='ltr'><strong>jurejurando</strong></span> <span class='ocrx_word' id='word_1_168' title='bbox 2366 1080 2645 1134; x_wconf 88' lang='lat' dir='ltr'><strong>lirmatum</strong></span> <span class='ocrx_word' id='word_1_169' title='bbox 2704 1078 2871 1149; x_wconf 76' lang='lat'><strong>728</strong></span> <span class='ocrx_word' id='word_1_170' title='bbox 2924 1087 3030 1144; x_wconf 88' lang='lat' dir='ltr'><strong>est,</strong></span> <span class='ocrx_word' id='word_1_171' title='bbox 3064 1092 3172 1132; x_wconf 89' lang='lat' dir='ltr'><strong>non</strong></span> <span class='ocrx_word' id='word_1_172' title='bbox 3206 1078 3328 1131; x_wconf 85' lang='lat' dir='ltr'><strong>sine</strong></span> <span class='ocrx_word' id='word_1_173' title='bbox 3374 1075 3536 1144; x_wconf 85' lang='lat' dir='ltr'><strong>culpa</strong></span> 
     </span>
    </p>
   </div>
   <div class='ocr_carea' id='block_1_27' title="bbox 1961 1167 3537 1245">
    <p class='ocr_par' dir='ltr' id='par_1_27' title="bbox 1961 1167 3537 1245">
     <span class='ocr_line' id='line_1_27' title="bbox 1961 1167 3537 1245; baseline -0.006 -16"><span class='ocrx_word' id='word_1_174' title='bbox 1961 1173 2420 1245; x_wconf 66' lang='lat' dir='ltr'><strong>praetermittitur.</strong></span> <span class='ocrx_word' id='word_1_175' title='bbox 2449 1171 2674 1227; x_wconf 80' lang='lat' dir='ltr'><strong>Crimen</strong></span> <span class='ocrx_word' id='word_1_176' title='bbox 2716 1170 2887 1239; x_wconf 89' lang='lat' dir='ltr'><strong>igitur</strong></span> <span class='ocrx_word' id='word_1_177' title='bbox 2917 1168 3301 1225; x_wconf 80' lang='lat' dir='ltr'><strong>inexcusabile</strong></span> <span class='ocrx_word' id='word_1_178' title='bbox 3355 1167 3537 1222; x_wconf 90' lang='lat' dir='ltr'><strong>l&#39;amu-</strong></span> 
     </span>
    </p>
   </div>
   <div class='ocr_carea' id='block_1_28' title="bbox 1961 1258 3537 1334">
    <p class='ocr_par' dir='ltr' id='par_1_28' title="bbox 1961 1258 3537 1334">
     <span class='ocr_line' id='line_1_28' title="bbox 1961 1258 3537 1334; baseline -0.008 -11"><span class='ocrx_word' id='word_1_179' title='bbox 1961 1267 2138 1323; x_wconf 92' lang='lat' dir='ltr'><strong>lorum</strong></span> <span class='ocrx_word' id='word_1_180' title='bbox 2173 1272 2281 1329; x_wconf 90' lang='lat' dir='ltr'><strong>est,</strong></span> <span class='ocrx_word' id='word_1_181' title='bbox 2333 1263 2536 1334; x_wconf 88' lang='lat' dir='ltr'><strong>inquit,</strong></span> <span class='ocrx_word' id='word_1_182' title='bbox 2567 1261 2918 1315; x_wconf 86' lang='lat' dir='ltr'><strong>dominorum</strong></span> <span class='ocrx_word' id='word_1_183' title='bbox 2980 1260 3251 1315; x_wconf 80' lang='lat' dir='ltr'><strong>voluntati</strong></span> <span class='ocrx_word' id='word_1_184' title='bbox 3306 1258 3537 1326; x_wconf 85' lang='lat' dir='ltr'><strong>obsequi</strong></span> 
     </span>
    </p>
   </div>
   <div class='ocr_carea' id='block_1_29' title="bbox 1962 1352 3540 1425">
    <p class='ocr_par' dir='ltr' id='par_1_29' title="bbox 1962 1352 3540 1425">
     <span class='ocr_line' id='line_1_29' title="bbox 1962 1352 3540 1425; baseline -0.009 -11"><span class='ocrx_word' id='word_1_185' title='bbox 1962 1359 2127 1415; x_wconf 90' lang='lat' dir='ltr'><strong>nolle.</strong></span> <span class='ocrx_word' id='word_1_186' title='bbox 2169 1356 2531 1425; x_wconf 66' lang='lat' dir='ltr'><strong>Praesumptio</strong></span> <span class='ocrx_word' id='word_1_187' title='bbox 2567 1355 2774 1423; x_wconf 83' lang='lat' dir='ltr'><strong>quippe</strong></span> <span class='ocrx_word' id='word_1_188' title='bbox 2817 1363 2921 1416; x_wconf 86' lang='lat' dir='ltr'><strong>est,</strong></span> <span class='ocrx_word' id='word_1_189' title='bbox 2978 1352 3189 1421; x_wconf 83' lang='lat' dir='ltr'><strong>majora</strong></span> <span class='ocrx_word' id='word_1_190' title='bbox 3226 1366 3389 1420; x_wconf 91' lang='lat' dir='ltr'><strong>quam</strong></span> <span class='ocrx_word' id='word_1_191' title='bbox 3441 1363 3540 1419; x_wconf 87' lang='lat' dir='ltr'><strong>par</strong></span> 
     </span>
    </p>
   </div>
   <div class='ocr_carea' id='block_1_30' title="bbox 1964 1441 3539 1520">
    <p class='ocr_par' dir='ltr' id='par_1_30' title="bbox 1964 1441 3539 1520">
     <span class='ocr_line' id='line_1_30' title="bbox 1964 1441 3539 1520; baseline -0.006 -15"><span class='ocrx_word' id='word_1_192' title='bbox 1964 1451 2037 1507; x_wconf 86' lang='lat' dir='ltr'><strong>sit</strong></span> <span class='ocrx_word' id='word_1_193' title='bbox 2068 1456 2327 1520; x_wconf 85' lang='lat' dir='ltr'><strong>appetere</strong></span> <span class='ocrx_word' id='word_1_194' title='bbox 2354 1466 2367 1502; x_wconf 91' lang='lat'><strong>:</strong></span> <span class='ocrx_word' id='word_1_195' title='bbox 2407 1457 2461 1501; x_wconf 92' lang='lat' dir='ltr'><strong>et</strong></span> <span class='ocrx_word' id='word_1_196' title='bbox 2491 1446 2731 1516; x_wconf 79' lang='lat' dir='ltr'><strong>apostoli</strong></span> <span class='ocrx_word' id='word_1_197' title='bbox 2757 1444 3011 1499; x_wconf 83' lang='lat' dir='ltr'><strong>similiter</strong></span> <span class='ocrx_word' id='word_1_198' title='bbox 3037 1441 3297 1512; x_wconf 92' lang='lat' dir='ltr'><strong>culpandi</strong></span> <span class='ocrx_word' id='word_1_199' title='bbox 3328 1442 3460 1504; x_wconf 92' lang='lat' dir='ltr'><strong>sint,</strong></span> <span class='ocrx_word' id='word_1_200' title='bbox 3492 1441 3539 1495; x_wconf 88' lang='lat' dir='ltr'><strong>si</strong></span> 
     </span>
    </p>
   </div>
   <div class='ocr_carea' id='block_1_31' title="bbox 1963 1530 3537 1610">
    <p class='ocr_par' dir='ltr' id='par_1_31' title="bbox 1963 1530 3537 1610">
     <span class='ocr_line' id='line_1_31' title="bbox 1963 1530 3537 1610; baseline -0.005 -19"><span class='ocrx_word' id='word_1_201' title='bbox 1963 1540 2087 1610; x_wconf 85' lang='lat' dir='ltr'><strong>plus</strong></span> <span class='ocrx_word' id='word_1_202' title='bbox 2140 1537 2244 1593; x_wconf 88' lang='lat' dir='ltr'><strong>sibi</strong></span> <span class='ocrx_word' id='word_1_203' title='bbox 2297 1543 2587 1591; x_wconf 86' lang='lat' dir='ltr'><strong>assumant</strong></span> <span class='ocrx_word' id='word_1_204' title='bbox 2634 1548 2798 1604; x_wconf 88' lang='lat' dir='ltr'><strong>quam</strong></span> <span class='ocrx_word' id='word_1_205' title='bbox 2853 1532 2904 1588; x_wconf 83' lang='lat' dir='ltr'><strong>is</strong></span> <span class='ocrx_word' id='word_1_206' title='bbox 2959 1547 2990 1585; x_wconf 89' lang='lat' dir='ltr'><strong>a</strong></span> <span class='ocrx_word' id='word_1_207' title='bbox 3041 1547 3152 1601; x_wconf 91' lang='lat' dir='ltr'><strong>quo</strong></span> <span class='ocrx_word' id='word_1_208' title='bbox 3186 1530 3341 1586; x_wconf 86' lang='lat' dir='ltr'><strong>missi</strong></span> <span class='ocrx_word' id='word_1_209' title='bbox 3385 1538 3537 1584; x_wconf 89' lang='lat' dir='ltr'><strong>sunt.</strong></span> 
     </span>
    </p>
   </div>
   <div class='ocr_carea' id='block_1_32' title="bbox 1966 1622 3539 1684">
    <p class='ocr_par' dir='ltr' id='par_1_32' title="bbox 1966 1622 3539 1684">
     <span class='ocr_line' id='line_1_32' title="bbox 1966 1622 3539 1684; baseline -0.007 0"><span class='ocrx_word' id='word_1_210' title='bbox 1966 1629 2208 1684; x_wconf 83' lang='lat' dir='ltr'><strong>Sullieiet</strong></span> <span class='ocrx_word' id='word_1_211' title='bbox 2235 1627 2381 1683; x_wconf 87' lang='lat' dir='ltr'><strong>enim</strong></span> <span class='ocrx_word' id='word_1_212' title='bbox 2432 1626 2514 1681; x_wconf 87' lang='lat' dir='ltr'><strong>eis</strong></span> <span class='ocrx_word' id='word_1_213' title='bbox 2548 1626 2617 1681; x_wconf 89' lang='lat' dir='ltr'><strong>ad</strong></span> <span class='ocrx_word' id='word_1_214' title='bbox 2655 1624 2837 1678; x_wconf 89' lang='lat' dir='ltr'><strong>onmis</strong></span> <span class='ocrx_word' id='word_1_215' title='bbox 2889 1622 3159 1677; x_wconf 84' lang='lat' dir='ltr'><strong>claritatis</strong></span> <span class='ocrx_word' id='word_1_216' title='bbox 3201 1634 3539 1684; x_wconf 85' lang='lat' dir='ltr'><strong>mensuram,</strong></span> 
     </span>
    </p>
   </div>
   <div class='ocr_carea' id='block_1_33' title="bbox 1964 1711 3537 1791">
    <p class='ocr_par' dir='ltr' id='par_1_33' title="bbox 1964 1711 3537 1791">
     <span class='ocr_line' id='line_1_33' title="bbox 1964 1711 3537 1791; baseline -0.01 -12"><span class='ocrx_word' id='word_1_217' title='bbox 1964 1740 2088 1779; x_wconf 90' lang='lat' dir='ltr'><strong>cum</strong></span> <span class='ocrx_word' id='word_1_218' title='bbox 2119 1737 2184 1778; x_wconf 89' lang='lat' dir='ltr'><strong>eo</strong></span> <span class='ocrx_word' id='word_1_219' title='bbox 2226 1736 2255 1774; x_wconf 90' lang='lat' dir='ltr'><strong>a</strong></span> <span class='ocrx_word' id='word_1_220' title='bbox 2286 1736 2397 1791; x_wconf 92' lang='lat' dir='ltr'><strong>quo</strong></span> <span class='ocrx_word' id='word_1_221' title='bbox 2425 1718 2578 1773; x_wconf 90' lang='lat' dir='ltr'><strong>missi</strong></span> <span class='ocrx_word' id='word_1_222' title='bbox 2639 1725 2788 1778; x_wconf 89' lang='lat' dir='ltr'><strong>sunt,</strong></span> <span class='ocrx_word' id='word_1_223' title='bbox 2820 1715 3067 1784; x_wconf 79' lang='lat' dir='ltr'><strong>ejusdem</strong></span> <span class='ocrx_word' id='word_1_224' title='bbox 3101 1728 3225 1767; x_wconf 86' lang='lat' dir='ltr'><strong>esse</strong></span> <span class='ocrx_word' id='word_1_225' title='bbox 3285 1711 3537 1782; x_wconf 86' lang='lat' dir='ltr'><strong>spiritus.</strong></span> 
     </span>
    </p>
   </div>
   <div class='ocr_carea' id='block_1_34' title="bbox 296 1801 1863 1880">
    <p class='ocr_par' dir='ltr' id='par_1_34' title="bbox 296 1804 1858 1880">
     <span class='ocr_line' id='line_1_34' title="bbox 296 1804 1858 1880; baseline -0.001 -19"><span class='ocrx_word' id='word_1_226' title='bbox 296 1809 547 1880; x_wconf 75' lang='grc' dir='ltr'>’Δρκέσει</span> <span class='ocrx_word' id='word_1_227' title='bbox 592 1808 701 1879; x_wconf 76' lang='grc' dir='ltr'>γὰρ</span> <span class='ocrx_word' id='word_1_228' title='bbox 749 1806 954 1870; x_wconf 73' lang='grc' dir='ltr'>αὐτοῖς,</span> <span class='ocrx_word' id='word_1_229' title='bbox 997 1807 1077 1870; x_wconf 86' lang='grc' dir='ltr'><strong>εἰς</strong></span> <span class='ocrx_word' id='word_1_230' title='bbox 1108 1805 1358 1871; x_wconf 83' lang='grc' dir='ltr'>εὐκλείας</span> <span class='ocrx_word' id='word_1_231' title='bbox 1387 1804 1605 1876; x_wconf 86' lang='grc' dir='ltr'>ἀπάσης</span> <span class='ocrx_word' id='word_1_232' title='bbox 1638 1805 1858 1876; x_wconf 83' lang='grc' dir='ltr'>μέτρον,</span> 
     </span>
    </p>
   </div>
   <div class='ocr_carea' id='block_1_35' title="bbox 1965 1801 3539 1880">
    <p class='ocr_par' dir='ltr' id='par_1_35' title="bbox 1967 1801 3539 1875">
     <span class='ocr_line' id='line_1_35' title="bbox 1967 1801 3539 1875; baseline -0.011 -6"><span class='ocrx_word' id='word_1_233' title='bbox 1967 1814 2081 1868; x_wconf 83' lang='lat' dir='ltr'><strong>Hoc</strong></span> <span class='ocrx_word' id='word_1_234' title='bbox 2114 1821 2298 1867; x_wconf 87' lang='lat' dir='ltr'><strong>autem</strong></span> <span class='ocrx_word' id='word_1_235' title='bbox 2335 1809 2474 1865; x_wconf 84' lang='lat' dir='ltr'><strong>nihil</strong></span> <span class='ocrx_word' id='word_1_236' title='bbox 2515 1808 2665 1862; x_wconf 85' lang='lat' dir='ltr'><strong>aliud</strong></span> <span class='ocrx_word' id='word_1_237' title='bbox 2709 1812 2831 1861; x_wconf 88' lang='lat' dir='ltr'><strong>erat</strong></span> <span class='ocrx_word' id='word_1_238' title='bbox 2885 1820 3050 1875; x_wconf 90' lang='lat' dir='ltr'><strong>quam</strong></span> <span class='ocrx_word' id='word_1_239' title='bbox 3106 1803 3312 1867; x_wconf 84' lang='lat' dir='ltr'><strong>dicere,</strong></span> <span class='ocrx_word' id='word_1_240' title='bbox 3342 1801 3539 1855; x_wconf 87' lang='lat' dir='ltr'><strong>Coram</strong></span> 
     </span>
    </p>
   </div>
   <div class='ocr_carea' id='block_1_36' title="bbox 280 1893 1861 1969">
    <p class='ocr_par' dir='ltr' id='par_1_36' title="bbox 280 1893 1861 1969">
     <span class='ocr_line' id='line_1_36' title="bbox 280 1893 1861 1969; baseline -0.001 -16"><span class='ocrx_word' id='word_1_241' title='bbox 280 1898 380 1953; x_wconf 80' lang='grc' dir='ltr'><strong>τοῦ</strong></span> <span class='ocrx_word' id='word_1_242' title='bbox 432 1899 786 1969; x_wconf 76' lang='grc' dir='ltr'>πεπομφότος</span> <span class='ocrx_word' id='word_1_243' title='bbox 829 1898 891 1951; x_wconf 79' lang='grc' dir='ltr'>τὸ</span> <span class='ocrx_word' id='word_1_244' title='bbox 928 1897 1202 1969; x_wconf 86' lang='grc' dir='ltr'>φρόνημα.</span> <span class='ocrx_word' id='word_1_245' title='bbox 1266 1897 1437 1951; x_wconf 79' lang='grc' dir='ltr'>Τοῦτο</span> <span class='ocrx_word' id='word_1_246' title='bbox 1487 1897 1545 1950; x_wconf 82' lang='grc' dir='ltr'>δὲ</span> <span class='ocrx_word' id='word_1_247' title='bbox 1596 1893 1664 1967; x_wconf 81' lang='grc' dir='ltr'>ἦν</span> <span class='ocrx_word' id='word_1_248' title='bbox 1708 1897 1861 1952; x_wconf 75' lang='grc' dir='ltr'>οὐδὲν</span> 
     </span>
    </p>
   </div>
   <div class='ocr_carea' id='block_1_37' title="bbox 282 1988 1861 2061">
    <p class='ocr_par' dir='ltr' id='par_1_37' title="bbox 282 1988 1861 2061">
     <span class='ocr_line' id='line_1_37' title="bbox 282 1988 1861 2061; baseline -0.001 -18"><span class='ocrx_word' id='word_1_249' title='bbox 282 1992 479 2061; x_wconf 69' lang='grc' dir='ltr'>ἕτερον</span> <span class='ocrx_word' id='word_1_250' title='bbox 520 1989 554 2058; x_wconf 78' lang='grc' dir='ltr'>ἢ</span> <span class='ocrx_word' id='word_1_251' title='bbox 592 1992 770 2043; x_wconf 77' lang='grc' dir='ltr'>ἐκεῖνο</span> <span class='ocrx_word' id='word_1_252' title='bbox 803 1988 1021 2054; x_wconf 87' lang='grc' dir='ltr'>πάντως</span> <span class='ocrx_word' id='word_1_253' title='bbox 1054 1991 1230 2041; x_wconf 85' lang='grc' dir='ltr'>εἰπεῖν</span> <span class='ocrx_word' id='word_1_254' title='bbox 1255 2028 1272 2054; x_wconf 90' lang='grc'><strong>,</strong></span> <span class='ocrx_word' id='word_1_255' title='bbox 1320 1990 1403 2042; x_wconf 82' lang='grc' dir='ltr'>ὅτι</span> <span class='ocrx_word' id='word_1_256' title='bbox 1450 1988 1488 2041; x_wconf 84' lang='grc' dir='ltr'><strong>Γ</strong></span> <span class='ocrx_word' id='word_1_257' title='bbox 1493 1988 1861 2060; x_wconf 82' lang='grc' dir='ltr'>ελασθήσεσθε</span> 
     </span>
    </p>
   </div>
   <div class='ocr_carea' id='block_1_38' title="bbox 281 2078 1861 2153">
    <p class='ocr_par' dir='ltr' id='par_1_38' title="bbox 281 2078 1861 2153">
     <span class='ocr_line' id='line_1_38' title="bbox 281 2078 1861 2153; baseline -0.001 -18"><span class='ocrx_word' id='word_1_258' title='bbox 281 2082 511 2144; x_wconf 79' lang='grc' dir='ltr'>δικαίως</span> <span class='ocrx_word' id='word_1_259' title='bbox 539 2081 633 2134; x_wconf 77' lang='grc' dir='ltr'><strong>ἐπὶ</strong></span> <span class='ocrx_word' id='word_1_260' title='bbox 671 2081 767 2134; x_wconf 88' lang='grc' dir='ltr'><strong>τοῦ</strong></span> <span class='ocrx_word' id='word_1_261' title='bbox 807 2080 950 2134; x_wconf 87' lang='grc' dir='ltr'>θείου</span> <span class='ocrx_word' id='word_1_262' title='bbox 983 2078 1228 2150; x_wconf 84' lang='grc' dir='ltr'>βήματος</span> <span class='ocrx_word' id='word_1_263' title='bbox 1251 2119 1266 2143; x_wconf 89' lang='grc'><strong>,</strong></span> <span class='ocrx_word' id='word_1_264' title='bbox 1314 2082 1363 2134; x_wconf 86' lang='grc' dir='ltr'><strong>εἰ</strong></span> <span class='ocrx_word' id='word_1_265' title='bbox 1406 2080 1580 2134; x_wconf 89' lang='grc' dir='ltr'>ταῦτα</span> <span class='ocrx_word' id='word_1_266' title='bbox 1607 2080 1740 2153; x_wconf 78' lang='grc' dir='ltr'>δρᾷν</span> <span class='ocrx_word' id='word_1_267' title='bbox 1780 2083 1861 2145; x_wconf 91' lang='grc' dir='ltr'><strong>εἰς</strong></span> 
     </span>
    </p>
   </div>
   <div class='ocr_carea' id='block_1_39' title="bbox 284 2171 1861 2244">
    <p class='ocr_par' dir='ltr' id='par_1_39' title="bbox 284 2171 1861 2244">
     <span class='ocr_line' id='line_1_39' title="bbox 284 2171 1861 2244; baseline -0.001 -16"><span class='ocrx_word' id='word_1_268' title='bbox 284 2173 549 2244; x_wconf 76' lang='grc' dir='ltr'>ἀλλήλους</span> <span class='ocrx_word' id='word_1_269' title='bbox 592 2173 747 2225; x_wconf 78' lang='grc' dir='ltr'>αὐτοὶ</span> <span class='ocrx_word' id='word_1_270' title='bbox 787 2171 1143 2241; x_wconf 81' lang='grc' dir='ltr'>παραιτεῖσθε</span> <span class='ocrx_word' id='word_1_271' title='bbox 1189 2172 1256 2225; x_wconf 78' lang='grc' dir='ltr'>δι’</span> <span class='ocrx_word' id='word_1_272' title='bbox 1303 2172 1637 2244; x_wconf 76' lang='grc' dir='ltr'>ὑπεροψίαν,</span> <span class='ocrx_word' id='word_1_273' title='bbox 1682 2174 1861 2227; x_wconf 86' lang='grc' dir='ltr'>καίτοι</span> 
     </span>
    </p>
   </div>
   <div class='ocr_carea' id='block_1_40' title="bbox 281 2262 1864 2336">
    <p class='ocr_par' dir='ltr' id='par_1_40' title="bbox 281 2262 1864 2336">
     <span class='ocr_line' id='line_1_40' title="bbox 281 2262 1864 2336; baseline -0.001 -18"><span class='ocrx_word' id='word_1_274' title='bbox 281 2262 349 2318; x_wconf 77' lang='grc' dir='ltr'>τὸ</span> <span class='ocrx_word' id='word_1_275' title='bbox 398 2265 496 2334; x_wconf 82' lang='grc' dir='ltr'>τῆς</span> <span class='ocrx_word' id='word_1_276' title='bbox 536 2263 780 2327; x_wconf 83' lang='grc' dir='ltr'>δουλείας</span> <span class='ocrx_word' id='word_1_277' title='bbox 831 2263 1001 2332; x_wconf 77' lang='grc' dir='ltr'>ὄνομα</span> <span class='ocrx_word' id='word_1_278' title='bbox 1048 2263 1305 2333; x_wconf 88' lang='grc' dir='ltr'>λαχόντες</span> <span class='ocrx_word' id='word_1_279' title='bbox 1343 2264 1555 2328; x_wconf 79' lang='grc' dir='ltr'>κοινὸν,</span> <span class='ocrx_word' id='word_1_280' title='bbox 1606 2263 1749 2336; x_wconf 74' lang='grc' dir='ltr'>ἅπερ</span> <span class='ocrx_word' id='word_1_281' title='bbox 1782 2267 1864 2328; x_wconf 86' lang='grc' dir='ltr'><strong>εἰς</strong></span> 
     </span>
    </p>
   </div>
   <div class='ocr_carea' id='block_1_41' title="bbox 284 2353 1864 2425">
    <p class='ocr_par' dir='ltr' id='par_1_41' title="bbox 284 2353 1864 2425">
     <span class='ocr_line' id='line_1_41' title="bbox 284 2353 1864 2425; baseline 0.001 -16"><span class='ocrx_word' id='word_1_282' title='bbox 284 2357 433 2425; x_wconf 79' lang='grc' dir='ltr'>ὑμᾶς</span> <span class='ocrx_word' id='word_1_283' title='bbox 464 2353 604 2424; x_wconf 77' lang='grc' dir='ltr'>ἐγὼ,</span> <span class='ocrx_word' id='word_1_284' title='bbox 648 2355 827 2408; x_wconf 90' lang='grc' dir='ltr'>καίτοι</span> <span class='ocrx_word' id='word_1_285' title='bbox 880 2353 1018 2408; x_wconf 84' lang='grc' dir='ltr'><strong>κατά</strong></span> <span class='ocrx_word' id='word_1_286' title='bbox 1073 2354 1235 2423; x_wconf 84' lang='grc' dir='ltr'>φύσιν</span> <span class='ocrx_word' id='word_1_287' title='bbox 1272 2355 1535 2425; x_wconf 83' lang='grc' dir='ltr'>ὑπάρχων</span> <span class='ocrx_word' id='word_1_288' title='bbox 1586 2354 1717 2419; x_wconf 73' lang='grc' dir='ltr'>Θεὸς</span> <span class='ocrx_word' id='word_1_289' title='bbox 1769 2357 1864 2410; x_wconf 75' lang='grc' dir='ltr'><strong>καὶ</strong></span> 
     </span>
    </p>
   </div>
   <div class='ocr_carea' id='block_1_42' title="bbox 283 2441 1864 2515">
    <p class='ocr_par' dir='ltr' id='par_1_42' title="bbox 283 2441 1864 2515">
     <span class='ocr_line' id='line_1_42' title="bbox 283 2441 1864 2515; baseline -0.001 -19"><span class='ocrx_word' id='word_1_290' title='bbox 283 2446 516 2515; x_wconf 81' lang='grc' dir='ltr'>Κύριος.</span> <span class='ocrx_word' id='word_1_291' title='bbox 560 2445 792 2496; x_wconf 81' lang='grc' dir='ltr'>’Δτοπον</span> <span class='ocrx_word' id='word_1_292' title='bbox 828 2441 939 2513; x_wconf 77' lang='grc' dir='ltr'>γὰρ</span> <span class='ocrx_word' id='word_1_293' title='bbox 970 2441 1222 2512; x_wconf 85' lang='grc' dir='ltr'>ἀληθῶς,</span> <span class='ocrx_word' id='word_1_294' title='bbox 1275 2441 1475 2512; x_wconf 83' lang='grc' dir='ltr'>μᾶλλον</span> <span class='ocrx_word' id='word_1_295' title='bbox 1519 2442 1574 2495; x_wconf 81' lang='grc' dir='ltr'>δὲ</span> <span class='ocrx_word' id='word_1_296' title='bbox 1617 2442 1719 2512; x_wconf 76' lang='grc' dir='ltr'><strong>ήδη</strong></span> <span class='ocrx_word' id='word_1_297' title='bbox 1764 2444 1864 2513; x_wconf 79' lang='grc' dir='ltr'>τῆς</span> 
     </span>
    </p>
   </div>
   <div class='ocr_carea' id='block_1_43' title="bbox 282 2530 1862 2604">
    <p class='ocr_par' dir='ltr' id='par_1_43' title="bbox 282 2530 1862 2604">
     <span class='ocr_line' id='line_1_43' title="bbox 282 2530 1862 2604; baseline -0.002 -15"><span class='ocrx_word' id='word_1_298' title='bbox 282 2535 558 2589; x_wconf 76' lang='grc' dir='ltr'>ἀνωτάτω</span> <span class='ocrx_word' id='word_1_299' title='bbox 601 2534 789 2604; x_wconf 71' lang='grc' dir='ltr'>μανίας</span> <span class='ocrx_word' id='word_1_300' title='bbox 823 2534 925 2587; x_wconf 83' lang='grc' dir='ltr'>οὐκ</span> <span class='ocrx_word' id='word_1_301' title='bbox 968 2530 1271 2604; x_wconf 53' lang='grc' dir='ltr'>ἀμοιροῦνθ</span> <span class='ocrx_word' id='word_1_302' title='bbox 1325 2533 1542 2597; x_wconf 81' lang='grc' dir='ltr'>οἰκέτας</span> <span class='ocrx_word' id='word_1_303' title='bbox 1586 2532 1745 2597; x_wconf 76' lang='grc' dir='ltr'>ὄντας</span> <span class='ocrx_word' id='word_1_304' title='bbox 1803 2535 1862 2587; x_wconf 80' lang='grc' dir='ltr'>ἐν</span> 
     </span>
    </p>
   </div>
   <div class='ocr_carea' id='block_1_44' title="bbox 285 2624 1863 2692">
    <p class='ocr_par' dir='ltr' id='par_1_44' title="bbox 285 2624 1863 2692">
     <span class='ocr_line' id='line_1_44' title="bbox 285 2624 1863 2692; baseline -0.001 -12"><span class='ocrx_word' id='word_1_305' title='bbox 285 2626 545 2680; x_wconf 73' lang='grc' dir='ltr'>ἐλάττοσι</span> <span class='ocrx_word' id='word_1_306' title='bbox 584 2624 677 2678; x_wconf 89' lang='grc' dir='ltr'><strong>τοῦ</strong></span> <span class='ocrx_word' id='word_1_307' title='bbox 705 2625 793 2678; x_wconf 82' lang='grc' dir='ltr'><strong>καὶ</strong></span> <span class='ocrx_word' id='word_1_308' title='bbox 822 2625 1091 2679; x_wconf 86' lang='grc' dir='ltr'>Δεσπότου</span> <span class='ocrx_word' id='word_1_309' title='bbox 1126 2625 1219 2678; x_wconf 69' lang='grc' dir='ltr'>καὶ</span> <span class='ocrx_word' id='word_1_310' title='bbox 1265 2624 1688 2689; x_wconf 83' lang='grc' dir='ltr'>ἀποστείλαντος</span> <span class='ocrx_word' id='word_1_311' title='bbox 1710 2666 1725 2692; x_wconf 90' lang='grc'><strong>,</strong></span> <span class='ocrx_word' id='word_1_312' title='bbox 1766 2626 1863 2678; x_wconf 84' lang='grc' dir='ltr'><strong>ὲπ-</strong></span> 
     </span>
    </p>
   </div>
   <div class='ocr_carea' id='block_1_45' title="bbox 282 2714 1860 2788">
    <p class='ocr_par' dir='ltr' id='par_1_45' title="bbox 282 2714 1860 2788">
     <span class='ocr_line' id='line_1_45' title="bbox 282 2714 1860 2788; baseline 0 -18"><span class='ocrx_word' id='word_1_313' title='bbox 282 2716 552 2788; x_wconf 77' lang='grc' dir='ltr'>ερυθριᾷν</span> <span class='ocrx_word' id='word_1_314' title='bbox 600 2715 812 2779; x_wconf 88' lang='grc' dir='ltr'>ἀτόπως</span> <span class='ocrx_word' id='word_1_315' title='bbox 869 2718 938 2787; x_wconf 82' lang='grc' dir='ltr'><strong>τῇ</strong></span> <span class='ocrx_word' id='word_1_316' title='bbox 994 2716 1131 2786; x_wconf 78' lang='grc' dir='ltr'>πρὸς</span> <span class='ocrx_word' id='word_1_317' title='bbox 1182 2714 1445 2787; x_wconf 84' lang='grc' dir='ltr'>ἀλλήλους</span> <span class='ocrx_word' id='word_1_318' title='bbox 1510 2714 1744 2787; x_wconf 78' lang='grc' dir='ltr'>δουλείᾳ.</span> <span class='ocrx_word' id='word_1_319' title='bbox 1797 2717 1860 2769; x_wconf 84' lang='grc' dir='ltr'>Εἰ</span> 
     </span>
    </p>
   </div>
   <div class='ocr_carea' id='block_1_46' title="bbox 282 2806 1861 2879">
    <p class='ocr_par' dir='ltr' id='par_1_46' title="bbox 282 2806 1861 2879">
     <span class='ocr_line' id='line_1_46' title="bbox 282 2806 1861 2879; baseline -0.001 -16"><span class='ocrx_word' id='word_1_320' title='bbox 282 2809 463 2863; x_wconf 84' lang='grc' dir='ltr'>ταῦτα</span> <span class='ocrx_word' id='word_1_321' title='bbox 495 2808 675 2861; x_wconf 84' lang='grc' dir='ltr'>τοίνυν</span> <span class='ocrx_word' id='word_1_322' title='bbox 707 2806 821 2860; x_wconf 77' lang='grc' dir='ltr'>ἴστε</span> <span class='ocrx_word' id='word_1_323' title='bbox 842 2847 859 2871; x_wconf 93' lang='grc'><strong>,</strong></span> <span class='ocrx_word' id='word_1_324' title='bbox 898 2807 1036 2879; x_wconf 84' lang='grc' dir='ltr'><strong>φησί</strong></span> <span class='ocrx_word' id='word_1_325' title='bbox 1062 2847 1076 2871; x_wconf 91' lang='grc'><strong>,</strong></span> <span class='ocrx_word' id='word_1_326' title='bbox 1109 2806 1256 2860; x_wconf 87' lang='grc' dir='ltr'>τοῦτ’</span> <span class='ocrx_word' id='word_1_327' title='bbox 1286 2806 1434 2860; x_wconf 78' lang='grc' dir='ltr'>ἔστιν</span> <span class='ocrx_word' id='word_1_328' title='bbox 1456 2848 1472 2872; x_wconf 95' lang='grc'><strong>,</strong></span> <span class='ocrx_word' id='word_1_329' title='bbox 1504 2811 1553 2862; x_wconf 87' lang='grc' dir='ltr'><strong>εί</strong></span> <span class='ocrx_word' id='word_1_330' title='bbox 1584 2812 1723 2862; x_wconf 88' lang='grc' dir='ltr'>νοεῖν</span> <span class='ocrx_word' id='word_1_331' title='bbox 1766 2808 1861 2861; x_wconf 73' lang='grc' dir='ltr'><strong>δύ-</strong></span> 
     </span>
    </p>
   </div>
   <div class='ocr_carea' id='block_1_47' title="bbox 282 2899 1861 2973">
    <p class='ocr_par' dir='ltr' id='par_1_47' title="bbox 282 2899 1861 2973">
     <span class='ocr_line' id='line_1_47' title="bbox 282 2899 1861 2973; baseline -0.001 -17"><span class='ocrx_word' id='word_1_332' title='bbox 282 2900 450 2956; x_wconf 88' lang='grc' dir='ltr'>νασθε</span> <span class='ocrx_word' id='word_1_333' title='bbox 481 2899 696 2970; x_wconf 83' lang='grc' dir='ltr'>σαφῶς,</span> <span class='ocrx_word' id='word_1_334' title='bbox 743 2900 772 2954; x_wconf 86' lang='grc' dir='ltr'><strong>ὅ</strong></span> <span class='ocrx_word' id='word_1_335' title='bbox 810 2917 987 2971; x_wconf 86' lang='grc' dir='ltr'>φημι,</span> <span class='ocrx_word' id='word_1_336' title='bbox 1026 2917 1045 2951; x_wconf 82' lang='grc' dir='ltr'><strong>ι</strong></span> <span class='ocrx_word' id='word_1_337' title='bbox 1082 2900 1359 2970; x_wconf 87' lang='grc' dir='ltr'>Μακάριοί</span> <span class='ocrx_word' id='word_1_338' title='bbox 1391 2902 1512 2953; x_wconf 85' lang='grc' dir='ltr'>ὲστε</span> <span class='ocrx_word' id='word_1_339' title='bbox 1544 2901 1640 2954; x_wconf 77' lang='grc' dir='ltr'>ἐὰν</span> <span class='ocrx_word' id='word_1_340' title='bbox 1670 2902 1861 2973; x_wconf 79' lang='grc' dir='ltr'>ποιῆτε</span> 
     </span>
    </p>
   </div>
   <div class='ocr_carea' id='block_1_48' title="bbox 285 2988 1856 3061">
    <p class='ocr_par' dir='ltr' id='par_1_48' title="bbox 285 2988 1856 3061">
     <span class='ocr_line' id='line_1_48' title="bbox 285 2988 1856 3061; baseline 0.001 -18"><span class='ocrx_word' id='word_1_341' title='bbox 285 2990 449 3043; x_wconf 80' lang='grc' dir='ltr'>αὑτά.</span> <span class='ocrx_word' id='word_1_342' title='bbox 488 3008 507 3043; x_wconf 74' lang='grc' dir='ltr'><strong>ι</strong></span> <span class='ocrx_word' id='word_1_343' title='bbox 541 2991 614 3044; x_wconf 71' lang='grc' dir='ltr'><strong>Οὐ</strong></span> <span class='ocrx_word' id='word_1_344' title='bbox 646 2989 757 3061; x_wconf 76' lang='grc' dir='ltr'>γὰρ</span> <span class='ocrx_word' id='word_1_345' title='bbox 804 2989 866 3042; x_wconf 86' lang='grc' dir='ltr'><strong>τὺ</strong></span> <span class='ocrx_word' id='word_1_346' title='bbox 900 2989 1100 3042; x_wconf 84' lang='grc' dir='ltr'>εἰδέναι</span> <span class='ocrx_word' id='word_1_347' title='bbox 1151 2988 1251 3059; x_wconf 84' lang='grc' dir='ltr'>τὴν</span> <span class='ocrx_word' id='word_1_348' title='bbox 1310 2989 1547 3061; x_wconf 81' lang='grc' dir='ltr'>ἀρετὴν,</span> <span class='ocrx_word' id='word_1_349' title='bbox 1605 2991 1745 3044; x_wconf 83' lang='grc' dir='ltr'><strong>ἀλλά</strong></span> <span class='ocrx_word' id='word_1_350' title='bbox 1796 2992 1856 3044; x_wconf 77' lang='grc' dir='ltr'>τὸ</span> 
     </span>
    </p>
   </div>
   <div class='ocr_carea' id='block_1_49' title="bbox 284 3082 1859 3156">
    <p class='ocr_par' dir='ltr' id='par_1_49' title="bbox 284 3082 1859 3156">
     <span class='ocr_line' id='line_1_49' title="bbox 284 3082 1859 3156; baseline 0.001 -21"><span class='ocrx_word' id='word_1_351' title='bbox 284 3082 614 3154; x_wconf 75' lang='grc' dir='ltr'>ἐργάζεσθαι</span> <span class='ocrx_word' id='word_1_352' title='bbox 646 3082 848 3154; x_wconf 79' lang='grc' dir='ltr'>μᾶλλον</span> <span class='ocrx_word' id='word_1_353' title='bbox 878 3082 1203 3153; x_wconf 78' lang='grc' dir='ltr'>ἀξιέραστόν</span> <span class='ocrx_word' id='word_1_354' title='bbox 1249 3099 1309 3135; x_wconf 87' lang='grc' dir='ltr'><strong>τε</strong></span> <span class='ocrx_word' id='word_1_355' title='bbox 1354 3083 1449 3136; x_wconf 76' lang='grc' dir='ltr'>καὶ</span> <span class='ocrx_word' id='word_1_356' title='bbox 1496 3082 1859 3156; x_wconf 79' lang='grc' dir='ltr'>ἀξιοζήλωτον</span> 
     </span>
    </p>
   </div>
   <div class='ocr_carea' id='block_1_50' title="bbox 1966 1892 3537 1962">
    <p class='ocr_par' dir='ltr' id='par_1_50' title="bbox 1966 1892 3537 1962">
     <span class='ocr_line' id='line_1_50' title="bbox 1966 1892 3537 1962; baseline -0.011 0"><span class='ocrx_word' id='word_1_357' title='bbox 1966 1907 2153 1962; x_wconf 82' lang='lat' dir='ltr'><strong>divino</strong></span> <span class='ocrx_word' id='word_1_358' title='bbox 2181 1902 2442 1960; x_wconf 88' lang='lat' dir='ltr'><strong>tribunali</strong></span> <span class='ocrx_word' id='word_1_359' title='bbox 2472 1902 2671 1956; x_wconf 90' lang='lat' dir='ltr'><strong>merito</strong></span> <span class='ocrx_word' id='word_1_360' title='bbox 2703 1896 3044 1958; x_wconf 84' lang='lat' dir='ltr'><strong>ridebimini,</strong></span> <span class='ocrx_word' id='word_1_361' title='bbox 3075 1895 3120 1950; x_wconf 90' lang='lat' dir='ltr'><strong>si</strong></span> <span class='ocrx_word' id='word_1_362' title='bbox 3160 1894 3276 1948; x_wconf 84' lang='lat' dir='ltr'><strong>haec</strong></span> <span class='ocrx_word' id='word_1_363' title='bbox 3318 1893 3457 1947; x_wconf 88' lang='lat' dir='ltr'><strong>alter</strong></span> <span class='ocrx_word' id='word_1_364' title='bbox 3484 1892 3537 1946; x_wconf 93' lang='lat' dir='ltr'><strong>in</strong></span> 
     </span>
    </p>
   </div>
   <div class='ocr_carea' id='block_1_51' title="bbox 1966 1985 3543 2062">
    <p class='ocr_par' dir='ltr' id='par_1_51' title="bbox 1966 1985 3543 2062">
     <span class='ocr_line' id='line_1_51' title="bbox 1966 1985 3543 2062; baseline -0.01 -11"><span class='ocrx_word' id='word_1_365' title='bbox 1966 1999 2197 2052; x_wconf 84' lang='lat' dir='ltr'><strong>alterum</strong></span> <span class='ocrx_word' id='word_1_366' title='bbox 2222 1993 2410 2048; x_wconf 76' lang='lat' dir='ltr'><strong>facere</strong></span> <span class='ocrx_word' id='word_1_367' title='bbox 2442 2007 2552 2062; x_wconf 76' lang='lat' dir='ltr'><strong>pra:</strong></span> <span class='ocrx_word' id='word_1_368' title='bbox 2582 1989 2839 2060; x_wconf 85' lang='lat' dir='ltr'><strong>superbia</strong></span> <span class='ocrx_word' id='word_1_369' title='bbox 2868 1987 3077 2049; x_wconf 83' lang='lat' dir='ltr'><strong>nolitis,</strong></span> <span class='ocrx_word' id='word_1_370' title='bbox 3100 1985 3228 2039; x_wconf 91' lang='lat' dir='ltr'><strong>licet</strong></span> <span class='ocrx_word' id='word_1_371' title='bbox 3252 1995 3543 2038; x_wconf 89' lang='lat' dir='ltr'><strong>commune</strong></span> 
     </span>
    </p>
   </div>
   <div class='ocr_carea' id='block_1_52' title="bbox 1966 2072 3543 2150">
    <p class='ocr_par' dir='ltr' id='par_1_52' title="bbox 1966 2072 3543 2150">
     <span class='ocr_line' id='line_1_52' title="bbox 1966 2072 3543 2150; baseline -0.011 -8"><span class='ocrx_word' id='word_1_372' title='bbox 1966 2086 2249 2142; x_wconf 79' lang='lat' dir='ltr'><strong>servitutis</strong></span> <span class='ocrx_word' id='word_1_373' title='bbox 2299 2098 2494 2138; x_wconf 88' lang='lat' dir='ltr'><strong>nomen</strong></span> <span class='ocrx_word' id='word_1_374' title='bbox 2557 2080 2761 2145; x_wconf 89' lang='lat' dir='ltr'><strong>sortiti,</strong></span> <span class='ocrx_word' id='word_1_375' title='bbox 2810 2093 2935 2150; x_wconf 69' lang='lat' dir='ltr'><strong>qua:</strong></span> <span class='ocrx_word' id='word_1_376' title='bbox 2982 2077 3036 2131; x_wconf 91' lang='lat' dir='ltr'><strong>in</strong></span> <span class='ocrx_word' id='word_1_377' title='bbox 3076 2091 3174 2130; x_wconf 90' lang='lat' dir='ltr'><strong>vos</strong></span> <span class='ocrx_word' id='word_1_378' title='bbox 3215 2089 3358 2143; x_wconf 91' lang='lat' dir='ltr'><strong>ego,</strong></span> <span class='ocrx_word' id='word_1_379' title='bbox 3414 2072 3543 2125; x_wconf 85' lang='lat' dir='ltr'><strong>licet</strong></span> 
     </span>
    </p>
   </div>
   <div class='ocr_carea' id='block_1_53' title="bbox 1968 2162 3538 2233">
    <p class='ocr_par' dir='ltr' id='par_1_53' title="bbox 1968 2162 3538 2233">
     <span class='ocr_line' id='line_1_53' title="bbox 1968 2162 3538 2233; baseline -0.013 0"><span class='ocrx_word' id='word_1_380' title='bbox 1968 2176 2270 2233; x_wconf 89' lang='lat' dir='ltr'><strong>secundum</strong></span> <span class='ocrx_word' id='word_1_381' title='bbox 2327 2182 2582 2227; x_wconf 89' lang='lat' dir='ltr'><strong>naturam</strong></span> <span class='ocrx_word' id='word_1_382' title='bbox 2620 2171 2897 2224; x_wconf 82' lang='lat' dir='ltr'><strong>exsisteus</strong></span> <span class='ocrx_word' id='word_1_383' title='bbox 2933 2165 3077 2221; x_wconf 85' lang='lat' dir='ltr'><strong>Deus</strong></span> <span class='ocrx_word' id='word_1_384' title='bbox 3122 2180 3186 2220; x_wconf 89' lang='lat' dir='ltr'><strong>ac</strong></span> <span class='ocrx_word' id='word_1_385' title='bbox 3251 2162 3538 2217; x_wconf 89' lang='lat' dir='ltr'><strong>Dominus.</strong></span> 
     </span>
    </p>
   </div>
   <div class='ocr_carea' id='block_1_54' title="bbox 1965 2254 3543 2333">
    <p class='ocr_par' dir='ltr' id='par_1_54' title="bbox 1965 2254 3543 2333">
     <span class='ocr_line' id='line_1_54' title="bbox 1965 2254 3543 2333; baseline -0.011 -9"><span class='ocrx_word' id='word_1_386' title='bbox 1965 2267 2280 2324; x_wconf 82' lang='lat' dir='ltr'><strong>Absurdum</strong></span> <span class='ocrx_word' id='word_1_387' title='bbox 2325 2265 2473 2320; x_wconf 89' lang='lat' dir='ltr'><strong>enim</strong></span> <span class='ocrx_word' id='word_1_388' title='bbox 2518 2272 2604 2319; x_wconf 91' lang='lat' dir='ltr'><strong>est</strong></span> <span class='ocrx_word' id='word_1_389' title='bbox 2634 2261 2906 2333; x_wconf 78' lang='lat' dir='ltr'><strong>proferto,</strong></span> <span class='ocrx_word' id='word_1_390' title='bbox 2957 2270 3010 2314; x_wconf 86' lang='lat' dir='ltr'><strong>et</strong></span> <span class='ocrx_word' id='word_1_391' title='bbox 3058 2259 3286 2313; x_wconf 81' lang='lat' dir='ltr'><strong>extremi</strong></span> <span class='ocrx_word' id='word_1_392' title='bbox 3338 2254 3543 2309; x_wconf 77' lang='lat' dir='ltr'><strong>furoris</strong></span> 
     </span>
    </p>
   </div>
   <div class='ocr_carea' id='block_1_55' title="bbox 1966 2343 3542 2431">
    <p class='ocr_par' dir='ltr' id='par_1_55' title="bbox 1966 2343 3542 2431">
     <span class='ocr_line' id='line_1_55' title="bbox 1966 2343 3542 2431; baseline -0.011 -17"><span class='ocrx_word' id='word_1_393' title='bbox 1966 2361 2207 2431; x_wconf 89' lang='lat' dir='ltr'><strong>plenum,</strong></span> <span class='ocrx_word' id='word_1_394' title='bbox 2259 2372 2380 2419; x_wconf 88' lang='lat' dir='ltr'><strong>vos,</strong></span> <span class='ocrx_word' id='word_1_395' title='bbox 2416 2370 2541 2409; x_wconf 89' lang='lat' dir='ltr'><strong>cum</strong></span> <span class='ocrx_word' id='word_1_396' title='bbox 2601 2354 2750 2409; x_wconf 82' lang='lat' dir='ltr'><strong>servi</strong></span> <span class='ocrx_word' id='word_1_397' title='bbox 2815 2351 2960 2416; x_wconf 88' lang='lat' dir='ltr'><strong>sitis,</strong></span> <span class='ocrx_word' id='word_1_398' title='bbox 3001 2348 3234 2402; x_wconf 86' lang='lat' dir='ltr'><strong>Domino</strong></span> <span class='ocrx_word' id='word_1_399' title='bbox 3270 2354 3323 2400; x_wconf 91' lang='lat' dir='ltr'><strong>et</strong></span> <span class='ocrx_word' id='word_1_400' title='bbox 3354 2359 3419 2400; x_wconf 84' lang='lat' dir='ltr'><strong>eo</strong></span> <span class='ocrx_word' id='word_1_401' title='bbox 3447 2343 3542 2413; x_wconf 89' lang='lat' dir='ltr'><strong>qui</strong></span> 
     </span>
    </p>
   </div>
   <div class='ocr_carea' id='block_1_56' title="bbox 1969 2437 3541 2517">
    <p class='ocr_par' dir='ltr' id='par_1_56' title="bbox 1969 2437 3541 2517">
     <span class='ocr_line' id='line_1_56' title="bbox 1969 2437 3541 2517; baseline -0.011 -12"><span class='ocrx_word' id='word_1_402' title='bbox 1969 2450 2121 2505; x_wconf 84' lang='lat' dir='ltr'><strong>misit</strong></span> <span class='ocrx_word' id='word_1_403' title='bbox 2158 2449 2316 2517; x_wconf 86' lang='lat' dir='ltr'><strong>longe</strong></span> <span class='ocrx_word' id='word_1_404' title='bbox 2370 2446 2639 2506; x_wconf 88' lang='lat' dir='ltr'><strong>minores,</strong></span> <span class='ocrx_word' id='word_1_405' title='bbox 2676 2452 2923 2497; x_wconf 88' lang='lat' dir='ltr'><strong>mutuam</strong></span> <span class='ocrx_word' id='word_1_406' title='bbox 2987 2448 3166 2493; x_wconf 88' lang='lat' dir='ltr'><strong>tamen</strong></span> <span class='ocrx_word' id='word_1_407' title='bbox 3221 2437 3541 2493; x_wconf 72' lang='lat' dir='ltr'><strong>servitutem</strong></span> 
     </span>
    </p>
   </div>
   <div class='ocr_carea' id='block_1_57' title="bbox 1966 2525 3540 2603">
    <p class='ocr_par' dir='ltr' id='par_1_57' title="bbox 1966 2525 3540 2603">
     <span class='ocr_line' id='line_1_57' title="bbox 1966 2525 3540 2603; baseline -0.013 -5"><span class='ocrx_word' id='word_1_408' title='bbox 1966 2541 2316 2598; x_wconf 87' lang='lat' dir='ltr'><strong>erubescere.</strong></span> <span class='ocrx_word' id='word_1_409' title='bbox 2349 2535 2408 2591; x_wconf 91' lang='lat' dir='ltr'><strong>Si</strong></span> <span class='ocrx_word' id='word_1_410' title='bbox 2443 2537 2558 2591; x_wconf 67' lang='lat' dir='ltr'><strong>haec</strong></span> <span class='ocrx_word' id='word_1_411' title='bbox 2585 2534 2742 2591; x_wconf 85' lang='lat' dir='ltr'><strong>scitis</strong></span> <span class='ocrx_word' id='word_1_412' title='bbox 2776 2532 2965 2603; x_wconf 79' lang='lat' dir='ltr'><strong>igitur,</strong></span> <span class='ocrx_word' id='word_1_413' title='bbox 3000 2528 3202 2598; x_wconf 90' lang='lat' dir='ltr'><strong>inquit,</strong></span> <span class='ocrx_word' id='word_1_414' title='bbox 3267 2525 3375 2580; x_wconf 90' lang='lat' dir='ltr'><strong>hoc</strong></span> <span class='ocrx_word' id='word_1_415' title='bbox 3431 2530 3540 2585; x_wconf 92' lang='lat' dir='ltr'><strong>est,</strong></span> 
     </span>
    </p>
   </div>
   <div class='ocr_carea' id='block_1_58' title="bbox 1967 2615 3544 2699">
    <p class='ocr_par' dir='ltr' id='par_1_58' title="bbox 1967 2615 3544 2699">
     <span class='ocr_line' id='line_1_58' title="bbox 1967 2615 3544 2699; baseline -0.013 -9"><span class='ocrx_word' id='word_1_416' title='bbox 1967 2634 2012 2690; x_wconf 89' lang='lat' dir='ltr'><strong>si</strong></span> <span class='ocrx_word' id='word_1_417' title='bbox 2037 2632 2183 2687; x_wconf 90' lang='lat' dir='ltr'><strong>clare</strong></span> <span class='ocrx_word' id='word_1_418' title='bbox 2212 2644 2379 2685; x_wconf 90' lang='lat' dir='ltr'><strong>nosse</strong></span> <span class='ocrx_word' id='word_1_419' title='bbox 2402 2626 2639 2699; x_wconf 85' lang='lat' dir='ltr'><strong>potestis</strong></span> <span class='ocrx_word' id='word_1_420' title='bbox 2666 2623 2816 2694; x_wconf 88' lang='lat' dir='ltr'><strong>quod</strong></span> <span class='ocrx_word' id='word_1_421' title='bbox 2847 2621 3005 2683; x_wconf 92' lang='lat' dir='ltr'><strong>dico,</strong></span> <span class='ocrx_word' id='word_1_422' title='bbox 3050 2639 3069 2670; x_wconf 75' lang='grc' dir='ltr'><strong>ι</strong></span> <span class='ocrx_word' id='word_1_423' title='bbox 3110 2617 3262 2672; x_wconf 88' lang='lat' dir='ltr'><strong>Beati</strong></span> <span class='ocrx_word' id='word_1_424' title='bbox 3310 2615 3450 2671; x_wconf 87' lang='lat' dir='ltr'><strong>estis</strong></span> <span class='ocrx_word' id='word_1_425' title='bbox 3496 2615 3544 2669; x_wconf 89' lang='lat' dir='ltr'><strong>si</strong></span> 
     </span>
    </p>
   </div>
   <div class='ocr_carea' id='block_1_59' title="bbox 1970 2706 3543 2781">
    <p class='ocr_par' dir='ltr' id='par_1_59' title="bbox 1970 2706 3543 2781">
     <span class='ocr_line' id='line_1_59' title="bbox 1970 2706 3543 2781; baseline -0.013 -1"><span class='ocrx_word' id='word_1_426' title='bbox 1970 2723 2214 2781; x_wconf 82' lang='lat' dir='ltr'><strong>feceritis</strong></span> <span class='ocrx_word' id='word_1_427' title='bbox 2240 2736 2327 2777; x_wconf 81' lang='lat' dir='ltr'><strong>ea.</strong></span> <span class='ocrx_word' id='word_1_428' title='bbox 2363 2739 2381 2772; x_wconf 78' lang='grc' dir='ltr'><strong>ι</strong></span> <span class='ocrx_word' id='word_1_429' title='bbox 2410 2717 2530 2772; x_wconf 83' lang='lat' dir='ltr'><strong>Non</strong></span> <span class='ocrx_word' id='word_1_430' title='bbox 2581 2716 2728 2771; x_wconf 90' lang='lat' dir='ltr'><strong>enim</strong></span> <span class='ocrx_word' id='word_1_431' title='bbox 2778 2713 2925 2768; x_wconf 86' lang='lat' dir='ltr'><strong>scire</strong></span> <span class='ocrx_word' id='word_1_432' title='bbox 2953 2711 3239 2769; x_wconf 85' lang='lat' dir='ltr'><strong>virtutem,</strong></span> <span class='ocrx_word' id='word_1_433' title='bbox 3298 2706 3393 2762; x_wconf 86' lang='lat' dir='ltr'><strong>sed</strong></span> <span class='ocrx_word' id='word_1_434' title='bbox 3422 2721 3543 2761; x_wconf 89' lang='lat' dir='ltr'><strong>eam</strong></span> 
     </span>
    </p>
   </div>
   <div class='ocr_carea' id='block_1_60' title="bbox 1968 2798 3546 2883">
    <p class='ocr_par' dir='ltr' id='par_1_60' title="bbox 1968 2798 3546 2883">
     <span class='ocr_line' id='line_1_60' title="bbox 1968 2798 3546 2883; baseline -0.014 -10"><span class='ocrx_word' id='word_1_435' title='bbox 1968 2830 2227 2873; x_wconf 82' lang='lat' dir='ltr'><strong>exercere</strong></span> <span class='ocrx_word' id='word_1_436' title='bbox 2254 2810 2551 2883; x_wconf 90' lang='lat' dir='ltr'><strong>optandum</strong></span> <span class='ocrx_word' id='word_1_437' title='bbox 2583 2815 2667 2863; x_wconf 89' lang='lat' dir='ltr'><strong>est</strong></span> <span class='ocrx_word' id='word_1_438' title='bbox 2711 2813 2876 2875; x_wconf 88' lang='lat' dir='ltr'><strong>atque</strong></span> <span class='ocrx_word' id='word_1_439' title='bbox 2930 2800 3228 2856; x_wconf 86' lang='lat' dir='ltr'><strong>laudabile.</strong></span> <span class='ocrx_word' id='word_1_440' title='bbox 3280 2798 3546 2853; x_wconf 77' lang='lat' dir='ltr'><strong>Existimo</strong></span> 
     </span>
    </p>
   </div>
   <div class='ocr_carea' id='block_1_61' title="bbox 1965 2890 3549 2982">
    <p class='ocr_par' dir='ltr' id='par_1_61' title="bbox 1965 2890 3549 2982">
     <span class='ocr_line' id='line_1_61' title="bbox 1965 2890 3549 2982; baseline -0.014 -18"><span class='ocrx_word' id='word_1_441' title='bbox 1965 2926 2097 2967; x_wconf 81' lang='lat' dir='ltr'><strong>vero</strong></span> <span class='ocrx_word' id='word_1_442' title='bbox 2123 2915 2389 2982; x_wconf 66' lang='lat' dir='ltr'><strong>praestare</strong></span> <span class='ocrx_word' id='word_1_443' title='bbox 2423 2899 2835 2973; x_wconf 84' lang='lat' dir='ltr'><strong>quodammodo</strong></span> <span class='ocrx_word' id='word_1_444' title='bbox 2870 2912 2988 2953; x_wconf 89' lang='lat' dir='ltr'><strong>eam</strong></span> <span class='ocrx_word' id='word_1_445' title='bbox 3031 2911 3100 2950; x_wconf 90' lang='lat' dir='ltr'><strong>ne</strong></span> <span class='ocrx_word' id='word_1_446' title='bbox 3138 2894 3400 2949; x_wconf 82' lang='lat' dir='ltr'><strong>didicisse</strong></span> <span class='ocrx_word' id='word_1_447' title='bbox 3432 2890 3549 2961; x_wconf 87' lang='lat' dir='ltr'><strong>qui-</strong></span> 
     </span>
    </p>
   </div>
   <div class='ocr_carea' id='block_1_62' title="bbox 1966 2982 3545 3070">
    <p class='ocr_par' dir='ltr' id='par_1_62' title="bbox 1966 2982 3545 3070">
     <span class='ocr_line' id='line_1_62' title="bbox 1966 2982 3545 3070; baseline -0.014 -13"><span class='ocrx_word' id='word_1_448' title='bbox 1966 3002 2111 3065; x_wconf 91' lang='lat' dir='ltr'><strong>dem,</strong></span> <span class='ocrx_word' id='word_1_449' title='bbox 2145 3013 2309 3070; x_wconf 89' lang='lat' dir='ltr'><strong>quam</strong></span> <span class='ocrx_word' id='word_1_450' title='bbox 2336 3011 2461 3050; x_wconf 91' lang='lat' dir='ltr'><strong>cum</strong></span> <span class='ocrx_word' id='word_1_451' title='bbox 2488 2990 2769 3053; x_wconf 87' lang='lat' dir='ltr'><strong>didiceris,</strong></span> <span class='ocrx_word' id='word_1_452' title='bbox 2803 2988 3026 3059; x_wconf 78' lang='lat' dir='ltr'><strong>pigritia</strong></span> <span class='ocrx_word' id='word_1_453' title='bbox 3051 2994 3283 3039; x_wconf 87' lang='lat' dir='ltr'><strong>mentem</strong></span> <span class='ocrx_word' id='word_1_454' title='bbox 3313 2982 3545 3052; x_wconf 87' lang='lat' dir='ltr'><strong>illigare,</strong></span> 
     </span>
    </p>
   </div>
   <div class='ocr_carea' id='block_1_63' title="bbox 1967 3072 3553 3162">
    <p class='ocr_par' dir='ltr' id='par_1_63' title="bbox 1967 3072 3553 3162">
     <span class='ocr_line' id='line_1_63' title="bbox 1967 3072 3553 3162; baseline -0.016 -14"><span class='ocrx_word' id='word_1_455' title='bbox 1967 3104 2020 3149; x_wconf 92' lang='lat' dir='ltr'><strong>et</strong></span> <span class='ocrx_word' id='word_1_456' title='bbox 2054 3106 2177 3162; x_wconf 70' lang='lat' dir='ltr'><strong>quat</strong></span> <span class='ocrx_word' id='word_1_457' title='bbox 2228 3098 2378 3143; x_wconf 87' lang='lat' dir='ltr'><strong>recta</strong></span> <span class='ocrx_word' id='word_1_458' title='bbox 2411 3094 2465 3141; x_wconf 89' lang='lat' dir='ltr'><strong>et</strong></span> <span class='ocrx_word' id='word_1_459' title='bbox 2494 3086 2636 3138; x_wconf 89' lang='lat' dir='ltr'><strong>bona</strong></span> <span class='ocrx_word' id='word_1_460' title='bbox 2665 3096 2787 3137; x_wconf 88' lang='lat' dir='ltr'><strong>esse</strong></span> <span class='ocrx_word' id='word_1_461' title='bbox 2839 3080 3015 3138; x_wconf 88' lang='lat' dir='ltr'><strong>noris,</strong></span> <span class='ocrx_word' id='word_1_462' title='bbox 3054 3076 3202 3130; x_wconf 89' lang='lat' dir='ltr'><strong>nolle</strong></span> <span class='ocrx_word' id='word_1_463' title='bbox 3259 3072 3553 3141; x_wconf 82' lang='lat' dir='ltr'><strong>perﬁcere,</strong></span> 
     </span>
    </p>
   </div>
   <div class='ocr_carea' id='block_1_64' title="bbox 286 3166 1863 3257">
    <p class='ocr_par' dir='ltr' id='par_1_64' title="bbox 286 3170 1861 3255">
     <span class='ocr_line' id='line_1_64' title="bbox 286 3170 1861 3255; baseline 0.002 -28"><span class='ocrx_word' id='word_1_464' title='bbox 286 3173 420 3245; x_wconf 76' lang='grc' dir='ltr'>φαίη</span> <span class='ocrx_word' id='word_1_465' title='bbox 460 3192 543 3238; x_wconf 91' lang='grc' dir='ltr'><strong>τις</strong></span> <span class='ocrx_word' id='word_1_466' title='bbox 568 3174 657 3228; x_wconf 80' lang='grc' dir='ltr'><strong>ἀν.</strong></span> <span class='ocrx_word' id='word_1_467' title='bbox 679 3170 857 3255; x_wconf 37' lang='grc' dir='ltr'>,Οἶμαι</span> <span class='ocrx_word' id='word_1_468' title='bbox 884 3173 941 3227; x_wconf 87' lang='grc' dir='ltr'>δὲ</span> <span class='ocrx_word' id='word_1_469' title='bbox 984 3174 1067 3228; x_wconf 81' lang='grc' dir='ltr'>ὅτι</span> <span class='ocrx_word' id='word_1_470' title='bbox 1092 3174 1235 3244; x_wconf 83' lang='grc' dir='ltr'>τάχα</span> <span class='ocrx_word' id='word_1_471' title='bbox 1266 3191 1384 3236; x_wconf 87' lang='grc' dir='ltr'><strong>πως</strong></span> <span class='ocrx_word' id='word_1_472' title='bbox 1423 3175 1519 3228; x_wconf 81' lang='grc' dir='ltr'>καὶ</span> <span class='ocrx_word' id='word_1_473' title='bbox 1550 3176 1773 3246; x_wconf 86' lang='grc' dir='ltr'>ἀμεινον</span> <span class='ocrx_word' id='word_1_474' title='bbox 1800 3176 1861 3230; x_wconf 83' lang='grc' dir='ltr'>τὸ</span> 
     </span>
    </p>
   </div>
   <div class='ocr_carea' id='block_1_65' title="bbox 1965 3166 3550 3257">
    <p class='ocr_par' dir='ltr' id='par_1_65' title="bbox 1965 3166 3550 3257">
     <span class='ocr_line' id='line_1_65' title="bbox 1965 3166 3550 3257; baseline -0.015 -16"><span class='ocrx_word' id='word_1_475' title='bbox 1965 3187 2120 3257; x_wconf 78' lang='lat' dir='ltr'><strong>juxta</strong></span> <span class='ocrx_word' id='word_1_476' title='bbox 2150 3180 2460 3238; x_wconf 88' lang='lat' dir='ltr'><strong>Servatoris</strong></span> <span class='ocrx_word' id='word_1_477' title='bbox 2489 3191 2722 3231; x_wconf 89' lang='lat' dir='ltr'><strong>vocem:</strong></span> <span class='ocrx_word' id='word_1_478' title='bbox 2770 3193 2788 3225; x_wconf 81' lang='grc' dir='ltr'><strong>ι</strong></span> <span class='ocrx_word' id='word_1_479' title='bbox 2836 3172 2942 3238; x_wconf 85' lang='lat' dir='ltr'><strong>Qui</strong></span> <span class='ocrx_word' id='word_1_480' title='bbox 2989 3186 3099 3224; x_wconf 87' lang='lat' dir='ltr'><strong>non</strong></span> <span class='ocrx_word' id='word_1_481' title='bbox 3141 3166 3401 3238; x_wconf 89' lang='lat' dir='ltr'><strong>cognovit</strong></span> <span class='ocrx_word' id='word_1_482' title='bbox 3450 3178 3550 3218; x_wconf 84' lang='lat' dir='ltr'><strong>vo-</strong></span> 
     </span>
    </p>
   </div>
   <div class='ocr_carea' id='block_1_66' title="bbox 288 3264 1863 3339">
    <p class='ocr_par' dir='ltr' id='par_1_66' title="bbox 288 3264 1863 3339">
     <span class='ocr_line' id='line_1_66' title="bbox 288 3264 1863 3339; baseline 0.001 -20"><span class='ocrx_word' id='word_1_483' title='bbox 288 3265 414 3339; x_wconf 68' lang='grc' dir='ltr'><strong>μηδ</strong></span> <span class='ocrx_word' id='word_1_484' title='bbox 437 3266 575 3329; x_wconf 86' lang='grc' dir='ltr'>ὅλως</span> <span class='ocrx_word' id='word_1_485' title='bbox 615 3264 809 3336; x_wconf 77' lang='grc' dir='ltr'>μαθεῖν</span> <span class='ocrx_word' id='word_1_486' title='bbox 836 3305 851 3328; x_wconf 96' lang='grc'><strong>,</strong></span> <span class='ocrx_word' id='word_1_487' title='bbox 892 3265 926 3337; x_wconf 78' lang='grc' dir='ltr'><strong>ἢ</strong></span> <span class='ocrx_word' id='word_1_488' title='bbox 977 3264 1251 3335; x_wconf 82' lang='grc' dir='ltr'>μαθόντας</span> <span class='ocrx_word' id='word_1_489' title='bbox 1302 3266 1447 3337; x_wconf 81' lang='grc' dir='ltr'>δκνῳ</span> <span class='ocrx_word' id='word_1_490' title='bbox 1490 3266 1722 3336; x_wconf 81' lang='grc' dir='ltr'>πεδῆσαι</span> <span class='ocrx_word' id='word_1_491' title='bbox 1772 3267 1863 3321; x_wconf 82' lang='grc' dir='ltr'>τὸν</span> 
     </span>
    </p>
   </div>
   <div class='ocr_carea' id='block_1_67' title="bbox 286 3356 1864 3431">
    <p class='ocr_par' dir='ltr' id='par_1_67' title="bbox 286 3356 1864 3431">
     <span class='ocr_line' id='line_1_67' title="bbox 286 3356 1864 3431; baseline 0.001 -18"><span class='ocrx_word' id='word_1_492' title='bbox 286 3357 415 3413; x_wconf 88' lang='grc' dir='ltr'>νοῦν</span> <span class='ocrx_word' id='word_1_493' title='bbox 437 3400 454 3424; x_wconf 87' lang='grc'><strong>,</strong></span> <span class='ocrx_word' id='word_1_494' title='bbox 491 3357 582 3411; x_wconf 74' lang='grc' dir='ltr'>καὶ</span> <span class='ocrx_word' id='word_1_495' title='bbox 612 3356 755 3427; x_wconf 77' lang='grc' dir='ltr'>άπερ</span> <span class='ocrx_word' id='word_1_496' title='bbox 786 3357 852 3412; x_wconf 83' lang='grc' dir='ltr'><strong>ἀν</strong></span> <span class='ocrx_word' id='word_1_497' title='bbox 879 3374 964 3420; x_wconf 90' lang='grc' dir='ltr'><strong>τις</strong></span> <span class='ocrx_word' id='word_1_498' title='bbox 1001 3357 1205 3428; x_wconf 85' lang='grc' dir='ltr'>ἀριστά</span> <span class='ocrx_word' id='word_1_499' title='bbox 1247 3375 1307 3411; x_wconf 83' lang='grc' dir='ltr'><strong>τε</strong></span> <span class='ocrx_word' id='word_1_500' title='bbox 1356 3359 1454 3413; x_wconf 76' lang='grc' dir='ltr'>καὶ</span> <span class='ocrx_word' id='word_1_501' title='bbox 1499 3359 1675 3431; x_wconf 82' lang='grc' dir='ltr'>ὀρθῶς</span> <span class='ocrx_word' id='word_1_502' title='bbox 1719 3360 1864 3430; x_wconf 78' lang='grc' dir='ltr'>ἔχειν</span> 
     </span>
    </p>
   </div>
   <div class='ocr_carea' id='block_1_68' title="bbox 286 3447 1863 3522">
    <p class='ocr_par' dir='ltr' id='par_1_68' title="bbox 286 3447 1863 3522">
     <span class='ocr_line' id='line_1_68' title="bbox 286 3447 1863 3522; baseline 0.004 -20"><span class='ocrx_word' id='word_1_503' title='bbox 286 3449 479 3518; x_wconf 80' lang='grc' dir='ltr'>εἰδείη,</span> <span class='ocrx_word' id='word_1_504' title='bbox 522 3448 598 3519; x_wconf 80' lang='grc' dir='ltr'><strong>μὴ</strong></span> <span class='ocrx_word' id='word_1_505' title='bbox 631 3448 916 3519; x_wconf 75' lang='grc' dir='ltr'>βούλεσθαι</span> <span class='ocrx_word' id='word_1_506' title='bbox 954 3447 1276 3519; x_wconf 79' lang='grc' dir='ltr'>κατορθοῦν,</span> <span class='ocrx_word' id='word_1_507' title='bbox 1312 3450 1456 3504; x_wconf 87' lang='grc' dir='ltr'><strong>κατά</strong></span> <span class='ocrx_word' id='word_1_508' title='bbox 1480 3452 1579 3522; x_wconf 82' lang='grc' dir='ltr'>τὴν</span> <span class='ocrx_word' id='word_1_509' title='bbox 1616 3452 1709 3507; x_wconf 88' lang='grc' dir='ltr'><strong>τοῦ</strong></span> <span class='ocrx_word' id='word_1_510' title='bbox 1748 3454 1863 3507; x_wconf 70' lang='grc' dir='ltr'><strong>Σωυ</strong></span> 
     </span>
    </p>
   </div>
   <div class='ocr_carea' id='block_1_69' title="bbox 283 3539 1863 3617">
    <p class='ocr_par' dir='ltr' id='par_1_69' title="bbox 283 3539 1863 3617">
     <span class='ocr_line' id='line_1_69' title="bbox 283 3539 1863 3617; baseline 0.005 -26"><span class='ocrx_word' id='word_1_511' title='bbox 283 3540 455 3608; x_wconf 76' lang='grc' dir='ltr'><strong>⁴ι’ἦρος</strong></span> <span class='ocrx_word' id='word_1_512' title='bbox 477 3542 696 3609; x_wconf 79' lang='grc' dir='ltr'>φωνήνο</span> <span class='ocrx_word' id='word_1_513' title='bbox 735 3558 755 3593; x_wconf 74' lang='grc' dir='ltr'><strong>ε</strong></span> <span class='ocrx_word' id='word_1_514' title='bbox 795 3540 853 3595; x_wconf 85' lang='lat'>&#39;0</span> <span class='ocrx_word' id='word_1_515' title='bbox 885 3540 959 3612; x_wconf 84' lang='grc' dir='ltr'><strong>μή</strong></span> <span class='ocrx_word' id='word_1_516' title='bbox 995 3539 1152 3605; x_wconf 83' lang='grc' dir='ltr'>εἰδὼς</span> <span class='ocrx_word' id='word_1_517' title='bbox 1175 3540 1237 3594; x_wconf 82' lang='grc' dir='ltr'>τὸ</span> <span class='ocrx_word' id='word_1_518' title='bbox 1269 3540 1481 3613; x_wconf 80' lang='grc' dir='ltr'>θέλημα</span> <span class='ocrx_word' id='word_1_519' title='bbox 1520 3543 1616 3597; x_wconf 90' lang='grc' dir='ltr'><strong>τοῦ</strong></span> <span class='ocrx_word' id='word_1_520' title='bbox 1657 3546 1863 3617; x_wconf 84' lang='grc' dir='ltr'>Κυρίου</span> 
     </span>
    </p>
   </div>
   <div class='ocr_carea' id='block_1_70' title="bbox 287 3629 1863 3705">
    <p class='ocr_par' dir='ltr' id='par_1_70' title="bbox 287 3629 1863 3705">
     <span class='ocr_line' id='line_1_70' title="bbox 287 3629 1863 3705; baseline 0.003 -21"><span class='ocrx_word' id='word_1_521' title='bbox 287 3629 455 3684; x_wconf 79' lang='grc' dir='ltr'>αὑτοῦ</span> <span class='ocrx_word' id='word_1_522' title='bbox 481 3671 498 3695; x_wconf 94' lang='grc'><strong>,</strong></span> <span class='ocrx_word' id='word_1_523' title='bbox 540 3632 636 3684; x_wconf 72' lang='grc' dir='ltr'><strong>καί⁵</strong></span> <span class='ocrx_word' id='word_1_524' title='bbox 682 3630 756 3702; x_wconf 80' lang='grc' dir='ltr'>μὴ</span> <span class='ocrx_word' id='word_1_525' title='bbox 800 3633 1073 3703; x_wconf 89' lang='grc' dir='ltr'>ποιήσας,</span> <span class='ocrx_word' id='word_1_526' title='bbox 1122 3631 1421 3703; x_wconf 83' lang='grc' dir='ltr'>δαρήσεται</span> <span class='ocrx_word' id='word_1_527' title='bbox 1468 3634 1683 3705; x_wconf 83' lang='grc' dir='ltr'>ὀλίγας·</span> <span class='ocrx_word' id='word_1_528' title='bbox 1740 3638 1769 3690; x_wconf 90' lang='grc' dir='ltr'><strong>ό</strong></span> <span class='ocrx_word' id='word_1_529' title='bbox 1808 3636 1863 3689; x_wconf 86' lang='grc' dir='ltr'>δὲ</span> 
     </span>
    </p>
   </div>
   <div class='ocr_carea' id='block_1_71' title="bbox 285 3720 1865 3801">
    <p class='ocr_par' dir='ltr' id='par_1_71' title="bbox 285 3720 1865 3801">
     <span class='ocr_line' id='line_1_71' title="bbox 285 3720 1865 3801; baseline 0.002 -28"><span class='ocrx_word' id='word_1_530' title='bbox 285 3720 470 3783; x_wconf 83' lang='grc' dir='ltr'>εἰδὼς,</span> <span class='ocrx_word' id='word_1_531' title='bbox 499 3720 592 3774; x_wconf 77' lang='grc' dir='ltr'>καὶ</span> <span class='ocrx_word' id='word_1_532' title='bbox 625 3720 701 3791; x_wconf 83' lang='grc' dir='ltr'><strong>μή</strong></span> <span class='ocrx_word' id='word_1_533' title='bbox 729 3723 984 3801; x_wconf 81' lang='grc' dir='ltr'>ποιήσας,</span> <span class='ocrx_word' id='word_1_534' title='bbox 1013 3722 1305 3794; x_wconf 82' lang='grc' dir='ltr'>δαρήσεται</span> <span class='ocrx_word' id='word_1_535' title='bbox 1340 3724 1559 3789; x_wconf 88' lang='grc' dir='ltr'>πολλάς.</span> <span class='ocrx_word' id='word_1_536' title='bbox 1599 3744 1617 3777; x_wconf 76' lang='grc' dir='ltr'><strong>ι</strong></span> <span class='ocrx_word' id='word_1_537' title='bbox 1650 3725 1740 3796; x_wconf 85' lang='grc' dir='ltr'>Τῷ</span> <span class='ocrx_word' id='word_1_538' title='bbox 1765 3726 1865 3797; x_wconf 83' lang='grc' dir='ltr'>μὲν</span> 
     </span>
    </p>
   </div>
   <div class='ocr_carea' id='block_1_72' title="bbox 285 3812 1865 3882">
    <p class='ocr_par' dir='ltr' id='par_1_72' title="bbox 285 3812 1865 3882">
     <span class='ocr_line' id='line_1_72' title="bbox 285 3812 1865 3882; baseline 0.004 -18"><span class='ocrx_word' id='word_1_539' title='bbox 285 3813 403 3882; x_wconf 65' lang='grc' dir='ltr'><strong>γάρ</strong></span> <span class='ocrx_word' id='word_1_540' title='bbox 430 3812 723 3882; x_wconf 76' lang='grc' dir='ltr'>ἠγνοηκότι</span> <span class='ocrx_word' id='word_1_541' title='bbox 762 3813 1062 3878; x_wconf 83' lang='grc' dir='ltr'>παντελῶς,</span> <span class='ocrx_word' id='word_1_542' title='bbox 1099 3815 1149 3867; x_wconf 86' lang='grc' dir='ltr'><strong>εἰ</strong></span> <span class='ocrx_word' id='word_1_543' title='bbox 1178 3815 1273 3868; x_wconf 78' lang='grc' dir='ltr'>καὶ</span> <span class='ocrx_word' id='word_1_544' title='bbox 1315 3815 1592 3870; x_wconf 75' lang='grc' dir='ltr'>εὐθύνοιτό</span> <span class='ocrx_word' id='word_1_545' title='bbox 1626 3834 1742 3881; x_wconf 88' lang='grc' dir='ltr'><strong>πως</strong></span> <span class='ocrx_word' id='word_1_546' title='bbox 1772 3818 1865 3870; x_wconf 73' lang='grc' dir='ltr'><strong>ἐπὶ</strong></span> 
     </span>
    </p>
   </div>
   <div class='ocr_carea' id='block_1_73' title="bbox 283 3902 1865 3979">
    <p class='ocr_par' dir='ltr' id='par_1_73' title="bbox 283 3902 1865 3979">
     <span class='ocr_line' id='line_1_73' title="bbox 283 3902 1865 3979; baseline 0.004 -23"><span class='ocrx_word' id='word_1_547' title='bbox 283 3907 355 3975; x_wconf 80' lang='grc' dir='ltr'>τῇ</span> <span class='ocrx_word' id='word_1_548' title='bbox 389 3902 643 3975; x_wconf 77' lang='grc' dir='ltr'>ῥᾳστώνῃ</span> <span class='ocrx_word' id='word_1_549' title='bbox 668 3904 846 3975; x_wconf 85' lang='grc' dir='ltr'>τυχὸν,</span> <span class='ocrx_word' id='word_1_550' title='bbox 872 3905 933 3958; x_wconf 84' lang='grc' dir='ltr'>τὸ</span> <span class='ocrx_word' id='word_1_551' title='bbox 954 3906 1085 3973; x_wconf 84' lang='grc' dir='ltr'>γοῦν</span> <span class='ocrx_word' id='word_1_552' title='bbox 1111 3906 1339 3979; x_wconf 86' lang='grc' dir='ltr'>μετρίαν</span> <span class='ocrx_word' id='word_1_553' title='bbox 1365 3909 1589 3978; x_wconf 83' lang='grc' dir='ltr'>αἰτῆσαι</span> <span class='ocrx_word' id='word_1_554' title='bbox 1616 3910 1865 3978; x_wconf 86' lang='grc' dir='ltr'>συγγνώ-</span> 
     </span>
    </p>
   </div>
   <div class='ocr_carea' id='block_1_74' title="bbox 291 3994 1866 4073">
    <p class='ocr_par' dir='ltr' id='par_1_74' title="bbox 291 3994 1866 4073">
     <span class='ocr_line' id='line_1_74' title="bbox 291 3994 1866 4073; baseline 0.006 -27"><span class='ocrx_word' id='word_1_555' title='bbox 291 4012 402 4067; x_wconf 85' lang='grc' dir='ltr'><strong>μην</strong></span> <span class='ocrx_word' id='word_1_556' title='bbox 420 3996 484 4048; x_wconf 81' lang='grc' dir='ltr'>οὐ</span> <span class='ocrx_word' id='word_1_557' title='bbox 518 3994 638 4048; x_wconf 85' lang='grc' dir='ltr'>λίαν</span> <span class='ocrx_word' id='word_1_558' title='bbox 657 3996 1000 4066; x_wconf 87' lang='grc' dir='ltr'>ἀνάρμοστον</span> <span class='ocrx_word' id='word_1_559' title='bbox 1025 4012 1038 4024; x_wconf 90' lang='grc'><strong>·</strong></span> <span class='ocrx_word' id='word_1_560' title='bbox 1068 3995 1146 4066; x_wconf 83' lang='grc' dir='ltr'><strong>τῷ</strong></span> <span class='ocrx_word' id='word_1_561' title='bbox 1170 4014 1234 4067; x_wconf 90' lang='grc' dir='ltr'><strong>γε</strong></span> <span class='ocrx_word' id='word_1_562' title='bbox 1265 3997 1370 4069; x_wconf 80' lang='grc' dir='ltr'>μὴν</span> <span class='ocrx_word' id='word_1_563' title='bbox 1401 3998 1564 4052; x_wconf 85' lang='grc' dir='ltr'>εἰδότι</span> <span class='ocrx_word' id='word_1_564' title='bbox 1585 4001 1646 4052; x_wconf 79' lang='grc' dir='ltr'>τὸ</span> <span class='ocrx_word' id='word_1_565' title='bbox 1675 4001 1866 4073; x_wconf 85' lang='grc' dir='ltr'>χρῆμα</span> 
     </span>
    </p>
   </div>
   <div class='ocr_carea' id='block_1_75' title="bbox 287 4085 1867 4161">
    <p class='ocr_par' dir='ltr' id='par_1_75' title="bbox 287 4085 1867 4161">
     <span class='ocr_line' id='line_1_75' title="bbox 287 4085 1867 4161; baseline 0.006 -23"><span class='ocrx_word' id='word_1_566' title='bbox 287 4087 491 4156; x_wconf 78' lang='grc' dir='ltr'>γένοιτ’</span> <span class='ocrx_word' id='word_1_567' title='bbox 525 4086 591 4140; x_wconf 78' lang='grc' dir='ltr'>ἂν</span> <span class='ocrx_word' id='word_1_568' title='bbox 619 4085 879 4155; x_wconf 81' lang='grc' dir='ltr'>δυσαχθὲς</span> <span class='ocrx_word' id='word_1_569' title='bbox 900 4088 980 4151; x_wconf 90' lang='grc' dir='ltr'><strong>εἰς</strong></span> <span class='ocrx_word' id='word_1_570' title='bbox 1009 4090 1355 4161; x_wconf 88' lang='grc' dir='ltr'>κατάκρισιν,</span> <span class='ocrx_word' id='word_1_571' title='bbox 1387 4093 1421 4161; x_wconf 90' lang='grc' dir='ltr'><strong>ή</strong></span> <span class='ocrx_word' id='word_1_572' title='bbox 1460 4091 1683 4161; x_wconf 90' lang='grc' dir='ltr'>γνῶσις.</span> <span class='ocrx_word' id='word_1_573' title='bbox 1722 4094 1867 4146; x_wconf 83' lang='grc' dir='ltr'>Κατ-</span> 
     </span>
    </p>
   </div>
   <div class='ocr_carea' id='block_1_76' title="bbox 288 4176 1869 4251">
    <p class='ocr_par' dir='ltr' id='par_1_76' title="bbox 288 4176 1869 4251">
     <span class='ocr_line' id='line_1_76' title="bbox 288 4176 1869 4251; baseline 0.003 -20"><span class='ocrx_word' id='word_1_574' title='bbox 288 4180 562 4249; x_wconf 79' lang='grc' dir='ltr'>εφρόνησε</span> <span class='ocrx_word' id='word_1_575' title='bbox 600 4176 710 4248; x_wconf 87' lang='grc' dir='ltr'><strong>γάρ</strong></span> <span class='ocrx_word' id='word_1_576' title='bbox 728 4217 744 4240; x_wconf 91' lang='grc'><strong>,</strong></span> <span class='ocrx_word' id='word_1_577' title='bbox 787 4176 1000 4242; x_wconf 72' lang='grc' dir='ltr'>οὐδενὸς</span> <span class='ocrx_word' id='word_1_578' title='bbox 1030 4179 1178 4251; x_wconf 83' lang='grc' dir='ltr'><strong>αὐτῷ</strong></span> <span class='ocrx_word' id='word_1_579' title='bbox 1207 4179 1485 4244; x_wconf 85' lang='grc' dir='ltr'>λείποντος</span> <span class='ocrx_word' id='word_1_580' title='bbox 1519 4184 1598 4246; x_wconf 80' lang='grc' dir='ltr'><strong>εἰς</strong></span> <span class='ocrx_word' id='word_1_581' title='bbox 1625 4183 1685 4236; x_wconf 82' lang='grc' dir='ltr'>τὸ</span> <span class='ocrx_word' id='word_1_582' title='bbox 1710 4182 1869 4236; x_wconf 81' lang='grc' dir='ltr'>δύνα-</span> 
     </span>
    </p>
   </div>
   <div class='ocr_carea' id='block_1_77' title="bbox 292 4267 1867 4344">
    <p class='ocr_par' dir='ltr' id='par_1_77' title="bbox 292 4267 1867 4344">
     <span class='ocr_line' id='line_1_77' title="bbox 292 4267 1867 4344; baseline 0.003 -21"><span class='ocrx_word' id='word_1_583' title='bbox 292 4269 422 4323; x_wconf 82' lang='grc' dir='ltr'>σθαι</span> <span class='ocrx_word' id='word_1_584' title='bbox 448 4270 584 4341; x_wconf 79' lang='grc' dir='ltr'>δρᾷν</span> <span class='ocrx_word' id='word_1_585' title='bbox 604 4269 674 4322; x_wconf 79' lang='grc' dir='ltr'><strong>τά</strong></span> <span class='ocrx_word' id='word_1_586' title='bbox 713 4267 863 4339; x_wconf 75' lang='grc' dir='ltr'>αὐτῷ</span> <span class='ocrx_word' id='word_1_587' title='bbox 893 4270 1340 4343; x_wconf 80' lang='grc' dir='ltr'>πρεπωδέστερα.</span> <span class='ocrx_word' id='word_1_588' title='bbox 1374 4273 1496 4344; x_wconf 85' lang='grc' dir='ltr'><strong>Χρὴ</strong></span> <span class='ocrx_word' id='word_1_589' title='bbox 1530 4273 1709 4327; x_wconf 87' lang='grc' dir='ltr'>τοίνυν</span> <span class='ocrx_word' id='word_1_590' title='bbox 1730 4274 1867 4327; x_wconf 77' lang='grc' dir='ltr'>εἱδό‹</span> 
     </span>
    </p>
   </div>
   <div class='ocr_carea' id='block_1_78' title="bbox 292 4358 1867 4437">
    <p class='ocr_par' dir='ltr' id='par_1_78' title="bbox 292 4358 1867 4437">
     <span class='ocr_line' id='line_1_78' title="bbox 292 4358 1867 4437; baseline 0.004 -24"><span class='ocrx_word' id='word_1_591' title='bbox 292 4378 393 4424; x_wconf 88' lang='grc' dir='ltr'><strong>τας</strong></span> <span class='ocrx_word' id='word_1_592' title='bbox 417 4358 747 4431; x_wconf 74' lang='grc' dir='ltr'>ἐργάζεσθαι</span> <span class='ocrx_word' id='word_1_593' title='bbox 771 4377 783 4390; x_wconf 90' lang='grc'><strong>·</strong></span> <span class='ocrx_word' id='word_1_594' title='bbox 829 4360 1035 4415; x_wconf 84' lang='grc' dir='ltr'>τέλειον</span> <span class='ocrx_word' id='word_1_595' title='bbox 1081 4361 1189 4433; x_wconf 83' lang='grc' dir='ltr'><strong>γάρ</strong></span> <span class='ocrx_word' id='word_1_596' title='bbox 1226 4363 1348 4416; x_wconf 86' lang='grc' dir='ltr'>τότε</span> <span class='ocrx_word' id='word_1_597' title='bbox 1386 4365 1486 4435; x_wconf 83' lang='grc' dir='ltr'>τῆς</span> <span class='ocrx_word' id='word_1_598' title='bbox 1543 4366 1603 4418; x_wconf 83' lang='grc' dir='ltr'>ὲν</span> <span class='ocrx_word' id='word_1_599' title='bbox 1643 4364 1867 4437; x_wconf 80' lang='grc' dir='ltr'>Χριστῷ</span> 
     </span>
    </p>
   </div>
   <div class='ocr_carea' id='block_1_79' title="bbox 292 4450 1866 4530">
    <p class='ocr_par' dir='ltr' id='par_1_79' title="bbox 292 4450 1866 4530">
     <span class='ocr_line' id='line_1_79' title="bbox 292 4450 1866 4530; baseline 0.004 -24"><span class='ocrx_word' id='word_1_600' title='bbox 292 4451 568 4514; x_wconf 87' lang='grc' dir='ltr'>πολιτείας</span> <span class='ocrx_word' id='word_1_601' title='bbox 610 4451 675 4505; x_wconf 81' lang='grc' dir='ltr'>τὸ</span> <span class='ocrx_word' id='word_1_602' title='bbox 708 4450 968 4524; x_wconf 81' lang='grc' dir='ltr'>καύχημα</span> <span class='ocrx_word' id='word_1_603' title='bbox 1024 4455 1428 4525; x_wconf 88' lang='grc' dir='ltr'>περικείμενοι,</span> <span class='ocrx_word' id='word_1_604' title='bbox 1483 4457 1866 4530; x_wconf 86' lang='grc' dir='ltr'>πληρεστάτην</span> 
     </span>
    </p>
   </div>
   <div class='ocr_carea' id='block_1_80' title="bbox 1965 3259 3547 3333">
    <p class='ocr_par' dir='ltr' id='par_1_80' title="bbox 1965 3259 3547 3333">
     <span class='ocr_line' id='line_1_80' title="bbox 1965 3259 3547 3333; baseline -0.015 0"><span class='ocrx_word' id='word_1_605' title='bbox 1965 3279 2232 3333; x_wconf 88' lang='lat' dir='ltr'><strong>luntatem</strong></span> <span class='ocrx_word' id='word_1_606' title='bbox 2263 3270 2474 3326; x_wconf 87' lang='lat' dir='ltr'><strong>domini</strong></span> <span class='ocrx_word' id='word_1_607' title='bbox 2509 3267 2616 3331; x_wconf 92' lang='lat' dir='ltr'><strong>sui,</strong></span> <span class='ocrx_word' id='word_1_608' title='bbox 2648 3274 2701 3321; x_wconf 90' lang='lat' dir='ltr'><strong>et</strong></span> <span class='ocrx_word' id='word_1_609' title='bbox 2730 3281 2841 3320; x_wconf 91' lang='lat' dir='ltr'><strong>non</strong></span> <span class='ocrx_word' id='word_1_610' title='bbox 2866 3263 3024 3325; x_wconf 76' lang='lat' dir='ltr'><strong>fecit,</strong></span> <span class='ocrx_word' id='word_1_611' title='bbox 3065 3259 3351 3330; x_wconf 85' lang='lat' dir='ltr'><strong>vapulabit</strong></span> <span class='ocrx_word' id='word_1_612' title='bbox 3405 3271 3547 3327; x_wconf 83' lang='lat' dir='ltr'><strong>pau—</strong></span> 
     </span>
    </p>
   </div>
   <div class='ocr_carea' id='block_1_81' title="bbox 1962 3346 3549 3435">
    <p class='ocr_par' dir='ltr' id='par_1_81' title="bbox 1962 3346 3549 3435">
     <span class='ocr_line' id='line_1_81' title="bbox 1962 3346 3549 3435; baseline -0.015 -12"><span class='ocrx_word' id='word_1_613' title='bbox 1962 3368 2087 3423; x_wconf 90' lang='lat' dir='ltr'><strong>cis:</strong></span> <span class='ocrx_word' id='word_1_614' title='bbox 2122 3364 2217 3435; x_wconf 89' lang='lat' dir='ltr'><strong>qui</strong></span> <span class='ocrx_word' id='word_1_615' title='bbox 2253 3369 2434 3416; x_wconf 92' lang='lat' dir='ltr'><strong>autem</strong></span> <span class='ocrx_word' id='word_1_616' title='bbox 2467 3356 2729 3428; x_wconf 83' lang='lat' dir='ltr'><strong>cognovit</strong></span> <span class='ocrx_word' id='word_1_617' title='bbox 2781 3362 2837 3409; x_wconf 91' lang='lat' dir='ltr'><strong>et</strong></span> <span class='ocrx_word' id='word_1_618' title='bbox 2895 3367 3007 3408; x_wconf 92' lang='lat' dir='ltr'><strong>non</strong></span> <span class='ocrx_word' id='word_1_619' title='bbox 3058 3350 3211 3413; x_wconf 83' lang='lat' dir='ltr'><strong>fecit,</strong></span> <span class='ocrx_word' id='word_1_620' title='bbox 3264 3346 3549 3417; x_wconf 88' lang='lat' dir='ltr'><strong>vapulabit</strong></span> 
     </span>
    </p>
   </div>
   <div class='ocr_carea' id='block_1_82' title="bbox 1965 3438 3547 3514">
    <p class='ocr_par' dir='ltr' id='par_1_82' title="bbox 1965 3438 3547 3514">
     <span class='ocr_line' id='line_1_82' title="bbox 1965 3438 3547 3514; baseline -0.015 0"><span class='ocrx_word' id='word_1_621' title='bbox 1965 3457 2240 3514; x_wconf 83' lang='lat' dir='ltr'><strong>multis&quot;.</strong></span> <span class='ocrx_word' id='word_1_622' title='bbox 2283 3474 2302 3506; x_wconf 74' lang='grc' dir='ltr'><strong>ι</strong></span> <span class='ocrx_word' id='word_1_623' title='bbox 2336 3451 2448 3507; x_wconf 85' lang='lat' dir='ltr'><strong>Nec</strong></span> <span class='ocrx_word' id='word_1_624' title='bbox 2473 3451 2618 3506; x_wconf 91' lang='lat' dir='ltr'><strong>enim</strong></span> <span class='ocrx_word' id='word_1_625' title='bbox 2647 3448 2880 3503; x_wconf 90' lang='lat' dir='ltr'><strong>multum</strong></span> <span class='ocrx_word' id='word_1_626' title='bbox 2909 3444 3139 3501; x_wconf 85' lang='lat' dir='ltr'><strong>dedecet</strong></span> <span class='ocrx_word' id='word_1_627' title='bbox 3169 3457 3294 3497; x_wconf 89' lang='lat' dir='ltr'><strong>eum</strong></span> <span class='ocrx_word' id='word_1_628' title='bbox 3328 3438 3547 3495; x_wconf 86' lang='lat' dir='ltr'><strong>veniam</strong></span> 
     </span>
    </p>
   </div>
   <div class='ocr_carea' id='block_1_83' title="bbox 1964 3526 3551 3612">
    <p class='ocr_par' dir='ltr' id='par_1_83' title="bbox 1964 3526 3551 3612">
     <span class='ocr_line' id='line_1_83' title="bbox 1964 3526 3551 3612; baseline -0.013 -10"><span class='ocrx_word' id='word_1_629' title='bbox 1964 3546 2296 3602; x_wconf 90' lang='lat' dir='ltr'><strong>mediocrem</strong></span> <span class='ocrx_word' id='word_1_630' title='bbox 2322 3551 2507 3612; x_wconf 88' lang='lat' dir='ltr'><strong>petere</strong></span> <span class='ocrx_word' id='word_1_631' title='bbox 2541 3538 2636 3608; x_wconf 91' lang='lat' dir='ltr'><strong>qui</strong></span> <span class='ocrx_word' id='word_1_632' title='bbox 2674 3551 2902 3607; x_wconf 90' lang='lat' dir='ltr'><strong>prorsus</strong></span> <span class='ocrx_word' id='word_1_633' title='bbox 2948 3530 3236 3604; x_wconf 87' lang='lat' dir='ltr'><strong>ignorarit,</strong></span> <span class='ocrx_word' id='word_1_634' title='bbox 3290 3530 3423 3583; x_wconf 87' lang='lat' dir='ltr'><strong>licet</strong></span> <span class='ocrx_word' id='word_1_635' title='bbox 3477 3526 3551 3583; x_wconf 85' lang='lat' dir='ltr'><strong>ob</strong></span> 
     </span>
    </p>
   </div>
   <div class='ocr_carea' id='block_1_84' title="bbox 1966 3619 3546 3707">
    <p class='ocr_par' dir='ltr' id='par_1_84' title="bbox 1966 3619 3546 3707">
     <span class='ocr_line' id='line_1_84' title="bbox 1966 3619 3546 3707; baseline -0.012 -16"><span class='ocrx_word' id='word_1_636' title='bbox 1966 3635 2237 3707; x_wconf 76' lang='lat' dir='ltr'><strong>pigritiam</strong></span> <span class='ocrx_word' id='word_1_637' title='bbox 2277 3632 2417 3687; x_wconf 80' lang='lat' dir='ltr'><strong>forte</strong></span> <span class='ocrx_word' id='word_1_638' title='bbox 2450 3646 2578 3685; x_wconf 91' lang='lat' dir='ltr'><strong>reus</strong></span> <span class='ocrx_word' id='word_1_639' title='bbox 2614 3628 2727 3684; x_wconf 88' lang='lat' dir='ltr'><strong>sit:</strong></span> <span class='ocrx_word' id='word_1_640' title='bbox 2761 3634 2817 3680; x_wconf 88' lang='lat' dir='ltr'><strong>at</strong></span> <span class='ocrx_word' id='word_1_641' title='bbox 2865 3625 2915 3679; x_wconf 89' lang='lat' dir='ltr'><strong>ei</strong></span> <span class='ocrx_word' id='word_1_642' title='bbox 2977 3623 3073 3695; x_wconf 85' lang='lat' dir='ltr'><strong>qui</strong></span> <span class='ocrx_word' id='word_1_643' title='bbox 3112 3623 3297 3678; x_wconf 87' lang='lat' dir='ltr'><strong>sciens</strong></span> <span class='ocrx_word' id='word_1_644' title='bbox 3333 3619 3546 3684; x_wconf 78' lang='lat' dir='ltr'><strong>fecerit,</strong></span> 
     </span>
    </p>
   </div>
   <div class='ocr_carea' id='block_1_85' title="bbox 1964 3717 3549 3799">
    <p class='ocr_par' dir='ltr' id='par_1_85' title="bbox 1964 3717 3549 3799">
     <span class='ocr_line' id='line_1_85' title="bbox 1964 3717 3549 3799; baseline -0.011 -15"><span class='ocrx_word' id='word_1_645' title='bbox 1964 3729 2206 3799; x_wconf 89' lang='lat' dir='ltr'><strong>cognitio</strong></span> <span class='ocrx_word' id='word_1_646' title='bbox 2232 3723 2678 3782; x_wconf 87' lang='lat' dir='ltr'><strong>condemnationi</strong></span> <span class='ocrx_word' id='word_1_647' title='bbox 2703 3721 2829 3776; x_wconf 90' lang='lat' dir='ltr'><strong>erit.</strong></span> <span class='ocrx_word' id='word_1_648' title='bbox 2848 3718 3193 3788; x_wconf 84' lang='lat' dir='ltr'><strong>Contempsit</strong></span> <span class='ocrx_word' id='word_1_649' title='bbox 3221 3717 3391 3777; x_wconf 90' lang='lat' dir='ltr'><strong>enim,</strong></span> <span class='ocrx_word' id='word_1_650' title='bbox 3422 3729 3549 3768; x_wconf 90' lang='lat' dir='ltr'><strong>cum</strong></span> 
     </span>
    </p>
   </div>
   <div class='ocr_carea' id='block_1_86' title="bbox 1966 3805 3550 3885">
    <p class='ocr_par' dir='ltr' id='par_1_86' title="bbox 1966 3805 3550 3885">
     <span class='ocr_line' id='line_1_86' title="bbox 1966 3805 3550 3885; baseline -0.011 -10"><span class='ocrx_word' id='word_1_651' title='bbox 1966 3822 2031 3875; x_wconf 89' lang='lat' dir='ltr'><strong>ad</strong></span> <span class='ocrx_word' id='word_1_652' title='bbox 2084 3819 2319 3874; x_wconf 78' lang='lat' dir='ltr'><strong>cilicium</strong></span> <span class='ocrx_word' id='word_1_653' title='bbox 2371 3815 2707 3885; x_wconf 85' lang='lat' dir='ltr'><strong>implendum</strong></span> <span class='ocrx_word' id='word_1_654' title='bbox 2765 3812 2904 3866; x_wconf 86' lang='lat' dir='ltr'><strong>nihil</strong></span> <span class='ocrx_word' id='word_1_655' title='bbox 2943 3810 2993 3865; x_wconf 91' lang='lat' dir='ltr'><strong>ei</strong></span> <span class='ocrx_word' id='word_1_656' title='bbox 3043 3810 3279 3864; x_wconf 87' lang='lat' dir='ltr'><strong>deesset.</strong></span> <span class='ocrx_word' id='word_1_657' title='bbox 3322 3805 3550 3873; x_wconf 86' lang='lat' dir='ltr'><strong>Oportet</strong></span> 
     </span>
    </p>
   </div>
   <div class='ocr_carea' id='block_1_87' title="bbox 1965 3895 3549 3983">
    <p class='ocr_par' dir='ltr' id='par_1_87' title="bbox 1965 3895 3549 3983">
     <span class='ocr_line' id='line_1_87' title="bbox 1965 3895 3549 3983; baseline -0.012 -17"><span class='ocrx_word' id='word_1_658' title='bbox 1965 3913 2131 3983; x_wconf 87' lang='lat' dir='ltr'><strong>igitur</strong></span> <span class='ocrx_word' id='word_1_659' title='bbox 2157 3916 2217 3964; x_wconf 90' lang='lat' dir='ltr'><strong>ut</strong></span> <span class='ocrx_word' id='word_1_660' title='bbox 2241 3908 2334 3978; x_wconf 85' lang='lat' dir='ltr'><strong>qui</strong></span> <span class='ocrx_word' id='word_1_661' title='bbox 2373 3907 2557 3961; x_wconf 89' lang='lat' dir='ltr'><strong>sciunt</strong></span> <span class='ocrx_word' id='word_1_662' title='bbox 2589 3912 2892 3975; x_wconf 88' lang='lat' dir='ltr'><strong>operentur</strong></span> <span class='ocrx_word' id='word_1_663' title='bbox 2920 3920 2933 3956; x_wconf 88' lang='lat'>:</span> <span class='ocrx_word' id='word_1_664' title='bbox 2969 3909 3103 3954; x_wconf 88' lang='lat' dir='ltr'><strong>tunc</strong></span> <span class='ocrx_word' id='word_1_665' title='bbox 3131 3898 3278 3954; x_wconf 90' lang='lat' dir='ltr'><strong>enim</strong></span> <span class='ocrx_word' id='word_1_666' title='bbox 3305 3895 3549 3967; x_wconf 82' lang='lat' dir='ltr'><strong>perfecta</strong></span> 
     </span>
    </p>
   </div>
   <div class='ocr_carea' id='block_1_88' title="bbox 1969 3986 3552 4065">
    <p class='ocr_par' dir='ltr' id='par_1_88' title="bbox 1969 3986 3552 4065">
     <span class='ocr_line' id='line_1_88' title="bbox 1969 3986 3552 4065; baseline -0.013 -6"><span class='ocrx_word' id='word_1_667' title='bbox 1969 4006 2088 4059; x_wconf 70' lang='lat' dir='ltr'><strong>vita:</strong></span> <span class='ocrx_word' id='word_1_668' title='bbox 2112 4004 2165 4056; x_wconf 93' lang='lat' dir='ltr'><strong>in</strong></span> <span class='ocrx_word' id='word_1_669' title='bbox 2200 4001 2423 4056; x_wconf 89' lang='lat' dir='ltr'><strong>Christo</strong></span> <span class='ocrx_word' id='word_1_670' title='bbox 2453 4004 2754 4052; x_wconf 71' lang='lat' dir='ltr'><strong>transacta:</strong></span> <span class='ocrx_word' id='word_1_671' title='bbox 2786 3994 2960 4065; x_wconf 86' lang='lat' dir='ltr'><strong>gloria</strong></span> <span class='ocrx_word' id='word_1_672' title='bbox 2994 3990 3262 4053; x_wconf 90' lang='lat' dir='ltr'><strong>redimiti,</strong></span> <span class='ocrx_word' id='word_1_673' title='bbox 3293 3986 3552 4059; x_wconf 90' lang='lat' dir='ltr'><strong>plenissi-</strong></span> 
     </span>
    </p>
   </div>
   <div class='ocr_carea' id='block_1_89' title="bbox 1966 4079 3553 4163">
    <p class='ocr_par' dir='ltr' id='par_1_89' title="bbox 1966 4079 3553 4163">
     <span class='ocr_line' id='line_1_89' title="bbox 1966 4079 3553 4163; baseline -0.011 -13"><span class='ocrx_word' id='word_1_674' title='bbox 1966 4110 2110 4151; x_wconf 89' lang='lat' dir='ltr'><strong>mam</strong></span> <span class='ocrx_word' id='word_1_675' title='bbox 2157 4092 2453 4163; x_wconf 83' lang='lat' dir='ltr'><strong>aliquando</strong></span> <span class='ocrx_word' id='word_1_676' title='bbox 2499 4088 2924 4145; x_wconf 82' lang='lat' dir='ltr'><strong>retributionem</strong></span> <span class='ocrx_word' id='word_1_677' title='bbox 2978 4084 3338 4154; x_wconf 84' lang='lat' dir='ltr'><strong>recipiemus.</strong></span> <span class='ocrx_word' id='word_1_678' title='bbox 3397 4079 3553 4134; x_wconf 89' lang='lat' dir='ltr'><strong>Unde</strong></span> 
     </span>
    </p>
   </div>
   <div class='ocr_carea' id='block_1_90' title="bbox 1968 4162 3551 4251">
    <p class='ocr_par' dir='ltr' id='par_1_90' title="bbox 1968 4162 3551 4251">
     <span class='ocr_line' id='line_1_90' title="bbox 1968 4162 3551 4251; baseline -0.011 -10"><span class='ocrx_word' id='word_1_679' title='bbox 1968 4185 2225 4241; x_wconf 88' lang='lat' dir='ltr'><strong>Servator</strong></span> <span class='ocrx_word' id='word_1_680' title='bbox 2256 4162 2385 4238; x_wconf 87' lang='lat' dir='ltr'><strong>eum</strong></span> <span class='ocrx_word' id='word_1_681' title='bbox 2432 4180 2527 4251; x_wconf 82' lang='lat' dir='ltr'><strong>qui</strong></span> <span class='ocrx_word' id='word_1_682' title='bbox 2581 4179 2779 4234; x_wconf 80' lang='lat' dir='ltr'><strong>fecerit</strong></span> <span class='ocrx_word' id='word_1_683' title='bbox 2835 4184 2890 4231; x_wconf 93' lang='lat' dir='ltr'><strong>et</strong></span> <span class='ocrx_word' id='word_1_684' title='bbox 2940 4176 3224 4237; x_wconf 89' lang='lat' dir='ltr'><strong>docuerit,</strong></span> <span class='ocrx_word' id='word_1_685' title='bbox 3276 4162 3551 4242; x_wconf 25' lang='lat' dir='ltr'><strong>“magnum</strong></span> 
     </span>
    </p>
   </div>
   <div class='ocr_carea' id='block_1_91' title="bbox 1967 4260 3553 4344">
    <p class='ocr_par' dir='ltr' id='par_1_91' title="bbox 1967 4260 3553 4344">
     <span class='ocr_line' id='line_1_91' title="bbox 1967 4260 3553 4344; baseline -0.012 -12"><span class='ocrx_word' id='word_1_686' title='bbox 1967 4277 2148 4332; x_wconf 83' lang='lat' dir='ltr'><strong>aiebat</strong></span> <span class='ocrx_word' id='word_1_687' title='bbox 2203 4275 2329 4344; x_wconf 86' lang='lat' dir='ltr'><strong>jure</strong></span> <span class='ocrx_word' id='word_1_688' title='bbox 2379 4273 2579 4326; x_wconf 87' lang='lat' dir='ltr'><strong>merito</strong></span> <span class='ocrx_word' id='word_1_689' title='bbox 2637 4277 2897 4323; x_wconf 84' lang='lat' dir='ltr'><strong>vocatum</strong></span> <span class='ocrx_word' id='word_1_690' title='bbox 2943 4266 3013 4320; x_wconf 88' lang='lat' dir='ltr'><strong>iri</strong></span> <span class='ocrx_word' id='word_1_691' title='bbox 3066 4266 3119 4318; x_wconf 90' lang='lat' dir='ltr'><strong>iu</strong></span> <span class='ocrx_word' id='word_1_692' title='bbox 3171 4277 3343 4332; x_wconf 89' lang='lat' dir='ltr'><strong>regno</strong></span> <span class='ocrx_word' id='word_1_693' title='bbox 3376 4260 3553 4316; x_wconf 68' lang='grc' dir='ltr'>ταξιο-</span> 
     </span>
    </p>
   </div>
   <div class='ocr_carea' id='block_1_92' title="bbox 1969 4356 3553 4431">
    <p class='ocr_par' dir='ltr' id='par_1_92' title="bbox 1969 4356 3553 4431">
     <span class='ocr_line' id='line_1_92' title="bbox 1969 4356 3553 4431; baseline -0.012 -7"><span class='ocrx_word' id='word_1_694' title='bbox 1969 4385 2088 4423; x_wconf 84' lang='grc' dir='ltr'>ι·υιιι</span> <span class='ocrx_word' id='word_1_695' title='bbox 2113 4367 2181 4423; x_wconf 79' lang='grc' dir='ltr'><strong>⁸ο.</strong></span> <span class='ocrx_word' id='word_1_696' title='bbox 2219 4364 2360 4431; x_wconf 82' lang='lat' dir='ltr'><strong>Quid</strong></span> <span class='ocrx_word' id='word_1_697' title='bbox 2397 4364 2544 4418; x_wconf 89' lang='lat' dir='ltr'><strong>enim</strong></span> <span class='ocrx_word' id='word_1_698' title='bbox 2580 4361 2647 4416; x_wconf 85' lang='lat' dir='ltr'><strong>ad</strong></span> <span class='ocrx_word' id='word_1_699' title='bbox 2680 4361 2941 4428; x_wconf 87' lang='lat' dir='ltr'><strong>pietatem</strong></span> <span class='ocrx_word' id='word_1_700' title='bbox 2975 4357 3025 4412; x_wconf 91' lang='lat' dir='ltr'><strong>ei</strong></span> <span class='ocrx_word' id='word_1_701' title='bbox 3066 4356 3383 4412; x_wconf 71' lang='lat' dir='ltr'><strong>deestiaut</strong></span> <span class='ocrx_word' id='word_1_702' title='bbox 3417 4368 3553 4425; x_wconf 86' lang='lat' dir='ltr'><strong>quo-</strong></span> 
     </span>
    </p>
   </div>
   <div class='ocr_carea' id='block_1_93' title="bbox 1970 4446 3553 4524">
    <p class='ocr_par' dir='ltr' id='par_1_93' title="bbox 1970 4446 3553 4524">
     <span class='ocr_line' id='line_1_93' title="bbox 1970 4446 3553 4524; baseline -0.008 -10"><span class='ocrx_word' id='word_1_703' title='bbox 1970 4459 2132 4515; x_wconf 92' lang='lat' dir='ltr'><strong>modo</strong></span> <span class='ocrx_word' id='word_1_704' title='bbox 2167 4474 2278 4513; x_wconf 91' lang='lat' dir='ltr'><strong>non</strong></span> <span class='ocrx_word' id='word_1_705' title='bbox 2313 4455 2580 4511; x_wconf 86' lang='lat' dir='ltr'><strong>divinitus</strong></span> <span class='ocrx_word' id='word_1_706' title='bbox 2614 4453 2862 4524; x_wconf 86' lang='lat' dir='ltr'><strong>acceptis</strong></span> <span class='ocrx_word' id='word_1_707' title='bbox 2898 4448 3325 4522; x_wconf 84' lang='lat' dir='ltr'><strong>perfectissimis</strong></span> <span class='ocrx_word' id='word_1_708' title='bbox 3391 4446 3553 4501; x_wconf 81' lang='lat' dir='ltr'><strong>donis</strong></span> 
     </span>
    </p>
   </div>
   <div class='ocr_carea' id='block_1_94' title="bbox 294 4542 1863 4622">
    <p class='ocr_par' dir='ltr' id='par_1_94' title="bbox 294 4542 1861 4617">
     <span class='ocr_line' id='line_1_94' title="bbox 294 4542 1861 4617; baseline 0.003 -20"><span class='ocrx_word' id='word_1_709' title='bbox 294 4542 434 4597; x_wconf 86' lang='grc' dir='ltr'><strong>κατά</strong></span> <span class='ocrx_word' id='word_1_710' title='bbox 468 4544 697 4614; x_wconf 76' lang='grc' dir='ltr'>καιροὺς</span> <span class='ocrx_word' id='word_1_711' title='bbox 719 4544 1112 4614; x_wconf 81' lang='grc' dir='ltr'>ἀποληψόμεθα</span> <span class='ocrx_word' id='word_1_712' title='bbox 1136 4544 1233 4615; x_wconf 83' lang='grc' dir='ltr'><strong>τὴν</strong></span> <span class='ocrx_word' id='word_1_713' title='bbox 1263 4546 1556 4602; x_wconf 86' lang='grc' dir='ltr'>ἀντίδοσιν.</span> <span class='ocrx_word' id='word_1_714' title='bbox 1592 4549 1703 4601; x_wconf 79' lang='grc' dir='ltr'><strong>Καὶ</strong></span> <span class='ocrx_word' id='word_1_715' title='bbox 1731 4548 1861 4617; x_wconf 91' lang='grc' dir='ltr'>γοῦν</span> 
     </span>
    </p>
   </div>
   <div class='ocr_carea' id='block_1_95' title="bbox 1965 4542 3553 4622">
    <p class='ocr_par' dir='ltr' id='par_1_95' title="bbox 1966 4542 3553 4622">
     <span class='ocr_line' id='line_1_95' title="bbox 1966 4542 3553 4622; baseline -0.008 -16"><span class='ocrx_word' id='word_1_716' title='bbox 1966 4552 2255 4622; x_wconf 88' lang='lat' dir='ltr'><strong>glorietur,</strong></span> <span class='ocrx_word' id='word_1_717' title='bbox 2286 4550 2379 4619; x_wconf 91' lang='lat' dir='ltr'><strong>qui</strong></span> <span class='ocrx_word' id='word_1_718' title='bbox 2416 4564 2642 4618; x_wconf 88' lang='lat' dir='ltr'><strong>operum</strong></span> <span class='ocrx_word' id='word_1_719' title='bbox 2692 4548 2963 4601; x_wconf 89' lang='lat' dir='ltr'><strong>bonorum</strong></span> <span class='ocrx_word' id='word_1_720' title='bbox 3027 4542 3323 4613; x_wconf 86' lang='lat' dir='ltr'><strong>splendore</strong></span> <span class='ocrx_word' id='word_1_721' title='bbox 3356 4555 3553 4595; x_wconf 85' lang='lat' dir='ltr'><strong>cumu-</strong></span> 
     </span>
    </p>
   </div>
   <div class='ocr_carea' id='block_1_96' title="bbox 293 4632 1864 4710">
    <p class='ocr_par' dir='ltr' id='par_1_96' title="bbox 293 4632 1864 4710">
     <span class='ocr_line' id='line_1_96' title="bbox 293 4632 1864 4710; baseline 0.004 -25"><span class='ocrx_word' id='word_1_722' title='bbox 293 4635 323 4685; x_wconf 90' lang='grc' dir='ltr'><strong>ὀ</strong></span> <span class='ocrx_word' id='word_1_723' title='bbox 349 4632 542 4704; x_wconf 69' lang='grc' dir='ltr'>Σωτὴρ</span> <span class='ocrx_word' id='word_1_724' title='bbox 598 4633 691 4687; x_wconf 78' lang='grc' dir='ltr'><strong>τὸν</strong></span> <span class='ocrx_word' id='word_1_725' title='bbox 741 4635 1044 4704; x_wconf 87' lang='grc' dir='ltr'>ποιήσαντα</span> <span class='ocrx_word' id='word_1_726' title='bbox 1100 4635 1196 4689; x_wconf 80' lang='grc' dir='ltr'>καὶ</span> <span class='ocrx_word' id='word_1_727' title='bbox 1229 4634 1513 4700; x_wconf 79' lang='grc' dir='ltr'>διδάξαντα</span> <span class='ocrx_word' id='word_1_728' title='bbox 1556 4637 1730 4708; x_wconf 83' lang='grc' dir='ltr'>μέγαν</span> <span class='ocrx_word' id='word_1_729' title='bbox 1760 4638 1864 4710; x_wconf 72' lang='grc' dir='ltr'>ἔφη</span> 
     </span>
    </p>
   </div>
   <div class='ocr_carea' id='block_1_97' title="bbox 293 4722 1867 4804">
    <p class='ocr_par' dir='ltr' id='par_1_97' title="bbox 293 4722 1867 4804">
     <span class='ocr_line' id='line_1_97' title="bbox 293 4722 1867 4804; baseline 0.005 -28"><span class='ocrx_word' id='word_1_730' title='bbox 293 4722 698 4793; x_wconf 77' lang='grc' dir='ltr'>κληθήσεσθαι,</span> <span class='ocrx_word' id='word_1_731' title='bbox 754 4725 850 4779; x_wconf 76' lang='grc' dir='ltr'>καὶ</span> <span class='ocrx_word' id='word_1_732' title='bbox 888 4724 1032 4795; x_wconf 85' lang='grc' dir='ltr'>μάλα</span> <span class='ocrx_word' id='word_1_733' title='bbox 1071 4725 1298 4790; x_wconf 82' lang='grc' dir='ltr'>δικαίως</span> <span class='ocrx_word' id='word_1_734' title='bbox 1326 4766 1341 4788; x_wconf 92' lang='grc'><strong>,</strong></span> <span class='ocrx_word' id='word_1_735' title='bbox 1399 4730 1458 4781; x_wconf 83' lang='grc' dir='ltr'>ὲν</span> <span class='ocrx_word' id='word_1_736' title='bbox 1505 4732 1573 4800; x_wconf 79' lang='grc' dir='ltr'>τῇ</span> <span class='ocrx_word' id='word_1_737' title='bbox 1619 4729 1867 4804; x_wconf 80' lang='grc' dir='ltr'>βασιλείᾳ</span> 
     </span>
    </p>
   </div>
   <div class='ocr_carea' id='block_1_98' title="bbox 287 4814 1863 4889">
    <p class='ocr_par' dir='ltr' id='par_1_98' title="bbox 287 4814 1863 4889">
     <span class='ocr_line' id='line_1_98' title="bbox 287 4814 1863 4889; baseline 0.008 -25"><span class='ocrx_word' id='word_1_738' title='bbox 287 4814 403 4865; x_wconf 84' lang='grc' dir='ltr'><strong>τῶν</strong></span> <span class='ocrx_word' id='word_1_739' title='bbox 428 4814 692 4885; x_wconf 71' lang='grc' dir='ltr'>οὐρανῶν.</span> <span class='ocrx_word' id='word_1_740' title='bbox 729 4816 795 4869; x_wconf 90' lang='grc' dir='ltr'>Τί</span> <span class='ocrx_word' id='word_1_741' title='bbox 817 4816 926 4888; x_wconf 82' lang='grc' dir='ltr'><strong>γάρ</strong></span> <span class='ocrx_word' id='word_1_742' title='bbox 958 4817 1107 4887; x_wconf 81' lang='grc' dir='ltr'>αὐτῷ</span> <span class='ocrx_word' id='word_1_743' title='bbox 1136 4818 1196 4871; x_wconf 85' lang='grc' dir='ltr'>τὸ</span> <span class='ocrx_word' id='word_1_744' title='bbox 1227 4818 1410 4873; x_wconf 79' lang='grc' dir='ltr'>λεῖπον</span> <span class='ocrx_word' id='word_1_745' title='bbox 1436 4821 1516 4884; x_wconf 89' lang='grc' dir='ltr'><strong>εἰς</strong></span> <span class='ocrx_word' id='word_1_746' title='bbox 1541 4821 1823 4877; x_wconf 82' lang='grc' dir='ltr'>εῦσέσειαν</span> <span class='ocrx_word' id='word_1_747' title='bbox 1849 4841 1863 4889; x_wconf 91' lang='grc'><strong>;</strong></span> 
     </span>
    </p>
   </div>
   <div class='ocr_carea' id='block_1_99' title="bbox 288 4898 1866 4983">
    <p class='ocr_par' dir='ltr' id='par_1_99' title="bbox 288 4898 1866 4983">
     <span class='ocr_line' id='line_1_99' title="bbox 288 4898 1866 4983; baseline 0.006 -24"><span class='ocrx_word' id='word_1_748' title='bbox 288 4898 336 4972; x_wconf 82' lang='grc' dir='ltr'>ᾧ</span> <span class='ocrx_word' id='word_1_749' title='bbox 375 4906 421 4959; x_wconf 77' lang='grc' dir='ltr'>δ’</span> <span class='ocrx_word' id='word_1_750' title='bbox 449 4907 519 4961; x_wconf 83' lang='grc' dir='ltr'>ἂν</span> <span class='ocrx_word' id='word_1_751' title='bbox 563 4909 807 4978; x_wconf 87' lang='grc' dir='ltr'>φαίνοιτο</span> <span class='ocrx_word' id='word_1_752' title='bbox 851 4909 1053 4980; x_wconf 85' lang='grc' dir='ltr'>προσὸν</span> <span class='ocrx_word' id='word_1_753' title='bbox 1097 4910 1159 4964; x_wconf 81' lang='grc' dir='ltr'>τὸ</span> <span class='ocrx_word' id='word_1_754' title='bbox 1206 4911 1267 4979; x_wconf 77' lang='grc' dir='ltr'><strong>ἐξ</strong></span> <span class='ocrx_word' id='word_1_755' title='bbox 1306 4910 1484 4983; x_wconf 75' lang='grc' dir='ltr'>ἔργων</span> <span class='ocrx_word' id='word_1_756' title='bbox 1535 4914 1757 4982; x_wconf 85' lang='grc' dir='ltr'>ἀγαθῶν</span> <span class='ocrx_word' id='word_1_757' title='bbox 1808 4916 1866 4969; x_wconf 83' lang='grc' dir='ltr'>ὲν</span> 
     </span>
    </p>
   </div>
   <div class='ocr_carea' id='block_1_100' title="bbox 285 4999 1867 5074">
    <p class='ocr_par' dir='ltr' id='par_1_100' title="bbox 285 4999 1867 5074">
     <span class='ocr_line' id='line_1_100' title="bbox 285 4999 1867 5074; baseline 0.007 -25"><span class='ocrx_word' id='word_1_758' title='bbox 285 4999 572 5071; x_wconf 75' lang='grc' dir='ltr'>ὁλοκλήρῳ</span> <span class='ocrx_word' id='word_1_759' title='bbox 604 4999 912 5070; x_wconf 78' lang='grc' dir='ltr'>καυχᾶσθαι</span> <span class='ocrx_word' id='word_1_760' title='bbox 933 5001 1011 5072; x_wconf 86' lang='grc' dir='ltr'>τῷ</span> <span class='ocrx_word' id='word_1_761' title='bbox 1035 5002 1241 5074; x_wconf 86' lang='grc' dir='ltr'>μέτρῳ,</span> <span class='ocrx_word' id='word_1_762' title='bbox 1275 5002 1393 5067; x_wconf 88' lang='grc' dir='ltr'><strong>πῶς</strong></span> <span class='ocrx_word' id='word_1_763' title='bbox 1425 5005 1526 5058; x_wconf 75' lang='grc' dir='ltr'>οὐκ</span> <span class='ocrx_word' id='word_1_764' title='bbox 1566 5004 1633 5059; x_wconf 78' lang='grc' dir='ltr'>ἂν</span> <span class='ocrx_word' id='word_1_765' title='bbox 1660 5006 1867 5074; x_wconf 80' lang='grc' dir='ltr'>γένοιτο</span> 
     </span>
    </p>
   </div>
   <div class='ocr_carea' id='block_1_101' title="bbox 290 5090 1867 5166">
    <p class='ocr_par' dir='ltr' id='par_1_101' title="bbox 290 5090 1867 5166">
     <span class='ocr_line' id='line_1_101' title="bbox 290 5090 1867 5166; baseline 0.006 -25"><span class='ocrx_word' id='word_1_766' title='bbox 290 5090 447 5159; x_wconf 83' lang='grc' dir='ltr'><strong>παρά</strong></span> <span class='ocrx_word' id='word_1_767' title='bbox 478 5090 615 5143; x_wconf 82' lang='grc' dir='ltr'>Θεοῦ</span> <span class='ocrx_word' id='word_1_768' title='bbox 647 5090 710 5144; x_wconf 82' lang='grc' dir='ltr'>τὸ</span> <span class='ocrx_word' id='word_1_769' title='bbox 743 5092 1107 5155; x_wconf 87' lang='grc' dir='ltr'>τελειοτάταις</span> <span class='ocrx_word' id='word_1_770' title='bbox 1140 5093 1400 5165; x_wconf 78' lang='grc' dir='ltr'>ἐπαυχεῖν</span> <span class='ocrx_word' id='word_1_771' title='bbox 1425 5094 1696 5166; x_wconf 82' lang='grc' dir='ltr'>δωρεαῖς;</span> <span class='ocrx_word' id='word_1_772' title='bbox 1730 5096 1867 5151; x_wconf 81' lang='grc' dir='ltr'><strong>Σύν-</strong></span> 
     </span>
    </p>
   </div>
   <div class='ocr_carea' id='block_1_102' title="bbox 290 5175 1867 5260">
    <p class='ocr_par' dir='ltr' id='par_1_102' title="bbox 290 5175 1867 5260">
     <span class='ocr_line' id='line_1_102' title="bbox 290 5175 1867 5260; baseline 0.007 -30"><span class='ocrx_word' id='word_1_773' title='bbox 290 5178 495 5250; x_wconf 86' lang='grc' dir='ltr'>δρομος</span> <span class='ocrx_word' id='word_1_774' title='bbox 521 5175 615 5234; x_wconf 79' lang='grc' dir='ltr'>οὖν</span> <span class='ocrx_word' id='word_1_775' title='bbox 650 5182 759 5252; x_wconf 83' lang='grc' dir='ltr'><strong>ἀρα</strong></span> <span class='ocrx_word' id='word_1_776' title='bbox 807 5184 918 5244; x_wconf 89' lang='grc' dir='ltr'>τοῖς</span> <span class='ocrx_word' id='word_1_777' title='bbox 948 5181 1129 5251; x_wconf 74' lang='grc' dir='ltr'>ἔργοις</span> <span class='ocrx_word' id='word_1_778' title='bbox 1162 5184 1289 5238; x_wconf 83' lang='grc' dir='ltr'>ὅταν</span> <span class='ocrx_word' id='word_1_779' title='bbox 1318 5187 1352 5256; x_wconf 85' lang='grc' dir='ltr'><strong>ή</strong></span> <span class='ocrx_word' id='word_1_780' title='bbox 1392 5186 1592 5255; x_wconf 80' lang='grc' dir='ltr'>γνῶσις</span> <span class='ocrx_word' id='word_1_781' title='bbox 1622 5186 1867 5260; x_wconf 79' lang='grc' dir='ltr'>γένηται,</span> 
     </span>
    </p>
   </div>
   <div class='ocr_carea' id='block_1_103' title="bbox 1963 4634 3567 4714">
    <p class='ocr_par' dir='ltr' id='par_1_103' title="bbox 1963 4634 3567 4714">
     <span class='ocr_line' id='line_1_103' title="bbox 1963 4634 3567 4714; baseline -0.008 -15"><span class='ocrx_word' id='word_1_782' title='bbox 1963 4646 2070 4701; x_wconf 85' lang='lat' dir='ltr'><strong>late</strong></span> <span class='ocrx_word' id='word_1_783' title='bbox 2119 4642 2364 4714; x_wconf 76' lang='lat' dir='ltr'><strong>fulgeat?</strong></span> <span class='ocrx_word' id='word_1_784' title='bbox 2413 4642 2645 4708; x_wconf 82' lang='lat' dir='ltr'><strong>Quando</strong></span> <span class='ocrx_word' id='word_1_785' title='bbox 2678 4640 2848 4708; x_wconf 86' lang='lat' dir='ltr'><strong>igitur</strong></span> <span class='ocrx_word' id='word_1_786' title='bbox 2885 4637 3190 4708; x_wconf 85' lang='lat' dir='ltr'><strong>cognitioni</strong></span> <span class='ocrx_word' id='word_1_787' title='bbox 3252 4634 3567 4704; x_wconf 87' lang='lat' dir='ltr'><strong>oonjuncta_</strong></span> 
     </span>
    </p>
   </div>
   <div class='ocr_carea' id='block_1_104' title="bbox 1962 4726 3550 4806">
    <p class='ocr_par' dir='ltr' id='par_1_104' title="bbox 1962 4726 3550 4806">
     <span class='ocr_line' id='line_1_104' title="bbox 1962 4726 3550 4806; baseline -0.009 -15"><span class='ocrx_word' id='word_1_788' title='bbox 1962 4745 2093 4792; x_wconf 89' lang='lat' dir='ltr'><strong>sunt</strong></span> <span class='ocrx_word' id='word_1_789' title='bbox 2121 4751 2315 4806; x_wconf 87' lang='lat' dir='ltr'><strong>opera,</strong></span> <span class='ocrx_word' id='word_1_790' title='bbox 2346 4745 2479 4788; x_wconf 89' lang='lat' dir='ltr'><strong>tunc</strong></span> <span class='ocrx_word' id='word_1_791' title='bbox 2511 4749 2618 4787; x_wconf 90' lang='lat' dir='ltr'><strong>uou</strong></span> <span class='ocrx_word' id='word_1_792' title='bbox 2646 4746 2841 4802; x_wconf 88' lang='lat' dir='ltr'><strong>parum</strong></span> <span class='ocrx_word' id='word_1_793' title='bbox 2886 4731 3013 4785; x_wconf 88' lang='lat' dir='ltr'><strong>inde</strong></span> <span class='ocrx_word' id='word_1_794' title='bbox 3041 4727 3299 4783; x_wconf 87' lang='lat' dir='ltr'><strong>utilitatis</strong></span> <span class='ocrx_word' id='word_1_795' title='bbox 3336 4726 3550 4791; x_wconf 87' lang='lat' dir='ltr'><strong>oritur;</strong></span> 
     </span>
    </p>
   </div>
   <div class='ocr_carea' id='block_1_105' title="bbox 1963 4818 3549 4891">
    <p class='ocr_par' dir='ltr' id='par_1_105' title="bbox 1963 4818 3549 4891">
     <span class='ocr_line' id='line_1_105' title="bbox 1963 4818 3549 4891; baseline -0.009 -8"><span class='ocrx_word' id='word_1_796' title='bbox 1963 4831 2233 4885; x_wconf 90' lang='lat' dir='ltr'><strong>alterutro</strong></span> <span class='ocrx_word' id='word_1_797' title='bbox 2269 4843 2402 4882; x_wconf 89' lang='lat' dir='ltr'><strong>vero</strong></span> <span class='ocrx_word' id='word_1_798' title='bbox 2426 4825 2740 4891; x_wconf 86' lang='lat' dir='ltr'><strong>deliciente,</strong></span> <span class='ocrx_word' id='word_1_799' title='bbox 2766 4838 3024 4877; x_wconf 83' lang='lat' dir='ltr'><strong>mancum</strong></span> <span class='ocrx_word' id='word_1_800' title='bbox 3058 4835 3289 4891; x_wconf 90' lang='lat' dir='ltr'><strong>prorsus</strong></span> <span class='ocrx_word' id='word_1_801' title='bbox 3313 4818 3549 4873; x_wconf 85' lang='lat' dir='ltr'><strong>alterum</strong></span> 
     </span>
    </p>
   </div>
   <div class='ocr_carea' id='block_1_106' title="bbox 1962 4909 3551 4989">
    <p class='ocr_par' dir='ltr' id='par_1_106' title="bbox 1962 4909 3551 4989">
     <span class='ocr_line' id='line_1_106' title="bbox 1962 4909 3551 4989; baseline -0.012 -13"><span class='ocrx_word' id='word_1_802' title='bbox 1962 4921 2091 4976; x_wconf 90' lang='lat' dir='ltr'><strong>erit.</strong></span> <span class='ocrx_word' id='word_1_803' title='bbox 2114 4919 2389 4989; x_wconf 85' lang='lat' dir='ltr'><strong>Scriptum</strong></span> <span class='ocrx_word' id='word_1_804' title='bbox 2408 4930 2491 4972; x_wconf 79' lang='lat' dir='ltr'><strong>est</strong></span> <span class='ocrx_word' id='word_1_805' title='bbox 2516 4925 2723 4980; x_wconf 88' lang='lat' dir='ltr'><strong>autem,</strong></span> <span class='ocrx_word' id='word_1_806' title='bbox 2768 4914 2926 4969; x_wconf 81' lang='lat' dir='ltr'><strong>[idem</strong></span> <span class='ocrx_word' id='word_1_807' title='bbox 2963 4912 3081 4967; x_wconf 90' lang='lat' dir='ltr'><strong>siue</strong></span> <span class='ocrx_word' id='word_1_808' title='bbox 3098 4909 3362 4980; x_wconf 87' lang='lat' dir='ltr'><strong>operibus</strong></span> <span class='ocrx_word' id='word_1_809' title='bbox 3400 4923 3551 4960; x_wconf 86' lang='lat' dir='ltr'><strong>utor-</strong></span> 
     </span>
    </p>
   </div>
   <div class='ocr_carea' id='block_1_107' title="bbox 1965 5003 3547 5075">
    <p class='ocr_par' dir='ltr' id='par_1_107' title="bbox 1965 5003 3547 5075">
     <span class='ocr_line' id='line_1_107' title="bbox 1965 5003 3547 5075; baseline -0.011 -10"><span class='ocrx_word' id='word_1_810' title='bbox 1965 5018 2116 5065; x_wconf 87' lang='lat' dir='ltr'><strong>tuam</strong></span> <span class='ocrx_word' id='word_1_811' title='bbox 2134 5008 2544 5075; x_wconf 85' lang='lat' dir='ltr'><strong>esse.Quamvis</strong></span> <span class='ocrx_word' id='word_1_812' title='bbox 2557 5006 2703 5061; x_wconf 88' lang='lat' dir='ltr'><strong>enim</strong></span> <span class='ocrx_word' id='word_1_813' title='bbox 2723 5004 2866 5061; x_wconf 86' lang='lat' dir='ltr'><strong>scire</strong></span> <span class='ocrx_word' id='word_1_814' title='bbox 2878 5003 3046 5058; x_wconf 88' lang='lat' dir='ltr'><strong>Deum</strong></span> <span class='ocrx_word' id='word_1_815' title='bbox 3069 5016 3234 5054; x_wconf 87' lang='lat' dir='ltr'><strong>unum</strong></span> <span class='ocrx_word' id='word_1_816' title='bbox 3253 5007 3308 5053; x_wconf 92' lang='lat' dir='ltr'><strong>et</strong></span> <span class='ocrx_word' id='word_1_817' title='bbox 3327 5006 3547 5058; x_wconf 87' lang='lat' dir='ltr'><strong>natura,</strong></span> 
     </span>
    </p>
   </div>
   <div class='ocr_carea' id='block_1_108' title="bbox 1966 5087 3551 5173">
    <p class='ocr_par' dir='ltr' id='par_1_108' title="bbox 1966 5087 3551 5173">
     <span class='ocr_line' id='line_1_108' title="bbox 1966 5087 3551 5173; baseline -0.013 -13"><span class='ocrx_word' id='word_1_818' title='bbox 1966 5101 2131 5173; x_wconf 77' lang='lat'><strong>729</strong></span> <span class='ocrx_word' id='word_1_819' title='bbox 2183 5115 2419 5171; x_wconf 88' lang='lat' dir='ltr'><strong>eumque</strong></span> <span class='ocrx_word' id='word_1_820' title='bbox 2457 5099 2671 5154; x_wconf 89' lang='lat' dir='ltr'><strong>sincere</strong></span> <span class='ocrx_word' id='word_1_821' title='bbox 2726 5110 2792 5151; x_wconf 88' lang='lat' dir='ltr'><strong>ac</strong></span> <span class='ocrx_word' id='word_1_822' title='bbox 2825 5110 2957 5149; x_wconf 87' lang='lat' dir='ltr'><strong>vere</strong></span> <span class='ocrx_word' id='word_1_823' title='bbox 2999 5090 3249 5147; x_wconf 83' lang='lat' dir='ltr'><strong>conﬁteri</strong></span> <span class='ocrx_word' id='word_1_824' title='bbox 3286 5088 3421 5142; x_wconf 79' lang='lat' dir='ltr'><strong>ﬁdes</strong></span> <span class='ocrx_word' id='word_1_825' title='bbox 3452 5087 3551 5154; x_wconf 88' lang='lat' dir='ltr'><strong>sit,</strong></span> 
     </span>
    </p>
   </div>
   <div class='ocr_carea' id='block_1_109' title="bbox 1966 5180 3549 5262">
    <p class='ocr_par' dir='ltr' id='par_1_109' title="bbox 1966 5180 3549 5262">
     <span class='ocr_line' id='line_1_109' title="bbox 1966 5180 3549 5262; baseline -0.01 -14"><span class='ocrx_word' id='word_1_826' title='bbox 1966 5204 2150 5249; x_wconf 87' lang='lat' dir='ltr'><strong>tamen</strong></span> <span class='ocrx_word' id='word_1_827' title='bbox 2187 5193 2337 5250; x_wconf 89' lang='lat' dir='ltr'><strong>istud</strong></span> <span class='ocrx_word' id='word_1_828' title='bbox 2395 5206 2619 5262; x_wconf 87' lang='lat' dir='ltr'><strong>quoque</strong></span> <span class='ocrx_word' id='word_1_829' title='bbox 2665 5197 2949 5244; x_wconf 87' lang='lat' dir='ltr'><strong>mortuum</strong></span> <span class='ocrx_word' id='word_1_830' title='bbox 3007 5192 3114 5248; x_wconf 91' lang='lat' dir='ltr'><strong>est,</strong></span> <span class='ocrx_word' id='word_1_831' title='bbox 3177 5180 3284 5237; x_wconf 91' lang='lat' dir='ltr'><strong>nisi</strong></span> <span class='ocrx_word' id='word_1_832' title='bbox 3321 5195 3549 5250; x_wconf 75' lang='lat' dir='ltr'><strong>cperunt</strong></span> 
     </span>
    </p>
   </div>
   <div class='ocr_carea' id='block_1_110' title="bbox 290 5272 1863 5356">
    <p class='ocr_par' dir='ltr' id='par_1_110' title="bbox 290 5272 1863 5348">
     <span class='ocr_line' id='line_1_110' title="bbox 290 5272 1863 5348; baseline 0.006 -25"><span class='ocrx_word' id='word_1_833' title='bbox 290 5272 417 5324; x_wconf 87' lang='grc' dir='ltr'>τότε</span> <span class='ocrx_word' id='word_1_834' title='bbox 447 5272 513 5341; x_wconf 82' lang='grc' dir='ltr'>δὴ</span> <span class='ocrx_word' id='word_1_835' title='bbox 552 5273 772 5336; x_wconf 88' lang='grc' dir='ltr'>πάντως</span> <span class='ocrx_word' id='word_1_836' title='bbox 817 5274 1057 5344; x_wconf 86' lang='grc' dir='ltr'>ὀνίνησιν</span> <span class='ocrx_word' id='word_1_837' title='bbox 1100 5275 1163 5329; x_wconf 82' lang='grc' dir='ltr'>οὐ</span> <span class='ocrx_word' id='word_1_838' title='bbox 1210 5277 1423 5348; x_wconf 83' lang='grc' dir='ltr'>μικρῶς</span> <span class='ocrx_word' id='word_1_839' title='bbox 1445 5293 1458 5306; x_wconf 85' lang='grc'><strong>·</strong></span> <span class='ocrx_word' id='word_1_840' title='bbox 1504 5277 1863 5343; x_wconf 79' lang='grc' dir='ltr'>ὲλλελοιπότος</span> 
     </span>
    </p>
   </div>
   <div class='ocr_carea' id='block_1_111' title="bbox 1965 5272 3552 5356">
    <p class='ocr_par' dir='ltr' id='par_1_111' title="bbox 1971 5274 3552 5356">
     <span class='ocr_line' id='line_1_111' title="bbox 1971 5274 3552 5356; baseline -0.008 -15"><span class='ocrx_word' id='word_1_841' title='bbox 1971 5284 2235 5356; x_wconf 87' lang='lat' dir='ltr'><strong>splendor</strong></span> <span class='ocrx_word' id='word_1_842' title='bbox 2290 5294 2681 5354; x_wconf 87' lang='lat' dir='ltr'><strong>consequatur.</strong></span> <span class='ocrx_word' id='word_1_843' title='bbox 2738 5279 2928 5335; x_wconf 81' lang='lat' dir='ltr'><strong>Nonne</strong></span> <span class='ocrx_word' id='word_1_844' title='bbox 2986 5292 3118 5346; x_wconf 80' lang='lat' dir='ltr'><strong>ergo</strong></span> <span class='ocrx_word' id='word_1_845' title='bbox 3184 5274 3385 5330; x_wconf 88' lang='lat' dir='ltr'><strong>inutile</strong></span> <span class='ocrx_word' id='word_1_846' title='bbox 3463 5280 3552 5330; x_wconf 86' lang='lat' dir='ltr'><strong>est</strong></span> 
     </span>
    </p>
   </div>
   <div class='ocr_carea' id='block_1_112' title="bbox 293 5361 1865 5440">
    <p class='ocr_par' dir='ltr' id='par_1_112' title="bbox 293 5361 1865 5440">
     <span class='ocr_line' id='line_1_112' title="bbox 293 5361 1865 5440; baseline 0.007 -26"><span class='ocrx_word' id='word_1_847' title='bbox 293 5361 351 5414; x_wconf 77' lang='grc' dir='ltr'>δὲ</span> <span class='ocrx_word' id='word_1_848' title='bbox 382 5361 666 5434; x_wconf 73' lang='grc' dir='ltr'>ὁποτέρου,</span> <span class='ocrx_word' id='word_1_849' title='bbox 697 5365 869 5435; x_wconf 86' lang='grc' dir='ltr'>χωλὸν</span> <span class='ocrx_word' id='word_1_850' title='bbox 897 5365 962 5436; x_wconf 81' lang='grc' dir='ltr'>δὴ</span> <span class='ocrx_word' id='word_1_851' title='bbox 1005 5366 1223 5430; x_wconf 85' lang='grc' dir='ltr'>πάντως</span> <span class='ocrx_word' id='word_1_852' title='bbox 1247 5367 1310 5421; x_wconf 85' lang='grc' dir='ltr'>τὸ</span> <span class='ocrx_word' id='word_1_853' title='bbox 1342 5368 1531 5440; x_wconf 68' lang='grc' dir='ltr'>ἕτερον</span> <span class='ocrx_word' id='word_1_854' title='bbox 1562 5368 1737 5425; x_wconf 77' lang='grc' dir='ltr'>ἔσται.</span> <span class='ocrx_word' id='word_1_855' title='bbox 1772 5369 1865 5425; x_wconf 74' lang='grc' dir='ltr'><strong>Γό-</strong></span> 
     </span>
    </p>
   </div>
   <div class='ocr_carea' id='block_1_113' title="bbox 297 5455 1869 5534">
    <p class='ocr_par' dir='ltr' id='par_1_113' title="bbox 297 5455 1869 5534">
     <span class='ocr_line' id='line_1_113' title="bbox 297 5455 1869 5534; baseline 0.008 -29"><span class='ocrx_word' id='word_1_856' title='bbox 297 5470 543 5525; x_wconf 82' lang='grc' dir='ltr'>γραπται</span> <span class='ocrx_word' id='word_1_857' title='bbox 590 5455 682 5518; x_wconf 80' lang='grc' dir='ltr'>δὲ,</span> <span class='ocrx_word' id='word_1_858' title='bbox 734 5456 815 5509; x_wconf 84' lang='grc' dir='ltr'><strong>δτι</strong></span> <span class='ocrx_word' id='word_1_859' title='bbox 862 5458 973 5511; x_wconf 77' lang='grc' dir='ltr'><strong>Καὶ</strong></span> <span class='ocrx_word' id='word_1_860' title='bbox 1020 5461 1056 5528; x_wconf 86' lang='grc' dir='ltr'><strong>ή</strong></span> <span class='ocrx_word' id='word_1_861' title='bbox 1089 5457 1273 5523; x_wconf 87' lang='grc' dir='ltr'>πίστις</span> <span class='ocrx_word' id='word_1_862' title='bbox 1317 5461 1486 5533; x_wconf 74' lang='grc' dir='ltr'>χωρὶς</span> <span class='ocrx_word' id='word_1_863' title='bbox 1531 5461 1641 5516; x_wconf 90' lang='grc' dir='ltr'><strong>τῶν</strong></span> <span class='ocrx_word' id='word_1_864' title='bbox 1691 5462 1869 5534; x_wconf 79' lang='grc' dir='ltr'>ἔργων</span> 
     </span>
    </p>
   </div>
   <div class='ocr_carea' id='block_1_114' title="bbox 291 5544 1864 5617">
    <p class='ocr_par' dir='ltr' id='par_1_114' title="bbox 291 5544 1864 5617">
     <span class='ocr_line' id='line_1_114' title="bbox 291 5544 1864 5617; baseline 0.008 -19"><span class='ocrx_word' id='word_1_865' title='bbox 291 5544 470 5617; x_wconf 82' lang='grc' dir='ltr'>νεκρά</span> <span class='ocrx_word' id='word_1_866' title='bbox 514 5546 655 5598; x_wconf 66' lang='grc' dir='ltr'>ἔστι.</span> <span class='ocrx_word' id='word_1_867' title='bbox 705 5546 897 5601; x_wconf 78' lang='grc' dir='ltr'>Καίτοι</span> <span class='ocrx_word' id='word_1_868' title='bbox 934 5548 993 5601; x_wconf 78' lang='grc' dir='ltr'>τὸ</span> <span class='ocrx_word' id='word_1_869' title='bbox 1042 5549 1243 5604; x_wconf 85' lang='grc' dir='ltr'>εἰδέναι</span> <span class='ocrx_word' id='word_1_870' title='bbox 1291 5550 1425 5606; x_wconf 78' lang='grc' dir='ltr'>Θεὸν</span> <span class='ocrx_word' id='word_1_871' title='bbox 1478 5552 1571 5606; x_wconf 82' lang='grc' dir='ltr'>τὸν</span> <span class='ocrx_word' id='word_1_872' title='bbox 1622 5554 1717 5608; x_wconf 66' lang='grc' dir='ltr'>ἕνα</span> <span class='ocrx_word' id='word_1_873' title='bbox 1771 5556 1864 5611; x_wconf 84' lang='grc' dir='ltr'>καὶ</span> 
     </span>
    </p>
   </div>
   <div class='ocr_carea' id='block_1_115' title="bbox 369 5721 1444 5795">
    <p class='ocr_par' dir='ltr' id='par_1_115' title="bbox 369 5721 1444 5795">
     <span class='ocr_line' id='line_1_115' title="bbox 369 5721 1444 5795; baseline 0.01 -18"><span class='ocrx_word' id='word_1_874' title='bbox 369 5724 414 5758; x_wconf 75' lang='grc' dir='ltr'><strong>τ’</strong></span> <span class='ocrx_word' id='word_1_875' title='bbox 454 5721 592 5778; x_wconf 86' lang='lat' dir='ltr'><strong>Luc.</strong></span> <span class='ocrx_word' id='word_1_876' title='bbox 628 5739 737 5787; x_wconf 79' lang='grc' dir='ltr'>ιιι,</span> <span class='ocrx_word' id='word_1_877' title='bbox 775 5724 861 5779; x_wconf 80' lang='grc' dir='ltr'>Π.</span> <span class='ocrx_word' id='word_1_878' title='bbox 941 5726 987 5760; x_wconf 72' lang='grc' dir='ltr'><strong><em>⁸ο</em></strong></span> <span class='ocrx_word' id='word_1_879' title='bbox 1030 5726 1218 5785; x_wconf 77' lang='lat' dir='ltr'><strong>Matth.</strong></span> <span class='ocrx_word' id='word_1_880' title='bbox 1258 5745 1319 5795; x_wconf 91' lang='lat' dir='ltr'><strong>v,</strong></span> <span class='ocrx_word' id='word_1_881' title='bbox 1358 5731 1444 5788; x_wconf 69' lang='lat'><strong>19.</strong></span> 
     </span>
    </p>
   </div>
   <div class='ocr_carea' id='block_1_116' title="bbox 1974 5367 3552 5450">
    <p class='ocr_par' dir='ltr' id='par_1_116' title="bbox 1974 5367 3552 5450">
     <span class='ocr_line' id='line_1_116' title="bbox 1974 5367 3552 5450; baseline -0.008 -17"><span class='ocrx_word' id='word_1_882' title='bbox 1974 5392 2206 5450; x_wconf 86' lang='lat' dir='ltr'><strong>prorsus</strong></span> <span class='ocrx_word' id='word_1_883' title='bbox 2252 5376 2397 5432; x_wconf 88' lang='lat' dir='ltr'><strong>scire</strong></span> <span class='ocrx_word' id='word_1_884' title='bbox 2434 5376 2567 5447; x_wconf 88' lang='lat' dir='ltr'><strong>quid</strong></span> <span class='ocrx_word' id='word_1_885' title='bbox 2625 5376 2699 5431; x_wconf 91' lang='lat' dir='ltr'><strong>sit</strong></span> <span class='ocrx_word' id='word_1_886' title='bbox 2748 5372 2980 5438; x_wconf 79' lang='lat' dir='ltr'><strong>bonum,</strong></span> <span class='ocrx_word' id='word_1_887' title='bbox 3024 5368 3135 5425; x_wconf 86' lang='lat' dir='ltr'><strong>nisi</strong></span> <span class='ocrx_word' id='word_1_888' title='bbox 3176 5368 3310 5424; x_wconf 87' lang='lat' dir='ltr'><strong>illud</strong></span> <span class='ocrx_word' id='word_1_889' title='bbox 3366 5367 3552 5424; x_wconf 88' lang='lat' dir='ltr'><strong>colere</strong></span> 
     </span>
    </p>
   </div>
   <div class='ocr_carea' id='block_1_117' title="bbox 1981 5461 3549 5541">
    <p class='ocr_par' dir='ltr' id='par_1_117' title="bbox 1981 5461 3549 5541">
     <span class='ocr_line' id='line_1_117' title="bbox 1981 5461 3549 5541; baseline -0.008 -18"><span class='ocrx_word' id='word_1_890' title='bbox 1981 5469 2160 5525; x_wconf 80' lang='lat' dir='ltr'><strong>velis?</strong></span> <span class='ocrx_word' id='word_1_891' title='bbox 2185 5468 2336 5525; x_wconf 82' lang='lat' dir='ltr'><strong>lianc</strong></span> <span class='ocrx_word' id='word_1_892' title='bbox 2367 5470 2550 5541; x_wconf 89' lang='lat' dir='ltr'><strong>itaque</strong></span> <span class='ocrx_word' id='word_1_893' title='bbox 2576 5468 2647 5524; x_wconf 91' lang='lat' dir='ltr'><strong>ob</strong></span> <span class='ocrx_word' id='word_1_894' title='bbox 2671 5480 2895 5523; x_wconf 87' lang='lat' dir='ltr'><strong>causam</strong></span> <span class='ocrx_word' id='word_1_895' title='bbox 2928 5464 3119 5520; x_wconf 89' lang='lat' dir='ltr'><strong>beatos</strong></span> <span class='ocrx_word' id='word_1_896' title='bbox 3153 5463 3271 5518; x_wconf 73' lang='lat' dir='ltr'><strong>fore</strong></span> <span class='ocrx_word' id='word_1_897' title='bbox 3302 5461 3379 5517; x_wconf 83' lang='lat' dir='ltr'><strong>ait</strong></span> <span class='ocrx_word' id='word_1_898' title='bbox 3417 5474 3549 5514; x_wconf 83' lang='lat' dir='ltr'><strong>suos</strong></span> 
     </span>
    </p>
   </div>
   <div class='ocr_carea' id='block_1_118' title="bbox 1977 5550 3549 5634">
    <p class='ocr_par' dir='ltr' id='par_1_118' title="bbox 1977 5550 3549 5634">
     <span class='ocr_line' id='line_1_118' title="bbox 1977 5550 3549 5634; baseline -0.009 -17"><span class='ocrx_word' id='word_1_899' title='bbox 1977 5559 2308 5634; x_wconf 85' lang='lat' dir='ltr'><strong>discipulos,</strong></span> <span class='ocrx_word' id='word_1_900' title='bbox 2344 5561 2460 5619; x_wconf 84' lang='lat' dir='ltr'><strong>sive</strong></span> <span class='ocrx_word' id='word_1_901' title='bbox 2490 5560 2787 5618; x_wconf 86' lang='lat' dir='ltr'><strong>credentes</strong></span> <span class='ocrx_word' id='word_1_902' title='bbox 2814 5557 2871 5615; x_wconf 93' lang='lat' dir='ltr'><strong>in</strong></span> <span class='ocrx_word' id='word_1_903' title='bbox 2917 5573 3066 5628; x_wconf 88' lang='lat' dir='ltr'><strong>eum,</strong></span> <span class='ocrx_word' id='word_1_904' title='bbox 3105 5556 3151 5613; x_wconf 89' lang='lat' dir='ltr'><strong>si</strong></span> <span class='ocrx_word' id='word_1_905' title='bbox 3214 5569 3321 5610; x_wconf 86' lang='lat' dir='ltr'><strong>non</strong></span> <span class='ocrx_word' id='word_1_906' title='bbox 3381 5550 3549 5606; x_wconf 75' lang='lat' dir='ltr'><strong>modo</strong></span> 
     </span>
    </p>
   </div>
  </div>
