4062 6208
539 315 641 371 127
1539 310 1596 364 S.
1625 308 1897 366 GYRILLI
1925 307 2393 364 ALEXANDRIM
2432 307 2750 363 ARCHIEP.
3658 296 3761 351 ηε

539 425 905 496 cognitionem
943 439 1130 481 eorum
1166 438 1286 495 quae
1333 421 1524 478 docuit
1575 421 1947 495 susceperint,
2005 420 2098 476 sed

2209 420 2386 489 φύσει,
2421 419 2514 472 καὶ
2545 418 2825 488 ὁμολογεῖν
2866 415 3066 478 ἀδόλως
3108 432 3164 467 τε
3202 412 3295 467 καὶ
3334 410 3565 482 ἀληθῶς,
3606 408 3763 463 τοῦτό

538 517 584 571 si
608 533 671 572 ea
699 532 914 586 quoque
945 516 1195 571 fecerim.

2209 512 2345 563 ἐστιν
2375 512 2408 578 ἡ
2437 510 2639 571 πίστις,
2674 509 2809 561 ἀλλὰ
2848 508 2939 560 καὶ
2968 506 3127 559 τοῦτο
3156 504 3376 574 νεκρὸν,
3411 503 3485 574 μὴ
3515 517 3762 573 παρεπο-

538 606 706 678 μένης
733 606 879 679 αύτῷ
903 610 1001 679 τῆς
1034 607 1094 671 ἐξ
1123 606 1297 678 ἔργων
1330 606 1705 678 φαιδρότητος.
1730 604 1854 669 Πῶς
1879 601 1970 658 οὖν
1995 602 2094 656 οὐκ
2134 602 2388 673 ἀνόνητον
2438 600 2712 663 παντελῶς
2759 600 2819 652 τὸ
2870 596 3069 650 εἰδέναι
3112 595 3208 665 μὲν
3237 592 3396 663 τυχὸν
3430 591 3482 645 τί
3545 591 3610 645 ἂν
3677 592 3763 675 εἴη

535 699 598 752 τὸ
649 699 889 766 ἀγαθὸν,
947 698 1021 768 μὴ
1096 696 1202 768 μὴν
1271 697 1475 750 ἐθέλειν
1523 697 1641 759 ἐτι,
1696 695 1791 749 καὶ
1841 691 2177 764 ἐπιτηδεύειν
2214 693 2384 758 αύτό;
2457 691 2554 745 Διά
2620 689 2821 758 ταύτην
2867 685 3154 757 τοιγαροῦν
3204 685 3302 754 τὴν
3354 682 3530 736 αἰτίαν
3587 700 3764 752 μακα-

539 789 688 860 ρίους
749 787 966 842 ἔσεσθαί
1029 805 1161 857 φησι
1221 788 1345 850 τοὺς
1405 785 1595 839 ἐαυτοῦ
1661 784 1941 855 μαθητὰς,
1986 785 2104 853 ἤτοι
2139 782 2262 844 τοὺς
2294 780 2645 843 πιστεύοντας
2686 779 2765 841 είς
2814 774 3004 837 αὐτὸν,
3049 774 3112 827 οὐ
3179 773 3338 843 μόνον
3377 771 3592 834 ἑλόντας
3657 771 3765 825 τῶν

539 879 665 950 παρ’
698 878 863 934 αὑτοῦ
912 877 1261 947 λαλουμένων
1309 876 1406 947 τὴν
1454 877 1658 944 εἴδησιν
1685 919 1698 941 ,
1740 875 1854 928 ἀλλ’
1898 874 1946 927 εί
2003 871 2098 925 καὶ
2137 869 2309 940 δρῷεν
2340 870 2500 924 αὐτά.

609 970 748 1035 XIII,
771 971 851 1024 18.
880 968 999 1022 Non
1023 968 1085 1023 de
1103 968 1340 1023 omnibus
1361 970 1501 1021 vobis
1527 967 1644 1020 dico
1682 983 1699 1019 :
1735 983 1826 1036 ego
1848 967 1984 1018 enim
2002 964 2108 1016 scio

537 1077 665 1132 quos
708 1062 951 1130 elegerim
977 1101 991 1126 ,
1026 1060 1115 1113 sed
1156 1068 1211 1112 ut
1259 1059 1614 1126 adimpleatur
1660 1057 1965 1126 Scriptura,
2005 1055 2109 1119 Qui

539 1152 827 1206 manducet
869 1168 1069 1206 mecum
1112 1167 1321 1220 panem,
1366 1150 1549 1204 levavit
1587 1160 1775 1203 contra
1810 1164 1891 1202 me
1921 1148 2106 1201 calca-

540 1257 693 1296 neum
723 1258 900 1297 suum.

610 1332 728 1386 Non
779 1348 970 1402 parum
1017 1330 1372 1386 obscuritatis
1416 1329 1532 1383 brec
1576 1328 1741 1383 verba
1790 1327 2098 1382 continent.

2281 964 2362 1016 Οὐ
2410 960 2542 1029 περὶ
2594 958 2834 1012 πάντων
2883 952 3050 1023 ὑμῶν
3095 951 3248 1021 λέγω
3272 968 3286 982 ο
3340 950 3454 1020 ἐγὼ
3494 950 3602 1020 γὰρ
3632 947 3765 1005 οἴδα

2205 1051 2374 1115 τίνας
2401 1046 2792 1115 ἐξελεξάμην,
2830 1043 2968 1097 ἀλλ’
3006 1042 3106 1094 ἵνα
3150 1040 3188 1107 ἠ
3219 1038 3426 1107 Γρίιερὴ
3459 1038 3762 1106 πληρωθῇ,

2217 1138 2277 1191 '0
2314 1136 2549 1205 τρώγων
2576 1134 2703 1204 μετ’
2729 1132 2875 1202 ἐμοῦ
2902 1130 3007 1184 τὸν
3044 1128 3245 1197 ἄρτον,
3278 1126 3504 1196 ἐπῆρεν
3538 1128 3632 1180 ἐπ’
3660 1127 3766 1197 ἐμὲ

2204 1226 2318 1295 τὴν
2352 1227 2617 1295 πτέρναν
2644 1225 2789 1278 αὐτο
2799 1222 2851 1278 ὗ.

2277 1318 2350 1370 Οὐ
2384 1315 2586 1387 μικρὰν
2621 1317 2648 1368 ὁ
2674 1314 2831 1381 λόγος
2865 1310 3104 1382 έχειὶτὴν
3148 1310 3414 1378 ἀσάφειαν
3448 1310 3506 1362 ἐν
3533 1307 3761 1371 τούτοις.

536 1421 673 1476 Nam
711 1423 898 1477 beatos
949 1422 1065 1476 fore
1090 1422 1278 1474 dicens
1312 1436 1406 1474 eos
1450 1419 1543 1488 qui
1576 1420 1702 1472 boni
1734 1419 2100 1488 cognitionem

2209 1406 2525 1476 Μακαρίους
2558 1405 2666 1475 γὰρ
2697 1402 2915 1456 ἔσεσθαι
2947 1401 3119 1468 λέγων
3157 1400 3283 1462 τοὺς
3323 1401 3381 1452 ἐν
3422 1398 3619 1467 γνώσει
3666 1401 3765 1470 μὲν

540 1513 765 1579 habent,
795 1520 849 1568 et
896 1528 1069 1582 opere-
1111 1513 1245 1565 illud
1298 1510 1479 1566 facere
1531 1511 1779 1575 student,
1818 1510 2104 1580 subjunxit

2209 1497 2428 1567 ἔχοντας
2453 1497 2513 1549 τὸ
2546 1495 2767 1563 ἀγαθὸν,
2809 1494 2954 1564 ἔργῳ
2982 1490 3039 1544 δὲ
3064 1489 3223 1543 τοῦτο
3259 1489 3497 1559 πληροῦν
3529 1489 3763 1543 σπουδά-

539 1603 749 1665 statim,
789 1621 808 1652 ι
848 1602 969 1657 Non
1015 1604 1082 1658 dc
1111 1602 1374 1657 omnibus
1407 1603 1554 1663 dico,
1596 1621 1613 1654 ι
1650 1602 1983 1671 proditorem
2016 1602 2101 1653 in-

2209 1588 2416 1653 ζοντας,
2446 1588 2724 1656 ἐπήγαγεν
2760 1584 2940 1647 εὐθὺς,
2985 1601 3004 1635 ‹
3038 1583 3111 1636 Οὐ
3143 1581 3269 1651 περὶ
3306 1580 3519 1632 πάντων
3543 1579 3705 1647 λέγω,
3740 1599 3759 1630 ι

538 1710 736 1758 nuens.
777 1704 835 1749 ut
887 1711 988 1765 ego
1046 1711 1172 1748 cum
1223 1696 1410 1748 multis
1469 1695 1725 1749 existimo
1759 1715 1771 1749 :
1806 1709 1907 1747 nec
1962 1694 2102 1748 enim

2209 1679 2296 1732 τὸν
2329 1677 2590 1748 προδότην
2621 1674 3020 1745 αἰνιττόμενος,
3060 1672 3202 1727 κατά
3238 1688 3302 1739 γε
3342 1671 3402 1724 τὸ
3445 1670 3658 1733 πολλοῖς
3705 1688 3764 1724 τε

538 1785 680 1840 inter
718 1786 907 1841 felices
926 1761 1035 1839 Vaut
1063 1787 1253 1840 beatos
1287 1801 1528 1853 unquam
1569 1786 1950 1839 numerabitur
2012 1784 2104 1853 qui

2209 1770 2299 1822 καὶ
2323 1770 2443 1837 ἐμοὶ
2462 1765 2652 1820 δοκοῦν
2676 1783 2688 1796 ·
2727 1765 2786 1818 ού
2812 1764 2919 1835 γὰρ
2941 1766 2997 1816 ἐν
3023 1765 3135 1825 τοῖς
3153 1761 3409 1832 ζηλωτοῖς
3433 1764 3461 1814 ὁ
3488 1761 3763 1831 θεομισὴς,

538 1885 693 1930 tanta
733 1877 1015 1947 impietate
1067 1886 1303 1930 mentem
1336 1876 1725 1930 oiislrianrit.
1755 1875 1818 1929 Et
1863 1877 1954 1935 illa
1987 1877 2107 1943 qui-

539 1968 667 2021 dem
698 1978 780 2022 est
826 1968 989 2034 hujus
1035 1968 1139 2020 loci
1188 1966 1329 2035 apud
1384 1969 1586 2023 multos
1637 1969 1764 2021 trita
1813 1968 2103 2021 sententia.

540 2059 697 2112 Alter
725 2065 904 2111 autem
935 2066 1196 2127 praeterea
1247 2073 1443 2113 sensus
1479 2067 1563 2112 est
1611 2058 1941 2113 istiusmodi.
1971 2058 2105 2111 Cum

539 2152 686 2204 enim
728 2149 984 2203 dicturus
1032 2156 1181 2204 esset
1214 2148 1666 2218 Christus,juxta
1705 2149 2105 2204 sanctissimam

543 2240 889 2311 Scripturam
921 2260 934 2296 :
972 2261 991 2293 ι
1030 2242 1138 2307 Qui
1191 2242 1387 2296 edebat
1425 2257 1606 2295 meum
1648 2256 1868 2311 panem,
1896 2240 2108 2312 magni-

544 2331 730 2386 ﬂravit
789 2348 957 2402 super
1018 2349 1103 2388 me
1156 2333 1685 2403 supplantationem,
1721 2333 1859 2396 sive,
1907 2333 2109 2388 levavit

541 2433 736 2477 contra
771 2439 857 2479 me
890 2424 1208 2478 calcanenm
1241 2440 1398 2478 suum
1425 2424 1470 2455 ⁸⁸
1510 2442 1523 2478 :
1566 2442 1585 2475 ι
1624 2424 1949 2493 purgatione
1972 2438 2108 2492 qua-

542 2513 667 2568 dam
703 2514 856 2583 prius
898 2515 1093 2579 utitur,
1124 2523 1179 2567 et
1212 2513 1511 2581 genuinum
1550 2514 1780 2568 aliorum
1810 2513 2109 2584 discipulo-

540 2617 661 2657 rum
692 2611 892 2656 emtum
928 2602 1145 2663 delinit,
1173 2602 1266 2655 uni
1317 2600 1586 2656 duntaxat
1618 2602 1870 2657 criminis
1923 2611 2107 2656 notam

541 2693 871 2763 impingens.
902 2693 1042 2758 Quia
1080 2693 1225 2747 enim
1261 2707 1459 2757 panem
1490 2692 1611 2760 ejus
1643 2707 1837 2746 omnes
1873 2693 2106 2746 mandu-

539 2785 763 2845 cabant,
797 2791 1195 2837 convescentes
1226 2782 1489 2835 nimirum
1539 2791 1587 2835 et
1632 2798 1736 2835 una
1770 2798 2107 2837 consumen-

542 2883 626 2931 tes
649 2890 770 2943 quae
806 2889 903 2943 per
939 2889 1061 2928 eum
1092 2875 1274 2928 oblata
1317 2882 1498 2937 erant,
1535 2874 1746 2929 idcirco
1782 2875 1932 2929 inani
1962 2885 2107 2930 metu

542 2966 753 3020 conteri
780 2966 1079 3019 liberorum
1107 2972 1342 3019 mentem
1378 2980 1483 3019 non
1519 2964 1672 3031 sinit,
1700 2973 1751 3022 et
1776 2967 2109 3037 suspicionis

2206 1859 2314 1913 οὐδ’
2339 1858 2405 1912 ἂν
2436 1860 2491 1910 ἐν
2533 1860 2641 1918 τοῖς
2671 1851 2958 1926 μακαρίοις
2981 1852 3343 1922 καταταχθείη
3382 1853 3511 1905 ποτέ
3540 1854 3603 1922 τῇ
3638 1869 3764 1905 cos-

2206 1950 2344 2021 αύτῃ
2406 1948 2693 2018 δυσσεϐείᾳ
2739 1947 2838 2017 τὴν
2883 1944 3137 2014 τοιαύτην
3189 1944 3371 2014 ἔνοχον
3421 1945 3766 2015 καταστήσας

2205 2040 2398 2109 ψυχήν.
2435 2040 2543 2092 Καὶ
2584 2037 2679 2108 μία
2728 2037 2826 2106 μὲν
2862 2035 3001 2105 α’ύτη
3029 2035 3120 2089 τοῦ
3158 2037 3516 2106 προκειμένου
3560 2035 3773 2091 διάνοια.

2206 2129 2541 2200 τετριμμένη
2583 2128 2731 2219 παρὰ
2761 2128 2870 2188 τοῖς
2899 2125 3158 2180 πλείοσιν.
3200 2125 3393 2195 Ἑτέρα
3417 2125 3473 2178 δέ
3506 2123 3572 2179 αὖ
3601 2126 3765 2178 πάλιν

2207 2222 2343 2294 πρὸς
2372 2221 2562 2292 ταύτῃ.
2613 2218 2800 2273 Τοιάδε
2837 2219 3044 2290 μέλλων
3096 2218 3207 2291 γὰρ
3252 2220 3397 2290 ἐρεῖν
3441 2220 3470 2271 ὁ
3509 2219 3764 2289 Χριστὸς,

2207 2315 2287 2367 ὅτι
2335 2312 2474 2367 κατά
2502 2312 2599 2383 τὴν
2653 2312 2864 2365 τελείαν
2912 2328 2972 2364 τε
3024 2310 3463 2381 καὶίερωτάτην
3509 2310 3753 2380 Γραφὴν,

2213 2426 2231 2459 ι
2278 2407 2337 2460 Ὀ
2372 2403 2598 2476 τρώγων
2646 2421 2745 2475 μου
2801 2404 2888 2456 τὸν
2937 2403 3101 2474 ἄρτον
3147 2403 3473 2473 ἐμεγάλυνεν
3527 2402 3613 2454 ἐπ’
3663 2401 3766 2471 ἐμὲ

2207 2497 2557 2568 πτερνισμὸν,
2593 2496 2710 2558 ἦτοι
2744 2494 2949 2563 ἐπῆρεν
2993 2493 3079 2544 ἐπ’
3111 2494 3211 2563 ἐμὲ
3242 2492 3470 2561 πτέρναν
3502 2490 3690 2554 αὐτοῦ,
3740 2511 3760 2543 ι

2208 2587 2664 2658 προαπολογεῖται
2711 2585 2911 2656 τρόπον
2951 2583 3105 2651 τινὰ,
3139 2586 3233 2638 καὶ
3267 2584 3358 2637 τὸν
3400 2585 3629 2654 γνήσιον
3656 2583 3766 2636 τῶν

2208 2679 2409 2748 ἐτέρων
2446 2677 2706 2749 μαθητῶν
2731 2675 3022 2747 θεραπεύει
3050 2678 3229 2747 χορὸν,
3264 2676 3342 2728 ἐν).
3378 2674 3471 2730 καὶ
3493 2674 3635 2743 μόνῳ
3667 2673 3766 2743 τὴν

2207 2767 2300 2821 τοῦ
2342 2768 2793 2837 κατηγορήματος
2839 2765 3067 2835 δύναμιν
3116 2765 3354 2828 ἀναθείς.
3399 2764 3617 2834 Ἐπειδὴ
3655 2763 3766 2835 γὰρ

2208 2858 2408 2922 πάντες
2463 2858 2647 2929 ἢσθιον
2712 2857 2801 2910 τὸν
2857 2856 3021 2926 ἄρτον
3089 2855 3287 2918 αὐτοῦ,
3352 2854 3769 2924 συνεστιώμενοι

2207 2949 2446 3018 δηλονότι
2499 2948 2594 3002 καὶ
2625 2946 3072 3010 συνδαπανῶντες
3104 2946 3172 3000 τά
3205 2947 3275 3000 δι’
3311 2944 3475 3001 αὐτοῦ
3505 2962 3771 3014 συγκομι-

543 3054 907 3110 acrimoniam
945 3054 1346 3124 quamprimum
1394 3055 1625 3118 inhibet,
1674 3057 1867 3112 dicens
1896 3073 1909 3111 :
1939 3075 1957 3108 ι
1989 3057 2105 3112 Non

2210 3040 2431 3111 ζόμενα,
2472 3040 2558 3094 διὰ
2599 3039 2758 3093 τοῦτο
2798 3039 3085 3110 χρησίμως
3130 3038 3356 3102 εἰκαίοις
3393 3037 3771 3105 συντρίϐεσθαι

543 3145 616 3201 de
643 3145 899 3200 omnibus
942 3144 1101 3198 vobis
1142 3144 1268 3198 dico
1301 3163 1315 3199 :
1350 3160 1449 3216 ego
1482 3148 1599 3200 scio
1645 3162 1784 3216 quos
1814 3148 2107 3219 elegerim,

544 3237 639 3293 sed
665 3247 722 3290 ut
744 3236 1116 3306 adimplealur
1139 3234 1449 3305 Scriptura,
1474 3256 1492 3290 ι
1527 3238 1704 3308 inquit
1734 3257 1747 3294 :
1783 3258 1801 3291 ι
1827 3239 1931 3306 Qui
1954 3255 2108 3294 man-

543 3329 710 3383 ducat
747 3344 925 3382 meum
960 3343 1179 3397 panem,
1207 3328 1405 3381 levavit
1438 3338 1632 3384 contra
1667 3345 1753 3385 me
1787 3331 2109 3387 calcaneum

542 3433 727 3481 suum,
760 3418 875 3473 sive
925 3417 1292 3485 magniﬁcavit
1342 3419 1865 3488 supplantationem,
1902 3440 1920 3473 ι
1957 3420 2108 3490 juxta

540 3510 849 3567 Psalmistaa
878 3525 1089 3564 vocem.
1120 3509 1332 3575 Quibus
1361 3510 1542 3566 verbis
1588 3510 1902 3566 istiusmodi
1945 3512 2111 3582 quid-

543 3602 669 3657 dam
719 3600 1032 3671 signiﬁcare
1074 3600 1561 3669 autumozduplici
1606 3602 1791 3670 itaque
1843 3617 2009 3657 sensu
2054 3601 2108 3656 in

540 3692 632 3747 bis
684 3692 965 3758 exposito,
1021 3690 1299 3745 meliorem
1365 3704 1431 3745 ac
1493 3690 1764 3745 veriorem
1830 3692 2110 3747 studiosus

543 3783 831 3851 exploret;
860 3790 1236 3836 verumtamen
1273 3780 1328 3834 in
1381 3781 1485 3835 boc
1532 3781 1734 3837 dictum
1781 3783 1928 3837 aliud
1977 3783 2108 3838 οπο·-

542 3888 760 3930 ramus.
797 3872 862 3926 ad
932 3870 1340 3926 conﬁrmandos
1407 3871 1803 3942 simpliciorum
1875 3874 2107 3927 animos.

548 3963 770 4017 Duiolms
807 3961 951 4017 enim
982 3960 1161 4017 modis
1192 3961 1281 4015 hic
1307 3961 1560 4018 dubitare
1589 3971 1770 4033 potest
1800 3964 2023 4034 aliquis.
2045 3963 2111 4017 Et

546 4052 785 4120 primum
824 4052 1040 4119 quidem
1091 4049 1254 4106 nobis
1285 4050 1529 4120 objiciet,
1567 4052 1756 4107 dicens
1786 4070 1799 4107 :
1833 4051 1890 4107 Si
1922 4052 2108 4108 omnia

543 4143 691 4197 scire
717 4140 1001 4197 Christum
1034 4142 1337 4207 credimus,
1366 4158 1476 4197 cur-
1498 4143 1659 4213 73o
1696 4141 1893 4197 Judam
1922 4143 2107 4214 elegit,

543 4241 598 4290 et
644 4249 744 4290 cur
782 4234 903 4289 aliis
956 4234 1258 4288 immiscuit
1301 4233 1608 4304 discipulis,
1633 4249 1756 4287 cum
1794 4249 1906 4288 non
1955 4235 2109 4302 igno-

543 4333 692 4379 rarct
742 4325 1078 4394 proditorem
1117 4324 1253 4385 fore.
1289 4332 1344 4380 et
1389 4325 1630 4378 avaritim
1675 4323 1883 4393 laqueis
1931 4324 2108 4393 impli-

2209 3127 2455 3201 δείμασιῦ
2476 3132 2574 3185 οὐκ
2603 3132 2667 3202 ἐᾷ
2694 3130 2800 3184 τῶν
2826 3130 3126 3201 ἐλευθέρων
3160 3129 3252 3183 τὸν
3289 3129 3434 3192 νοῦν,
3461 3131 3555 3183 καὶ
3581 3128 3641 3183 τὸ
3666 3129 3771 3197 τῆς

2210 3219 2444 3289 ὑποψίας
2495 3218 2658 3288 δριμὺ
2721 3218 3122 3289 προανακόπτει
3165 3216 3338 3285 λέγων
3376 3232 3390 3246 ·
3450 3235 3469 3268 t
3512 3216 3586 3270 Οὐ
3641 3218 3771 3286 περὶ

2210 3310 2425 3363 πάντων
2464 3308 2617 3379 ὑμῶν
2665 3307 2843 3376 λέγω·
2893 3306 3005 3375 ἐγὼ
3051 3302 3171 3360 οἶδα
3215 3306 3369 3369 τίνας
3412 3304 3767 3377 ἐξελεξάμην,

2209 3400 2324 3455 ἀλλ’
2358 3400 2467 3465 ἵνα,
2498 3402 2684 3470 φησὶν,
2715 3401 2747 3470 ἡ
2778 3397 2970 3469 Γραφὴ
2999 3396 3286 3469 πληρωθῇ·
3335 3397 3394 3451 Ὅ
3434 3396 3629 3450 ἐσθίων
3665 3414 3770 3467 μου

2208 3491 2299 3544 τὸν
2322 3489 2505 3560 ἄρτον,
2541 3489 2744 3558 ἐπῆρεν
2782 3489 2868 3540 ἐπ’
2904 3487 3004 3558 ἐμὲ
3040 3488 3139 3558 τὴν
3167 3487 3403 3558 πτέρναν
3431 3486 3617 3550 αὐτοῦ,
3647 3489 3770 3559 ἦτοι

2208 3580 2508 3651 ἐμεγάλυνε
2557 3577 2923 3650 πτερνισμὸν,
2964 3595 2982 3629 ι
3017 3577 3159 3632 κατά
3200 3579 3299 3648 τὴν
3336 3577 3429 3632 τοῦ
3473 3579 3771 3649 ψάλλοντος

2209 3673 2412 3741 φωνήν.
2463 3666 2630 3739 Οἶμαί
2678 3686 2729 3723 τι
2777 3668 3019 3723 τοιοῦτον
3069 3669 3404 3739 ὐποδηλοῦψ
3456 3669 3770 3740 ἐκδοθείσης

2209 3765 2341 3835 ἡμῖν
2377 3761 2665 3832 τοιγαροῦν
2699 3763 2759 3815 ἐν
2798 3760 3008 3825 τούτοις
3035 3760 3273 3831 θεωρίας
3307 3761 3521 3831 διπλῆς,
3550 3761 3771 3831 δοκιμα-

2209 3860 2348 3924 ζέτω
2376 3859 2474 3929 τὴν
2503 3857 2713 3928 ἀμείνω
2755 3858 2849 3912 καὶ
2876 3857 3093 3925 ἀληθῶς
3123 3856 3349 3926 ἔχουσαν
3391 3859 3419 3910 ὁ
3442 3855 3769 3925 φιλομαθὴς,

2209 3950 2347 4020 πλὴν
2373 3951 2452 4013 είς
2479 3948 2540 4002 τὸ
2588 3948 2750 4019 ῥητὸν
2799 3947 2880 4001 ἔτι
2909 3947 3178 4017 λέγωμεν,
3215 3946 3305 4000 τὸν
3331 3947 3438 4000 τῶν
3473 3947 3774 4000 ἁπλουστέ-

2212 4059 2321 4113 ρων
2351 4042 2774 4111 ἀσφαλιξόμενοι
2812 4041 2958 4097 νοῦν.
3006 4041 3404 4112 Ἐπαπορήσειε
3449 4043 3556 4110 γὰρ
3590 4042 3654 4095 ἄν
3686 4059 3773 4105 τις

2208 4138 2265 4188 ἐν
2286 4133 2496 4198 τούτοις
2528 4134 2670 4187 κατά
2706 4132 2802 4187 δύο
2827 4133 3076 4204 τρόπους.
3104 4135 3217 4187 Καὶ
3243 4133 3457 4204 πρῶτον
3489 4132 3588 4203 μὲν
3627 4135 3763 4204 ἡμῖν

2210 4210 2508 4295 ὑπαντήσει
2533 4223 2725 4292 λέγων·
2754 4224 2815 4276 Ei
2842 4222 3018 4277 πάντα
3043 4223 3240 4277 είδέναι
3268 4223 3502 4294 Χριστὸν
3520 4223 3774 4277 πιστεύο-

2213 4333 2332 4386 μεν,
2378 4315 2431 4369 τί
2470 4317 2562 4369 τὸν
2606 4314 2802 4370 Ἰούδαν
2838 4314 3140 4382 ἐξελέξατο,
3207 4317 3304 4370 καὶ
3338 4316 3392 4368 τί
3425 4318 3536 4379 τοῖς
3563 4315 3774 4386 ἑτέροις

545 4414 715 4467 citum
752 4415 960 4468 iri?Ad
998 4415 1112 4469 haec
1141 4414 1274 4468 dicit
1306 4433 1320 4467 ε
1356 4413 1412 4467 Si
1462 4415 1780 4467 calcancum
1829 4428 1985 4467 suum
2017 4414 2103 4468 id-

2210 4407 2428 4477 ἀνέμιξε
2473 4406 2772 4478 μαθηταῖς,
2814 4406 2914 4460 οὐκ
2943 4406 3246 4476 ἀγνοήσας,
3288 4408 3371 4461 ὃτι
3412 4408 3506 4460 καὶ
3539 4407 3773 4477 προδοὺς

544 4502 699 4555 circo
727 4502 928 4555 levavit
963 4501 1230 4556 adversus
1260 4502 1564 4566 Christum,
1596 4502 1739 4555 sicut
1776 4502 1852 4557 ait
1885 4503 2022 4573 ipse,
2052 4511 2107 4558 ut

2209 4496 2497 4561 ἁλώσεται,
2539 4498 2633 4551 καὶ
2663 4498 2774 4550 τῶν
2803 4496 3302 4569 τῆςνφιλοκερδείας
3351 4497 3482 4551 εἴσω
3522 4498 3773 4551 πεσεῖται

546 4590 939 4659 adimpleretur
981 4588 1291 4660 Scriptura,
1322 4606 1665 4659 nequaquam
1698 4592 1753 4645 in
1793 4594 1954 4661 culpa
1985 4610 2107 4648 esse

2216 4587 2457 4658 βρόχων;
2499 4587 2649 4657 Ἐρεῖ
2673 4586 2730 4640 δὲ
2760 4586 2897 4657 πρὸς
2924 4585 3134 4650 τούτοις
3153 4603 3166 4618 ·
3198 4587 3261 4640 Et
3286 4586 3342 4640 δὲ
3375 4585 3464 4639 διὰ
3489 4583 3646 4639 τοῦτο
3668 4586 3774 4655 τὴν

546 4681 666 4749 ipse
699 4680 1038 4743 censebitur.
1069 4681 1161 4736 sed
1205 4683 1504 4737 necessitas
1545 4683 1637 4735 illa
1680 4698 1801 4750 quze
1830 4692 1890 4737 ut
1933 4685 2110 4739 adim-

547 4769 719 4838 pleret
753 4768 1100 4839 Scripturam
1131 4786 1253 4825 eum
1287 4771 1560 4840 adigebat.
1610 4771 1785 4829 Nobis
1817 4787 1995 4830 autem
2042 4776 2110 4831 ad

549 4857 763 4929 singula
801 4873 991 4913 eorum
1039 4874 1162 4929 qua:
1193 4858 1407 4928 objecta
1464 4868 1593 4914 sunt
1638 4860 1840 4917 acriter
1878 4879 2109 4934 respon-

544 4947 782 5003 dendum
848 4956 969 5012 est,
1009 4956 1062 5005 et
1114 4949 1532 5005 convenientem
1591 4952 1891 5022 unicuique
1957 4955 2105 5008 solu-

543 5038 747 5095 tione'u
811 5038 1017 5109 quibus
1069 5042 1374 5111 poterimus
1444 5042 1755 5097 rationibus
1816 5043 2108 5099 subtexere

546 5137 781 5199 oportet,
809 5128 875 5185 ad
905 5128 1325 5185 aediﬁcationem
1368 5139 1421 5186 et
1450 5132 1883 5187 consolationem
1917 5148 2105 5189 eorum

547 5220 639 5288 qui
669 5220 1036 5291 intelligendis
1070 5236 1243 5276 sacrae
1276 5220 1576 5292 Scriptura:
1624 5222 1763 5279 locis
1796 5239 1861 5277 ex
1904 5224 2105 5293 seipsis

548 5325 655 5364 non
689 5320 820 5364 sunt
850 5313 1051 5368 idonei.
1086 5315 1162 5365 Ac
1188 5314 1420 5381 primum
1446 5314 1662 5383 quidem
1693 5313 1931 5371 dicimus
1956 5314 2101 5384 quod

548 5400 594 5454 si
628 5397 694 5453 de
720 5400 954 5470 singulis
985 5419 1105 5471 quae
1133 5418 1161 5456 a
1197 5403 1304 5458 Deo
1330 5403 1471 5457 facta
1502 5412 1630 5458 sunt
1658 5404 1964 5460 istiusmodi
1994 5421 2106 5460 ser-

549 5492 802 5547 monibus
834 5493 909 5546 uti
943 5495 1488 5566 velimus,nunquam
1517 5509 1619 5552 nos
1652 5495 1811 5552 linem
1861 5496 2105 5551 facturos

623 5668 667 5701 ἰ
705 5665 846 5721 Pani.
885 5684 978 5729 tt,
1016 5668 1098 5722 10.

2212 4679 2447 4748 πτέρναν
2487 4676 2658 4747 ἐπῆρε
2690 4676 2831 4730 κατὰ
2874 4676 3109 4746 Χριστοῦ
3133 4715 3147 4739 ,
3183 4676 3326 4731 καθά
3371 4693 3535 4746 φησιν
3584 4676 3772 4737 αύτδς.

2212 4769 2297 4822 ἵνα
2332 4768 2588 4839 πληρωθῇ
2620 4769 2653 4836 ή
2703 4766 2891 4838 Γραφὴ
2919 4806 2934 4828 ,
2989 4766 3088 4819 οὐκ
3138 4767 3299 4830 αὐτὸς
3348 4766 3415 4820 ἂν
3464 4769 3635 4819 νοοῖτο
3672 4764 3770 4819 τοῦ

2208 4861 2490 4928 γεγονότος
2545 4857 2829 4922 ὑπαίτιος,
2879 4857 2989 4910 ἀλλ’
3033 4859 3065 4926 ἠ
3114 4857 3496 4925 ἀναγκάζουσα
3543 4856 3773 4925 δύναμις

2209 4950 2544 5021 πληροῦσθαι
2584 4948 2683 5021 τὴν
2709 4949 2953 5019 Γραφήν.
2988 4951 3078 5001 Δεῖ
3103 4948 3160 5003 δὲ
3204 4950 3351 5019 ἡμᾶς
3388 4949 3524 5018 πρὸς
3564 4949 3775 5002 ἕκαστα

2208 5042 2313 5094 τῶν
2348 5041 2654 5114 εἰρημένων
2687 5038 3100 5093 ἀντανίστασθαι
3127 5039 3360 5108 γοργῶς,
3404 5041 3497 5092 καὶ
3525 5039 3619 5110 τὴν
3648 5040 3778 5091 ἐκα-

2206 5130 2350 5202 τέρῳ
2390 5130 2704 5201 πρέπουσαν
2742 5127 3040 5194 ἀπολογίαν
3083 5131 3194 5190 τοῖς
3239 5128 3377 5180 κατὰ
3410 5126 3637 5197 δύναμιν
3681 5127 3759 5191 ἐξ·

2211 5225 2412 5292 υφᾶναι
2441 5221 2741 5291 λογισμοῖς,
2780 5218 2916 5289 πρὸς
2951 5218 3239 5289 οἰκοδομὴν
3285 5219 3380 5272 καὶ⁸
3426 5218 3775 5289 παράκλησιν

2210 5314 2317 5366 τῶν
2363 5312 2461 5366 οὐκ
2495 5310 2879 5381 ἐπαρκούντων
2911 5309 3120 5363 οἴκοθεν
3161 5309 3344 5378 σφίσιν
3369 5309 3548 5374 αὐτοῖς
3588 5312 3669 5372 είς
3711 5308 3776 5362 τὸ

2215 5402 2474 5458 δύνασθαι
2514 5404 2653 5455 νοεῖν
2691 5402 2760 5456 τὰ
2797 5404 2855 5456 ἐν
2898 5404 2962 5470 τῇ
2991 5401 3113 5469 θείᾳ.
3155 5402 3365 5472 Γραιρῇ.
3414 5402 3522 5455 Καὶ
3554 5401 3773 5471 πρῶτον

2220 5495 2317 5567 μὲν
2342 5493 2514 5548 ἐκεῖνό
2544 5510 2743 5562 φαμεν,
2779 5494 2854 5556 ὡς
2898 5495 2944 5546 εί
2977 5490 3262 5562 μέλλοιμεν
3293 5494 3377 5563 ἐφ’
3414 5493 3627 5563 ἑκάστῳ
3662 5492 3772 5545 τῶν
