4062 6208
241 267 345 325 ηε

1294 264 1360 321 IN
1400 265 1682 323 JOANNIS
1717 265 2173 325 EVANGELIUM
2212 267 2343 325 LIB.
2374 269 2465 324 IX.

3388 278 3489 336 150

238 382 545 456 γεγονότων
586 382 739 452 παρά
778 379 913 435 Θεοῦ
946 383 1059 444 τοῖς
1094 381 1360 446 τοιούτοις
1399 381 1802 454 ᾁποκεχρῆσθαι

1917 381 2238 451 increpandi
2291 383 2667 455 carpendique
2716 385 2956 457 opificis,
3005 362 3328 446 immensam
3367 393 3490 465 ejus

237 478 418 547 λόγοις
438 516 454 538 ,
525 472 899 544 καταλέξομεν
979 473 1234 544 οὐδαμῶς
1310 475 1669 546 ἐπιτιμῶντες
1736 472 1815 546 τῷ

237 571 475 639 ποιητῇ,
518 565 1009 638 διαλοιδορούμενοί
1039 583 1100 621 τε
1132 565 1212 638 τῷ
1252 567 1392 639 πρὸς
1441 568 1503 621 τὺ
1548 562 1689 622 εἶναι
1743 566 1815 620 τά

237 663 339 717 οὐκ
368 662 500 716 ὄντα
548 659 804 714 καλοῦντι
848 659 1001 730 Θεῷ,
1061 661 1154 714 καὶ
1202 660 1300 732 τὴν
1351 662 1591 733 ἄμετρον
1645 658 1810 715 αὐτοῦ

238 751 652 825 φιλανθρωπίαν
683 752 1033 823 διασύροντες
1082 752 1330 823 ἀμαθῶς.
1383 752 1448 805 Τί
1495 751 1604 824 γὰρ
1630 791 1645 818 ,
1689 752 1812 805 εἰπέ

243 864 355 916 μοι,
400 844 497 898 καὶ
525 844 760 914 ἐτέρους
785 842 1074 896 διακωλύει
1106 844 1271 915 τυχὸν
1300 844 1593 913 ἐγκαλέσαι
1623 842 1812 912 λέγον-

235 957 336 1001 τας
355 956 369 968 ·
409 937 476 990 Τί
515 937 609 990 τὸν
638 936 813 990 Σαοὺλ
843 936 1105 1003 ἐπελέξω,
1138 937 1234 990 καὶ
1265 938 1345 1000 είς
1373 935 1597 1006 βασιλέα
1627 935 1812 1007 κέχρι-

235 1046 340 1093 κας
367 1030 468 1081 ἐπὶ
516 1027 610 1081 τὸν
669 1028 885 1099 Ἰσραὴλ
908 1068 925 1094 ,
972 1026 1126 1091 εἰδὼς
1165 1028 1247 1081 ὅτι
1297 1028 1514 1092 πάντως
1556 1026 1810 1099 ἀθετήσει

231 1120 334 1187 τὴν
366 1119 565 1188 χάριν;
591 1117 705 1171 Καὶ
728 1117 783 1170 τί
809 1116 967 1171 τοῦτο
979 1117 1160 1186 λέγω;
1195 1117 1550 1190 Ἀναϐήσεται
1572 1118 1681 1189 γὰρ
1708 1118 1810 1189 τῆς

231 1210 414 1271 αίτίας
439 1211 473 1279 ἡ
500 1210 774 1281 πρόφασις
812 1210 908 1263 ἐπὶ
952 1211 1043 1263 τὸν
1088 1208 1183 1263 τοῦ
1218 1209 1412 1279 γένους
1465 1209 1806 1281 καθηγητὴν,

228 1303 377 1355 τοῦτ’
414 1302 567 1355 ἔστιν
611 1302 801 1373 Ἀδάμ.
859 1303 1007 1373 Ἐρεῖ
1049 1302 1107 1355 δέ
1151 1319 1235 1366 τις
1285 1301 1449 1373 τυχὸν
1477 1302 1584 1356 τῶν
1624 1303 1808 1357 ἐκεῖνα

230 1392 679 1463 διεσκεμμένωνο
727 1391 792 1445 Τί
840 1392 931 1445 τὸν
972 1391 1197 1461 πρῶτον
1245 1390 1532 1462 ἄνθρωπον
1565 1389 1807 1455 ἔπλασας

230 1482 343 1537 ἀπὸ
377 1486 485 1553 γῆς
535 1485 566 1537 ὁ
600 1482 669 1536 τὰ
714 1483 892 1536 πάντα
930 1481 1121 1549 εἰδώς;
1169 1482 1243 1536 Οὐ
1298 1481 1408 1553 γάρ
1453 1481 1670 1551 ἠγνόεις
1724 1482 1807 1535 ὃτι

230 1575 481 1625 πεσεῖται
544 1571 642 1644 τὴν
697 1572 946 1626 δοθεῖσαν
993 1572 1146 1644 αὐτῷ
1198 1573 1513 1644 παρελάσας
1562 1572 1803 1644 ἐντολήν.

229 1662 388 1716 Κατά
415 1662 510 1715 τὸν
536 1663 700 1717 αὐτὸν
736 1662 925 1717 τοῦτον
957 1664 1114 1733 λόγον
1139 1665 1235 1717 καὶ⁴
1271 1663 1364 1718 ἐπὶ
1396 1667 1509 1729 τοῖς
1545 1665 1804 1735 ἀνωτέρω

1918 473 2312 545 benignitatem
2385 477 2555 533 stulte
2627 479 3022 536 convellentes.
3090 480 3231 547 Quid
3300 484 3488 551 enim,

1918 577 2126 632 quaeso,
2173 564 2491 633 prohibebit
2527 565 2695 622 etiam
2745 567 2887 624 alios
2924 566 3183 624 incusare
3226 570 3393 626 Deum
3424 586 3490 629 ac

1917 656 2146 710 dicere:
2179 656 2292 711 Cur
2324 655 2540 713 Saulem
2573 659 2808 730 elegisti,
2850 668 2906 715 et
2957 660 3013 714 in
3047 674 3226 733 regem
3282 662 3489 720 tinxisti

1918 761 2086 817 super
2134 745 2335 815 Israel,
2379 764 2542 819 quem
2608 750 2840 819 gratiam
2897 751 3127 806 omnino
3177 760 3489 821 spreturum

1917 839 2170 895 sciebas?
2194 839 2261 894 Et
2285 841 2418 911 quid
2449 842 2555 897 hoc
2578 842 2700 898 aio?
2723 842 2859 898 Nam
2893 846 3058 915 hujus
3084 845 3490 906 criminalionis

1916 946 2082 987 causa
2110 932 2178 987 ad
2212 933 2390 1003 ipsum
2422 933 2644 1004 generis
2680 944 2964 991 auctorem
2997 937 3278 1003 ascendet,
3306 938 3361 994 id
3403 948 3490 995 est

1914 1023 2111 1078 Adam.
2149 1024 2307 1091 Quod
2356 1024 2504 1081 dicet
2539 1024 2729 1082 forsan
2785 1027 2986 1098 aliquis
3031 1030 3241 1084 eorum“
3260 1030 3355 1100 qui
3413 1030 3489 1085 ita

1916 1115 2161 1170 sentiunt
2181 1133 2194 1170 :
2214 1114 2330 1171 Cur
2354 1115 2596 1185 primum
2625 1117 2903 1173 hominem
2934 1119 3184 1173 formasti
3218 1118 3286 1173 de
3316 1126 3485 1187 terra,

1914 1207 2008 1277 qui
2059 1207 2245 1261 omnia
2287 1206 2476 1263 nosti?
2516 1205 2630 1263 Nec
2678 1208 2822 1263 enim
2888 1207 3185 1279 ignorabas
3224 1223 3486 1264 casurum

1914 1299 2093 1363 illum,
2142 1306 2328 1369 spreto
2384 1298 2532 1370 quod
2592 1306 2883 1370 acceperat
2946 1299 3230 1356 mandato.
3280 1298 3485 1356 Eodem

1913 1390 2075 1445 modo
2115 1397 2172 1445 et
2205 1405 2272 1445 ex
2306 1391 2524 1461 superis
2568 1405 2634 1445 ac
2666 1390 2987 1447 cmlestibus
3023 1406 3214 1447 ansam
3266 1406 3486 1462 quoque

1912 1481 2178 1551 carpendi
2227 1482 2479 1551 arripiet,
2512 1482 2800 1536 clamans:
2832 1479 2946 1535 Cur
2994 1482 3313 1551 angelorum
3352 1497 3484 1537 con-

1913 1572 2103 1629 didisti
2150 1583 2429 1638 naturam,
2459 1588 2585 1627 cum
2621 1586 2732 1626 non
2764 1573 3070 1643 ignorares,
3099 1580 3160 1627 ut
3192 1571 3355 1636 Deus,
3393 1573 3484 1628 fu-

1911 1673 2092 1719 turam
2148 1666 2459 1735 aliquorum
2511 1661 3039 1718 defectionem?Nec
3087 1663 3233 1719 enim
3289 1678 3481 1720 serva-

229 1756 323 1806 καὶ
347 1754 591 1825 μείζοσιν
624 1754 706 1808 ἐτι
734 1758 1033 1827 κατηγορεῖ
1059 1755 1197 1827 βοῶν
1222 1773 1234 1786 ·
1262 1757 1415 1812 Διατί
1435 1758 1533 1829 τὴν
1553 1758 1802 1827 ἀγγέλων

1907 1762 2105 1809 verunt
2133 1770 2330 1811 omnes
2364 1770 2528 1810 suum
2566 1754 2960 1825 principatum.
2983 1748 3127 1820 Quid
3164 1769 3328 1823 porro
3355 1756 3483 1811 hinc

226 1844 706 1918 δεδημιούργηκας
735 1847 918 1915 φύσιν,
951 1847 1053 1902 οὐκ
1085 1849 1380 1920 ἀγνοήσας,
1409 1850 1485 1914 ὡς
1513 1849 1666 1914 Θεὸς,
1705 1849 1804 1923 τὴν

225 1937 497 2006 ἐσομένην
525 1937 691 1991 τινῶν
739 1937 997 1992 ἀπόνοιαν
1044 1940 1126 2004 είς
1183 1940 1529 2008 ἀπόστασιν;
1568 1942 1806 2013 Τετηρή·

226 2044 358 2080 κασι
394 2028 505 2099 γὰρ
551 2030 613 2083 οὐ
676 2030 879 2094 πάντες
933 2031 1034 2103 τὴν
1079 2032 1284 2086 οἰκείαν
1328 2032 1522 2104 ἀρχήν.
1577 2030 1712 2088 Εἶτα
1752 2032 1805 2086 τί

222 2118 287 2171 τὸ
341 2119 629 2186 ἐντεῦθενς
702 2122 767 2175 Ἠ
837 2123 931 2177 τοῦ
991 2123 1132 2177 Θεοῦ
1199 2124 1510 2194 πρόγνωσις
1566 2126 1670 2180 οὐκ
1737 2126 1804 2180 ἂν

223 2208 395 2261 αὑτὸν
477 2210 903 2284 συγκεχώρηκεν
964 2213 1195 2286 ὀφθῆναι
1272 2215 1638 2287 δημιουργὸν,
1687 2216 1802 2269 ἀλλ’

219 2299 333 2353 οὐδ’
361 2300 429 2354 ἂν
453 2302 487 2372 ἡ
516 2301 711 2374 λογικὴ
753 2304 934 2369 κτίσις
964 2305 1247 2378 παρῆλθεν
1284 2306 1420 2370 ὅλως
1445 2308 1526 2370 είς
1564 2307 1799 2375 γένεσιν,

222 2390 311 2442 ῖνα
341 2390 510 2461 μόνης
550 2392 654 2463 τῆς
692 2392 890 2463 ἀλόγου
948 2396 1045 2450 καὶ
1084 2395 1412 2468 ἀναισθήτου
1458 2396 1673 2466 φύσεως
1707 2396 1796 2466 βα-

220 2478 417 2551 σιλεύῃ
448 2480 581 2545 Θεὸς
603 2522 619 2545 ,
663 2482 795 2555 μηδὲ
840 2483 924 2537 ὅτι
961 2484 1097 2548 Θεὸς
1125 2483 1266 2539 κατά
1301 2484 1463 2553 φύσιν
1498 2486 1615 2538 ἐστὶ
1641 2501 1804 2553 γινω-

216 2574 522 2643 σκόμενος.
578 2576 784 2645 Χρῆναι
834 2575 890 2629 δὲ
957 2569 1113 2647 οἶμαι
1167 2575 1402 2646 μάλιστα
1454 2576 1519 2646 δὴ
1585 2577 1802 2630 πάντων

213 2668 411 2719 ἐκεῖνο
458 2665 942 2737 διασκεπτομένους
973 2668 1138 2739 ὁρᾷν,
1180 2667 1263 2720 ὅτι
1293 2668 1407 2730 τοῖς
1430 2665 1668 2735 λογικοῖς
1691 2665 1799 2718 τῶν

214 2757 545 2826 κτισμάτων
603 2757 740 2822 ιδίας
798 2759 1173 2830 προαιρέσεως
1211 2757 1472 2828 ἀπένειμε
1510 2756 1610 2823 τὰς
1641 2758 1800 2829 ἡνίας

212 2849 247 2899 ό
274 2847 502 2901 πάντων
529 2850 904 2920 Δημιουργὸς,
954 2849 1048 2905 καὶ
1091 2849 1533 2914 αὐτοκελεύστοις
1589 2850 1800 2921 ἀφῆκεν

216 2934 361 2993 εἶναι
400 2941 631 3009 ῥοπαῖς,
675 2942 763 3011 ἐφ’
793 2943 931 3013 ὅπερ
979 2941 1045 2997 ἂν
1098 2942 1333 3007 ἕκαστος
1362 2940 1603 3012 βούλοιτο
1634 2942 1798 3012 τυχὸν

217 3030 365 3100 ἔχειν
391 3030 592 3102 ἄριστα
613 3031 916 3102 δοκιμάσας
941 3033 1031 3086 τὸν
1060 3033 1282 3104 τρόπον.
1316 3033 1380 3085 Οί
1413 3032 1512 3103 μὲν
1545 3027 1639 3087 οὖν
1682 3033 1797 3097 τοῖς

1911 1848 2203 1918 sequitur?
2226 1848 2366 1903 Illud
2397 1847 2684 1915 videlicet,
2713 1856 2772 1903 ut
2823 1847 3273 1919 prmcognitionis
3313 1862 3481 1903 causa

1910 1944 2004 1990 aut
2032 1937 2168 1991 nihil
2213 1937 2440 1992 omnino
2479 1951 2670 1992 creare
2715 1936 2992 2000 debuerit,
3024 1943 3121 1991 aut
3156 1944 3304 1992 certe
3329 1952 3481 1992 crea-

1908 2040 2087 2086 turam
2129 2032 2334 2087 nullam
2388 2032 2624 2087 rationis
2668 2040 2976 2103 compotem
3014 2033 3242 2086 omnino
3276 2029 3482 2100 produ~

1908 2138 2055 2186 cere,
2103 2132 2165 2178 ut
2214 2125 2525 2179 irrationali
2559 2134 2771 2179 tantum
2808 2132 2863 2179 et
2909 2139 3106 2181 sensus
3137 2123 3345 2192 experti
3377 2138 3481 2177 na-

1906 2224 2044 2270 turae
2075 2215 2221 2272 Deus
2270 2218 2526 2287 imperet,
2565 2232 2666 2272 nec
2712 2217 2831 2287 ipse
2869 2217 3096 2273 omnino
3141 2225 3339 2271 natura
3377 2231 3478 2271 sua

1908 2306 2051 2361 Deus
2080 2317 2469 2378 cognoscatur.
2498 2308 2633 2362 Illud
2663 2316 2843 2363 autem
2871 2309 3109 2363 maxime
3131 2309 3480 2363 consideran-

1905 2396 2033 2451 dum
2058 2397 2128 2452 iis
2159 2398 2432 2461 arbitror,
2462 2398 2703 2452 universi
2735 2398 2984 2466 opificem
3015 2397 3478 2454 intellectualibus

1905 2486 2181 2539 creaturis
2212 2485 2517 2541 voluntatis
2561 2501 2675 2539 sua:
2726 2485 2974 2539 habenas
3025 2486 3393 2568 commisisse,
3424 2493 3479 2540 et

1905 2583 2215 2645 spontaneo
2253 2584 2405 2631 motu
2439 2591 2506 2631 eo
2538 2576 2667 2631 ferri
2703 2574 3052 2645 permisisse,
3084 2590 3194 2645 quo
3241 2576 3483 2647 quisque

1904 2665 2051 2717 velit.
2098 2664 2201 2729 Qui
2244 2679 2377 2736 ergo
2421 2665 2746 2757 melioribus
2792 2674 2943 2718 reete
2975 2679 3035 2719 se
3071 2665 3478 2734 applicuerunt,

1902 2756 2129 2825 gloriam
2170 2770 2326 2810 suam
2377 2755 2625 2819 servant,
2680 2763 2736 2810 et
2781 2755 3055 2810 bonorum
3104 2755 3210 2809 sibi
3243 2770 3476 2810 conces-

1902 2860 2087 2899 sorum
2118 2846 2415 2917 participes
2442 2840 2763 2912 manent,et
2797 2845 3061 2900 felicitate
3090 2861 3198 2916 qua
3224 2845 3477 2904 excidere

1900 2949 2203 3009 nequeant,
2225 2938 2620 3017 perfruuntur;
2642 2938 2735 3009 qui
2760 2952 2890 2993 vero
2923 2937 3164 3008 propriis
3189 2937 3476 2995 affectibus

1901 3036 2357 3099 corrumpuntur,
2392 3030 2761 3100 cupiditatum
2810 3038 2948 3085 aestu
2981 3038 3091 3100 quo
3150 3027 3308 3086 nefas
3358 3040 3479 3087 erat

216 3098 469 3186 ἀμείνοσι
490 3098 947 3193 προσνενευκότες
968 3098 1163 3194 ὀρθῶς,
1190 3121 1289 3193 τὴν
1310 3098 1447 3176 ἰδίαν
1470 3120 1794 3184 διασώζουσι

1907 3098 2150 3180 abducti.
2185 3118 2340 3194 731
2371 3098 2570 3191 dignas
2622 3112 2925 3176 sceleribus
2971 3098 3089 3178 suis
3142 3137 3334 3192 pmnas
3373 3121 3476 3178 da-

216 3209 412 3277 δόξαν,
452 3211 549 3265 καὶ
600 3212 661 3266 ἐν
715 3213 929 3283 μεθέξει
985 3213 1207 3284 μένουσι
1247 3213 1357 3266 τῶν
1417 3212 1793 3284 ἀπονεμηθὲν-

217 3316 327 3355 των
353 3302 543 3365 αὐτοῖς
576 3303 832 3371 ἀγαθῶν,
868 3304 1262 3375 ἀμετάπτωτόν
1299 3321 1360 3357 τε
1398 3305 1498 3375 τὴν
1530 3304 1795 3374 εὐθυμίαν

219 3390 571 3461 εὑρίσκουσιν
595 3408 609 3424 ’
670 3393 723 3446 oi
789 3392 846 3447 δὲ
900 3396 1016 3458 τοῖς
1088 3393 1238 3457 ίδίοις
1309 3392 1797 3465 καταφθειρόμενοι

219 3478 541 3553 λογισμοῖς,
589 3485 686 3538 καὶ
730 3484 816 3553 ἐφ’
847 3484 883 3540 ἃ
933 3486 1009 3556 μὴ
1060 3484 1218 3555 θέμις
1257 3485 1580 3549 ἀκαθέκτοις
1609 3483 1798 3556 ὥσπερ

222 3570 492 3640 ῥεύμασιν
514 3572 821 3642 ἐπιθυμιῶν
841 3574 1296 3647 κατασυρόμενοι,
1323 3576 1422 3645 τὴν
1451 3575 1635 3638 αὐτοῖς
1665 3573 1788 3645 πρέ-

224 3680 429 3718 πουσαν
460 3664 796 3734 ὑπομένουσι
833 3666 1008 3735 δίκην.
1038 3665 1133 3718 καὶ
1180 3666 1277 3736 τὴν
1317 3666 1409 3719 ἐπὶ⁵
1452 3668 1572 3729 ταῖς
1607 3666 1801 3736 ἀχαρι-

224 3755 398 3819 στίαις
429 3757 657 3819 εἰκότως
687 3757 1048 3828 ὑπομένοντες
1074 3758 1315 3829 γραφὴν,
1355 3758 1454 3828 τὴν
1483 3757 1666 3829 ἀπηνῆ
1707 3758 1799 3811 καὶ

219 3846 533 3917 ἀπέραντον
557 3847 954 3918 ὐποστήσονται
994 3847 1235 3902 κόλασιν.
1274 3847 1397 3901 Ἐπὶ
1436 3846 1646 3910 τούτοις
1689 3849 1797 3910 τοῖς

219 3937 470 4008 ὁρισμοῖς
500 3937 800 4008 γενομένην
823 3939 1075 4010 εὑρήσεις
1099 3938 1197 4009 τὴν
1224 3938 1332 3992 τῶν
1352 3937 1598 4007 ἀγγέλων
1617 3937 1797 4007 φύσιν.

220 4028 285 4079 Οἱ
309 4027 410 4098 μὲν
435 4028 551 4099 γὰρ
576 4027 1001 4099 διατηρήσαντες
1025 4027 1124 4099 τὴν
1148 4029 1354 4084 οἰκείαν
1374 4028 1570 4100 ἀρχὴν,
1594 4029 1799 4083 ἀναπό-

221 4117 416 4189 ϐλητον
448 4117 634 4188 ἔχουσι
658 4119 757 4189 τὴν
794 4120 881 4189 ἐφ’
902 4120 1075 4175 ἅπασι
1106 4124 1219 4187 τοῖς
1250 4122 1476 4190 ἀγαθοῖς
1511 4123 1718 4194 ἵδρυσεν
1742 4141 1801 4176 τε

220 4210 315 4262 καὶ
343 4210 557 4263 στάσινο
604 4211 653 4263 οἱ
696 4211 753 4265 δὲ
802 4215 916 4276 τοῖς
972 4214 1065 4267 ἐπὶ
1114 4213 1183 4267 τά
1231 4213 1399 4284 χείρω
1431 4214 1662 4285 νεύμασι
1704 4215 1802 4284 τῆς

1896 3209 2057 3276 bunt,
2097 3220 2172 3289 ει,
2201 3210 2274 3263 ob
2329 3210 2533 3280 ingrati
2584 3211 2753 3264 animi
2799 3227 2996 3265 noxam
3053 3212 3180 3282 jure
3233 3211 3476 3269 damnati

1897 3314 2061 3370 grave
2102 3307 2156 3354 et
2189 3306 2457 3354 aeternum
2513 3300 2847 3370 supplicium
2896 3302 3068 3356 luent.
3097 3300 3192 3356 liis
3225 3304 3478 3359 terminis

1899 3391 2223 3462 angelorum
2262 3387 2516 3445 naturam
2550 3390 2799 3446 invenies
2837 3392 3130 3447 contineri.
3173 3391 3277 3459 Qui
3325 3394 3473 3449 enim

1899 3489 2192 3537 servarunt
2229 3498 2389 3539 suum
2423 3483 2819 3554 principatum,
2847 3484 3236 3539 inconcussam
3277 3485 3478 3540 habent

1899 3569 1954 3622 in
1987 3570 2244 3627 omnibus
2281 3570 2442 3626 bonis
2503 3571 2815 3628 firmitatem
2857 3581 3022 3643 atque
3069 3576 3473 3641 constantiam;

1898 3662 1995 3733 qui
2025 3678 2156 3718 vero
2193 3663 2246 3717 in
2278 3663 2555 3719 deteriora
2595 3666 2848 3720 conversi
2890 3665 2978 3718 illa
3018 3666 3240 3737 antiqua
3276 3666 3477 3722 nobili-

1902 3763 2012 3810 tate
2051 3755 2395 3823 exciderunt,
2437 3756 2764 3813 rudentibus
2816 3757 3018 3813 inferni
3058 3758 3313 3820 detracti,
3337 3759 3478 3814 sicut

1900 3846 2166 3917 scriptum
2214 3858 2318 3914 est,
2359 3849 2413 3903 in
2464 3850 2735 3919 judicium
2791 3866 3002 3921 magna:
3050 3851 3156 3905 diei
3212 3851 3477 3906 reservati

1902 3946 2031 3992 sunt
2061 3938 2129 3993 δ’.
2168 3936 2260 3994 Sic
2304 3938 2482 3995 factus
2513 3952 2597 3997 est
2630 3941 2790 3996 initio
2837 3942 3047 4011 primus
3080 3942 3168 3997 ille
3201 3943 3385 4009 homo,
3423 3942 3478 3998 id

1901 4039 1987 4083 est
2014 4030 2213 4083 Adam.
2240 4032 2373 4084 Erat
2395 4033 2542 4085 enim
2570 4035 2625 4087 in
2659 4033 3008 4103 paradiso,et
3034 4034 3089 4087 in
3122 4034 3352 4089 summis
3383 4034 3478 4090 de-

1902 4119 2068 4185 liciis,
2104 4119 2449 4189 spiritalibus
2493 4124 2778 4187 nimirum,
2821 4133 2875 4179 et
2905 4125 3075 4195 gloria
3104 4129 3244 4197 apud
3281 4127 3473 4185 Deum.

1903 4212 1970 4265 Et
2020 4213 2417 4280 permansisset
2463 4215 2686 4284 quidem
2728 4217 2782 4268 in
2825 4218 3074 4286 pristinis
3116 4220 3226 4276 illis
3270 4232 3477 4277 natura!

220 4300 455 4370 ἀρχαίας
516 4301 734 4373 ἐκείνης
785 4304 1034 4368 εὐκλείας
1082 4304 1536 4376 διολισθήσαντες,
1595 4307 1802 4376 σειραῖς

1907 4301 2084 4367 bonis,
2112 4301 2218 4357 nisi
2244 4317 2546 4358 conversus
2569 4311 2714 4357 esset
2742 4305 2792 4356 in
2816 4304 3178 4361 defectionem
3206 4316 3261 4363 et
3286 4310 3477 4368 inobe-

222 4388 385 4457 ζόφου
432 4392 932 4463 τεταρταρωμένοι,
966 4392 1107 4446 κατά
1154 4393 1216 4446 τὸ
1269 4394 1670 4464 γεγραμμένον,
1722 4396 1802 4457 είς

1907 4393 2192 4459 dientiam,
2232 4392 2419 4447 datum
2478 4394 2580 4447 sibi
2620 4392 2857 4464 desuper
2889 4397 3204 4453 mandatum
3256 4405 3475 4461 stultis-

222 4479 402 4547 κρίσιν
428 4480 676 4550 μεγάλης
705 4482 919 4552 ἡμέρας
952 4482 1305 4553 τετήρηνται.
1338 4480 1525 4546 Οὕτως
1577 4481 1802 4552 πεποίη-

1907 4486 2044 4538 sime
2077 4493 2524 4555 praetergressus.
2577 4485 2669 4540 Sic
2716 4487 2872 4541 unxit
2909 4487 3129 4544 Saulem
3173 4492 3227 4547 in
3266 4509 3472 4566 regem.

223 4583 313 4619 ται
340 4569 486 4621 κατά
512 4568 615 4639 τὴν
641 4569 816 4641 ἀρχὴν
842 4572 872 4624 ὁ
898 4570 1114 4642 πρῶτος
1148 4570 1459 4642 ἄνθρωπος,
1489 4568 1634 4623 τοῦτ’
1659 4569 1802 4623 ἔστιν

1907 4573 2034 4628 Erat
2071 4575 2216 4629 enim
2255 4575 2337 4628 vir
2380 4572 2523 4631 haud
2581 4579 2758 4632 malus
2812 4579 2990 4645 initio,
3026 4582 3118 4635 sed
3149 4597 3273 4638 cum
3312 4588 3476 4644 talem

223 4658 254 4708 ὁ
278 4659 470 4728 Ἀδάμ.
500 4654 611 4714 Ἦν
664 4662 763 4731 μὲν
818 4661 928 4733 γὰρ
976 4664 1036 4718 ἐν
1093 4664 1429 4735 παραδείσῳ,
1464 4665 1558 4718 καὶ
1599 4665 1656 4717 ἐν
1687 4666 1802 4727 ταῖς

1907 4680 1963 4720 se
1992 4682 2099 4720 non
2135 4666 2375 4735 amplius
2406 4667 2757 4736 praebuisset,
2788 4669 2962 4740 gloria
2991 4681 3043 4726 et
3071 4675 3222 4743 regni
3268 4676 3478 4736 honore

222 4748 485 4802 ἀνωτάτω
516 4754 774 4821 τρυφαῖς,
830 4755 1228 4824 πνευματικαῖς
1257 4753 1519 4825 δηλονότι,
1552 4756 1646 4807 καὶ
1677 4755 1801 4825 δόξῃ

1907 4757 2131 4812 excidit.
2163 4757 2253 4812 Sic
2282 4756 2479 4812 Judam
2515 4759 2700 4830 elegit,
2724 4771 2775 4815 et
2802 4765 3010 4817 sanctis
3032 4763 3326 4835 discipulis
3353 4786 3476 4825 eunt

219 4840 288 4907 τῇ
317 4839 473 4910 παρά
505 4840 644 4912 Θεῷ.
680 4842 793 4896 Καὶ
817 4842 1084 4913 διέμεινεν
1118 4842 1183 4896 ἂν
1205 4845 1264 4897 ἐν
1288 4846 1402 4907 τοῖς
1430 4842 1679 4914 ἀρχαίοις
1702 4842 1802 4912 τῆς

1907 4849 2217 4918 adscripsit,
2256 4866 2380 4904 cum
2425 4851 2681 4907 idoneum
2730 4869 2787 4908 se
2841 4856 3114 4925 principio
3146 4866 3473 4916 sectatorem

220 4930 439 4995 φύσεως
462 4932 712 5000 ἀγαθοῖς,
742 4933 791 4985 εί
814 4931 889 5005 μὴ
916 4932 1190 5005 τέτραπτο
1215 4933 1351 5006 πρὸς
1377 4934 1680 4988 ἀπόστασιν
1706 4933 1802 4987 καὶ

1907 4953 1965 4992 ac
2009 4938 2340 5008 discipulum
2373 4950 2684 5009 praestaret.
2730 4941 2836 4998 Sed
2884 4954 3171 5016 postquam
3210 4951 3472 5018 paulatim

217 5019 528 5092 παρακοὴν,
573 5022 909 5078 ἀϐουλότατα
960 5023 1245 5094 παρελθὼν
1300 5023 1397 5095 τὴν
1439 5025 1801 5096 διορισθεῖσαν

1907 5045 1930 5083 a
1964 5028 2168 5083 Satana
2220 5038 2467 5087 tentatus
2514 5042 2571 5087 et
2626 5033 2764 5089 lucri
2798 5037 2987 5091 studio
3036 5039 3284 5096 irretitus
3349 5042 3475 5097 huic

216 5108 441 5197 ἐντολὴν
472 5111 703 5167 ἀνωθεν.
741 5113 899 5168 Οὕτω
929 5115 1156 5186 κέχρικε
1194 5114 1287 5168 τὸν
1316 5115 1489 5169 Σαοὺλ
1532 5116 1613 5178 εἰς
1644 5116 1799 5186 βασι-

1907 5122 2033 5175 ritio
2066 5122 2382 5186 succubuit,
2417 5122 2619 5177 factum
2659 5127 2729 5181 ob
2776 5126 2827 5181 id
2872 5129 3206 5197 proditorem
3254 5131 3470 5187 demum

214 5199 336 5256 λέα.
362 5196 474 5255 Ἦν
499 5202 601 5272 μὲν
622 5206 733 5276 γὰρ
757 5206 818 5259 ἐν
844 5206 1039 5278 ἀρχαῖς
1063 5207 1124 5260 ού
1145 5206 1346 5277 φαῦλος
1376 5207 1534 5279 ἀνὴρ,
1566 5208 1798 5278 ὀφθέντα

1907 5214 2119 5282 repulit.
2147 5212 2297 5268 Nihil
2326 5229 2460 5285 ergo
2491 5216 2556 5270 ad
2583 5232 2706 5272 eum
2740 5219 2833 5288 qui
2872 5220 3053 5291 elegit.
3090 5219 3262 5277 Penes
3317 5223 3471 5278 iilum

214 5307 282 5357 γε
315 5292 424 5363 μὴν
450 5296 634 5349 οὐκέτι
686 5297 926 5351 τοιοῦτον
963 5298 1186 5371 μεθίστη
1234 5301 1333 5371 τῆς
1358 5299 1517 5372 δόξης
1558 5301 1654 5355 καὶ
1695 5301 1794 5371 τῆς

1907 5303 2106 5372 quippe
2126 5312 2247 5357 erat
2278 5318 2389 5357 non
2422 5305 2643 5371 cadere,
2675 5308 2718 5361 si
2753 5308 2977 5361 meliora
3010 5308 3270 5363 nimirum
3315 5326 3471 5366 com-

214 5382 493 5450 βασιλίδος
513 5388 697 5460 τιμῆς.
737 5389 923 5453 Οὕτως
973 5389 1263 5457 ἐπελέξατο
1311 5392 1402 5445 τὸν
1436 5392 1658 5460 Ἰούδαν,
1698 5393 1794 5447 καὶ

1907 5393 2064 5465 plecti
2112 5393 2396 5459 voluisset,
2440 5405 2717 5467 totamque
2774 5413 2930 5452 suam
2985 5406 3218 5455 mentem
3261 5401 3331 5455 ad
3381 5418 3472 5457 se-

214 5476 330 5535 τοῖς
389 5474 566 5545 ἁγίοις
610 5479 770 5535 αὑτὸν
818 5480 1041 5553 ἀνέμιξε
1100 5480 1391 5554 μαθηταῖς,
1458 5484 1787 5556 ἐπιτηδείως

1907 5481 2181 5554 quendum
2216 5484 2433 5559 sincere
2474 5485 2755 5541 Christum
2790 5489 3193 5547 transtulisset.
3223 5490 3305 5545 Ad
3339 5489 3474 5547 alte-

287 5653 337 5684 "
376 5652 533 5711 ludat
565 5656 617 5712 6.
