4062 6208
593 252 681 307 151

1570 257 1628 312 S.
1664 258 1942 314 CYRILLI
1981 259 2451 322 ALEXANDRINI
2479 268 2798 328 ARCIIIEP.

3722 283 3826 336 132

587 384 703 422 rum
725 384 890 438 porro
916 370 1060 440 quod
1083 374 1425 444 propositum
1460 386 1600 440 erat,
1619 378 1884 434 dicimus.
1909 379 2124 441 Nemini

2252 385 2442 454 ἔχοντα
2467 389 2707 460 δηλονότι
2739 393 2876 464 πρὸς
2901 395 3255 466 ἀκολούθησιν
3276 396 3332 449 ὲν
3362 397 3577 468 ἀρχαῖς.
3605 397 3822 468 Ἐπειδὴ

581 459 885 513 secundum
917 463 1284 530 quorumdam
1331 467 1560 520 stultum
1594 478 1995 536 commentum,
2031 473 2151 526 exi-

580 551 914 606 Stimandum
959 563 1044 608 est
1107 554 1311 612 idcirco
1371 574 1495 628 qua:
1539 573 1570 612 a
1603 561 1818 616 sanctis
1865 562 2152 632 prophetis

577 641 726 694 dicta
763 655 890 698 sum
943 645 1011 698 ad
1041 647 1247 700 exitum
1301 650 1554 718 perduci,
1586 659 1649 704 ut
1703 651 2007 722 Scriptura:
2050 655 2150 708 im-

580 733 854 800 pleantur.
901 733 1032 788 Nam
1067 737 1115 791 si
1167 738 1243 791 ita
1272 755 1330 794 se
1363 755 1450 794 res
1492 741 1709 806 habeat,
1749 743 1885 796 nihil
1926 745 2150 799 omnino

577 824 778 878 vetabit
831 827 1128 895 quominus
1166 836 1484 885 necessario
1530 830 1839 902 Scripturis
1870 833 2078 890 addicti
2117 851 2148 890 a

579 924 807 984 peccato
853 929 1211 984 excusentur,
1242 921 1352 975 imo
1405 938 1538 977 vero
1588 925 1905 980 nullatenus
1955 941 2149 992 pecca-

577 1007 778 1060 vcrint.
841 1007 896 1063 Si
951 1009 1097 1062 enim
1157 1025 1251 1065 eas
1310 1011 1525 1081 impleri
1581 1015 1890 1082 oportebat,
1938 1015 2148 1085 inquiet

574 1098 798 1168 aliquis,
832 1107 888 1153 et
933 1114 1029 1170 per
1075 1100 1176 1155 hos
1220 1102 1456 1171 impleta:
1490 1113 1640 1170 sunt,
1694 1104 1774 1158 illi
1813 1107 2004 1175 utique
2051 1122 2148 1176 per

572 1205 713 1258 quos
754 1190 991 1260 impletae
1029 1201 1158 1247 sunt
1201 1196 1352 1248 omni
1389 1195 1549 1264 culpa
1593 1198 1890 1250 vacabunt.
1923 1197 2145 1269 Alioqui

571 1280 759 1334 divina
791 1281 908 1350 ipsa
943 1280 1228 1352 Scriptura
1280 1287 1491 1353 peccati
1540 1285 1789 1340 ministra
1817 1287 1988 1341 videri
2020 1303 2148 1357 pos-

569 1372 664 1434 sit,
699 1373 866 1426 veluti
905 1373 956 1425 vi
991 1373 1228 1443 quadam
1260 1389 1325 1427 ac
1371 1377 1704 1430 necessitate
1734 1379 2032 1433 nonnullos
2077 1379 2145 1432 ad

568 1463 660 1514 illa
708 1465 1032 1531 pertraxerit
1067 1479 1190 1534 quae
1218 1465 1424 1535 scripta
1454 1477 1631 1532 erant,
1660 1476 1719 1521 ut
1759 1469 1901 1538 quod
1942 1472 2143 1538 praedi-

564 1563 714 1608 ctum
752 1564 836 1610 est
869 1557 997 1610 olim
1038 1559 1244 1611 exitum
1272 1560 1490 1614 tandem
1539 1562 1852 1616 sortiretur.
1891 1560 2048 1626 Quod
2094 1563 2142 1616 si

565 1647 740 1708 dicas,
772 1647 994 1711 summi,
1018 1648 1235 1717 Opinor,
1269 1648 1415 1702 istud
1448 1657 1528 1704 est
1563 1650 1761 1720 piaculi
1789 1664 1980 1721 genus.
2008 1650 2141 1714 Quis

2251 477 2307 531 δὲ
2336 479 2477 532 κατά
2502 479 2676 552 βραχὺ
2704 485 2980 554 πειράζων
3019 489 3046 540 ό
3074 488 3316 550 Σατανᾶς
3343 489 3464 550 ταῖς
3494 489 3822 558 αἰσχροκερ-

2250 571 2391 635 δίαις
2420 574 2917 646 προσεχειρώσατο,
2945 577 3235 650 νικηθέντα
3265 579 3343 650 τῷ
3373 579 3536 632 πάθει
3562 582 3657 634 καὶ
3689 598 3824 651 προ-

2249 663 2409 733 δότην
2437 664 2505 717 δι’
2531 666 2662 720 αύτδ
2694 651 2964 736 γεγονότα
2994 669 3177 723 λοιπὸν
3198 670 3503 725 ἀπεώσατο.
3539 672 3704 726 Οὐδὲν
3728 669 3823 726 οὖν

2247 754 2358 824 ἄρα
2385 755 2520 827 πρὸς
2551 757 2640 810 τὸν
2675 757 3193 829 ὲπιλεξάμενον.*Ην
3211 761 3320 832 γάρ
3349 763 3406 814 έν
3437 761 3627 833 ἐκείνῳ
3647 762 3709 816 τὸ
3729 762 3822 815 δύ-

2249 847 2444 900 νασθαι
2477 847 2550 920 μὴ
2576 849 2873 914 διαπεσεῖν,
2905 851 3142 923 ἑλομένῳ
3167 853 3409 922 δηλονότι
3439 854 3506 906 τά
3537 854 3818 924 πρεπωδέ-

2248 955 2436 1008 στερα,
2464 939 2592 1010 ὃλην
2625 957 2684 992 τε
2715 941 2813 1011 τὴν
2844 940 2977 994 ἰδίαν
3009 941 3345 1012 μετατιθέντι
3379 943 3617 996 διάνοιαν
3647 943 3727 1005 είς
3756 942 3820 994 τὸ

2247 1030 2443 1100 χρῆναι
2463 1031 2700 1101 γνησίως
2721 1031 3082 1103 ἀκολουθῆσαι
3127 1032 3365 1103 Χριστῷ.
3402 1034 3495 1096 Εἰς
3521 1033 3579 1086 δέ
3606 1049 3668 1102 γε
3705 1033 3816 1085 τῶν

2246 1123 2622 1192 προκειμένων
2667 1123 2731 1176 τὸ
2779 1123 2962 1194 ἕτερον
3004 1125 3178 1177 ἐκεῖνό
3212 1141 3409 1195 φαμεν.
3458 1127 3548 1195 Μὴ
3588 1127 3698 1196 γάρ
3728 1143 3816 1190 τις

2244 1213 2458 1278 οἰέσθω,
2478 1213 2619 1266 κατά
2642 1215 2738 1284 τήν
2764 1231 2927 1266 τινων
2959 1215 3230 1281 ἀϐουλίαν,
3264 1216 3352 1270 διά
3379 1217 3536 1271 τοῦτο
3565 1217 3812 1286 διεξάγε-

2246 1301 2369 1356 σθαι
2399 1303 2534 1373 πρὸς
2569 1304 2740 1372 πέρας
2786 1305 2856 1358 τά
2885 1304 3021 1375 ἔργα
3072 1306 3141 1359 τά
3182 1307 3684 1378 κεχρησμῳδημένα
3721 1309 3814 1362 διά

2243 1394 2349 1446 τῶν
2377 1395 2548 1461 ἁγίων
2579 1396 2892 1465 προφητῶν,
2923 1398 3007 1450 ’ίνα
3037 1397 3372 1467 πληρωθεῖεν
3409 1401 3463 1452 ai
3492 1399 3530 1450 Γ
3536 1401 3722 1469 ραφαί.
3749 1403 3812 1453 El

2243 1486 2351 1556 γὰρ
2383 1485 2540 1539 τοῦτό
2568 1488 2714 1540 ἐστιν
2737 1487 2954 1558 ἀληθὲς,
2997 1488 3147 1542 οὐδὲν
3179 1489 3314 1553 ὅλως
3343 1490 3664 1544 διακωλύσει
3684 1495 3812 1556 τοὺς

2241 1583 2350 1643 τοῖς
2401 1580 2804 1650 γεγραμμένοις
2847 1581 3158 1650 ἀναγκαίως
3211 1583 3679 1653 ὑπηρετήσαντας,
3708 1583 3809 1634 ούκ

2243 1673 2648 1742 ἀπροφάσιστον
2694 1672 2836 1742 ἔχειν
2864 1673 2961 1744 τὴν
2999 1674 3292 1744 ἁμαρτίαν,
3329 1675 3527 1744 μᾶλλον
3561 1674 3617 1726 δὲ
3647 1675 3805 1727 οὐδα-

565 1737 710 1790 enim
738 1738 874 1790 adeo
905 1738 1138 1794 rationis
1190 1747 1245 1792 et
1279 1739 1479 1795 mentis
1512 1739 1670 1810 inops
1721 1741 1850 1804 erit,
1875 1749 1935 1794 ut
1967 1741 2131 1796 sancti

2245 1737 2362 1833 udi;
2402 1737 2949 1834 πεπλημμεληκέναί.
3000 1737 3062 1815 Ei
3108 1737 3215 1834 γὰρ
3270 1737 3377 1816 ἔδει
3426 1763 3804 1834 πληρωθῆναι,

566 1838 725 1908 732
754 1839 992 1909 Spiritus
1017 1857 1322 1896 sermonem
1345 1841 1627 1898 existimet
1652 1843 1906 1913 cuiquam
1933 1846 2138 1913 peccati

564 1931 738 1985 fuisse
784 1932 1099 2000 pararium?
1125 1931 1469 2002 Quapropter
1507 1948 1849 2003 nequaquam
1885 1934 1958 1989 ob
1980 1935 2138 1988 istam

561 2035 782 2075 causam
812 2021 1090 2076 credimus
1113 2022 1254 2076 facta
1278 2037 1403 2077 esse
1432 2023 1501 2076 ab
1525 2024 1800 2092 aliquibus
1824 2038 2010 2094 opera,
2082 2031 2141 2078 ut

559 2111 996 2180 adimplerentur
1029 2112 1325 2182 Scriptura:
1365 2131 1378 2167 :
1413 2111 1506 2167 sed
1533 2113 1795 2182 Spiritum
1831 2127 2016 2167 rerum
2061 2113 2139 2167 fu-

561 2214 807 2257 turarum
834 2205 1122 2274 praescium
1140 2220 1232 2260 eas
1251 2205 1588 2275 praedixisse,
1608 2213 1668 2258 ut
1683 2220 1806 2259 cum
1826 2205 2135 2272 evenerint,

2240 1857 2426 1926 φησὶν,
2458 1857 2572 1927 ὲρεῖ
2616 1873 2719 1920 τις,
2748 1855 3049 1928 ἐπληροῦτο
3090 1857 3147 1910 δὲ
3188 1857 3275 1909 διὰ
3300 1857 3523 1922 τούτων,
3551 1859 3598 1910 οί
3623 1857 3689 1910 δι’
3727 1851 3805 1911 ὧν

2237 1949 2344 2018 ἄρα
2367 1948 2773 2019 πεπλήρωνται,
2803 1949 2984 2019 πάσης
3013 1950 3078 2002 ἂν
3103 1944 3211 2003 εἷεν
3245 1949 3474 2019 εὐθύνης
3507 1949 3803 2020 ἐλεύθεροι.

2241 2035 2450 2100 Ἄλλως
2477 2053 2536 2088 τε
2567 2037 2662 2090 καλ⁸
2687 2036 2931 2101 διάκονος
2959 2039 3233 2109 ἁμαρτίας
3267 2042 3299 2109 ή
3333 2038 3453 2092 θεία
3492 2039 3556 2108 δὴ
3585 2039 3805 2102 πάντως

2236 2128 2593 2197 κατεφαίνετο
2622 2129 2832 2199 Γραφὴ,
2884 2129 3125 2183 καλοῦσα
3174 2130 3423 2199 καθάπερ
3473 2131 3536 2182 ὲκ
3567 2129 3684 2199 βίας
3720 2131 3802 2192 είς

2233 2221 2416 2273 ἐκεῖνά
2439 2237 2612 2282 τινας,
2640 2221 2676 2274 ἃ
2703 2221 2940 2274 ὲλαλεῖτο
2969 2221 3036 2274 δι’
3059 2221 3246 2291 αὐτῆς,
3277 2222 3364 2274 ’ίνα
3393 2222 3487 2273 καὶ
3517 2222 3594 2282 είς
3626 2219 3804 2288 πέρας

560 2299 758 2366 pignus
782 2297 902 2352 ﬁdei
927 2297 1332 2368 praedictionem
1355 2299 1621 2353 habentes
1641 2299 1792 2352 illam
1813 2297 1879 2352 de
1893 2313 2004 2368 quo
2020 2299 2131 2353 haec

2231 2311 2352 2380 ἥκοι
2389 2310 2450 2363 τὸ
2485 2311 2654 2365 πάλαι
2681 2312 3089 2382 πεφωνημένον.
3139 2312 3275 2364 Ἀλλ’
3317 2307 3468 2382 οἶμαι
3503 2311 3668 2374 πολὺς
3705 2311 3803 2364 ἐπὶ

560 2385 766 2455 scripta
796 2395 952 2452 sunt,
973 2399 1126 2442 certo
1153 2388 1374 2442 demum
1400 2398 1454 2443 et
1490 2389 1804 2444 indubitato
1830 2403 2131 2459 cognosca-

2231 2401 2401 2472 τούτῳ
2431 2402 2531 2472 τῆς
2557 2401 2867 2474 δυσφημίας
2893 2406 2922 2456 ὁ
2950 2404 3125 2472 λόγος.
3152 2405 3246 2466 Τίς
3286 2404 3392 2474 γάρ
3416 2403 3499 2474 είη
3535 2403 3629 2456 τοῦ
3661 2403 3799 2456 καθ-

558 2491 708 2530 mus.
753 2478 860 2532 Sed
894 2493 1021 2532 cum
1071 2479 1126 2532 in
1163 2480 1338 2534 altero
1384 2479 1529 2534 libro
1559 2479 1629 2534 de
1681 2480 1766 2534 his
1813 2479 1936 2537 fuse
1975 2482 2131 2538 nobis

2231 2491 2456 2563 ήκοντος
2485 2492 2747 2561 λογισμοῦ
2782 2493 3034 2547 τοσοῦτον
3067 2495 3444 2565 ἐστερημένος,
3481 2493 3553 2556 ὼς
3581 2492 3670 2547 τὸν
3699 2491 3798 2545 τοῦ

555 2567 902 2636 disputatum
927 2567 1021 2634 sit,
1046 2571 1235 2623 eadem
1261 2583 1429 2638 porro
1452 2576 1700 2640 repetere
1725 2570 2130 2639 quodammodo

2237 2583 2392 2651 ἁγίου
2419 2583 2733 2656 Πνεύματος
2779 2585 2990 2638 οἴεσθαι
3034 2585 3188 2654 λόγον
3210 2586 3478 2656 ἁμαρτίας
3511 2586 3622 2636 τισὶ
3653 2584 3798 2652 γίνε-

553 2659 893 2728 superﬂuum
923 2674 1046 2714 955°
1077 2659 1310 2715 Viden"-
2235 2676 2360 2728 σθαι
2401 2675 2698 2747 πρόξενονς
2742 2675 2950 2730 οὐκοῦν
2994 2677 3056 2730 οὐ
3089 2677 3176 2730 διά
3219 2677 3424 2738 ταύτην
3471 2674 3796 2744 πιστεύομεν

551 2765 647 2838 τὴν
682 2765 860 2818 αἰτίαν
888 2765 1175 2836 δεδρᾶσθαι
1200 2766 1268 2818 τὰ
1299 2765 1438 2836 ἔργα
1476 2765 1628 2836 παρά
1653 2782 1835 2831 τινων,
1874 2767 1960 2821 ἵνα
1993 2769 2330 2840 πληρωθεῖεν
2364 2772 2421 2823 αἱ
2463 2770 2694 2840 Γραφαί·
2727 2770 2809 2823 ὅτι
2849 2769 2907 2822 δὲ
2955 2770 3171 2832 πάντως
3224 2769 3376 2822 ἔσται
3410 2769 3481 2822 τὰ
3519 2765 3793 2838 συμϐησό-

553 2874 691 2926 μενα
739 2857 984 2928 προειδὸς
1015 2858 1076 2910 τὸ
1108 2858 1331 2928 Πνεῦμα
1358 2858 1670 2928 λελάληκεν,
1707 2859 1773 2912 ἵν’
1807 2860 1935 2914 ὅταν
1965 2861 2207 2930 γίνεσθαι
2246 2863 2448 2934 συμϐῇ,
2506 2864 2739 2927 πίστεως
2778 2865 3029 2936 ἐνέχυρον
3085 2864 3339 2927 λαϐόντες
3397 2863 3493 2935 τὴν
3549 2862 3793 2932 πρόρρη-

555 2967 661 3013 σιν,
697 2949 795 3021 τὴν
821 2950 905 3019 ἐφ’
951 2943 994 3019 ᾧ
1033 2950 1343 3024 γέγραπται
1396 2949 1586 3015 ταῦτα,
1639 2949 1824 3004 λοιπὸν
1865 2952 2144 3025 ἀραρότως
2193 2955 2568 3028 γινώσκωμεν.
2628 2957 2828 3011 Πολλοῦ
2882 2957 2937 3011 δὲ
2982 2960 3112 3029 ἡμῖν
3157 2957 3437 3027 γεγονότος
3488 2954 3579 3008 τοῦ
3633 2954 3794 3022 λόγου

548 3045 676 3115 περὶ
707 3044 815 3097 τῶν
843 3044 1098 3098 τοιούτων
1135 3047 1191 3098 ὲν
1226 3043 1398 3114 ἑτέρῳ
1429 3042 1638 3113 βιϐλίῳ,
1687 3042 1749 3096 τὸ
1782 3048 2011 3116 μακροῖς
2061 3047 2140 3101 ἔτι
2177 3050 2325 3120 aspir
2351 3050 2532 3104 αὐτῶν
2580 3051 2916 3120 ὲνδιατρίψαι
2963 3050 3283 3121 διηγήμασι,
3335 3048 3585 3120 περιττὸν
3645 3044 3787 3100 εἷναί

549 3154 666 3200 πως
693 3137 858 3190 δοκεῖ.

613 3227 750 3292 ΧΙΙΙ,
787 3227 877 3282 19.
935 3227 1140 3281 Amodo
1176 3226 1295 3281 dico
1344 3229 1486 3283 vobis
1532 3230 1843 3300 priusquam
1887 3227 2009 3298 ﬁat,
2059 3237 2117 3282 ut
2145 3237 2187 3295 ο

541 3336 659 3372 cum
687 3319 888 3388 factum
918 3318 1101 3386 fuerit,
1124 3318 1353 3372 credatis
1385 3319 1512 3389 quia
1543 3335 1634 3390 ego
1663 3335 1804 3375 sum.

612 3409 940 3466 Necessario
972 3409 1203 3480 exposui
1272 3425 1396 3480 quae
1449 3427 1573 3465 mox
1609 3414 1793 3466 futura
1833 3419 1988 3480 sunt,
2026 3413 2115 3467 in-

539 3502 683 3573 quit,
719 3511 772 3556 et
807 3511 932 3556 ante
965 3508 1182 3570 tempus
1213 3517 1227 3554 :
1256 3501 1500 3570 proderit
1541 3503 1688 3557 enim
1737 3505 2112 3569 auditoribus,

539 3610 642 3649 nec
678 3609 868 3664 parum
906 3594 1176 3648 conducet
1217 3593 1295 3647 rei
1324 3593 1502 3662 ipsius
1533 3609 1762 3665 scopum
1791 3611 2110 3666 agnoscere.

538 3685 766 3739 Frustra
806 3684 952 3738 enim
990 3682 1265 3738 sermonis
1293 3697 1452 3737 usum
1479 3685 1923 3741 narrationibus
1953 3687 2113 3740 insu-

537 3793 685 3833 mere
720 3792 830 3832 non
852 3776 1037 3832 soleo:
1071 3775 1276 3846 quibus
1302 3783 1487 3830 autem
1529 3789 1636 3829 non
1658 3791 1854 3845 parum
1894 3776 2108 3830 utilita-

535 3873 604 3927 tis
624 3869 1028 3927 inessevidetur
1050 3869 1098 3924 si
1115 3867 1184 3923 ad
1205 3876 1441 3924 vestram
1472 3866 1721 3922 notitiam
1757 3868 2106 3934 devenerint,

535 3962 652 4016 haec
681 3977 783 4034 ego
817 3961 1013 4016 vestris
1054 3960 1282 4016 auribus
1316 3957 1651 4014 infundenda
1681 3959 1940 4015 arbitror.
1975 3959 2108 4015 Dico

535 4053 701 4126 igitur
730 4051 948 4114 amodo,
979 4052 1179 4122 inquit,
1213 4051 1393 4116 vobis,
1428 4066 1551 4122 qua:
1584 4066 1684 4122 pro
1717 4050 1928 4107 foribus
1975 4053 2105 4123 qui-

533 4145 656 4200 dem
691 4145 802 4215 jam
836 4155 984 4209 sunt;
1013 4144 1108 4200 sed
1143 4143 1410 4199 factorum
1445 4144 1688 4198 nondum
1729 4144 2102 4214 cognitionem

529 4237 687 4292 vobis
727 4234 917 4304 aﬂ'ero,
949 4243 1030 4302 ut,
1085 4250 1209 4291 cum
1263 4251 1328 4291 ea
1381 4234 1500 4290 ﬁeri
1561 4234 1884 4304 contigerit,
1918 4251 2100 4290 rerum

529 4330 733 4383 exitum
766 4329 903 4382 meis
943 4327 1397 4398 praedictionibus
1427 4334 1702 4395 aptantes,
1729 4326 1887 4380 illum
1920 4326 2098 4394 ipsum

526 4426 616 4470 me
665 4432 788 4471 esse
824 4419 1086 4477 credatis.
1119 4418 1186 4472 de
1235 4432 1344 4487 quo
1399 4417 1528 4470 talia
1581 4415 1872 4486 Scriptura
1910 4416 2097 4471 divina

527 4506 865 4577 praedixerit.
931 4504 1107 4560 Simul
1170 4522 1306 4577 ergo
1365 4505 1633 4559 Dominus
1691 4514 1880 4559 noster
1933 4503 2098 4561 Iesus

2304 3227 2534 3296 Ἀπιίρτι
2572 3228 2725 3297 λέγω
2757 3228 2900 3297 ὑμῖν
2939 3228 3053 3296 πρὸ
3085 3228 3192 3282 τοῦ
3219 3232 3516 3298 γενέσθαι,
3553 3231 3653 3283 ἵνα
3695 3247 3792 3283 πι-

2221 3321 2535 3388 στεύσητε,
2577 3319 2723 3373 ὅταν
2764 3320 3026 3388 γένηται,
3063 3321 3151 3374 ὅτι
3175 3321 3287 3389 ἐγώ
3308 3322 3445 3389 ειμι.

2302 3409 2760 3479 Ἀναγκαιοτάτην
2789 3411 3111 3479 πεποίημαι,
3145 3409 3297 3478 φησι,
3337 3409 3446 3462 τῶν
3477 3409 3599 3462 ὅσον
3629 3409 3784 3462 οὐδέ-

2217 3521 2304 3556 πω
2372 3503 2778 3574 παρεσομένων,
2828 3502 2919 3554 καὶ
2973 3501 3079 3572 πρὸ
3131 3500 3318 3572 καιροῦ
3359 3500 3454 3572 τὴν
3503 3500 3782 3570 ἐξήγησινο

2215 3594 2442 3666 ᾐσθήσει
2463 3597 2479 3614 “
2500 3594 2610 3665 γὰρ
2641 3595 2766 3656 τοὺς
2794 3594 3196 3664 ἀκροωμένους,
3220 3593 3314 3645 καὶ
3341 3593 3401 3644 ού
3422 3592 3614 3662 μικρὸν
3644 3592 3784 3644 οἴσει

2212 3687 2274 3739 τὸ
2305 3685 2514 3756 κέρδος,
2558 3687 2606 3738 εί
2634 3686 2726 3738 τὸν
2757 3687 2822 3738 ἐκ
2849 3683 2942 3738 τοῦ
2975 3685 3295 3756 πράγματος
3325 3683 3517 3736 εἰδεῖεν
3555 3682 3780 3737 σκοπόν.

2212 3775 2450 3838 Είκαίως
2503 3777 2601 3845 μὲν
2647 3777 2754 3848 γὰρ
2799 3776 2897 3846 τὴν
2954 3775 3047 3828 τοῦ
3095 3775 3253 3842 λόγου
3301 3773 3490 3846 χρείαν
3532 3773 3780 3844 δαπανᾷν

2209 3867 2563 3938 διηγήμασιν,
2595 3867 2860 3936 ἀσύνηθές
2885 3883 2944 3920 τε
2971 3866 3067 3920 καὶ
3091 3867 3151 3919 οὺ
3184 3866 3335 3936 φίλον
3369 3865 3510 3936 ἐμοί·
3538 3859 3621 3928 οἷς
3641 3865 3688 3918 δ’
3711 3864 3782 3918 ἂν

2211 3961 2470 4032 φαίνηται
2510 3959 2709 4031 προσὸν
2763 3959 2825 4011 τὸ
2873 3958 3144 4021 λυσιτελὲς
3189 3959 3251 4011 οὐ
3303 3958 3494 4028 μικρὸν
3547 3958 3596 4009 εί
3637 3955 3780 4021 πρὸς

2207 4053 2408 4121 γνῶσιν
2439 4050 2535 4122 [al.
2569 4052 2620 4104 εί
2667 4052 2746 4113 είς
2780 4047 3110 4120 πρόγνωσιν]
3139 4050 3206 4102 ῐοι
3233 4048 3329 4120 τὴν
3359 4048 3631 4119 ἡμετέραν
3659 4046 3775 4120 [πο.

2207 4143 2521 4215 ὑμετέραν],
2557 4141 2725 4195 ταῦτα
2757 4141 2867 4194 δεῖν
2911 4140 3275 4211 ὑπολαμϐάνω
3315 4143 3433 4204 ταῖς
3453 4139 3780 4211 κήμετέραις

2207 4235 2319 4307 [ἷσ.
2385 4231 2700 4306 ὑμετέραις]
2752 4235 2964 4304 ἐνηχεῖν
3014 4233 3223 4296 ἀκοαῖς.
3270 4232 3429 4300 Λέγω
3487 4230 3780 4303 τοιγαροῦν

2203 4329 2430 4400 ἁπάρτι,
2472 4329 2657 4400 φησὶν,
2699 4329 2828 4398 ὑμῖν
2849 4327 2917 4380 τὰ
2940 4327 3031 4379 ἐπὶ
3051 4326 3240 4396 θύραις
3273 4325 3370 4396 μὲν
3402 4324 3522 4395 ήδη,
3561 4325 3779 4377 τετελε-

2203 4422 2416 4493 σμένων
2444 4422 2501 4476 δὲ
2531 4421 2684 4475 οΰπω
2713 4421 2813 4492 τὴν
2843 4419 3043 4489 γνῶσιν
3074 4417 3345 4488 ὲντίθημι,
3368 4416 3434 4469 ἵν’
3457 4417 3585 4469 ὅταν
3614 4415 3775 4483 γενέ·-

2201 4516 2326 4569 σθαι
2365 4513 2569 4584 συμϐῇ,
2597 4512 3058 4582 συναρμόττοντες
3081 4513 3193 4572 τοῖς
3216 4509 3344 4578 παρ’
3367 4506 3502 4579 ἐμοῦ
3529 4521 3776 4576 προηγο-

524 4599 782 4653 Christus
835 4605 890 4652 et
938 4597 1274 4667 proditorem
1330 4595 1536 4651 sensim
1577 4595 1854 4665 castigare
1903 4610 2096 4666 aggre-
2124 4623 2172 4682 D
2204 4607 2484 4677 ρευμένοις
2531 4605 2638 4657 τῶν
2671 4604 3011 4675 πραγμάτων
3041 4601 3100 4654 τὸ
3154 4600 3326 4663 τέλος,
3367 4601 3571 4652 ἐκεῖνον
3603 4597 3774 4651 αὐτὸν

523 4691 696 4752 ditur,
751 4689 1181 4758 increpationem
1231 4685 1334 4741 sub
1396 4685 1723 4756 quibusdam
1794 4686 2092 4742 involucris

2230 4691 2332 4747 ίναί
2362 4711 2428 4764 με
2465 4691 2812 4764 πιστεύσητε,
2849 4693 2975 4762 περὶ
3000 4686 3060 4744 οὗ
3087 4690 3155 4743 τά
3185 4687 3404 4742 τοιαῦτα
3436 4685 3771 4758 κεχρησμῲ-

522 4782 779 4846 afl‘ercns,
811 4788 866 4836 et
899 4780 1226 4852 proditionis
1260 4778 1469 4833 exitum
1503 4779 1557 4832 in
1595 4779 1810 4849 signum
1847 4777 1966 4833 fore
1990 4781 2088 4844 ait,

2230 4803 2357 4856 ηκεν
2409 4786 2442 4855 ή
2490 4785 2609 4837 θεία
2637 4784 2845 4853 Γραφή.
2866 4783 2954 4835 Ἑν
2976 4779 3157 4850 ταυτῷ
3190 4778 3470 4849 τοιγαροῦν
3501 4780 3529 4830 ὁ
3560 4775 3770 4846 Κύριος

522 4885 575 4930 ει
603 4873 972 4929 clarissimum
1013 4879 1398 4941 argumentum
1431 4870 1610 4940 ipsum
1641 4885 1763 4924 esse
1781 4869 2085 4924 Christum.

2235 4878 2350 4948 μῶν
2381 4877 2586 4946 Ἰησοῦς
2623 4877 2650 4928 ὁ
2681 4875 2912 4945 Χριστὸς
2977 4874 3071 4926 καὶ
3101 4874 3194 4924 τὸν
3230 4871 3493 4941 προδότην
3530 4869 3771 4936 ἐπανορ-

522 4969 595 5025 Ut
623 4967 766 5024 enim
798 4966 912 5037 jam
946 4975 1104 5020 antea
1137 4965 1398 5030 diximus,
1426 4965 1518 5034 qui
1547 4978 1608 5018 ea
1639 4978 1759 5029 qua:
1781 4977 1878 5032 per
1901 4978 2088 5019 sacras

2230 4967 2318 5020 οῦν
2367 4966 2762 5038 εὐπεριστόλως
2791 4965 3072 5034 ἐπιχειρεῖ,
3101 4960 3482 5032 κεκρυμμένον
3534 4956 3627 5010 ἐπὶ
3678 4972 3768 5023 μι-

521 5061 758 5115 Litteras
820 5057 1082 5130 praedicta
1144 5064 1272 5111 sunt
1331 5071 1454 5110 cum
1523 5054 1822 5125 proditoris
1880 5055 2086 5110 scelere

2232 5062 2352 5130 ραίς
2398 5058 2686 5125 ἀσαφείαις
2720 5055 3066 5126 προκομίζων
3108 5055 3200 5108 τὸν
3244 5053 3482 5122 ἔλεγχον,
3523 5050 3615 5102 καὶ
3661 5048 3765 5117 τὴν

517 5152 944 5220 comparaverit,
977 5147 1508 5208 manilestissimam,
1543 5157 1602 5200 ut
1648 5160 1795 5206 reor.
1824 5153 1879 5200 et
1927 5143 2084 5199 facil-

2230 5148 2288 5217 ἦς
2314 5146 2600 5217 προδοσίας
2620 5145 2845 5199 ἔκϐασιν
2873 5145 2953 5207 είς
2984 5146 3207 5214 σημεῖον
3235 5139 3454 5194 ἔσεσθαί
3484 5146 3636 5208 φησι,
3661 5137 3764 5188 καὶ

517 5243 699 5296 limam
728 5243 846 5310 ejus
884 5240 1431 5311 comprehensionem
1462 5247 1806 5308 asscquetur.

2230 5257 2264 5302 ης
2317 5241 2656 5309 σαφεστάτην
2699 5235 2970 5302 ἀπόδειξιν
3015 5236 3110 5289 τοῦ
3140 5234 3302 5288 αὐτὸν
3330 5228 3468 5285 εῖναι
3500 5227 3758 5300 Χριστόν.

525 5337 614 5398 Ὠς
635 5336 744 5405 γὰρ
775 5336 875 5405 ήδη
909 5335 1208 5404 φθάσαντες
1231 5331 1478 5401 εἴπομεν,
1511 5333 1539 5384 ὁ
1568 5331 1638 5384 τὰ
1666 5330 1752 5384 διὰ
1781 5328 1889 5382 τῶν
1914 5327 2075 5400 ἱερῶν
2114 5330 2461 5401 Γραμμάτων
2486 5331 2979 5401 προκεκηρυγμένα
3008 5331 3119 5392 τοῖς
3136 5326 3229 5380 τοῦ
3287 5323 3547 5396 προδότου
3615 5335 3760 5388 συμ-

515 5425 692 5483 ϐαλὼν
742 5427 1103 5496 τολμήμασιν,
1166 5425 1634 5495 εύσυνοπτοτάτην
1674 5424 1762 5489 ἂν,
1807 5423 1982 5494 οἶμαι,
2026 5423 2119 5476 καὶ
2155 5424 2533 5497 ἀταλαίπωρον
2578 5425 2769 5496 κομιδῇ
2808 5423 2904 5495 τὴν
2928 5422 3014 5475 ἐπ’
3039 5419 3189 5490 αὐτῷ
3212 5416 3517 5488 κατάληψιν
3550 5408 3756 5484 ἀληθῆ,

515 5532 609 5576 και
639 5519 782 5574 μάλα
818 5518 1010 5590 ῥᾳδίως
1038 5519 1210 5571 ἕλοιτο
1239 5517 1322 5572 ἄν.
