4062 6208
311 254 414 308 133

1363 251 1427 306 IN
1465 250 1749 306 ιυΑΜιε
1777 251 2218 308 EVANCELIUM
2258 252 2386 308 LIB.
2413 253 2500 307 IX.

3455 255 3557 311 136

393 367 606 436 Ἀμὴν.
645 365 809 434 ἀμὴν
853 363 1007 434 λέγω
1037 362 1200 432 ὑμῖν,
1234 365 1266 417 ὁ
1298 365 1616 434 λαμϐάνων
1640 365 1718 419 ἄν
1753 382 1886 420 τινα

2058 364 2194 425 ΧΙΙΙ.
2231 364 2320 419 20.
2356 366 2543 433 Amen,
2579 381 2730 420 amen
2777 365 2894 419 dico
2944 364 3108 428 vobis,
3139 362 3230 435 qui
3269 369 3459 441 accipit
3508 373 3557 424 si

307 460 545 527 πέμψω,
573 455 678 526 ἐμὲ
697 455 1014 524 λαμϐάνει·
1065 457 1097 509 ὁ
1127 454 1196 508 δὲ
1220 455 1325 526 ἐμὲ
1347 458 1691 526 λαμϐάνων,
1732 460 1880 526 λαμ-

303 549 484 618 βάνει
521 547 628 600 τόν
647 547 1096 600 ἀποστείλαντά
1111 563 1209 614 με.

383 636 790 707 Προαποδείξσς
828 637 1112 706 χρησίμως
1141 637 1333 690 ἑαυτὸν
1361 636 1488 690 ὄντα
1513 638 1765 710 Χριστὸν,
1791 641 1885 692 καὶ

311 723 472 784 δι’ὧν
506 727 733 798 ἔμελλεν
784 729 812 779 6
857 727 1122 797 προδότης
1156 729 1582 799 ὲμπαροινήσειν
1627 731 1684 784 ὲν
1713 729 1882 800 αύτῷ,

313 821 583 893 χρήσιμόν
605 837 656 873 τι
684 819 844 873 πάλιν
870 821 1076 872 ἐπινοεῖ
1103 818 1241 889 πρὸς
1275 819 1589 891 ἀνατροπὴν
1611 821 1710 890 τῆς
1743 821 1884 874 ὲκεί-

315 930 405 965 νου
438 911 818 977 κακοϐουλίας,
843 911 934 963 καὶ
955 910 1323 982 ἀμυδρότερός
1354 929 1470 975 πως
1497 911 1646 983 αύτῷ
1673 913 1886 984 πρόεισι

311 1005 406 1057 καὶ
440 1003 535 1056 νῦν
576 1005 604 1056 6
639 1002 815 1070 λόγος.
855 1001 1230 1071 Συγκρύπτειν
1271 1001 1379 1073 γὰρ
1412 1001 1490 1055 ἔτι
1531 1006 1787 1075 πειρᾶται
1827 1005 1885 1057 16

309 1093 590 1162 τόλμημα,
626 1090 724 1142 καὶ
745 1089 1045 1158 ἀναφανδὸν
1077 1089 1230 1142 ούπω
1255 1091 1387 1160 φησι
1412 1092 1496 1155 τίς
1527 1093 1555 1146 6
1593 1093 1885 1164 προδώσων

309 1172 494 1238 αὐτόν.
539 1182 856 1252 Ἀπελέγχει
909 1180 1218 1253 τοιγαροῦν,
1267 1183 1360 1235 καὶ
1415 1182 1559 1253 μάλα
1605 1183 1886 1254 χρησίμως

311 1278 456 1348 μετὰ
486 1274 688 1345 σαφοῦς
729 1272 1188 1344 παραδείγματος,
1230 1272 1306 1336 ὠς
1348 1273 1560 1344 ἀνάγκη
1591 1276 1757 1340 πᾶσα,
1797 1277 1890 1330 καὶ

308 1369 392 1433 είς
423 1369 486 1421 τὸ
511 1366 605 1420 τοῦ
654 1364 786 1420 Θεοῦ
833 1364 930 1417 καὶ
964 1363 1178 1434 Πατρὸς
1206 1363 1425 1416 ἀναθεῖν
1449 1365 1765 1435 πρόσωπον,
1790 1367 1888 1437 τῆς

305 1463 392 1524 εἰς
419 1459 582 1513 αὑτὸν
618 1457 911 1528 γινομένης
949 1455 1170 1524 ἀγάπης
1191 1471 1250 1506 τε
1281 1455 1373 1508 καὶ
1398 1457 1561 1526 τιμῆς
1601 1457 1663 1510 16
1697 1459 1885 1526 πέρας.

312 1552 425 1606 Καὶ
467 1550 588 1620 οὐχὶ
623 1548 798 1619 δήπου
860 1547 1018 1601 τοῦτο
1045 1546 1250 1617 κυρίως
1292 1545 1440 1616 αύτῷ
1465 1547 1729 1602 δεικνύειν
1766 1567 1891 1602 σκο-

313 1643 439 1707 πὸς,
467 1643 604 1711 τάχα
636 1641 693 1694 δὲ
732 1639 932 1710 μᾶλλον
963 1639 1024 1692 16
1056 1638 1314 1701 ἐναντίως
1349 1636 1470 1708 ἔχον
1496 1639 1637 1692 κατά
1678 1639 1775 1709 τὴν
1801 1640 1886 1692 δό-

314 1734 430 1798 ξαν.
485 1734 668 1802 Ἀφεις
712 1732 842 1802 γὰρ,
889 1729 964 1794 ὡς
1013 1729 1178 1792 ἔοικε,
1205 1730 1267 1783 τὸ
1313 1730 1478 1799 φάναι
1533 1731 1880 1801 γυμνότερος),
1917 1728 1956 1781 Β

307 1827 447 1895 ὅπερ
469 1826 688 1896 εἴρηκεν
724 1825 782 1875 ὲν
805 1822 1034 1893 ἑτέροις,
1073 1821 1219 1875 τοῦτ’
1257 1820 1424 1884 ἔστιν,
1464 1841 1483 1872 ι
1531 1821 1586 1874 '0
1611 1822 1685 1892 μὴ
1714 1823 1885 1890 τιμῶν

303 1917 400 1971 τὸν
423 1916 571 1978 Υίδν,
603 1915 727 1968 οὐδὲ
767 1913 858 1967 16v
891 1913 1109 1984 Πατέρα
1142 1930 1192 1966 τι
1203 1915 1298 1984 μᾷ·
1324 1933 1342 1964 ι
1367 1913 1650 1983 κεχώρηκε
1689 1904 1886 1984 μᾶλλον

308 2010 406 2064 ἐπὶ
433 2009 496 2063 16
518 2007 912 2078 εὐφημότερον.
949 2007 1261 2077 ἐπιτρέπων
1293 2009 1404 2068 τοῖς
1433 2006 1803 2076 ἀκροωμένοις
1827 2007 1886 2059 16

307 2105 451 2156 νοεῖν
479 2104 543 2156 ὲκ
574 2100 765 2154 τούτου
822 2100 884 2152 16
915 2099 1178 2162 ἐναντίον,
1232 2099 1356 2152 ἐπεί
1410 2115 1489 2153 τοι
1534 2099 1627 2152 καὶ
1661 2098 1886 2168 ἀπειλῆς

312 2193 532 2262 μᾶλλον,
557 2192 590 2261 ἢ
617 2190 930 2263 προτροπῆς
980 2185 1048 2260 ἦν
1071 2192 1098 2243 6
1131 2189 1340 2260 καιρὸς,
1389 2189 1483 2242 ἐπὶ
1510 2189 1701 2260 θύραις
1736 2189 1887 2253 ὄντος

305 2283 405 2337 τοῦ
432 2283 803 2352 τολμήματος,
830 2282 923 2334 καὶ
956 2281 1055 2352 ἠδη
1089 2281 1470 2352 μελετωμένης
1497 2283 1595 2352 τῆς
1626 2283 1711 2334 ἐπ’
1741 2281 1888 2351 αὐτῷ

306 2372 616 2443 παροινίας·
652 2371 905 2440 βεϐλήκει
949 2369 1058 2439 γὰρ
1088 2370 1190 2440 ἤδη
1222 2369 1320 2440 τὴν
1353 2369 1544 2439 σκέψιν
1588 2373 1616 2423 6
1644 2371 1887 2433 Σατανᾶς

305 2464 392 2526 εἰς
422 2462 522 2533 τὴν
549 2460 645 2514 τοῦ
669 2461 926 2534 προδότου
951 2461 1200 2530 καρδίαν.
1228 2461 1438 2532 Ὠσπερ
1467 2461 1669 2522 τοίνυν,
1701 2461 1886 2531 φησὶν,

309 2552 422 2621 ἐμὲ
455 2551 524 2619 δὴ
551 2552 764 2614 πάντως
788 2550 950 2604 αὐτὸν
978 2551 1071 2604 καὶ
1094 2551 1192 2621 οὐχ
1219 2549 1403 2622 ἕτερον
1436 2551 1752 2617 ὑποδέξαιτό
1783 2570 1886 2616 τις,

309 2647 412 2699 τὸν
448 2647 580 2715 παρ’
616 2644 749 2714 ἐμοῦ
793 2644 1201 2716 ἀπεσταλμένον
1250 2645 1298 2697 εἰ
1333 2644 1506 2698 λάϐον
1536 2644 1707 2708 οὕτως
1744 2646 1772 2698 6
1797 2645 1888 2698 τὸν

305 2737 466 2807 παρά
497 2735 631 2789 Θεοῦ
663 2737 753 2789 καὶ
789 2735 1003 2806 Πατρὺς
1036 2735 1410 2790 ἀποσταλέντα
1441 2735 1748 2806 δεξάμενος,
1793 2737 1888 2789 αύ-

303 2829 399 2882 τὸν
427 2828 497 2882 ἂν
529 2828 756 2891 εἰκότως
791 2827 1000 2898 δέχοιτο
1032 2827 1123 2880 τὸν
1149 2827 1392 2899 Πατέρα·
1429 2827 1544 2882 ἀλλ’
1586 2828 1644 2881 ὲν
1681 2828 1890 2893 τούτοις

306 2919 410 2990 μὲν
446 2918 616 2972 αὐτοῦ
653 2920 766 2981 τοῖς
802 2920 1008 2990 ῥήμασι
1037 2917 1099 2971 16
1127 2918 1215 2972 διὰ
1243 2919 1346 2989 τῆς
1389 2919 1662 2990 εὐφημίας
1697 2920 1889 2990 δηλού-

307 3027 470 3080 μενον
498 3010 706 3064 κατίδοι
731 3028 814 3073 τις
839 3011 923 3064 ἄν.
954 3009 1277 3073 Μετατιθεὶς
1312 3009 1368 3063 δὲ
1389 3010 1450 3063 16
1475 3011 1717 3064 ἐναντίον
1751 3011 1886 3082 πρὸς

303 3101 404 3172 τὴν
428 3101 688 3171 θεωρίαν,
740 3101 837 3172 τὴν
869 3099 964 3154 τοῦ
997 3100 1260 3172 προδότου
1290 3100 1606 3154 δυσσέϐειαν
1651 3103 1752 3155 ούκ
1806 3104 1886 3164 εἰς

306 3193 470 3263 μόνον
513 3192 706 3262 ϐψεται
755 3191 1134 3247 διαϐαίνουσαν
1165 3192 1256 3246 τὸν
1301 3192 1449 3257 Υἱδν,
1494 3192 1631 3247 ἀλλά
1679 3194 1773 3248 καὶ
1807 3195 1888 3257 είς

303 3283 471 3338 αὑτὸν
500 3283 593 3336 τὸν
622 3284 860 3354 Πατέρα.
889 3283 1103 3354 Τρόπος
1140 3283 1427 3354 τοιγαροῦν
1461 3285 1691 3356 ἀπειλῆς
1728 3285 1788 3339 τὸ
1813 3286 1890 3339 εἰ·

307 3374 547 3446 ρημένον
586 3374 754 3439 ἐστὶν,
789 3374 1182 3444 εύφημοτέροις
1221 3373 1280 3426 δὲ
1313 3374 1520 3445 ῥήμασι
1565 3391 1890 3446 προκεκομι-

303 3463 528 3532 σμένος,
565 3462 837 3534 παριστάς
885 3479 945 3514 τε
1000 3461 1191 3532 ὥσπερ
1238 3461 1326 3516 διὰ
1357 3462 1467 3516 τῶν
1499 3463 1800 3534 ἀριστερῶν
1827 3463 1890 3516 16

301 3550 660 3621 δηλούμενον.
691 3551 905 3620 Ὅνπερ
953 3549 1063 3621 γὰρ
1095 3551 1300 3621 τρόπον
1353 3550 1446 3603 τὸν
1483 3550 1890 3622 ἀπεσταλμένον

303 3642 460 3712 παρά
495 3639 632 3694 Θεοῦ
664 3639 886 3710 δέξηταί
918 3659 1001 3705 τις
1040 3640 1161 3694 καθ’
1203 3641 1369 3709 ἡμᾶς,
1401 3643 1515 3705 τοῖς
1560 3644 1691 3712 παρ’
1724 3641 1888 3696 αὐτοῦ

305 3732 640 3795 συναινέσεις
699 3731 901 3798 λόγοις,
935 3733 1028 3784 καὶ
1068 3730 1160 3784 διὰ
1203 3731 1298 3784 τοῦ
1345 3731 1583 3802 τηρῆσαι
1612 3733 1674 3786 τὸ
1709 3733 1893 3787 θεσπι-

307 3823 462 3887 σθὲν,
490 3824 728 3895 τιμήσας
751 3822 841 3876 τὸν
875 3822 1298 3893 κηρυττόμενον·
1334 3824 1455 3875 κατ’
1487 3823 1672 3887 αὑτὸν,
1711 3820 1886 3892 οἶμαι,

304 3918 398 3972 τὸν
427 3917 590 3985 λόγον
633 3916 950 3982 ὑποδέξαιτό
982 3934 1067 3980 τις
1095 3915 1162 3971 ἂν
1194 3917 1286 3970 16v
1312 3915 1542 3986 Κύριον,
1572 3919 1667 3971 καὶ
1703 3917 1771 3971 δι’
1796 3919 1892 3972 αύ-

306 4007 405 4062 τοῧ
451 4009 544 4062 τὸν
577 4010 817 4080 Πατέρα,
870 4007 1142 4061 πιστεύων
1189 4009 1270 4070 είς
1313 4007 1460 4061 Υίόν.
1513 4008 1889 4080 Συνειστρέχει

309 4100 421 4170 γὰρ
467 4098 550 4169 τῷ
575 4100 877 4168 γεννήματι
906 4097 1000 4151 τοῦ
1046 4096 1296 4160 τέκοντος
1339 4098 1372 4166 ή
1415 4096 1666 4167 δήλωσις.
1703 4098 1890 4170 Ὀ’γάρ

311 4190 454 4252 ὅλως
506 4189 637 4242 Υίδν
691 4184 829 4242 εἶναι
877 4188 1176 4250 πιστεύσας
1220 4187 1404 4253 αὑτὸν,
1453 4187 1776 4259 ὁμολογήσει
1825 4187 1889 4260 δὴ

313 4281 534 4344 πάντως
570 4280 664 4334 τὸν
692 4279 957 4350 φύσαντα.
986 4279 1216 4351 Φρικτδν
1241 4275 1334 4333 οὖν
1358 4279 1467 4350 ἀρα
1503 4277 1598 4332 τοῦ
1629 4278 1888 4351 προδότου

317 4370 379 4422 τὸ
407 4373 604 4441 κρῖμα,
634 4371 729 4425 καὶ
776 4373 856 4435 εἰς
893 4370 1057 4424 αὑτὸν
1087 4369 1468 4441 ὲξυϐρίσαντος
1496 4369 1588 4423 τὸν
1613 4368 1743 4422 Θεὸν
1792 4370 1888 4424 καὶ

320 4461 538 4532 Πατέρα
567 4461 658 4515 διὰ
691 4464 788 4533 τῆς
821 4464 900 4526 είς
935 4462 1027 4514 τὸν
1058 4461 1184 4514 Υίὸν
1210 4459 1543 4524 δυσσεϐείας.
1581 4460 1652 4513 Ἣ
1683 4458 1792 4532 [ῑσ.
1815 4459 1886 4532 εἰ]

319 4551 427 4622 γάρ
478 4551 545 4605 ἂν
580 4552 912 4623 παρεδέξατο
958 4553 1054 4606 καὶ
1101 4551 1379 4622 τετίμηκε,
1423 4552 1644 4623 γνήσιον
1673 4551 1893 4616 ὑποθεὶς

322 4642 396 4696 ὡς
417 4642 613 4713 Κυρίῳ
638 4643 698 4695 τὸ
722 4643 1056 4714 φρόνημα,εί
1082 4643 1440 4714 ἀνενδοιόιστῳ
1473 4646 1540 4714 τῇ
1559 4644 1736 4698 πίστει
1761 4643 1892 4697 Θεὸν

325 4733 589 4806 ὑπαρχειν
623 4735 687 4787 ὲκ
715 4733 847 4786 Θεοῦ
875 4733 1305 4805 καθωμολόγησε
1342 4734 1431 4787 τὸν
1465 4735 1595 4788 Υίὸν
1615 4775 1630 4799 ,
1654 4735 1894 4808 αἰσχρῶν

322 4839 384 4876 τε
416 4824 718 4894 λημμάτων
748 4825 1032 4896 κρείττονα
1053 4825 1152 4897 τὴν
1177 4827 1257 4888 είς
1293 4824 1455 4878 αὐτὸν
1485 4823 1703 4896 ἀγάπην
1729 4827 1758 4878 6
1785 4825 1892 4879 δεί-

322 4910 471 4974 λαιος
491 4913 810 4982 ἐποιήσατο,
837 4913 952 4967 ἀλλ’
973 4914 1082 4968 οὐδ’
1115 4915 1198 4980 ἃν,
1223 4909 1395 4984 οἶμαι,
1419 4914 1684 4986 προδότης
1706 4913 1890 4979 ἁλοὺς,

323 5003 548 5073 ἄμεινον
577 5004 758 5075 ἑαυτῷ
789 5004 850 5058 τό
880 5006 1126 5077 μηδόλως
1157 5007 1416 5076 γενέσθαι
1445 5007 1886 5079 παρεσκεύασεν.

401 5095 592 5149 Ταῦτα
628 5094 812 5148 ειπὼν
843 5097 877 5149 ό
922 5096 1159 5164 Ἰησοῦς
1195 5098 1488 5169 ἐταράχθη
1520 5100 1601 5165 τῷ
1637 5099 1900 5168 πνεύμα-

323 5201 398 5252 τι,
440 5185 539 5238 καί
570 5184 963 5254 ἐμαρτύρησε,
997 5187 1095 5240 καί
1136 5188 1324 5242 εἶπεν·
1364 5189 1561 5258 Ἀμὴν,
1605 5188 1768 5258 ἀμὴν
1798 5189 1898 5243 λέ-

325 5296 407 5347 γω
432 5277 591 5346 ὑμῖν,
620 5276 708 5328 ὅτι
727 5272 813 5342 εἶς
839 5277 907 5342 ἐξ
933 5277 1102 5348 ὑμῶν
1125 5279 1462 5347 παραδώσει
1487 5297 1580 5350 με.

396 5369 507 5422 Καὶ
533 5368 638 5421 τίνι
673 5368 781 5422 τῶν
801 5368 969 5423 ὄντων
999 5370 1100 5423 ούκ
1138 5370 1204 5424 ἂν
1239 5371 1447 5438 γένοιτο
1477 5371 1645 5440 σαφὲς
1671 5371 1747 5436 ὠς
1773 5369 1896 5424 οὔτε

324 5459 584 5524 διανοίας,
614 5459 737 5514 οὔτε
778 5460 883 5533 μὴν
919 5461 1078 5532 λόγου
1114 5463 1147 5532 ὴ
1187 5460 1428 5534 ἡμετέρα
1463 5463 1622 5534 φύσις
1652 5464 1894 5536 εὐπορεῖ,

396 5633 443 5665 ⁸⁸
481 5633 640 5690 Joan.
677 5651 733 5701 v,
763 5634 860 5693 23-

1984 473 2136 526 quem
2195 458 2411 522 misero,
2443 473 2524 511 me
2575 456 2765 522 accipit
2803 471 2820 508 :
2855 456 2944 524 qui
2997 464 3173 510 autem
3227 473 3308 510 me
3339 460 3555 527 accipit,

1982 563 2100 602 eum
2130 549 2321 617 accipit
2354 549 2443 618 qui
2480 564 2560 602 me
2591 549 2756 603 misit.

2057 638 2358 707 Postquam
2401 640 2609 694 utiliter
2646 638 3089 708 prmmonstravit
3145 639 3384 708 seipsum
3433 655 3557 696 esse

1985 730 2293 796 Christum,
2338 732 2502 785 etiam
2557 747 2624 785 ex
2659 732 2726 786 iis
2761 747 2859 801 per
2899 747 3020 802 qua:
3074 731 3321 802 proditor
3354 732 3559 787 debac-

1984 823 2250 876 chaturus
2280 831 2428 876 esset
2459 823 2510 876 in
2539 838 2686 888 eum,
2709 823 2912 892 aliquid
2943 823 3074 876 utile
3109 838 3304 878 rursus
3334 823 3556 894 excogi-

1985 923 2067 968 tat
2095 915 2163 970 ad
2191 918 2540 969 evertendam
2581 915 2702 983 ejus
2745 916 3165 985 malignitatem,
3213 913 3375 984 idque
3409 930 3556 969 nunc

1986 1023 2182 1062 rursus
2213 1008 2505 1062 occultius.
2538 1006 2746 1078 Tegere
2781 1007 2926 1060 enim
2963 1005 3143 1059 adhuc
3163 1014 3398 1058 conatur
3420 1005 3556 1059 illud

1989 1098 2228 1162 facinus,
2264 1099 2498 1153 necdum
2532 1108 2720 1168 aperte
2749 1099 2884 1152 dicit
2910 1098 3036 1166 quis
3067 1097 3224 1167 733
3258 1114 3380 1152 eum
3410 1107 3558 1153 essvt

1987 1192 2316 1246 traditurus.
2354 1190 2622 1255 Ostendit.
2658 1189 2844 1258 igitur,
2904 1187 3070 1255 idque
3119 1187 3275 1241 valde
3345 1187 3558 1240 utiliter

1989 1299 2115 1339 cum
2149 1284 2296 1338 clara
2351 1283 2692 1342 inductione,
2747 1279 3121 1334 necessarium
3163 1294 3287 1333 esse
3327 1293 3557 1348 prorsus

1987 1375 2305 1430 dilectionis
2358 1386 2411 1430 et
2473 1373 2699 1427 honoris
2747 1373 2802 1426 in
2842 1387 2964 1426 eum
3017 1370 3248 1424 exliibiti
3282 1369 3442 1424 ﬁnem
3488 1369 3557 1422 ad

1989 1466 2085 1521 Dei
2125 1483 2189 1522 ac
2217 1466 2400 1521 Patris
2449 1480 2738 1535 personam
2779 1464 2993 1518 referri.
3022 1461 3209 1531 Neque
3241 1478 3370 1516 vero
3418 1463 3468 1516 id
3505 1462 3556 1516 ei

1989 1561 2209 1630 proprie
2263 1574 2465 1628 scopus
2514 1565 2599 1610 est
2649 1555 2964 1618 ostendere,
3009 1555 3102 1609 sed
3140 1554 3320 1623 potius
3371 1553 3557 1608 forsan

1988 1650 2353 1704 contrarium.
2382 1649 2584 1702 Nolens
2617 1647 2786 1709 enim,
2807 1657 2862 1699 ut
2896 1647 3132 1709 videtur,
3161 1653 3348 1714 aperte
3376 1645 3560 1699 dicere

1987 1742 2132 1812 quod
2189 1741 2317 1796 alibi
2365 1740 2524 1803 dixit,
2574 1755 2817 1808 nempe:
2855 1757 2873 1788 ι
2909 1737 3012 1804 Qui
3071 1753 3180 1791 non
3230 1735 3558 1790 honoriﬁcat

1989 1833 2208 1897 Filium,
2235 1847 2410 1901 neque
2441 1830 2658 1884 Patrem
2697 1829 3028 1883 honoriﬁcat
3052 1828 3128 1894 ³³,
3161 1847 3180 1880 ι
3225 1827 3290 1881 ad
3323 1827 3375 1881 id
3411 1829 3557 1896 quod

1987 1923 2176 1977 mitius
2223 1928 2344 1976 erat
2403 1936 2462 1975 se
2518 1921 2771 1984 contulit,
2805 1920 2932 1974 hinc
2981 1918 3335 1990 cogitandum
3385 1919 3558 1972 relin-

1987 2030 2164 2083 quens
2206 2013 2552 2067 auditoribus
2582 2013 2950 2073 contrarium,
2976 2011 3424 2082 quandoquidem
3457 2009 3559 2063 mi-

1986 2104 2154 2159 nandi
2197 2105 2380 2174 potius
2411 2119 2575 2174 quam
2616 2102 2950 2157 adhortandi
2987 2110 3206 2173 tempus
3246 2109 3388 2164 erat,
3422 2101 3559 2171 ipsis

1986 2211 2154 2265 prope
2182 2195 2294 2264 jam
2327 2194 2540 2249 foribus
2591 2196 2830 2248 instante
2866 2193 3093 2259 scelere,
3130 2203 3182 2247 et
3218 2193 3403 2246 animo
3443 2192 3560 2262 agi-

1985 2298 2097 2343 tata
2152 2289 2264 2358 jam
2317 2288 2371 2342 in
2408 2303 2531 2343 eum
2587 2287 2808 2341 immani
2859 2284 3228 2340 crudelitate:
3270 2283 3558 2337 consilium

1985 2380 2131 2434 enim
2149 2380 2258 2448 jam
2284 2376 2520 2432 Satanas
2544 2376 2600 2429 in
2627 2375 2927 2445 proditoris
2946 2371 3559 2439 corinjecerat.Quem—

1987 2469 2284 2523 admodum
2325 2468 2511 2537 igitur,
2551 2466 2749 2534 inquit,
2785 2479 2870 2517 me
2927 2463 3104 2532 ipsum
3142 2461 3333 2530 utique
3371 2475 3560 2515 susce-

1986 2561 2126 2632 perit
2162 2568 2215 2616 et
2259 2576 2366 2614 non
2421 2560 2613 2623 alium,
2648 2557 2742 2627 qui
2782 2569 2813 2609 a
2853 2569 2939 2610 me
2973 2554 3202 2608 missum
3259 2552 3556 2622 exceperit,

1988 2653 2068 2709 sic
2115 2653 2211 2724 qui
2260 2668 2288 2705 a
2327 2651 2490 2706 Patre
2545 2650 2773 2704 missum
2835 2645 3162 2714 susceperit,
3200 2644 3375 2713 ipsum
3432 2642 3560 2712 jure

1988 2742 2202 2797 Patrem
2241 2741 2550 2811 susceperit
2579 2758 2591 2794 :
2622 2750 2678 2792 at
2706 2739 2759 2792 in
2797 2738 2883 2793 bis
2913 2737 3036 2805 ejus
3065 2735 3252 2790 verbis
3280 2733 3418 2788 nihil
3451 2732 3560 2787 nisi

1987 2835 2270 2891 dexterum
2323 2830 2624 2902 signiﬁcari
2657 2829 2896 2883 videbis.
2939 2827 3037 2880 Sin
3085 2834 3268 2879 autem
3321 2825 3375 2877 in
3425 2839 3562 2878 con-

1989 2926 2215 2982 trarium
2256 2924 2378 2994 ejus
2405 2922 2539 2976 dicti
2568 2920 3010 2976 observationem
3035 2915 3402 2979 transtuleris,
3428 2930 3560 2984 pro-

1989 3014 2186 3070 ditoris
2229 3014 2568 3082 impietatem
2617 3025 2726 3063 non
2767 3009 2945 3063 solum
2992 3005 3212 3092 extendi
3256 3002 3470 3058 videbis
3503 3003 3559 3057 in

1992 3101 2215 3163 Filium,
2262 3098 2356 3154 sed
2405 3104 2458 3152 et
2506 3098 2564 3151 in
2617 3099 2792 3166 ipsum
2843 3094 3081 3148 Patrem.
3128 3092 3370 3146 Minandi
3427 3107 3560 3162 ergo

1989 3208 2164 3264 genus
2183 3199 2268 3248 est
2299 3191 2506 3246 dictum
2537 3190 2695 3251 illud,
2742 3187 2834 3243 sed
2870 3187 3184 3240 mitioribus
3215 3185 3397 3240 verbis
3429 3198 3560 3254 pro-

1991 3285 2200 3344 latum,
2262 3290 2318 3337 et
2371 3281 2594 3349 oblique
2662 3277 3124 3348 signiﬁcationem
3196 3275 3555 3345 detorquens.

1989 3373 2458 3441 Quemadmodum
2504 3370 2650 3426 enim
2686 3369 2917 3424 missum
2951 3381 2982 3420 a
3021 3366 3133 3422 Deo
3161 3373 3414 3420 nostrum
3455 3366 3561 3419 ali-

1988 3467 2113 3538 quis
2153 3463 2406 3534 suscipit,
2457 3466 2549 3533 qu'i
2599 3459 2948 3525 sermonibus
2995 3459 3114 3528 ejus
3161 3456 3462 3523 consentit,
3502 3466 3560 3511 et

1989 3566 2258 3630 praecepta
2290 3556 2409 3624 ejus
2455 3551 2729 3609 servando
2786 3551 3022 3604 honorat
3053 3564 3177 3604 eum
3219 3565 3381 3617 quem
3415 3546 3560 3601 Deus

1989 3648 2343 3706 commendat
2369 3665 2382 3701 :
2411 3644 2628 3706 eodem.
2659 3641 2880 3713 opinor,
2914 3639 3079 3695 modo
3112 3639 3421 3709 susceperit
3449 3635 3561 3690 Do-

1988 3742 2197 3796 minum
2243 3748 2298 3795 et
2348 3752 2448 3808 per
2501 3737 2679 3806 ipsum
2723 3735 2964 3795 Patrem,
3027 3731 3343 3801 quicunque
3383 3727 3590 3798 credit,

1991 3834 2045 3888 in
2084 3831 2307 3886 Filium.
2335 3829 2470 3883 Nam
2507 3828 2602 3898 qui
2631 3825 2832 3880 Filium
2854 3823 3014 3886 dicit,
3036 3823 3225 3892 utique
3263 3829 3318 3875 et
3342 3819 3560 3874 Patrem

1989 3923 2285 3994 signiﬁcat.
2320 3921 2424 3987 Qui
2464 3922 2611 3974 enim
2646 3917 2842 3972 Filium
2870 3932 2993 3972 esse
3023 3916 3201 3985 ipsum
3233 3913 3556 3973 crediderit.

1989 4017 2216 4072 omnino
2274 4023 2328 4068 et
2382 4011 2599 4066 Patrem
2657 4008 3034 4063 conﬁtebitur.
3081 4004 3425 4062 liorrendum
3475 4011 3563 4058 est

1989 4109 2161 4180 igitur
2196 4105 2495 4177 proditoris
2535 4101 2826 4172 judicium,
2859 4101 2950 4169 qui
2991 4113 3088 4169 per
3120 4098 3453 4166 impietatem
3501 4095 3560 4151 in

1988 4201 2187 4256 Filium
2232 4199 2287 4253 in
2319 4197 2499 4268 ipsum
2537 4209 2757 4264 quoque
2787 4191 2957 4247 Deum
2997 4204 3061 4244 ac
3093 4189 3309 4242 Patrem
3340 4193 3425 4241 est
3460 4186 3563 4238 im-

1989 4293 2136 4366 pius.
2162 4291 2296 4344 Nam
2333 4289 2380 4346 si
2412 4287 2751 4355 suscepisset
2798 4291 2854 4336 et
2900 4281 3255 4339 honorasset,
3285 4278 3560 4332 sinceram

1918 4403 1963 4459 ι)
1992 4387 2040 4443 ei
2073 4393 2333 4454 tanquam
2375 4377 2608 4433 Domino
2659 4386 2900 4429 mentem
2952 4370 3281 4436 subiiciens,
3313 4369 3358 4422 si
3397 4367 3560 4421 indu-

1990 4478 2164 4532 bitata
2221 4472 2324 4527 ﬁde
2359 4470 2532 4524 Deum
2576 4466 2643 4522 de
2692 4465 2799 4520 Deo
2847 4461 3132 4518 confessus
3162 4467 3306 4514 esset
3337 4457 3558 4519 Filium,

1987 4582 2089 4624 nec
2123 4565 2268 4634 turpi
2309 4560 2549 4632 quaestui
2585 4570 2824 4612 amorem
2862 4567 2992 4624 erga
3037 4567 3162 4605 eum
3212 4550 3380 4604 miser
3408 4557 3563 4619 post-

1991 4657 2292 4730 posuisset,
2314 4665 2681 4723 nequaquam,
2701 4647 2916 4717 opinor,
2934 4643 3260 4714 proditionis
3277 4641 3562 4696 convictus

1991 4728 2401 4810 commisisset,
2441 4752 2503 4796 ιιι
2555 4754 2626 4794 ne
2674 4745 2864 4792 natum
2917 4733 3138 4804 quidem
3188 4744 3312 4786 esse
3367 4728 3562 4783 melius

1990 4839 2156 4895 foret.

2062 5096 2316 5160 XIII,2L
2364 5094 2497 5148 Cum
2544 5092 2652 5146 hwc
2702 5089 2924 5142 dixisset
2974 5084 3154 5147 Iesus,
3201 5081 3442 5136 turbatus
3484 5086 3566 5133 est

1994 5191 2205 5260 spiritu,
2230 5196 2279 5242 et
2301 5193 2624 5254 protestatus
2652 5190 2749 5243 est,
2773 5191 2820 5234 et
2843 5179 2978 5232 dixit
3005 5193 3022 5231 :
3054 5176 3238 5238 Amen,
3266 5187 3415 5226 amen
3441 5171 3560 5225 dico

1994 5277 2289 5344 vobis,quia
2327 5291 2462 5327 unus
2494 5288 2558 5326 ex
2589 5271 2730 5325 robis
2766 5268 2937 5321 tradet
2968 5280 3068 5317 me.

2065 5365 2228 5439 735.
2268 5365 2366 5420 Cui
2424 5364 2776 5435 perspicuum
2823 5373 2932 5412 non
2977 5363 3084 5417 est,
3130 5368 3308 5423 neque
3352 5351 3564 5422 cogita-

1994 5462 2198 5525 tiones,
2227 5473 2405 5528 neque
2429 5449 2836 5510 verba-naturae
2867 5458 3068 5505 nostra:
3101 5454 3414 5519 suppetere,
3441 5445 3565 5514 qui-
