4062 6208
419 206 527 307 tas

1415 235 1454 289 S
1501 234 1542 289 C
1556 231 1783 287 YRILLI
1836 225 2309 286 ALEXANDRINI
2332 227 2650 285 ARCHIEP.

3585 227 3687 284 136

421 367 526 421 bus
573 367 696 417 tuto
747 363 801 412 et
852 354 993 411 citra
1047 367 1211 409 casus
1268 350 1578 421 periculum
1618 361 1742 419 quae
1796 355 2008 402 natura:

2145 346 2177 398 t'
2208 338 2282 399 ὧν
2311 345 2378 399 ἂν
2408 345 2624 399 δύναιτο
2667 348 2848 416 τυχεῖν
2889 344 3236 415 ἀνεγκλήτως
3290 361 3350 398 τε
3393 340 3490 397 καὶ
3532 344 3688 400 ἀδια-

416 453 623 512 divina:
643 449 868 523 propria
893 456 1027 502 sunt
1051 447 1234 515 eloqui
1261 442 1477 515 possit?
1499 441 1712 497 idcirco
1732 438 1855 510 ejus
1888 453 2005 494 ser-

420 545 684 602 monibus
716 540 971 597 subsidio
1001 552 1144 609 opus
1173 546 1278 603 est,
1324 535 1390 591 ad
1438 533 1768 589 mediocrem
1809 546 2001 586 eorum

421 654 547 710 quae
601 643 839 691 mentem
892 640 1162 702 superant
1219 627 1671 699 explicationem.
1718 621 2008 689 Quomodo

423 733 572 789 enim
608 731 758 785 clare
792 727 1002 799 aliquid
1045 728 1355 795 eloquetur,
1387 720 1536 792 quod
1582 719 1756 789 ipsam
1786 728 2009 786 quoque

424 825 824 895 cogitationem
847 829 1100 875 nostram
1134 814 1387 873 excedit?
1414 811 1647 883 Oportet
1675 809 1844 881 igitur
1882 823 2009 872 nos,

427 916 727 972 verborum
775 913 1148 967 humanorum
1189 904 1448 962 crassitie
1478 903 1629 958 velut
1651 900 1902 969 exemplo
1947 914 2013 954 ac

432 1018 560 1082 typo
593 1005 1017 1076 conceptionum
1071 1000 1274 1056 mentis
1310 1004 1595 1066 suscepta.
1625 992 1696 1048 ad
1734 993 1860 1048 illas
1895 991 2014 1047 dei-

432 1101 562 1155 tatis
593 1097 988 1169 proprietates,
1020 1091 1202 1163 quoad
1239 1092 1292 1144 in
1329 1089 1493 1144 nobis
1542 1093 1650 1149 est,
1686 1083 2012 1154 procedere.

431 1190 775 1248 Gravissime
799 1188 987 1256 itaque
1019 1185 1166 1239 Deus
1191 1189 1494 1253 peccantes
1519 1180 1724 1250 arguit,
1747 1192 1812 1231 ac
1843 1177 2015 1232 vehe-

436 1283 603 1339 menti
654 1280 782 1335 mali
829 1278 960 1333 odio
1013 1282 1271 1330 movetur
1311 1275 1366 1327 in
1437 1286 1535 1326 eos
1590 1284 1730 1340 quos
1779 1269 1850 1323 ab
1898 1268 2019 1337 ipso

435 1372 683 1428 damnari
735 1367 1066 1439 contigerit,
1106 1365 1240 1420 licet
1301 1364 1428 1435 plus
1466 1376 1635 1432 quam
1695 1360 1808 1415 dici
1855 1367 2021 1429 queat

436 1463 682 1517 clemens
730 1460 803 1514 sit
852 1472 917 1511 ac
957 1457 1208 1512 tolerans
1256 1455 1553 1510 malorum.
1589 1451 1822 1519 Quando
1852 1450 2022 1519 igitur

437 1554 621 1608 divina
646 1551 938 1621 Scriptura
975 1554 1187 1602 motum
1222 1546 1365 1615 ejus.
1400 1553 1462 1599 ut
1492 1545 1566 1599 ita
1606 1544 1809 1609 dicam,
1850 1543 2024 1614 signi-

2107 437 2336 502 πτώτως
2365 440 2541 492 εἰπεῖν
2577 438 2645 491 τά
2679 438 2779 508 τῆς
2812 437 2964 501 θείας
2991 455 3051 491 τε
3082 438 3179 490 καὶ
3198 436 3441 508 ἀρρήτου
3475 434 3690 505 φύσεως

2110 528 2217 583 ἰδια
2239 546 2253 595 ;
2277 528 2376 582 Διά
2396 528 2556 582 τοῦτο
2581 531 2692 592 τοῖς
2727 529 2850 581 καθ’
2881 528 3080 599 ἑαυτὴν
3118 528 3471 597 ὑπηρετεῖται
3510 526 3691 595 λόγοις

2110 619 2247 690 πρὸς
2276 617 2505 689 μετρίαν
2532 616 2793 688 ἐξήγησιν
2822 616 2931 670 τῶν
2969 617 3110 690 ὑπὲρ
3163 616 3309 670 νοῦν.
3344 616 3467 679 Πῶς
3495 615 3605 685 γὰρ
3625 614 3694 670 ἀν

2109 729 2164 765 τι
2194 711 2288 766 καὶ
2313 710 2517 782 φράσαι
2546 710 2755 779 σαφῶς,
2778 710 2806 763 ὃ
2835 710 2929 763 καὶ
2950 711 3119 782 αὐτὴν
3150 712 3182 781 ἡ
3193 707 3307 780 μῶν
3339 706 3694 780 ύπερανίσχει

2111 807 2210 876 τὴν
2249 805 2492 867 ἐννοιανς
2526 806 2619 858 Δεῖ
2643 800 2931 873 τοιγαροῦν
2962 802 3133 873 ἡμᾶς,
3173 799 3425 872 καθάπερ
3450 798 3574 854 τινά
3600 801 3699 854 τύ-

2115 918 2217 954 πον
2247 899 2356 953 τῶν
2388 898 2677 970 νοημάτων
2713 897 2813 968 τὴν
2862 894 2970 949 τῶν
3020 893 3376 966 ἀνθρωπίνων
3432 890 3696 964 ῥημάτων

2117 992 2406 1064 παχύτητα
2437 991 2783 1062 δεχομένους,
2810 991 2898 1043 ἐπ’
2926 989 3065 1043 αὐτὰ
3100 987 3395 1060 πειρᾶσθαι
3436 983 3696 1058 βαδίζειν,

2117 1086 2262 1141 κατά
2293 1102 2357 1152 γε
2398 1084 2491 1140 τὸν
2520 1082 2865 1155 ἐγχωροῦντα
2906 1082 3130 1152 τρόπον,
3162 1081 3237 1136 τὰ
3293 1079 3394 1149 τῆς
3445 1079 3700 1152 θεότητος

2120 1176 2246 1230 ἴδια.
2286 1174 2467 1229 Δεινὸν
2520 1172 2810 1245 τοιγαροῦν
2867 1172 2946 1234 εἰς
2994 1171 3251 1241 ἐλέγχους
3289 1170 3352 1225 τὸ
3380 1169 3555 1235 Θεῖον,
3601 1170 3703 1224 καὶ

2119 1268 2345 1340 ἀκράτῳ
2381 1265 2747 1338 μισοπονηρίᾳ
2794 1263 3135 1335 κινούμενον,
3181 1262 3305 1318 καθ’
3337 1256 3413 1316 ὧν
3446 1262 3512 1341 ἀν
3541 1261 3703 1317 τοῦτο

2120 1360 2376 1431 γενέσθαι
2409 1359 2610 1431 πρέποι
2638 1358 2803 1429 ψήφῳ
2855 1359 2923 1427 τῇ
2970 1356 3103 1427 παρ’
3123 1354 3316 1419 αὐτοῦ,
3340 1356 3389 1408 εἰ
3424 1354 3520 1409 καὶ
3559 1354 3702 1427 ὑπὲρ

2121 1454 2279 1521 λόγον
2308 1450 2639 1517 ἀνεξικακεῖ.
2673 1450 2846 1503 Ὅταν
2877 1443 2969 1502 οὖν
2996 1450 3029 1518 ἡ
3059 1446 3179 1501 θεία
3218 1446 3408 1519 Γραφὴ
3454 1462 3701 1517 καταση-

2127 1545 2293 1616 μῆναι
2326 1541 2580 1619 βούληται
2603 1540 2665 1594 τὺ
2696 1539 2836 1594 κατὰ
2858 1540 2969 1593 τῶν
2997 1540 3403 1595 δυσσεϐούντων
3424 1540 3588 1595 οἱονεὶ
3620 1539 3704 1595 κί-

445 1647 613 1700 ﬁcare
677 1643 795 1697 vult
854 1640 1126 1695 adversus
1187 1638 1407 1708 impios,
1451 1651 1652 1692 rursus
1712 1634 1922 1691 nostris
1970 1641 2024 1690 et

2138 1651 2294 1704 νημα,
2320 1633 2481 1686 πάλιν
2503 1633 2567 1685 ἐκ
2598 1631 2707 1684 τῶν
2738 1630 2859 1684 καθ’
2884 1632 3033 1702 ἡμᾶς
3063 1630 3441 1702 λαμϐάνουσα,
3474 1632 3704 1697 καὶτοῖς

440 1735 698 1791 humanis
732 1743 899 1790 utens
935 1731 1248 1799 vocabulis,
1289 1731 1430 1785 iram
1464 1736 1520 1784 et
1554 1729 1797 1785 furorem
1832 1727 2022 1799 appel-

2138 1724 2489 1797 ivOpwrtlvou;
2521 1723 2954 1795 ἀποχρησαμένη
2985 1722 3246 1793 ῥήμασιν,
3291 1722 3459 1794 ὀργὴν
3500 1724 3704 1795 ὀνομά-

442 1829 541 1890 lat,
578 1825 837 1897 quamvis
869 1824 924 1879 in
959 1824 1205 1879 divinam
1239 1821 1612 1878 substantiam
1651 1820 1803 1875 nulla
1830 1820 2024 1875 istius—

446 1916 597 1971 modi
632 1913 972 1986 perturbatio
1022 1912 1206 1976 cadat,
1236 1910 1332 1967 sed
1396 1908 1777 1979 indignatione
1814 1916 2027 1963 tantum

447 2017 754 2074 moveatur,
787 2022 901 2077 quo
939 2006 1103 2061 modo
1139 2003 1317 2069 novit,
1350 2012 1407 2058 et
1439 2018 1468 2056 a
1509 2010 1709 2056 natura
1743 2015 1844 2057 sua
1871 2014 2026 2056 com—

447 2105 635 2170 parata
674 2107 759 2154 est
786 2116 800 2154 :
826 2113 1029 2153 arcana
1057 2097 1260 2167 quippe
1304 2103 1360 2150 et
1391 2094 1609 2149 occulta
1636 2101 1768 2149 sunt
1795 2108 2028 2163 prorsus

447 2206 570 2262 qua:
595 2189 664 2246 de
694 2188 828 2254 Deo,
854 2188 952 2245 sed
974 2203 1043 2243 ex
1066 2189 1280 2243 nostris
1306 2186 1575 2249 moribus,
1605 2191 1666 2238 ut
1698 2184 1860 2239 modo
1882 2184 2030 2239 dixi-

450 2298 599 2351 mus,
648 2282 940 2353 Scriptura
1001 2280 1191 2335 divina
1250 2279 1393 2335 solet
1438 2278 1716 2348 explicare
1757 2292 1881 2347 qua:
1930 2292 2031 2333 nos

449 2372 747 2428 excedunt.
788 2371 1094 2426 Turbalum
1149 2370 1320 2440 igitur
1356 2368 1558 2438 spiritu
1593 2368 1876 2426 Christum
1923 2368 2034 2423 hoc

452 2466 577 2520 loco
634 2464 834 2520 beatus
879 2462 1221 2533 evangelista
1272 2467 1543 2529 testatur,
1586 2470 1796 2516 motum
1835 2475 2035 2531 nempe

453 2557 586 2621 odii,
612 2571 721 2627 quo
745 2555 977 2625 spiritus
1002 2552 1123 2623 ejus
1157 2551 1362 2606 malum
1394 2552 1779 2617 aversabatur,
1807 2559 2035 2620 pertur-

453 2649 732 2705 bationem
764 2664 973 2704 vocans
1000 2664 1015 2701 :
1045 2660 1149 2701 nec
1179 2644 1328 2700 enim
1359 2643 1523 2698 aliter
1562 2641 1711 2698 istud
1737 2642 1891 2698 eil‘ari
1932 2658 2036 2712 po-

457 2750 618 2797 terat.
653 2739 936 2795 Credibile
984 2745 1171 2792 autem
1209 2744 1298 2792 est
1344 2735 1515 2790 etiam
1555 2738 1802 2800 carnem,
1831 2733 2036 2788 divini-

456 2833 589 2887 tatis
635 2831 954 2885 -motionem
1019 2828 1252 2882 minime
1317 2827 1721 2892 sustinentem,
1781 2825 2038 2880 nonnihil

458 2922 842 2985 exhorruisse,
893 2928 948 2974 et
1001 2917 1440 2989 perturbationis
1491 2916 1733 2987 Speciem
1790 2914 2036 2981 dedisse,

461 3023 628 3086 atque
691 3014 789 3069 iraa
853 3015 1079 3082 signum
1155 3010 1503 3077 ostendisse,
1566 3005 2038 3079 quemadmodum

464 3123 659 3178 nempe
703 3116 758 3162 et
798 3104 866 3161 de
899 3104 1110 3159 Lazaro
1159 3103 1428 3173 scriptum
1470 3109 1576 3163 est,
1611 3098 1799 3155 Jesum
1829 3114 1954 3155 cum
1984 3098 2040 3152 in

464 3200 651 3271 seipso
674 3198 1061 3253 infremuisset
1093 3196 1151 3250 in
1183 3202 1604 3249 monumentum
1634 3194 1942 3263 ingressum
1972 3190 2039 3246 “.

467 3293 622 3347 Sicut
661 3290 807 3345 enim
855 3288 971 3344 illic
1015 3303 1211 3359 graves
1271 3289 1450 3343 minas
1500 3287 1766 3342 adversus
1812 3293 2045 3338 mortem

469 3381 744 3436 fremitum
784 3379 1105 3448 appellavit,
1145 3377 1225 3430 ita
1248 3376 1338 3431 hic
1388 3383 1601 3430 motum
1633 3374 1898 3429 adversus
1938 3372 2045 3425 im-

470 3472 617 3542 pium
667 3468 1009 3539 proditorem
1074 3464 1414 3520 turbationis
1465 3464 1691 3518 nomine
1742 3461 2045 3516 denotavit.

470 3560 749 3615 Turbatus
783 3567 867 3614 est
897 3565 1083 3611 autem
1125 3558 1253 3626 jure
1287 3554 1507 3619 merito,
1545 3553 1870 3623 indignatus
1897 3550 2050 3606 Iudae

471 3651 912 3723 perversitatem.
956 3645 1101 3713 Quid
1145 3647 1296 3702 enim
1345 3646 1500 3701 illius
1537 3645 1826 3717 impietate
1871 3646 2051 3713 majus

362 3790 373 3799 .
471 3745 578 3800 dici
621 3751 824 3815 potest.
854 3741 953 3812 qui
987 3754 1095 3795 una
1122 3754 1250 3795 cum
1280 3738 1405 3794 aliis
1436 3737 1728 3809 discipulis
1762 3738 2053 3793 immensis

475 3836 707 3893 affectus
734 3834 1063 3898 honoribus,
1086 3841 1141 3887 et
1168 3831 1317 3886 inter
1354 3831 1563 3886 electos
1595 3831 1903 3886 collocatus
1936 3832 2055 3886 exi-

476 3942 582 3997 gua
614 3925 905 3998 pecuniola
935 3924 1290 3979 dilectionem
1321 3937 1452 3991 erga
1484 3921 1770 3977 Christum
1806 3938 2053 3978 commu-

479 4019 633 4086 tavit,
663 4027 718 4073 et
749 4017 842 4089 qui
885 4016 1017 4071 dum
1062 4030 1262 4087 panem
1308 4016 1430 4086 ejus
1461 4013 1847 4084 manducaret,
1874 4016 2055 4070 calca-

480 4126 641 4166 neum
680 4110 735 4164 in
781 4125 907 4165 eum
946 4107 1166 4173 levavit,
1194 4122 1304 4163 non
1343 4107 1632 4171 honorem,
1656 4123 1768 4162 non
1801 4107 2053 4176 gloriam,

480 4218 588 4257 non
620 4200 937 4256 dilectionis
965 4199 1158 4270 legero,
1191 4215 1304 4254 non
1334 4199 1580 4254 debitum
1638 4198 1690 4254 ei
1726 4207 1916 4267 utpote
1947 4196 2057 4251 Deo

481 4296 718 4360 cultum,
766 4308 874 4347 non
908 4292 1130 4361 quidvis
1161 4291 1309 4346 aliud
1342 4289 1661 4360 hujusmodi
1693 4289 1836 4361 apud
1874 4304 1935 4344 se
1969 4304 2055 4342 re-

2124 1820 2206 1884 ζει
2230 1818 2323 1871 καὶ
2352 1816 2543 1887 θυμὸν,
2572 1814 2749 1869 καίτοι
2777 1815 2877 1885 τῆς
2910 1812 3060 1878 Θείας
3085 1814 3275 1879 οὐσίας
3303 1815 3424 1868 καθ’
3453 1816 3707 1887 όμοιότηο

2123 1932 2193 1969 τα
2250 1912 2348 1985 τὴν
2408 1910 2566 1983 ἡμῶν
2615 1910 2725 1965 τῶν
2782 1908 3039 1963 τοιούτων
3093 1910 3280 1964 παθῶν
3331 1912 3707 1982 ὑπομενούσης

2126 2008 2297 2070 οὐδὲν,
2331 2006 2658 2076 κινουμένης
2689 2003 2747 2057 δὲ
2775 2003 2934 2075 μόνον
2970 2005 3051 2068 εἰς
3081 2004 3475 2075 ἀγανάκτησιν,
3497 2003 3573 2069 ὡς
3597 2000 3708 2058 οἶδέ

2127 2118 2186 2154 τε
2236 2100 2330 2153 καὶ
2376 2098 2620 2165 πέφυκεν
2649 2095 2810 2166 αὐτή·
2860 2096 3140 2160 παντελῶς
3182 2100 3291 2167 γάρ
3320 2098 3607 2170 ἀπόρρητα
3639 2096 3709 2151 τά

2129 2192 2260 2264 περί⁵
2305 2190 2476 2243 Θεοῦ·
2507 2189 2615 2242 ἀπὸ
2666 2190 2725 2242 δὲ
2773 2189 2882 2242 τῶν
2931 2188 3214 2261 ἡμετέρων
3251 2189 3409 2254 ἐθῶν,
3450 2189 3709 2261 καθάπερ

2130 2282 2333 2356 ἀρτίως
2372 2282 2696 2353 εἰρήκαμεν,
2738 2281 2805 2334 τὰ
2833 2280 2972 2352 ὑπὲρ
3014 2282 3164 2352 ἡμᾶς
3186 2281 3556 2351 καταγράφειν
3585 2281 3709 2347 ἔθος

2132 2380 2196 2448 τῇ
2231 2374 2351 2445 θείᾳ
2373 2374 2588 2446 Γραφῇ.
2616 2373 2962 2444 Τεταράχθαι
2998 2372 3286 2444 τοιγαροῦν
3328 2373 3555 2428 κάνθάδε
3599 2391 3711 2443 φη-

2136 2468 2219 2521 σὶν
2252 2470 2281 2521 ό
2311 2464 2597 2530 θεσπέσιος
2630 2464 3020 2535 εὐαγγελιστὴς
3046 2465 3138 2519 τὸν
3170 2465 3407 2536 Χριστὸν
3434 2464 3513 2535 τῷ
3548 2466 3713 2519 πνεύ-

2139 2576 2289 2629 ματι,
2319 2557 2380 2611 τὸ
2420 2556 2715 2628 μισόκακον
2743 2553 2841 2608 τοῦ
2872 2555 3182 2625 πνεύματος
3219 2554 3429 2626 κίνημα
3467 2555 3713 2627 ταραχὴν

2134 2650 2426 2720 όνόμασας·
2486 2648 2546 2701 ού
2605 2646 2711 2720 γὰρ
2759 2642 2848 2717 ἦν,
2900 2647 2977 2710 ὡς
3024 2646 3219 2711 ἔοικεν,
3275 2647 3479 2720 ἑτέρως
3514 2649 3710 2703 εἰπεῖν.

2135 2742 2298 2805 Εἰκὸς
2329 2741 2385 2795 δὲ
2421 2741 2591 2811 δήπου
2646 2740 2741 2794 καὶ
2787 2740 2888 2811 τὴν
2928 2740 3027 2809 τῆς
3057 2739 3310 2811 θεότητος
3346 2740 3563 2811 κίνησιν
3615 2740 3717 2793 οὐκ

2139 2835 2469 2903 ἐνέγκουσαν
2506 2831 2607 2904 τὴν
2638 2831 2819 2902 σάρκα
2871 2831 3043 2903 βραχύ
3068 2850 3122 2885 τι
3150 2832 3243 2885 καὶ
3279 2833 3594 2903 ὑποφρίξαι,
3622 2834 3719 2888 καὶ

2140 2923 2370 2996 θορύϐου
2402 2923 2589 2994 σχῆμα
2614 2922 2828 2988 παθεῖν,
2849 2924 2945 2977 καὶ
2971 2926 3195 2995 σημεῖον
3224 2924 3398 2995 ὀργῆς
3426 2925 3717 2989 ἐπιδεῖξαι,

2067 3056 2110 3114 c
2143 3016 2395 3114 καθάπερ
2422 3012 2514 3070 οῦν
2541 3015 2734 3114 ἀμέλει
2757 3015 2861 3114 Erat
2890 3015 2984 3069 ἐπὶ
3009 3015 3245 3114 Λαςάρῳ
3271 3016 3601 3087 γέγραπται,
3634 3016 3720 3068 ὅτι

2142 3105 2567 3178 ἐμϐριμώμενος
2615 3106 2795 3176 ἐαυτῷ
2855 3108 2884 3158 ό
2941 3104 3147 3177 Ἰησοῦς
3199 3107 3281 3169 εἰς
3338 3106 3401 3159 τὸ
3456 3106 3721 3176 μνημεῖον

2143 3196 2470 3262 ἐνεϐάδιζεν.
2504 3198 2712 3268 Ὄνπερ
2738 3197 2848 3268 γὰρ
2878 3198 3079 3269 τρόπον
3107 3200 3163 3250 ἐν
3188 3198 3417 3262 ἐκείνοις
3446 3199 3546 3270 τὴν
3577 3196 3722 3252 κατά

2144 3285 2237 3341 τοῦ
2263 3286 2492 3340 θανάτου
2514 3287 2763 3358 δριμεῖαν
2794 3287 3018 3357 ἀπειλὴν
3047 3287 3381 3359 ἐμϐρίμησιν
3407 3289 3533 3360 ἔφη,
3579 3288 3724 3341 οὕτω

2146 3378 2378 3434 κάνθάδε
2436 3378 2499 3432 τὸ
2539 3378 2684 3432 κατά
2728 3378 2823 3432 τοῦ
2863 3379 3159 3445 δυσσεϐοῦς
3216 3381 3476 3454 προδότου
3514 3382 3725 3452 κίνημα

2148 3469 2227 3541 τῷ
2262 3470 2362 3541 τῆς
2389 3470 2638 3540 ταραχῆς
2675 3469 2901 3539 ὀνόματι
2948 3472 3369 3542 κατεσήμαινεν.
3415 3472 3724 3543 Ἐταράχθη

2148 3561 2206 3615 δὲ
2231 3560 2478 3624 εἰκότως,
2505 3560 2600 3612 ἐπὶ
2624 3562 2747 3624 ταῖς
2787 3560 2957 3614 Ἰούδα
2995 3560 3349 3633 δυστροπίαις
3379 3565 3723 3632 ἀγανακτῶν.

2150 3651 2216 3709 Τί
2255 3652 2363 3723 γὰρ
2395 3651 2461 3705 ἂν
2487 3652 2699 3720 γένοιτο
2725 3653 2825 3722 τῆς
2849 3652 3060 3705 ἐκείνου
3080 3653 3394 3718 δυσσεϐείας
3426 3655 3488 3708 τὸ
3508 3656 3727 3709 ἐπέκει-

2150 3763 2239 3813 να,
2263 3747 2363 3800 όσα
2391 3762 2455 3814 γε
2476 3748 2589 3808 τοῖς
2620 3744 2803 3809 ἄλλοις
2831 3746 2890 3798 ἐν
2925 3747 3027 3816 ῐσῳ
3058 3746 3327 3817 μαθηταῖς
3365 3747 3729 3817 τετιμημένος

2151 3855 2212 3892 τε
2237 3837 2551 3909 ὑπερφυῶς,
2578 3837 2673 3890 καί¹
2709 3837 2767 3889 ἐν
2807 3838 2919 3899 τοῖς
2957 3837 3274 3902 ἀπολέκτοις
3313 3842 3730 3909 κατατεταγμέ-

2154 3945 2264 3992 νος,
2328 3928 2493 4000 ὀλίγῳ
2548 3929 2796 4000 ἀργυρίῳ
2856 3929 3137 3993 παντελῶς
3203 3930 3303 4001 τὴν
3354 3932 3435 3995 εἰς
3496 3931 3733 4002 Χριστὸν

2156 4021 2377 4089 ἀγάπην
2403 4019 2692 4088 ἠλλάξατο,
2725 4020 2821 4074 καὶ
2854 4021 3051 4074 ἐσθίων
3090 4020 3185 4075 τὸν
3214 4021 3377 4093 ἄρτον
3425 4020 3589 4075 αὑτοῦ
3631 4021 3732 4094 τὴν

2159 4112 2396 4183 πτέρναν
2429 4112 2655 4183 ἐπῆρεν,
2691 4113 2752 4166 οὐ
2772 4113 2960 4185 τιμὴν,
2995 4115 3058 4167 ού
3087 4113 3265 4179 δόξαν,
3290 4116 3352 4168 οὐ
3381 4115 3481 4181 τῆς
3508 4114 3734 4182 ἀγάπης

2157 4203 2248 4256 τὸν
2282 4203 2464 4272 νόμον,
2504 4203 2566 4256 ού
2599 4204 2660 4256 τὸ
2696 4203 3138 4275 χρεωστούμενον
3166 4206 3240 4269 ὡς
3274 4205 3392 4275 Θεῷ
3424 4205 3606 4269 σέϐας.
3633 4206 3734 4276 οὐχ

2160 4294 2344 4364 ἕτερόν
2385 4311 2437 4347 τι
2468 4293 2576 4347 τῶν
2609 4297 2691 4358 εἰς
2714 4295 2876 4348 αὑτὸν
2916 4295 3221 4366 γενομένων
3250 4296 3732 4365 ὑπολογισάμενος,

484 4398 709 4457 putans,
748 4385 843 4440 sed
894 4385 961 4438 ad
1006 4383 1323 4439 Judaeorum
1370 4382 1745 4437 exsecrabiles
1797 4381 2038 4436 denario:

2164 4388 2243 4450 εἰς
2271 4385 2406 4456 μόνα
2434 4386 2490 4439 δὲ
2520 4386 2732 4456 βλέπων
2768 4387 2837 4439 τὰ
2864 4388 3022 4457 παρά
3059 4386 3170 4441 τῶν
3206 4386 3474 4440 Ἰουδαίων
3514 4385 3738 4456 μυσαρὰ

486 4484 753 4531 duntaxat
813 4474 975 4546 735
1028 4474 1370 4543 respiciens,
1420 4480 1479 4528 et
1535 4474 1751 4543 exiguis
1816 4474 2038 4528 nummi:

2161 4476 2410 4547 δηνάρια,
2441 4476 2534 4529 καί¹
2565 4474 2759 4544 ὀλίγων
2800 4477 3077 4547 ἀργυρίων
3132 4475 3324 4546 κομιδῇ
3383 4476 3484 4546 τὴν
3538 4475 3736 4528 ἑαυτοῦ

488 4581 645 4623 suam
673 4566 919 4621 vendens
954 4564 1221 4626 animam,
1252 4565 1714 4633 innocentemque
1745 4578 1809 4617 ac
1846 4564 2061 4634 justum

488 4656 809 4727 Sanguinem
848 4652 1256 4707 homicidarum
1324 4650 1582 4706 manibus
1634 4651 1878 4708 tradens.
1926 4651 2057 4707 Grao

489 4760 711 4802 ussnua
732 4746 917 4815 itaque
943 4759 1043 4799 cur
1074 4744 1329 4798 turbatus
1356 4743 1429 4799 sit
1465 4758 1634 4798 causa
1660 4752 1769 4799 est.
1800 4741 2064 4815 Sequitur

491 4850 673 4894 autent
700 4840 844 4894 acris
874 4839 1256 4908 reprehensio,
1298 4838 1368 4892 ad
1405 4838 1571 4893 unius
1610 4838 1829 4907 quidem
1859 4855 1890 4894 e
1920 4840 2060 4895 duo-

490 4933 668 4987 decim
701 4945 990 5002 personam
1026 4928 1364 5000 singularem
1399 4930 1701 4999 pertinens,
1737 4930 1832 4984 sed
1880 4937 2063 4986 tamen

492 5024 616 5079 aliis
681 5032 884 5078 metum
957 5020 1340 5076 vehementem
1408 5021 1699 5091 injiciens,
1756 5030 1808 5076 et
1860 5023 2066 5093 cuique

490 5115 649 5183 quasi
689 5114 1015 5185 praecipiens
1033 5120 1092 5167 ut
1118 5128 1234 5168 suae
1274 5113 1471 5167 animm
1495 5114 1772 5180 consulat,
1821 5130 1889 5170 ne
1926 5114 2067 5169 forte

498 5220 590 5273 per
649 5206 916 5259 desidiam
975 5212 1090 5259 tam
1154 5203 1372 5260 infestis
1436 5206 1654 5275 laqueis
1717 5207 2063 5272 involvatur,

494 5302 550 5348 et
589 5294 911 5350 acerbitatis
962 5294 1254 5349 diabolica:
1296 5296 1478 5364 praeda
1514 5295 1629 5351 ﬁat.
1681 5295 1846 5351 Utilis
1901 5298 2069 5368 igitur

494 5395 580 5441 est
623 5386 1115 5456 reprehensionum
1150 5387 1236 5443 vis
1274 5397 1330 5444 et
1362 5390 1528 5454 ratio,
1558 5404 1722 5459 quam
1775 5389 1934 5443 nilnli
1990 5388 2070 5443 fa-

495 5475 650 5531 ciens
697 5475 999 5547 proditoris
1038 5479 1276 5545 animus,
1310 5480 1363 5534 in
1414 5465 1695 5553 proposito
1741 5496 1847 5536 suo
1894 5482 2065 5537 ban‘c-

568 5654 616 5690 "'
649 5652 808 5712 Joan.
843 5669 929 5721 xl,
964 5655 1052 5711 58.

2160 4569 2418 4638 πωλήσας
2443 4565 2641 4637 ψυχὴν,
2673 4566 2767 4619 καί
2796 4567 2858 4619 τὸ
2889 4566 3067 4637 ἀθῷόν
3108 4583 3166 4619 τε
3209 4568 3303 4620 καί
3332 4567 3539 4621 δίκαιον
3571 4560 3734 4635 αἷμα,

2159 4661 2279 4722 ταῖς
2314 4658 2424 4711 τῶν
2470 4656 2875 4730 μιαιφονώντων
2906 4658 3094 4728 χερσὶν
3123 4660 3587 4729 ἐγχειρισάμενος.
3630 4658 3740 4711 E5-

2160 4749 2443 4820 λογωτάτη
2479 4748 2767 4820 τοιγαροῦν
2823 4749 2857 4819 ὴ
2914 4747 3006 4802 τοῦ
3054 4750 3383 4820 τεταράχθαι
3442 4749 3735 4820 πρόφασις.

2175 4841 2562 4895 Ἐπακολουθεῖ
2614 4840 2671 4893 δὲ
2721 4840 2919 4910 δριμὺς
2967 4842 2995 4892 ό
3037 4840 3275 4910 ἔλεγχος,
3323 4839 3466 4894 οὕτω
3522 4841 3622 4911 μὲν
3658 4843 3741 4905 εἰς

2160 4934 2450 5005 πρόσωπον
2488 4930 2672 4994 ἰδικῶς
2709 4931 2771 4984 τὸ
2813 4931 2930 4993 ἐνὸς
2959 4931 3066 4983 τῶν
3096 4930 3323 4994 δώδεκα,
3358 4932 3645 5004 περιιστάς
3674 4949 3740 5001 γε

2165 5025 2271 5095 μὴν
2300 5025 2379 5086 εἰς
2408 5023 2602 5093 μόνους
2649 5023 2849 5085 αὐτοὺς
2876 5021 2937 5075 τὸ
2972 5021 3115 5075 οὕτω
3148 5022 3582 5094 φρικωδέστατον
3606 5040 3743 5078 κατ-

2163 5115 2440 5187 ηγόρημα,
2468 5114 2564 5167 καὶ
2594 5114 2878 5184 μονονουχὶ
2917 5115 3361 5185 παρεγγυόμενος
3383 5114 3491 5167 τῶν
3525 5115 3761 5186 ἀκροῶ-δ
3808 5160 3817 5167 .

2169 5206 2346 5276 μένων
2372 5205 2586 5276 ἑκάστῳ
2613 5204 2710 5275 τὴν
2740 5205 2873 5258 ἰδίαν
2901 5205 3133 5276 φυλάξαι
3162 5205 3360 5276 ψυχὴν,
3393 5207 3467 5276 μὴ
3493 5206 3599 5276 ἄρα
3625 5223 3745 5271 πως

2166 5300 2231 5351 ἐκ
2259 5298 2531 5370 ῥᾳθυμίας
2563 5300 2676 5361 τοῖς
2694 5296 2837 5351 οὕτω
2863 5299 3050 5362 δεινοῖς
3078 5298 3354 5365 άλὼσηται
3387 5297 3622 5369 βρόχοις,
3650 5298 3747 5352 καὶ

2167 5390 2265 5460 τῆς
2318 5388 2410 5443 τοῦ
2467 5387 2715 5443 διαϐόλου
2762 5390 2986 5459 πικρίας
3038 5388 3209 5457 γλυκὺ
3250 5391 3463 5457 γένοιτο
3494 5391 3743 5461 θήραμα.

2177 5479 2494 5551 Ἐπωφελὴς
2523 5476 2616 5534 οὖν
2647 5480 2755 5553 ἄρα
2776 5481 2885 5534 τῶν
2918 5480 3152 5552 ἐλέγχων
3183 5482 3213 5552 ἡ
3255 5481 3499 5552 δύναμις,
3524 5481 3589 5553 ῆν
3614 5481 3749 5549 παρ’
