4062 6208
291 377 396 434 I57

1355 377 1420 432 IN
1455 377 1744 432 JOANNIS
1768 374 2217 431 EVANGELIUM
2257 372 2384 428 LIB.
2424 372 2512 426 LX.

3437 365 3542 425 158

282 493 438 548 οὐδὲν
493 493 859 563 ποιησάμενος
913 490 1007 546 τοῦ
1058 491 1348 564 προδόντος
1397 496 1426 547 ὁ
1467 492 1610 557 νοῦς,
1653 493 1760 545 τῶν
1790 492 1860 545 ol-

1970 490 2080 544 bat.
2106 487 2298 558 Magna
2334 489 2520 555 itaque
2549 499 2672 540 cum
2708 483 2956 553 emphasi
2986 483 3249 538 Christus
3284 502 3298 538 :
3335 503 3354 536 ι
3389 483 3540 540 Unus

283 586 449 638 κείων
479 586 656 652 εἴχετο
685 584 1136 655 σπουδασμὰτων.
1169 584 1655 654 Ἐμφαντικώτατα
1683 583 1862 636 τοίνυν

280 677 311 728 δ
339 674 572 745 Χριστὸς
594 674 675 740 τὸ,
710 693 730 724 ι
763 672 856 738 Εἷς
885 675 944 741 ἐξ
966 674 1120 745 ὑμῶν
1149 674 1460 746 παραδώσει
1492 691 1582 744 με,
1622 693 1640 724 ι
1674 672 1857 742 φησίν.

284 767 358 820 Ἦ
389 767 496 836 γὰρ
525 765 626 834 τῆς
667 765 762 819 τοῦ
805 765 1115 836 τολμῶντος
1156 765 1480 837 ἀχαριστίας
1535 765 1624 818 διά
1669 763 1860 817 τούτου

291 859 598 929 ιιατηγορεί,
623 858 657 928 ἢ
680 859 778 928 τῆς
797 857 892 911 τοῦ
917 857 1162 912 διαϐόλου
1185 857 1382 920 κακίας
1411 856 1646 910 δεικνύει
1678 857 1740 908 τὸ
1767 855 1863 925 μέ-

290 945 462 1014 γεθος,
496 946 573 1008 ὼς
619 945 872 998 τοσοῦτον
923 945 1264 1017 δυνηθείσης,
1294 946 1370 1010 ὡς
1413 946 1510 1000 καὶ
1554 945 1735 998 αὐτῶν
1763 945 1862 999 ἕνα

277 1038 390 1090 τῶν
429 1037 745 1092 ἀποστόλων
779 1038 1048 1106 ἁρπάσαι.

354 1133 658 1186 Ἕϐλεπον
678 1127 792 1187 οὖν
814 1135 900 1198 εις
923 1131 1238 1199 ἀλλήλους
1269 1135 1323 1186 οι
1347 1131 1628 1202 μαθηταὶ,
1657 1132 1861 1186 διαπο-

269 1223 558 1291 ρούμενοι
588 1222 722 1290 περὶ
760 1223 923 1288 τίνος
944 1225 1130 1292 λέγει.

354 1314 659 1385 Ἔκπληξίς
686 1331 745 1366 τε
775 1315 909 1385 ὁμοῦ
953 1316 1048 1368 καί⁵
1071 1315 1191 1379 δέος
1217 1315 1488 1387 εἰστρέχει
1517 1316 1644 1378 τοὺς
1685 1315 1859 1386 μαθη-

277 1404 396 1468 τὰς,
429 1406 524 1458 καὶ
551 1405 800 1475 ἀλλήλοις
843 1405 1094 1476 ἐνορῶσι,
1132 1406 1355 1460 διπλοῦν
1395 1408 1460 1460 ἐκ
1497 1407 1606 1460 τῶν
1635 1406 1862 1478 εἰρημέ-

278 1515 387 1550 νων
416 1497 697 1560 ὠδίνοντες
733 1497 986 1568 θόρυϐον.
1015 1498 1288 1561 Ἕκαστος
1319 1498 1417 1569 μὲν
1450 1497 1581 1568 γὰρ,
1618 1497 1757 1550 κατὰ
1799 1497 1861 1550 τὸ

275 1590 445 1653 είκὺς,
473 1589 572 1657 τῆς
600 1590 738 1652 ἰδίας
766 1591 1117 1663 ὑπερτρέχων
1145 1591 1342 1661 ψυχῆς,
1371 1590 1470 1643 οὐκ
1497 1591 1556 1642 ὲν
1574 1589 1739 1660 ὀλίγῳ
1767 1588 1859 1658 γέ-

276 1697 399 1749 γονε
424 1681 660 1750 δείματι,
692 1681 828 1735 ἀλλὰ
850 1683 945 1736 καὶ
976 1684 1075 1753 τῆς
1093 1684 1170 1746 είς
1198 1684 1260 1736 τὸ
1287 1681 1462 1735 κοινὸν
1485 1679 1696 1752 ὁρώσης
1721 1680 1859 1735 ὐπο-

277 1771 490 1843 λήψεως
520 1773 702 1850 χάριν,
731 1776 832 1828 οὐκ
857 1776 1115 1830 ἐλάττονα
1138 1777 1237 1847 τῆς
1269 1775 1462 1846 ἐτέρας
1487 1775 1588 1846 τὴν
1617 1774 1856 1842 ἀγωνίαν

1965 599 2030 636 es
2062 581 2222 634 vobis
2250 595 2336 634 me
2366 579 2566 642 tradet,
2606 597 2624 628 ι
2657 577 2754 631 ait.
2784 575 2882 630 Vel
2919 578 3066 632 enim
3103 575 3408 646 proditoris
3450 579 3538 632 in-

1962 680 2174 742 gratum
2212 671 2453 725 animum
2500 671 2586 724 his
2623 670 2812 724 verbis
2854 679 3104 732 accusat,
3128 669 3211 722 vel
3256 668 3542 723 diabolica!

1964 764 2226 834 nequitiae
2255 761 2695 833 magnitudinem
2735 761 3002 824 ostendit,
3035 775 3158 830 qua:
3190 768 3401 814 tantum
3444 774 3543 830 po—

1961 855 2152 917 tuerit,
2211 861 2272 908 ut
2325 853 2487 906 etiam
2524 867 2691 906 unum
2749 867 2816 906 ex
2873 851 3010 921 ipsis
3059 850 3323 921 apostolis
3366 850 3542 904 corri-

1962 948 2161 1016 puerit.

2035 1116 2192 1184 XIII,
2230 1118 2322 1172 22.
2364 1119 2704 1188 Aspiciebant
2751 1135 2873 1190 ergo
2911 1119 2979 1172 ad
3005 1120 3223 1174 invicem
3261 1120 3535 1189 discipuli,

1959 1208 2264 1263 haesitantes
2295 1211 2360 1263 de
2391 1227 2492 1277 quo
2519 1211 2734 1264 diceret.

2034 1299 2238 1368 Stupor
2267 1301 2432 1354 simul
2467 1315 2530 1354 ac
2555 1301 2719 1354 timor
2745 1300 2957 1356 invadit
2981 1300 3189 1356 Christi
3215 1299 3536 1370 discipulos,

1959 1397 2014 1443 et
2042 1390 2328 1444 intuentur
2359 1389 2448 1444 alii
2476 1391 2531 1444 in
2563 1390 2727 1453 alios,
2759 1391 3034 1460 duplicem
3065 1406 3130 1446 ex
3160 1390 3326 1446 dictis
3351 1392 3542 1445 concl-

1960 1483 2176 1554 pientcs
2213 1494 2441 1539 metum.
2470 1482 2864 1554 Unusquisque
2890 1484 3069 1549 enim,
3103 1491 3160 1538 ut
3191 1500 3290 1553 par
3314 1491 3400 1538 est
3420 1525 3436 1549 ,
3471 1483 3540 1537 de

1959 1587 2058 1627 sua
2092 1573 2277 1626 anima
2306 1574 2603 1638 sollicitus,
2639 1590 2747 1628 non
2782 1589 2948 1644 parvo
2977 1583 3096 1629 erat
3141 1575 3194 1628 in
3228 1583 3398 1636 metu,
3441 1574 3536 1628 sed

1957 1674 2012 1718 et
2040 1679 2166 1719 cum
2201 1664 2270 1719 de
2303 1666 2518 1719 caeteris
2550 1667 2606 1720 in
2637 1681 2928 1720 commune
2959 1667 3306 1736 cogitarent,
3337 1666 3404 1720 de
3431 1666 3538 1719 alia

1958 1770 2066 1810 non
2100 1756 2283 1811 minus
2316 1757 2464 1811 anxii
2493 1767 2672 1812 erant.
2698 1757 2944 1812 Credunt
2970 1758 3172 1827 quippe
3204 1773 3393 1812 verum
3434 1757 3528 1812 uti-

275 1839 704 1936 egomt-'01;
763 1870 862 1940 μὲν
917 1869 1027 1941 γὰρ
1081 1839 1279 1940 ἀληθὲς
1328 1839 1482 1921 ἔσται
1540 1839 1758 1930 πάντως
1798 1867 1860 1920 τὸ

1963 1861 2067 1915 que
2104 1844 2222 1903 fore
2251 1847 2396 1917 quod
2423 1848 2634 1903 dictum
2666 1857 2773 1904 est.
2811 1849 3006 1903 Sciunt
3035 1850 3180 1904 enim
3226 1849 3538 1905 Servatoris

273 1958 567 2029 εἰρημένον
603 1960 971 2015 πιστεύουσιν.
1005 1962 1186 2014 Ἷσασι
1209 1961 1342 2033 γὰρ,
1363 1959 1438 2023 ὡς
1461 1959 1561 2013 οὑκ
1587 1960 1654 2012 ἂν
1670 1958 1862 2012 διαπέ-

274 2062 358 2098 στι
412 2046 570 2108 κενὸς
618 2047 714 2100 τοῦ
764 2049 1014 2119 Σωτῆρος
1069 2051 1098 2101 ὁ
1135 2049 1314 2116 λόγος,
1345 2049 1408 2100 τό
1448 2047 1508 2101 τέ
1541 2064 1605 2116 γε
1642 2047 1748 2118 μὴν
1780 2048 1858 2110 είς

270 2137 433 2189 τοῦτο
475 2139 799 2203 δυσσεϐείας
852 2139 1317 2211 κατωλισθηκέναι
1367 2139 1474 2192 τῶν
1508 2139 1566 2192 ἐν
1592 2138 1860 2210 μαθηταῖς

271 2229 755 2300 ἁπηριθμημένων
810 2222 970 2295 me;
1017 2232 1188 2285 δεινὸν
1257 2231 1353 2285 καὶ
1407 2230 1679 2302 ἀφόρητον
1718 2226 1860 2284 εἶναι

268 2319 635 2391 λογιζόμενοι,
685 2322 746 2374 τὸ
807 2323 907 2393 μὲν
969 2323 1099 2376 ῐδιον
1161 2324 1392 2377 ἑκάστου
1445 2323 1685 2387 συνειδὸς
1725 2323 1858 2376 ἀνα·-

270 2412 561 2482 κρίνουσι,
622 2414 716 2467 καὶ
774 2414 1131 2485 περιαθροῦσι
1186 2415 1377 2479 δεινῶς
1432 2417 1524 2470 ἐπὶ
1579 2417 1702 2470 τίνα
1761 2416 1860 2486 τῆς

267 2505 555 2566 ἀπωλείας
582 2507 610 2557 ὁ
639 2505 835 2578 κλῆρος
855 2510 1128 2571 πεσεῖται,
1163 2509 1256 2561 καὶ
1281 2508 1464 2572 πόθεν,
1493 2509 1526 2580 ἢ
1555 2508 1673 2573 πῶς
1704 2509 1858 2581 ἰσχύ-

273 2611 366 2647 σει
394 2595 646 2649 τοσοῦτον
674 2599 701 2649 ὁ
729 2598 988 2664 Σατανᾶς,
1016 2599 1090 2662 ὡς
1125 2599 1220 2653 καὶ
1247 2600 1426 2653 αὐτῶν
1454 2599 1718 2671 ἐκκλέψαι
1752 2600 1860 2654 τῶν

267 2686 522 2754 γνησίων
551 2687 689 2741 τινά.

342 2774 466 2831 Ἦν
498 2777 569 2831 δὲ
589 2779 979 2846 ἀνακείμενος
1007 2775 1095 2846 εἷς
1122 2779 1192 2834 ἐκ
1224 2779 1342 2833 τῶν
1354 2779 1636 2850 μαθητῶν
1673 2781 1859 2835 αὑτοῦ

267 2866 340 2919 ἐν
389 2866 471 2932 τῷ
507 2869 716 2936 κόλπῳ
766 2869 872 2924 τοῦ
913 2869 1140 2939 Ἰησοῦ,
1185 2869 1258 2924 ὃν
1292 2872 1494 2940 ἠγάπα
1531 2875 1564 2925 ό
1598 2871 1856 2940 Ἰησοῦς.

266 2960 446 3013 Νεύει
471 2954 588 3015 οὖν
619 2961 811 3026 τούτῳ
837 2962 1051 3030 Σίμων
1081 2962 1304 3033 Πέτρος
1350 2963 1646 3019 πυθέσθαι
1671 2964 1762 3029 τίς
1783 2963 1861 3017 ἂν

267 3049 364 3117 ειη
406 3051 544 3119 περὶ
589 3047 663 3106 οὗ
689 3053 874 3121 λέγει.
920 3055 1260 3109 Ἐπιπεσὼν
1301 3055 1368 3108 δὲ
1393 3055 1626 3123 ἐκεῖνος
1655 3056 1755 3110 ἐπὶ
1791 3057 1858 3110 τὸ

1961 1953 2274 1995 sermonem
2322 1939 2540 1993 irritum
2572 1955 2696 1996 esse
2738 1956 2846 1995 non
2880 1957 3073 2011 posse,
3116 1943 3212 1997 sed
3247 1946 3314 1996 eo
3345 1941 3540 2010 impie-

1961 2033 2095 2086 tatis
2127 2031 2402 2088 decidisse
2439 2049 2774 2103 quemquam
2820 2049 2852 2088 e
2898 2034 3222 2104 discipulis,
3269 2049 3434 2104 grave
3485 2043 3542 2090 et

1961 2120 2369 2177 intolerandum
2410 2137 2535 2178 esse
2577 2130 2873 2194 putantes,
2915 2138 3072 2177 suam
3115 2124 3356 2193 quisque
3401 2138 3538 2179 con-

1961 2212 2248 2268 scientiam
2279 2215 2616 2282 examinant,
2642 2224 2698 2271 et
2724 2217 2778 2270 in
2809 2231 2970 2285 quem
2997 2215 3150 2269 exitii
3189 2230 3312 2270 sors
3339 2230 3539 2270 casura

1961 2301 2035 2356 sit
2065 2314 2256 2366 exacte
2280 2307 2580 2371 rimantur,
2619 2315 2675 2362 et
2705 2307 2854 2361 unde
2885 2314 2981 2360 aut
3013 2307 3292 2376 quomodo
3325 2314 3538 2360 tantum

1962 2399 2253 2470 potestatis
2279 2399 2573 2454 habiturus
2612 2399 2684 2453 sit
2727 2398 2994 2463 Satanas,
3044 2406 3103 2452 ut
3136 2413 3475 2468 quemquam
3509 2417 3540 2450 e

1961 2489 2218 2558 genuinis
2247 2487 2537 2561 discipulis
2569 2487 2832 2556 abripiat.

2032 2758 2150 2814 XIII
2173 2799 2188 2823 ,
2227 2759 2414 2813 25-26.
2467 2757 2601 2812 Erat
2631 2775 2753 2828 ergo
2779 2759 3083 2812 recumbens
3113 2774 3247 2810 unus
3277 2772 3342 2810 ea:
3371 2756 3538 2810 disci-

1958 2853 2099 2920 pulis
2120 2851 2235 2921 ejus
2265 2853 2320 2905 iu
2349 2853 2469 2905 sinu
2493 2849 2645 2915 Jesu,
2675 2867 2824 2922 quem
2853 2851 3103 2922 diligebat
3130 2847 3308 2905 Jesus.
3354 2847 3538 2904 Iunuit

1959 2961 2082 3016 ergo
2107 2945 2228 2998 huic
2250 2943 2436 2998 Simon
2461 2943 2676 3013 Petrus,
2704 2953 2754 2998 et
2781 2946 2920 2998 dixit
2951 2945 3000 2999 ei
3031 2961 3049 2999 :
3087 2944 3220 3010 Quis
3248 2953 3327 2998 est
3354 2944 3450 2997 iste
3475 2945 3540 2996 de

1961 3054 2064 3108 quo
2100 3037 2277 3094 dicit?
2317 3036 2506 3109 Itaque
2533 3054 2653 3092 cum
2683 3037 3005 3092 recubuisset
3039 3037 3129 3090 ille
3160 3051 3320 3105 supra
3359 3045 3538 3105 pectus

269 3140 500 3209 στῆθος
521 3143 632 3197 τοῦ
667 3144 892 3210 Ἰησοῦ,
910 3145 1074 3214 λέγει
1102 3147 1283 3212 αὐτῷ’
1309 3149 1503 3215 Κύριε,
1529 3151 1622 3215 τίς
1650 3149 1822 3203 ἐστιν
1838 3167 1858 3213 ;

1963 3129 2089 3184 Jesu
2112 3171 2129 3198 ,
2159 3130 2289 3183 dicit
2323 3130 2370 3183 ei
2392 3146 2410 3183 :
2441 3129 2693 3192 Domine,
2732 3131 2848 3200 quis
2877 3140 2954 3185 est
2978 3133 3002 3185 ?
3031 3129 3316 3197 Respondit
3340 3123 3499 3183 Iesus
3519 3144 3538 3182 :

283 3231 700 3301 Ἀποκρίνεται
745 3230 861 3288 οὖν
896 3237 928 3284 ri
971 3237 1231 3302 Ἰησοῦς’
1279 3236 1538 3304 Ἐκεῖνός
1585 3237 1779 3304 ἐστιν,
1809 3232 1858 3304 ᾦ

270 3323 386 3392 ἐγὼ
407 3324 624 3394 ,βάψας
650 3327 717 3380 τὸ
746 3328 982 3396 ψωμίον
1008 3329 1180 3382 δώσω

343 3418 745 3490 Θαυμάσαιμεν
799 3420 866 3473 ἂν
913 3422 1137 3486 είκότως
1180 3423 1274 3476 καὶ
1305 3426 1362 3477 ὲν
1390 3422 1566 3495 τούτῳ
1591 3425 1658 3496 δὴ
1695 3425 1880 3490 πάλιν,

269 3510 382 3562 τῶν
413 3510 589 3578 ἁγίων
621 3511 877 3583 μαθητῶν
908 3513 969 3566 τὸ
994 3515 1192 3585 γοργὸν
1226 3516 1307 3578 εἰς
1343 3514 1639 3584 φιλοθεΐαν,
1670 3515 1766 3568 καὶ
1798 3515 1860 3568 τὸ

272 3603 395 3656 λίαν
419 3604 650 3674 ἀκριϐὲς
689 3607 768 3669 είς
794 3605 1101 3660 εὐλάϐειαν.
1141 3607 1217 3659 Οὐ
1257 3607 1368 3677 γὰρ
1401 3607 1615 3677 ἔχοντες
1651 3607 1710 3674 ἐξ
1730 3608 1854 3660 ἐαυο

271 3694 382 3748 τῶν
444 3696 646 3749 εἰδέναι
710 3698 962 3751 ὑπαίτιόν
1025 3715 1182 3760 τινα,
1238 3698 1354 3751 ἀλλ’
1420 3699 1540 3753 οὐδὲ
1605 3702 1727 3763 ταῖς
1795 3702 1860 3753 ἐκ

273 3787 600 3858 στοχασμῶν
637 3789 874 3852 ἀπάταις
913 3789 1401 3861 ἐπιθαρσήσαντες,
1446 3791 1858 3860 φιλοπευστοῦσι

273 3879 476 3941 πάλιν,
543 3881 640 3933 καὶ
713 3881 1006 3950 μανθάνειν
1067 3883 1382 3951 ἐπείγονται
1463 3883 1532 3936 δι’
1590 3884 1708 3946 ἐνὸς
1764 3883 1858 3937 τοῦ

274 3972 631 4042 προῦχοντος,
683 3973 890 4044 Πέτρος
939 3974 996 4028 δὲ
1050 3967 1205 4038 οὗτος
1254 3971 1344 4044 ἦν,
1395 3975 1454 4038 ὃς
1493 3976 1858 4046 προσεκόμισε

277 4064 377 4132 μὲν
410 4062 667 4132 οὐδαμῶς
712 4063 780 4118 δι’
805 4065 1000 4118 ἐαυτοῦ
1047 4065 1144 4136 τὴν
1183 4066 1376 4120 πεῦσιν
1395 4106 1409 4128 ,
1435 4066 1514 4137 τῷ
1541 4067 1596 4120 δὲ
1635 4067 1861 4136 πλησίον

276 4154 369 4207 καὶ
428 4155 779 4224 ἀγαπωμένῳ
831 4155 920 4208 διὰ
965 4155 1027 4208 τὸ
1070 4158 1170 4228 τῆς
1221 4159 1444 4226 ἁγνείας
1483 4158 1862 4230 λαμπρότερον

277 4243 337 4295 τὸ
375 4244 646 4316 διερωτᾷν
679 4244 918 4314 ἐφίησιν.
965 4246 1221 4316 Ἰωάννης
1265 4248 1323 4300 δὲ
1375 4242 1528 4311 οὗτος
1570 4244 1638 4320 ἦν
1685 4249 1713 4301 ὁ
1765 4248 1860 4301 τοῦ

279 4332 642 4402 προκειμένου
681 4331 889 4402 βιϐλίου
938 4337 1306 4406 συγγραφεὺς,
1335 4337 1414 4400 ὃς,
1457 4339 1690 4407 ἐπείπερ
1719 4341 1860 4408 ἠγα-

277 4422 485 4492 πῆσθαί
522 4440 689 4493 φησιν
717 4425 930 4488 ἑαυτὸν,
959 4425 1021 4478 τὸ
1046 4428 1244 4480 οἰκεῖον
1290 4428 1633 4498 κατέκρυψεν
1668 4429 1857 4500 ὄνομα.

1963 3221 2065 3275 Ille
2087 3231 2164 3274 est
2202 3221 2286 3273 cui
2321 3236 2412 3290 ego
2448 3219 2730 3273 intinctum
2760 3234 2947 3287 panem
2982 3233 3288 3287 porrexero.

2030 3397 2131 3452 Hic
2158 3413 2358 3453 rursus
2377 3397 2544 3451 etiam
2572 3405 2889 3452 sanctorum
2916 3395 3318 3466 discipulorum
3348 3393 3541 3448 arden-

1964 3497 2068 3542 tem
2101 3502 2230 3558 erga
2263 3486 2434 3542 Deum
2469 3501 2712 3542 amorem
2739 3494 2794 3542 et
2819 3486 2984 3557 736
3010 3485 3287 3542 sincerum
3320 3485 3542 3555 pietatis

1961 3593 2026 3633 ac
2049 3579 2589 3651 religionisstudium
2608 3579 2796 3634 mirari
2817 3579 2943 3648 jure
2984 3585 3220 3648 oportet.
3252 3576 3386 3632 Nam
3414 3594 3539 3634 cum

1961 3686 2027 3726 ex
2065 3672 2265 3743 seipsis
2311 3687 2420 3726 non
2457 3679 2688 3742 possent
2722 3671 2898 3724 ullum
2933 3681 3149 3725 sontem
3205 3685 3540 3742 agnoscere,

1962 3765 2058 3821 sed
2089 3780 2265 3836 neque
2294 3764 2588 3821 fallacibus
2619 3764 2959 3834 conjecturis
2990 3764 3182 3819 contisi
3204 3803 3220 3828 ,
3249 3766 3542 3819 sciscitan-

1962 3865 2052 3908 tur
2085 3855 2268 3910 denuo
2297 3868 2361 3908 ac
2391 3853 2606 3910 discere
2633 3855 2886 3908 nituntur
2915 3870 3011 3924 per
3037 3869 3207 3908 unum
3239 3855 3392 3909 illum
3424 3858 3540 3926 pri-

1963 3948 2197 4002 marium
2223 3987 2237 4010 ,
2283 3946 2502 4002 Petrum
2541 3947 2821 4011 videlicet,
2847 3949 2942 4017 qui
2978 3963 3323 4018 nequaquam
3354 3964 3449 4019 per
3482 3965 3543 4004 se

1962 4038 2346 4110 interrogavit,
2384 4037 2478 4093 sed
2509 4038 2560 4092 ei
2593 4038 2687 4108 qui
2719 4039 3002 4107 proximus
3042 4048 3160 4093 erat
3193 4054 3256 4093 ac
3283 4039 3540 4105 dilectus,

1965 4139 2194 4200 propter
2227 4131 2507 4185 castitatis
2543 4131 2894 4198 splendorem
2917 4170 2932 4193 ,
2965 4131 3326 4200 quzereudum
3373 4135 3542 4189 relin-

1963 4222 2105 4293 quit.
2136 4220 2382 4276 Joannes
2413 4231 2598 4274 autem
2646 4221 2694 4275 is
2728 4233 2878 4284 erat,
2915 4223 3038 4276 libri
3070 4223 3236 4291 hujus
3271 4226 3541 4297 scriptor,

1963 4313 2058 4382 qui
2097 4311 2358 4382 quoniam
2397 4326 2456 4366 se
2486 4310 2748 4364 dilectum
2782 4309 2954 4366 fuisse
2989 4313 3099 4377 ait,
3139 4312 3349 4366 idcirco
3379 4329 3539 4367 suum

1965 4419 2161 4458 nomen
2205 4403 2463 4465 reticuit,
2501 4417 2570 4456 ne
2616 4401 2878 4471 cuiquam
2925 4401 3076 4456 inani
3124 4402 3294 4472 gloria
3340 4403 3542 4457 ductus

282 4519 404 4586 σιγῇ
472 4518 782 4587 παραδοὺς,
840 4517 928 4570 ἵνα
991 4519 1066 4590 μή
1128 4538 1206 4592 τῳ
1261 4521 1409 4587 δόξαι
1467 4494 1854 4591 ⁷‹,οιλσ)κομπε”ίν.

1965 4496 2265 4551 videretur.
2293 4494 2628 4549 Ambitionis
2658 4495 2865 4564 quippe
2891 4509 3088 4563 expers
3112 4505 3196 4550 est
3223 4506 3540 4551 sanctorum

292 4606 604 4680 Ἐλεύθερος
632 4608 741 4680 γὰρ
767 4608 1068 4676 φιλοδοξίας
1090 4612 1198 4664 τῶν
1221 4612 1390 4680 ἁγίων
1413 4615 1441 4667 ὁ
1465 4613 1608 4677 νοῦς.
1645 4613 1858 4685 Ἥρέμα

283 4701 457 4754 τοίνυν
496 4701 577 4772 τῷ
623 4701 928 4772 διδασκάλῳ
969 4705 1455 4774 προσκεκλιμένος,
1497 4704 1856 4777 διαψιθυρίζει

283 4790 473 4861 λάθρα,
507 4794 604 4845 καὶ
647 4792 938 4861 μανθάνειν
971 4794 1115 4860 ἀξιοῖ
1151 4795 1244 4848 τὸν
1279 4795 1379 4864 τῆς
1412 4795 1685 4856 ἀπωλείας
1720 4794 1858 4847 υἱόν·

281 4882 393 4934 ἀλλ’
420 4884 520 4951 οὺχ
553 4882 742 4954 ἔτερόν
785 4901 840 4936 τι
886 4888 1110 4954 σημεῖον
1168 4885 1316 4955 αὑτῷ
1360 4885 1574 4938 δίδωσιν
1611 4886 1640 4937 ὁ
1670 4884 1862 4954 Σωτὴρ

278 4973 369 5027 τοῦ
405 4976 766 5046 πράγματος,
797 4974 832 5045 ἢ
861 4974 922 5028 τὸ
957 4975 1045 5028 διὰ
1085 4977 1185 5045 τῆς
1225 4976 1318 5028 τοῦ
1350 4976 1635 5048 Προφήτου
1680 4976 1863 5044 φωνῆς

283 5069 370 5121 καὶ
399 5067 571 5120 πάλαι
595 5067 1133 5138 προκεκηρυγμένον·
1159 5087 1176 5118 ι
1200 5068 1258 5120 '0
1291 5068 1486 5122 ἐσθίων
1512 5070 1710 5138 ἄρτους
1739 5085 1862 5137 μου,

283 5156 615 5225 ἐμεγάλυνεν
645 5157 731 5208 ἐπ’
762 5156 864 5225 ἐμὲ
891 5157 1238 5226 πτερνισμόν.
1279 5177 1297 5208 ι
1331 5156 1517 5226 Βάψας
1551 5157 1659 5226 γάρ
1690 5155 1864 5208 ἐπιδί-

282 5243 408 5295 δωσι
447 5242 510 5295 τὸ
537 5241 775 5314 ψωμίον,
805 5245 1020 5307 δεικνὺς
1050 5245 1138 5297 διὰ
1171 5246 1358 5298 τούτου
1390 5247 1478 5299 τὸν
1502 5245 1750 5298 ἐσθίοντα
1774 5244 1864 5297 τὸν

285 5334 446 5406 ἄρτον
509 5336 696 5391 αὑτοῦ.
753 5336 864 5390 Καὶ
923 5337 1014 5390 τὸν
1062 5338 1160 5406 μὲν
1212 5337 1317 5390 τῶν
1372 5339 1544 5405 ἁγίων
1604 5337 1864 5408 μαθητῶν

286 5428 528 5498 ἐξίστησι
556 5429 888 5498 φόϐον,άγει
934 5429 993 5482 δέ
1046 5447 1161 5493 πως
1202 5431 1400 5494 αὐτοὺς
1443 5433 1523 5492 εἰς
1553 5430 1859 5500 ἀνάμνησιν

287 5519 620 5589 προφητείας
673 5519 868 5592 ἐτέρας
918 5521 1339 5593 διαγορευούσης
1391 5522 1506 5574 ὡδίο
1543 5541 1560 5572 ι
1602 5523 1672 5573 Σὺ
1702 5522 1782 5582 δὲ,
1817 5515 1862 5572 ὧ

284 5610 558 5681 ἄνθρωπε,
587 5611 806 5682 ἱσόψυχε
839 5614 1064 5685 ἡγεμών
1095 5631 1219 5684 μου,
1261 5614 1356 5666 καὶ
1394 5614 1605 5681 γνωστέ
1648 5629 1777 5681 μου,
1801 5611 1860 5675 ὃς

355 5793 397 5823 ³⁸
439 5792 584 5848 Psal.
615 5808 682 5845 XI.
705 5835 719 5856 ,
757 5791 842 5846 I0.

613 5883 880 5942 PATROL.
926 5881 1040 5939 Gn.
1084 5878 1328 5942 LXXIV.

1965 4589 2209 4643 animus.
2247 4587 2466 4642 Sensim
2502 4601 2638 4656 ergo
2668 4585 2974 4639 inclinatus
3019 4585 3088 4639 ad
3133 4597 3328 4656 pectus
3365 4591 3542 4659 magi-

1966 4682 2064 4737 stri
2107 4681 2249 4736 clam
2284 4680 2484 4750 quaerit
2526 4679 2655 4749 quis
2685 4678 2756 4732 sit
2784 4677 3074 4733 erditionis
3106 4679 3201 4734 ille
3242 4679 3414 4747 filius;
3447 4682 3543 4735 sed

1967 4789 2078 4828 non
2110 4773 2259 4826 aliud
2287 4772 2383 4825 dat
2417 4772 2467 4825 ei
2502 4770 2765 4825 Servator
2796 4771 2875 4825 rei
2907 4771 3159 4840 signum,
3207 4787 3368 4840 quam
3396 4773 3542 4842 quod

1969 4886 2065 4939 per
2097 4869 2382 4938 Prophetas
2415 4882 2607 4922 vocem
2639 4865 2770 4920 olim
2806 4865 3132 4935 praedictum
3173 4871 3260 4919 est
3305 4882 3317 4918 :
3381 4884 3399 4916 ι
3435 4864 3540 4930 Qui

1969 4963 2166 5017 edebat
2190 4976 2358 5030 panes
2383 4974 2557 5023 meos,
2582 4955 2952 5029 magniﬁcavit
2977 4970 3146 5025 super
3170 4971 3254 5009 mc
3277 4957 3546 5025 supplan-

1967 5057 2230 5109 tationem
2257 5055 2324 5109 ⁸⁵.
2360 5073 2378 5106 ι
2429 5051 2724 5105 Intinctam
2761 5050 2964 5120 quippe
3005 5047 3307 5102 buccellam
3351 5048 3541 5111 tradit,

1967 5165 2064 5220 per
2110 5150 2212 5202 hoc
2260 5163 2384 5201 eum
2431 5146 2732 5200 ostendens
2779 5143 2874 5213 qui
2931 5138 3294 5194 manducaret
3344 5153 3546 5208 panem

1965 5241 2106 5310 ejus.
2141 5241 2206 5294 Et
2240 5246 2560 5292 sanctorum
2601 5236 2823 5304 quidem
2861 5231 3263 5300 discipulorum
3298 5228 3540 5283 formidio

1969 5349 2094 5387 nem
2127 5339 2404 5390 removet.
2441 5329 2537 5385 sed
2571 5331 2653 5383 eis
2691 5328 2746 5380 in
2783 5324 3106 5379 memoriam
3144 5321 3372 5377 adducit
3401 5323 3546 5376 alte-

1969 5441 2085 5480 ram
2117 5424 2497 5494 prophetiam,
2533 5438 2657 5492 qua:
2693 5421 2770 5474 ait
2804 5437 2817 5472 :
2856 5437 2875 5470 ι
2914 5417 2998 5472 Tu
3035 5434 3165 5474 vero
3202 5420 3370 5473 hoqu
3404 5432 3546 5470 uua-

1969 5516 2136 5571 nimis
2161 5515 2272 5568 dux
2317 5530 2506 5577 meus,
2539 5522 2594 5568 ct
2628 5521 2792 5567 notus
2821 5525 2978 5566 meus
3009 5510 3104 5581 qui
3137 5511 3298 5567 simul
3329 5522 3542 5561 mecum

1971 5611 2162 5666 dulces
2191 5608 2448 5678 capiehas
2476 5608 2630 5665 cibos
2665 5626 2680 5660 :
2724 5607 2778 5660 in
2805 5605 2971 5660 domo
3005 5603 3098 5659 Dei
3136 5601 3545 5656 ambulavimus

3111 5869 3146 5927 5
