4062 6208
465 365 575 421 159

1432 359 1491 416 5.
1533 360 1811 418 CYRILLI
1849 358 2327 418 ALEXANDRINI
2365 361 2688 418 ARCHIEP.

3619 355 3725 412 ΗΟ

466 492 906 537 cum-consensu
933 479 1000 534 “.
1036 497 1055 531 ι
1095 477 1392 536 Unanimis
1423 481 1570 535 enim
1593 517 1609 544 ,
1651 494 1716 535 ac
1747 489 1950 547 notus,
1988 489 2045 534 et

2164 485 2240 535 ml.
2265 481 2325 536 τὸ
2347 481 2480 536 αὐτὸ
2516 480 2822 550 ἐγλύκανάς
2844 497 2932 551 μοι
2963 479 3254 550 ἐδέσματα·
3287 478 3344 532 ἐν
3374 474 3602 548 τῷιίκῳ
3630 476 3726 530 τοῦ

466 585 674 628 mensae
701 584 939 627 consors
960 609 976 636 ,
1025 579 1082 626 et
1117 585 1463 642 quaecunque
1491 571 1793 644 genuinum
1825 570 2044 627 ellicere

465 669 736 731 possent,
776 660 880 716 fuit
907 661 1040 715 olim
1082 659 1363 716 Servatori
1403 660 1570 715 etiam
1602 661 1722 732 ipse
1751 661 2042 732 proditor,

471 761 661 825 utpote
704 769 816 808 una
860 768 988 808 cum
1034 753 1168 809 aliis
1201 754 1414 810 sanctis
1461 754 1752 824 discipulis
1803 755 2042 819 electus,

465 845 848 915 quireumdcm
882 859 1009 899 cum
1056 844 1356 900 Servatore
1387 860 1619 916 scopum
1658 846 1961 910 habentes,
1992 853 2050 902 et

459 945 640 994 totam
663 951 767 992 una
792 951 916 991 cum
951 936 1072 1006 ipso
1091 934 1338 990 Iudaeam
1359 936 1799 1000 circumeuntes,
1833 937 2049 991 strenui

469 1028 869 1085 miraculorum
899 1027 1146 1082 ministri
1182 1036 1344 1082 erant
1366 1068 1381 1093 ,
1409 1027 1707 1098 omniaque
1742 1028 1925 1083 facere
1959 1043 2050 1081 ar-

468 1121 674 1177 debent
712 1133 836 1190 quae
881 1117 951 1172 ad
995 1117 1264 1173 honorem
1310 1126 1365 1173 et
1402 1117 1638 1188 gloriam
1681 1117 1804 1187 ejus
1835 1125 2052 1187 specta-

469 1212 632 1278 bant;
665 1211 762 1266 sed
789 1219 952 1265 notus
977 1210 1072 1265 ille
1096 1219 1150 1264 et
1177 1209 1456 1264 unanimis
1479 1209 1626 1279 turpi
1651 1217 1863 1280 quaestu
1883 1209 2054 1263 bono-

470 1301 645 1357 rautis
673 1302 908 1372 gratiam
941 1299 1196 1354 mutavit.
1237 1296 1482 1353 Observa
1511 1313 1676 1367 porro
1711 1297 1897 1352 denuo
1937 1311 2049 1368 quo

470 1403 633 1462 pacto
659 1407 760 1448 nos
797 1403 948 1446 recte
975 1391 1179 1445 excitet
1210 1389 1662 1459 sapientissimus
1687 1389 2050 1460 evangelista,

473 1495 531 1540 ut
563 1485 622 1540 in
649 1486 761 1539 vita
793 1497 960 1554 quam
991 1482 1232 1538 maxime
1263 1496 1366 1536 nos
1395 1483 1785 1543 observemus,
1816 1489 1872 1536 et
1899 1481 2056 1552 inge-

471 1579 548 1634 nii
581 1578 757 1632 aciem
782 1591 1144 1632 exerceamus
1179 1575 1246 1630 ad
1280 1575 1784 1645 contemplationes
1826 1573 2054 1630 divinas

474 1669 636 1725 facile
667 1667 1079 1740 assequendas,
1126 1674 1179 1723 et
1209 1667 1526 1722 divinarum
1560 1681 1745 1722 rerum
1781 1667 2055 1738 cognitio-

2150 572 2286 626 Θεοῦ
2326 571 2702 644 ἐπορεύθημεν
2745 572 2803 624 ἐν
2853 571 3094 643 ὁμονοίᾳ.
3136 591 3155 623 ι
3189 569 3463 640 ’ἰσόψυχος
3495 569 3594 640 μὲν
3619 569 3730 641 γὰρ

2147 663 2386 731 γνωστός
2423 680 2482 716 τε
2525 663 2620 717 καὶ
2648 662 3044 736 ὁμοτράπεζος,
3087 662 3182 716 καὶ
3218 661 3272 714 τί
3307 661 3415 733 γὰρ
3461 661 3583 731 οὐχὶ
3618 661 3732 714 τῶν

2147 754 2445 809 τελούντων
2480 755 2566 818 εἰς
2599 755 2949 826 γνησιότητα,
3004 753 3196 822 γέγονέ
3251 770 3382 806 ποτε
3414 752 3492 824 τῷ
3515 751 3733 825 Σωτῆρι

2149 846 2238 899 καὶ
2278 844 2441 909 αὐτὸς
2483 846 2513 898 6
2560 845 2842 917 προδότης,
2879 845 2976 899 ἅτε
3005 844 3069 916 δὴ
3100 845 3213 906 τοῖς
3246 843 3454 914 ἑτέροις
3477 845 3731 911 ἐγκατειο

2149 939 2411 1009 λεγμένος
2443 939 2622 1008 ἁγίοις
2657 939 2948 1010 μαθηταῖς.
2993 937 3043 992 οἳ
3073 937 3166 991 τὸν
3201 936 3366 990 αὑτὸν
3398 936 3614 1006 ἔχοντες
3653 933 3734 1006 τῷ

2151 1032 2367 1104 Σωτῆρι
2400 1031 2621 1096 σκοπὸν,
2650 1032 2743 1086 καὶ
2765 1031 2865 1102 τήν
2887 1030 2997 1084 τῶν
3035 1028 3305 1083 Ἰουδαίων
3334 1026 3732 1098 συμπεριθέον-

2152 1143 2244 1190 τες
2273 1125 2477 1197 χώραν,
2511 1125 2782 1196 ὑπηρέται
2801 1123 2990 1195 γοργοὶ
3016 1121 3124 1176 τῶν
3145 1119 3441 1190 θαυμάτων
3469 1119 3732 1187 ἐγίνοντο,

2154 1218 2246 1270 καὶ
2276 1217 2453 1271 πάντα
2488 1217 2749 1287 πράττειν
2780 1215 3076 1286 ἠπείγοντο
3103 1212 3172 1266 τά
3198 1214 3278 1274 είς
3305 1211 3470 1283 τιμὴν
3533 1209 3626 1264 καὶ
3650 1210 3738 1264 δό-

2156 1306 2254 1372 ξαν
2287 1306 2472 1363 αὐτοῦ·
2509 1307 2675 1361 ἀλλ’ό
2725 1305 2985 1374 γνωστὸς,
3037 1304 3131 1358 καὶ¹
3181 1303 3457 1374 ίσόψυχος,
3493 1303 3736 1375 αίσχρῶν

2154 1399 2457 1470 λημμάτων
2477 1398 2744 1469 ἠλλάξατο
2770 1397 2868 1469 τὴν
2891 1396 2986 1450 τοῦ
3006 1397 3337 1468 τιμήσαντος
3369 1395 3551 1467 χάριν.
3589 1394 3738 1449 Ἑπι-

2155 1494 2312 1563 τήρει
2361 1491 2418 1545 δὲ
2472 1491 2657 1552 πάλιν,
2707 1491 2856 1554 ὅπως
2901 1492 3050 1560 ἡμᾶς
3103 1488 3414 1558 παραθήγει
3477 1487 3655 1552 καλῶς
3711 1489 3742 1541 6

2159 1585 2465 1653 σοφώτατος
2488 1583 2879 1654 εὐαγγελιστὴς
2913 1584 2992 1646 είς
3020 1582 3081 1636 τὸ
3114 1581 3262 1653 βιοῦν
3287 1580 3492 1635 ἐθέλειν
3523 1580 3606 1634 ὃτι
3634 1597 3740 1651 μα-

2157 1677 2313 1730 λιστα
2349 1675 2710 1744 λογικώτατα,
2760 1675 2854 1727 καὶ
2897 1674 2995 1744 τῆς
3049 1672 3287 1738 διανοίας
3339 1674 3601 1728 ἐπασκεῖν
3638 1672 3741 1743 τὴν

474 1778 599 1818 nem
645 1759 828 1832 quoad
870 1760 999 1815 licet
1045 1757 1482 1829 exprimendam.
1535 1758 1780 1813 Summis
1827 1759 2051 1829 quidem

2164 1765 2390 1835 ὀξύτητα
2442 1765 2578 1837 πρὸς
2624 1765 2686 1818 τὸ
2734 1763 2994 1818 δύνασθαι
3045 1764 3139 1818 καὶ
3189 1764 3309 1818 λίαν
3341 1763 3585 1828 εὐπετῶς
3632 1763 3744 1817 τῶν

475 1853 778 1908 honoribus
816 1857 1073 1905 ornatum
1116 1865 1176 1904 se
1212 1865 1338 1905 esse
1379 1857 1433 1902 et
1465 1863 1494 1902 a
1532 1847 1830 1904 Servatore
1861 1859 2056 1904 nostro

2164 1833 2319 1909 θείων
2349 1833 2723 1909 καθικνεῖσθαι
2757 1853 3153 1926 θεωρημάτων,
3195 1855 3290 1910 καὶ
3345 1855 3444 1926 τῆς
3485 1853 3744 1916 θεοπτίας

473 1944 695 2000 Christo
724 1943 990 1997 dilectum
1030 1942 1146 2006 ait,
1193 1949 1252 1994 ut
1298 1949 1352 1996 et.
1400 1941 1454 1994 in
1503 1941 1622 2011 ipso
1666 1939 1879 1994 Domini
1929 1942 2057 1997 sinu

477 2036 862 2097 recumberet,
910 2033 1058 2102 quod
1102 2032 1156 2086 in
1204 2032 1407 2088 summi
1447 2032 1650 2087 amoris
1691 2031 1863 2086 trahit
1895 2047 2058 2104 argu-

478 2135 744 2182 mentum.
789 2124 1033 2178 Proximi
1074 2123 1261 2193 itaque
1296 2121 1427 2186 Dco,
1456 2129 1511 2176 et
1553 2121 1749 2192 primis
1785 2122 2058 2192 quodam-

477 2215 800 2287 modoapud
819 2231 944 2271 eum
967 2215 1105 2270 locis
1133 2215 1368 2268 maxime
1391 2213 1641 2268 omnium
1671 2213 1942 2269 sedebunt
1965 2215 2060 2286 qui

476 2324 673 2381 purum
704 2322 799 2362 cor
825 2306 1045 2371 habent,
1073 2306 1276 2376 quibus
1299 2311 1354 2358 et
1373 2305 1634 2359 eximium
1656 2304 1917 2359 Servator
1935 2305 2054 2376 ipse

479 2405 762 2476 premium
778 2402 996 2468 tribuit,
1012 2420 1029 2451 ι
1047 2401 1263 2455 beatos:
1289 2397 1411 2453 fore
1424 2398 1613 2454 dicens
1631 2399 1842 2470 737,:
1857 2399 2064 2455 mundo

476 2495 928 2566 corde.quouiam
947 2493 1051 2564 ipsi
1069 2491 1237 2547 Deum
1253 2490 1520 2545 videbunt
1537 2491 1604 2544 ⁸⁷.
1627 2511 1644 2542 ι
1669 2491 1822 2557 Quod
1839 2492 2062 2562 quidem

479 2608 670 2648 verum
707 2605 835 2646 esse
856 2629 870 2654 ,
899 2589 1074 2660 ipsius
1099 2583 1496 2656 sapientissimi
1522 2583 1872 2657 evangelista:
1901 2585 2063 2640 testi-

479 2683 667 2738 monio
687 2679 1155 2737 conﬁrmabimus.
1191 2674 1342 2730 Vidit
1371 2676 1516 2730 enim
1553 2675 1784 2745 gloriam
1815 2674 2062 2736 Christi,

476 2777 636 2846 juxta
691 2773 869 2842 ipsius
917 2782 1130 2823 vocem.
1188 2784 1207 2818 ι
1276 2763 1398 2819 Vidi
1440 2764 1589 2819 enim
1639 2764 1868 2834 gloriam
1919 2763 2062 2847 ejus,

482 2867 694 2940 inquit,
752 2863 1015 2937 gloriam‘
1046 2859 1204 2931 quasi
1241 2857 1519 2929 Unigeuiti
1553 2872 1582 2910 a
1608 2855 1770 2911 Patre
1795 2896 1810 2920 ,
1844 2857 2064 2926 plenum

483 2959 673 3033 gratia:
699 2964 755 3014 et
785 2955 1036 3011 veritatis
1057 2953 1124 3007 ⁸⁸.
1159 2972 1177 3005 ι
1209 2951 1424 3022 Quippe
1452 2951 1738 3020 corporeis
1765 2950 1944 3004 oculis
1969 2964 2065 3004 ne-

485 3066 573 3106 mo
594 3054 850 3118 spectare
882 3051 1061 3114 potest
1093 3049 1346 3096 naturam
1380 3041 1654 3095 universae
1677 3049 1945 3096 creaturae
1979 3041 2066 3094 in-

481 3138 937 3209 eouspicabilcm.
965 3134 1074 3190 Nec
1094 3134 1240 3190 enim
1268 3134 1561 3204 quisquam
1589 3131 1807 3186 Patrem
1828 3133 1984 3198 vidit,
2009 3144 2069 3190 ut
2094 3167 2137 3224 ο

486 3235 743 3290 Servator
760 3233 838 3286 ait
857 3231 925 3294 ",
951 3230 1054 3284 nisi
1078 3229 1123 3282 is
1140 3228 1336 3298 quiest
1355 3243 1384 3280 a
1401 3227 1531 3288 Deo,
1558 3227 1610 3281 id
1634 3234 1722 3281 est
1741 3225 1950 3293 Filius;
1977 3229 2066 3288 hic

484 3328 621 3382 vidit
649 3327 888 3381 Patrem.
911 3320 1302 3376 Verumtamen:
1336 3319 1402 3374 iis
1425 3319 1521 3389 qui
1555 3317 1832 3372 mundana
1873 3319 1996 3376 labe
2023 3332 2076 3378 et

487 3422 750 3476 inanibus
776 3420 904 3473 vita:
926 3417 1094 3486 hujus
1126 3415 1277 3469 curis
1299 3429 1493 3484 puram
1516 3423 1568 3468 et
1587 3427 1814 3467 vacuam
1837 3424 2074 3470 mentem

487 3513 725 3573 habent,
763 3524 858 3582 per
891 3507 1152 3562 subtilem
1191 3505 1380 3574 utique
1409 3512 1628 3572 captum
1665 3518 1883 3557 omnem
1912 3521 2074 3560 exce-

485 3603 700 3656 dentem
727 3595 1246 3666 contemplationem
1271 3608 1423 3648 suam
1459 3595 1689 3662 gloriam
1711 3594 1968 3650 Christus
1989 3611 2074 3650 re-

486 3687 960 3754 velat,ostendens
977 3694 1032 3739 ct
1055 3684 1234 3740 Patris
1257 3685 1312 3737 in
1337 3699 1398 3738 ea
1423 3684 1672 3754 gloriam.
1694 3684 1901 3739 Idcirco
1923 3689 2066 3739 cnim

487 3783 663 3838 aiebat
695 3800 708 3835 :
761 3798 779 3832 ι
810 3778 915 3846 Qui
946 3775 1084 3831 vidit
1122 3790 1207 3830 me
1227 3814 1241 3839 ,
1281 3775 1418 3828 vid.t
1456 3783 1510 3827 et
1541 3774 1751 3828 Patrem
1776 3774 1842 3830 ’°.
1878 3795 1895 3825 θ

2160 1945 2484 2017 ἐξακριϐοῦν
2543 1947 2666 1999 ὅσον
2725 1945 2806 2000 ἔνι
2860 1946 2988 2009 τοὺς
3027 1945 3221 2014 λόγους
3270 1945 3605 2016 ἐπείγεσθαι.
3664 1945 3747 1999 Τὸ.

2159 2037 2434 2109 διαπρεπῆ
2465 2036 2812 2108 τετιμῆσθαι,
2855 2037 2947 2090 καὶ
2981 2037 3297 2108 ήγαπῆσθαί
3341 2056 3506 2110 φησιν
3551 2037 3744 2092 ἑαυτὸν

2161 2129 2314 2200 παρὰ
2366 2127 2460 2182 τοῦ
2520 2129 2771 2200 Σωτῆρος
2824 2127 2981 2199 ήμῶν
3035 2127 3291 2198 Χριστοῦ,
3341 2129 3419 2192 ὠς
3470 2127 3565 2182 καὶ
3616 2129 3746 2181 ἀνα-

2162 2220 2375 2274 κεῖσθαι
2405 2219 2651 2290 πλησίον,
2683 2219 2776 2274 καὶ
2807 2218 2956 2289 αὐτῷ
2989 2217 3066 2289 τῷ
3093 2218 3278 2290 κόλπῳ
3302 2218 3380 2290 τῷ
3405 2217 3747 2290 Δεσποτικῷ,

2163 2313 2362 2382 δεῖγμα
2416 2312 2514 2382 τῆς
2565 2312 2646 2374 είς
2697 2311 2858 2366 αὑτὸν
2918 2311 3230 2381 ὑπερφυοῦς
3292 2312 3624 2383 ἀγαπήσεως
3683 2311 3749 2364 τὸ

2165 2407 2396 2477 πρᾶγμα
2421 2403 2765 2474 ποιούμενος.
2811 2403 3043 2473 Πλησίον
3083 2399 3175 2458 οὖν
3221 2403 3329 2475 ἄρα
3361 2402 3516 2466 Θεοῦ.
3564 2403 3658 2457 καὶ
3687 2405 3750 2458 ἐν

2166 2494 2402 2568 πρώτοις
2460 2495 2649 2566 ὥσπερ
2708 2495 2922 2549 ἔσονται
2990 2497 3179 2560 τόποις
3248 2499 3360 2560 τοῖς
3416 2497 3548 2567 παρ’
3596 2495 3751 2566 αὐτῷ

2170 2593 2404 2663 μάλιστα
2427 2589 2490 2661 δὴ
2519 2589 2732 2644 πάντων
2766 2589 2814 2641 οἱ
2842 2589 2942 2660 τὴν
2977 2587 3206 2660 καρδίαν
3233 2585 3445 2657 ἔχοντες
3478 2584 3749 2656 καθαρὰν,

2165 2679 2246 2748 οἷς
2277 2685 2366 2737 καὶ
2397 2683 2672 2752 ἐξαίρετον
2694 2681 2958 2751 ἀπονέμει
2981 2680 3150 2751 γέρας
3176 2680 3270 2733 καὶ
3295 2677 3454 2742 αὐτὸς
3483 2679 3512 2730 6
3534 2677 3746 2748 Σωτὴρ,

2171 2774 2476 2844 μακαρίους
2505 2771 2724 2826 ἔσεσθαι
2768 2771 2943 2840 λέγων
2973 2772 3098 2834 τοὺς
3129 2768 3402 2842 καθαροὺς
3428 2770 3494 2839 τῇ
3527 2767 3750 2839 καρδίᾳ.

2167 2867 2248 2918 ὅτι
2273 2865 2432 2919 αὐτοὶ
2464 2863 2552 2917 τὸν
2579 2863 2710 2917 Θεὸν
2740 2862 2962 2933 ὄψονται
2979 2902 2992 2916 .
3025 2863 3136 2916 Καὶ
3161 2861 3497 2933 παροίσομεν
3525 2862 3602 2924 είς
3625 2859 3757 2914 ἁπό-

2168 2954 2331 3022 δειξιν
2358 2955 2452 3008 τοῦ
2481 2954 2698 3026 ἀληθῶς
2731 2955 2984 3027 εἰρῆσθαι
3012 2954 3104 3008 τὸν
3131 2955 3309 3023 λόγον,
3341 2953 3502 3008 αὐτὸν
3534 2952 3599 3023 δὴ
3631 2969 3754 3005 του-

2169 3049 2286 3102 τονὶ
2328 3047 2421 3100 τὸν
2456 3045 2764 3116 σοφώτατον
2797 3047 3209 3117 εὑαγγελιστήν.
3237 3045 3499 3100 Τεθέαται
3527 3045 3634 3116 γὰρ
3656 3043 3757 3114 τήν

2169 3141 2326 3207 δόξαν
2344 3139 2601 3210 Χριστοῦ,
2620 3139 2760 3193 κατὰ
2773 3138 2871 3209 τὴν
2898 3139 3063 3193 αὐτοῦ
3087 3139 3288 3209 φωνήν.
3315 3137 3622 3209 (Τεθέαμαι
3645 3137 3758 3207 γὰρ

2173 3233 2272 3304 τὴν
2298 3233 2455 3299 δόξαν
2483 3231 2671 3293 αὑτοῦ,
2722 3232 2878 3301 φησὶ,
2922 3231 3080 3296 δόξαν
3115 3233 3190 3295 ὼς
3229 3229 3568 3299 Μονογενοῦς
3601 3231 3758 3300 παρά

2176 3324 2409 3396 Πατρὸς,
2458 3323 2668 3394 πλήρης
2698 3323 2918 3394 χάριτος
2951 3323 3047 3376 καὶ
3075 3323 3349 3393 ἀληθείας.
3392 3342 3410 3375 ι
3438 3323 3512 3376 Οὐ
3535 3321 3646 3392 γὰρ

2174 3417 2284 3477 τοῖς
2317 3412 2411 3466 τοῦ
2458 3411 2708 3482 σώματος
2737 3412 3035 3482 ὀφθαλμοῖς
3087 3413 3394 3484 ἐπαθρήσαι
3441 3430 3528 3476 τις
3559 3411 3626 3464 ἂν
3654 3409 3754 3481 τὴν

2173 3505 2267 3576 ὅλῃ
2313 3504 2487 3558 κτίσει
2517 3503 2797 3567 παντελῶς
2822 3503 3048 3558 ἀθέατον
3079 3505 3260 3570 φύσιν.
3293 3505 3368 3559 Οὐ
3400 3505 3509 3576 γὰρ
3541 3503 3757 3574 ἐώρακέ

2173 3615 2256 3660 τις
2283 3598 2374 3650 τὸν
2396 3597 2635 3666 Πατέρα,
2665 3595 2808 3649 κατά
2834 3597 2932 3667 τὴν
2957 3596 3048 3650 τοῦ
3084 3597 3333 3666 Σωτῆρος
3363 3596 3564 3666 φωνὴν,
3596 3597 3644 3648 εί
3678 3594 3756 3666 μὴ

2173 3688 2202 3739 6
2225 3687 2300 3739 ὢν
2328 3685 2477 3757 παρὰ
2506 3685 2598 3738 τοῦ
2625 3685 2782 3752 Θεοῦ,
2805 3686 2946 3740 τοῦτ’
2974 3687 3120 3740 ἔστιν
3141 3688 3170 3740 ό
3193 3686 3338 3753 Υἱὸς,
3367 3680 3521 3749 οὗτος
3543 3684 3755 3756 ἑώρακε

2173 3778 2264 3830 τὸν
2295 3777 2535 3847 Πατέρα.
2573 3777 2698 3840 Τοῖς
2740 3795 2803 3846 γε
2850 3777 2955 3848 μὴν
2981 3777 3192 3848 κηλῖδος
3219 3777 3320 3847 τῆς
3352 3777 3619 3848 κοσμικῆς
3660 3777 3758 3830 καὶ

488 3876 769 3950 φροντίδος
801 3871 1016 3935 εἰκαίας
1043 3871 1141 3940 τῆς
1168 3870 1226 3922 ἐν
1252 3867 1388 3938 τῷδε
1420 3867 1498 3937 τῷ
1528 3867 1629 3939 βίῳ
1661 3869 1824 3940 φημὶ,
1852 3868 1944 3922 τὸν
1988 3869 2112 3922 νοῦν
2150 3869 2362 3940 ἔχουσιν
2407 3869 2846 3941 ἀπηλλαγμένον,
2875 3871 2962 3924 διὸ.
2995 3871 3196 3942 λεπτῆς
3224 3871 3332 3945 ἄρα
3363 3871 3458 3924 καὶ
3489 3871 3628 3941 τάχα
3656 3871 3760 3940 τῆς

489 3975 630 4044 ὑπὲρ
693 3970 816 4024 νοῦν
880 3966 1113 4037 θεωρίας
1160 3965 1260 4036 τὴν
1303 3964 1511 4018 οἰκείαν
1558 3965 1716 4028 δόξαν
1765 3966 2140 4020 ἀποκαλύπτει
2182 3966 2436 4036 Χριστὸς,
2490 3967 2701 4028 δεικνὺς
2731 3966 2788 4018 ἐν
2820 3967 2955 4037 αὐτῇ
2982 3965 3076 4018 καὶ
3105 3966 3204 4035 τὴν
3231 3964 3325 4019 τοῦ
3367 3965 3599 4035 Πατρός.
3654 3966 3759 4019 Διὰ

488 4069 596 4138 γὰρ
623 4064 781 4118 τοῦτο
816 4062 1073 4131 ἕῳασκεν,
1131 4077 1150 4110 ι
1189 4058 1246 4112 '0
1275 4057 1536 4130 ἑωρακὼς
1564 4059 1685 4129 ἐμὲ,
1732 4057 1943 4130 ἑώρακε
1976 4061 2066 4113 τὸν
2105 4060 2339 4132 Πατέρα.
2373 4079 2392 4111 ι

562 4159 711 4223 XIII,
755 4156 859 4222 26,
898 4154 991 4207 ΞΤ.
1037 4152 1104 4206 Et
1151 4168 1270 4205 cum
1323 4153 1626 4206 intinxisset
1666 4167 1887 4220 panem.
1929 4153 2073 4207 dedit

489 4253 648 4308 Judc
685 4249 920 4306 Simonis
961 4244 1263 4306 Iscoriotw,
1302 4253 1350 4297 et
1376 4252 1491 4312 post
1524 4242 1811 4296 buccellam
1841 4243 2074 4294 introivit

492 4348 543 4400 in
571 4360 689 4400 eum
715 4339 975 4398 Satanas.

563 4431 1080 4490 Manifestissimum
1112 4429 1228 4482 suis
1260 4427 1552 4496 discipulis
1593 4425 1855 4479 Senator
1889 4425 2072 4494 prodi-

493 4532 632 4584 toris
663 4527 882 4596 signum
916 4519 1090 4575 dedit.
1134 4519 1424 4572 Intinctam
1457 4518 1606 4571 enim
1642 4517 1862 4570 offulam
1904 4516 2072 4571 tradi-

2243 4153 2454 4222 Βὰψας
2479 4150 2594 4209 οὖν
2619 4153 2683 4206 τὸ
2711 4147 2967 4219 prouder,
2996 4148 3243 4204 δίδωσιν
3276 4147 3470 4216 Ἰούδᾳ
3493 4144 3763 4218 Σίμωνος

2183 4245 2532 4314 Ἰσκαριώτῃ
2558 4285 2572 4307 ,
2613 4243 2713 4297 καὶ
2742 4245 2894 4311 μετὰ
2939 4243 3004 4294 τὸ
3048 4242 3283 4311 ψωμίον
3324 4238 3614 4309 εἰσῆλθεν
3669 4239 3763 4304 εἰς

2169 4334 2401 4387 ἐκεῖνον
2431 4337 2463 4387 ὀ
2495 4331 2785 4398 Σατανᾶς.

2253 4427 2677 4496 Ἐναργέστατον
2724 4423 2823 4493 μὲν
2866 4425 2979 4487 τοῖς
3022 4421 3218 4477 ἐαυτοῦ
3266 4421 3537 4494 μαθηταῖς
3567 4421 3629 4476 τδ
3660 4420 3759 4476 τοῦ

2177 4516 2518 4586 προδιδόντος
2576 4517 2801 4585 σημεῖον
2849 4513 3048 4581 ἔδειξεν
3095 4514 3124 4566 6
3165 4514 3377 4583 Σωτήρ.
3429 4513 3612 4582 Βάψας
3644 4512 3764 4583 γὰρ

493 4623 618 4685 dit,
659 4633 758 4688 per
815 4615 918 4668 hoc
963 4610 1269 4665 ostendens
1329 4624 1454 4663 eum
1501 4608 1592 4678 qui
1639 4608 1835 4662 edebat
1877 4623 2064 4678 panem

2174 4609 2470 4661 ἐπιδέδωκε
2499 4608 2559 4660 τὸ
2591 4606 2828 4678 ψωμίον,
2879 4606 2971 4659 τὸν
2999 4605 3248 4658 ἐσθίοντα
3279 4605 3368 4657 τὺν
3395 4604 3560 4676 ἄρτον
3591 4604 3763 4658 αὐτοῦ

493 4725 674 4772 suum,
707 4715 759 4762 ct
792 4707 882 4776 qui
911 4705 1194 4758 levaturus
1221 4709 1340 4756 erat
1368 4701 1688 4754 calcaneum
1721 4715 1906 4754 suum.
1931 4698 2073 4753 Prm-

496 4813 641 4857 terca
678 4795 983 4868 impietatis
1013 4795 1068 4848 in
1100 4794 1380 4848 Christum
1411 4799 1464 4846 et
1495 4791 1838 4846 crudelitatis
1873 4790 2070 4846 ducem

493 4892 849 4956 omniumque
873 4884 1140 4938 malorum
1165 4884 1431 4937 artilicem
1460 4881 1733 4950 irrupisse
1757 4881 1833 4935 ait
1855 4881 2074 4951 sapien-

493 4985 745 5040 tissimus
786 4977 1121 5048 evangelista
1166 4975 1220 5028 iu
1271 4990 1368 5028 cor
1409 4973 1745 5044 proditoris,
1784 4981 2070 5042 totumque

494 5077 550 5130 in
576 5090 698 5130 eum
732 5073 1044 5143 ingressum
1073 5066 1356 5130 Satanam,
1385 5079 1676 5137 postquam
1704 5063 1925 5120 oll‘ulam
1957 5073 2070 5118 tra-

488 5161 742 5218 didisset.
794 5160 981 5229 Neque
1031 5171 1164 5210 vero
1212 5157 1504 5226 quisquam
1557 5171 1750 5210 rursus
1793 5157 2090 5210 existimet

493 5248 714 5303 offulam
768 5249 930 5303 istam
972 5245 1231 5300 diabolici
1273 5245 1562 5314 ingressus
1605 5245 1779 5300 fuisse
1817 5259 2066 5299 causam.

494 5340 602 5396 Nec
627 5340 773 5394 enim
809 5355 875 5393 eo
909 5337 1156 5406 stuporis
1179 5338 1466 5392 veniemus
1499 5353 1761 5408 unquam,
1795 5346 1889 5391 aut
1918 5354 2070 5393 men-

493 5443 544 5487 te
597 5431 672 5484 ita
727 5429 978 5484 destituti
1026 5430 1236 5482 erimus
1267 5467 1282 5492 ,
1349 5439 1407 5482 ut
1455 5431 1729 5499 eulogiam
1784 5429 2071 5500 ingressus

489 5539 713 5580 causam
761 5522 944 5576 datam
996 5520 1169 5576 fuisse
1228 5520 1367 5575 Malo
1409 5523 1796 5592 suspicemur,
1845 5522 1978 5589 quin
2017 5521 2067 5574 id

492 5625 676 5689 potius
715 5630 843 5669 vere
879 5613 1129 5668 dicemus
1193 5613 1362 5682 quod,
1406 5630 1531 5667 cum
1563 5627 1755 5666 omnes
1785 5613 1988 5665 amoris
2016 5623 2070 5666 et

2173 4698 2260 4751 διὰ
2295 4697 2488 4751 τούτου
2517 4697 2781 4761 καθιστὰς
2810 4697 3048 4767 ἐμφανῆ,
3091 4697 3183 4749 καὶ
3214 4695 3306 4748 τὸν
3339 4696 3586 4766 ἐπαίρειν
3623 4694 3763 4765 μέλ-

2171 4789 2332 4843 λοντα
2357 4791 2455 4859 τὴν
2487 4789 2718 4860 πτέρναν
2741 4789 2926 4842 αὑτοῦ.
2957 4788 3060 4841 Τόν
3082 4804 3144 4856 γε
3172 4787 3278 4858 μὴν
3295 4788 3394 4858 τῆς
3419 4790 3498 4852 εἰς
3523 4786 3761 4858 Χριστὸν

2171 4879 2488 4944 δυσσεϐείας
2507 4882 2598 4934 καὶ
2617 4879 2928 4950 μιαιφονίας
2949 4881 3049 4949 ὴγε
3058 4878 3217 4950 μόνα,
3236 4880 3333 4933 καὶ
3359 4877 3758 4949 πρύτανιν,καὶ

2169 4971 2280 5025 τῶν
2290 4971 2424 5025 ὅλων
2441 4970 2625 5024 κακῶν
2638 4987 2777 5025 κατα
2784 4969 3084 5042 σκευαστὴν
3099 4968 3559 5040 είσπεπηδηκέναι
3589 4967 3759 5039 φησιν

2169 5065 2198 5116 6
2223 5063 2530 5132 σοφώτατος
2558 5062 2950 5134 εὐαγγελιστὴς
2978 5065 3058 5127 εἰς
3086 5062 3184 5134 τὴν
3211 5061 3308 5116 τοῦ
3330 5059 3592 5134 προδότου
3619 5073 3760 5130 καρ-

2171 5157 2312 5218 δίαν,
2364 5157 2458 5208 καὶ
2489 5155 2609 5209 ὅλον
2654 5158 2712 5208 ἐν
2759 5155 2906 5226 αὐτῷ
2935 5154 3189 5223 γενέσθαι
3221 5153 3310 5209 τὸν
3340 5152 3585 5207 Σατανᾶν
3615 5148 3760 5222 μετὰ

2171 5249 2270 5318 τήν
2301 5248 2542 5301 ἐπίδοσιν
2571 5247 2664 5300 τοῦ
2699 5247 2938 5318 ψωμίου.
2970 5248 3082 5301 Καὶ
3129 5250 3202 5318 μή
3231 5263 3314 5311 τις
3339 5245 3535 5301 οἰέσθω
3565 5241 3753 5308 πάλιν,

2173 5339 2266 5392 τοῦ
2295 5339 2537 5409 δεδέχθαι
2565 5339 2656 5392 τὸν
2683 5340 2926 5393 Σατανᾶν
2955 5339 3014 5392 τὸ
3037 5339 3248 5408 ψωμίον
3278 5335 3528 5405 γενέσθαι
3556 5331 3754 5404 παραί-

2171 5448 2287 5484 τιον
2315 5432 2394 5501 τῷ
2441 5431 2694 5503 προδότῃ.
2748 5432 2824 5484 Οὐ
2857 5431 2965 5501 γὰρ
3006 5432 3084 5494 εἰς
3115 5428 3368 5483 τοσοῦτον
3411 5425 3758 5496 ἀποπληξίας

2172 5523 2375 5592 ἥξομεν
2425 5523 2642 5595 μέτρον,
2699 5523 2812 5576 ἀλλ’
2845 5523 2968 5576 οὐδὲ
3012 5522 3112 5591 τῆς
3158 5517 3509 5590 καθηκούσης
3555 5517 3755 5588 ἔρημοι

2173 5613 2458 5682 γεγονότες
2511 5615 2748 5685 φρενὸς,
2796 5612 3000 5665 εἰσόδου
3053 5611 3330 5678 πρόφασιν
3381 5605 3624 5660 δεδόσθαι
3673 5603 3754 5673 τῷ

563 5797 610 5830 Si
656 5797 801 5852 Psal.
836 5811 946 5861 ιη’,
988 5794 1066 5848 I5.
1146 5793 1193 5826 "
1237 5791 1422 5846 Matth.
1466 5807 1522 5853 v,
1573 5790 1634 5842 8.
1680 5791 1725 5820 ”
1766 5787 1923 5842 Juan.
1968 5805 2017 5850 I,
2060 5790 2142 5844 Η.
2225 5792 2270 5822 "
2308 5788 2465 5844 Joan.
2507 5805 2592 5855 vi,
2623 5790 2712 5842 46.
2791 5790 2835 5820 ’θ
2875 5789 3032 5844 Joau.
3078 5803 3188 5852 xiv,
3221 5789 3275 5842 9.
