4062 6208
253 366 348 425 ιιι

1319 359 1388 416 IN
1423 358 1714 418 JOANNIS
1736 359 2189 419 EVANGELIUM
2226 362 2354 419 LIB.
2389 362 2480 419 IX.

3416 376 3517 432 ιιι

251 480 479 556 [ισσηρῷ
504 479 606 551 τὴν
631 478 884 548 εὐλογίαν
912 476 1308 548 ὑπονοήσομεν,
1340 478 1517 531 ἐκεῖνο
1541 478 1598 532 δὲ
1635 478 1837 549 μᾶλλον

1961 477 2257 536 lilectionis
2290 481 2504 537 numeri
2539 496 2670 553 erga
2703 498 2829 540 eum
2871 485 3081 557 impleti
3128 486 3399 557 fuissent,
3435 497 3520 550 ni-

249 574 487 648 ἑροῦμεν
541 573 643 627 οὐκ
687 571 794 637 ἔξω
836 570 938 641 τῆς
980 570 1240 640 ἀληθείας
1284 570 1376 624 τὸν
1406 570 1493 624 ἐπ’
1529 571 1680 641 αὐτῷ
1709 570 1843 624 καθα

255 670 501 729 ιστάντες
537 665 695 734 λόγον
716 681 731 696 ο
768 663 986 735 Ἐπειδὴ
1015 662 1124 733 γὰρ
1151 662 1368 734 ἀπάσης
1395 662 1617 735 ἀγάπης
1641 664 1721 728 εις
1747 664 1844 718 αὖ-

212 764 346 817 κτὸν
375 759 792 829 τετελεσμένης,
840 756 935 811 καὶ⁵
978 755 1195 820 οὐδενὸς
1244 755 1305 810 τὸ
1352 755 1616 827 παράπαν
1669 754 1843 809 ἐλλεί-

254 853 453 924 ψαντος
502 848 612 903 τῶν
638 846 939 902 τελούντων
968 847 1049 911 είς
1081 845 1246 918 τιμὴν
1277 846 1371 899 καὶ
1409 844 1650 899 διάθεσιν
1669 886 1684 910 ,
1732 845 1843 899 τῶν

253 944 436 1001 αὐτῶν
468 943 648 1014 εἴχετο
677 939 1134 1010 σπουδασμάτων,
1184 938 1246 991 ού
1291 939 1412 1001 ταῖς
1460 937 1842 1009 μεταγνώσεσι

251 1037 313 1092 τὸ
342 1034 530 1098 κακῶς
573 1032 734 1098 δόξαν
761 1029 1253 1101 ἐπανορθούμενος,
1282 1028 1344 1080 ού
1390 1028 1712 1099 μεθίσταται
1741 1027 1842 1100 τὴν

250 1129 484 1201 καρδίαν
529 1128 596 1181 ὲκ
622 1125 725 1195 τῆς
772 1122 1017 1195 ἀθέσμου
1064 1120 1282 1193 βουλῆς,
1328 1121 1389 1175 οὐ
1421 1121 1843 1194 δακρυρροήσας

249 1222 388 1283 ὅλως
415 1220 505 1288 ἐφ’
530 1212 612 1281 οἷς
633 1216 728 1271 καὶ
756 1215 914 1286 μόνον
942 1212 1317 1284 ἐνθυμηθῆναι
1345 1212 1702 1283 τετόλμηκεν,
1727 1212 1840 1266 ἀλλ’

250 1315 335 1367 ἔτι
361 1311 624 1383 χειρόνως
654 1308 888 1378 διψήσας
918 1308 1017 1378 τῆς
1044 1304 1363 1368 δυσσεϐείας
1405 1303 1466 1359 τδ
1511 1305 1705 1375 πέρας,
1751 1303 1841 1359 διὰ

251 1404 622 1476 τολμημάτων
670 1399 934 1471 ἡττῆσθαι
970 1397 1177 1465 κακῶν,
1216 1396 1435 1468 εἰσῆλθε
1461 1395 1646 1450 λοιπὸν
1677 1395 1707 1448 ό
1739 1396 1842 1448 Σα-

253 1500 444 1562 τανᾶς,
488 1495 745 1566 καθάπερ
793 1491 915 1547 τινά
967 1491 1145 1561 πύλην
1194 1491 1293 1561 τῆς
1339 1488 1435 1543 τοῦ
1484 1488 1843 1559 φυλάττοντος

256 1592 473 1663 ἐρήμην
496 1588 712 1658 νήψεως
761 1583 1230 1640 ἀναπετασθεῖσαν
1269 1581 1434 1637 αύτοῦ
1471 1582 1572 1652 τὴν
1616 1581 1841 1652 καρδίαν

255 1680 456 1752 εὑρὼν,
493 1679 591 1732 καὶ
614 1676 895 1747 ἀθύρωτον
933 1674 1064 1728 ὄντα
1091 1673 1378 1746 θεωρήσας
1406 1671 1498 1725 τὸν
1525 1670 1671 1737 νοῦν,
1720 1669 1842 1741 θερ-

260 1775 357 1848 μόν
387 1790 450 1827 τε
479 1774 582 1843 ῆδη
613 1770 750 1842 πρὸς
781 1769 842 1823 τὺ
893 1766 1179 1839 βούλεσθαι
1206 1767 1361 1838 δρᾷν,
1394 1766 1539 1837 άπερ
1585 1763 1653 1818 ἂν
1682 1763 1841 1836 ἐθέλῃ

256 1866 353 1922 καὶ
381 1862 771 1934 διασκέψηται.
815 1859 1190 1931 Τετριμμένον
1238 1858 1297 1911 δὲ
1339 1856 1529 1927 ὥσπερ
1562 1854 1719 1910 τοῦτο
1764 1855 1843 1924 τῷ

257 1956 510 2030 Πονηρῷ,
554 1955 644 2011 διά
691 1953 871 2024 πάσης
915 1952 1105 2023 ὥσπερ
1151 1950 1323 2012 ἰόντες
1353 1952 1453 2021 τῆς
1487 1947 1846 2003 θεοπνεύστου

257 2051 486 2123 Γραφῆς
513 2049 843 2123 εὑρήσομεν.
877 2045 1135 2116 Πρόσεισι
1166 2043 1265 2113 μὲν
1293 2043 1403 2114 γὰρ
1431 2043 1489 2095 ὲν
1519 2043 1717 2112 ἀρχαῖς
1750 2038 1847 2109 τὴν

256 2142 365 2196 τῶν
398 2141 711 2212 σεϐομένων
757 2137 848 2191 τὸν
898 2136 1030 2190 Θεὸν
1071 2135 1382 2206 δοκιμάζων
1433 2133 1658 2205 καρδίαν
1687 2174 1703 2198 ,
1753 2131 1850 2184 καὶ

260 2235 536 2305 πονηροὺς
580 2234 639 2285 ἐν
693 2229 931 2302 πρώτοις
991 2227 1351 2297 κατασπείρει
1390 2224 1706 2295 λογισμοὺς,
1756 2226 1849 2277 καὶ

257 2330 377 2389 ταῖς
428 2327 511 2389 είς
555 2324 616 2377 τὸ
660 2308 865 2392 φαῦλον
915 2319 1130 2390 ἡδοναῖς
1183 2319 1320 2392 πρὸς
1371 2319 1478 2371 πᾶν
1518 2311 1660 2380 εἶδος
1702 2317 1848 2387 ἡμᾶς

259 2417 499 2491 ἐρεθίζει
530 2415 887 2486 πταισμάτων
916 2430 929 2444 ’
986 2412 1221 2484 μάλιστα
1268 2411 1327 2465 δὲ
1357 2411 1492 2483 πρὸς
1530 2410 1704 2463 ἐκεῖνο
1753 2407 1845 2460 πί-

257 2529 388 2565 πτει
416 2510 612 2581 βαρὺς,
641 2508 770 2578 πρὸς
800 2509 936 2579 ὅπερ
965 2506 1031 2560 ἂν
1066 2505 1238 2577 βλέπῃ
1272 2502 1715 2575 προπεπονθότας
1746 2501 1846 2573 ῆδη

257 2605 362 2659 καὶ
414 2601 881 2673 προηττωμένους.
947 2597 1296 2671 Συνεργάτην
1341 2596 1448 2668 γὰρ
1491 2595 1680 2664 ὥσπερ
1729 2596 1851 2657 ταῖς

259 2694 469 2751 ἑαυτοῦ
497 2694 845 2763 δυστροπὶαις
876 2690 960 2746 ἀεί
1009 2708 1125 2755 πως
1174 2689 1389 2760 δέχεται
1421 2689 1521 2755 τὴν
1572 2685 1850 2757 ἡμετέραν

261 2787 579 2851 ἀσθένειαν,
631 2786 724 2839 καὶ
749 2785 811 2838 τὸ
841 2784 1215 2854 προαδικῆσαν
1262 2780 1436 2843 πάθος
1463 2781 1556 2834 τὸν
1584 2778 1851 2850 ἡμέτερον

261 2880 406 2934 νοῦν.
460 2874 591 2933 Οἷον
632 2876 766 2948 φέρε
812 2878 985 2929 εἰπεῖν
1012 2893 1024 2906 ’
1081 2875 1414 2945 Παρενοχλεῖ
1459 2873 1558 2943 μὲν
1592 2871 1670 2944 τῷ
1715 2873 1852 2926 δεῖνι

264 2976 449 3048 τυχὸν,
482 2974 592 3029 οιαὶ
629 2972 839 3045 θερμὴν
869 2971 1064 3039 ἐπάγει
1091 2970 1189 3041 τὴν
1215 2968 1466 3038 αἴσθησιν
1492 2968 1554 3021 τὸ
1582 2967 1681 3039 τῆς
1721 2983 1854 3038 σαρ·

266 3069 426 3139 κικῆς
473 3068 670 3139 ἡδονῆς
717 3064 1118 3137 βδελυρώτατον
1154 3062 1371 3133 ,κίνημα
1399 3076 1412 3090 ⁸
1468 3060 1642 3132 ἑτέρῳ
1686 3060 1744 3113 δὲ
1792 3060 1854 3113 τὸ

1947 570 2131 637 Ιιίισειιε
2158 573 2384 630 honoris
2412 582 2467 629 et
2494 572 2727 631 affectus
2751 592 2879 649 erga
2909 594 3034 635 eam
3065 580 3319 639 relictum
3346 598 3519 645 esset.

1943 663 2076 732 quia
2108 674 2288 720 tamen
2317 664 2372 721 in
2402 666 2594 721 eodem
2626 668 2816 723 studio
2841 684 2904 725 ac
2931 673 3214 741 proposito
3242 674 3521 739 manebat,

1943 753 2082 807 mala
2115 755 2350 810 consilia
2390 756 2735 827 paenitudine
2768 774 2874 817 non
2914 762 3237 821 emendanti.
3269 779 3369 821 nec
3404 771 3526 821 ani-

1944 858 2095 898 mum
2131 845 2199 901 ab
2240 846 2427 917 iniqua
2469 849 2755 904 molitione
2797 865 3069 918 avocans,
3110 869 3211 910 nec
3248 856 3523 928 lacrymas

1945 932 2187 991 fundens
2216 936 2290 991 ob
2314 953 2377 993 ea
2413 954 2538 1009 qua:
2572 938 2627 993 in
2673 940 2859 996 animo
2890 958 3117 999 versare
3157 960 3330 1003 ausus
3367 959 3484 1004 erat
3506 987 3522 1010 ,

1945 1026 2041 1080 sed
2098 1028 2351 1098 patrandi
2396 1029 2623 1085 sceleris
2661 1031 2906 1100 graviori
2934 1033 3024 1088 siti
3064 1043 3328 1099 aestuans,
3368 1038 3523 1108 quia,

1943 1117 2190 1187 inquam,
2212 1118 2437 1174 nefariis
2467 1122 2696 1178 ausibus
2717 1123 3035 1189 succubuit,
3063 1125 3270 1183 idcirco
3291 1128 3525 1185 Satanas

1945 1210 2001 1264 in
2030 1227 2154 1265 eum
2192 1212 2412 1266 tandem
2446 1212 2732 1285 ingressus
2764 1223 2870 1281 est,
2903 1230 3001 1271 cor
3031 1218 3153 1286 ejus
3180 1234 3278 1275 ceu
3298 1220 3522 1290 januam

1946 1310 2196 1373 apertam
2227 1305 2491 1375 omnique
2523 1307 2773 1362 custodia
2800 1309 3123 1366 destitutam
3161 1313 3326 1384 738
3366 1331 3524 1385 repe~

1947 1400 2095 1454 rieas
2116 1439 2129 1461 ,
2171 1408 2223 1453 et
2268 1401 2512 1454 animum
2556 1413 2713 1472 porta
2759 1419 2990 1461 vacuum
3023 1410 3299 1478 aspiciens
3321 1453 3337 1477 ,
3371 1421 3427 1466 et
3458 1412 3527 1467 ad

1945 1490 2215 1559 agendum
2243 1491 2389 1560 quod
2418 1493 2572 1548 vellet
2596 1508 2661 1548 ac
2685 1503 2955 1552 statueret
2983 1501 3186 1570 oppido
3213 1509 3522 1560 strenuum.

1946 1579 2103 1646 Quod
2146 1582 2370 1653 quidem
2411 1585 2602 1637 tritum
2647 1599 2713 1638 ac
2749 1585 3026 1644 familiare
3070 1607 3192 1647 esse
3225 1591 3409 1658 Malo,
3469 1596 3523 1648 in

1946 1670 2252 1743 Scripturis
2307 1674 2510 1729 divinis
2562 1676 2772 1744 passim
2824 1680 3250 1747 comperiemus.
3301 1684 3527 1740 Accedit

1948 1763 2096 1817 enim
2126 1762 2366 1833 primum
2395 1771 2616 1821 tentans
2650 1767 2819 1821 corda
2849 1769 3126 1824 cultorum
3160 1771 3251 1826 Dei
3277 1813 3291 1835 ,
3328 1782 3382 1828 et
3409 1791 3525 1829 ma-

1879 1827 1920 1886 B
1952 1856 2030 1909 Ias
2078 1855 2352 1926 imprimis
2395 1857 2766 1927 cogitationes
2800 1861 3028 1925 inserit,
3071 1872 3237 1934 atque
3279 1865 3528 1922 libidini-

1953 1947 2056 2001 bus
2084 1945 2352 2016 improbis
2389 1948 2457 2002 ad
2493 1964 2656 2004 omne
2691 1966 2866 2020 genus
2898 1956 3110 2022 peccati
3143 1974 3244 2011 nos
3264 1957 3525 2029 impellit,

1951 2043 2047 2098 sed
2084 2059 2151 2098 eo
2179 2044 2422 2098 maxime
2458 2044 2696 2101 infestus
2733 2049 2883 2110 ruit,
2924 2065 3031 2119 qua
3074 2061 3227 2121 parte
3267 2070 3369 2110 nos
3404 2066 3531 2111 ante

1953 2137 2237 2193 sauciatos
2263 2152 2329 2192 ac
2362 2137 2685 2193 debilitatos
2718 2140 2937 2195 viderit.
2966 2141 3352 2203 Infirmitatem
3377 2151 3533 2220 quip-

1952 2243 2019 2296 pe
2068 2236 2353 2294 nnstram,
2392 2238 2446 2284 et
2488 2231 2742 2287 all‘ectnm
2774 2236 2863 2290 cni
2903 2238 3123 2293 animus
3159 2248 3290 2294 ante
3332 2256 3532 2299 succu-

1952 2321 2158 2385 buerit,
2180 2324 2562 2391 perversitatis
2583 2341 2696 2380 suae
2728 2327 3053 2397 adjntricem
3082 2332 3250 2401 capit.
3283 2331 3531 2405 Exempli

1953 2415 2166 2485 gratia:
2194 2415 2427 2482 Quidam
2450 2420 2690 2474 carnalis
2710 2422 3012 2491 Voluptatis
3039 2422 3355 2480 detestabili
3379 2436 3529 2482 motu

1953 2515 2150 2561 aestuat
2188 2526 2199 2560 :
2239 2507 2377 2562 alter
2413 2510 2594 2578 turpis
2637 2511 2777 2565 lncri
2824 2520 2879 2565 et
2926 2514 3217 2583 impiarum
3275 2520 3537 2585 pecunia-

1953 2615 2075 2654 rum
2124 2598 2486 2669 cupiditatem
2544 2602 2599 2657 in
2648 2603 2828 2671 pretio
2875 2604 3058 2660 habet.
3110 2604 3249 2660 Cum
3301 2625 3433 2679 ergo
3465 2612 3532 2665 ad

1954 2707 2192 2762 pugnam
2226 2695 2569 2760 accesserit,
2625 2695 3095 2764 perturbationem
3135 2699 3282 2754 illam
3317 2718 3438 2770 qua:
3479 2704 3536 2758 in

1954 2782 2121 2838 nobis
2151 2786 2435 2853 praevaluit
2466 2800 2531 2840 ac
2559 2786 2710 2852 vicit,
2737 2787 2805 2841 ad
2833 2804 2936 2844 nos
2966 2792 3369 2861 expugnandos
3397 2794 3538 2847 arri-

1954 2876 2064 2947 pit,
2102 2885 2155 2931 et
2190 2891 2286 2947 per
2312 2893 2434 2932 eam
2470 2878 2658 2948 utique
2689 2879 2854 2935 nobis
2884 2880 3042 2935 exitii
3074 2882 3296 2938 modum
3326 2884 3540 2939 machi-

1955 2976 2140 3025 natur.
2172 2966 2645 3035 Quemadmodum
2677 2972 2823 3027 enim
2845 2974 3097 3043 egregius
3122 2974 3233 3029 dux
3263 2984 3320 3030 et
3364 2978 3541 3047 impe.

1958 3071 2107 3116 rator
2137 3061 2586 3128 exercitus,cum
2617 3062 2808 3118 urbem
2834 3063 3071 3132 aliquam
3103 3066 3396 3122 obsidione
3418 3069 3543 3123 cin-

269 3163 478 3236 κερδῶν
532 3159 799 3234 ἡττᾶσθαι
849 3158 1036 3213 κακῶν
1057 3200 1072 3223 ,
1129 3157 1224 3212 καὶ
1272 3154 1502 3209 ἀνοσίων
1557 3153 1855 3224 χρημάτων

1964 3152 2060 3217 xit,
2086 3152 2456 3208 debilioribus
2487 3155 2629 3208 muri
2669 3154 2920 3222 partibus
2950 3157 3236 3213 machinas
3268 3158 3540 3223 admovet,

270 3254 542 3327 πορισμὸν
568 3253 790 3324 ἄριστον
816 3246 956 3304 εἶναι
977 3250 1123 3303 δοκεῖ
1150 3265 1292 3315 πως,
1328 3247 1424 3302 καὶ
1451 3244 1609 3299 τοῦτο
1635 3243 1861 3315 τετίμη-

268 3368 374 3404 ται.
413 3350 592 3402 Ὅταν
619 3343 714 3401 οὖν
739 3344 942 3415 προσίῃ
973 3342 1302 3413 μαχόμενος,
1331 3339 1595 3394 σύνοπλον
1629 3339 1862 3391 ποιεῖται

271 3445 331 3498 τὸ
363 3440 763 3514 προκρατῆσαν
811 3439 871 3490 ἐν
904 3438 1059 3507 ἡμῖν,
1092 3434 1185 3489 καὶ
1211 3431 1636 3504 προπολεμῆσαν
1667 3428 1860 3492 πάθος,

272 3535 366 3590 καὶ
387 3534 457 3586 δι’
490 3532 701 3585 ἐκείνου
728 3528 945 3590 πάντως
975 3529 1107 3597 ἡμῖν
1135 3526 1229 3579 τὸν
1254 3524 1355 3594 τῆς
1382 3522 1655 3584 ἀπωλείας
1682 3536 1863 3591 μηχα-

272 3629 428 3681 νᾶται
473 3624 699 3696 τρόπον.
736 3623 950 3691 Ὥσπερ
993 3617 1104 3691 γὰρ
1133 3618 1185 3672 ετ
1214 3634 1294 3681 τις
1325 3615 1433 3669 τῶν
1475 3615 1674 3685 ἄριστα
1707 3612 1866 3666 πολε-

278 3715 512 3788 μαρχεῖν
539 3714 832 3776 εἰωθότων,
885 3711 1042 3764 πόλιν
1071 3710 1193 3763 τινὰ
1222 3708 1410 3779 κύκλῳ
1441 3702 1739 3779 περισχὼν,
1772 3704 1869 3757 καὶ

273 3805 360 3858 διὰ
406 3805 595 3873 πάσης
645 3800 896 3873 μηχανῆς
944 3797 1210 3852 εἰσελθεῖν
1260 3795 1354 3848 ἐπὶ
1403 3793 1473 3848 τά
1520 3793 1615 3847 τοῦ
1656 3792 1868 3863 τείχους

274 3893 623 3964 ἡσθενηκότα
655 3891 818 3962 μέρη,
865 3885 1334 3961 προσκομίζεσθαι
1364 3883 1574 3937 κελεύει
1606 3881 1703 3946 τὰς
1750 3881 1869 3935 ἑλε-

275 3983 485 4045 πόλεις,
522 3978 798 4050 εὐκαίρως
820 3978 1072 4048 αἱρήσειν
1101 3971 1351 4028 ἐντεῦθεν
1382 3970 1538 4032 εἰδώς
1563 3987 1578 4001 ο
1611 3968 1755 4024 κατά
1779 3968 1870 4023 τὸν

277 4069 464 4134 αύτῖιν,
500 4063 680 4137 οἶμαι,
708 4066 905 4137 τρόπον
945 4065 974 4116 ό
1008 4062 1273 4125 Σατανᾶς,
1304 4060 1393 4112 ὅτε
1440 4056 1539 4129 τὴν
1582 4056 1870 4128 ἀνθρώπου

277 4156 454 4226 ψυχὴν
505 4154 936 4223 ἐκπολιορκῆσαι
974 4150 1258 4222 βούλεται,
1306 4147 1442 4219 πρὸς
1493 4146 1553 4199 τὸ
1605 4144 1873 4214 ἀτονῆσαν

284 4246 448 4315 μέρος
480 4247 540 4298 ἐν
574 4243 714 4314 αὐτῇ
760 4244 948 4313 χωρεῖ,
1001 4237 1400 4310 καταστρέψειν
1435 4235 1607 4297 οὕτως
1635 4233 1873 4295 εὐκόλως

282 4334 549 4404 οἰόμενος.
585 4332 714 4385 ὅταν
749 4330 831 4401 ἴδῃ
883 4328 1117 4398 μάλιστα
1171 4324 1438 4396 μηδεμίαν
1483 4318 1874 4404 ἐπιδεχομένην

283 4423 379 4491 τὴν
403 4419 616 4489 δνησιν,
647 4418 712 4471 δι’
739 4410 814 4469 ὧν
842 4411 911 4486 ἦν
943 4415 1089 4478 εἰκὸς
1124 4411 1424 4466 ἀδικεῖσθαι
1453 4409 1514 4462 τὸ
1548 4407 1739 4471 πάθος,
1764 4403 1875 4460 οἷον

1962 3242 2168 3313 quibus
2202 3243 2517 3315 ingressum
2552 3244 2608 3298 in
2638 3245 2828 3299 urbem
2875 3248 3097 3315 parari,
3144 3264 3377 3318 eamque
3419 3252 3543 3321 capi

1965 3335 2253 3392 commode
2285 3350 2451 3406 posse
2478 3336 2656 3401 novit,
2685 3337 2901 3402 eodem,
2937 3339 3158 3407 Opinor,
3198 3341 3360 3394 modo
3388 3341 3544 3395 Sata-

1966 3442 2107 3492 nas,
2160 3441 2287 3482 cum
2330 3441 2647 3496 expugnare
2689 3428 2808 3481 vult
2861 3427 3100 3484 hominis
3149 3430 3430 3495 animam,
3474 3433 3545 3487 ad

1966 3520 2295 3578 debiliorem
2327 3518 2452 3588 ejus
2478 3529 2688 3589 partem
2724 3533 2784 3574 se
2812 3521 3058 3583 confert,
3098 3536 3330 3589 sperans
3357 3536 3417 3577 se
3444 3522 3547 3577 hac

1970 3614 2182 3670 ratione
2210 3612 2371 3668 facile
2400 3626 2521 3667 eam
2561 3626 2887 3667 eversurum
2914 3651 2929 3673 ,
2963 3612 3202 3667 maxime
3238 3628 3362 3667 cum
3392 3614 3548 3669 vide-

1970 3706 2043 3760 rit
2088 3705 2216 3759 inde
2251 3704 2458 3759 nullam
2512 3702 2805 3757 utilitatem
2844 3716 3079 3771 capere,
3133 3701 3278 3758 unde
3306 3720 3420 3773 par
3464 3717 3550 3760 est

1970 3796 2443 3868 perturbationem
2478 3793 2701 3864 reprimi
2728 3833 2743 3855 ,
2778 3793 3090 3862 cujusmodi
3135 3805 3263 3850 sunt
3301 3795 3551 3852 admoni-

1972 3893 2153 3967 tiones
2174 3891 2352 3952 bona,
2381 3889 2448 3943 ad
2484 3889 2885 3953 fortitudinem,
2909 3899 2962 3944 et
2993 3888 3059 3943 ad
3091 3890 3368 3958 pietatem,
3399 3899 3454 3944 et
3483 3891 3550 3944 ad

1972 3981 2263 4052 mysticam
2287 3977 2557 4046 eulogiam
2589 3976 3028 4031 exhortationes.
3066 3974 3178 4031 lloc
3204 3978 3351 4032 enim
3385 3977 3552 4032 rnaxi-

1972 4087 2058 4126 me
2086 4069 2290 4123 diaboli
2318 4067 2565 4135 jaculum
2595 4066 2733 4120 illud
2770 4065 3100 4119 homicidam
3124 4067 3355 4135 repellit.
3382 4067 3554 4137 Igitur

1974 4162 2228 4234 proditor
2277 4174 2385 4213 non
2442 4157 2976 4228 reprehensionum,
3032 4172 3154 4226 quial
3209 4157 3554 4214 subobscure

1974 4255 2153 4309 adhuc
2189 4249 2428 4314 fiebant,
2467 4250 2676 4319 pudore
2712 4258 2894 4303 tactus
2929 4256 3046 4311 est,
3078 4245 3173 4302 sed
3208 4262 3382 4317 neque
3411 4248 3551 4302 dile-

1976 4345 2179 4402 ctionis
2200 4345 2330 4405 vim,
2364 4357 2471 4396 non
2506 4340 2790 4401 honorem,
2816 4340 3070 4409 gloriam,
3099 4348 3262 4407 atque
3294 4340 3550 4409 gratiam,

1978 4455 2087 4495 non
2118 4436 2391 4506 eulogiam
2440 4447 2604 4502 quam
2651 4446 2681 4484 a
2720 4430 2945 4484 Christo
2981 4429 3195 4499 accepit
3243 4430 3548 4491 reveritus,

288 4510 604 4581 εἰσηγήσεις
651 4504 884 4573 ἀγαθάς,
929 4506 1055 4566 τοὺς
1088 4501 1172 4554 ἐπ’
1211 4498 1433 4571 ἀνδρείᾳ
1468 4496 1859 4569 παροξυσμοὺς,

1977 4544 2164 4585 verum
2207 4535 2411 4581 temere
2457 4531 2513 4578 et
2553 4520 2956 4576 contumaciter
2992 4521 3043 4575 in
3091 4536 3160 4576 co
3205 4520 3418 4576 haerens
3461 4521 3552 4576 cui

286 4596 383 4659 τὰς
405 4599 488 4658 εἰς
521 4595 581 4647 εὐ
594 4593 808 4646 σέϐειαν
839 4590 1196 4660 ὑπομνήσεις,
1239 4588 1332 4640 κα)⁸
1353 4587 1452 4655 τὴν
1486 4581 1753 4655 μυστικὴν
1781 4583 1873 4635 εύ-

288 4683 496 4751 λογίαν.
523 4682 811 4751 Καταργεῖ
844 4679 953 4750 γὰρ
986 4676 1221 4748 μάλιστα
1244 4674 1307 4745 δὴ
1334 4672 1491 4726 τοῦτο
1516 4670 1610 4725 τοῦ
1631 4670 1879 4725 διαϐόλου

288 4770 385 4823 τδν
433 4768 791 4840 ἀνδροκτόνον
840 4765 917 4818 ἱόν
965 4763 1063 4835 (Ι).
1123 4762 1334 4815 Οὐκοῦν
1396 4762 1424 4814 ὀ
1475 4758 1740 4830 προδότης
1782 4757 1884 4811 οὐκ

292 4857 549 4927 ἐλέγχους
576 4853 902 4924 ὲδυσωπήθη
922 4853 1050 4915 τοὺς
1073 4850 1155 4903 ἔτι
1175 4847 1475 4918 λεληθότως
1504 4846 1600 4900 καὶ
1627 4847 1684 4897 ὲν
1714 4861 1886 4916 παρα-

295 4945 477 5015 ϐύστῳ
514 4939 1081 5015 προκεκομισμένους,
1114 4936 1227 4991 ἀλλ’
1262 4934 1381 4988 οὐδὲ
1406 4932 1505 5003 τὴν
1538 4932 1750 5002 ἄμαχον
1787 4930 1887 4999 τῆς

295 5033 517 5102 ἀγάπης
550 5032 729 5100 ἰσχὺν,
779 5028 841 5081 οὐ
876 5026 1063 5097 τιμὴν,
1115 5024 1212 5077 καὶ
1256 5022 1435 5087 δόξαν,
1471 5019 1567 5072 καὶ
1599 5018 1781 5089 χάριν,
1826 5033 1855 5069 ο

297 5121 391 5155 ρει..
423 5119 681 5155 ω’ἡηινῖηυ
709 5117 809 5155 et“;
843 5113 995 5155 ιτ-ηηὰ
1028 5109 1266 5155 Χηιὶττοῦ
1290 5126 1303 5140 ·
1363 5108 1787 5155 ἀπερισκέπτως
1832 5104 1859 5155 δ

1989 5017 2074 5040 li"
2119 5017 2521 5038 unauana-nun.
2569 5017 2853 5046 ...θ-νυν..ν
2891 5017 3034 5027 ν,,,.,,
3078 5017 3163 5028 νυ,
3209 5017 3263 5026 ,η
3307 5017 3428 5026 "wn"
3458 5017 3473 5033 ν
3510 5017 3564 5025 ‘__

1986 5088 2071 5134 est
2097 5078 2151 5130 in
2185 5071 2500 5144 Evangelia.
2530 5068 2799 5123 Cavenda:
2830 5066 3014 5134 itaque
3048 5074 3101 5120 ct
3131 5063 3280 5119 omni
3319 5079 3426 5132 ope
3478 5080 3564 5118 ιιε-

297 5121 391 5191 τὴν
422 5119 681 5188 εὐλογίαν
709 5117 809 5187 τὴν
843 5113 1001 5191 παρά
1028 5109 1266 5184 Χριστοῦ
1290 5126 1303 5140 ’
1363 5108 1787 5178 ἀπερισκέπτως
1832 5104 1861 5157 δ

298 5209 486 5280 ὥσπερ
516 5208 615 5260 καὶ
647 5202 1040 5275 ἀπερικλάστῳ
1065 5200 1203 5269 τόνῳ
1234 5196 1372 5268 πρὸς
1401 5197 1577 5248 ἐκεῖνο
1604 5193 1700 5246 καὶ
1731 5192 1892 5262 μόνον
1989 5192 2273 5280 π’(ξνεηυίξ

301 5258 477 5365 6,,ιῦνῖ
513 5299 592 5359 εἰς
640 5258 779 5365 ὅπερ
831 5292 935 5362 ῆδη
980 5258 1318 5360 προηττητό,
1372 5284 1472 5354 τῆς
1519 5279 1894 5351 φιλοκερδείας
1990 5271 2202 5365 ουωξθ-
2232 5258 2564 5365 (ξξθξέξίξξίξηίθ

299 5386 517 5458 νάςημά
545 5401 711 5454 φημι,
755 5381 943 5434 λοιπὸν
971 5378 1281 5449 ὁλοκλήρως
1306 5374 1422 5443 ἥλω
1451 5389 1510 5425 τε
1539 5370 1634 5424 καὶ
1660 5369 1883 5458 “vi?

305 5454 543 5528 κενίού
574 5473 681 5543 γὰρ
711 5469 792 5523 ἔτι
843 5466 1148 5538 σύμϐουλον
1177 5464 1290 5532 ἔχει
1321 5461 1412 5514 τὸν
1455 5458 1721 5518 Σατανᾶν,
1769 5454 1885 5509 ἀλλ’

306 5561 429 5631 ἴλης
456 5560 559 5632 ἤδη
595 5560 696 5628 τῆς
725 5556 955 5627 καρδίας
991 5552 1259 5621 δεσπότην
1294 5545 1388 5601 καὶ
1433 5544 1889 5632 κατεξουσιαᾉστὴν

309 5629 555 5702 ποιεῖται
582 5648 680 5717 τῆς
726 5642 916 5698 ἑαυτοῦ
959 5639 1220 5702 διανοίας,
1255 5636 1347 5689 τὸν
1372 5636 1428 5687 ἐν
1462 5635 1654 5704 ἀρχαῖς
1677 5629 1893 5700 ψιθυρί-
1949 5688 1957 5694 _

1975 4634 2105 4680 ante
2134 4617 2503 4675 succubuerat
2531 4612 2777 4667 avaritia:
2805 4611 3255 4672 morbo.tandcm
3285 4618 3430 4668 totus
3465 4627 3558 4667 ca—

1978 4722 2107 4783 ptus
2138 4716 2224 4765 est
2261 4723 2326 4761 ac
2372 4703 2591 4758 cecidit.
2646 4699 2758 4756 Nec
2801 4700 2947 4754 enim
2991 4699 3233 4768 amplius
3270 4714 3555 4755 suasorem

1983 4802 2145 4857 habet
2168 4798 2449 4853 Satanam,
2481 4792 2576 4849 sed
2597 4792 2713 4859 jam
2741 4791 2913 4843 totius
2943 4788 3129 4843 cordis
3153 4790 3236 4843 sui
3271 4790 3555 4844 dominmn

1984 4910 2049 4948 ac
2081 4890 2281 4945 mentis
2308 4902 2420 4942 sua:
2448 4893 2717 4940 rectorem
2750 4881 2881 4936 facit
2902 4896 3031 4934 eum
3060 4882 3153 4950 qui
3182 4882 3421 4951 primum
3449 4882 3562 4937 fue-

1987 4994 2074 5040 rat
2119 4985 2521 5038 insusurrator.
2568 4976 2853 5046 Ingressus
2889 4974 3035 5027 enim
3076 4980 3163 5028 est
3209 4973 3263 5026 iu
3305 4988 3428 5026 eum
3458 5013 3473 5033 ,
3508 4982 3565 5025 ut

1989 5167 2273 5225 movendae.
2317 5171 2447 5220 sunt
2482 5161 2819 5230 cupiditates
2860 5156 3022 5227 739
3059 5155 3227 5209 animi
3255 5194 3268 5218 ,
3300 5154 3444 5209 unde
3475 5168 3565 5209 se-
3634 5180 3642 5191 ο

2622 5252 2875 5305 novimus
2919 5266 2933 5302 :
2997 5247 3091 5301 sed
3145 5254 3200 5302 et
3248 5246 3569 5302 meminisse

1990 5357 2208 5423 oportet
2231 5345 2468 5402 dicentis
2512 5364 2525 5399 :
2583 5343 2641 5397 Si
2689 5341 2915 5411 spiritus
2948 5344 3277 5409 potestatem
3311 5337 3568 5393 habentis

1996 5442 2307 5501 ascenderit
2336 5453 2505 5508 super
2539 5445 2613 5501 te,
2653 5436 2832 5489 locum
2879 5441 3033 5486 tuum
3075 5446 3146 5488 ne
3174 5429 3456 5486 dimiseris
3494 5429 3569 5487 ei.

1998 5538 2127 5609 quia
2153 5535 2370 5592 sanatio
2394 5545 2616 5587 cessare
2642 5529 2805 5582 faciet
2832 5532 3055 5596 peccata
3087 5539 3305 5596 magna.
3337 5523 3573 5609 Necesse

1999 5608 2085 5685 est
2145 5624 2291 5679 enim
2359 5622 2409 5675 vi
2468 5618 2860 5689 cogitationum
2919 5616 2974 5670 in
3045 5614 3254 5671 nostris
3310 5608 3572 5663 cordibus

381 5832 461 5906 (1)
503 5829 603 5887 Ed.
640 5829 805 5894 Aul).,
846 5825 938 5880 τοῦ
967 5824 1215 5879 διαϐόλου
1248 5824 1337 5878 τὸν
1382 5817 1730 5889 ἀνδροκτόνον
1758 5814 1859 5867 υἱόη

1961 5810 2133 5866 liaboli
2164 5808 2335 5876 ﬁlium
2364 5802 2517 5856 illum
2548 5798 2887 5853 homicidam.
2919 5792 3079 5848 Enn.
