4062 6208
515 324 619 381 ιετς

1508 320 1565 377 S.
1587 317 1869 376 CYRILLI
1903 313 2378 373 ALEXANDRINI
2416 315 2742 373 ARCHIEP.

3669 317 3767 372 ιιι

512 441 799 499 corrobari
854 440 1191 497 dominantis
1239 439 1520 513 spiritum.
1566 440 1702 496 Nam
1752 441 1883 497 licet
1938 450 2089 511 pote-

2197 440 2373 505 ζοντα.
2395 440 2626 512 Εἰσῆλθε
2640 441 2838 511 γάρείς
2853 440 3034 505 αὑτὸν,
3054 440 3197 495 κατὰ
3209 441 3307 512 τὴν
3327 438 3421 495 τοῦ
3440 441 3771 511 Εύαγγελίου

512 537 677 592 statis
721 542 923 591 nostra
980 550 1092 590 non
1140 534 1212 590 sit
1247 533 1462 599 facere,
1502 549 1573 589 ne
1612 535 1755 591 tales
1808 536 2037 604 spiritus
2069 575 2085 601 ,

512 626 565 680 id
604 633 691 681 est
718 625 1083 696 cogitationes
1108 625 1165 679 in
1194 633 1434 680 mentem
1468 633 1713 681 nostram
1746 625 2087 691 ascendant,

511 731 807 784 possumus
832 724 1017 771 tamen
1047 715 1193 786 quod
1225 716 1537 772 ascenderit
1558 715 1785 787 ejicere,
1817 732 1918 772 nec
1940 731 2091 773 com-

513 806 730 861 mittere
776 815 834 861 ut
874 822 1105 878 magnas
1146 816 1372 878 prOpter
1411 807 1800 879 negligentiam
1838 818 2088 863 nostram

512 897 568 952 in
599 904 780 953 mente
810 910 999 955 nostra
1034 907 1159 971 agat
1182 899 1403 955 radices
1433 917 1447 954 :
1484 898 1584 956 sed
1611 900 1780 955 veluti
1810 899 2089 970 quoddam

510 990 902 1047 amaritudinis
950 991 1170 1047 initium
1229 990 1526 1048 confestim
1591 992 1921 1049 exscindere
1955 1033 1971 1059 ,
2024 1004 2090 1046 ac

512 1090 751 1139 mentem
778 1084 1032 1139 molestia
1054 1099 1278 1140 vacuam
1299 1083 1562 1140 reddere:
1594 1084 1801 1155 alioqui
1825 1083 2089 1139 dubitan-

511 1178 641 1229 dum
668 1191 777 1230 non
801 1186 886 1231 est
924 1177 1057 1247 quin
1089 1177 1354 1247 paulatim
1391 1174 1628 1233 Satanas
1653 1177 1837 1233 vincat
1866 1175 2090 1232 blandi-

513 1266 629 1330 tiis,
647 1267 981 1337 nobisquend
1008 1269 1383 1339 eveniatquod
1404 1270 1479 1323 ait
1500 1267 1796 1326 Psalmista
1824 1289 1837 1325 :
1867 1287 1886 1321 ι
1912 1268 2096 1324 Prius-

512 1372 678 1427 quam
747 1359 1068 1415 humiliarer
1110 1375 1215 1431 ego
1253 1361 1461 1433 deliqui
1494 1364 1565 1418 ".
1604 1381 1624 1415 ι
1691 1362 1832 1418 Ante
1884 1364 2094 1433 peccati

512 1449 660 1502 enim
709 1452 1244 1507 consummationem
1288 1452 1657 1525 delinquimus
1693 1454 2093 1526 cogitationum

515 1541 878 1607 conscientia,
932 1542 1066 1610 illud
1121 1544 1496 1612 honorantes,
1569 1561 1634 1603 ac
1696 1547 2090 1617 suscipientes,

514 1644 570 1689 et
632 1650 729 1705 per
783 1635 892 1691 hoc
932 1636 1214 1705 ingressus
1264 1637 1451 1693 locum
1497 1638 1719 1694 Satanae
1753 1639 2090 1697 tribuentes.

515 1725 688 1796 Cujus
721 1726 812 1782 rei
859 1727 1032 1799 ﬁgura
1088 1730 1252 1786 nobis
1304 1738 1360 1786 et
1408 1730 1590 1803 imago
1631 1732 1736 1788 erit
1791 1732 2092 1804 proditoris

516 1832 708 1874 casus.
1310 1836 1322 1847 ⁸

2193 534 2397 603 φωνήν.
2427 532 2730 587 Φυλακτέον
2754 528 2847 586 οὖν
2877 534 3006 603 ἄρα,
3037 533 3132 586 καὶ¹
3163 532 3328 586 παντὶ
3361 532 3537 585 σθένει
3573 550 3775 605 παραι-

2190 625 2380 697 τητέον
2406 626 2507 689 τὰς
2530 628 2601 679 ὲκ
2629 624 2738 679 τῶν
2771 624 3159 697 προσπαθειῶν
3191 623 3396 695 ζημίας
3420 639 3435 655 ’
3485 625 3681 697 χρῆναι
3715 626 3774 679 δὲ

2189 715 2300 771 δεῖν
2344 714 2750 787 διαμεμνῆσθαι
2774 714 2870 768 τοῦ
2904 714 3157 784 λέγοντος
3183 731 3196 745 ·
3255 715 3382 769 Ἐὰν
3416 714 3635 787 πνεῦμα
3677 716 3775 770 τοῦ

2192 806 2597 873 ὲξουσιάζοντος
2625 806 2798 878 ἀναϐῇ
2829 806 2924 861 ἐπὶ
2957 809 3040 872 σὲ,
3067 807 3230 860 τόπον
3269 824 3362 860 σου
3396 806 3471 878 μὴ
3497 808 3664 880 ἀφῇς,
3692 810 3778 863 ὅτι

2193 900 2331 972 ίαμα
2359 898 2702 954 καταπαύσει
2747 899 3025 972 ἁμαρτίας
3074 898 3336 970 μεγάλας.
3398 899 3638 970 Ἀνάγκη
3678 899 3778 968 μὲν

2192 993 2303 1064 γὰρ
2345 991 2730 1056 ἁνακτίζεσθαί
2785 1008 2904 1055 πως
2954 992 3013 1045 ὲν
3054 991 3287 1063 δυνάμει
3334 991 3609 1062 λογισμῶν
3654 992 3779 1054 ταῖς

2193 1087 2491 1159 ἡμετέραις
2514 1085 2768 1156 καρδίαις
2794 1084 2857 1138 τὸ
2881 1083 2973 1137 τοῦ
3007 1082 3411 1149 ὲξουσιάζοντος
3440 1080 3677 1155 πνεῦμα.
3712 1082 3779 1135 Ei

2201 1179 2312 1250 γὰρ
2347 1179 2405 1232 ιν
2432 1180 2567 1249 ήμῖν
2607 1177 2670 1230 τὸ
2701 1176 2959 1231 δύνασθαι
2988 1175 3330 1240 διακωλύειν,
3360 1174 3517 1228 τοῦτό
3542 1192 3606 1244 γε
3635 1173 3779 1243 πλὴν

2199 1273 2258 1326 ἐν
2290 1273 2424 1343 ἡμῖν
2440 1273 2481 1333 ⁸,
2498 1269 2560 1323 τδ
2579 1269 2828 1332 κολάζειν
2858 1269 3201 1340 παραχρῆμα
3226 1268 3286 1322 τὺ
3310 1266 3550 1331 ἀνελθὸν,
3572 1267 3670 1321 καὶ
3702 1267 3779 1338 μή

2195 1362 2510 1436 ἐπιτρέπειν
2561 1358 2843 1433 ῥιζοῦσθαι
2887 1362 3008 1424 ταῖς
3052 1361 3116 1413 ἐκ
3167 1359 3440 1432 ῥᾳθυμίας
3485 1358 3778 1426 ἐνδόσεσιν,

2195 1456 2311 1513 ἀλλ’
2357 1454 2547 1526 ὥσπερ
2591 1452 2713 1506 τινὰ
2764 1451 2991 1523 πικρίας
3040 1451 3214 1523 ἀρχὴν
3256 1450 3582 1522 ἀποτέμνειν
3622 1450 3779 1504 ἐπεί-

2197 1550 2412 1620 γεσθαι,
2455 1548 2552 1601 καὶ
2582 1546 3024 1619 ἀπαρενόχλητον
3053 1544 3191 1598 ἰέναι
3219 1543 3441 1614 θελῆσαι
3492 1542 3585 1596 τὸν
3609 1541 3734 1597 νοῦν
3761 1559 3775 1573 δ

2196 1643 2365 1714 ήγουν
2398 1638 2599 1693 εἰδέναι
2634 1636 2843 1708 σαφῶς,
2874 1638 2956 1691 ὃτι
2984 1637 3199 1707 νικήσει
3231 1634 3373 1687 κατὰ
3411 1633 3584 1705 βραχὺ
3611 1633 3777 1686 κολα-

2199 1730 2374 1786 κεύων
2405 1731 2435 1783 6
2468 1729 2734 1792 Σατανᾶς,
2769 1726 2864 1781 καὶ
2895 1725 3163 1797 πάθοιμεν
3205 1725 3271 1780 ἂν
3297 1724 3560 1791 τοιοῦτον,
3594 1726 3781 1778 ὁποῖον

2118 1844 2166 1904 Β
2191 1826 2219 1877 6
2255 1821 2489 1877 Ψάλλων
2535 1819 2703 1891 φησί⁹
2761 1837 2780 1871 ι
2810 1818 2926 1890 Πρὸ
2969 1817 3066 1872 τοῦ
3119 1835 3186 1889 με
3223 1817 3628 1889 ταπεινωθῆναι
3664 1816 3781 1885 ἐγὼ

518 1908 935 1981 ὲπλημμέλησα.
964 1928 985 1963 ι
1037 1910 1152 1983 Πρὸ
1190 1912 1298 1984 γάρ
1350 1911 1446 1966 τοῦ
1506 1913 1699 1968 παθεῖν
1743 1914 1965 1980 τελείως
2008 1916 2108 1989 τὴν
2156 1914 2467 1990 ἁμαρτίαν,
2527 1907 3065 1983 προπλημμελοῦμεν
3102 1910 3263 1980 ἡμεῖς
3302 1910 3371 1980 τῇ
3417 1908 3627 1962 συνέσει
3665 1909 3778 1961 τῶν

518 2002 812 2073 λογισμῶν,
847 2003 1113 2074 τιμῶντες
1148 2005 1340 2078 αὐτὴν,
1381 2007 1477 2060 καὶ
1528 2007 1967 2079 καταδεχόμενοι,
1997 2013 2097 2065 καὶ⁵
2127 2012 2293 2066 τόπον
2320 2005 2527 2060 εἰσόδου
2546 2003 2781 2069 διδόντες
2813 2002 2901 2058 διά
2929 2002 3121 2057 τούτου
3150 2002 3227 2074 τῷ
3285 2003 3518 2073 Σατανᾷ.
3583 2003 3778 2057 Ἔσται

520 2100 577 2153 δὲ
606 2100 778 2163 τύπος
806 2098 900 2152 καὶ
924 2096 1089 2154 εἰκὼν
1123 2099 1218 2154 τοῦ
1253 2102 1581 2173 πράγματος
1618 2102 1711 2156 τοῦ
1742 2104 2002 2176 προδότου
2034 2105 2096 2160 τὸ
2133 2105 2325 2170 πάθος.

588 2234 728 2300 χιιι,
755 2237 847 2304 27,
873 2235 965 2292 28.
1014 2236 1085 2290 Et
1123 2236 1262 2291 dixit
1299 2239 1347 2293 ei
1380 2237 1540 2295 Iesus
1566 2256 1591 2295 .°
1623 2239 1779 2306 Quod
1807 2242 1968 2312 facis,
2008 2243 2096 2310 {ac

519 2329 700 2387 citius.
744 2328 859 2385 Hoc
906 2337 1083 2384 autem
1129 2325 1281 2385 neuio
1326 2332 1480 2386 scivit
1532 2331 1979 2389 discumbentium
2026 2335 2096 2390 ad

517 2424 644 2493 quid
673 2423 870 2478 dixerit
903 2425 954 2478 ei
961 2462 975 2477 .

593 2559 859 2617 Dissonus
899 2559 1060 2624 forte.
1097 2556 1215 2616 nec’
1233 2560 1468 2615 multum
1486 2568 1906 2617 consentaneus
1944 2567 2097 2618 ante-

521 2652 686 2709 dictis
735 2653 913 2709 videri
959 2654 1138 2724 possit
1172 2659 1357 2707 textus
1396 2653 1737 2731 propositus.
1772 2652 1886 2707 Cur
1921 2653 2095 2721 enim,

522 2743 670 2800 dicet
715 2744 939 2814 aliquis,
999 2760 1180 2816 neque
1236 2746 1292 2801 id
1347 2745 1446 2802 abs
1506 2762 1593 2811 re,
1644 2762 1771 2802 cum
1820 2748 1962 2803 clam
2010 2764 2102 2804 ar-

2270 2242 2441 2314 Λέγει
2467 2241 2628 2307 αὐτῷ
2657 2243 2690 2295 ὀ
2728 2238 2969 2308 Ἰησοῦς
2987 2255 3002 2269 ο
3053 2238 3123 2290 Ὃ
3144 2235 3352 2303 ποιεῖς,
3392 2238 3654 2305 ποίησον
3683 2241 3783 2294 τά-

2199 2352 2354 2405 χιον.
2414 2333 2595 2389 Τοῦτο
2643 2332 2712 2386 δὲ
2757 2330 2959 2395 οὐδεὶς
3009 2327 3164 2399 ἔγνω
3214 2326 3334 2382 τῶν
3373 2329 3784 2401 ἀνακειμένων

2199 2427 2350 2496 πρὸς
2382 2427 2440 2480 τι
2481 2421 2651 2479 εἶπεν
2677 2423 2858 2489 αὐτῷ.

2284 2561 2515 2633 Ἀπᾷδον
2556 2561 2655 2632 μὲν
2694 2561 2849 2627 ἴσως,
2889 2561 2983 2615 καὶ
3009 2561 3071 2615 ού
3116 2561 3322 2635 σφόδρα
3350 2561 3642 2634 συμϐαῖνον
3671 2564 3784 2625 τοῖς

2199 2654 2302 2725 ήδη
2327 2652 2750 2726 προειρημένοις
2793 2651 2994 2718 δόξειεν
3018 2653 3086 2708 ἂν
3114 2649 3252 2707 εἶναί
3273 2670 3351 2726 τῳ
3378 2653 3537 2725 τυχὸν
3563 2654 3622 2708 τὺ
3649 2671 3781 2725 προ⁸

2192 2743 2465 2814 κείμενον.
2500 2741 2750 2795 Ἀνθότου
2785 2742 2895 2815 γάρ
2927 2743 3015 2814 δὴ,
3046 2744 3269 2813 φήσειεν
3288 2745 3375 2807 ἂν,
3414 2745 3509 2801 καὶ
3543 2745 3643 2798 ούκ
3675 2745 3785 2798 ἀπὸ

521 2840 732 2901 gueret,
766 2848 868 2888 nec
916 2834 1065 2891 clare
1119 2834 1389 2892 Dominus
1449 2837 1519 2892 ab
1577 2838 1745 2908 impia
1781 2838 1931 2895 caede
1968 2855 2096 2911 pro-

2197 2833 2425 2898 σκοποῦ,
2471 2834 2764 2904 διελέγχων
2810 2835 3230 2907 κεκρυμμένως,
3273 2837 3369 2889 καὶ
3404 2837 3505 2890 οὐκ
3537 2836 3785 2907 ἐναργῶς

523 2922 758 2978 ditorem
789 2932 1087 2988 averteret,
1119 2940 1268 2980 nunc
1290 2924 1357 2980 ad
1393 2941 1513 2981 eam
1565 2927 1831 2997 instigare
1860 2927 2096 2997 videtur,

2197 2924 2524 2997 ἀποτρέπων
2568 2926 2597 2978 6
2642 2925 2847 2996 Κύριος
2881 2926 2978 2996 τῆς
3021 2926 3103 2989 είς
3130 2925 3292 2979 αὐτὸν
3339 2925 3651 2995 μιαιφονίας
3691 2926 3784 2979 τὸν

523 3023 579 3068 et
610 3013 818 3069 hortari
854 3023 912 3070 ut
948 3015 1280 3072 detestabile
1325 3024 1550 3087 tamque
1603 3019 1830 3090 impium
1884 3020 2096 3077 facinus

2199 3016 2504 3089 προδιδόναι
2529 3017 2921 3083 σπουδάζοντα,
2953 3016 3049 3071 νῦν
3084 3017 3221 3089 πρὸς
3248 3017 3420 3088 αὐτὴν
3448 3017 3788 3089 παραθήγων

525 3115 748 3161 strenue
774 3106 1165 3177 aggrediatur?
1188 3106 1260 3162 At
1289 3108 1422 3179 quid
1462 3124 1692 3165 necesse
1727 3120 1866 3176 erat,
1896 3111 2096 3181 inquit,

2201 3110 2414 3180 δρᾶται,
2444 3109 2713 3181 ἀμελλητὶ
2747 3108 2804 3162 δὲ
2847 3107 3081 3179 βαδίζειν
3114 3108 3251 3181 πρὸς
3280 3109 3344 3163 τὸ
3377 3108 3518 3164 οὕτω
3545 3110 3789 3181 μυσαρόν

525 3195 799 3251 hominem
842 3210 940 3265 per
959 3212 1019 3253 se
1041 3197 1181 3254 satis
1220 3198 1510 3252 incitatum
1542 3213 1611 3254 eo
1646 3198 1950 3270 impellere,
1971 3214 2096 3255 cum

2201 3222 2260 3258 τε
2292 3206 2387 3259 καὶ
2429 3205 2642 3259 ἀνόσιον
2690 3203 3061 3258 διακελεύεται
3092 3205 3454 3276 σπούδασμα;
3510 3204 3702 3260 Καίτοι
3732 3205 3788 3258 τί

526 3294 817 3356 praestaret
860 3288 1337 3346 admonitionibus
1386 3290 1443 3345 in
1479 3290 1676 3347 melius
1715 3307 2002 3359 revocare,
2048 3299 2096 3347 et

2205 3297 2405 3367 μᾶλλον
2437 3296 2528 3350 τὸν
2549 3295 2761 3351 οίκοθεν
2788 3296 2898 3351 ἔδει
2938 3297 3204 3351 νοσοῦντα
3229 3296 3593 3369 παροτρῦναι,
3625 3299 3785 3369 φησι,

527 3396 555 3434 a
607 3380 890 3452 preposito
936 3381 1120 3452 ipsum
1174 3381 1416 3437 consilio
1464 3382 1746 3438 avertere?
1775 3381 1841 3436 Et
1876 3382 2099 3451 quidem

524 3474 630 3528 erit
679 3473 775 3545 qui
806 3473 1107 3531 absurdum
1151 3489 1277 3531 esse
1315 3472 1559 3530 fateatur
1599 3473 1749 3545 quod
1799 3474 1889 3530 hic
1924 3474 2102 3528 inela-

529 3576 643 3621 mat
672 3567 969 3622 Christus:
998 3574 1382 3623 verumtamen
1432 3567 1480 3621 si
1527 3567 1799 3637 propositi
1831 3567 1936 3622 lori
1972 3582 2103 3623 sen-

527 3675 648 3714 sum
676 3659 897 3715 acutius
930 3658 1254 3729 inspexerit,
1277 3657 1416 3713 nihil
1441 3657 1686 3714 absurde
1706 3658 1919 3714 dictum
1949 3673 2102 3714 com-

528 3753 719 3820 periet,
753 3751 848 3808 sed
895 3767 1077 3808 aerem
1133 3753 1316 3822 potius
1361 3753 1590 3809 subesse
1646 3766 1901 3819 sensum,
1936 3767 2101 3822 quem

524 3860 631 3917 ego
665 3860 768 3917 pro
796 3845 943 3900 virili
989 3844 1181 3916 paucis
1230 3845 1477 3901 conabor
1515 3844 1821 3915 explicare.
1851 3844 2104 3900 Pruden-

525 3938 746 3994 tissime
780 3938 964 4009 itaque
1015 3938 1237 4009 sapiens
1285 3933 1622 4009 evangelista
1664 3939 1922 4009 superius
1961 3937 2103 3993 dixit

528 4031 703 4100 ipsum
725 4029 981 4086 Satanam
1011 4031 1063 4084 in
1090 4046 1186 4086 cor
1218 4031 1512 4101 proditoris
1535 4031 1689 4102 prius
1715 4029 1988 4100 irrupisse
2022 4036 2105 4083 at-

525 4137 633 4193 que
654 4122 933 4186 introisse,
966 4131 1025 4177 ut
1054 4123 1335 4178 videretur
1360 4123 1583 4178 tandem
1611 4118 1879 4175 Dominus
1913 4130 2104 4174 noster

523 4212 685 4272 Jesus
710 4214 965 4271 Christus
984 4215 1088 4286 ipsi
1111 4215 1293 4287 potius
1315 4229 1482 4285 quam
1500 4213 1548 4269 ei
1567 4213 1660 4284 qui
1684 4226 1876 4282 reapse
1892 4225 1956 4264 ac
1972 4224 2105 4265 vere

526 4308 595 4361 ab
623 4307 747 4378 ipso
767 4323 863 4377 per
883 4307 1045 4379 740
1068 4307 1456 4379 negligentiam
1483 4307 1663 4360 victus
1693 4304 1871 4358 fuerat
1894 4301 2101 4365 dicere,

531 4418 550 4451 ι
585 4397 741 4466 Quod
767 4398 926 4463 facis,
950 4397 1036 4452 fac
1061 4399 1194 4452 cito.
1227 4416 1245 4448 ι
1273 4396 1426 4451 Idem
1452 4395 1601 4451 enim
1633 4402 1718 4449 est
1745 4409 1809 4447 ac
1848 4393 1895 4449 si
1916 4400 2105 4464 aperte

2202 3387 2339 3460 πρὸς
2367 3387 2548 3451 τοῦτο,
2602 3387 2697 3441 καὶ
2748 3387 3087 3459 τεθηγμένον
3139 3388 3200 3453 ἐξ
3252 3388 3468 3452 ἑαυτοῦ,
3519 3389 3615 3442 καὶ
3661 3389 3786 3458 οὐχὶ

2205 3476 2399 3547 μᾶλλον
2439 3476 2817 3548 άνασειράζειν
2852 3480 2974 3541 ταῖς
2994 3478 3301 3542 νουθεσίαις
3330 3478 3426 3532 ἐπὶ
3447 3478 3508 3531 τὸ
3539 3479 3786 3549 ἄμεινον,

2202 3568 2297 3620 καὶ
2333 3567 2434 3637 τῆς
2473 3566 2828 3640 προτεθείσης
2874 3569 3034 3624 αὐτὸν
3078 3569 3345 3639 ἀνακόψαι
3397 3569 3623 3641 βουλῆς;
3671 3572 3786 3624 Καὶ

2200 3659 2316 3730 δοίη
2365 3660 2462 3730 μὲν
2504 3661 2570 3715 ἄν
2601 3677 2687 3725 τις
2722 3660 2928 3733 σφόδρα
2975 3661 3071 3716 τοῦ
3118 3663 3425 3734 πρέποντος
3462 3662 3787 3734 διαμαρτεῖν

2200 3749 2463 3822 λογισμοῦ
2491 3751 2591 3823 τὴν
2625 3752 2717 3806 ἐπὶ
2743 3753 2920 3824 τούτῳ
2954 3753 3251 3826 καταϐοήν
3278 3754 3685 3825 ὁξυωπέστερόν
3718 3771 3786 3823 γε

2205 3846 2314 3912 μὴν
2356 3844 2469 3906 τοῖς
2499 3844 2558 3896 ὲν
2599 3844 2677 3915 τῷ
2703 3844 3049 3916 προκειμένῳ
3076 3844 3395 3917 θεωρήματι
3421 3845 3631 3917 ὲνείρας
3665 3843 3785 3918 [γρ.

2202 3933 2501 4006 ἐνερείσας]
2562 3935 2653 3988 τὸν
2704 3936 2851 3999 νοῦν,
2907 3936 3123 3998 ἀτόπως
3166 3936 3264 4006 μὲν
3300 3936 3455 3990 οὐδὲν
3493 3937 3789 4007 εἰρημένον

2203 4024 2445 4096 εὑρήσει,
2496 4026 2747 4097 δριμεῖαν
2796 4026 2853 4078 δὲ
2895 4027 3093 4097 μᾶλλον
3135 4027 3321 4091 αὐτοῖς
3370 4028 3790 4098 ἐνυπάρχουσαν

2205 4120 2440 4183 σύνεσιν,
2458 4119 2525 4189 ἢν
2543 4118 2659 4182 καὶ,
2687 4118 2835 4181 ὅπως
2854 4117 2918 4171 ἂν
2937 4117 3201 4189 δύνωμαι,
3226 4118 3316 4171 διὰ
3340 4117 3584 4190 βραχέων
3607 4119 3789 4171 εἰπεῖν

2205 4210 2558 4280 πειράσομαι.
2597 4207 3084 4280 Προνοητικώτατα
3130 4209 3307 4274 τοίνυν
3345 4212 3402 4264 ὲν
3430 4211 3540 4272 τοῖς
3579 4207 3790 4278 προλα-

2204 4301 2388 4355 ϐοῦσιν
2407 4303 2435 4354 6
2455 4301 2616 4370 σοφὸς
2638 4299 3025 4372 εύαγγελιστὴς
3046 4300 3478 4373 προεισπηδῆσαι
3497 4299 3591 4353 καὶ
3608 4301 3791 4355 εἰσελ-

2205 4393 2319 4448 θεῖν
2365 4394 2446 4459 είς
2486 4394 2583 4465 τὴν
2630 4393 2726 4447 τοῦ
2779 4393 3040 4465 προδότου
3072 4393 3300 4464 καρδίαν
3340 4393 3503 4447 αὐτὸν
3535 4392 3637 4464 ἔφη
3688 4392 3788 4447 τὸν

524 4488 977 4546 diceret:'l‘uum
1010 4503 1172 4558 opus,
1218 4487 1367 4558 quod
1402 4500 1574 4541 unum
1615 4485 1763 4541 noSIi
1804 4492 1860 4538 et
1916 4483 2096 4540 facere

2205 4486 2466 4549 Σατανᾶν,
2503 4485 2590 4537 ἵνα
2620 4483 2877 4556 φαίνηται
2901 4482 3084 4537 λοιπὸν
3108 4486 3136 4537 6
3159 4482 3361 4556 Κύριος
3383 4487 3414 4554 ή
3425 4483 3542 4555 μῶν
3575 4485 3789 4555 Ἰησοῦς

526 4584 694 4646 soles,
728 4596 761 4634 ο
813 4580 1037 4643 Satana,
1067 4579 1152 4635 fac
1186 4579 1322 4634 cito.
1350 4576 1618 4633 Occidisti
1654 4577 1991 4660 prophetask
2010 4575 2098 4631 Ju-

525 4671 657 4727 daeis
688 4671 891 4740 quippe
919 4669 987 4724 ad
1022 4669 1358 4739 impietatem
1387 4668 1585 4723 ducem
1621 4676 1672 4723 te
1701 4667 2009 4738 praebuisti,
2043 4676 2100 4723 et

524 4761 848 4832 lapidandos
872 4761 1078 4814 curasti
1102 4760 1196 4830 qui
1237 4760 1536 4814 salutarem
1572 4757 1759 4813 lsraeli
1787 4757 2096 4812 doctrinam

525 4850 877 4914 nuntiabant,
912 4849 1119 4905 nemini
1169 4864 1361 4905 eorum
1401 4848 1495 4920 qui
1539 4863 1569 4902 a
1608 4849 1718 4903 Deo
1765 4849 1921 4903 missi
1968 4858 2100 4904 sunt

526 4942 822 5015 pepercisti
857 4962 869 4997 :
902 4957 1065 4997 omne
1125 4941 1472 4997 crudelitatis
1523 4948 1577 4996 et
1642 4941 1845 4997 furoris
1919 4957 2095 5012 genus

462 5091 471 5107 τ
526 5035 673 5090 ultra
729 5033 956 5087 modum
1008 5030 1331 5087 exercuisti.
1368 5030 1540 5088 Venio
1592 5033 1758 5102 igitur
1805 5043 1928 5102 post
1975 5033 2101 5087 illos

524 5140 647 5197 ego,
692 5126 1010 5181 errantibus
1048 5123 1283 5178 daturus
1320 5131 1380 5178 ut
1438 5139 1545 5179 non
1597 5124 1833 5194 amplius
1886 5136 2096 5189 errent,

526 5217 585 5270 in
625 5216 873 5271 tenebris
912 5215 1178 5286 degentes
1220 5215 1276 5269 in
1318 5213 1438 5269 luce
1469 5214 1656 5268 divina
1695 5216 2095 5279 collocaturus,

527 5307 581 5362 in
609 5314 732 5361 tuos
762 5308 989 5377 laqueos
1031 5308 1214 5377 lapsos
1253 5320 1317 5361 ac
1348 5316 1456 5359 tum
1486 5304 1830 5361 crudelitatis
1857 5308 2093 5376 praedam

529 5399 705 5454 factos
752 5374 866 5453 tuis
925 5374 1161 5452 νίηέιιῖἰε
1221 5396 1596 5467 expediturus.
1642 5394 1816 5451 Venio
1858 5374 2097 5467 peccati

525 5498 752 5561 propter
784 5495 837 5543 te
865 5490 1149 5560 regnantis
1173 5504 1469 5545 eversurus
1497 5487 1864 5560 tyrannidem,
1893 5500 1946 5542 et
1970 5488 2097 5558 quis

525 5586 596 5639 sit
643 5589 839 5636 natura
875 5579 1019 5636 Deus
1054 5581 1202 5636 omni
1267 5580 1470 5635 homini
1529 5578 1927 5649 patefacturus.
1978 5577 2083 5634 Sed

591 5761 632 5791 "
676 5756 821 5813 Psal.
859 5774 1063 5821 smn,
1106 5757 1195 5811 67.

2205 4580 2233 4631 6
2271 4575 2505 4647 Χριστὸς
2541 4575 2692 4647 αὐτῷ
2736 4574 2956 4647 μᾶλλον,
2985 4577 3129 4647 ήπερ
3158 4575 3326 4638 δντως
3347 4594 3406 4629 τε
3445 4576 3539 4630 καὶ
3564 4574 3788 4645 ἀληθῶς

2207 4669 2284 4739 τῷ
2320 4669 2449 4739 παρ’
2473 4668 2636 4722 αὐτοῦ
2666 4669 2731 4722 δι’
2773 4667 3105 4741 ἁπροσεξίας
3141 4670 3538 4741 κεκρατημένῳ
3567 4669 3750 4738 λέγειν
3770 4687 3785 4701 ’

2214 4779 2231 4812 ι
2250 4761 2313 4814 Ὃ
2331 4764 2523 4825 ποιεῖς,
2546 4760 2672 4831 ποίη
2682 4778 2771 4813 σον
2787 4761 2988 4830 τάχιον.
3017 4778 3034 4809 ι
3067 4760 3290 4829 Ὅμοιον
3313 4761 3443 4832 γὰρ,
3464 4760 3540 4824 ὡς
3561 4763 3609 4813 εξ
3631 4758 3788 4828 λέγοι

2210 4852 2395 4922 σαφῶς
2420 4870 2435 4883 ’
2463 4853 2536 4905 T6
2562 4851 2653 4905 σὸν
2679 4851 2839 4921 ἔργον
2872 4851 3008 4920 ὅπερ
3037 4845 3192 4903 οἶσθα
3223 4850 3401 4921 μόνον,
3428 4851 3522 4904 καὶ
3545 4850 3675 4922 δρᾷν
3694 4850 3787 4904 ἀεί

2209 4962 2292 4998 σοι
2337 4944 2510 5014 (palma,
2540 4942 2585 4996 ὦ
2622 4944 2855 5004 Σατανᾶ,
2900 4942 3125 5014 ποίησον
3168 4944 3373 5013 τάχιον.
3426 4944 3787 5009 Ἀπέκτεινας
3886 5004 3900 5015 ,

2198 5039 2323 5099 τοὺς
2354 5036 2641 5107 προφήτας
2671 5034 3049 5104 (ἐστρατήγεις
3089 5035 3197 5107 γὰρ
3237 5036 3313 5098 si;
3358 5034 3611 5088 ἀσέϐειαν
3650 5035 3787 5088 Ἰου-

2196 5125 2412 5196 δαίοις),
2445 5126 2539 5179 καὶ
2562 5125 2682 5178 τότε
2713 5124 3141 5195 καταλευσθῆῦαι
3192 5126 3617 5196 παρασκευάσας
3655 5142 3785 5189 τους

2195 5216 2287 5269 τὸν
2315 5216 2578 5286 σωτήριον
2617 5212 2714 5267 τοῦ
2768 5214 2985 5285 Ἰσραὴλ
3028 5216 3431 5288 πρεσϐεύοντας
3462 5216 3640 5285 λόγον,
3690 5218 3782 5270 οὐ·

2195 5306 2341 5368 δενδς
2361 5305 2563 5374 ἐφείσω
2592 5304 2699 5357 τῶν
2728 5305 3155 5376 ἀπεσταλμένων
3189 5307 3339 5378 παρὰ
3370 5307 3507 5362 Θεοῦ
3534 5325 3548 5339 ’
3597 5291 3783 5362 πᾶσαν

2199 5398 2281 5458 εἰς
2322 5394 2520 5456 αὐτοὺς
2549 5392 2820 5457 ἁπεδείξω
2857 5394 2956 5463 τὴν
2999 5394 3141 5464 ὑπὲρ
3172 5394 3328 5461 λόγον
3375 5394 3633 5464 ὠμότητα
3684 5397 3784 5449 καὶ

2202 5486 2401 5556 μανίας
2449 5487 2775 5558 ὑπερϐολήν.
2820 5487 2979 5540 Ἥκω
3021 5485 3311 5558 τοιγαροῦν
3372 5487 3485 5556 μετ’
3534 5485 3780 5550 ἐκείνους

2197 5576 2326 5647 ἐγὼ,
2361 5579 2473 5643 τοῖς
2511 5579 2608 5649 μὲν
2643 5579 2719 5633 ἔτι
2748 5579 3121 5650 πλανωμένοις
3151 5580 3209 5632 τὸ
3247 5578 3445 5650 μηκέτι
3469 5577 3781 5635 πλανᾶσθαι
