  <div class='ocr_page' id='page_1' title='image "/cluster/home/n/w/nwhite01/storage/ocr_20150623/74/hvd.32044048207120/078.png"; bbox 0 0 4062 6208; ppageno 0'>
   <div class='ocr_carea' id='block_1_1' title="bbox 264 189 367 246">
    <p class='ocr_par' dir='ltr' id='par_1_1' title="bbox 264 189 367 246">
     <span class='ocr_line' id='line_1_1' title="bbox 264 189 367 246; baseline 0.029 -4"><span class='ocrx_word' id='word_1_1' title='bbox 264 189 367 246; x_wconf 73' lang='lat'><strong>“5</strong></span> 
     </span>
    </p>
   </div>
   <div class='ocr_carea' id='block_1_2' title="bbox 1301 197 2478 259">
    <p class='ocr_par' dir='ltr' id='par_1_2' title="bbox 1301 197 2478 259">
     <span class='ocr_line' id='line_1_2' title="bbox 1301 197 2478 259; baseline 0.003 -4"><span class='ocrx_word' id='word_1_2' title='bbox 1301 200 1366 255; x_wconf 77' lang='grc' dir='ltr'><strong>ΙΝ</strong></span> <span class='ocrx_word' id='word_1_3' title='bbox 1408 198 1693 257; x_wconf 72' lang='lat' dir='ltr'><strong>JOANNIS</strong></span> <span class='ocrx_word' id='word_1_4' title='bbox 1719 197 2171 259; x_wconf 73' lang='lat' dir='ltr'><strong>EVANGELIUH</strong></span> <span class='ocrx_word' id='word_1_5' title='bbox 2213 204 2344 258; x_wconf 88' lang='lat' dir='ltr'><strong>LIB.</strong></span> <span class='ocrx_word' id='word_1_6' title='bbox 2391 201 2478 259; x_wconf 69' lang='lat' dir='ltr'><strong>IX.</strong></span> 
     </span>
    </p>
   </div>
   <div class='ocr_carea' id='block_1_3' title="bbox 3425 213 3546 271">
    <p class='ocr_par' dir='ltr' id='par_1_3' title="bbox 3425 213 3546 271">
     <span class='ocr_line' id='line_1_3' title="bbox 3425 213 3546 271; baseline -0.017 0"><span class='ocrx_word' id='word_1_7' title='bbox 3425 213 3546 271; x_wconf 57' lang='lat' dir='ltr'><strong>illi&quot;</strong></span> 
     </span>
    </p>
   </div>
   <div class='ocr_carea' id='block_1_4' title="bbox 265 312 1863 404">
    <p class='ocr_par' dir='ltr' id='par_1_4' title="bbox 265 312 1846 404">
     <span class='ocr_line' id='line_1_4' title="bbox 265 312 1846 404; baseline 0.001 -35"><span class='ocrx_word' id='word_1_8' title='bbox 265 312 467 404; x_wconf 57' lang='grc' dir='ltr'><strong>όιδοῦς,</strong></span> <span class='ocrx_word' id='word_1_9' title='bbox 503 314 616 377; x_wconf 85' lang='grc' dir='ltr'><strong>τοῖς</strong></span> <span class='ocrx_word' id='word_1_10' title='bbox 647 314 704 368; x_wconf 82' lang='grc' dir='ltr'><strong>ὲν</strong></span> <span class='ocrx_word' id='word_1_11' title='bbox 735 317 915 370; x_wconf 89' lang='grc' dir='ltr'><strong>σκότει</strong></span> <span class='ocrx_word' id='word_1_12' title='bbox 947 317 1228 389; x_wconf 82' lang='grc' dir='ltr'><strong>κατορθῶν</strong></span> <span class='ocrx_word' id='word_1_13' title='bbox 1249 320 1310 372; x_wconf 88' lang='grc' dir='ltr'><strong>τὺ</strong></span> <span class='ocrx_word' id='word_1_14' title='bbox 1336 322 1394 373; x_wconf 84' lang='grc' dir='ltr'>ἐν</span> <span class='ocrx_word' id='word_1_15' title='bbox 1419 321 1562 401; x_wconf 51' lang='grc' dir='ltr'><strong>φωτί</strong></span> <span class='ocrx_word' id='word_1_16' title='bbox 1593 320 1846 388; x_wconf 83' lang='grc' dir='ltr'><strong>γενέσθαι</strong></span> 
     </span>
    </p>
   </div>
   <div class='ocr_carea' id='block_1_5' title="bbox 1963 312 3531 404">
    <p class='ocr_par' dir='ltr' id='par_1_5' title="bbox 1963 322 3531 404">
     <span class='ocr_line' id='line_1_5' title="bbox 1963 322 3531 404; baseline 0.011 -32"><span class='ocrx_word' id='word_1_17' title='bbox 1963 322 2197 391; x_wconf 64' lang='lat' dir='ltr'><strong>apprime</strong></span> <span class='ocrx_word' id='word_1_18' title='bbox 2228 325 2355 379; x_wconf 89' lang='lat' dir='ltr'><strong>novi</strong></span> <span class='ocrx_word' id='word_1_19' title='bbox 2389 324 2676 380; x_wconf 77' lang='lat' dir='ltr'><strong>eﬂeratum</strong></span> <span class='ocrx_word' id='word_1_20' title='bbox 2717 329 3178 384; x_wconf 85' lang='lat' dir='ltr'><strong>tuum-animum.</strong></span> <span class='ocrx_word' id='word_1_21' title='bbox 3213 330 3368 397; x_wconf 88' lang='lat' dir='ltr'><strong>Quod</strong></span> <span class='ocrx_word' id='word_1_22' title='bbox 3399 349 3531 404; x_wconf 80' lang='lat' dir='ltr'><strong>ergo</strong></span> 
     </span>
    </p>
   </div>
   <div class='ocr_carea' id='block_1_6' title="bbox 263 395 1854 482">
    <p class='ocr_par' dir='ltr' id='par_1_6' title="bbox 263 395 1854 482">
     <span class='ocr_line' id='line_1_6' title="bbox 263 395 1854 482; baseline 0.006 -26"><span class='ocrx_word' id='word_1_23' title='bbox 263 406 344 475; x_wconf 84' lang='grc' dir='ltr'><strong>τῷ</strong></span> <span class='ocrx_word' id='word_1_24' title='bbox 371 403 523 475; x_wconf 85' lang='grc' dir='ltr'><strong>θείῳ,</strong></span> <span class='ocrx_word' id='word_1_25' title='bbox 553 406 667 469; x_wconf 79' lang='grc' dir='ltr'><strong>τοῖς</strong></span> <span class='ocrx_word' id='word_1_26' title='bbox 697 406 777 470; x_wconf 85' lang='grc' dir='ltr'><strong>είς</strong></span> <span class='ocrx_word' id='word_1_27' title='bbox 797 407 897 478; x_wconf 84' lang='grc' dir='ltr'><strong>τὴν</strong></span> <span class='ocrx_word' id='word_1_28' title='bbox 927 408 1027 480; x_wconf 78' lang='grc' dir='ltr'><strong>σὴν</strong></span> <span class='ocrx_word' id='word_1_29' title='bbox 1054 410 1259 478; x_wconf 84' lang='grc' dir='ltr'><strong>παγίδα</strong></span> <span class='ocrx_word' id='word_1_30' title='bbox 1299 395 1720 482; x_wconf 80' lang='grc' dir='ltr'><strong>κατολισθήσασι</strong></span> <span class='ocrx_word' id='word_1_31' title='bbox 1759 413 1854 466; x_wconf 56' lang='grc' dir='ltr'><strong>καὶ⁵</strong></span> 
     </span>
    </p>
   </div>
   <div class='ocr_carea' id='block_1_7' title="bbox 265 494 1854 574">
    <p class='ocr_par' dir='ltr' id='par_1_7' title="bbox 265 494 1854 574">
     <span class='ocr_line' id='line_1_7' title="bbox 265 494 1854 574; baseline 0.006 -27"><span class='ocrx_word' id='word_1_32' title='bbox 265 494 494 566; x_wconf 79' lang='grc' dir='ltr'><strong>θήραμα</strong></span> <span class='ocrx_word' id='word_1_33' title='bbox 517 495 618 564; x_wconf 84' lang='grc' dir='ltr'><strong>τῆς</strong></span> <span class='ocrx_word' id='word_1_34' title='bbox 644 496 744 566; x_wconf 83' lang='grc' dir='ltr'><strong>σῆς</strong></span> <span class='ocrx_word' id='word_1_35' title='bbox 766 498 1078 569; x_wconf 76' lang='grc' dir='ltr'><strong>γενομένοις</strong></span> <span class='ocrx_word' id='word_1_36' title='bbox 1097 498 1401 571; x_wconf 77' lang='grc' dir='ltr'><strong>ὠμότητος,</strong></span> <span class='ocrx_word' id='word_1_37' title='bbox 1425 502 1488 554; x_wconf 84' lang='grc' dir='ltr'><strong>τὸ</strong></span> <span class='ocrx_word' id='word_1_38' title='bbox 1515 501 1620 569; x_wconf 78' lang='grc' dir='ltr'><strong>ἔξω</strong></span> <span class='ocrx_word' id='word_1_39' title='bbox 1645 502 1854 574; x_wconf 79' lang='grc' dir='ltr'>βρόχων</span> 
     </span>
    </p>
   </div>
   <div class='ocr_carea' id='block_1_8' title="bbox 263 586 1852 665">
    <p class='ocr_par' dir='ltr' id='par_1_8' title="bbox 263 586 1852 665">
     <span class='ocr_line' id='line_1_8' title="bbox 263 586 1852 665; baseline 0.006 -27"><span class='ocrx_word' id='word_1_40' title='bbox 263 586 522 654; x_wconf 85' lang='grc' dir='ltr'><strong>γενέσθαι</strong></span> <span class='ocrx_word' id='word_1_41' title='bbox 552 586 916 658; x_wconf 88' lang='grc' dir='ltr'><strong>δωρούμενος.</strong></span> <span class='ocrx_word' id='word_1_42' title='bbox 951 590 1111 644; x_wconf 86' lang='grc' dir='ltr'><strong>Ἥκω</strong></span> <span class='ocrx_word' id='word_1_43' title='bbox 1147 591 1247 662; x_wconf 82' lang='grc' dir='ltr'><strong>τῆς</strong></span> <span class='ocrx_word' id='word_1_44' title='bbox 1276 592 1366 645; x_wconf 82' lang='grc' dir='ltr'><strong>διὰ</strong></span> <span class='ocrx_word' id='word_1_45' title='bbox 1395 593 1454 646; x_wconf 79' lang='grc' dir='ltr'><strong>σὲ</strong></span> <span class='ocrx_word' id='word_1_46' title='bbox 1485 593 1852 665; x_wconf 88' lang='grc' dir='ltr'><strong>τυραννούσης</strong></span> 
     </span>
    </p>
   </div>
   <div class='ocr_carea' id='block_1_9' title="bbox 268 679 1854 756">
    <p class='ocr_par' dir='ltr' id='par_1_9' title="bbox 268 679 1854 756">
     <span class='ocr_line' id='line_1_9' title="bbox 268 679 1854 756; baseline 0.004 -23"><span class='ocrx_word' id='word_1_47' title='bbox 268 679 546 750; x_wconf 85' lang='grc' dir='ltr'><strong>ἁμαρτίας</strong></span> <span class='ocrx_word' id='word_1_48' title='bbox 575 681 896 735; x_wconf 74' lang='grc' dir='ltr'><strong>καταλύσων</strong></span> <span class='ocrx_word' id='word_1_49' title='bbox 917 681 979 736; x_wconf 82' lang='grc' dir='ltr'><strong>τὸ</strong></span> <span class='ocrx_word' id='word_1_50' title='bbox 997 683 1218 754; x_wconf 85' lang='grc' dir='ltr'><strong>κράτος,</strong></span> <span class='ocrx_word' id='word_1_51' title='bbox 1252 685 1347 738; x_wconf 61' lang='grc' dir='ltr'><strong>καὶ⁹</strong></span> <span class='ocrx_word' id='word_1_52' title='bbox 1377 685 1458 749; x_wconf 89' lang='grc' dir='ltr'><strong>τίς</strong></span> <span class='ocrx_word' id='word_1_53' title='bbox 1483 687 1512 738; x_wconf 83' lang='grc' dir='ltr'>ὁ</span> <span class='ocrx_word' id='word_1_54' title='bbox 1543 686 1702 756; x_wconf 67' lang='grc' dir='ltr'><strong>φύσει</strong></span> <span class='ocrx_word' id='word_1_55' title='bbox 1721 687 1854 750; x_wconf 76' lang='grc' dir='ltr'><strong>Θεὸς</strong></span> 
     </span>
    </p>
   </div>
   <div class='ocr_carea' id='block_1_10' title="bbox 269 771 1852 850">
    <p class='ocr_par' dir='ltr' id='par_1_10' title="bbox 269 771 1852 850">
     <span class='ocr_line' id='line_1_10' title="bbox 269 771 1852 850; baseline 0.005 -25"><span class='ocrx_word' id='word_1_56' title='bbox 269 771 549 836; x_wconf 70' lang='grc' dir='ltr'><strong>ἐπιδείξων</strong></span> <span class='ocrx_word' id='word_1_57' title='bbox 591 771 863 844; x_wconf 79' lang='grc' dir='ltr'><strong>ἀνθρώπῳ</strong></span> <span class='ocrx_word' id='word_1_58' title='bbox 891 775 1073 828; x_wconf 89' lang='grc' dir='ltr'><strong>παντί.</strong></span> <span class='ocrx_word' id='word_1_59' title='bbox 1112 776 1249 829; x_wconf 85' lang='grc' dir='ltr'><strong>Ἀλλ’</strong></span> <span class='ocrx_word' id='word_1_60' title='bbox 1283 773 1400 832; x_wconf 79' lang='grc' dir='ltr'><strong>οἶδα</strong></span> <span class='ocrx_word' id='word_1_61' title='bbox 1425 779 1609 832; x_wconf 82' lang='grc' dir='ltr'><strong>λοιπὸν</strong></span> <span class='ocrx_word' id='word_1_62' title='bbox 1649 781 1710 833; x_wconf 79' lang='grc' dir='ltr'><strong>οὐ</strong></span> <span class='ocrx_word' id='word_1_63' title='bbox 1754 798 1852 850; x_wconf 91' lang='grc' dir='ltr'><strong>με-</strong></span> 
     </span>
    </p>
   </div>
   <div class='ocr_carea' id='block_1_11' title="bbox 267 861 1851 939">
    <p class='ocr_par' dir='ltr' id='par_1_11' title="bbox 267 861 1851 939">
     <span class='ocr_line' id='line_1_11' title="bbox 267 861 1851 939; baseline 0.006 -25"><span class='ocrx_word' id='word_1_64' title='bbox 267 861 435 932; x_wconf 86' lang='grc' dir='ltr'><strong>τρίως</strong></span> <span class='ocrx_word' id='word_1_65' title='bbox 465 861 566 932; x_wconf 81' lang='grc' dir='ltr'><strong>τὴν</strong></span> <span class='ocrx_word' id='word_1_66' title='bbox 600 865 700 934; x_wconf 75' lang='grc' dir='ltr'><strong>σὴν</strong></span> <span class='ocrx_word' id='word_1_67' title='bbox 732 864 1024 918; x_wconf 87' lang='grc' dir='ltr'><strong>ἀτίθασσον</strong></span> <span class='ocrx_word' id='word_1_68' title='bbox 1063 865 1256 936; x_wconf 80' lang='grc' dir='ltr'>φρένα.</span> <span class='ocrx_word' id='word_1_69' title='bbox 1288 866 1466 939; x_wconf 86' lang='grc' dir='ltr'><strong>Ὅπερ</strong></span> <span class='ocrx_word' id='word_1_70' title='bbox 1495 864 1588 922; x_wconf 83' lang='grc' dir='ltr'>οῦν</span> <span class='ocrx_word' id='word_1_71' title='bbox 1617 869 1737 932; x_wconf 78' lang='grc' dir='ltr'><strong>ἔθος</strong></span> <span class='ocrx_word' id='word_1_72' title='bbox 1771 886 1851 923; x_wconf 92' lang='grc' dir='ltr'><strong>σοι</strong></span> 
     </span>
    </p>
   </div>
   <div class='ocr_carea' id='block_1_12' title="bbox 267 951 1850 1028">
    <p class='ocr_par' dir='ltr' id='par_1_12' title="bbox 267 951 1850 1028">
     <span class='ocr_line' id='line_1_12' title="bbox 267 951 1850 1028; baseline 0.006 -24"><span class='ocrx_word' id='word_1_73' title='bbox 267 951 496 1024; x_wconf 81' lang='grc' dir='ltr'><strong>τολμᾷν,</strong></span> <span class='ocrx_word' id='word_1_74' title='bbox 553 955 646 1008; x_wconf 77' lang='grc' dir='ltr'><strong>ἐπὶ</strong></span> <span class='ocrx_word' id='word_1_75' title='bbox 705 959 818 1021; x_wconf 69' lang='lat' dir='ltr'><strong>rei;</strong></span> <span class='ocrx_word' id='word_1_76' title='bbox 861 956 932 1010; x_wconf 84' lang='grc' dir='ltr'><strong>τά</strong></span> <span class='ocrx_word' id='word_1_77' title='bbox 965 956 1194 1010; x_wconf 87' lang='grc' dir='ltr'><strong>τοιαῦτα</strong></span> <span class='ocrx_word' id='word_1_78' title='bbox 1243 957 1542 1028; x_wconf 80' lang='grc' dir='ltr'><strong>κατορθοῦν</strong></span> <span class='ocrx_word' id='word_1_79' title='bbox 1581 958 1850 1025; x_wconf 84' lang='grc' dir='ltr'><strong>ὲθέλουσι,</strong></span> 
     </span>
    </p>
   </div>
   <div class='ocr_carea' id='block_1_13' title="bbox 267 1045 1852 1121">
    <p class='ocr_par' dir='ltr' id='par_1_13' title="bbox 267 1045 1852 1121">
     <span class='ocr_line' id='line_1_13' title="bbox 267 1045 1852 1121; baseline 0.006 -24"><span class='ocrx_word' id='word_1_80' title='bbox 267 1045 476 1115; x_wconf 81' lang='grc' dir='ltr'><strong>πράττε</strong></span> <span class='ocrx_word' id='word_1_81' title='bbox 508 1047 604 1099; x_wconf 72' lang='grc' dir='ltr'><strong>καὶ</strong></span> <span class='ocrx_word' id='word_1_82' title='bbox 646 1046 760 1102; x_wconf 86' lang='grc' dir='ltr'><strong>νῦν.</strong></span> <span class='ocrx_word' id='word_1_83' title='bbox 825 1048 1093 1115; x_wconf 84' lang='grc' dir='ltr'><strong>Ἀνιάσεις</strong></span> <span class='ocrx_word' id='word_1_84' title='bbox 1119 1049 1229 1121; x_wconf 83' lang='grc' dir='ltr'><strong>γὰρ</strong></span> <span class='ocrx_word' id='word_1_85' title='bbox 1259 1050 1510 1121; x_wconf 62' lang='grc' dir='ltr'><strong>οωαμῶς</strong></span> <span class='ocrx_word' id='word_1_86' title='bbox 1539 1053 1852 1106; x_wconf 71' lang='grc' dir='ltr'><strong>ἐπιπίπτων</strong></span> 
     </span>
    </p>
   </div>
   <div class='ocr_carea' id='block_1_14' title="bbox 264 1123 1852 1213">
    <p class='ocr_par' dir='ltr' id='par_1_14' title="bbox 264 1123 1852 1213">
     <span class='ocr_line' id='line_1_14' title="bbox 264 1123 1852 1213; baseline 0.006 -23"><span class='ocrx_word' id='word_1_87' title='bbox 264 1137 412 1202; x_wconf 75' lang='grc' dir='ltr'><strong>ὀξὺς,</strong></span> <span class='ocrx_word' id='word_1_88' title='bbox 444 1139 542 1192; x_wconf 74' lang='grc' dir='ltr'><strong>καὶ</strong></span> <span class='ocrx_word' id='word_1_89' title='bbox 578 1140 785 1211; x_wconf 76' lang='grc' dir='ltr'><strong>σφόδρα</strong></span> <span class='ocrx_word' id='word_1_90' title='bbox 811 1123 1008 1211; x_wconf 70' lang='grc' dir='ltr'><strong>δριμῦς</strong></span> <span class='ocrx_word' id='word_1_91' title='bbox 1049 1142 1388 1213; x_wconf 75' lang='grc' dir='ltr'><strong>ἐγκείμενος,</strong></span> <span class='ocrx_word' id='word_1_92' title='bbox 1427 1146 1552 1198; x_wconf 82' lang='grc' dir='ltr'><strong>ὅσον</strong></span> <span class='ocrx_word' id='word_1_93' title='bbox 1595 1147 1662 1199; x_wconf 84' lang='grc' dir='ltr'><strong>ἂν</strong></span> <span class='ocrx_word' id='word_1_94' title='bbox 1697 1145 1852 1199; x_wconf 85' lang='grc' dir='ltr'><strong>ἔσται</strong></span> 
     </span>
    </p>
   </div>
   <div class='ocr_carea' id='block_1_15' title="bbox 265 1230 1852 1308">
    <p class='ocr_par' dir='ltr' id='par_1_15' title="bbox 265 1230 1852 1308">
     <span class='ocr_line' id='line_1_15' title="bbox 265 1230 1852 1308; baseline 0.004 -25"><span class='ocrx_word' id='word_1_95' title='bbox 265 1231 326 1284; x_wconf 86' lang='grc' dir='ltr'><strong>τδ</strong></span> <span class='ocrx_word' id='word_1_96' title='bbox 355 1230 532 1294; x_wconf 81' lang='grc' dir='ltr'><strong>πάθος</strong></span> <span class='ocrx_word' id='word_1_97' title='bbox 573 1231 640 1284; x_wconf 84' lang='grc' dir='ltr'><strong>δι’</strong></span> <span class='ocrx_word' id='word_1_98' title='bbox 669 1233 802 1302; x_wconf 81' lang='grc' dir='ltr'><strong>ἐμοῦ</strong></span> <span class='ocrx_word' id='word_1_99' title='bbox 828 1231 1053 1303; x_wconf 88' lang='grc' dir='ltr'><strong>βαδίσαν</strong></span> <span class='ocrx_word' id='word_1_100' title='bbox 1091 1237 1148 1288; x_wconf 86' lang='grc' dir='ltr'><strong>ὲν</strong></span> <span class='ocrx_word' id='word_1_101' title='bbox 1186 1236 1352 1306; x_wconf 78' lang='grc' dir='ltr'>ἀρχῇ.</span> <span class='ocrx_word' id='word_1_102' title='bbox 1403 1237 1519 1291; x_wconf 76' lang='grc' dir='ltr'><strong>Καὶ·</strong></span> <span class='ocrx_word' id='word_1_103' title='bbox 1551 1237 1711 1292; x_wconf 75' lang='grc' dir='ltr'><strong>ταυτὶ</strong></span> <span class='ocrx_word' id='word_1_104' title='bbox 1753 1238 1852 1308; x_wconf 82' lang='grc' dir='ltr'><strong>μὲν</strong></span> 
     </span>
    </p>
   </div>
   <div class='ocr_carea' id='block_1_16' title="bbox 267 1322 1850 1400">
    <p class='ocr_par' dir='ltr' id='par_1_16' title="bbox 267 1322 1850 1400">
     <span class='ocr_line' id='line_1_16' title="bbox 267 1322 1850 1400; baseline 0.004 -24"><span class='ocrx_word' id='word_1_105' title='bbox 267 1324 444 1391; x_wconf 77' lang='grc' dir='ltr'><strong>ἔγωγε</strong></span> <span class='ocrx_word' id='word_1_106' title='bbox 474 1322 570 1375; x_wconf 90' lang='grc' dir='ltr'><strong>τοῦ</strong></span> <span class='ocrx_word' id='word_1_107' title='bbox 601 1323 849 1394; x_wconf 80' lang='grc' dir='ltr'><strong>Σωτῆρος</strong></span> <span class='ocrx_word' id='word_1_108' title='bbox 875 1324 943 1378; x_wconf 84' lang='grc' dir='ltr'><strong>τὰ</strong></span> <span class='ocrx_word' id='word_1_109' title='bbox 967 1325 1209 1395; x_wconf 79' lang='grc' dir='ltr'><strong>ῥήματα,</strong></span> <span class='ocrx_word' id='word_1_110' title='bbox 1232 1328 1334 1396; x_wconf 81' lang='grc' dir='ltr'><strong>τὴν</strong></span> <span class='ocrx_word' id='word_1_111' title='bbox 1363 1326 1470 1380; x_wconf 26' lang='grc' dir='ltr'><strong>τοῦ.</strong></span> <span class='ocrx_word' id='word_1_112' title='bbox 1488 1332 1850 1400; x_wconf 74' lang='grc' dir='ltr'><strong>προκειμένου</strong></span> 
     </span>
    </p>
   </div>
   <div class='ocr_carea' id='block_1_17' title="bbox 266 1412 1853 1492">
    <p class='ocr_par' dir='ltr' id='par_1_17' title="bbox 266 1412 1853 1492">
     <span class='ocr_line' id='line_1_17' title="bbox 266 1412 1853 1492; baseline 0.004 -25"><span class='ocrx_word' id='word_1_113' title='bbox 266 1412 501 1481; x_wconf 83' lang='grc' dir='ltr'><strong>δύναμιν</strong></span> <span class='ocrx_word' id='word_1_114' title='bbox 539 1413 948 1468; x_wconf 81' lang='grc' dir='ltr'><strong>ὑπαινίττεσθαί</strong></span> <span class='ocrx_word' id='word_1_115' title='bbox 981 1433 1100 1480; x_wconf 87' lang='grc' dir='ltr'><strong>πως</strong></span> <span class='ocrx_word' id='word_1_116' title='bbox 1137 1417 1506 1490; x_wconf 79' lang='grc' dir='ltr'><strong>ὑπολαμϐάνω</strong></span> <span class='ocrx_word' id='word_1_117' title='bbox 1531 1437 1544 1452; x_wconf 82' lang='grc'><em>’</em></span> <span class='ocrx_word' id='word_1_118' title='bbox 1590 1421 1853 1492; x_wconf 82' lang='grc' dir='ltr'><strong>ἐπιταχύ-</strong></span> 
     </span>
    </p>
   </div>
   <div class='ocr_carea' id='block_1_18' title="bbox 268 1505 1851 1585">
    <p class='ocr_par' dir='ltr' id='par_1_18' title="bbox 268 1505 1851 1585">
     <span class='ocr_line' id='line_1_18' title="bbox 268 1505 1851 1585; baseline 0.005 -27"><span class='ocrx_word' id='word_1_119' title='bbox 268 1505 455 1558; x_wconf 87' lang='grc' dir='ltr'><strong>νεσθαι</strong></span> <span class='ocrx_word' id='word_1_120' title='bbox 483 1505 542 1559; x_wconf 87' lang='grc' dir='ltr'><strong>δὲ</strong></span> <span class='ocrx_word' id='word_1_121' title='bbox 565 1506 654 1560; x_wconf 87' lang='grc' dir='ltr'><strong>διὰ</strong></span> <span class='ocrx_word' id='word_1_122' title='bbox 691 1507 850 1560; x_wconf 85' lang='grc' dir='ltr'><strong>τοῦτο</strong></span> <span class='ocrx_word' id='word_1_123' title='bbox 887 1509 1214 1580; x_wconf 81' lang='grc' dir='ltr'><strong>προστάττει</strong></span> <span class='ocrx_word' id='word_1_124' title='bbox 1242 1510 1313 1564; x_wconf 83' lang='grc' dir='ltr'><strong>τὰ</strong></span> <span class='ocrx_word' id='word_1_125' title='bbox 1339 1512 1688 1584; x_wconf 84' lang='grc' dir='ltr'><strong>τολμήματα,</strong></span> <span class='ocrx_word' id='word_1_126' title='bbox 1721 1513 1851 1585; x_wconf 81' lang='grc' dir='ltr'><strong>φέρε</strong></span> 
     </span>
    </p>
   </div>
   <div class='ocr_carea' id='block_1_19' title="bbox 1955 410 3530 487">
    <p class='ocr_par' dir='ltr' id='par_1_19' title="bbox 1955 410 3530 487">
     <span class='ocr_line' id='line_1_19' title="bbox 1955 410 3530 487; baseline 0.01 -25"><span class='ocrx_word' id='word_1_127' title='bbox 1955 410 2160 467; x_wconf 86' lang='lat' dir='ltr'><strong>audere</strong></span> <span class='ocrx_word' id='word_1_128' title='bbox 2196 413 2364 476; x_wconf 88' lang='lat' dir='ltr'><strong>soles,</strong></span> <span class='ocrx_word' id='word_1_129' title='bbox 2403 412 2489 468; x_wconf 76' lang='lat' dir='ltr'><strong>fac</strong></span> <span class='ocrx_word' id='word_1_130' title='bbox 2522 413 2850 469; x_wconf 88' lang='lat' dir='ltr'><strong>etiamnum.</strong></span> <span class='ocrx_word' id='word_1_131' title='bbox 2879 414 3235 487; x_wconf 82' lang='lat' dir='ltr'><strong>Nequaquam</strong></span> <span class='ocrx_word' id='word_1_132' title='bbox 3267 422 3411 475; x_wconf 90' lang='lat' dir='ltr'><strong>enim</strong></span> <span class='ocrx_word' id='word_1_133' title='bbox 3445 438 3530 478; x_wconf 88' lang='lat' dir='ltr'><strong>mc</strong></span> 
     </span>
    </p>
   </div>
   <div class='ocr_carea' id='block_1_20' title="bbox 1955 500 3526 572">
    <p class='ocr_par' dir='ltr' id='par_1_20' title="bbox 1955 500 3526 572">
     <span class='ocr_line' id='line_1_20' title="bbox 1955 500 3526 572; baseline 0.006 -17"><span class='ocrx_word' id='word_1_134' title='bbox 1955 500 2141 564; x_wconf 69' lang='lat' dir='ltr'><strong>laedes,</strong></span> <span class='ocrx_word' id='word_1_135' title='bbox 2178 504 2400 560; x_wconf 89' lang='lat' dir='ltr'><strong>tametsi</strong></span> <span class='ocrx_word' id='word_1_136' title='bbox 2466 503 2706 560; x_wconf 81' lang='lat' dir='ltr'><strong>infestus</strong></span> <span class='ocrx_word' id='word_1_137' title='bbox 2773 522 2932 572; x_wconf 85' lang='lat' dir='ltr'><strong>ruas,</strong></span> <span class='ocrx_word' id='word_1_138' title='bbox 2996 507 3174 563; x_wconf 91' lang='lat' dir='ltr'><strong>donec</strong></span> <span class='ocrx_word' id='word_1_139' title='bbox 3245 510 3526 566; x_wconf 86' lang='lat' dir='ltr'><strong>advenerit</strong></span> 
     </span>
    </p>
   </div>
   <div class='ocr_carea' id='block_1_21' title="bbox 1953 595 3526 672">
    <p class='ocr_par' dir='ltr' id='par_1_21' title="bbox 1953 595 3526 672">
     <span class='ocr_line' id='line_1_21' title="bbox 1953 595 3526 672; baseline 0.006 -25"><span class='ocrx_word' id='word_1_140' title='bbox 1953 595 2158 664; x_wconf 79' lang='lat' dir='ltr'><strong>passio.</strong></span> <span class='ocrx_word' id='word_1_141' title='bbox 2197 596 2380 667; x_wconf 78' lang='lat' dir='ltr'><strong>Atque</strong></span> <span class='ocrx_word' id='word_1_142' title='bbox 2415 597 2501 652; x_wconf 87' lang='lat' dir='ltr'><strong>bis</strong></span> <span class='ocrx_word' id='word_1_143' title='bbox 2544 613 2647 670; x_wconf 84' lang='lat' dir='ltr'><strong>ego</strong></span> <span class='ocrx_word' id='word_1_144' title='bbox 2681 599 2867 654; x_wconf 77' lang='lat' dir='ltr'><strong>verbis</strong></span> <span class='ocrx_word' id='word_1_145' title='bbox 2916 599 3228 656; x_wconf 84' lang='lat' dir='ltr'><strong>Servatoris</strong></span> <span class='ocrx_word' id='word_1_146' title='bbox 3261 603 3367 656; x_wconf 86' lang='lat' dir='ltr'><strong>loci</strong></span> <span class='ocrx_word' id='word_1_147' title='bbox 3405 619 3526 672; x_wconf 83' lang='lat' dir='ltr'><strong>pro-</strong></span> 
     </span>
    </p>
   </div>
   <div class='ocr_carea' id='block_1_22' title="bbox 1953 686 3530 762">
    <p class='ocr_par' dir='ltr' id='par_1_22' title="bbox 1953 686 3530 762">
     <span class='ocr_line' id='line_1_22' title="bbox 1953 686 3530 762; baseline 0.006 -23"><span class='ocrx_word' id='word_1_148' title='bbox 1953 686 2117 755; x_wconf 92' lang='lat' dir='ltr'><strong>positi</strong></span> <span class='ocrx_word' id='word_1_149' title='bbox 2150 701 2375 744; x_wconf 88' lang='lat' dir='ltr'><strong>sensum</strong></span> <span class='ocrx_word' id='word_1_150' title='bbox 2413 690 2822 758; x_wconf 90' lang='lat' dir='ltr'><strong>quodammodo</strong></span> <span class='ocrx_word' id='word_1_151' title='bbox 2847 693 3396 762; x_wconf 81' lang='lat' dir='ltr'><strong>subinnui-opinor-z</strong></span> <span class='ocrx_word' id='word_1_152' title='bbox 3435 695 3530 749; x_wconf 84' lang='lat' dir='ltr'><strong>sed</strong></span> 
     </span>
    </p>
   </div>
   <div class='ocr_carea' id='block_1_23' title="bbox 1952 778 3532 854">
    <p class='ocr_par' dir='ltr' id='par_1_23' title="bbox 1952 778 3532 854">
     <span class='ocr_line' id='line_1_23' title="bbox 1952 778 3532 854; baseline 0.006 -24"><span class='ocrx_word' id='word_1_153' title='bbox 1952 793 2054 830; x_wconf 90' lang='lat' dir='ltr'><strong>cur</strong></span> <span class='ocrx_word' id='word_1_154' title='bbox 2081 778 2296 834; x_wconf 81' lang='lat' dir='ltr'><strong>facinus</strong></span> <span class='ocrx_word' id='word_1_155' title='bbox 2328 781 2648 836; x_wconf 86' lang='lat' dir='ltr'><strong>accelerari-</strong></span> <span class='ocrx_word' id='word_1_156' title='bbox 2682 783 2897 852; x_wconf 70' lang='lat' dir='ltr'><strong>jubeat;</strong></span> <span class='ocrx_word' id='word_1_157' title='bbox 2937 800 3036 854; x_wconf 88' lang='lat' dir='ltr'><strong>age</strong></span> <span class='ocrx_word' id='word_1_158' title='bbox 3067 788 3246 838; x_wconf 89' lang='lat' dir='ltr'><strong>denuo</strong></span> <span class='ocrx_word' id='word_1_159' title='bbox 3277 787 3532 841; x_wconf 85' lang='lat' dir='ltr'><strong>conside-</strong></span> 
     </span>
    </p>
   </div>
   <div class='ocr_carea' id='block_1_24' title="bbox 1953 868 3531 946">
    <p class='ocr_par' dir='ltr' id='par_1_24' title="bbox 1953 868 3531 946">
     <span class='ocr_line' id='line_1_24' title="bbox 1953 868 3531 946; baseline 0.004 -23"><span class='ocrx_word' id='word_1_160' title='bbox 1953 883 2153 924; x_wconf 71' lang='lat' dir='ltr'><strong>l‘C‘ItlttS.</strong></span> <span class='ocrx_word' id='word_1_161' title='bbox 2176 868 2522 928; x_wconf 84' lang='lat' dir='ltr'><strong>Gravissima</strong></span> <span class='ocrx_word' id='word_1_162' title='bbox 2549 873 2753 944; x_wconf 87' lang='lat' dir='ltr'><strong>quippe</strong></span> <span class='ocrx_word' id='word_1_163' title='bbox 2773 883 2858 930; x_wconf 87' lang='lat' dir='ltr'><strong>est</strong></span> <span class='ocrx_word' id='word_1_164' title='bbox 2883 874 3204 930; x_wconf 55' lang='lat' dir='ltr'><strong>Iudaeorum</strong></span> <span class='ocrx_word' id='word_1_165' title='bbox 3241 877 3531 946; x_wconf 90' lang='lat' dir='ltr'><strong>impiorum</strong></span> 
     </span>
    </p>
   </div>
   <div class='ocr_carea' id='block_1_25' title="bbox 1953 961 3535 1026">
    <p class='ocr_par' dir='ltr' id='par_1_25' title="bbox 1953 961 3535 1026">
     <span class='ocr_line' id='line_1_25' title="bbox 1953 961 3535 1026; baseline 0.007 -13"><span class='ocrx_word' id='word_1_166' title='bbox 1953 961 2206 1026; x_wconf 86' lang='lat' dir='ltr'><strong>audacia,</strong></span> <span class='ocrx_word' id='word_1_167' title='bbox 2253 963 2572 1020; x_wconf 81' lang='lat' dir='ltr'><strong>incredibili</strong></span> <span class='ocrx_word' id='word_1_168' title='bbox 2625 967 2815 1022; x_wconf 89' lang='lat' dir='ltr'><strong>furore</strong></span> <span class='ocrx_word' id='word_1_169' title='bbox 2861 967 2916 1021; x_wconf 93' lang='lat' dir='ltr'><strong>in</strong></span> <span class='ocrx_word' id='word_1_170' title='bbox 2954 985 3080 1022; x_wconf 91' lang='lat' dir='ltr'><strong>eum</strong></span> <span class='ocrx_word' id='word_1_171' title='bbox 3118 970 3311 1024; x_wconf 71' lang='lat' dir='ltr'><strong>saevire</strong></span> <span class='ocrx_word' id='word_1_172' title='bbox 3358 969 3535 1024; x_wconf 87' lang='lat' dir='ltr'><strong>medi-</strong></span> 
     </span>
    </p>
   </div>
   <div class='ocr_carea' id='block_1_26' title="bbox 1953 1054 3532 1127">
    <p class='ocr_par' dir='ltr' id='par_1_26' title="bbox 1953 1054 3532 1127">
     <span class='ocr_line' id='line_1_26' title="bbox 1953 1054 3532 1127; baseline 0.006 -22"><span class='ocrx_word' id='word_1_173' title='bbox 1953 1055 2206 1109; x_wconf 89' lang='lat' dir='ltr'><strong>tantium.</strong></span> <span class='ocrx_word' id='word_1_174' title='bbox 2234 1054 2430 1127; x_wconf 81' lang='lat' dir='ltr'><strong>Flagra</strong></span> <span class='ocrx_word' id='word_1_175' title='bbox 2453 1058 2628 1125; x_wconf 91' lang='lat' dir='ltr'><strong>enim,</strong></span> <span class='ocrx_word' id='word_1_176' title='bbox 2653 1070 2708 1114; x_wconf 93' lang='lat' dir='ltr'><strong>et</strong></span> <span class='ocrx_word' id='word_1_177' title='bbox 2735 1060 3158 1116; x_wconf 77' lang='lat' dir='ltr'><strong>maledictorum</strong></span> <span class='ocrx_word' id='word_1_178' title='bbox 3195 1061 3354 1116; x_wconf 89' lang='lat' dir='ltr'><strong>turba</strong></span> <span class='ocrx_word' id='word_1_179' title='bbox 3390 1062 3532 1114; x_wconf 86' lang='lat' dir='ltr'><strong>into-</strong></span> 
     </span>
    </p>
   </div>
   <div class='ocr_carea' id='block_1_27' title="bbox 1953 1146 3533 1220">
    <p class='ocr_par' dir='ltr' id='par_1_27' title="bbox 1953 1146 3533 1220">
     <span class='ocr_line' id='line_1_27' title="bbox 1953 1146 3533 1220; baseline 0.006 -22"><span class='ocrx_word' id='word_1_180' title='bbox 1953 1146 2221 1210; x_wconf 87' lang='lat' dir='ltr'><strong>lerabilis,</strong></span> <span class='ocrx_word' id='word_1_181' title='bbox 2263 1149 2459 1219; x_wconf 63' lang='lat' dir='ltr'><strong>plaga},</strong></span> <span class='ocrx_word' id='word_1_182' title='bbox 2491 1159 2677 1220; x_wconf 89' lang='lat' dir='ltr'><strong>sputa,</strong></span> <span class='ocrx_word' id='word_1_183' title='bbox 2719 1153 2786 1207; x_wconf 85' lang='lat' dir='ltr'><strong>ad</strong></span> <span class='ocrx_word' id='word_1_184' title='bbox 2829 1159 3141 1208; x_wconf 85' lang='lat' dir='ltr'><strong>extremum</strong></span> <span class='ocrx_word' id='word_1_185' title='bbox 3198 1153 3533 1211; x_wconf 78' lang='lat' dir='ltr'><strong>miserabilis</strong></span> 
     </span>
    </p>
   </div>
   <div class='ocr_carea' id='block_1_28' title="bbox 1953 1238 3530 1313">
    <p class='ocr_par' dir='ltr' id='par_1_28' title="bbox 1953 1238 3530 1313">
     <span class='ocr_line' id='line_1_28' title="bbox 1953 1238 3530 1313; baseline 0.004 -22"><span class='ocrx_word' id='word_1_186' title='bbox 1953 1253 2105 1302; x_wconf 80' lang='lat' dir='ltr'><strong>mors</strong></span> <span class='ocrx_word' id='word_1_187' title='bbox 2139 1238 2196 1294; x_wconf 93' lang='lat' dir='ltr'><strong>in</strong></span> <span class='ocrx_word' id='word_1_188' title='bbox 2227 1241 2400 1312; x_wconf 89' lang='lat' dir='ltr'><strong>ligno,</strong></span> <span class='ocrx_word' id='word_1_189' title='bbox 2448 1244 2612 1308; x_wconf 83' lang='lat' dir='ltr'><strong>clavi,</strong></span> <span class='ocrx_word' id='word_1_190' title='bbox 2647 1259 2806 1312; x_wconf 89' lang='lat' dir='ltr'><strong>crux,</strong></span> <span class='ocrx_word' id='word_1_191' title='bbox 2857 1254 3096 1313; x_wconf 88' lang='lat' dir='ltr'><strong>acetum,</strong></span> <span class='ocrx_word' id='word_1_192' title='bbox 3133 1254 3183 1300; x_wconf 87' lang='lat' dir='ltr'><strong>et</strong></span> <span class='ocrx_word' id='word_1_193' title='bbox 3235 1247 3328 1310; x_wconf 84' lang='lat' dir='ltr'><strong>fel,</strong></span> <span class='ocrx_word' id='word_1_194' title='bbox 3359 1254 3412 1300; x_wconf 89' lang='lat' dir='ltr'><strong>et</strong></span> <span class='ocrx_word' id='word_1_195' title='bbox 3466 1262 3530 1300; x_wconf 91' lang='lat' dir='ltr'><strong>ex</strong></span> 
     </span>
    </p>
   </div>
   <div class='ocr_carea' id='block_1_29' title="bbox 1952 1327 3531 1406">
    <p class='ocr_par' dir='ltr' id='par_1_29' title="bbox 1952 1327 3531 1406">
     <span class='ocr_line' id='line_1_29' title="bbox 1952 1327 3531 1406; baseline 0.003 -25"><span class='ocrx_word' id='word_1_196' title='bbox 1952 1327 2108 1381; x_wconf 86' lang='lat' dir='ltr'><strong>hasta</strong></span> <span class='ocrx_word' id='word_1_197' title='bbox 2147 1329 2352 1386; x_wconf 81' lang='lat' dir='ltr'><strong>vulnus</strong></span> <span class='ocrx_word' id='word_1_198' title='bbox 2386 1347 2512 1386; x_wconf 93' lang='lat' dir='ltr'><strong>eum</strong></span> <span class='ocrx_word' id='word_1_199' title='bbox 2565 1334 2880 1389; x_wconf 89' lang='lat' dir='ltr'><strong>manebant.</strong></span> <span class='ocrx_word' id='word_1_200' title='bbox 2913 1335 3055 1401; x_wconf 87' lang='lat' dir='ltr'><strong>Quid</strong></span> <span class='ocrx_word' id='word_1_201' title='bbox 3103 1350 3232 1406; x_wconf 79' lang='lat' dir='ltr'><strong>ergo</strong></span> <span class='ocrx_word' id='word_1_202' title='bbox 3284 1334 3531 1397; x_wconf 75' lang='lat' dir='ltr'><strong>festinat,</strong></span> 
     </span>
    </p>
   </div>
   <div class='ocr_carea' id='block_1_30' title="bbox 1951 1419 3535 1495">
    <p class='ocr_par' dir='ltr' id='par_1_30' title="bbox 1951 1419 3535 1495">
     <span class='ocr_line' id='line_1_30' title="bbox 1951 1419 3535 1495; baseline 0.005 -24"><span class='ocrx_word' id='word_1_203' title='bbox 1951 1419 2154 1489; x_wconf 88' lang='lat' dir='ltr'><strong>inquit,</strong></span> <span class='ocrx_word' id='word_1_204' title='bbox 2173 1436 2238 1475; x_wconf 88' lang='lat' dir='ltr'><strong>ac</strong></span> <span class='ocrx_word' id='word_1_205' title='bbox 2261 1421 2383 1476; x_wconf 87' lang='lat' dir='ltr'><strong>sine</strong></span> <span class='ocrx_word' id='word_1_206' title='bbox 2411 1438 2566 1477; x_wconf 87' lang='lat' dir='ltr'><strong>mora</strong></span> <span class='ocrx_word' id='word_1_207' title='bbox 2595 1424 2717 1478; x_wconf 89' lang='lat' dir='ltr'><strong>vult</strong></span> <span class='ocrx_word' id='word_1_208' title='bbox 2748 1440 2779 1478; x_wconf 91' lang='lat' dir='ltr'><strong>a</strong></span> <span class='ocrx_word' id='word_1_209' title='bbox 2799 1425 3022 1479; x_wconf 84' lang='lat' dir='ltr'><strong>diabolo</strong></span> <span class='ocrx_word' id='word_1_210' title='bbox 3052 1426 3234 1495; x_wconf 80' lang='lat' dir='ltr'><strong>peragi</strong></span> <span class='ocrx_word' id='word_1_211' title='bbox 3256 1424 3535 1495; x_wconf 82' lang='lat' dir='ltr'><strong>passionis</strong></span> 
     </span>
    </p>
   </div>
   <div class='ocr_carea' id='block_1_31' title="bbox 1954 1509 3573 1568">
    <p class='ocr_par' dir='ltr' id='par_1_31' title="bbox 1954 1509 3573 1568">
     <span class='ocr_line' id='line_1_31' title="bbox 1954 1509 3573 1568; baseline 0.001 -2"><span class='ocrx_word' id='word_1_212' title='bbox 1954 1509 2222 1566; x_wconf 87' lang='lat' dir='ltr'><strong>nefarium</strong></span> <span class='ocrx_word' id='word_1_213' title='bbox 2279 1510 2536 1568; x_wconf 81' lang='lat' dir='ltr'><strong>facinus?</strong></span> <span class='ocrx_word' id='word_1_214' title='bbox 2590 1512 2831 1568; x_wconf 82' lang='lat' dir='ltr'><strong>Ministri</strong></span> <span class='ocrx_word' id='word_1_215' title='bbox 2868 1514 3016 1568; x_wconf 89' lang='lat' dir='ltr'><strong>enim</strong></span> <span class='ocrx_word' id='word_1_216' title='bbox 3074 1520 3128 1568; x_wconf 90' lang='lat' dir='ltr'><strong>ct</strong></span> <span class='ocrx_word' id='word_1_217' title='bbox 3181 1521 3573 1567; x_wconf 79' lang='lat' dir='ltr'><strong>exsecutorcs‘</strong></span> 
     </span>
    </p>
   </div>
   <div class='ocr_carea' id='block_1_32' title="bbox 268 1597 1863 1677">
    <p class='ocr_par' dir='ltr' id='par_1_32' title="bbox 268 1597 1853 1677">
     <span class='ocr_line' id='line_1_32' title="bbox 268 1597 1853 1677; baseline 0.005 -25"><span class='ocrx_word' id='word_1_218' title='bbox 268 1599 329 1666; x_wconf 77' lang='grc' dir='ltr'><strong>δὴ</strong></span> <span class='ocrx_word' id='word_1_219' title='bbox 361 1597 526 1650; x_wconf 78' lang='grc' dir='ltr'><strong>πάλιν</strong></span> <span class='ocrx_word' id='word_1_220' title='bbox 560 1597 1037 1669; x_wconf 84' lang='grc' dir='ltr'><strong>διασκεπτὼμεθα.</strong></span> <span class='ocrx_word' id='word_1_221' title='bbox 1085 1601 1281 1656; x_wconf 78' lang='grc' dir='ltr'><strong>Καίτοι</strong></span> <span class='ocrx_word' id='word_1_222' title='bbox 1325 1605 1607 1658; x_wconf 82' lang='grc' dir='ltr'><strong>πάνδεινον</strong></span> <span class='ocrx_word' id='word_1_223' title='bbox 1656 1605 1756 1677; x_wconf 80' lang='grc' dir='ltr'><strong>μὲν</strong></span> <span class='ocrx_word' id='word_1_224' title='bbox 1791 1608 1853 1660; x_wconf 79' lang='grc' dir='ltr'><strong>τὸ</strong></span> 
     </span>
    </p>
   </div>
   <div class='ocr_carea' id='block_1_33' title="bbox 1963 1597 3533 1677">
    <p class='ocr_par' dir='ltr' id='par_1_33' title="bbox 1963 1603 3533 1676">
     <span class='ocr_line' id='line_1_33' title="bbox 1963 1603 3533 1676; baseline -0.001 -19"><span class='ocrx_word' id='word_1_225' title='bbox 1963 1603 2224 1658; x_wconf 85' lang='lat' dir='ltr'><strong>malorum</strong></span> <span class='ocrx_word' id='word_1_226' title='bbox 2251 1605 2446 1659; x_wconf 87' lang='lat' dir='ltr'><strong>horum</strong></span> <span class='ocrx_word' id='word_1_227' title='bbox 2475 1603 2630 1660; x_wconf 84' lang='lat' dir='ltr'><strong>fuere</strong></span> <span class='ocrx_word' id='word_1_228' title='bbox 2655 1604 2850 1660; x_wconf 64' lang='lat' dir='ltr'><strong>Judaei.</strong></span> <span class='ocrx_word' id='word_1_229' title='bbox 2871 1605 2976 1676; x_wconf 91' lang='lat' dir='ltr'><strong>Ipsi</strong></span> <span class='ocrx_word' id='word_1_230' title='bbox 3004 1614 3182 1659; x_wconf 89' lang='lat' dir='ltr'><strong>tamen</strong></span> <span class='ocrx_word' id='word_1_231' title='bbox 3209 1614 3266 1657; x_wconf 92' lang='lat' dir='ltr'><strong>nt</strong></span> <span class='ocrx_word' id='word_1_232' title='bbox 3289 1607 3533 1657; x_wconf 89' lang='lat' dir='ltr'><strong>omnium</strong></span> 
     </span>
    </p>
   </div>
   <div class='ocr_carea' id='block_1_34' title="bbox 268 1669 1863 1766">
    <p class='ocr_par' dir='ltr' id='par_1_34' title="bbox 268 1669 1853 1766">
     <span class='ocr_line' id='line_1_34' title="bbox 268 1669 1853 1766; baseline 0.006 -23"><span class='ocrx_word' id='word_1_233' title='bbox 268 1691 374 1743; x_wconf 84' lang='grc' dir='ltr'><strong>τῶν</strong></span> <span class='ocrx_word' id='word_1_234' title='bbox 405 1691 637 1744; x_wconf 75' lang='grc' dir='ltr'>ἀνοσίων</span> <span class='ocrx_word' id='word_1_235' title='bbox 671 1691 987 1762; x_wconf 83' lang='grc' dir='ltr'><strong>εὑρίσκεται</strong></span> <span class='ocrx_word' id='word_1_236' title='bbox 1017 1692 1238 1764; x_wconf 83' lang='grc' dir='ltr'><strong>θράσος,</strong></span> <span class='ocrx_word' id='word_1_237' title='bbox 1267 1697 1622 1766; x_wconf 81' lang='grc' dir='ltr'><strong>ὲμπαροινεῖν</strong></span> <span class='ocrx_word' id='word_1_238' title='bbox 1656 1669 1853 1753; x_wconf 42' lang='grc' dir='ltr'><strong>’ἀκαθ-</strong></span> 
     </span>
    </p>
   </div>
   <div class='ocr_carea' id='block_1_35' title="bbox 1963 1669 3536 1766">
    <p class='ocr_par' dir='ltr' id='par_1_35' title="bbox 1963 1669 3536 1765">
     <span class='ocr_line' id='line_1_35' title="bbox 1963 1669 3536 1765; baseline 0 -19"><span class='ocrx_word' id='word_1_239' title='bbox 1963 1691 2082 1747; x_wconf 85' lang='lat' dir='ltr'><strong>duci</strong></span> <span class='ocrx_word' id='word_1_240' title='bbox 2111 1701 2164 1748; x_wconf 87' lang='lat' dir='ltr'><strong>et</strong></span> <span class='ocrx_word' id='word_1_241' title='bbox 2207 1694 2262 1749; x_wconf 92' lang='lat' dir='ltr'><strong>in</strong></span> <span class='ocrx_word' id='word_1_242' title='bbox 2293 1694 2494 1749; x_wconf 66' lang='lat' dir='ltr'><strong>caedem</strong></span> <span class='ocrx_word' id='word_1_243' title='bbox 2537 1694 2744 1750; x_wconf 85' lang='lat' dir='ltr'><strong>Christi</strong></span> <span class='ocrx_word' id='word_1_244' title='bbox 2773 1669 3189 1765; x_wconf 59' lang='lat' dir='ltr'><strong>coniuratorum</strong></span> <span class='ocrx_word' id='word_1_245' title='bbox 3219 1703 3384 1763; x_wconf 89' lang='lat' dir='ltr'><strong>atque</strong></span> <span class='ocrx_word' id='word_1_246' title='bbox 3423 1693 3536 1762; x_wconf 91' lang='lat' dir='ltr'><strong>pri-</strong></span> 
     </span>
    </p>
   </div>
   <div class='ocr_carea' id='block_1_36' title="bbox 272 1781 1850 1861">
    <p class='ocr_par' dir='ltr' id='par_1_36' title="bbox 272 1781 1850 1861">
     <span class='ocr_line' id='line_1_36' title="bbox 272 1781 1850 1861; baseline 0.009 -30"><span class='ocrx_word' id='word_1_247' title='bbox 272 1781 444 1844; x_wconf 83' lang='grc' dir='ltr'><strong>ἑκτως</strong></span> <span class='ocrx_word' id='word_1_248' title='bbox 477 1781 751 1851; x_wconf 78' lang='grc' dir='ltr'><strong>ἑλομένων</strong></span> <span class='ocrx_word' id='word_1_249' title='bbox 774 1782 944 1849; x_wconf 80' lang='grc' dir='ltr'><strong>αὐτῷ.</strong></span> <span class='ocrx_word' id='word_1_250' title='bbox 964 1784 1278 1855; x_wconf 83' lang='grc' dir='ltr'><strong>Προσδοκᾷν</strong></span> <span class='ocrx_word' id='word_1_251' title='bbox 1308 1787 1416 1856; x_wconf 77' lang='grc' dir='ltr'><strong>γὰρ</strong></span> <span class='ocrx_word' id='word_1_252' title='bbox 1442 1783 1509 1858; x_wconf 80' lang='grc' dir='ltr'><strong>ἦν</strong></span> <span class='ocrx_word' id='word_1_253' title='bbox 1529 1788 1850 1861; x_wconf 71' lang='grc' dir='ltr'><strong>αἰκίσματα,</strong></span> 
     </span>
    </p>
   </div>
   <div class='ocr_carea' id='block_1_37' title="bbox 270 1872 1852 1956">
    <p class='ocr_par' dir='ltr' id='par_1_37' title="bbox 270 1872 1852 1956">
     <span class='ocr_line' id='line_1_37' title="bbox 270 1872 1852 1956; baseline 0.008 -32"><span class='ocrx_word' id='word_1_254' title='bbox 270 1875 361 1925; x_wconf 76' lang='grc' dir='ltr'><strong>καὶ</strong></span> <span class='ocrx_word' id='word_1_255' title='bbox 392 1872 692 1944; x_wconf 82' lang='grc' dir='ltr'><strong>δυσφήμων</strong></span> <span class='ocrx_word' id='word_1_256' title='bbox 740 1874 896 1944; x_wconf 77' lang='grc' dir='ltr'>ὄχλον</span> <span class='ocrx_word' id='word_1_257' title='bbox 943 1877 1003 1928; x_wconf 77' lang='grc' dir='ltr'><strong>οὐ</strong></span> <span class='ocrx_word' id='word_1_258' title='bbox 1051 1878 1306 1950; x_wconf 72' lang='grc' dir='ltr'><strong>φορητὸν,</strong></span> <span class='ocrx_word' id='word_1_259' title='bbox 1345 1879 1560 1949; x_wconf 77' lang='grc' dir='ltr'><strong>πληγὰς</strong></span> <span class='ocrx_word' id='word_1_260' title='bbox 1629 1886 1724 1936; x_wconf 74' lang='grc' dir='ltr'><strong>καὶ</strong></span> <span class='ocrx_word' id='word_1_261' title='bbox 1753 1886 1852 1956; x_wconf 84' lang='grc' dir='ltr'><strong>ὲμ-</strong></span> 
     </span>
    </p>
   </div>
   <div class='ocr_carea' id='block_1_38' title="bbox 267 1963 1855 2046">
    <p class='ocr_par' dir='ltr' id='par_1_38' title="bbox 267 1963 1855 2046">
     <span class='ocr_line' id='line_1_38' title="bbox 267 1963 1855 2046; baseline 0.008 -31"><span class='ocrx_word' id='word_1_262' title='bbox 267 1963 585 2034; x_wconf 78' lang='grc' dir='ltr'><strong>πτύσματα,</strong></span> <span class='ocrx_word' id='word_1_263' title='bbox 615 1967 712 2018; x_wconf 72' lang='grc' dir='ltr'><strong>καὶ</strong></span> <span class='ocrx_word' id='word_1_264' title='bbox 739 1967 802 2019; x_wconf 85' lang='grc' dir='ltr'><strong>τὸ</strong></span> <span class='ocrx_word' id='word_1_265' title='bbox 844 1968 1148 2022; x_wconf 86' lang='grc' dir='ltr'><strong>τελευταῖον</strong></span> <span class='ocrx_word' id='word_1_266' title='bbox 1191 1970 1422 2023; x_wconf 80' lang='grc' dir='ltr'><strong>ἐλεεινὸν</strong></span> <span class='ocrx_word' id='word_1_267' title='bbox 1451 1972 1541 2025; x_wconf 84' lang='grc' dir='ltr'><strong>τὸν</strong></span> <span class='ocrx_word' id='word_1_268' title='bbox 1582 1975 1674 2026; x_wconf 77' lang='grc' dir='ltr'><strong>ἐπὶ</strong></span> <span class='ocrx_word' id='word_1_269' title='bbox 1714 1974 1855 2046; x_wconf 78' lang='grc' dir='ltr'><strong>ξύλῳ</strong></span> 
     </span>
    </p>
   </div>
   <div class='ocr_carea' id='block_1_39' title="bbox 268 2056 1855 2137">
    <p class='ocr_par' dir='ltr' id='par_1_39' title="bbox 268 2056 1855 2137">
     <span class='ocr_line' id='line_1_39' title="bbox 268 2056 1855 2137; baseline 0.007 -28"><span class='ocrx_word' id='word_1_270' title='bbox 268 2056 520 2120; x_wconf 74' lang='grc' dir='ltr'><strong>θάνατον,</strong></span> <span class='ocrx_word' id='word_1_271' title='bbox 557 2057 740 2126; x_wconf 76' lang='grc' dir='ltr'><strong>ἧλους,</strong></span> <span class='ocrx_word' id='word_1_272' title='bbox 787 2059 884 2112; x_wconf 74' lang='grc' dir='ltr'><strong>καὶ</strong></span> <span class='ocrx_word' id='word_1_273' title='bbox 931 2061 1182 2131; x_wconf 80' lang='grc' dir='ltr'><strong>σταυρὸν,</strong></span> <span class='ocrx_word' id='word_1_274' title='bbox 1223 2061 1364 2126; x_wconf 74' lang='grc' dir='ltr'><strong>ὅξος,</strong></span> <span class='ocrx_word' id='word_1_275' title='bbox 1417 2065 1511 2116; x_wconf 76' lang='grc' dir='ltr'><strong>καὶ</strong></span> <span class='ocrx_word' id='word_1_276' title='bbox 1543 2065 1726 2137; x_wconf 81' lang='grc' dir='ltr'><strong>χολήν,</strong></span> <span class='ocrx_word' id='word_1_277' title='bbox 1761 2067 1855 2120; x_wconf 71' lang='grc' dir='ltr'><strong>καὶ</strong></span> 
     </span>
    </p>
   </div>
   <div class='ocr_carea' id='block_1_40' title="bbox 264 2147 1852 2224">
    <p class='ocr_par' dir='ltr' id='par_1_40' title="bbox 264 2147 1852 2224">
     <span class='ocr_line' id='line_1_40' title="bbox 264 2147 1852 2224; baseline 0.007 -24"><span class='ocrx_word' id='word_1_278' title='bbox 264 2147 334 2200; x_wconf 75' lang='grc' dir='ltr'><strong>τά</strong></span> <span class='ocrx_word' id='word_1_279' title='bbox 378 2149 444 2202; x_wconf 81' lang='grc' dir='ltr'><strong>ἐκ</strong></span> <span class='ocrx_word' id='word_1_280' title='bbox 495 2148 697 2219; x_wconf 87' lang='grc' dir='ltr'><strong>λόγχης</strong></span> <span class='ocrx_word' id='word_1_281' title='bbox 738 2149 1050 2221; x_wconf 82' lang='grc' dir='ltr'><strong>τραύματα.</strong></span> <span class='ocrx_word' id='word_1_282' title='bbox 1107 2152 1171 2204; x_wconf 85' lang='grc' dir='ltr'><strong>Τί</strong></span> <span class='ocrx_word' id='word_1_283' title='bbox 1201 2155 1488 2224; x_wconf 78' lang='grc' dir='ltr'><strong>τοιγαροῦν</strong></span> <span class='ocrx_word' id='word_1_284' title='bbox 1514 2157 1852 2223; x_wconf 76' lang='grc' dir='ltr'><strong>ὲπισπεύδει,</strong></span> 
     </span>
    </p>
   </div>
   <div class='ocr_carea' id='block_1_41' title="bbox 267 2239 1855 2318">
    <p class='ocr_par' dir='ltr' id='par_1_41' title="bbox 267 2239 1855 2318">
     <span class='ocr_line' id='line_1_41' title="bbox 267 2239 1855 2318; baseline 0.008 -27"><span class='ocrx_word' id='word_1_285' title='bbox 267 2240 423 2309; x_wconf 73' lang='grc' dir='ltr'><strong>φησὶ,</strong></span> <span class='ocrx_word' id='word_1_286' title='bbox 456 2239 553 2294; x_wconf 71' lang='grc' dir='ltr'><strong>καὶ</strong></span> <span class='ocrx_word' id='word_1_287' title='bbox 578 2239 848 2311; x_wconf 81' lang='grc' dir='ltr'><strong>ἀμελλητὶ</strong></span> <span class='ocrx_word' id='word_1_288' title='bbox 873 2241 1104 2312; x_wconf 79' lang='grc' dir='ltr'><strong>δρᾶσθαι</strong></span> <span class='ocrx_word' id='word_1_289' title='bbox 1155 2243 1403 2314; x_wconf 87' lang='grc' dir='ltr'><strong>βούλεται</strong></span> <span class='ocrx_word' id='word_1_290' title='bbox 1436 2247 1585 2318; x_wconf 79' lang='grc' dir='ltr'><strong>παρά</strong></span> <span class='ocrx_word' id='word_1_291' title='bbox 1615 2248 1710 2302; x_wconf 87' lang='grc' dir='ltr'><strong>τοῦ</strong></span> <span class='ocrx_word' id='word_1_292' title='bbox 1739 2249 1855 2302; x_wconf 87' lang='grc' dir='ltr'><strong>δια-</strong></span> 
     </span>
    </p>
   </div>
   <div class='ocr_carea' id='block_1_42' title="bbox 266 2331 1856 2414">
    <p class='ocr_par' dir='ltr' id='par_1_42' title="bbox 266 2331 1856 2414">
     <span class='ocr_line' id='line_1_42' title="bbox 266 2331 1856 2414; baseline 0.008 -31"><span class='ocrx_word' id='word_1_293' title='bbox 266 2331 424 2385; x_wconf 69' lang='grc' dir='ltr'><strong>δόλου</strong></span> <span class='ocrx_word' id='word_1_294' title='bbox 456 2331 526 2387; x_wconf 82' lang='grc' dir='ltr'><strong>τὰ</strong></span> <span class='ocrx_word' id='word_1_295' title='bbox 550 2335 644 2387; x_wconf 75' lang='grc' dir='ltr'><strong>ἐπὶ</strong></span> <span class='ocrx_word' id='word_1_296' title='bbox 677 2335 754 2405; x_wconf 82' lang='grc' dir='ltr'><strong>τῷ</strong></span> <span class='ocrx_word' id='word_1_297' title='bbox 783 2335 948 2388; x_wconf 84' lang='grc' dir='ltr'><strong>πάθει</strong></span> <span class='ocrx_word' id='word_1_298' title='bbox 976 2335 1302 2407; x_wconf 85' lang='grc' dir='ltr'><strong>τολμήματα</strong></span> <span class='ocrx_word' id='word_1_299' title='bbox 1330 2356 1344 2405; x_wconf 93' lang='grc'><strong>;</strong></span> <span class='ocrx_word' id='word_1_300' title='bbox 1379 2340 1625 2412; x_wconf 62' lang='grc' dir='ltr'><strong>Καὶ-,γὰρ</strong></span> <span class='ocrx_word' id='word_1_301' title='bbox 1653 2342 1856 2414; x_wconf 82' lang='grc' dir='ltr'><strong>ὑπηρέ-</strong></span> 
     </span>
    </p>
   </div>
   <div class='ocr_carea' id='block_1_43' title="bbox 263 2423 1850 2499">
    <p class='ocr_par' dir='ltr' id='par_1_43' title="bbox 263 2423 1850 2499">
     <span class='ocr_line' id='line_1_43' title="bbox 263 2423 1850 2499; baseline 0.008 -25"><span class='ocrx_word' id='word_1_302' title='bbox 263 2439 356 2474; x_wconf 90' lang='grc' dir='ltr'><strong>ται</strong></span> <span class='ocrx_word' id='word_1_303' title='bbox 401 2423 691 2490; x_wconf 78' lang='grc' dir='ltr'><strong>γεγόνασιν</strong></span> <span class='ocrx_word' id='word_1_304' title='bbox 751 2424 995 2478; x_wconf 81' lang='grc' dir='ltr'><strong>Ἰουδαῖοι</strong></span> <span class='ocrx_word' id='word_1_305' title='bbox 1044 2427 1138 2480; x_wconf 76' lang='grc' dir='ltr'><strong>καὶ</strong></span> <span class='ocrx_word' id='word_1_306' title='bbox 1175 2428 1441 2499; x_wconf 75' lang='grc' dir='ltr'><strong>ὑπουργοὶ</strong></span> <span class='ocrx_word' id='word_1_307' title='bbox 1491 2431 1599 2484; x_wconf 85' lang='grc' dir='ltr'><strong>τῶν</strong></span> <span class='ocrx_word' id='word_1_308' title='bbox 1645 2434 1850 2488; x_wconf 83' lang='grc' dir='ltr'><strong>κακῶν.</strong></span> 
     </span>
    </p>
   </div>
   <div class='ocr_carea' id='block_1_44' title="bbox 277 2512 1856 2595">
    <p class='ocr_par' dir='ltr' id='par_1_44' title="bbox 277 2512 1856 2595">
     <span class='ocr_line' id='line_1_44' title="bbox 277 2512 1856 2595; baseline 0.008 -30"><span class='ocrx_word' id='word_1_309' title='bbox 277 2512 428 2565; x_wconf 78' lang='grc' dir='ltr'><strong>Ἀλλ’</strong></span> <span class='ocrx_word' id='word_1_310' title='bbox 461 2514 653 2582; x_wconf 77' lang='grc' dir='ltr'><strong>ἐκείνῳ</strong></span> <span class='ocrx_word' id='word_1_311' title='bbox 698 2514 758 2567; x_wconf 76' lang='grc' dir='ltr'><strong>τὸ</strong></span> <span class='ocrx_word' id='word_1_312' title='bbox 789 2518 898 2569; x_wconf 78' lang='grc' dir='ltr'><strong>πᾶν</strong></span> <span class='ocrx_word' id='word_1_313' title='bbox 932 2516 1264 2588; x_wconf 77' lang='grc' dir='ltr'><strong>ἐπιθήσομεν</strong></span> <span class='ocrx_word' id='word_1_314' title='bbox 1296 2523 1686 2592; x_wconf 77' lang='grc' dir='ltr'><strong>στρατηγοῦντι</strong></span> <span class='ocrx_word' id='word_1_315' title='bbox 1717 2524 1856 2595; x_wconf 85' lang='grc' dir='ltr'><strong>πρὸς</strong></span> 
     </span>
    </p>
   </div>
   <div class='ocr_carea' id='block_1_45' title="bbox 268 2603 1854 2678">
    <p class='ocr_par' dir='ltr' id='par_1_45' title="bbox 268 2603 1854 2678">
     <span class='ocr_line' id='line_1_45' title="bbox 268 2603 1854 2678; baseline 0.007 -24"><span class='ocrx_word' id='word_1_316' title='bbox 268 2603 616 2673; x_wconf 77' lang='grc' dir='ltr'><strong>μιαιφονίαν,</strong></span> <span class='ocrx_word' id='word_1_317' title='bbox 639 2605 728 2657; x_wconf 80' lang='grc' dir='ltr'><strong>καὶ</strong></span> <span class='ocrx_word' id='word_1_318' title='bbox 749 2606 1010 2677; x_wconf 80' lang='grc' dir='ltr'>ἀπαρχῶν</span> <span class='ocrx_word' id='word_1_319' title='bbox 1033 2606 1316 2678; x_wconf 81' lang='grc' dir='ltr'><strong>ἐξάρχοντι</strong></span> <span class='ocrx_word' id='word_1_320' title='bbox 1337 2609 1445 2662; x_wconf 83' lang='grc' dir='ltr'><strong>τῶν</strong></span> <span class='ocrx_word' id='word_1_321' title='bbox 1469 2610 1674 2665; x_wconf 83' lang='grc' dir='ltr'><strong>κακῶν.</strong></span> <span class='ocrx_word' id='word_1_322' title='bbox 1715 2611 1854 2664; x_wconf 83' lang='grc' dir='ltr'><strong>Ἀλλ’</strong></span> 
     </span>
    </p>
   </div>
   <div class='ocr_carea' id='block_1_46' title="bbox 264 2693 1855 2771">
    <p class='ocr_par' dir='ltr' id='par_1_46' title="bbox 264 2693 1855 2771">
     <span class='ocr_line' id='line_1_46' title="bbox 264 2693 1855 2771; baseline 0.006 -26"><span class='ocrx_word' id='word_1_323' title='bbox 264 2694 316 2745; x_wconf 85' lang='grc' dir='ltr'><strong>εἰ</strong></span> <span class='ocrx_word' id='word_1_324' title='bbox 366 2693 466 2746; x_wconf 76' lang='grc' dir='ltr'><strong>καὶ</strong></span> <span class='ocrx_word' id='word_1_325' title='bbox 515 2693 716 2764; x_wconf 78' lang='grc' dir='ltr'><strong>σφόδρα</strong></span> <span class='ocrx_word' id='word_1_326' title='bbox 761 2696 912 2751; x_wconf 79' lang='grc' dir='ltr'><strong>δεινά</strong></span> <span class='ocrx_word' id='word_1_327' title='bbox 951 2697 1019 2751; x_wconf 75' lang='grc' dir='ltr'><strong>τὰ</strong></span> <span class='ocrx_word' id='word_1_328' title='bbox 1071 2701 1152 2762; x_wconf 88' lang='grc' dir='ltr'><strong>είς</strong></span> <span class='ocrx_word' id='word_1_329' title='bbox 1197 2700 1430 2771; x_wconf 81' lang='grc' dir='ltr'><strong>Χριστὸν</strong></span> <span class='ocrx_word' id='word_1_330' title='bbox 1483 2701 1592 2754; x_wconf 84' lang='grc' dir='ltr'><strong>τῶν</strong></span> <span class='ocrx_word' id='word_1_331' title='bbox 1625 2702 1855 2755; x_wconf 84' lang='grc' dir='ltr'><strong>ἀνοσίων</strong></span> 
     </span>
    </p>
   </div>
   <div class='ocr_carea' id='block_1_47' title="bbox 279 2784 1854 2866">
    <p class='ocr_par' dir='ltr' id='par_1_47' title="bbox 279 2784 1854 2866">
     <span class='ocr_line' id='line_1_47' title="bbox 279 2784 1854 2866; baseline 0.005 -28"><span class='ocrx_word' id='word_1_332' title='bbox 279 2784 557 2840; x_wconf 82' lang='grc' dir='ltr'><strong>Ἰουδαίων</strong></span> <span class='ocrx_word' id='word_1_333' title='bbox 601 2788 944 2862; x_wconf 84' lang='grc' dir='ltr'><strong>τολμήματα,</strong></span> <span class='ocrx_word' id='word_1_334' title='bbox 992 2792 1087 2845; x_wconf 74' lang='grc' dir='ltr'><strong>καὶ</strong></span> <span class='ocrx_word' id='word_1_335' title='bbox 1130 2791 1399 2863; x_wconf 79' lang='grc' dir='ltr'><strong>ἀφόρητος</strong></span> <span class='ocrx_word' id='word_1_336' title='bbox 1449 2792 1557 2846; x_wconf 86' lang='grc' dir='ltr'><strong>τῶν</strong></span> <span class='ocrx_word' id='word_1_337' title='bbox 1607 2810 1854 2866; x_wconf 84' lang='grc' dir='ltr'><strong>σταυρω-</strong></span> 
     </span>
    </p>
   </div>
   <div class='ocr_carea' id='block_1_48' title="bbox 269 2879 1856 2954">
    <p class='ocr_par' dir='ltr' id='par_1_48' title="bbox 269 2879 1856 2954">
     <span class='ocr_line' id='line_1_48' title="bbox 269 2879 1856 2954; baseline 0.005 -23"><span class='ocrx_word' id='word_1_338' title='bbox 269 2879 479 2933; x_wconf 84' lang='grc' dir='ltr'><strong>σάντων</strong></span> <span class='ocrx_word' id='word_1_339' title='bbox 511 2881 545 2952; x_wconf 82' lang='grc' dir='ltr'><strong>ή</strong></span> <span class='ocrx_word' id='word_1_340' title='bbox 576 2881 755 2951; x_wconf 77' lang='grc' dir='ltr'><strong>ῦὸρις,</strong></span> <span class='ocrx_word' id='word_1_341' title='bbox 797 2883 912 2936; x_wconf 78' lang='grc' dir='ltr'><strong>ἀλλ’</strong></span> <span class='ocrx_word' id='word_1_342' title='bbox 940 2883 1056 2954; x_wconf 72' lang='grc' dir='ltr'><strong>ᾔδει</strong></span> <span class='ocrx_word' id='word_1_343' title='bbox 1089 2882 1184 2936; x_wconf 88' lang='grc' dir='ltr'><strong>τοῦ</strong></span> <span class='ocrx_word' id='word_1_344' title='bbox 1220 2883 1423 2948; x_wconf 82' lang='grc' dir='ltr'><strong>πάθους</strong></span> <span class='ocrx_word' id='word_1_345' title='bbox 1451 2886 1511 2938; x_wconf 82' lang='grc' dir='ltr'><strong>τὸ</strong></span> <span class='ocrx_word' id='word_1_346' title='bbox 1540 2885 1733 2954; x_wconf 85' lang='grc' dir='ltr'><strong>πέρας,</strong></span> <span class='ocrx_word' id='word_1_347' title='bbox 1760 2886 1856 2940; x_wconf 76' lang='grc' dir='ltr'><strong>καὶ</strong></span> 
     </span>
    </p>
   </div>
   <div class='ocr_carea' id='block_1_49' title="bbox 1958 1785 3532 1858">
    <p class='ocr_par' dir='ltr' id='par_1_49' title="bbox 1958 1785 3532 1858">
     <span class='ocr_line' id='line_1_49' title="bbox 1958 1785 3532 1858; baseline 0.001 -20"><span class='ocrx_word' id='word_1_348' title='bbox 1958 1785 2234 1840; x_wconf 85' lang='lat' dir='ltr'><strong>mitiarum</strong></span> <span class='ocrx_word' id='word_1_349' title='bbox 2297 1787 2567 1841; x_wconf 87' lang='lat' dir='ltr'><strong>malorum</strong></span> <span class='ocrx_word' id='word_1_350' title='bbox 2625 1788 2861 1858; x_wconf 83' lang='lat' dir='ltr'><strong>principi</strong></span> <span class='ocrx_word' id='word_1_351' title='bbox 2925 1795 3104 1841; x_wconf 90' lang='lat' dir='ltr'><strong>totum</strong></span> <span class='ocrx_word' id='word_1_352' title='bbox 3165 1785 3532 1841; x_wconf 85' lang='lat' dir='ltr'><strong>ascrihemus.</strong></span> 
     </span>
    </p>
   </div>
   <div class='ocr_carea' id='block_1_50' title="bbox 1955 1873 3536 1947">
    <p class='ocr_par' dir='ltr' id='par_1_50' title="bbox 1955 1873 3536 1947">
     <span class='ocr_line' id='line_1_50' title="bbox 1955 1873 3536 1947; baseline -0.004 -16"><span class='ocrx_word' id='word_1_353' title='bbox 1955 1876 2142 1946; x_wconf 80' lang='lat' dir='ltr'><strong>Atqui,</strong></span> <span class='ocrx_word' id='word_1_354' title='bbox 2173 1877 2302 1933; x_wconf 91' lang='lat' dir='ltr'><strong>licet</strong></span> <span class='ocrx_word' id='word_1_355' title='bbox 2331 1878 2695 1933; x_wconf 88' lang='lat' dir='ltr'><strong>acerbissima</strong></span> <span class='ocrx_word' id='word_1_356' title='bbox 2724 1893 2952 1947; x_wconf 62' lang='lat' dir='ltr'><strong>quaeque</strong></span> <span class='ocrx_word' id='word_1_357' title='bbox 2974 1874 3146 1929; x_wconf 82' lang='lat' dir='ltr'><strong>Judaei</strong></span> <span class='ocrx_word' id='word_1_358' title='bbox 3180 1873 3536 1928; x_wconf 85' lang='lat' dir='ltr'><strong>inChristuni</strong></span> 
     </span>
    </p>
   </div>
   <div class='ocr_carea' id='block_1_51' title="bbox 1956 1965 3534 2036">
    <p class='ocr_par' dir='ltr' id='par_1_51' title="bbox 1956 1965 3534 2036">
     <span class='ocr_line' id='line_1_51' title="bbox 1956 1965 3534 2036; baseline -0.004 -14"><span class='ocrx_word' id='word_1_359' title='bbox 1956 1969 2427 2035; x_wconf 87' lang='lat' dir='ltr'><strong>machinarentur,</strong></span> <span class='ocrx_word' id='word_1_360' title='bbox 2450 1980 2503 2026; x_wconf 90' lang='lat' dir='ltr'><strong>et</strong></span> <span class='ocrx_word' id='word_1_361' title='bbox 2520 1970 2887 2025; x_wconf 86' lang='lat' dir='ltr'><strong>intolerabilis</strong></span> <span class='ocrx_word' id='word_1_362' title='bbox 2921 1975 3070 2024; x_wconf 84' lang='lat' dir='ltr'><strong>esset</strong></span> <span class='ocrx_word' id='word_1_363' title='bbox 3091 1965 3534 2036; x_wconf 79' lang='lat' dir='ltr'><strong>crucifigenlium</strong></span> 
     </span>
    </p>
   </div>
   <div class='ocr_carea' id='block_1_52' title="bbox 1957 2057 3536 2130">
    <p class='ocr_par' dir='ltr' id='par_1_52' title="bbox 1957 2057 3536 2130">
     <span class='ocr_line' id='line_1_52' title="bbox 1957 2057 3536 2130; baseline -0.014 -2"><span class='ocrx_word' id='word_1_364' title='bbox 1957 2058 2133 2124; x_wconf 64' lang='grc' dir='ltr'><strong>Γαῖον.</strong></span> <span class='ocrx_word' id='word_1_365' title='bbox 2162 2059 2442 2130; x_wconf 86' lang='lat' dir='ltr'><strong>passionis</strong></span> <span class='ocrx_word' id='word_1_366' title='bbox 2475 2069 2658 2114; x_wconf 91' lang='lat' dir='ltr'><strong>tamen</strong></span> <span class='ocrx_word' id='word_1_367' title='bbox 2689 2060 2922 2125; x_wconf 82' lang='lat' dir='ltr'><strong>exitum,</strong></span> <span class='ocrx_word' id='word_1_368' title='bbox 2944 2065 3000 2112; x_wconf 91' lang='lat' dir='ltr'><strong>et</strong></span> <span class='ocrx_word' id='word_1_369' title='bbox 3041 2057 3174 2127; x_wconf 89' lang='lat' dir='ltr'><strong>quid</strong></span> <span class='ocrx_word' id='word_1_370' title='bbox 3212 2057 3344 2111; x_wconf 90' lang='lat' dir='ltr'><strong>hinc</strong></span> <span class='ocrx_word' id='word_1_371' title='bbox 3370 2070 3536 2110; x_wconf 79' lang='lat' dir='ltr'><strong>even-</strong></span> 
     </span>
    </p>
   </div>
   <div class='ocr_carea' id='block_1_53' title="bbox 1955 2145 3538 2218">
    <p class='ocr_par' dir='ltr' id='par_1_53' title="bbox 1955 2145 3538 2218">
     <span class='ocr_line' id='line_1_53' title="bbox 1955 2145 3538 2218; baseline -0.004 -12"><span class='ocrx_word' id='word_1_372' title='bbox 1955 2159 2140 2206; x_wconf 89' lang='lat' dir='ltr'><strong>turum</strong></span> <span class='ocrx_word' id='word_1_373' title='bbox 2171 2159 2318 2206; x_wconf 88' lang='lat' dir='ltr'><strong>esset</strong></span> <span class='ocrx_word' id='word_1_374' title='bbox 2349 2157 2601 2206; x_wconf 81' lang='lat' dir='ltr'><strong>noverat.</strong></span> <span class='ocrx_word' id='word_1_375' title='bbox 2641 2149 2908 2206; x_wconf 84' lang='lat' dir='ltr'><strong>Eversum</strong></span> <span class='ocrx_word' id='word_1_376' title='bbox 2949 2150 3017 2205; x_wconf 89' lang='lat' dir='ltr'><strong>iri</strong></span> <span class='ocrx_word' id='word_1_377' title='bbox 3048 2164 3246 2218; x_wconf 89' lang='lat' dir='ltr'><strong>nempe</strong></span> <span class='ocrx_word' id='word_1_378' title='bbox 3287 2145 3538 2201; x_wconf 88' lang='lat' dir='ltr'><strong>funditus</strong></span> 
     </span>
    </p>
   </div>
   <div class='ocr_carea' id='block_1_54' title="bbox 1955 2239 3539 2313">
    <p class='ocr_par' dir='ltr' id='par_1_54' title="bbox 1955 2239 3539 2313">
     <span class='ocr_line' id='line_1_54' title="bbox 1955 2239 3539 2313; baseline -0.004 -17"><span class='ocrx_word' id='word_1_379' title='bbox 1955 2257 2054 2312; x_wconf 89' lang='lat' dir='ltr'><strong>per</strong></span> <span class='ocrx_word' id='word_1_380' title='bbox 2081 2241 2452 2298; x_wconf 88' lang='lat' dir='ltr'><strong>venerandam</strong></span> <span class='ocrx_word' id='word_1_381' title='bbox 2479 2258 2702 2299; x_wconf 91' lang='lat' dir='ltr'><strong>crucem</strong></span> <span class='ocrx_word' id='word_1_382' title='bbox 2747 2242 2954 2297; x_wconf 83' lang='lat' dir='ltr'><strong>diaboli</strong></span> <span class='ocrx_word' id='word_1_383' title='bbox 2995 2239 3368 2313; x_wconf 86' lang='lat' dir='ltr'><strong>tyrannidem,</strong></span> <span class='ocrx_word' id='word_1_384' title='bbox 3391 2253 3539 2292; x_wconf 91' lang='lat' dir='ltr'><strong>mor-</strong></span> 
     </span>
    </p>
   </div>
   <div class='ocr_carea' id='block_1_55' title="bbox 1957 2327 3540 2402">
    <p class='ocr_par' dir='ltr' id='par_1_55' title="bbox 1957 2327 3540 2402">
     <span class='ocr_line' id='line_1_55' title="bbox 1957 2327 3540 2402; baseline -0.003 -16"><span class='ocrx_word' id='word_1_385' title='bbox 1957 2342 2068 2388; x_wconf 89' lang='lat' dir='ltr'><strong>tem</strong></span> <span class='ocrx_word' id='word_1_386' title='bbox 2111 2333 2458 2390; x_wconf 84' lang='lat' dir='ltr'><strong>destructum</strong></span> <span class='ocrx_word' id='word_1_387' title='bbox 2499 2334 2590 2398; x_wconf 92' lang='lat' dir='ltr'><strong>iri,</strong></span> <span class='ocrx_word' id='word_1_388' title='bbox 2615 2341 2673 2390; x_wconf 90' lang='lat' dir='ltr'><strong>et</strong></span> <span class='ocrx_word' id='word_1_389' title='bbox 2703 2333 3077 2402; x_wconf 84' lang='lat' dir='ltr'><strong>corruptionis</strong></span> <span class='ocrx_word' id='word_1_390' title='bbox 3113 2329 3407 2386; x_wconf 90' lang='lat' dir='ltr'><strong>delendum</strong></span> <span class='ocrx_word' id='word_1_391' title='bbox 3438 2327 3540 2381; x_wconf 90' lang='lat' dir='ltr'><strong>im-</strong></span> 
     </span>
    </p>
   </div>
   <div class='ocr_carea' id='block_1_56' title="bbox 1955 2421 3542 2495">
    <p class='ocr_par' dir='ltr' id='par_1_56' title="bbox 1955 2421 3542 2495">
     <span class='ocr_line' id='line_1_56' title="bbox 1955 2421 3542 2495; baseline -0.005 -15"><span class='ocrx_word' id='word_1_392' title='bbox 1955 2425 2193 2495; x_wconf 91' lang='lat' dir='ltr'><strong>perium,</strong></span> <span class='ocrx_word' id='word_1_393' title='bbox 2222 2433 2277 2481; x_wconf 89' lang='lat' dir='ltr'><strong>et</strong></span> <span class='ocrx_word' id='word_1_394' title='bbox 2304 2433 2490 2480; x_wconf 88' lang='lat' dir='ltr'><strong>vetere</strong></span> <span class='ocrx_word' id='word_1_395' title='bbox 2520 2426 2614 2480; x_wconf 92' lang='lat' dir='ltr'><strong>illo</strong></span> <span class='ocrx_word' id='word_1_396' title='bbox 2643 2425 2943 2480; x_wconf 90' lang='lat' dir='ltr'><strong>maledicto</strong></span> <span class='ocrx_word' id='word_1_397' title='bbox 2983 2421 3332 2479; x_wconf 87' lang='lat' dir='ltr'><strong>liberandum</strong></span> <span class='ocrx_word' id='word_1_398' title='bbox 3364 2433 3542 2491; x_wconf 81' lang='lat' dir='ltr'><strong>genus</strong></span> 
     </span>
    </p>
   </div>
   <div class='ocr_carea' id='block_1_57' title="bbox 1956 2508 3538 2586">
    <p class='ocr_par' dir='ltr' id='par_1_57' title="bbox 1956 2508 3538 2586">
     <span class='ocr_line' id='line_1_57' title="bbox 1956 2508 3538 2586; baseline -0.004 -18"><span class='ocrx_word' id='word_1_399' title='bbox 1956 2515 2300 2579; x_wconf 86' lang='lat' dir='ltr'><strong>humanum,</strong></span> <span class='ocrx_word' id='word_1_400' title='bbox 2359 2514 2607 2584; x_wconf 89' lang='lat' dir='ltr'><strong>adeoque</strong></span> <span class='ocrx_word' id='word_1_401' title='bbox 2665 2514 3006 2586; x_wconf 75' lang='lat' dir='ltr'><strong>benignitate</strong></span> <span class='ocrx_word' id='word_1_402' title='bbox 3058 2523 3110 2567; x_wconf 90' lang='lat' dir='ltr'><strong>ct</strong></span> <span class='ocrx_word' id='word_1_403' title='bbox 3169 2511 3344 2582; x_wconf 86' lang='lat' dir='ltr'><strong>gratia</strong></span> <span class='ocrx_word' id='word_1_404' title='bbox 3412 2508 3538 2562; x_wconf 86' lang='lat' dir='ltr'><strong>Ser-</strong></span> 
     </span>
    </p>
   </div>
   <div class='ocr_carea' id='block_1_58' title="bbox 1955 2592 3594 2663">
    <p class='ocr_par' dir='ltr' id='par_1_58' title="bbox 1955 2592 3594 2663">
     <span class='ocr_line' id='line_1_58' title="bbox 1955 2592 3594 2663; baseline -0.006 -1"><span class='ocrx_word' id='word_1_405' title='bbox 1955 2608 2166 2662; x_wconf 89' lang='lat' dir='ltr'><strong>vatoris</strong></span> <span class='ocrx_word' id='word_1_406' title='bbox 2219 2608 2396 2663; x_wconf 87' lang='lat' dir='ltr'><strong>nostri</strong></span> <span class='ocrx_word' id='word_1_407' title='bbox 2448 2605 2653 2661; x_wconf 90' lang='lat' dir='ltr'><strong>Christi</strong></span> <span class='ocrx_word' id='word_1_408' title='bbox 2682 2614 3036 2662; x_wconf 89' lang='lat' dir='ltr'><strong>cessaturum</strong></span> <span class='ocrx_word' id='word_1_409' title='bbox 3070 2605 3259 2658; x_wconf 87' lang='lat' dir='ltr'><strong>illud.:</strong></span> <span class='ocrx_word' id='word_1_410' title='bbox 3312 2623 3328 2654; x_wconf 83' lang='lat' dir='ltr'><strong>I</strong></span> <span class='ocrx_word' id='word_1_411' title='bbox 3364 2602 3538 2655; x_wconf 87' lang='lat' dir='ltr'><strong>Terra</strong></span> <span class='ocrx_word' id='word_1_412' title='bbox 3587 2592 3594 2599; x_wconf 85' lang='grc'><em>’</em></span> 
     </span>
    </p>
   </div>
   <div class='ocr_carea' id='block_1_59' title="bbox 1955 2695 3539 2767">
    <p class='ocr_par' dir='ltr' id='par_1_59' title="bbox 1955 2695 3539 2767">
     <span class='ocr_line' id='line_1_59' title="bbox 1955 2695 3539 2767; baseline -0.006 -13"><span class='ocrx_word' id='word_1_413' title='bbox 1955 2714 2036 2764; x_wconf 91' lang='lat' dir='ltr'><strong>es,</strong></span> <span class='ocrx_word' id='word_1_414' title='bbox 2093 2709 2147 2755; x_wconf 80' lang='lat' dir='ltr'><strong>et.</strong></span> <span class='ocrx_word' id='word_1_415' title='bbox 2203 2700 2260 2754; x_wconf 89' lang='lat' dir='ltr'><strong>in</strong></span> <span class='ocrx_word' id='word_1_416' title='bbox 2307 2709 2511 2755; x_wconf 89' lang='lat' dir='ltr'><strong>terram</strong></span> <span class='ocrx_word' id='word_1_417' title='bbox 2585 2700 2878 2756; x_wconf 89' lang='lat' dir='ltr'><strong>reverteris</strong></span> <span class='ocrx_word' id='word_1_418' title='bbox 2911 2699 2992 2763; x_wconf 77' lang='lat'><strong>&quot;;</strong></span> <span class='ocrx_word' id='word_1_419' title='bbox 3037 2717 3062 2750; x_wconf 69' lang='grc' dir='ltr'>ι.</span> <span class='ocrx_word' id='word_1_420' title='bbox 3112 2695 3272 2767; x_wconf 64' lang='grc'><strong>74],</strong></span> <span class='ocrx_word' id='word_1_421' title='bbox 3319 2707 3539 2747; x_wconf 75' lang='lat' dir='ltr'><strong>omnem</strong></span> 
     </span>
    </p>
   </div>
   <div class='ocr_carea' id='block_1_60' title="bbox 1957 2767 3543 2863">
    <p class='ocr_par' dir='ltr' id='par_1_60' title="bbox 1957 2767 3543 2863">
     <span class='ocr_line' id='line_1_60' title="bbox 1957 2767 3543 2863; baseline -0.005 -17"><span class='ocrx_word' id='word_1_422' title='bbox 1957 2791 2310 2862; x_wconf 87' lang='lat' dir='ltr'><strong>iniquitatem</strong></span> <span class='ocrx_word' id='word_1_423' title='bbox 2347 2793 2719 2863; x_wconf 87' lang='lat' dir='ltr'><strong>oppilaturam</strong></span> <span class='ocrx_word' id='word_1_424' title='bbox 2747 2807 2810 2846; x_wconf 91' lang='lat' dir='ltr'><strong>os</strong></span> <span class='ocrx_word' id='word_1_425' title='bbox 2844 2806 3026 2856; x_wconf 88' lang='lat' dir='ltr'><strong>suum,</strong></span> <span class='ocrx_word' id='word_1_426' title='bbox 3058 2789 3216 2858; x_wconf 76' lang='lat' dir='ltr'><strong>juxta</strong></span> <span class='ocrx_word' id='word_1_427' title='bbox 3255 2767 3543 2855; x_wconf 58' lang='lat' dir='ltr'><strong>Propheta;</strong></span> 
     </span>
    </p>
   </div>
   <div class='ocr_carea' id='block_1_61' title="bbox 1957 2880 3541 2956">
    <p class='ocr_par' dir='ltr' id='par_1_61' title="bbox 1957 2880 3541 2956">
     <span class='ocr_line' id='line_1_61' title="bbox 1957 2880 3541 2956; baseline -0.005 -17"><span class='ocrx_word' id='word_1_428' title='bbox 1957 2899 2147 2939; x_wconf 88' lang='lat' dir='ltr'><strong>vocem</strong></span> <span class='ocrx_word' id='word_1_429' title='bbox 2196 2885 2275 2949; x_wconf 76' lang='grc'><strong>⁸³,</strong></span> <span class='ocrx_word' id='word_1_430' title='bbox 2337 2901 2439 2940; x_wconf 84' lang='lat' dir='ltr'><strong>nec</strong></span> <span class='ocrx_word' id='word_1_431' title='bbox 2505 2885 2741 2956; x_wconf 88' lang='lat' dir='ltr'><strong>amplius</strong></span> <span class='ocrx_word' id='word_1_432' title='bbox 2797 2883 2902 2939; x_wconf 88' lang='lat' dir='ltr'><strong>sibi</strong></span> <span class='ocrx_word' id='word_1_433' title='bbox 2970 2880 3244 2936; x_wconf 86' lang='lat' dir='ltr'><strong>obnoxios</strong></span> <span class='ocrx_word' id='word_1_434' title='bbox 3309 2892 3541 2933; x_wconf 75' lang='lat' dir='ltr'><strong>accusa-</strong></span> 
     </span>
    </p>
   </div>
   <div class='ocr_carea' id='block_1_62' title="bbox 267 2969 1863 3076">
    <p class='ocr_par' dir='ltr' id='par_1_62' title="bbox 267 2969 1853 3047">
     <span class='ocr_line' id='line_1_62' title="bbox 267 2969 1853 3047; baseline 0.004 -24"><span class='ocrx_word' id='word_1_435' title='bbox 267 2969 320 3023; x_wconf 85' lang='grc' dir='ltr'><strong>τί</strong></span> <span class='ocrx_word' id='word_1_436' title='bbox 348 2969 406 3023; x_wconf 83' lang='grc' dir='ltr'><strong>τὸ</strong></span> <span class='ocrx_word' id='word_1_437' title='bbox 445 2971 697 3025; x_wconf 79' lang='grc' dir='ltr'><strong>ἐντεῦθεν</strong></span> <span class='ocrx_word' id='word_1_438' title='bbox 744 2973 1175 3044; x_wconf 79' lang='grc' dir='ltr'><strong>ἀποϐησόμενον.</strong></span> <span class='ocrx_word' id='word_1_439' title='bbox 1211 2975 1442 3045; x_wconf 85' lang='grc' dir='ltr'><strong>Ἔμελλε</strong></span> <span class='ocrx_word' id='word_1_440' title='bbox 1492 2976 1602 3047; x_wconf 78' lang='grc' dir='ltr'><strong>γάρ</strong></span> <span class='ocrx_word' id='word_1_441' title='bbox 1630 2977 1719 3030; x_wconf 88' lang='grc' dir='ltr'><strong>διὰ</strong></span> <span class='ocrx_word' id='word_1_442' title='bbox 1758 2977 1853 3032; x_wconf 90' lang='grc' dir='ltr'><strong>τοῦ</strong></span> 
     </span>
    </p>
   </div>
   <div class='ocr_carea' id='block_1_63' title="bbox 1963 2969 3542 3076">
    <p class='ocr_par' dir='ltr' id='par_1_63' title="bbox 1963 2972 3542 3046">
     <span class='ocr_line' id='line_1_63' title="bbox 1963 2972 3542 3046; baseline -0.004 -16"><span class='ocrx_word' id='word_1_443' title='bbox 1963 2984 2172 3042; x_wconf 91' lang='lat' dir='ltr'><strong>turam,</strong></span> <span class='ocrx_word' id='word_1_444' title='bbox 2207 2987 2262 3032; x_wconf 91' lang='lat' dir='ltr'><strong>et</strong></span> <span class='ocrx_word' id='word_1_445' title='bbox 2300 2978 2567 3034; x_wconf 90' lang='lat' dir='ltr'><strong>delendos</strong></span> <span class='ocrx_word' id='word_1_446' title='bbox 2608 2979 2771 3046; x_wconf 88' lang='lat' dir='ltr'><strong>plane</strong></span> <span class='ocrx_word' id='word_1_447' title='bbox 2805 2983 3077 3046; x_wconf 83' lang='lat' dir='ltr'><strong>quotquot</strong></span> <span class='ocrx_word' id='word_1_448' title='bbox 3136 2973 3189 3026; x_wconf 93' lang='lat' dir='ltr'><strong>in</strong></span> <span class='ocrx_word' id='word_1_449' title='bbox 3247 2972 3378 3026; x_wconf 88' lang='lat' dir='ltr'><strong>orbe</strong></span> <span class='ocrx_word' id='word_1_450' title='bbox 3433 2978 3542 3024; x_wconf 47' lang='lat' dir='ltr'><strong>te!»</strong></span> 
     </span>
    </p>
   </div>
   <div class='ocr_carea' id='block_1_64' title="bbox 269 3064 1856 3140">
    <p class='ocr_par' dir='ltr' id='par_1_64' title="bbox 269 3064 1856 3140">
     <span class='ocr_line' id='line_1_64' title="bbox 269 3064 1856 3140; baseline 0.005 -24"><span class='ocrx_word' id='word_1_451' title='bbox 269 3064 451 3134; x_wconf 82' lang='grc' dir='ltr'><strong>τιμίου</strong></span> <span class='ocrx_word' id='word_1_452' title='bbox 483 3066 724 3138; x_wconf 90' lang='grc' dir='ltr'><strong>σταυροῦ</strong></span> <span class='ocrx_word' id='word_1_453' title='bbox 752 3067 1036 3120; x_wconf 86' lang='grc' dir='ltr'><strong>πεσεῖσθαι</strong></span> <span class='ocrx_word' id='word_1_454' title='bbox 1078 3068 1176 3138; x_wconf 88' lang='grc' dir='ltr'><strong>μὲν</strong></span> <span class='ocrx_word' id='word_1_455' title='bbox 1203 3069 1284 3132; x_wconf 80' lang='grc' dir='ltr'><strong>εἰς</strong></span> <span class='ocrx_word' id='word_1_456' title='bbox 1306 3069 1368 3122; x_wconf 85' lang='grc' dir='ltr'><strong>τὸ</strong></span> <span class='ocrx_word' id='word_1_457' title='bbox 1406 3069 1668 3133; x_wconf 80' lang='grc' dir='ltr'><strong>παντελὲς</strong></span> <span class='ocrx_word' id='word_1_458' title='bbox 1700 3072 1732 3140; x_wconf 79' lang='grc' dir='ltr'>ἡ</span> <span class='ocrx_word' id='word_1_459' title='bbox 1763 3072 1856 3124; x_wconf 83' lang='grc' dir='ltr'><strong>τοῦ</strong></span> 
     </span>
    </p>
   </div>
   <div class='ocr_carea' id='block_1_65' title="bbox 271 3154 1860 3228">
    <p class='ocr_par' dir='ltr' id='par_1_65' title="bbox 271 3154 1860 3228">
     <span class='ocr_line' id='line_1_65' title="bbox 271 3154 1860 3228; baseline 0.003 -21"><span class='ocrx_word' id='word_1_460' title='bbox 271 3154 516 3208; x_wconf 75' lang='grc' dir='ltr'><strong>διαϐόλου</strong></span> <span class='ocrx_word' id='word_1_461' title='bbox 561 3157 840 3227; x_wconf 70' lang='grc' dir='ltr'><strong>τυραννὶς,</strong></span> <span class='ocrx_word' id='word_1_462' title='bbox 882 3157 1272 3228; x_wconf 84' lang='grc' dir='ltr'><strong>καταργεῖσθαι</strong></span> <span class='ocrx_word' id='word_1_463' title='bbox 1307 3158 1364 3211; x_wconf 83' lang='grc' dir='ltr'><strong>δὲ</strong></span> <span class='ocrx_word' id='word_1_464' title='bbox 1391 3157 1640 3222; x_wconf 89' lang='grc' dir='ltr'><strong>θάνατος,</strong></span> <span class='ocrx_word' id='word_1_465' title='bbox 1675 3161 1769 3212; x_wconf 72' lang='grc' dir='ltr'><strong>καὶ</strong></span> <span class='ocrx_word' id='word_1_466' title='bbox 1800 3159 1860 3212; x_wconf 86' lang='grc' dir='ltr'><strong>τὸ</strong></span> 
     </span>
    </p>
   </div>
   <div class='ocr_carea' id='block_1_66' title="bbox 273 3247 1862 3322">
    <p class='ocr_par' dir='ltr' id='par_1_66' title="bbox 273 3247 1862 3322">
     <span class='ocr_line' id='line_1_66' title="bbox 273 3247 1862 3322; baseline 0.003 -22"><span class='ocrx_word' id='word_1_467' title='bbox 273 3248 368 3319; x_wconf 77' lang='grc' dir='ltr'><strong>τῆς</strong></span> <span class='ocrx_word' id='word_1_468' title='bbox 397 3247 612 3319; x_wconf 80' lang='grc' dir='ltr'><strong>φθορᾶς</strong></span> <span class='ocrx_word' id='word_1_469' title='bbox 650 3248 1009 3318; x_wconf 74' lang='grc' dir='ltr'><strong>ἀφανίζεσθαι</strong></span> <span class='ocrx_word' id='word_1_470' title='bbox 1058 3249 1279 3320; x_wconf 85' lang='grc' dir='ltr'><strong>κράτος,</strong></span> <span class='ocrx_word' id='word_1_471' title='bbox 1311 3249 1644 3305; x_wconf 82' lang='grc' dir='ltr'><strong>ἁπολύεσθαί</strong></span> <span class='ocrx_word' id='word_1_472' title='bbox 1671 3269 1730 3304; x_wconf 91' lang='grc' dir='ltr'><strong>τε</strong></span> <span class='ocrx_word' id='word_1_473' title='bbox 1763 3253 1862 3322; x_wconf 80' lang='grc' dir='ltr'><strong>τῆς</strong></span> 
     </span>
    </p>
   </div>
   <div class='ocr_carea' id='block_1_67' title="bbox 275 3341 1861 3415">
    <p class='ocr_par' dir='ltr' id='par_1_67' title="bbox 275 3341 1861 3415">
     <span class='ocr_line' id='line_1_67' title="bbox 275 3341 1861 3415; baseline 0.001 -21"><span class='ocrx_word' id='word_1_474' title='bbox 275 3343 505 3414; x_wconf 85' lang='grc' dir='ltr'><strong>ἀρχαίας</strong></span> <span class='ocrx_word' id='word_1_475' title='bbox 537 3342 754 3412; x_wconf 77' lang='grc' dir='ltr'><strong>ἐκείνης</strong></span> <span class='ocrx_word' id='word_1_476' title='bbox 779 3343 917 3412; x_wconf 77' lang='grc' dir='ltr'><strong>ἀρᾶς</strong></span> <span class='ocrx_word' id='word_1_477' title='bbox 941 3342 1002 3395; x_wconf 82' lang='grc' dir='ltr'><strong>τὸ</strong></span> <span class='ocrx_word' id='word_1_478' title='bbox 1034 3341 1372 3414; x_wconf 82' lang='grc' dir='ltr'><strong>ἀνθρώπινον</strong></span> <span class='ocrx_word' id='word_1_479' title='bbox 1399 3343 1572 3411; x_wconf 81' lang='grc' dir='ltr'><strong>γένος,</strong></span> <span class='ocrx_word' id='word_1_480' title='bbox 1601 3343 1861 3415; x_wconf 85' lang='grc' dir='ltr'><strong>ἀργήσειν</strong></span> 
     </span>
    </p>
   </div>
   <div class='ocr_carea' id='block_1_68' title="bbox 277 3433 1863 3509">
    <p class='ocr_par' dir='ltr' id='par_1_68' title="bbox 277 3433 1863 3509">
     <span class='ocr_line' id='line_1_68' title="bbox 277 3433 1863 3509; baseline 0.001 -21"><span class='ocrx_word' id='word_1_481' title='bbox 277 3437 648 3509; x_wconf 79' lang='grc' dir='ltr'><strong>προσεδοκᾶτο</strong></span> <span class='ocrx_word' id='word_1_482' title='bbox 702 3435 889 3488; x_wconf 78' lang='grc' dir='ltr'><strong>λοιπὸν</strong></span> <span class='ocrx_word' id='word_1_483' title='bbox 925 3435 990 3488; x_wconf 84' lang='grc' dir='ltr'><strong>ὲκ</strong></span> <span class='ocrx_word' id='word_1_484' title='bbox 1035 3433 1448 3505; x_wconf 82' lang='grc' dir='ltr'><strong>φιλανθρωπίας</strong></span> <span class='ocrx_word' id='word_1_485' title='bbox 1499 3435 1594 3488; x_wconf 71' lang='grc' dir='ltr'><strong>καὶ</strong></span> <span class='ocrx_word' id='word_1_486' title='bbox 1641 3436 1863 3505; x_wconf 87' lang='grc' dir='ltr'><strong>χάριτος</strong></span> 
     </span>
    </p>
   </div>
   <div class='ocr_carea' id='block_1_69' title="bbox 275 3523 1863 3599">
    <p class='ocr_par' dir='ltr' id='par_1_69' title="bbox 275 3523 1863 3599">
     <span class='ocr_line' id='line_1_69' title="bbox 275 3523 1863 3599; baseline 0.001 -19"><span class='ocrx_word' id='word_1_487' title='bbox 275 3529 366 3583; x_wconf 87' lang='grc' dir='ltr'><strong>τοῦ</strong></span> <span class='ocrx_word' id='word_1_488' title='bbox 402 3528 663 3599; x_wconf 84' lang='grc' dir='ltr'><strong>Σωτῆρος</strong></span> <span class='ocrx_word' id='word_1_489' title='bbox 693 3530 726 3598; x_wconf 82' lang='grc' dir='ltr'><strong>ἡ</strong></span> <span class='ocrx_word' id='word_1_490' title='bbox 738 3526 852 3597; x_wconf 83' lang='grc' dir='ltr'>μῶν</span> <span class='ocrx_word' id='word_1_491' title='bbox 875 3525 1114 3597; x_wconf 82' lang='grc' dir='ltr'><strong>Χριστοῦ</strong></span> <span class='ocrx_word' id='word_1_492' title='bbox 1140 3529 1200 3580; x_wconf 90' lang='grc' dir='ltr'><strong>τό</strong></span> <span class='ocrx_word' id='word_1_493' title='bbox 1223 3544 1236 3557; x_wconf 80' lang='grc'><em>’</em></span> <span class='ocrx_word' id='word_1_494' title='bbox 1271 3545 1289 3578; x_wconf 84' lang='grc' dir='ltr'>ι</span> <span class='ocrx_word' id='word_1_495' title='bbox 1321 3527 1395 3598; x_wconf 87' lang='grc' dir='ltr'><strong>Γῆ</strong></span> <span class='ocrx_word' id='word_1_496' title='bbox 1425 3523 1495 3590; x_wconf 78' lang='grc' dir='ltr'><strong>εἴ,</strong></span> <span class='ocrx_word' id='word_1_497' title='bbox 1520 3527 1614 3580; x_wconf 79' lang='grc' dir='ltr'><strong>καὶ</strong></span> <span class='ocrx_word' id='word_1_498' title='bbox 1646 3530 1726 3592; x_wconf 84' lang='grc' dir='ltr'><strong>εἰς</strong></span> <span class='ocrx_word' id='word_1_499' title='bbox 1760 3529 1863 3598; x_wconf 86' lang='grc' dir='ltr'><strong>γῆν</strong></span> 
     </span>
    </p>
   </div>
   <div class='ocr_carea' id='block_1_70' title="bbox 278 3617 1862 3693">
    <p class='ocr_par' dir='ltr' id='par_1_70' title="bbox 278 3617 1862 3693">
     <span class='ocr_line' id='line_1_70' title="bbox 278 3617 1862 3693; baseline 0.001 -21"><span class='ocrx_word' id='word_1_500' title='bbox 278 3619 577 3693; x_wconf 83' lang='grc' dir='ltr'><strong>ἀπελεύσῃ.</strong></span> <span class='ocrx_word' id='word_1_501' title='bbox 608 3638 627 3670; x_wconf 79' lang='grc' dir='ltr'>ι</span> <span class='ocrx_word' id='word_1_502' title='bbox 667 3618 930 3690; x_wconf 87' lang='grc' dir='ltr'><strong>Ἐμελλεν</strong></span> <span class='ocrx_word' id='word_1_503' title='bbox 963 3617 1166 3688; x_wconf 83' lang='grc' dir='ltr'><strong>ἀνομία</strong></span> <span class='ocrx_word' id='word_1_504' title='bbox 1211 3619 1393 3682; x_wconf 85' lang='grc' dir='ltr'><strong>πᾶσα,</strong></span> <span class='ocrx_word' id='word_1_505' title='bbox 1451 3620 1592 3674; x_wconf 79' lang='grc' dir='ltr'><strong>κατά</strong></span> <span class='ocrx_word' id='word_1_506' title='bbox 1624 3619 1722 3691; x_wconf 77' lang='grc' dir='ltr'><strong>τὴν</strong></span> <span class='ocrx_word' id='word_1_507' title='bbox 1768 3620 1862 3674; x_wconf 87' lang='grc' dir='ltr'><strong>τοῦ</strong></span> 
     </span>
    </p>
   </div>
   <div class='ocr_carea' id='block_1_71' title="bbox 281 3707 1863 3782">
    <p class='ocr_par' dir='ltr' id='par_1_71' title="bbox 281 3707 1863 3782">
     <span class='ocr_line' id='line_1_71' title="bbox 281 3707 1863 3782; baseline 0 -18"><span class='ocrx_word' id='word_1_508' title='bbox 281 3711 568 3782; x_wconf 82' lang='grc' dir='ltr'><strong>Προφήτου</strong></span> <span class='ocrx_word' id='word_1_509' title='bbox 603 3708 804 3779; x_wconf 80' lang='grc' dir='ltr'><strong>φωνὴν,</strong></span> <span class='ocrx_word' id='word_1_510' title='bbox 832 3707 1133 3778; x_wconf 81' lang='grc' dir='ltr'><strong>ὲμφράξειν</strong></span> <span class='ocrx_word' id='word_1_511' title='bbox 1161 3708 1335 3778; x_wconf 85' lang='grc' dir='ltr'><strong>στόμα</strong></span> <span class='ocrx_word' id='word_1_512' title='bbox 1365 3709 1552 3779; x_wconf 81' lang='grc' dir='ltr'><strong>αὐτῆς,</strong></span> <span class='ocrx_word' id='word_1_513' title='bbox 1595 3711 1689 3764; x_wconf 78' lang='grc' dir='ltr'><strong>καὶ</strong></span> <span class='ocrx_word' id='word_1_514' title='bbox 1731 3728 1863 3764; x_wconf 89' lang='grc' dir='ltr'><strong>κατ-</strong></span> 
     </span>
    </p>
   </div>
   <div class='ocr_carea' id='block_1_72' title="bbox 278 3799 1864 3873">
    <p class='ocr_par' dir='ltr' id='par_1_72' title="bbox 278 3799 1864 3873">
     <span class='ocr_line' id='line_1_72' title="bbox 278 3799 1864 3873; baseline 0.002 -19"><span class='ocrx_word' id='word_1_515' title='bbox 278 3805 502 3873; x_wconf 87' lang='grc' dir='ltr'><strong>ηγορεῖν</strong></span> <span class='ocrx_word' id='word_1_516' title='bbox 521 3802 622 3873; x_wconf 84' lang='grc' dir='ltr'><strong>μὲν</strong></span> <span class='ocrx_word' id='word_1_517' title='bbox 651 3801 832 3854; x_wconf 82' lang='grc' dir='ltr'><strong>οὐκέτι</strong></span> <span class='ocrx_word' id='word_1_518' title='bbox 858 3799 967 3854; x_wconf 86' lang='grc' dir='ltr'><strong>τῶν</strong></span> <span class='ocrx_word' id='word_1_519' title='bbox 994 3801 1084 3852; x_wconf 82' lang='grc' dir='ltr'><strong>ὑπ’</strong></span> <span class='ocrx_word' id='word_1_520' title='bbox 1115 3800 1286 3871; x_wconf 80' lang='grc' dir='ltr'><strong>αὐτὴν</strong></span> <span class='ocrx_word' id='word_1_521' title='bbox 1313 3802 1633 3868; x_wconf 88' lang='grc' dir='ltr'><strong>γεγονότων,</strong></span> <span class='ocrx_word' id='word_1_522' title='bbox 1666 3803 1864 3871; x_wconf 81' lang='grc' dir='ltr'><strong>ἀφανί-</strong></span> 
     </span>
    </p>
   </div>
   <div class='ocr_carea' id='block_1_73' title="bbox 280 3889 1865 3964">
    <p class='ocr_par' dir='ltr' id='par_1_73' title="bbox 280 3889 1865 3964">
     <span class='ocr_line' id='line_1_73' title="bbox 280 3889 1865 3964; baseline -0.001 -17"><span class='ocrx_word' id='word_1_523' title='bbox 280 3893 470 3958; x_wconf 82' lang='grc' dir='ltr'><strong>ζεσθαι</strong></span> <span class='ocrx_word' id='word_1_524' title='bbox 503 3893 564 3946; x_wconf 84' lang='grc' dir='ltr'><strong>δὲ</strong></span> <span class='ocrx_word' id='word_1_525' title='bbox 596 3890 876 3954; x_wconf 83' lang='grc' dir='ltr'><strong>παντελῶς</strong></span> <span class='ocrx_word' id='word_1_526' title='bbox 905 3889 1128 3960; x_wconf 73' lang='grc' dir='ltr'><strong>ἔμελλον</strong></span> <span class='ocrx_word' id='word_1_527' title='bbox 1165 3890 1216 3943; x_wconf 76' lang='grc' dir='ltr'><strong>οἱ</strong></span> <span class='ocrx_word' id='word_1_528' title='bbox 1245 3889 1389 3944; x_wconf 79' lang='grc' dir='ltr'><strong>κατὰ</strong></span> <span class='ocrx_word' id='word_1_529' title='bbox 1429 3892 1608 3945; x_wconf 81' lang='grc' dir='ltr'><strong>πᾶσαν</strong></span> <span class='ocrx_word' id='word_1_530' title='bbox 1650 3891 1750 3964; x_wconf 83' lang='grc' dir='ltr'><strong>τὴν</strong></span> <span class='ocrx_word' id='word_1_531' title='bbox 1787 3894 1865 3946; x_wconf 78' lang='lat' dir='ltr'><strong>oi-</strong></span> 
     </span>
    </p>
   </div>
   <div class='ocr_carea' id='block_1_74' title="bbox 283 3981 1866 4057">
    <p class='ocr_par' dir='ltr' id='par_1_74' title="bbox 283 3981 1866 4057">
     <span class='ocr_line' id='line_1_74' title="bbox 283 3981 1866 4057; baseline -0.001 -19"><span class='ocrx_word' id='word_1_532' title='bbox 283 3985 557 4057; x_wconf 86' lang='grc' dir='ltr'><strong>κουμένην</strong></span> <span class='ocrx_word' id='word_1_533' title='bbox 587 3984 679 4037; x_wconf 78' lang='grc' dir='ltr'><strong>τὸν</strong></span> <span class='ocrx_word' id='word_1_534' title='bbox 719 3983 934 4054; x_wconf 84' lang='grc' dir='ltr'><strong>ἀληθῶς</strong></span> <span class='ocrx_word' id='word_1_535' title='bbox 963 3982 1122 4052; x_wconf 82' lang='grc' dir='ltr'><strong>φύσει</strong></span> <span class='ocrx_word' id='word_1_536' title='bbox 1170 3983 1265 4036; x_wconf 74' lang='grc' dir='ltr'><strong>καὶ</strong></span> <span class='ocrx_word' id='word_1_537' title='bbox 1314 3981 1474 4052; x_wconf 89' lang='grc' dir='ltr'><strong>μόνον</strong></span> <span class='ocrx_word' id='word_1_538' title='bbox 1514 3982 1615 4036; x_wconf 83' lang='grc' dir='ltr'><strong>οὐκ</strong></span> <span class='ocrx_word' id='word_1_539' title='bbox 1663 3983 1866 4048; x_wconf 79' lang='grc' dir='ltr'><strong>ειδότες</strong></span> 
     </span>
    </p>
   </div>
   <div class='ocr_carea' id='block_1_75' title="bbox 282 4073 1866 4147">
    <p class='ocr_par' dir='ltr' id='par_1_75' title="bbox 282 4073 1866 4147">
     <span class='ocr_line' id='line_1_75' title="bbox 282 4073 1866 4147; baseline -0.001 -17"><span class='ocrx_word' id='word_1_540' title='bbox 282 4079 434 4145; x_wconf 71' lang='grc' dir='ltr'><strong>Θεὸν,</strong></span> <span class='ocrx_word' id='word_1_541' title='bbox 489 4078 541 4130; x_wconf 83' lang='grc' dir='ltr'><strong>οἳ</strong></span> <span class='ocrx_word' id='word_1_542' title='bbox 576 4079 642 4147; x_wconf 79' lang='grc' dir='ltr'><strong>τῇ</strong></span> <span class='ocrx_word' id='word_1_543' title='bbox 673 4077 752 4139; x_wconf 87' lang='grc' dir='ltr'><strong>είς</strong></span> <span class='ocrx_word' id='word_1_544' title='bbox 782 4075 1016 4146; x_wconf 80' lang='grc' dir='ltr'><strong>Χριστὸν</strong></span> <span class='ocrx_word' id='word_1_545' title='bbox 1062 4073 1434 4127; x_wconf 86' lang='grc' dir='ltr'><strong>δεδικαίωνται</strong></span> <span class='ocrx_word' id='word_1_546' title='bbox 1483 4073 1685 4138; x_wconf 86' lang='grc' dir='ltr'><strong>πίστει,</strong></span> <span class='ocrx_word' id='word_1_547' title='bbox 1720 4075 1866 4128; x_wconf 85' lang='grc' dir='ltr'><strong>ἀνοι-</strong></span> 
     </span>
    </p>
   </div>
   <div class='ocr_carea' id='block_1_76' title="bbox 285 4165 1867 4242">
    <p class='ocr_par' dir='ltr' id='par_1_76' title="bbox 285 4165 1867 4242">
     <span class='ocr_line' id='line_1_76' title="bbox 285 4165 1867 4242; baseline -0.002 -18"><span class='ocrx_word' id='word_1_548' title='bbox 285 4171 582 4242; x_wconf 78' lang='grc' dir='ltr'><strong>χθήσεσθαι</strong></span> <span class='ocrx_word' id='word_1_549' title='bbox 642 4168 828 4222; x_wconf 85' lang='grc' dir='ltr'><strong>λοιπὸν</strong></span> <span class='ocrx_word' id='word_1_550' title='bbox 878 4171 912 4240; x_wconf 87' lang='grc' dir='ltr'><strong>ή</strong></span> <span class='ocrx_word' id='word_1_551' title='bbox 969 4166 1065 4221; x_wconf 89' lang='grc' dir='ltr'><strong>τοῦ</strong></span> <span class='ocrx_word' id='word_1_552' title='bbox 1122 4165 1450 4238; x_wconf 86' lang='grc' dir='ltr'><strong>παραδείσου</strong></span> <span class='ocrx_word' id='word_1_553' title='bbox 1501 4166 1867 4237; x_wconf 78' lang='grc' dir='ltr'><strong>προσεδοκᾶτο</strong></span> 
     </span>
    </p>
   </div>
   <div class='ocr_carea' id='block_1_77' title="bbox 287 4259 1862 4336">
    <p class='ocr_par' dir='ltr' id='par_1_77' title="bbox 287 4259 1862 4336">
     <span class='ocr_line' id='line_1_77' title="bbox 287 4259 1862 4336; baseline -0.002 -20"><span class='ocrx_word' id='word_1_554' title='bbox 287 4265 446 4336; x_wconf 73' lang='grc' dir='ltr'><strong>πύλη.</strong></span> <span class='ocrx_word' id='word_1_555' title='bbox 489 4263 725 4334; x_wconf 86' lang='grc' dir='ltr'><strong>Ἔμελλε</strong></span> <span class='ocrx_word' id='word_1_556' title='bbox 769 4265 882 4327; x_wconf 82' lang='grc' dir='ltr'><strong>τοῖς</strong></span> <span class='ocrx_word' id='word_1_557' title='bbox 911 4261 1171 4316; x_wconf 78' lang='grc' dir='ltr'><strong>ἀνωτάτω</strong></span> <span class='ocrx_word' id='word_1_558' title='bbox 1196 4259 1267 4313; x_wconf 77' lang='grc' dir='ltr'><strong>τὰ</strong></span> <span class='ocrx_word' id='word_1_559' title='bbox 1296 4259 1447 4313; x_wconf 86' lang='grc' dir='ltr'><strong>κάτω</strong></span> <span class='ocrx_word' id='word_1_560' title='bbox 1476 4260 1862 4327; x_wconf 88' lang='grc' dir='ltr'><strong>συνάπτεσθαι,</strong></span> 
     </span>
    </p>
   </div>
   <div class='ocr_carea' id='block_1_78' title="bbox 1964 3063 3541 3135">
    <p class='ocr_par' dir='ltr' id='par_1_78' title="bbox 1964 3063 3541 3135">
     <span class='ocr_line' id='line_1_78' title="bbox 1964 3063 3541 3135; baseline -0.004 -13"><span class='ocrx_word' id='word_1_561' title='bbox 1964 3083 2150 3123; x_wconf 87' lang='lat' dir='ltr'><strong>rarum</strong></span> <span class='ocrx_word' id='word_1_562' title='bbox 2208 3069 2380 3124; x_wconf 92' lang='lat' dir='ltr'><strong>Deum</strong></span> <span class='ocrx_word' id='word_1_563' title='bbox 2432 3085 2648 3135; x_wconf 87' lang='lat' dir='ltr'><strong>verum,</strong></span> <span class='ocrx_word' id='word_1_564' title='bbox 2677 3066 3008 3130; x_wconf 88' lang='lat' dir='ltr'><strong>naturalem,</strong></span> <span class='ocrx_word' id='word_1_565' title='bbox 3046 3077 3100 3120; x_wconf 89' lang='lat' dir='ltr'><strong>et</strong></span> <span class='ocrx_word' id='word_1_566' title='bbox 3151 3063 3378 3118; x_wconf 87' lang='lat' dir='ltr'><strong>unicum</strong></span> <span class='ocrx_word' id='word_1_567' title='bbox 3431 3077 3541 3116; x_wconf 86' lang='lat' dir='ltr'><strong>non</strong></span> 
     </span>
    </p>
   </div>
   <div class='ocr_carea' id='block_1_79' title="bbox 1962 3152 3543 3230">
    <p class='ocr_par' dir='ltr' id='par_1_79' title="bbox 1962 3152 3543 3230">
     <span class='ocr_line' id='line_1_79' title="bbox 1962 3152 3543 3230; baseline -0.005 -16"><span class='ocrx_word' id='word_1_568' title='bbox 1962 3169 2186 3226; x_wconf 88' lang='lat' dir='ltr'><strong>norant,</strong></span> <span class='ocrx_word' id='word_1_569' title='bbox 2219 3167 2495 3230; x_wconf 90' lang='lat' dir='ltr'><strong>quotquot</strong></span> <span class='ocrx_word' id='word_1_570' title='bbox 2529 3174 2661 3215; x_wconf 90' lang='lat' dir='ltr'><strong>vero</strong></span> <span class='ocrx_word' id='word_1_571' title='bbox 2699 3159 2805 3214; x_wconf 88' lang='lat' dir='ltr'><strong>fide</strong></span> <span class='ocrx_word' id='word_1_572' title='bbox 2834 3158 2889 3212; x_wconf 89' lang='lat' dir='ltr'><strong>in</strong></span> <span class='ocrx_word' id='word_1_573' title='bbox 2925 3157 3206 3212; x_wconf 87' lang='lat' dir='ltr'><strong>Christum</strong></span> <span class='ocrx_word' id='word_1_574' title='bbox 3252 3152 3543 3224; x_wconf 75' lang='lat' dir='ltr'><strong>iustiﬁcati</strong></span> 
     </span>
    </p>
   </div>
   <div class='ocr_carea' id='block_1_80' title="bbox 1963 3245 3545 3321">
    <p class='ocr_par' dir='ltr' id='par_1_80' title="bbox 1963 3245 3545 3321">
     <span class='ocr_line' id='line_1_80' title="bbox 1963 3245 3545 3321; baseline -0.004 -14"><span class='ocrx_word' id='word_1_575' title='bbox 1963 3259 2115 3315; x_wconf 88' lang='lat' dir='ltr'><strong>sunt,</strong></span> <span class='ocrx_word' id='word_1_576' title='bbox 2148 3251 2216 3306; x_wconf 89' lang='lat' dir='ltr'><strong>iis</strong></span> <span class='ocrx_word' id='word_1_577' title='bbox 2265 3251 2508 3321; x_wconf 88' lang='lat' dir='ltr'><strong>paradisi</strong></span> <span class='ocrx_word' id='word_1_578' title='bbox 2563 3251 2791 3320; x_wconf 90' lang='lat' dir='ltr'><strong>januam</strong></span> <span class='ocrx_word' id='word_1_579' title='bbox 2847 3248 3220 3316; x_wconf 86' lang='lat' dir='ltr'><strong>aperiendam.</strong></span> <span class='ocrx_word' id='word_1_580' title='bbox 3257 3245 3545 3315; x_wconf 87' lang='lat' dir='ltr'><strong>Suprcmis</strong></span> 
     </span>
    </p>
   </div>
   <div class='ocr_carea' id='block_1_81' title="bbox 1963 3338 3543 3414">
    <p class='ocr_par' dir='ltr' id='par_1_81' title="bbox 1963 3338 3543 3414">
     <span class='ocr_line' id='line_1_81' title="bbox 1963 3338 3543 3414; baseline -0.003 -18"><span class='ocrx_word' id='word_1_581' title='bbox 1963 3343 2225 3397; x_wconf 86' lang='lat' dir='ltr'><strong>inferiora</strong></span> <span class='ocrx_word' id='word_1_582' title='bbox 2249 3343 2366 3399; x_wconf 65' lang='lat' dir='ltr'><strong>haec</strong></span> <span class='ocrx_word' id='word_1_583' title='bbox 2397 3341 2811 3414; x_wconf 71' lang='lat' dir='ltr'><strong>coniungenda.</strong></span> <span class='ocrx_word' id='word_1_584' title='bbox 2843 3350 2898 3397; x_wconf 90' lang='lat' dir='ltr'><strong>et</strong></span> <span class='ocrx_word' id='word_1_585' title='bbox 2928 3348 3180 3412; x_wconf 89' lang='lat' dir='ltr'><strong>apertum</strong></span> <span class='ocrx_word' id='word_1_586' title='bbox 3219 3338 3440 3410; x_wconf 89' lang='lat' dir='ltr'><strong>quidem</strong></span> <span class='ocrx_word' id='word_1_587' title='bbox 3477 3338 3543 3392; x_wconf 88' lang='lat' dir='ltr'><strong>iri</strong></span> 
     </span>
    </p>
   </div>
   <div class='ocr_carea' id='block_1_82' title="bbox 1963 3434 3542 3504">
    <p class='ocr_par' dir='ltr' id='par_1_82' title="bbox 1963 3434 3542 3504">
     <span class='ocr_line' id='line_1_82' title="bbox 1963 3434 3542 3504; baseline -0.003 -14"><span class='ocrx_word' id='word_1_588' title='bbox 1963 3435 2191 3502; x_wconf 70' lang='lat' dir='ltr'><strong>caelum,</strong></span> <span class='ocrx_word' id='word_1_589' title='bbox 2221 3435 2378 3504; x_wconf 80' lang='lat' dir='ltr'><strong>juxta</strong></span> <span class='ocrx_word' id='word_1_590' title='bbox 2414 3434 2728 3490; x_wconf 90' lang='lat' dir='ltr'><strong>Servatoris</strong></span> <span class='ocrx_word' id='word_1_591' title='bbox 2760 3450 2977 3497; x_wconf 89' lang='lat' dir='ltr'><strong>vocem,</strong></span> <span class='ocrx_word' id='word_1_592' title='bbox 3009 3441 3326 3488; x_wconf 88' lang='lat' dir='ltr'><strong>sanctorum</strong></span> <span class='ocrx_word' id='word_1_593' title='bbox 3358 3441 3542 3486; x_wconf 87' lang='lat' dir='ltr'><strong>autem</strong></span> 
     </span>
    </p>
   </div>
   <div class='ocr_carea' id='block_1_83' title="bbox 1964 3525 3547 3598">
    <p class='ocr_par' dir='ltr' id='par_1_83' title="bbox 1964 3525 3547 3598">
     <span class='ocr_line' id='line_1_83' title="bbox 1964 3525 3547 3598; baseline -0.002 -16"><span class='ocrx_word' id='word_1_594' title='bbox 1964 3527 2284 3598; x_wconf 75' lang='lat' dir='ltr'><strong>angelorum</strong></span> <span class='ocrx_word' id='word_1_595' title='bbox 2320 3526 2548 3583; x_wconf 76' lang='lat' dir='ltr'><strong>ordines</strong></span> <span class='ocrx_word' id='word_1_596' title='bbox 2590 3541 2924 3582; x_wconf 87' lang='lat' dir='ltr'><strong>ascensuros</strong></span> <span class='ocrx_word' id='word_1_597' title='bbox 2951 3541 3016 3580; x_wconf 81' lang='lat' dir='ltr'><strong>ac</strong></span> <span class='ocrx_word' id='word_1_598' title='bbox 3043 3525 3419 3580; x_wconf 85' lang='lat' dir='ltr'><strong>descensuros</strong></span> <span class='ocrx_word' id='word_1_599' title='bbox 3458 3540 3547 3579; x_wconf 83' lang='lat' dir='ltr'><strong>su-</strong></span> 
     </span>
    </p>
   </div>
   <div class='ocr_carea' id='block_1_84' title="bbox 1964 3619 3542 3691">
    <p class='ocr_par' dir='ltr' id='par_1_84' title="bbox 1964 3619 3542 3691">
     <span class='ocr_line' id='line_1_84' title="bbox 1964 3619 3542 3691; baseline -0.002 -15"><span class='ocrx_word' id='word_1_600' title='bbox 1964 3637 2061 3691; x_wconf 86' lang='lat' dir='ltr'><strong>pra</strong></span> <span class='ocrx_word' id='word_1_601' title='bbox 2084 3620 2282 3675; x_wconf 75' lang='lat' dir='ltr'><strong>Filium</strong></span> <span class='ocrx_word' id='word_1_602' title='bbox 2308 3621 2550 3676; x_wconf 88' lang='lat' dir='ltr'><strong>hominis</strong></span> <span class='ocrx_word' id='word_1_603' title='bbox 2582 3621 2653 3677; x_wconf 74' lang='lat'><strong>“.</strong></span> <span class='ocrx_word' id='word_1_604' title='bbox 2682 3619 2820 3676; x_wconf 92' lang='lat' dir='ltr'><strong>Cum</strong></span> <span class='ocrx_word' id='word_1_605' title='bbox 2855 3627 2936 3674; x_wconf 90' lang='lat' dir='ltr'><strong>tot</strong></span> <span class='ocrx_word' id='word_1_606' title='bbox 2965 3619 3142 3690; x_wconf 81' lang='lat' dir='ltr'><strong>igitur</strong></span> <span class='ocrx_word' id='word_1_607' title='bbox 3173 3619 3315 3674; x_wconf 92' lang='lat' dir='ltr'><strong>bona</strong></span> <span class='ocrx_word' id='word_1_608' title='bbox 3346 3633 3542 3687; x_wconf 79' lang='lat' dir='ltr'><strong>exspe-</strong></span> 
     </span>
    </p>
   </div>
   <div class='ocr_carea' id='block_1_85' title="bbox 1966 3711 3545 3783">
    <p class='ocr_par' dir='ltr' id='par_1_85' title="bbox 1966 3711 3545 3783">
     <span class='ocr_line' id='line_1_85' title="bbox 1966 3711 3545 3783; baseline -0.006 -12"><span class='ocrx_word' id='word_1_609' title='bbox 1966 3723 2273 3781; x_wconf 79' lang='lat' dir='ltr'><strong>ctarentur,</strong></span> <span class='ocrx_word' id='word_1_610' title='bbox 2309 3730 2375 3771; x_wconf 86' lang='lat' dir='ltr'><strong>ac</strong></span> <span class='ocrx_word' id='word_1_611' title='bbox 2417 3725 2526 3770; x_wconf 89' lang='lat' dir='ltr'><strong>tam</strong></span> <span class='ocrx_word' id='word_1_612' title='bbox 2557 3714 2708 3769; x_wconf 89' lang='lat' dir='ltr'><strong>clara</strong></span> <span class='ocrx_word' id='word_1_613' title='bbox 2762 3729 2888 3783; x_wconf 86' lang='lat' dir='ltr'><strong>spes</strong></span> <span class='ocrx_word' id='word_1_614' title='bbox 2927 3712 3090 3768; x_wconf 90' lang='lat' dir='ltr'><strong>nobis</strong></span> <span class='ocrx_word' id='word_1_615' title='bbox 3123 3727 3218 3781; x_wconf 91' lang='lat' dir='ltr'><strong>per</strong></span> <span class='ocrx_word' id='word_1_616' title='bbox 3247 3711 3545 3766; x_wconf 88' lang='lat' dir='ltr'><strong>salutarem</strong></span> 
     </span>
    </p>
   </div>
   <div class='ocr_carea' id='block_1_86' title="bbox 1968 3803 3545 3873">
    <p class='ocr_par' dir='ltr' id='par_1_86' title="bbox 1968 3803 3545 3873">
     <span class='ocr_line' id='line_1_86' title="bbox 1968 3803 3545 3873; baseline -0.003 -13"><span class='ocrx_word' id='word_1_617' title='bbox 1968 3820 2190 3861; x_wconf 91' lang='lat' dir='ltr'><strong>crucem</strong></span> <span class='ocrx_word' id='word_1_618' title='bbox 2245 3821 2443 3862; x_wconf 87' lang='lat' dir='ltr'><strong>rursus</strong></span> <span class='ocrx_word' id='word_1_619' title='bbox 2474 3805 2830 3869; x_wconf 85' lang='lat' dir='ltr'><strong>excitaretur,</strong></span> <span class='ocrx_word' id='word_1_620' title='bbox 2865 3803 3144 3873; x_wconf 87' lang='lat' dir='ltr'><strong>quomodo</strong></span> <span class='ocrx_word' id='word_1_621' title='bbox 3179 3817 3405 3857; x_wconf 88' lang='lat' dir='ltr'><strong>necesse</strong></span> <span class='ocrx_word' id='word_1_622' title='bbox 3436 3817 3545 3856; x_wconf 88' lang='lat' dir='ltr'><strong>non</strong></span> 
     </span>
    </p>
   </div>
   <div class='ocr_carea' id='block_1_87' title="bbox 1967 3892 3548 3968">
    <p class='ocr_par' dir='ltr' id='par_1_87' title="bbox 1967 3892 3548 3968">
     <span class='ocr_line' id='line_1_87' title="bbox 1967 3892 3548 3968; baseline -0.005 -14"><span class='ocrx_word' id='word_1_623' title='bbox 1967 3905 2084 3954; x_wconf 85' lang='lat' dir='ltr'><strong>erat</strong></span> <span class='ocrx_word' id='word_1_624' title='bbox 2114 3906 2174 3952; x_wconf 90' lang='lat' dir='ltr'><strong>ut</strong></span> <span class='ocrx_word' id='word_1_625' title='bbox 2201 3898 2295 3968; x_wconf 88' lang='lat' dir='ltr'><strong>qui</strong></span> <span class='ocrx_word' id='word_1_626' title='bbox 2329 3909 2576 3953; x_wconf 82' lang='lat' dir='ltr'><strong>nostram</strong></span> <span class='ocrx_word' id='word_1_627' title='bbox 2610 3898 2844 3951; x_wconf 88' lang='lat' dir='ltr'><strong>salutem</strong></span> <span class='ocrx_word' id='word_1_628' title='bbox 2877 3904 3164 3966; x_wconf 89' lang='lat' dir='ltr'><strong>tantopere</strong></span> <span class='ocrx_word' id='word_1_629' title='bbox 3199 3892 3548 3963; x_wconf 88' lang='lat' dir='ltr'><strong>optabat,at-</strong></span> 
     </span>
    </p>
   </div>
   <div class='ocr_carea' id='block_1_88' title="bbox 1967 3985 3551 4062">
    <p class='ocr_par' dir='ltr' id='par_1_88' title="bbox 1967 3985 3551 4062">
     <span class='ocr_line' id='line_1_88' title="bbox 1967 3985 3551 4062; baseline -0.004 -16"><span class='ocrx_word' id='word_1_630' title='bbox 1967 4007 2072 4062; x_wconf 91' lang='lat' dir='ltr'><strong>que</strong></span> <span class='ocrx_word' id='word_1_631' title='bbox 2095 4006 2217 4045; x_wconf 87' lang='lat' dir='ltr'><strong>eam</strong></span> <span class='ocrx_word' id='word_1_632' title='bbox 2235 3991 2308 4046; x_wconf 89' lang='lat' dir='ltr'><strong>ob</strong></span> <span class='ocrx_word' id='word_1_633' title='bbox 2329 4007 2441 4046; x_wconf 90' lang='lat' dir='ltr'><strong>rem</strong></span> <span class='ocrx_word' id='word_1_634' title='bbox 2473 3990 2654 4045; x_wconf 88' lang='lat' dir='ltr'><strong>factus</strong></span> <span class='ocrx_word' id='word_1_635' title='bbox 2680 3997 2798 4044; x_wconf 88' lang='lat' dir='ltr'><strong>erat</strong></span> <span class='ocrx_word' id='word_1_636' title='bbox 2822 3988 2991 4042; x_wconf 89' lang='lat' dir='ltr'><strong>homo</strong></span> <span class='ocrx_word' id='word_1_637' title='bbox 3015 3987 3176 4042; x_wconf 90' lang='lat' dir='ltr'><strong>sicuti</strong></span> <span class='ocrx_word' id='word_1_638' title='bbox 3199 4002 3320 4052; x_wconf 89' lang='lat' dir='ltr'><strong>nos,</strong></span> <span class='ocrx_word' id='word_1_639' title='bbox 3343 3985 3551 4056; x_wconf 85' lang='lat' dir='ltr'><strong>absque</strong></span> 
     </span>
    </p>
   </div>
   <div class='ocr_carea' id='block_1_89' title="bbox 1967 4077 3548 4153">
    <p class='ocr_par' dir='ltr' id='par_1_89' title="bbox 1967 4077 3548 4153">
     <span class='ocr_line' id='line_1_89' title="bbox 1967 4077 3548 4153; baseline -0.006 -14"><span class='ocrx_word' id='word_1_640' title='bbox 1967 4090 2218 4153; x_wconf 89' lang='lat' dir='ltr'><strong>peccato,</strong></span> <span class='ocrx_word' id='word_1_641' title='bbox 2251 4081 2659 4151; x_wconf 88' lang='lat' dir='ltr'><strong>optatissimum</strong></span> <span class='ocrx_word' id='word_1_642' title='bbox 2711 4081 2817 4134; x_wconf 89' lang='lat' dir='ltr'><strong>hoc</strong></span> <span class='ocrx_word' id='word_1_643' title='bbox 2850 4089 3066 4149; x_wconf 90' lang='lat' dir='ltr'><strong>tempus</strong></span> <span class='ocrx_word' id='word_1_644' title='bbox 3108 4077 3296 4132; x_wconf 85' lang='lat' dir='ltr'><strong>videre</strong></span> <span class='ocrx_word' id='word_1_645' title='bbox 3354 4093 3548 4146; x_wconf 80' lang='lat' dir='ltr'><strong>percu-</strong></span> 
     </span>
    </p>
   </div>
   <div class='ocr_carea' id='block_1_90' title="bbox 1969 4169 3549 4247">
    <p class='ocr_par' dir='ltr' id='par_1_90' title="bbox 1969 4169 3549 4247">
     <span class='ocr_line' id='line_1_90' title="bbox 1969 4169 3549 4247; baseline -0.006 -16"><span class='ocrx_word' id='word_1_646' title='bbox 1969 4176 2158 4247; x_wconf 86' lang='lat' dir='ltr'><strong>peret?</strong></span> <span class='ocrx_word' id='word_1_647' title='bbox 2199 4175 2304 4241; x_wconf 86' lang='lat' dir='ltr'><strong>Qui</strong></span> <span class='ocrx_word' id='word_1_648' title='bbox 2347 4189 2481 4230; x_wconf 91' lang='lat' dir='ltr'><strong>vero</strong></span> <span class='ocrx_word' id='word_1_649' title='bbox 2537 4181 2768 4228; x_wconf 85' lang='lat' dir='ltr'><strong>necesse</strong></span> <span class='ocrx_word' id='word_1_650' title='bbox 2820 4189 2929 4226; x_wconf 88' lang='lat' dir='ltr'><strong>non</strong></span> <span class='ocrx_word' id='word_1_651' title='bbox 2982 4179 3105 4227; x_wconf 86' lang='lat' dir='ltr'><strong>erat</strong></span> <span class='ocrx_word' id='word_1_652' title='bbox 3157 4179 3218 4224; x_wconf 95' lang='lat' dir='ltr'><strong>ut</strong></span> <span class='ocrx_word' id='word_1_653' title='bbox 3270 4170 3363 4239; x_wconf 87' lang='lat' dir='ltr'><strong>qui</strong></span> <span class='ocrx_word' id='word_1_654' title='bbox 3421 4169 3549 4222; x_wconf 91' lang='lat' dir='ltr'><strong>mali</strong></span> 
     </span>
    </p>
   </div>
   <div class='ocr_carea' id='block_1_91' title="bbox 1973 4259 3549 4330">
    <p class='ocr_par' dir='ltr' id='par_1_91' title="bbox 1973 4259 3549 4330">
     <span class='ocr_line' id='line_1_91' title="bbox 1973 4259 3549 4330; baseline -0.008 -9"><span class='ocrx_word' id='word_1_655' title='bbox 1973 4265 2112 4321; x_wconf 88' lang='lat' dir='ltr'><strong>nihil</strong></span> <span class='ocrx_word' id='word_1_656' title='bbox 2143 4271 2398 4329; x_wconf 88' lang='lat' dir='ltr'><strong>noverat,</strong></span> <span class='ocrx_word' id='word_1_657' title='bbox 2440 4262 2729 4316; x_wconf 72' lang='lat' dir='ltr'><strong>diabolicae</strong></span> <span class='ocrx_word' id='word_1_658' title='bbox 2776 4261 3039 4330; x_wconf 78' lang='lat' dir='ltr'><strong>nequitite</strong></span> <span class='ocrx_word' id='word_1_659' title='bbox 3069 4259 3384 4313; x_wconf 88' lang='lat' dir='ltr'><strong>molitiones</strong></span> <span class='ocrx_word' id='word_1_660' title='bbox 3417 4273 3549 4311; x_wconf 87' lang='lat' dir='ltr'><strong>cou-</strong></span> 
     </span>
    </p>
   </div>
   <div class='ocr_carea' id='block_1_92' title="bbox 289 4349 1863 4428">
    <p class='ocr_par' dir='ltr' id='par_1_92' title="bbox 289 4351 1863 4428">
     <span class='ocr_line' id='line_1_92' title="bbox 289 4351 1863 4428; baseline -0.004 -16"><span class='ocrx_word' id='word_1_661' title='bbox 289 4361 375 4412; x_wconf 76' lang='grc' dir='ltr'><strong>καὶ</strong></span> <span class='ocrx_word' id='word_1_662' title='bbox 401 4357 720 4428; x_wconf 84' lang='grc' dir='ltr'><strong>ἀνοίγεσθαι</strong></span> <span class='ocrx_word' id='word_1_663' title='bbox 763 4357 858 4428; x_wconf 85' lang='grc' dir='ltr'><strong>μὲν</strong></span> <span class='ocrx_word' id='word_1_664' title='bbox 894 4353 1180 4427; x_wconf 80' lang='grc' dir='ltr'><strong>οὐρανοὺς,</strong></span> <span class='ocrx_word' id='word_1_665' title='bbox 1206 4351 1347 4407; x_wconf 80' lang='grc' dir='ltr'><strong>κατὰ</strong></span> <span class='ocrx_word' id='word_1_666' title='bbox 1373 4351 1471 4422; x_wconf 87' lang='grc' dir='ltr'><strong>τὴν</strong></span> <span class='ocrx_word' id='word_1_667' title='bbox 1494 4351 1589 4404; x_wconf 90' lang='grc' dir='ltr'><strong>τοῦ</strong></span> <span class='ocrx_word' id='word_1_668' title='bbox 1620 4353 1863 4424; x_wconf 84' lang='grc' dir='ltr'><strong>Σωτῆρος</strong></span> 
     </span>
    </p>
   </div>
   <div class='ocr_carea' id='block_1_93' title="bbox 1963 4349 3548 4428">
    <p class='ocr_par' dir='ltr' id='par_1_93' title="bbox 1976 4349 3548 4422">
     <span class='ocr_line' id='line_1_93' title="bbox 1976 4349 3548 4422; baseline -0.006 -11"><span class='ocrx_word' id='word_1_669' title='bbox 1976 4365 2266 4420; x_wconf 88' lang='lat' dir='ltr'><strong>temneret,</strong></span> <span class='ocrx_word' id='word_1_670' title='bbox 2288 4364 2342 4411; x_wconf 87' lang='lat' dir='ltr'><strong>et</strong></span> <span class='ocrx_word' id='word_1_671' title='bbox 2367 4356 2432 4410; x_wconf 87' lang='lat' dir='ltr'><strong>ad</strong></span> <span class='ocrx_word' id='word_1_672' title='bbox 2460 4363 2570 4409; x_wconf 92' lang='lat' dir='ltr'><strong>tam</strong></span> <span class='ocrx_word' id='word_1_673' title='bbox 2604 4355 2769 4409; x_wconf 77' lang='lat' dir='ltr'><strong>clarae</strong></span> <span class='ocrx_word' id='word_1_674' title='bbox 2795 4352 3112 4408; x_wconf 85' lang='lat' dir='ltr'><strong>festivitatis</strong></span> <span class='ocrx_word' id='word_1_675' title='bbox 3143 4349 3548 4422; x_wconf 80' lang='lat' dir='ltr'><strong>Optatissimum</strong></span> 
     </span>
    </p>
   </div>
   <div class='ocr_carea' id='block_1_94' title="bbox 293 4445 1870 4522">
    <p class='ocr_par' dir='ltr' id='par_1_94' title="bbox 293 4445 1870 4522">
     <span class='ocr_line' id='line_1_94' title="bbox 293 4445 1870 4522; baseline -0.006 -16"><span class='ocrx_word' id='word_1_676' title='bbox 293 4454 473 4522; x_wconf 79' lang='grc' dir='ltr'><strong>φωνήν</strong></span> <span class='ocrx_word' id='word_1_677' title='bbox 496 4470 510 4484; x_wconf 77' lang='grc' dir='ltr'><strong>ο</strong></span> <span class='ocrx_word' id='word_1_678' title='bbox 553 4451 626 4504; x_wconf 79' lang='grc' dir='ltr'><strong>τὰ</strong></span> <span class='ocrx_word' id='word_1_679' title='bbox 653 4450 710 4504; x_wconf 82' lang='grc' dir='ltr'><strong>δὲ</strong></span> <span class='ocrx_word' id='word_1_680' title='bbox 735 4449 844 4503; x_wconf 84' lang='grc' dir='ltr'><strong>τῶν</strong></span> <span class='ocrx_word' id='word_1_681' title='bbox 879 4448 1050 4517; x_wconf 87' lang='grc' dir='ltr'><strong>ἁγίων</strong></span> <span class='ocrx_word' id='word_1_682' title='bbox 1079 4446 1328 4516; x_wconf 83' lang='grc' dir='ltr'><strong>ἀγγέλων</strong></span> <span class='ocrx_word' id='word_1_683' title='bbox 1353 4445 1612 4514; x_wconf 89' lang='grc' dir='ltr'><strong>τάγματα</strong></span> <span class='ocrx_word' id='word_1_684' title='bbox 1644 4445 1870 4498; x_wconf 77' lang='grc' dir='ltr'><strong>ἀναϐαί-</strong></span> 
     </span>
    </p>
   </div>
   <div class='ocr_carea' id='block_1_95' title="bbox 294 4543 1866 4617">
    <p class='ocr_par' dir='ltr' id='par_1_95' title="bbox 294 4543 1866 4617">
     <span class='ocr_line' id='line_1_95' title="bbox 294 4543 1866 4617; baseline 0.001 -20"><span class='ocrx_word' id='word_1_685' title='bbox 294 4562 413 4609; x_wconf 76' lang='grc' dir='ltr'><strong>νειν,</strong></span> <span class='ocrx_word' id='word_1_686' title='bbox 466 4546 563 4598; x_wconf 84' lang='grc' dir='ltr'><strong>καὶ</strong></span> <span class='ocrx_word' id='word_1_687' title='bbox 605 4543 954 4598; x_wconf 76' lang='grc' dir='ltr'><strong>καταϐαίνειν</strong></span> <span class='ocrx_word' id='word_1_688' title='bbox 992 4545 1084 4598; x_wconf 68' lang='grc' dir='ltr'><strong>ἐπὶ</strong></span> <span class='ocrx_word' id='word_1_689' title='bbox 1114 4545 1207 4599; x_wconf 81' lang='grc' dir='ltr'><strong>τὸν</strong></span> <span class='ocrx_word' id='word_1_690' title='bbox 1247 4544 1378 4598; x_wconf 76' lang='grc' dir='ltr'>Υίὸν</span> <span class='ocrx_word' id='word_1_691' title='bbox 1419 4544 1512 4598; x_wconf 90' lang='grc' dir='ltr'><strong>τοῦ</strong></span> <span class='ocrx_word' id='word_1_692' title='bbox 1557 4543 1866 4617; x_wconf 79' lang='grc' dir='ltr'><strong>ἀνθρώπου.</strong></span> 
     </span>
    </p>
   </div>
   <div class='ocr_carea' id='block_1_96' title="bbox 296 4630 1869 4706">
    <p class='ocr_par' dir='ltr' id='par_1_96' title="bbox 296 4630 1869 4706">
     <span class='ocr_line' id='line_1_96' title="bbox 296 4630 1869 4706; baseline -0.001 -19"><span class='ocrx_word' id='word_1_693' title='bbox 296 4630 421 4688; x_wconf 78' lang='grc' dir='ltr'><strong>Εἶτα</strong></span> <span class='ocrx_word' id='word_1_694' title='bbox 466 4633 760 4699; x_wconf 84' lang='grc' dir='ltr'><strong>τοσούτων,</strong></span> <span class='ocrx_word' id='word_1_695' title='bbox 813 4633 935 4687; x_wconf 82' lang='grc' dir='ltr'><strong>είπέ</strong></span> <span class='ocrx_word' id='word_1_696' title='bbox 985 4651 1094 4706; x_wconf 90' lang='grc' dir='ltr'><strong>μοι,</strong></span> <span class='ocrx_word' id='word_1_697' title='bbox 1129 4634 1596 4705; x_wconf 84' lang='grc' dir='ltr'><strong>προσδοκωμένων</strong></span> <span class='ocrx_word' id='word_1_698' title='bbox 1627 4635 1869 4702; x_wconf 82' lang='grc' dir='ltr'><strong>ἀγαθῶν,</strong></span> 
     </span>
    </p>
   </div>
   <div class='ocr_carea' id='block_1_97' title="bbox 295 4723 1875 4798">
    <p class='ocr_par' dir='ltr' id='par_1_97' title="bbox 295 4723 1875 4798">
     <span class='ocr_line' id='line_1_97' title="bbox 295 4723 1875 4798; baseline 0.001 -19"><span class='ocrx_word' id='word_1_699' title='bbox 295 4727 385 4779; x_wconf 76' lang='grc' dir='ltr'><strong>καὶ</strong></span> <span class='ocrx_word' id='word_1_700' title='bbox 410 4723 679 4798; x_wconf 57' lang='grc' dir='ltr'><strong>λαμτξοᾶς</strong></span> <span class='ocrx_word' id='word_1_701' title='bbox 709 4726 879 4791; x_wconf 73' lang='grc' dir='ltr'><strong>οὕτως</strong></span> <span class='ocrx_word' id='word_1_702' title='bbox 913 4726 1126 4790; x_wconf 75' lang='grc' dir='ltr'><strong>ἐλπίδος</strong></span> <span class='ocrx_word' id='word_1_703' title='bbox 1170 4725 1599 4797; x_wconf 83' lang='grc' dir='ltr'><strong>άνατικτομένης</strong></span> <span class='ocrx_word' id='word_1_704' title='bbox 1628 4729 1763 4798; x_wconf 84' lang='grc' dir='ltr'><strong>ήμῖν</strong></span> <span class='ocrx_word' id='word_1_705' title='bbox 1787 4727 1875 4780; x_wconf 78' lang='grc' dir='ltr'><strong>διὰ</strong></span> 
     </span>
    </p>
   </div>
   <div class='ocr_carea' id='block_1_98' title="bbox 293 4817 1874 4891">
    <p class='ocr_par' dir='ltr' id='par_1_98' title="bbox 293 4817 1874 4891">
     <span class='ocr_line' id='line_1_98' title="bbox 293 4817 1874 4891; baseline -0.001 -18"><span class='ocrx_word' id='word_1_706' title='bbox 293 4818 384 4883; x_wconf 74' lang='grc' dir='ltr'><strong>τοῦ</strong></span> <span class='ocrx_word' id='word_1_707' title='bbox 409 4819 680 4890; x_wconf 82' lang='grc' dir='ltr'><strong>σωτηρίου</strong></span> <span class='ocrx_word' id='word_1_708' title='bbox 710 4817 944 4891; x_wconf 89' lang='grc' dir='ltr'><strong>σταυροῦ</strong></span> <span class='ocrx_word' id='word_1_709' title='bbox 970 4835 982 4848; x_wconf 88' lang='grc'><strong>·</strong></span> <span class='ocrx_word' id='word_1_710' title='bbox 1015 4818 1133 4883; x_wconf 86' lang='grc' dir='ltr'><strong>πῶς</strong></span> <span class='ocrx_word' id='word_1_711' title='bbox 1165 4818 1266 4873; x_wconf 78' lang='grc' dir='ltr'><strong>οὐκ</strong></span> <span class='ocrx_word' id='word_1_712' title='bbox 1290 4817 1396 4870; x_wconf 76' lang='grc' dir='ltr'><strong>ἔδει</strong></span> <span class='ocrx_word' id='word_1_713' title='bbox 1424 4818 1517 4871; x_wconf 81' lang='grc' dir='ltr'><strong>τὸν</strong></span> <span class='ocrx_word' id='word_1_714' title='bbox 1548 4817 1647 4890; x_wconf 84' lang='grc' dir='ltr'><strong>τὴν</strong></span> <span class='ocrx_word' id='word_1_715' title='bbox 1676 4818 1874 4888; x_wconf 81' lang='grc' dir='ltr'><strong>ήμετέ-</strong></span> 
     </span>
    </p>
   </div>
   <div class='ocr_carea' id='block_1_99' title="bbox 299 4911 1874 4984">
    <p class='ocr_par' dir='ltr' id='par_1_99' title="bbox 299 4911 1874 4984">
     <span class='ocr_line' id='line_1_99' title="bbox 299 4911 1874 4984; baseline 0.001 -18"><span class='ocrx_word' id='word_1_716' title='bbox 299 4929 392 4982; x_wconf 87' lang='grc' dir='ltr'><strong>ραν</strong></span> <span class='ocrx_word' id='word_1_717' title='bbox 433 4913 742 4983; x_wconf 77' lang='grc' dir='ltr'><strong>διψήσαντα</strong></span> <span class='ocrx_word' id='word_1_718' title='bbox 795 4912 1090 4984; x_wconf 87' lang='grc' dir='ltr'><strong>σωτηρίαν,</strong></span> <span class='ocrx_word' id='word_1_719' title='bbox 1141 4912 1230 4966; x_wconf 86' lang='grc' dir='ltr'><strong>διά</strong></span> <span class='ocrx_word' id='word_1_720' title='bbox 1275 4929 1334 4965; x_wconf 91' lang='grc' dir='ltr'><strong>τε</strong></span> <span class='ocrx_word' id='word_1_721' title='bbox 1367 4911 1528 4966; x_wconf 90' lang='grc' dir='ltr'><strong>τοῦτο</strong></span> <span class='ocrx_word' id='word_1_722' title='bbox 1570 4912 1692 4966; x_wconf 82' lang='grc' dir='ltr'><strong>καθ’</strong></span> <span class='ocrx_word' id='word_1_723' title='bbox 1727 4914 1874 4984; x_wconf 82' lang='grc' dir='ltr'><strong>ἡμᾶς</strong></span> 
     </span>
    </p>
   </div>
   <div class='ocr_carea' id='block_1_100' title="bbox 294 4999 1878 5075">
    <p class='ocr_par' dir='ltr' id='par_1_100' title="bbox 294 4999 1878 5075">
     <span class='ocr_line' id='line_1_100' title="bbox 294 4999 1878 5075; baseline -0.001 -19"><span class='ocrx_word' id='word_1_724' title='bbox 294 5005 551 5072; x_wconf 85' lang='grc' dir='ltr'><strong>γεγονότα</strong></span> <span class='ocrx_word' id='word_1_725' title='bbox 577 5005 747 5075; x_wconf 70' lang='grc' dir='ltr'><strong>χωρὶς</strong></span> <span class='ocrx_word' id='word_1_726' title='bbox 773 5003 1067 5075; x_wconf 84' lang='grc' dir='ltr'><strong>ἁμαρτίας,</strong></span> <span class='ocrx_word' id='word_1_727' title='bbox 1099 5002 1190 5056; x_wconf 77' lang='grc' dir='ltr'><strong>τὸν</strong></span> <span class='ocrx_word' id='word_1_728' title='bbox 1210 5000 1353 5056; x_wconf 77' lang='grc' dir='ltr'><strong>οὕτω</strong></span> <span class='ocrx_word' id='word_1_729' title='bbox 1379 4999 1703 5070; x_wconf 85' lang='grc' dir='ltr'><strong>τριπόθητον</strong></span> <span class='ocrx_word' id='word_1_730' title='bbox 1728 5001 1878 5054; x_wconf 82' lang='grc' dir='ltr'><strong>ἐπεί-</strong></span> 
     </span>
    </p>
   </div>
   <div class='ocr_carea' id='block_1_101' title="bbox 296 5091 1880 5168">
    <p class='ocr_par' dir='ltr' id='par_1_101' title="bbox 296 5091 1880 5168">
     <span class='ocr_line' id='line_1_101' title="bbox 296 5091 1880 5168; baseline -0.001 -18"><span class='ocrx_word' id='word_1_731' title='bbox 296 5099 485 5166; x_wconf 86' lang='grc' dir='ltr'><strong>γεσθαι</strong></span> <span class='ocrx_word' id='word_1_732' title='bbox 532 5098 752 5166; x_wconf 81' lang='grc' dir='ltr'><strong>βλέπειν</strong></span> <span class='ocrx_word' id='word_1_733' title='bbox 801 5096 900 5168; x_wconf 69' lang='grc' dir='ltr'><strong>ἤδη</strong></span> <span class='ocrx_word' id='word_1_734' title='bbox 959 5095 1198 5168; x_wconf 84' lang='grc' dir='ltr'><strong>παρόντα</strong></span> <span class='ocrx_word' id='word_1_735' title='bbox 1243 5092 1465 5164; x_wconf 89' lang='grc' dir='ltr'><strong>καιρόν;</strong></span> <span class='ocrx_word' id='word_1_736' title='bbox 1520 5091 1644 5156; x_wconf 85' lang='grc' dir='ltr'><strong>Πῶς</strong></span> <span class='ocrx_word' id='word_1_737' title='bbox 1679 5092 1738 5146; x_wconf 86' lang='grc' dir='ltr'><strong>δὲ</strong></span> <span class='ocrx_word' id='word_1_738' title='bbox 1777 5094 1880 5149; x_wconf 79' lang='grc' dir='ltr'><strong>οὐκ</strong></span> 
     </span>
    </p>
   </div>
   <div class='ocr_carea' id='block_1_102' title="bbox 300 5185 1880 5258">
    <p class='ocr_par' dir='ltr' id='par_1_102' title="bbox 300 5185 1880 5258">
     <span class='ocr_line' id='line_1_102' title="bbox 300 5185 1880 5258; baseline -0.001 -18"><span class='ocrx_word' id='word_1_739' title='bbox 300 5187 464 5258; x_wconf 73' lang='grc' dir='ltr'><strong>ἐχρῆν</strong></span> <span class='ocrx_word' id='word_1_740' title='bbox 513 5188 607 5240; x_wconf 81' lang='grc' dir='ltr'><strong>τὸν</strong></span> <span class='ocrx_word' id='word_1_741' title='bbox 655 5187 808 5241; x_wconf 82' lang='grc' dir='ltr'><strong>οὐδὲν</strong></span> <span class='ocrx_word' id='word_1_742' title='bbox 869 5187 1047 5240; x_wconf 77' lang='grc' dir='ltr'><strong>εἰδότα</strong></span> <span class='ocrx_word' id='word_1_743' title='bbox 1106 5185 1276 5239; x_wconf 86' lang='grc' dir='ltr'><strong>κακὸν</strong></span> <span class='ocrx_word' id='word_1_744' title='bbox 1323 5185 1734 5254; x_wconf 84' lang='grc' dir='ltr'><strong>καταφρονῆσαι</strong></span> <span class='ocrx_word' id='word_1_745' title='bbox 1781 5186 1880 5254; x_wconf 86' lang='grc' dir='ltr'><strong>μὲν</strong></span> 
     </span>
    </p>
   </div>
   <div class='ocr_carea' id='block_1_103' title="bbox 300 5274 1880 5349">
    <p class='ocr_par' dir='ltr' id='par_1_103' title="bbox 300 5274 1880 5349">
     <span class='ocr_line' id='line_1_103' title="bbox 300 5274 1880 5349; baseline -0.003 -19"><span class='ocrx_word' id='word_1_746' title='bbox 300 5279 402 5332; x_wconf 82' lang='grc' dir='ltr'><strong>τῶν</strong></span> <span class='ocrx_word' id='word_1_747' title='bbox 436 5281 502 5332; x_wconf 78' lang='grc' dir='ltr'><strong>ὲκ</strong></span> <span class='ocrx_word' id='word_1_748' title='bbox 533 5278 846 5349; x_wconf 75' lang='grc' dir='ltr'><strong>διαϐολικῆς</strong></span> <span class='ocrx_word' id='word_1_749' title='bbox 880 5277 1216 5348; x_wconf 89' lang='grc' dir='ltr'><strong>κακουργίας</strong></span> <span class='ocrx_word' id='word_1_750' title='bbox 1255 5274 1692 5344; x_wconf 77' lang='grc' dir='ltr'><strong>ἐσκευασμένων,</strong></span> <span class='ocrx_word' id='word_1_751' title='bbox 1729 5275 1880 5327; x_wconf 79' lang='grc' dir='ltr'><strong>ἐπεί-</strong></span> 
     </span>
    </p>
   </div>
   <div class='ocr_carea' id='block_1_104' title="bbox 302 5365 1882 5441">
    <p class='ocr_par' dir='ltr' id='par_1_104' title="bbox 302 5365 1882 5441">
     <span class='ocr_line' id='line_1_104' title="bbox 302 5365 1882 5441; baseline -0.003 -18"><span class='ocrx_word' id='word_1_752' title='bbox 302 5371 492 5438; x_wconf 86' lang='grc' dir='ltr'><strong>γεσθαι</strong></span> <span class='ocrx_word' id='word_1_753' title='bbox 544 5371 602 5423; x_wconf 76' lang='grc' dir='ltr'><strong>δὲ</strong></span> <span class='ocrx_word' id='word_1_754' title='bbox 639 5371 838 5441; x_wconf 80' lang='grc' dir='ltr'><strong>μᾶλλον</strong></span> <span class='ocrx_word' id='word_1_755' title='bbox 883 5370 1056 5422; x_wconf 82' lang='grc' dir='ltr'><strong>ὲλθείν</strong></span> <span class='ocrx_word' id='word_1_756' title='bbox 1100 5371 1179 5431; x_wconf 82' lang='grc' dir='ltr'><strong>εἰς</strong></span> <span class='ocrx_word' id='word_1_757' title='bbox 1219 5367 1310 5420; x_wconf 82' lang='grc' dir='ltr'><strong>τὸν</strong></span> <span class='ocrx_word' id='word_1_758' title='bbox 1337 5365 1661 5438; x_wconf 87' lang='grc' dir='ltr'><strong>τριπόθητον</strong></span> <span class='ocrx_word' id='word_1_759' title='bbox 1691 5367 1882 5438; x_wconf 78' lang='grc' dir='ltr'><strong>καιρὸν</strong></span> 
     </span>
    </p>
   </div>
   <div class='ocr_carea' id='block_1_105' title="bbox 304 5459 1884 5536">
    <p class='ocr_par' dir='ltr' id='par_1_105' title="bbox 304 5459 1884 5536">
     <span class='ocr_line' id='line_1_105' title="bbox 304 5459 1884 5536; baseline -0.004 -19"><span class='ocrx_word' id='word_1_760' title='bbox 304 5465 394 5534; x_wconf 76' lang='grc' dir='ltr'><strong>τῆς</strong></span> <span class='ocrx_word' id='word_1_761' title='bbox 422 5463 568 5517; x_wconf 76' lang='grc' dir='ltr'><strong>οὕτω</strong></span> <span class='ocrx_word' id='word_1_762' title='bbox 596 5464 855 5536; x_wconf 76' lang='grc' dir='ltr'><strong>λαμπρᾶς</strong></span> <span class='ocrx_word' id='word_1_763' title='bbox 884 5465 1073 5535; x_wconf 84' lang='grc' dir='ltr'><strong>έορτῆς</strong></span> <span class='ocrx_word' id='word_1_764' title='bbox 1097 5478 1111 5527; x_wconf 88' lang='grc'>;</span> <span class='ocrx_word' id='word_1_765' title='bbox 1154 5462 1267 5514; x_wconf 79' lang='grc' dir='ltr'><strong>Οὐκ</strong></span> <span class='ocrx_word' id='word_1_766' title='bbox 1307 5459 1466 5514; x_wconf 82' lang='grc' dir='ltr'><strong>είδότι</strong></span> <span class='ocrx_word' id='word_1_767' title='bbox 1495 5460 1780 5532; x_wconf 82' lang='grc' dir='ltr'><strong>τοιγαροῦν</strong></span> <span class='ocrx_word' id='word_1_768' title='bbox 1805 5461 1884 5529; x_wconf 76' lang='grc' dir='ltr'><strong>τῷ</strong></span> 
     </span>
    </p>
   </div>
   <div class='ocr_carea' id='block_1_106' title="bbox 1975 4440 3552 4522">
    <p class='ocr_par' dir='ltr' id='par_1_106' title="bbox 1975 4440 3552 4522">
     <span class='ocr_line' id='line_1_106' title="bbox 1975 4440 3552 4522; baseline -0.008 -14"><span class='ocrx_word' id='word_1_769' title='bbox 1975 4463 2192 4522; x_wconf 89' lang='lat' dir='ltr'><strong>tempus</strong></span> <span class='ocrx_word' id='word_1_770' title='bbox 2245 4451 2602 4522; x_wconf 87' lang='lat' dir='ltr'><strong>properaret?</strong></span> <span class='ocrx_word' id='word_1_771' title='bbox 2647 4445 2929 4517; x_wconf 82' lang='lat' dir='ltr'><strong>lgnoranti</strong></span> <span class='ocrx_word' id='word_1_772' title='bbox 2987 4459 3119 4514; x_wconf 89' lang='lat' dir='ltr'><strong>ergo</strong></span> <span class='ocrx_word' id='word_1_773' title='bbox 3174 4443 3393 4498; x_wconf 68' lang='lat' dir='ltr'><strong>Satanae</strong></span> <span class='ocrx_word' id='word_1_774' title='bbox 3447 4440 3552 4496; x_wconf 82' lang='lat' dir='ltr'><strong>sibi</strong></span> 
     </span>
    </p>
   </div>
   <div class='ocr_carea' id='block_1_107' title="bbox 1974 4537 3553 4614">
    <p class='ocr_par' dir='ltr' id='par_1_107' title="bbox 1974 4537 3553 4614">
     <span class='ocr_line' id='line_1_107' title="bbox 1974 4537 3553 4614; baseline -0.007 -14"><span class='ocrx_word' id='word_1_775' title='bbox 1974 4545 2180 4600; x_wconf 85' lang='lat' dir='ltr'><strong>bellum</strong></span> <span class='ocrx_word' id='word_1_776' title='bbox 2250 4543 2454 4614; x_wconf 89' lang='lat' dir='ltr'><strong>parari,</strong></span> <span class='ocrx_word' id='word_1_777' title='bbox 2511 4540 2892 4608; x_wconf 88' lang='lat' dir='ltr'><strong>nescientique</strong></span> <span class='ocrx_word' id='word_1_778' title='bbox 2960 4551 3193 4606; x_wconf 87' lang='lat' dir='ltr'><strong>prorsus</strong></span> <span class='ocrx_word' id='word_1_779' title='bbox 3245 4537 3553 4606; x_wconf 80' lang='lat' dir='ltr'><strong>patibulum</strong></span> 
     </span>
    </p>
   </div>
   <div class='ocr_carea' id='block_1_108' title="bbox 1975 4627 3557 4700">
    <p class='ocr_par' dir='ltr' id='par_1_108' title="bbox 1975 4627 3557 4700">
     <span class='ocr_line' id='line_1_108' title="bbox 1975 4627 3557 4700; baseline -0.004 -8"><span class='ocrx_word' id='word_1_780' title='bbox 1975 4637 2158 4693; x_wconf 90' lang='lat' dir='ltr'><strong>crucis</strong></span> <span class='ocrx_word' id='word_1_781' title='bbox 2182 4634 2444 4691; x_wconf 88' lang='lat' dir='ltr'><strong>struendo</strong></span> <span class='ocrx_word' id='word_1_782' title='bbox 2473 4633 2605 4687; x_wconf 89' lang='lat' dir='ltr'><strong>dare</strong></span> <span class='ocrx_word' id='word_1_783' title='bbox 2630 4632 2872 4700; x_wconf 90' lang='lat' dir='ltr'><strong>seipsum</strong></span> <span class='ocrx_word' id='word_1_784' title='bbox 2911 4628 3268 4699; x_wconf 73' lang='lat' dir='ltr'><strong>przecipitem,</strong></span> <span class='ocrx_word' id='word_1_785' title='bbox 3294 4627 3557 4685; x_wconf 78' lang='lat' dir='ltr'><strong>Servatur</strong></span> 
     </span>
    </p>
   </div>
   <div class='ocr_carea' id='block_1_109' title="bbox 1975 4719 3558 4791">
    <p class='ocr_par' dir='ltr' id='par_1_109' title="bbox 1975 4719 3558 4791">
     <span class='ocr_line' id='line_1_109' title="bbox 1975 4719 3558 4791; baseline -0.004 -8"><span class='ocrx_word' id='word_1_786' title='bbox 1975 4729 2155 4783; x_wconf 85' lang='lat' dir='ltr'><strong>aiebat</strong></span> <span class='ocrx_word' id='word_1_787' title='bbox 2194 4753 2206 4782; x_wconf 88' lang='lat'><strong>.-</strong></span> <span class='ocrx_word' id='word_1_788' title='bbox 2250 4744 2268 4777; x_wconf 88' lang='grc' dir='ltr'>ι</span> <span class='ocrx_word' id='word_1_789' title='bbox 2304 4724 2463 4791; x_wconf 88' lang='lat' dir='ltr'><strong>Quod</strong></span> <span class='ocrx_word' id='word_1_790' title='bbox 2515 4723 2674 4788; x_wconf 89' lang='lat' dir='ltr'><strong>facis,</strong></span> <span class='ocrx_word' id='word_1_791' title='bbox 2714 4721 2799 4775; x_wconf 84' lang='lat' dir='ltr'><strong>fac</strong></span> <span class='ocrx_word' id='word_1_792' title='bbox 2847 4719 3038 4776; x_wconf 90' lang='lat' dir='ltr'><strong>citius.</strong></span> <span class='ocrx_word' id='word_1_793' title='bbox 3077 4739 3096 4772; x_wconf 75' lang='grc' dir='ltr'>ι</span> <span class='ocrx_word' id='word_1_794' title='bbox 3144 4719 3558 4776; x_wconf 79' lang='lat' dir='ltr'><strong>lnterminantis</strong></span> 
     </span>
    </p>
   </div>
   <div class='ocr_carea' id='block_1_110' title="bbox 1977 4811 3557 4887">
    <p class='ocr_par' dir='ltr' id='par_1_110' title="bbox 1977 4811 3557 4887">
     <span class='ocr_line' id='line_1_110' title="bbox 1977 4811 3557 4887; baseline -0.007 -12"><span class='ocrx_word' id='word_1_795' title='bbox 1977 4820 2121 4875; x_wconf 87' lang='lat' dir='ltr'><strong>enim</strong></span> <span class='ocrx_word' id='word_1_796' title='bbox 2178 4816 2363 4887; x_wconf 88' lang='lat' dir='ltr'><strong>potius</strong></span> <span class='ocrx_word' id='word_1_797' title='bbox 2401 4830 2565 4886; x_wconf 89' lang='lat' dir='ltr'><strong>quam</strong></span> <span class='ocrx_word' id='word_1_798' title='bbox 2619 4811 2966 4868; x_wconf 88' lang='lat' dir='ltr'><strong>adhortantis</strong></span> <span class='ocrx_word' id='word_1_799' title='bbox 3008 4819 3094 4866; x_wconf 89' lang='lat' dir='ltr'><strong>est</strong></span> <span class='ocrx_word' id='word_1_800' title='bbox 3137 4812 3331 4866; x_wconf 76' lang='lat' dir='ltr'><strong>oratio.</strong></span> <span class='ocrx_word' id='word_1_801' title='bbox 3359 4812 3557 4878; x_wconf 89' lang='lat' dir='ltr'><strong>Quem-</strong></span> 
     </span>
    </p>
   </div>
   <div class='ocr_carea' id='block_1_111' title="bbox 1980 4903 3559 4975">
    <p class='ocr_par' dir='ltr' id='par_1_111' title="bbox 1980 4903 3559 4975">
     <span class='ocr_line' id='line_1_111' title="bbox 1980 4903 3559 4975; baseline -0.005 -11"><span class='ocrx_word' id='word_1_802' title='bbox 1980 4907 2276 4964; x_wconf 86' lang='lat' dir='ltr'><strong>admodum</strong></span> <span class='ocrx_word' id='word_1_803' title='bbox 2339 4908 2508 4974; x_wconf 87' lang='lat' dir='ltr'><strong>enim,</strong></span> <span class='ocrx_word' id='word_1_804' title='bbox 2541 4906 2586 4962; x_wconf 91' lang='lat' dir='ltr'><strong>si</strong></span> <span class='ocrx_word' id='word_1_805' title='bbox 2655 4905 2778 4975; x_wconf 90' lang='lat' dir='ltr'><strong>quis</strong></span> <span class='ocrx_word' id='word_1_806' title='bbox 2833 4903 3052 4975; x_wconf 85' lang='lat' dir='ltr'><strong>juvenis</strong></span> <span class='ocrx_word' id='word_1_807' title='bbox 3098 4903 3300 4975; x_wconf 76' lang='lat' dir='ltr'><strong>insigni</strong></span> <span class='ocrx_word' id='word_1_808' title='bbox 3363 4905 3559 4958; x_wconf 87' lang='lat' dir='ltr'><strong>robore</strong></span> 
     </span>
    </p>
   </div>
   <div class='ocr_carea' id='block_1_112' title="bbox 1980 4993 3561 5073">
    <p class='ocr_par' dir='ltr' id='par_1_112' title="bbox 1980 4993 3561 5073">
     <span class='ocr_line' id='line_1_112' title="bbox 1980 4993 3561 5073; baseline -0.007 -15"><span class='ocrx_word' id='word_1_809' title='bbox 1980 5003 2243 5073; x_wconf 51' lang='lat' dir='ltr'><strong>praeditus</strong></span> <span class='ocrx_word' id='word_1_810' title='bbox 2291 5002 2594 5054; x_wconf 86' lang='lat' dir='ltr'><strong>irruentem</strong></span> <span class='ocrx_word' id='word_1_811' title='bbox 2639 5012 2840 5069; x_wconf 84' lang='lat' dir='ltr'><strong>magno</strong></span> <span class='ocrx_word' id='word_1_812' title='bbox 2891 4997 3115 5067; x_wconf 68' lang='lat' dir='ltr'><strong>impetw</strong></span> <span class='ocrx_word' id='word_1_813' title='bbox 3150 4993 3444 5065; x_wconf 85' lang='lat' dir='ltr'><strong>quemdam</strong></span> <span class='ocrx_word' id='word_1_814' title='bbox 3480 4995 3561 5048; x_wconf 86' lang='lat' dir='ltr'><strong>vi-</strong></span> 
     </span>
    </p>
   </div>
   <div class='ocr_carea' id='block_1_113' title="bbox 1981 5091 3562 5158">
    <p class='ocr_par' dir='ltr' id='par_1_113' title="bbox 1981 5091 3562 5158">
     <span class='ocr_line' id='line_1_113' title="bbox 1981 5091 3562 5158; baseline -0.006 -8"><span class='ocrx_word' id='word_1_815' title='bbox 1981 5096 2148 5157; x_wconf 89' lang='lat' dir='ltr'><strong>derit,</strong></span> <span class='ocrx_word' id='word_1_816' title='bbox 2189 5103 2244 5149; x_wconf 88' lang='lat' dir='ltr'><strong>et</strong></span> <span class='ocrx_word' id='word_1_817' title='bbox 2291 5101 2453 5146; x_wconf 86' lang='lat' dir='ltr'><strong>acuta</strong></span> <span class='ocrx_word' id='word_1_818' title='bbox 2496 5091 2678 5145; x_wconf 89' lang='lat' dir='ltr'><strong>securi</strong></span> <span class='ocrx_word' id='word_1_819' title='bbox 2719 5091 2926 5145; x_wconf 69' lang='lat' dir='ltr'><strong>dextrae</strong></span> <span class='ocrx_word' id='word_1_820' title='bbox 2955 5094 3164 5158; x_wconf 85' lang='lat' dir='ltr'><strong>aptata,</strong></span> <span class='ocrx_word' id='word_1_821' title='bbox 3198 5099 3407 5156; x_wconf 83' lang='lat' dir='ltr'><strong>gnarus</strong></span> <span class='ocrx_word' id='word_1_822' title='bbox 3441 5099 3469 5137; x_wconf 88' lang='lat' dir='ltr'><strong>a</strong></span> <span class='ocrx_word' id='word_1_823' title='bbox 3501 5099 3562 5141; x_wconf 85' lang='lat' dir='ltr'><strong>se</strong></span> 
     </span>
    </p>
   </div>
   <div class='ocr_carea' id='block_1_114' title="bbox 1982 5169 3558 5245">
    <p class='ocr_par' dir='ltr' id='par_1_114' title="bbox 1982 5169 3558 5245">
     <span class='ocr_line' id='line_1_114' title="bbox 1982 5169 3558 5245; baseline -0.007 -4"><span class='ocrx_word' id='word_1_824' title='bbox 1982 5169 2330 5241; x_wconf 77' lang='lat' dir='ltr'><strong>interfectum</strong></span> <span class='ocrx_word' id='word_1_825' title='bbox 2350 5183 2416 5238; x_wconf 91' lang='lat' dir='ltr'><strong>iri</strong></span> <span class='ocrx_word' id='word_1_826' title='bbox 2433 5177 3146 5245; x_wconf 72' lang='lat' dir='ltr'><strong>adversarium,_exclamet,</strong></span> <span class='ocrx_word' id='word_1_827' title='bbox 3174 5195 3192 5226; x_wconf 83' lang='grc' dir='ltr'>ι</span> <span class='ocrx_word' id='word_1_828' title='bbox 3225 5174 3381 5240; x_wconf 88' lang='lat' dir='ltr'><strong>Quod</strong></span> <span class='ocrx_word' id='word_1_829' title='bbox 3400 5175 3558 5240; x_wconf 83' lang='lat' dir='ltr'><strong>facis,</strong></span> 
     </span>
    </p>
   </div>
   <div class='ocr_carea' id='block_1_115' title="bbox 1984 5269 3558 5343">
    <p class='ocr_par' dir='ltr' id='par_1_115' title="bbox 1984 5269 3558 5343">
     <span class='ocr_line' id='line_1_115' title="bbox 1984 5269 3558 5343; baseline -0.005 -13"><span class='ocrx_word' id='word_1_830' title='bbox 1984 5275 2072 5330; x_wconf 89' lang='lat' dir='ltr'><strong>fac</strong></span> <span class='ocrx_word' id='word_1_831' title='bbox 2121 5276 2304 5339; x_wconf 90' lang='lat' dir='ltr'><strong>citius,</strong></span> <span class='ocrx_word' id='word_1_832' title='bbox 2346 5293 2363 5325; x_wconf 75' lang='grc' dir='ltr'>ι</span> <span class='ocrx_word' id='word_1_833' title='bbox 2403 5272 2694 5343; x_wconf 78' lang='lat' dir='ltr'><strong>experiere</strong></span> <span class='ocrx_word' id='word_1_834' title='bbox 2725 5271 2869 5325; x_wconf 86' lang='lat' dir='ltr'><strong>enim</strong></span> <span class='ocrx_word' id='word_1_835' title='bbox 2909 5269 3118 5322; x_wconf 71' lang='lat' dir='ltr'><strong>dextra:</strong></span> <span class='ocrx_word' id='word_1_836' title='bbox 3169 5282 3303 5323; x_wconf 70' lang='lat' dir='ltr'><strong>mea:</strong></span> <span class='ocrx_word' id='word_1_837' title='bbox 3352 5269 3558 5330; x_wconf 87' lang='lat' dir='ltr'><strong>robur.</strong></span> 
     </span>
    </p>
   </div>
   <div class='ocr_carea' id='block_1_116' title="bbox 1987 5345 3560 5423">
    <p class='ocr_par' dir='ltr' id='par_1_116' title="bbox 1987 5345 3560 5423">
     <span class='ocr_line' id='line_1_116' title="bbox 1987 5345 3560 5423; baseline -0.006 0"><span class='ocrx_word' id='word_1_838' title='bbox 1987 5384 2148 5423; x_wconf 87' lang='lat' dir='ltr'><strong>nemo</strong></span> <span class='ocrx_word' id='word_1_839' title='bbox 2183 5376 2330 5423; x_wconf 87' lang='lat' dir='ltr'><strong>certe</strong></span> <span class='ocrx_word' id='word_1_840' title='bbox 2360 5367 2562 5422; x_wconf 84' lang='lat' dir='ltr'><strong>dixerit</strong></span> <span class='ocrx_word' id='word_1_841' title='bbox 2593 5345 2781 5421; x_wconf 35' lang='lat' dir='ltr'><strong>vfocem</strong></span> <span class='ocrx_word' id='word_1_842' title='bbox 2811 5363 2951 5417; x_wconf 88' lang='lat' dir='ltr'><strong>hanc</strong></span> <span class='ocrx_word' id='word_1_843' title='bbox 2979 5377 3106 5418; x_wconf 89' lang='lat' dir='ltr'><strong>esse</strong></span> <span class='ocrx_word' id='word_1_844' title='bbox 3135 5361 3274 5417; x_wconf 89' lang='lat' dir='ltr'><strong>mori</strong></span> <span class='ocrx_word' id='word_1_845' title='bbox 3301 5360 3560 5422; x_wconf 82' lang='lat' dir='ltr'><strong>volentis,</strong></span> 
     </span>
    </p>
   </div>
   <div class='ocr_carea' id='block_1_117' title="bbox 1989 5451 3572 5530">
    <p class='ocr_par' dir='ltr' id='par_1_117' title="bbox 1989 5451 3572 5530">
     <span class='ocr_line' id='line_1_117' title="bbox 1989 5451 3572 5530; baseline -0.008 -14"><span class='ocrx_word' id='word_1_846' title='bbox 1989 5461 2082 5516; x_wconf 86' lang='lat' dir='ltr'><strong>sed</strong></span> <span class='ocrx_word' id='word_1_847' title='bbox 2119 5460 2467 5527; x_wconf 66' lang='lat' dir='ltr'><strong>praescicntis</strong></span> <span class='ocrx_word' id='word_1_848' title='bbox 2513 5459 2701 5530; x_wconf 82' lang='lat' dir='ltr'><strong>potius</strong></span> <span class='ocrx_word' id='word_1_849' title='bbox 2734 5457 2801 5512; x_wconf 89' lang='lat' dir='ltr'><strong>de</strong></span> <span class='ocrx_word' id='word_1_850' title='bbox 2833 5451 3150 5513; x_wconf 85' lang='lat' dir='ltr'><strong>adversario</strong></span> <span class='ocrx_word' id='word_1_851' title='bbox 3175 5451 3464 5511; x_wconf 79' lang='lat' dir='ltr'><strong>victoriam</strong></span> <span class='ocrx_word' id='word_1_852' title='bbox 3503 5465 3572 5504; x_wconf 58' lang='lat' dir='ltr'><strong>an</strong></span> 
     </span>
    </p>
   </div>
   <div class='ocr_carea' id='block_1_118' title="bbox 373 5635 1979 5711">
    <p class='ocr_par' dir='ltr' id='par_1_118' title="bbox 373 5635 1979 5711">
     <span class='ocr_line' id='line_1_118' title="bbox 373 5635 1979 5711; baseline -0.014 -1"><span class='ocrx_word' id='word_1_853' title='bbox 373 5651 416 5681; x_wconf 87' lang='lat'>&quot;</span> <span class='ocrx_word' id='word_1_854' title='bbox 457 5648 597 5704; x_wconf 71' lang='lat' dir='ltr'><strong>Cc!!-</strong></span> <span class='ocrx_word' id='word_1_855' title='bbox 641 5662 737 5705; x_wconf 67' lang='lat' dir='ltr'><strong>III.</strong></span> <span class='ocrx_word' id='word_1_856' title='bbox 775 5647 857 5706; x_wconf 69' lang='lat'><strong>19..</strong></span> <span class='ocrx_word' id='word_1_857' title='bbox 938 5645 983 5678; x_wconf 66' lang='grc'>³³</span> <span class='ocrx_word' id='word_1_858' title='bbox 1024 5645 1171 5701; x_wconf 81' lang='lat' dir='ltr'><strong>Psal.</strong></span> <span class='ocrx_word' id='word_1_859' title='bbox 1207 5661 1322 5711; x_wconf 84' lang='lat' dir='ltr'><strong>cvi,</strong></span> <span class='ocrx_word' id='word_1_860' title='bbox 1359 5645 1444 5700; x_wconf 64' lang='grc'><strong>42.</strong></span> <span class='ocrx_word' id='word_1_861' title='bbox 1524 5645 1568 5676; x_wconf 67' lang='grc'><strong>’³</strong></span> <span class='ocrx_word' id='word_1_862' title='bbox 1607 5641 1766 5698; x_wconf 76' lang='lat' dir='ltr'><strong>Joan.</strong></span> <span class='ocrx_word' id='word_1_863' title='bbox 1805 5657 1855 5706; x_wconf 86' lang='grc' dir='ltr'><strong>ι,</strong></span> <span class='ocrx_word' id='word_1_864' title='bbox 1892 5635 1979 5694; x_wconf 80' lang='grc'><strong>51.</strong></span> 
     </span>
    </p>
   </div>
  </div>
