4062 6208
522 220 620 276 H7
736 250 741 259 ι

1517 218 1574 275 S.
1610 219 1894 277 CYRILLI
1933 221 2408 278 ALEXANDRINI
2439 220 2760 279 ARCHIEP.

3680 216 3777 276 168

519 340 927 405 reportaturum
963 353 976 389 :
1009 334 1085 389 ita
1122 335 1390 391 Dominus
1422 344 1612 393 noster
1640 336 1802 395 Iesus
1831 339 2085 394 Christus

2194 339 2431 410 Σατανᾷ,
2485 339 2568 392 ὅτι
2594 339 2692 409 τῆς
2737 334 2934 389 ἑαυτοῦ
2973 330 3475 402 καταστρατεύεται
3516 328 3782 403 κεφαλῆς,

517 422 852 479 contendere
885 438 1054 480 cursu
1084 424 1493 495 quodammodo
1536 425 1696 495 jubet
1729 427 1988 483 Satanam
2022 427 2092 482 ad

520 515 791 572 nefarium
847 532 1008 572 suum
1067 516 1304 573 facinus.
1336 516 1457 572 Jam
1490 519 1638 574 enim
1687 519 1888 574 elliciet
1928 521 2092 575 utvi-

519 609 714 664 deatur
760 611 813 663 in
872 625 1119 681 praeceps
1161 610 1328 666 datos
1384 611 1670 667 hominum
1727 612 1996 684 perditor,
2039 622 2095 670 et

518 700 671 756 orbis
699 711 968 756 terrarum
997 702 1214 773 tyranni
1246 703 1395 760 illius
1426 718 1491 757 ac
1513 703 1742 760 victoris
1770 705 2094 775 impotentia

518 793 807 861 liberetur,
838 810 1000 863 quem
1046 794 1238 850 fraude
1280 811 1382 851 sua
1407 797 1707 866 oppressit,
1729 807 1789 853 ut
1817 807 1873 853 et
1899 813 1930 851 a
1962 813 2094 854 vera

518 886 574 940 in
612 884 782 941 Deum
839 885 946 941 ﬁde
983 898 1258 943 avocaret.
1292 889 1552 960 Ignorant
1608 905 1776 960 porro
1833 890 2092 960 discipuli

518 978 625 1031 vim
655 979 949 1034 sermonis.
978 995 1091 1035 non
1123 980 1243 1036 sine
1272 982 1475 1046 divina,
1508 989 1567 1037 ut
1591 983 1831 1050 videtur,
1867 984 2093 1041 ordina-

517 1069 666 1123 tione
716 1069 938 1125 Christo
993 1070 1137 1125 lianc
1186 1072 1301 1128 illis
1353 1088 1464 1128 non
1530 1074 1996 1129 revelantemam
2041 1083 2096 1130 et

519 1159 645 1215 alibi
681 1171 1113 1232 praemonstrare
1148 1164 1366 1221 videtur
1396 1181 1457 1221 se
1484 1166 1749 1221 traditum
1780 1167 1850 1221 iri
1886 1166 1943 1222 in
1979 1182 2096 1221 rna-

519 1266 623 1307 nos
658 1263 1034 1323 peccatorum,
1055 1264 1109 1310 et
1134 1256 1567 1327 crucifigendum
1605 1273 1688 1321 se,
1722 1263 1889 1325 atque
1918 1257 2097 1312 inter-

519 1343 839 1409 ﬁciendum,
869 1347 1067 1417 dieque
1106 1348 1270 1403 tertia
1311 1355 1753 1403 resurrecturum
1783 1348 1867 1414 ";
1903 1361 2095 1403 verum

520 1438 848 1508 praecipiens
879 1440 987 1495 illis
1039 1441 1115 1495 uti
1172 1442 1377 1495 nomini
1414 1455 1643 1510 prorsus
1680 1440 1797 1494 bare
1826 1439 2091 1495 dicerent.

518 1526 678 1601 742
712 1530 1024 1603 Principem
1055 1534 1256 1604 quippe
1282 1532 1467 1588 saeculi
1517 1531 1684 1600 hujus
1730 1531 1910 1586 celare
1939 1545 2093 1586 suam

516 1632 771 1678 naturam
812 1626 916 1681 sibi
970 1634 1354 1697 proposuerat,
1381 1632 1441 1680 ut
1475 1633 1530 1679 et
1560 1624 1780 1680 veniens
1809 1623 2092 1695 cruciﬁge-

2194 430 2525 502 ἀγνοήσαντί
2572 447 2635 483 τε
2683 427 2984 492 παντελῶς,
3017 416 3101 482 δτι
3132 424 3277 481 κατά
3304 420 3553 496 κρημνοῦ
3575 423 3783 494 τρέχει,

2194 526 2288 579 τὸν
2325 523 2420 576 ἐπὶ
2453 522 2546 576 τοῦ
2592 521 2827 591 σταυροῦ
2864 519 3131 594 διαπήξας
3172 519 3439 583 θάνατον,
3492 516 3729 586 ἔφασκεν
3755 518 3787 571 6

2195 616 2388 686 Σωτήρ
2414 631 2430 646 ο
2472 633 2491 665 ι
2519 615 2585 667 ⁸0
2613 616 2809 677 ποιεῖς,
2851 613 3077 684 ποίησον
3104 611 3314 682 τάχιον.
3345 628 3365 660 ›
3408 607 3786 673 ’Δπειλοῦντος

2195 708 2307 779 γὰρ
2336 706 2535 778 μᾶλλον
2562 706 2597 778 ἢ
2646 705 3047 777 προτρέποντος
3086 705 3116 757 6
3164 702 3324 771 λόγος
3368 700 3537 755 εστίν.
3572 700 3788 772 ’Ὠσπερ

2196 799 2305 870 γὰρ
2347 798 2563 862 νεανίας
2609 797 2717 868 πρὸ
2754 797 2915 870 ἥϐης,
2966 796 3063 851 καὶ
3098 796 3285 860 καλὸς,
3325 794 3422 849 καὶ
3463 792 3787 864 σφριγῶσαν

2195 892 2336 963 ἔχων
2381 891 2439 944 ὲν
2482 889 2562 960 τῷ
2613 889 2827 960 σώματι
2869 888 3120 958 δύναμιν,
3166 886 3310 957 δρῶν
3355 886 3454 955 μὲν
3484 885 3571 951 ἐφ’
3604 883 3786 955 ἑαυτῷ

2195 983 2452 1056 δρομαῖον
2481 980 2629 1034 ἰόντα
2650 980 2791 1043 τινά,
2818 978 2931 1045 ὀξεῖ
2954 979 3012 1032 δὲ
3046 978 3266 1032 πελέκει
3292 977 3391 1047 τὴν
3417 973 3597 1041 δεξιάν
3626 975 3760 1043 ὲναρ

2200 1074 2391 1145 μόσας,
2443 1072 2537 1126 καὶ
2614 1070 2771 1157 εἰδὼς
2831 1071 2914 1126 ὅτι
2969 1069 3280 1141 τεθνήξεται
3331 1068 3550 1130 πάντως
3594 1064 3780 1133 ἐλθὼν,

2197 1165 2599 1236 άναφθέγγοιτο
2641 1164 2823 1234 τυχὸν,
2879 1165 2946 1218 Ὃ
2977 1165 3178 1226 ποιεῖς,
3221 1165 3362 1215 ποίει
3390 1160 3577 1230 τάχιον
3603 1175 3618 1190 ·
3667 1158 3765 1227 ὀψε

2196 1258 2308 1329 γὰρ
2334 1258 2436 1327 τῆς
2488 1257 2628 1327 ἐμῆς
2660 1255 2840 1321 δεξιᾶς
2867 1255 2967 1326 τὴν
3001 1255 3234 1326 δύναμιν
3259 1270 3275 1285 ·
3324 1254 3419 1307 καὶ
3452 1252 3513 1305 οὺ
3561 1251 3627 1321 δή
3683 1267 3785 1304 που

2196 1349 2454 1404 τεθνᾶναι
2484 1348 2878 1413 σπουδάζοντος
2918 1347 3036 1419 ἐρεῖ
3061 1363 3146 1410 τις
3170 1346 3234 1399 τὸ
3263 1345 3436 1416 ῥῆμα,
3477 1343 3789 1414 προειδότος

2196 1442 2255 1495 δὲ
2290 1440 2492 1512 μᾶλλον
2537 1442 2621 1495 ὅτι
2667 1442 2903 1512 νικήσει,
2952 1439 3049 1494 καί⁵
3097 1438 3384 1510 περιέσται
3438 1435 3531 1491 τοῦ
3580 1433 3788 1489 κακοῦν

2197 1532 2474 1597 ἐθέλοντος
2523 1532 2725 1587 αὐτόν·
2771 1531 2943 1597 οὕτως
2995 1534 3025 1585 ό
3065 1530 3269 1603 Κύριος
3323 1530 3481 1601 ήμῶν
3520 1528 3730 1600 Ἰησοῦς
3759 1529 3790 1581 6

2198 1626 2463 1697 Χριστὸς,
2517 1622 2757 1695 ὀξυτέρῳ
2800 1623 3003 1694 τρόπον
3048 1622 3172 1676 τινὰ
3223 1621 3525 1693 κεχρῆσθαι
3572 1619 3790 1675 κελεύει

515 1727 692 1781 retur,
741 1727 796 1772 et
852 1718 906 1772 in
951 1734 1171 1774 crucem
1232 1727 1391 1772 actus
1430 1726 1663 1773 mortem
1710 1723 2003 1781 everteret,
2040 1725 2085 1771 el

2195 1696 2380 1786 δρόμῳ
2424 1715 2518 1767 τὸν
2568 1715 2813 1767 Σατανᾶν
2858 1715 2941 1777 εἰς
2992 1711 3064 1765 τὰ
3110 1713 3198 1765 ἐπ’
3243 1711 3394 1780 αὐτῷ
3438 1711 3787 1781 τολμήματα.

515 1808 870 1864 credentibus
924 1810 978 1864 in
1035 1825 1160 1865 eum
1213 1812 1447 1865 salutem
1508 1810 1815 1879 perliceret.
1845 1808 2085 1863 Occultal

2194 1807 2370 1874 Δείξει
2416 1806 2525 1876 γὰρ
2568 1807 2670 1877 ἢδη
2731 1806 2967 1859 πεσόντα
3017 1803 3283 1873 γελᾶσθαι
3339 1802 3432 1856 τὸν
3485 1800 3785 1872 ἀλιτήριον,

516 1899 686 1968 igitur
716 1900 983 1973 singulari
1015 1918 1078 1956 ac
1115 1902 1307 1957 divino
1336 1902 1570 1958 consilio
1603 1901 1872 1971 pleraque
1905 1916 2085 1956 eorum

2192 1900 2485 1970 ἐλευθέραν
2518 1916 2577 1951 τε
2614 1898 2714 1969 τὴν
2739 1895 3065 1967 οἰκουμένην
3098 1895 3226 1948 ἰδεῖν
3254 1894 3347 1948 τοῦ
3377 1892 3548 1947 πάλαι
3580 1893 3787 1963 κρατή-

513 2006 637 2057 qua:
663 1992 942 2047 dicuntur.
974 1992 1197 2049 Sciebat
1249 1994 1421 2059 enim,
1456 2002 1513 2048 ut
1549 1993 1713 2059 Deos,
1753 2008 2085 2064 qomconque

2194 2008 2388 2054 σαντος
2412 1992 2476 2044 ὲκ
2506 1988 2820 2054 πλεονεξίας
2850 1988 2944 2042 καὶ
2965 1987 3332 2058 νενικηκότος,
3359 1986 3435 2049 ὡς
3455 1984 3514 2050 ἐξ
3542 1985 3783 2054 ἀπάτης,

513 2083 912 2141 conducerent.

2189 2082 2265 2146 ὡς
2291 2083 2385 2137 καὶ
2428 2085 2528 2149 τῆς
2573 2082 2651 2144 εἰς
2683 2079 2816 2134 Θεὸν
2849 2078 3160 2149 ἀποστῆσαι
3191 2078 3448 2142 πίστεως.
3490 2073 3776 2145 Ἀγνοοῦσί

511 2188 576 2239 γε
623 2174 730 2246 μὴν
762 2178 812 2230 οἰ
886 2178 1126 2252 μαθηταί
1195 2181 1291 2235 τοῦ
1338 2180 1499 2251 λόγου
1543 2179 1645 2252 τὴν
1717 2180 1970 2250 δύναμιν,
2015 2176 2410 2248 οἰκονομικῶς,
2458 2175 2535 2238 ὡς
2583 2175 2753 2238 εἰκὸς,
2799 2174 2900 2228 οὐκ
2949 2171 3400 2242 άποκαλύψαντος
3456 2171 3637 2234 αὐτοῖς
3687 2168 3787 2222 τοῦ

511 2265 770 2336 Χριστοῦ,
806 2271 928 2325 ἐπεὶ
960 2273 1052 2326 καὶ
1085 2273 1144 2326 ὲν
1177 2273 1388 2342 ἑτέροις
1418 2275 1668 2344 φαίνεται
1718 2272 2088 2345 προδιδάσκων
2130 2270 2249 2342 μὲν,
2282 2270 2365 2322 ὅτι
2411 2267 2851 2339 παραδοθήσεται
2895 2267 2975 2330 εἰς
3039 2268 3226 2338 χεῖρας
3260 2264 3622 2337 ἁμαρτωλῶν,
3684 2261 3787 2317 καὶ

511 2358 594 2411 ὅτι
621 2364 1091 2434 σταυρωθήσεται,
1113 2366 1206 2419 καὶ
1227 2366 1720 2436 ἀποκτανθήσεται,
1743 2366 1838 2418 καί⁵
1862 2364 2223 2434 ἀναστήσεται
2254 2363 2318 2431 τῇ
2346 2360 2531 2430 ἡμέρᾳ
2556 2361 2621 2429 τῇ
2684 2358 2843 2429 τρίτῃ
2868 2374 2884 2388 ·
2952 2356 3416 2428 παρεγγυώμενος
3449 2354 3506 2409 δὶ
3576 2353 3773 2426 μηδενί

508 2453 574 2506 τὸ
607 2458 869 2527 παράπαν
896 2457 1122 2512 τοιαῦτα
1152 2459 1352 2513 λαλεῖν.
1391 2459 1599 2522 Σκοπὸς
1636 2458 1744 2528 γὰρ
1768 2453 1838 2528 ἦν
1908 2454 2056 2524 αὐτῷ
2119 2451 2302 2505 λαθεῖν
2340 2451 2429 2504 τὸν
2476 2450 2712 2520 ἄρχοντα
2763 2445 2859 2502 τοῦ
2906 2447 3101 2511 αἰῶνος
3144 2447 3336 2501 τούτου
3360 2487 3375 2512 ,
3426 2446 3513 2510 τίς
3559 2443 3786 2515 ἀληθῶς

509 2543 653 2616 and;
707 2545 869 2616 φύσιν
917 2548 1087 2614 ἐστὶν,
1137 2547 1225 2602 ῖνα
1275 2546 1372 2601 καὶ
1420 2546 1591 2601 ἐλθὼν
1643 2546 1954 2618 σταυρωθῇ,
2000 2542 2096 2597 καὶ
2134 2539 2471 2611 σταυρωθεὶς
2534 2540 2698 2610 ἀνέλῃ
2740 2538 2834 2592 τὸν
2878 2538 3129 2601 θάνατον,
3178 2538 3274 2590 καὶ
3312 2540 3426 2601 τοῖς
3469 2538 3551 2600 εἰς
3616 2535 3785 2590 αὑτὸν

509 2638 826 2693 πιστεύουσι
875 2640 1202 2713 κατορθώσῃ
1246 2638 1345 2710 τὴν
1393 2639 1686 2711 σωτηρίαν.
1719 2636 2112 2709 Κατακρύπτει
2151 2631 2439 2705 τοιγαροῦν
2501 2633 2857 2703 οἰκονομικῶς
2893 2632 2963 2686 τὰ
3008 2630 3236 2685 πλεῖστα
3281 2631 3392 2686 τῶν
3449 2630 3783 2704 λεγομένων.

510 2735 696 2812 ῌάντα
733 2733 841 2803 γὰρ
874 2727 1031 2796 οἶδεν,
1060 2733 1136 2795 ὡς
1169 2732 1321 2795 Θεὸς,
1350 2732 1421 2784 τὰ
1448 2732 1819 2803 συμφέροντα.

580 2824 722 2887 Xlll,
749 2824 843 2880 ει).
871 2822 1098 2888 Quidam
1121 2825 1258 2879 enim
1297 2824 1577 2892 putabant,
1606 2827 1731 2894 quia
1764 2825 1964 2879 loculos
1999 2822 2096 2877 Ita-

511 2916 685 2975 bebat,
726 2913 864 2984 quod
913 2913 1137 2967 dixisset
1183 2914 1230 2968 ei
1267 2912 1425 2969 Iesus
1456 2930 1476 2969 :
1513 2913 1642 2968 Eme
1690 2931 1754 2968 ea
1792 2930 1909 2985 qua:
1959 2929 2087 2981 opus

509 3019 633 3062 sunt
665 3008 813 3062 nobis
866 3007 936 3060 ad
980 3007 1119 3060 diem
1157 3006 1352 3076 festum
1387 3023 1406 3060 :
1433 3017 1525 3061 aut
1561 3011 1736 3079 egenis
1785 3018 1839 3061 ut
1881 3006 2087 3073 aliquid

508 3101 685 3152 daret.

2269 2818 2433 2884 Τινὲς
2464 2816 2533 2871 δὲ
2562 2817 2839 2880 ἐδόκουν.
2873 2816 3004 2873 ἐπεὶ
3038 2820 3107 2874 τὸ
3141 2819 3586 2889 γλωσσόκομον
3615 2812 3786 2887 εἶχεν

2196 2911 2229 2962 ὁ
2274 2908 2524 2974 Ἰούδας,
2547 2908 2633 2962 ὅτι
2662 2904 2831 2962 εἶπεν
2852 2908 3016 2974 αὐτῷ
3046 2911 3077 2964 ἐ
3119 2907 3395 2976 Ἰησοῦς·
3451 2906 3785 2976 ’Δτόρασον

2191 2993 2282 3054 ὧν
2305 3001 2515 3069 χρείαν
2543 2999 2765 3068 ἔχομεν
2808 3002 2895 3066 εὶς
2943 3000 3062 3070 τὴν
3092 3000 3312 3070 ἑορτὴν
3331 3043 3346 3067 ,
3381 3000 3419 3071 ἢ
3460 3002 3585 3070 τοῖς
3614 3018 3776 3057 πτω-

2197 3093 2331 3164 χοῖς
2363 3094 2463 3146 ἵνα
2491 3111 2546 3146 τι
2576 3092 2679 3158 δῷ.

578 3188 714 3244 Cum
747 3205 855 3244 non
891 3189 1262 3261 intelligerent
1293 3189 1555 3261 discipuli
1587 3191 1718 3261 quid
1749 3189 1853 3245 sibi
1887 3190 2085 3243 vellent

2265 3186 2341 3238 Οὐ
2384 3185 2657 3248 συνιέντες
2689 3187 2738 3238 οἰ
2785 3185 3024 3258 μαθηταὶ
3070 3186 3166 3239 τοῦ
3201 3186 3361 3254 λόγου
3398 3187 3497 3258 τὴν
3525 3188 3779 3260 δύναμιν,

509 3281 675 3335 verba
720 3278 1058 3345 Servatoris,
1084 3280 1150 3335 ad
1190 3280 1489 3336 familiares
1521 3287 1577 3334 et
1605 3281 1856 3351 volgatas
1903 3280 2087 3348 sospi-

509 3375 699 3429 ciones
747 3380 1034 3429 vertuntur
1068 3374 1238 3440 illico,
1265 3382 1322 3428 et
1361 3389 1485 3444 quae
1522 3373 1782 3427 Servator
1822 3373 2090 3440 imperare

510 3467 745 3530 solebat,
774 3466 892 3520 haec
937 3480 1134 3523 rursus
1165 3482 1290 3523 eum
1328 3466 1573 3521 indicare
1605 3465 1950 3519 existimant.
1993 3461 2090 3516 Die

508 3570 747 3623 uanique
789 3554 931 3610 festo
967 3554 1289 3609 imminente
1323 3553 1678 3608 crediderunt
1706 3553 1757 3605 ei
1797 3551 1892 3620 qui
1937 3563 2088 3602 mar-

510 3646 728 3717 supium
781 3646 1022 3702 habebat
1074 3645 1391 3701 mandatum
1436 3653 1496 3698 ut
1551 3642 1802 3698 nonnihil
1854 3649 2083 3706 emeret,

510 3738 657 3807 quod
683 3739 751 3793 ad
785 3737 982 3794 festum
1009 3745 1159 3793 esset
1188 3737 1447 3792 idoneum
1482 3753 1494 3787 :
1525 3745 1623 3789 aut
1655 3744 1823 3800 certe,
1855 3733 2002 3804 quod
2035 3732 2084 3788 ei

510 3843 721 3900 magna;
767 3828 1038 3899 imprimis
1065 3843 1213 3885 cura:
1247 3834 1387 3890 erat.
1431 3826 1758 3896 imperatum
1802 3834 1859 3879 ot
1897 3824 2086 3896 egenis

508 3934 577 3974 ex
613 3917 813 3974 oblatis
851 3918 1017 3975 rebus
1058 3934 1161 3989 pro
1204 3933 1393 3974 earum
1426 3916 1875 3972 subministraret
1922 3917 2087 3969 modo

510 4010 847 4066 necessaria.
877 4009 1065 4065 Bonos
1090 4009 1235 4066 enim
1263 4025 1330 4066 ac
1358 4008 1678 4066 misericors
1710 4007 1999 4071 Dominus,
2028 4019 2086 4060 ut

511 4103 784 4172 scripturn
813 4111 897 4157 est
932 4102 999 4157 ".
1026 4100 1362 4157 Praeclarum
1398 4115 1530 4157 vero
1555 4100 1716 4157 nobis
1749 4099 1915 4156 etiam
1947 4099 2085 4169 ipsis

506 4195 821 4266 exemplum
860 4194 991 4249 hinc
1044 4195 1388 4266 proponitur.
1426 4191 1696 4263 Oportere
1748 4192 1951 4262 quippe
1997 4206 2086 4244 ar-

506 4285 684 4340 bitror
721 4294 781 4341 ut
809 4287 902 4357 qui
950 4302 1088 4357 pure
1132 4295 1188 4343 et
1228 4287 1385 4356 juxta
1425 4286 1522 4341 Dei
1571 4287 1832 4357 placitum
1880 4287 2082 4340 festum

505 4378 651 4432 diem
670 4394 831 4448 agere
860 4381 1071 4441 volunt,
1093 4394 1202 4433 non
1229 4381 1409 4434 solum
1442 4379 1645 4433 laetitia:
1676 4395 1790 4434 sua:
1811 4380 2082 4434 rationem

509 4469 767 4533 habeant,
805 4483 983 4537 neque
1015 4468 1335 4537 provideant
1362 4469 1639 4538 quomodo
1674 4469 1778 4523 soli
1816 4469 1918 4539 ipsi
1956 4484 2081 4523 cum

2191 3278 2285 3330 ἐπὶ
2314 3277 2414 3340 τὰς
2460 3277 2714 3348 συνήθεις
2759 3278 3018 3340 ὑπονοίας
3059 3277 3448 3349 εὐπετέστερον
3492 3280 3777 3351 τρέχουσι,

2191 3370 2285 3423 καὶ
2322 3370 2467 3440 ἅπερ
2520 3364 2589 3439 ἦν
2627 3368 2747 3432 ἔθος
2782 3368 2862 3438 τῷ
2913 3369 3126 3440 Σωτῆρι
3155 3373 3551 3439 προστάττειν,
3601 3371 3779 3427 ταῦτα

2190 3461 2354 3515 πάλιν
2390 3462 2552 3514 αὑτὸν
2581 3460 2786 3515 οἴονται
2816 3461 3031 3528 δηλοῦν.
3086 3463 3285 3532 Ἐγγῦς
3309 3466 3418 3535 γάρ
3460 3464 3630 3535 ούσης
3673 3466 3777 3537 τῆς

2189 3551 2404 3622 ἑορτῆς,
2432 3551 2863 3621 προσεδόκησαν
2906 3551 3089 3606 τιτῶν
3120 3553 3201 3615 εἰς
3239 3554 3412 3626 αὐτὴν
3453 3555 3777 3625 ἐπιτηδείων

2189 3644 2521 3715 έκπρίασθαι
2565 3644 2808 3697 κελεύειν
2851 3645 3002 3717 αὐτῷ
3030 3645 3109 3717 τῷ
3142 3645 3529 3718 γλωσσόκομον
3571 3646 3775 3718 ἔχοντι,

2189 3735 2359 3805 ἤγουν
2409 3736 2645 3806 μάλιστα
2694 3737 2757 3789 τὸ
2795 3737 2945 3808 αὐτῷ
2996 3739 3469 3811 περισπούδαστον
3518 3739 3775 3805 ἐξανύσαι

2190 3828 2568 3898 προστάττειν,
2603 3827 2750 3881 τοῦτ’
2771 3827 2908 3891 ἔστι,
2934 3828 3003 3882 τὰ
3027 3818 3143 3893 τοῖς
3166 3830 3441 3900 δεομένοις
3466 3833 3776 3901 ἐπαρκέσαι

2188 3915 2484 3988 δυνάμενα,
2512 3919 2656 3972 κατά
2686 3935 2752 3987 γε
2774 3920 2836 3972 τὸ
2860 3920 2972 3973 τῶν
3001 3920 3525 3993 προσκομιζομένων
3548 3924 3773 3994 μέτρον.

2187 4010 2439 4081 Χρηστδς
2482 4012 2591 4083 γὰρ
2629 4012 2724 4065 καὶ
2775 4011 3023 4081 ἐλεήμων
3048 4014 3078 4066 6
3108 4011 3313 4085 Κύριος
3337 4053 3351 4077 ,
3397 4014 3537 4068 κατά
3579 4013 3639 4068 τὸ
3673 4031 3775 4082 γε·

2186 4102 2524 4174 γραμμένον.
2578 4104 2834 4172 ’Ἄριστος
2862 4103 2918 4156 δὲ
2957 4105 3166 4177 σφόδρα
3214 4105 3311 4159 καί
3351 4106 3484 4176 ήμῖν
3521 4105 3708 4169 αὐτοῖς
3743 4108 3775 4161 6

2184 4193 2279 4247 τοῦ
2337 4194 2665 4266 πράγματος
2712 4195 3071 4265 εὑρεθήσεται
3140 4196 3332 4260 τύπος.
3391 4199 3604 4270 Χρῆναι
3657 4198 3774 4268 γάρ

2185 4280 2340 4355 οἶμαι
2379 4288 2507 4351 τοὺς
2552 4286 2832 4355 ἑορτάζειν
2881 4287 3200 4351 ἐθέλοντας,
3261 4289 3522 4360 καθαρῶς
3565 4307 3625 4343 τε
3671 4295 3776 4345 καὶ

2186 4377 2529 4448 ἀρεσκόντως
2561 4378 2700 4449 Θεῷ.
2734 4379 2856 4449 οὐχὶ
2888 4379 3055 4449 μόνης
3079 4383 3181 4452 τῆς
3217 4380 3369 4448 σςῶν
3398 4381 3578 4435 αὗτῶν
3608 4381 3779 4434 εὐθυ-

2191 4467 2320 4539 μίας
2358 4468 2627 4523 ποιεῖσθαι
2668 4469 2845 4538 λόγον,
2874 4471 2996 4524 οὐδὲ
3023 4473 3172 4536 ὅπως
3203 4473 3270 4526 ἂν
3300 4475 3455 4527 αὐτοὶ
3490 4475 3582 4528 καὶ
3612 4474 3771 4541 μόνοι

505 4553 787 4607 hilaritate
818 4569 943 4608 eum
974 4565 1260 4626 peragant,
1285 4556 1383 4612 sed
1421 4556 1489 4611 ad
1520 4572 1710 4610 coram
1737 4573 1894 4612 suam
1922 4558 2083 4614 mise—

2188 4559 2476 4614 διατελοῖεν
2510 4560 2711 4632 ἰλαρῶς
2745 4564 3014 4633 προνοεῖν,
3065 4565 3492 4618 συναναπλέκειν
3526 4565 3583 4618 δὲ
3624 4564 3766 4634 μᾶλ-

510 4644 808 4700 ricordiam
831 4647 886 4700 in
911 4662 1116 4718 egenos
1140 4648 1465 4721 adjungant.
1487 4648 1642 4704 Tunc
1668 4650 1813 4705 enim
1844 4651 2081 4705 aliorum

507 4749 638 4808 erga
670 4736 811 4793 alios
841 4738 1157 4795 dilectionis
1200 4740 1373 4811 legem
1404 4740 1717 4812 implentes.
1758 4741 1959 4798 festum
1996 4758 2083 4797 re-

508 4845 639 4884 vera
689 4830 936 4901 spiritale
990 4824 1274 4889 Servatori
1318 4834 1551 4890 Christo
1594 4850 1941 4907 peragemus.
1992 4833 2082 4890 ld-

505 4921 664 4979 rirco
694 4933 749 4979 et
781 4923 868 4981 lex
901 4924 1034 4980 olim
1077 4924 1284 4981 Iudaeis
1331 4926 1532 4982 tradita
1569 4925 1638 4984 de
1670 4944 1870 4982 manna
1921 4928 2081 4982 colli-

503 5015 708 5084 gendo,
747 5030 859 5071 non
893 5016 1072 5072 solum
1113 5017 1219 5074 sibi
1271 5019 1530 5091 colligere
1572 5020 1843 5089 permittit
1870 5020 1944 5074 iis
1985 5020 2079 5090 qui

505 5110 687 5163 tacere
719 5107 868 5164 istud
909 5109 1172 5179 possint:
1210 5108 1600 5185 Unusquisque
1644 5111 1815 5177 enim,
1865 5112 2076 5184 inquit,

501 5207 556 5252 et
587 5202 1077 5259 contubernalibus
1108 5204 1312 5259 vestris
1349 5204 1589 5274 colligite
1616 5204 1683 5262 ’⁷.
1711 5203 1848 5258 Nam
1871 5185 1931 5261 ἐἰ
1973 5206 2077 5259 ali-

502 5282 1142 5358 quis‘contubernalinm
1176 5295 1389 5351 viribus
1422 5295 1719 5358 caruisset,
1742 5296 1949 5365 quibus
1983 5308 2075 5349 ro-

501 5379 610 5435 bur
657 5381 932 5456 integrum
994 5394 1135 5452 erat,
1176 5386 1286 5441 vim
1336 5370 1494 5441 suam
1547 5387 1600 5442 ei
1665 5387 2073 5458 quodammodo

501 5472 940 5541 commodantes,
975 5492 1084 5533 una
1129 5492 1391 5533 mensura
1427 5492 1527 5531 sua
1564 5478 1728 5532 etiam
1766 5480 1914 5548 quod
1946 5479 2071 5533 aliis

497 5561 771 5621 solliceret
808 5567 1254 5636 comportabant,
1301 5575 1384 5628 ut.
1420 5566 1574 5635 juxta
1610 5566 1951 5636 Scriptorum
1985 5569 2053 5630 ”.

2181 4650 2272 4705 λον
2307 4654 2374 4722 τῇ
2400 4652 2579 4722 οἰκείᾳ
2615 4652 2855 4725 φροντίδι
2879 4693 2894 4719 ,
2930 4655 3029 4709 καὶ
3070 4656 3171 4726 τὴν
3204 4657 3296 4708 ἐπὶ
3343 4659 3457 4719 τοῖς
3485 4655 3771 4727 δεομένοις

2180 4741 2366 4813 φειδώ.
2400 4744 2534 4797 Τότε
2566 4743 2698 4815 γὰρ,
2723 4743 2848 4798 τότε
2874 4746 2964 4799 τὸν
3004 4747 3106 4816 τῆς
3135 4748 3218 4812 εἰς
3246 4746 3511 4818 ἀλλήλους
3535 4746 3768 4819 ἀγάπης

2176 4836 2630 4909 ἁποπληροῦντες
2664 4835 2901 4908 θεσμὸν,
2935 4839 3130 4911 ἑορτὴν
3167 4840 3338 4906 ὅντως
3381 4842 3768 4912 πνευματικήν

2177 4926 2566 4998 ὲπιτελέσομεν
2605 4926 2684 4998 τῷ
2715 4928 2928 4999 Σωτῆρι
2972 4930 3215 5001 Χριστῷ.
3264 4933 3556 5004 Τοιγάρτοι
3598 4932 3693 4985 καὶ
3736 4934 3769 4986 6

2184 5019 2353 5074 πάλαι
2383 5021 2500 5082 τοῖς
2540 5019 2815 5083 Ἰουδαίοις
2844 5021 3249 5087 διακελευσθείς
3281 5021 3447 5093 νόμος
3476 5024 3535 5076 ὲν
3570 5025 3637 5093 τῇ
3663 5022 3763 5076 τοῦ

2182 5111 2361 5183 μάννα
2397 5110 2721 5182 συγκομιδῇ,
2742 5113 2803 5165 οὐ
2832 5112 3017 5184 μόνοις
3044 5115 3232 5179 αὐτοῖς
3260 5114 3449 5184 ἐφίησι
3480 5114 3765 5184 συλλέγειν

2177 5203 2306 5265 τοὺς
2359 5201 2518 5256 τοῦτο
2571 5202 2832 5273 πράττειν
2900 5205 3184 5277 ἰσχύοντας
3210 5224 3225 5238 ·
3288 5206 3562 5270 Ἕκαστος
3623 5208 3759 5276 γὰο,

2179 5295 2348 5364 φησὶ,
2382 5294 2617 5358 καὶτοῖς
2655 5302 2949 5366 συσκήνοις
2995 5298 3151 5368 ὑμῶν
3194 5297 3509 5362 συλλέξατε.
3547 5298 3612 5352 Εἰ
3654 5305 3761 5371 γάρ

2173 5403 2259 5449 τις
2310 5385 2540 5457 ήτόνησε
2580 5386 2689 5442 τῶν
2733 5391 3058 5461 ὁμοσκήνων
3105 5390 3293 5455 αὐτοῖς
3315 5433 3330 5455 ,
3373 5393 3423 5445 οἱ
3479 5392 3554 5463 μὴ
3596 5391 3760 5446 τοῦτο

2178 5480 2527 5545 πεπονθότες,
2552 5483 2847 5553 κιχρῶντες
2866 5484 3057 5557 ὥσπερ
3084 5484 3236 5556 αὑτῷ
3256 5484 3356 5556 τὴν
3400 5484 3539 5540 ἰδίαν
3572 5486 3754 5557 ἰσχὺν,

2169 5570 2523 5642 συνεκόμιζον
2563 5574 2642 5644 τῷ
2674 5576 2862 5646 οἰκείῳ
2890 5577 3072 5648 μέτρῳ
3093 5618 3106 5640 ,
3139 5578 3233 5631 καί
3284 5577 3346 5631 τὸ
3384 5580 3500 5643 τοῖς
3533 5578 3747 5651 ἑτέροις

571 5657 617 5690 ’³
658 5656 850 5715 Matth.
883 5674 1030 5725 xvtt,
1060 5659 1165 5727 21,
1196 5660 1311 5729 22;
1344 5659 1480 5715 Luc.
1514 5673 1663 5725 xxtv,
1704 5660 1732 5712 7
1831 5663 1876 5693 "
1916 5662 2033 5717 .loel

2209 5665 2291 5719 l3.
2370 5665 2417 5699 ’ν
2454 5665 2627 5723 Exod.
2664 5684 2792 5733 ενι,
2828 5668 2913 5724 16.
2993 5669 3039 5704 ’⁸
3075 5670 3211 5725 ibid.
3253 5670 3341 5725 18.
