  <div class='ocr_page' id='page_1' title='image "/cluster/home/n/w/nwhite01/storage/ocr_20150623/74/hvd.32044048207120/080.png"; bbox 0 0 4062 6208; ppageno 0'>
   <div class='ocr_carea' id='block_1_1' title="bbox 302 197 411 258">
    <p class='ocr_par' dir='ltr' id='par_1_1' title="bbox 302 197 411 258">
     <span class='ocr_line' id='line_1_1' title="bbox 302 197 411 258; baseline 0.018 -2"><span class='ocrx_word' id='word_1_1' title='bbox 302 197 411 258; x_wconf 66' lang='grc'><strong>149</strong></span> 
     </span>
    </p>
   </div>
   <div class='ocr_carea' id='block_1_2' title="bbox 1328 207 2480 270">
    <p class='ocr_par' dir='ltr' id='par_1_2' title="bbox 1328 207 2480 270">
     <span class='ocr_line' id='line_1_2' title="bbox 1328 207 2480 270; baseline 0 -4"><span class='ocrx_word' id='word_1_2' title='bbox 1328 211 1393 267; x_wconf 84' lang='grc' dir='ltr'><strong>ΙΝ</strong></span> <span class='ocrx_word' id='word_1_3' title='bbox 1415 210 1703 270; x_wconf 68' lang='grc' dir='ltr'><strong>,ιοΑΝΝιδ</strong></span> <span class='ocrx_word' id='word_1_4' title='bbox 1736 207 2192 268; x_wconf 76' lang='lat' dir='ltr'><strong>EVANGELIUM</strong></span> <span class='ocrx_word' id='word_1_5' title='bbox 2219 207 2351 264; x_wconf 85' lang='lat' dir='ltr'><strong>LIB.</strong></span> <span class='ocrx_word' id='word_1_6' title='bbox 2386 209 2480 266; x_wconf 77' lang='lat' dir='ltr'><strong>IX.</strong></span> 
     </span>
    </p>
   </div>
   <div class='ocr_carea' id='block_1_3' title="bbox 3431 212 3567 272">
    <p class='ocr_par' dir='ltr' id='par_1_3' title="bbox 3431 212 3567 272">
     <span class='ocr_line' id='line_1_3' title="bbox 3431 212 3567 272; baseline 0.022 -3"><span class='ocrx_word' id='word_1_7' title='bbox 3431 212 3567 272; x_wconf 52' lang='lat' dir='ltr'><strong>I50”</strong></span> 
     </span>
    </p>
   </div>
   <div class='ocr_carea' id='block_1_4' title="bbox 298 314 1891 401">
    <p class='ocr_par' dir='ltr' id='par_1_4' title="bbox 298 314 1872 401">
     <span class='ocr_line' id='line_1_4' title="bbox 298 314 1872 401; baseline 0.017 -34"><span class='ocrx_word' id='word_1_8' title='bbox 298 314 528 387; x_wconf 68' lang='grc' dir='ltr'>ἀρκοῦν,</span> <span class='ocrx_word' id='word_1_9' title='bbox 556 315 666 383; x_wconf 74' lang='grc' dir='ltr'>ἵνα,</span> <span class='ocrx_word' id='word_1_10' title='bbox 700 319 845 375; x_wconf 86' lang='grc' dir='ltr'><strong>κατά</strong></span> <span class='ocrx_word' id='word_1_11' title='bbox 871 321 934 376; x_wconf 84' lang='grc' dir='ltr'>τδ</span> <span class='ocrx_word' id='word_1_12' title='bbox 969 325 1389 398; x_wconf 71' lang='grc' dir='ltr'>γεγραμμένον,</span> <span class='ocrx_word' id='word_1_13' title='bbox 1430 330 1461 383; x_wconf 79' lang='grc' dir='ltr'><strong>ό</strong></span> <span class='ocrx_word' id='word_1_14' title='bbox 1486 329 1587 401; x_wconf 72' lang='grc' dir='ltr'><strong>μὲν</strong></span> <span class='ocrx_word' id='word_1_15' title='bbox 1615 327 1676 383; x_wconf 82' lang='grc' dir='ltr'><strong>τὸ</strong></span> <span class='ocrx_word' id='word_1_16' title='bbox 1713 326 1872 393; x_wconf 76' lang='grc' dir='ltr'>πολὺν</span> 
     </span>
    </p>
   </div>
   <div class='ocr_carea' id='block_1_5' title="bbox 1990 314 3543 401">
    <p class='ocr_par' dir='ltr' id='par_1_5' title="bbox 1990 323 3543 398">
     <span class='ocr_line' id='line_1_5' title="bbox 1990 323 3543 398; baseline 0.003 -17"><span class='ocrx_word' id='word_1_17' title='bbox 1990 325 2069 396; x_wconf 63' lang='lat' dir='ltr'><strong>qui</strong></span> <span class='ocrx_word' id='word_1_18' title='bbox 2106 323 2364 392; x_wconf 90' lang='lat' dir='ltr'><strong>multum,</strong></span> <span class='ocrx_word' id='word_1_19' title='bbox 2388 325 2439 382; x_wconf 91' lang='lat' dir='ltr'><strong>ei</strong></span> <span class='ocrx_word' id='word_1_20' title='bbox 2468 339 2578 382; x_wconf 89' lang='lat' dir='ltr'><strong>non</strong></span> <span class='ocrx_word' id='word_1_21' title='bbox 2610 338 2963 398; x_wconf 78' lang='lat' dir='ltr'><strong>superesset;</strong></span> <span class='ocrx_word' id='word_1_22' title='bbox 2999 328 3097 398; x_wconf 86' lang='lat' dir='ltr'><strong>qui</strong></span> <span class='ocrx_word' id='word_1_23' title='bbox 3123 336 3303 384; x_wconf 77' lang='lat' dir='ltr'><strong>autem</strong></span> <span class='ocrx_word' id='word_1_24' title='bbox 3338 327 3543 393; x_wconf 83' lang='lat' dir='ltr'><strong>minus,</strong></span> 
     </span>
    </p>
   </div>
   <div class='ocr_carea' id='block_1_6' title="bbox 303 405 1876 490">
    <p class='ocr_par' dir='ltr' id='par_1_6' title="bbox 303 405 1876 490">
     <span class='ocr_line' id='line_1_6' title="bbox 303 405 1876 490; baseline 0.006 -30"><span class='ocrx_word' id='word_1_25' title='bbox 303 405 383 477; x_wconf 75' lang='grc' dir='ltr'>μὴ</span> <span class='ocrx_word' id='word_1_26' title='bbox 416 405 689 483; x_wconf 76' lang='grc' dir='ltr'><strong>πλεονάσῃ</strong></span> <span class='ocrx_word' id='word_1_27' title='bbox 712 447 730 472; x_wconf 89' lang='lat'><strong>,</strong></span> <span class='ocrx_word' id='word_1_28' title='bbox 763 411 791 464; x_wconf 83' lang='grc' dir='ltr'>ὁ</span> <span class='ocrx_word' id='word_1_29' title='bbox 815 410 872 466; x_wconf 77' lang='grc' dir='ltr'>δὲ</span> <span class='ocrx_word' id='word_1_30' title='bbox 906 412 969 466; x_wconf 87' lang='grc' dir='ltr'><strong>τδ</strong></span> <span class='ocrx_word' id='word_1_31' title='bbox 1000 413 1241 479; x_wconf 73' lang='grc' dir='ltr'>ἔλαττον,</span> <span class='ocrx_word' id='word_1_32' title='bbox 1280 417 1356 489; x_wconf 79' lang='grc' dir='ltr'>μὴ</span> <span class='ocrx_word' id='word_1_33' title='bbox 1389 417 1687 490; x_wconf 78' lang='grc' dir='ltr'>ὲλαττωθῇ.</span> <span class='ocrx_word' id='word_1_34' title='bbox 1716 416 1876 471; x_wconf 77' lang='grc' dir='ltr'>Οὕτω</span> 
     </span>
    </p>
   </div>
   <div class='ocr_carea' id='block_1_7' title="bbox 298 491 1876 579">
    <p class='ocr_par' dir='ltr' id='par_1_7' title="bbox 298 491 1876 579">
     <span class='ocr_line' id='line_1_7' title="bbox 298 491 1876 579; baseline 0.006 -29"><span class='ocrx_word' id='word_1_35' title='bbox 298 496 411 566; x_wconf 74' lang='grc' dir='ltr'><strong>γάρ</strong></span> <span class='ocrx_word' id='word_1_36' title='bbox 448 491 541 570; x_wconf 77' lang='grc' dir='ltr'><strong>ἦν,</strong></span> <span class='ocrx_word' id='word_1_37' title='bbox 566 499 929 573; x_wconf 77' lang='grc' dir='ltr'><strong>ἀνακράσεως</strong></span> <span class='ocrx_word' id='word_1_38' title='bbox 980 502 1170 576; x_wconf 77' lang='grc' dir='ltr'>ὥσπερ</span> <span class='ocrx_word' id='word_1_39' title='bbox 1216 507 1366 572; x_wconf 79' lang='grc' dir='ltr'>τινὸς</span> <span class='ocrx_word' id='word_1_40' title='bbox 1408 506 1747 579; x_wconf 78' lang='grc' dir='ltr'><strong>γενομένης,</strong></span> <span class='ocrx_word' id='word_1_41' title='bbox 1783 506 1876 561; x_wconf 81' lang='grc' dir='ltr'><strong>τὸν</strong></span> 
     </span>
    </p>
   </div>
   <div class='ocr_carea' id='block_1_8' title="bbox 297 587 1874 671">
    <p class='ocr_par' dir='ltr' id='par_1_8' title="bbox 297 587 1874 671">
     <span class='ocr_line' id='line_1_8' title="bbox 297 587 1874 671; baseline 0.001 -18"><span class='ocrx_word' id='word_1_42' title='bbox 297 587 400 661; x_wconf 80' lang='grc' dir='ltr'>τῆς</span> <span class='ocrx_word' id='word_1_43' title='bbox 453 587 697 662; x_wconf 72' lang='grc' dir='ltr'>ἰσότητος</span> <span class='ocrx_word' id='word_1_44' title='bbox 750 592 922 649; x_wconf 73' lang='grc' dir='ltr'>ἅπασι</span> <span class='ocrx_word' id='word_1_45' title='bbox 980 595 1245 663; x_wconf 80' lang='grc' dir='ltr'>σώζεσθαι</span> <span class='ocrx_word' id='word_1_46' title='bbox 1287 599 1465 671; x_wconf 88' lang='grc' dir='ltr'>λόγον.</span> <span class='ocrx_word' id='word_1_47' title='bbox 1517 600 1719 655; x_wconf 83' lang='grc' dir='ltr'>Ἀδικεῖ</span> <span class='ocrx_word' id='word_1_48' title='bbox 1761 616 1874 654; x_wconf 89' lang='grc' dir='ltr'>τοι-</span> 
     </span>
    </p>
   </div>
   <div class='ocr_carea' id='block_1_9' title="bbox 299 679 1875 764">
    <p class='ocr_par' dir='ltr' id='par_1_9' title="bbox 299 679 1875 764">
     <span class='ocr_line' id='line_1_9' title="bbox 299 679 1875 764; baseline 0.011 -33"><span class='ocrx_word' id='word_1_49' title='bbox 299 679 505 753; x_wconf 86' lang='grc' dir='ltr'>γαροῦν</span> <span class='ocrx_word' id='word_1_50' title='bbox 560 682 654 736; x_wconf 80' lang='grc' dir='ltr'><strong>τὸν</strong></span> <span class='ocrx_word' id='word_1_51' title='bbox 699 686 821 751; x_wconf 83' lang='grc' dir='ltr'>ταῖς</span> <span class='ocrx_word' id='word_1_52' title='bbox 862 687 1049 757; x_wconf 80' lang='grc' dir='ltr'><strong>ἁγίαις</strong></span> <span class='ocrx_word' id='word_1_53' title='bbox 1090 690 1305 762; x_wconf 76' lang='grc' dir='ltr'><strong>ἑορταῖς</strong></span> <span class='ocrx_word' id='word_1_54' title='bbox 1350 692 1631 764; x_wconf 73' lang='grc' dir='ltr'><strong>πρέποντα</strong></span> <span class='ocrx_word' id='word_1_55' title='bbox 1681 691 1875 757; x_wconf 83' lang='grc' dir='ltr'>τύπον,</span> 
     </span>
    </p>
   </div>
   <div class='ocr_carea' id='block_1_10' title="bbox 300 773 1877 857">
    <p class='ocr_par' dir='ltr' id='par_1_10' title="bbox 300 773 1877 857">
     <span class='ocr_line' id='line_1_10' title="bbox 300 773 1877 857; baseline 0.007 -30"><span class='ocrx_word' id='word_1_56' title='bbox 300 775 331 827; x_wconf 80' lang='grc' dir='ltr'>ὁ</span> <span class='ocrx_word' id='word_1_57' title='bbox 370 773 447 846; x_wconf 81' lang='grc' dir='ltr'>μὴ</span> <span class='ocrx_word' id='word_1_58' title='bbox 492 777 559 849; x_wconf 77' lang='grc' dir='ltr'>τῇ</span> <span class='ocrx_word' id='word_1_59' title='bbox 612 778 792 851; x_wconf 71' lang='grc' dir='ltr'>οἰκείᾳ</span> <span class='ocrx_word' id='word_1_60' title='bbox 845 781 1087 851; x_wconf 72' lang='grc' dir='ltr'>φροντίδι</span> <span class='ocrx_word' id='word_1_61' title='bbox 1132 783 1232 855; x_wconf 80' lang='grc' dir='ltr'><strong>τὴν</strong></span> <span class='ocrx_word' id='word_1_62' title='bbox 1290 784 1399 839; x_wconf 83' lang='grc' dir='ltr'><strong>τῶν</strong></span> <span class='ocrx_word' id='word_1_63' title='bbox 1445 785 1718 857; x_wconf 79' lang='grc' dir='ltr'><strong>δεομένων</strong></span> <span class='ocrx_word' id='word_1_64' title='bbox 1752 802 1877 838; x_wconf 88' lang='grc' dir='ltr'>συν-</span> 
     </span>
    </p>
   </div>
   <div class='ocr_carea' id='block_1_11' title="bbox 303 866 1876 947">
    <p class='ocr_par' dir='ltr' id='par_1_11' title="bbox 303 866 1876 947">
     <span class='ocr_line' id='line_1_11' title="bbox 303 866 1876 947; baseline 0.007 -30"><span class='ocrx_word' id='word_1_65' title='bbox 303 866 626 937; x_wconf 79' lang='grc' dir='ltr'>αναμιγνύς.</span> <span class='ocrx_word' id='word_1_66' title='bbox 686 869 788 942; x_wconf 82' lang='grc' dir='ltr'><strong>Εῐη</strong></span> <span class='ocrx_word' id='word_1_67' title='bbox 840 871 950 944; x_wconf 87' lang='grc' dir='ltr'><strong>γάρ</strong></span> <span class='ocrx_word' id='word_1_68' title='bbox 1009 872 1076 927; x_wconf 78' lang='grc' dir='ltr'><strong>ἂν</strong></span> <span class='ocrx_word' id='word_1_69' title='bbox 1128 874 1302 940; x_wconf 77' lang='grc' dir='ltr'>ὅντως</span> <span class='ocrx_word' id='word_1_70' title='bbox 1364 876 1526 947; x_wconf 81' lang='grc' dir='ltr'>ἑορτὴ</span> <span class='ocrx_word' id='word_1_71' title='bbox 1588 875 1766 929; x_wconf 90' lang='grc' dir='ltr'>τελεία</span> <span class='ocrx_word' id='word_1_72' title='bbox 1814 874 1876 928; x_wconf 81' lang='grc' dir='ltr'><strong>τὸ</strong></span> 
     </span>
    </p>
   </div>
   <div class='ocr_carea' id='block_1_12' title="bbox 304 957 583 1030">
    <p class='ocr_par' dir='ltr' id='par_1_12' title="bbox 304 957 583 1030">
     <span class='ocr_line' id='line_1_12' title="bbox 304 957 583 1030; baseline 0.014 -19"><span class='ocrx_word' id='word_1_73' title='bbox 304 957 583 1030; x_wconf 76' lang='grc' dir='ltr'><strong>σύναμμα.</strong></span> 
     </span>
    </p>
   </div>
   <div class='ocr_carea' id='block_1_13' title="bbox 369 1050 1874 1130">
    <p class='ocr_par' dir='ltr' id='par_1_13' title="bbox 369 1050 1874 1130">
     <span class='ocr_line' id='line_1_13' title="bbox 369 1050 1874 1130; baseline 0.004 -24"><span class='ocrx_word' id='word_1_74' title='bbox 369 1050 583 1107; x_wconf 81' lang='grc' dir='ltr'>Λαϐὼν</span> <span class='ocrx_word' id='word_1_75' title='bbox 613 1052 684 1107; x_wconf 77' lang='grc' dir='ltr'>δὲ</span> <span class='ocrx_word' id='word_1_76' title='bbox 714 1054 782 1111; x_wconf 85' lang='grc' dir='ltr'>τὸ</span> <span class='ocrx_word' id='word_1_77' title='bbox 814 1058 1070 1127; x_wconf 70' lang='grc' dir='ltr'>ψωμίον,</span> <span class='ocrx_word' id='word_1_78' title='bbox 1108 1059 1292 1127; x_wconf 79' lang='grc' dir='ltr'>εὐθὺς</span> <span class='ocrx_word' id='word_1_79' title='bbox 1314 1060 1581 1130; x_wconf 73' lang='grc' dir='ltr'>ἐξῆλθεν·</span> <span class='ocrx_word' id='word_1_80' title='bbox 1618 1059 1874 1125; x_wconf 78' lang='grc' dir='ltr'>ἐκεῖνος.</span> 
     </span>
    </p>
   </div>
   <div class='ocr_carea' id='block_1_14' title="bbox 299 1136 1197 1215">
    <p class='ocr_par' dir='ltr' id='par_1_14' title="bbox 299 1136 1197 1215">
     <span class='ocr_line' id='line_1_14' title="bbox 299 1136 1197 1215; baseline 0.004 -18"><span class='ocrx_word' id='word_1_81' title='bbox 299 1136 420 1198; x_wconf 83' lang='grc' dir='ltr'><strong>Ἦν</strong></span> <span class='ocrx_word' id='word_1_82' title='bbox 443 1141 515 1196; x_wconf 78' lang='grc' dir='ltr'>δὲ</span> <span class='ocrx_word' id='word_1_83' title='bbox 542 1144 681 1209; x_wconf 76' lang='grc' dir='ltr'>νὺξ,</span> <span class='ocrx_word' id='word_1_84' title='bbox 708 1145 808 1201; x_wconf 81' lang='grc' dir='ltr'>ὅτε</span> <span class='ocrx_word' id='word_1_85' title='bbox 840 1148 1119 1215; x_wconf 73' lang='grc' dir='ltr'><strong>ἐξῆλθεν.</strong></span> <span class='ocrx_word' id='word_1_86' title='bbox 1196 1198 1197 1201; x_wconf 45' lang='grc' dir='ltr'><strong>η</strong></span> 
     </span>
    </p>
   </div>
   <div class='ocr_carea' id='block_1_15' title="bbox 371 1234 1879 1312">
    <p class='ocr_par' dir='ltr' id='par_1_15' title="bbox 371 1234 1879 1312">
     <span class='ocr_line' id='line_1_15' title="bbox 371 1234 1879 1312; baseline 0.005 -26"><span class='ocrx_word' id='word_1_87' title='bbox 371 1236 641 1304; x_wconf 87' lang='grc' dir='ltr'>Δρομαῖος</span> <span class='ocrx_word' id='word_1_88' title='bbox 671 1234 892 1291; x_wconf 78' lang='grc' dir='ltr'>ἄπεισιν</span> <span class='ocrx_word' id='word_1_89' title='bbox 919 1239 1011 1293; x_wconf 74' lang='grc' dir='ltr'>ἐπὶ</span> <span class='ocrx_word' id='word_1_90' title='bbox 1042 1239 1103 1294; x_wconf 81' lang='grc' dir='ltr'><strong>τὸ</strong></span> <span class='ocrx_word' id='word_1_91' title='bbox 1129 1239 1207 1312; x_wconf 85' lang='grc' dir='ltr'>τῷ</span> <span class='ocrx_word' id='word_1_92' title='bbox 1232 1241 1466 1311; x_wconf 77' lang='grc' dir='ltr'>διαὸόλῳ</span> <span class='ocrx_word' id='word_1_93' title='bbox 1505 1239 1718 1306; x_wconf 77' lang='grc' dir='ltr'>δοκοῦν,</span> <span class='ocrx_word' id='word_1_94' title='bbox 1784 1240 1879 1296; x_wconf 78' lang='grc' dir='ltr'>καὶ</span> 
     </span>
    </p>
   </div>
   <div class='ocr_carea' id='block_1_16' title="bbox 300 1323 1880 1403">
    <p class='ocr_par' dir='ltr' id='par_1_16' title="bbox 300 1323 1880 1403">
     <span class='ocr_line' id='line_1_16' title="bbox 300 1323 1880 1403; baseline 0.004 -24"><span class='ocrx_word' id='word_1_95' title='bbox 300 1323 556 1395; x_wconf 82' lang='grc' dir='ltr'>καθάπερ</span> <span class='ocrx_word' id='word_1_96' title='bbox 595 1327 829 1401; x_wconf 87' lang='grc' dir='ltr'>οίστρῶν</span> <span class='ocrx_word' id='word_1_97' title='bbox 870 1329 965 1383; x_wconf 76' lang='grc' dir='ltr'>καὶ</span> <span class='ocrx_word' id='word_1_98' title='bbox 998 1331 1351 1402; x_wconf 82' lang='grc' dir='ltr'>δεδονημένος</span> <span class='ocrx_word' id='word_1_99' title='bbox 1393 1333 1493 1403; x_wconf 87' lang='grc' dir='ltr'>τῆς</span> <span class='ocrx_word' id='word_1_100' title='bbox 1543 1332 1643 1403; x_wconf 83' lang='grc' dir='ltr'><strong>μὲν</strong></span> <span class='ocrx_word' id='word_1_101' title='bbox 1697 1332 1880 1396; x_wconf 78' lang='grc' dir='ltr'>ἑστίας</span> 
     </span>
    </p>
   </div>
   <div class='ocr_carea' id='block_1_17' title="bbox 299 1415 1880 1494">
    <p class='ocr_par' dir='ltr' id='par_1_17' title="bbox 299 1415 1880 1494">
     <span class='ocr_line' id='line_1_17' title="bbox 299 1415 1880 1494; baseline 0.004 -25"><span class='ocrx_word' id='word_1_102' title='bbox 299 1415 583 1481; x_wconf 74' lang='grc' dir='ltr'><strong>ἐξάλλεται</strong></span> <span class='ocrx_word' id='word_1_103' title='bbox 616 1436 630 1449; x_wconf 87' lang='grc'><strong>·</strong></span> <span class='ocrx_word' id='word_1_104' title='bbox 663 1422 911 1492; x_wconf 80' lang='grc' dir='ltr'>κρεῖττον</span> <span class='ocrx_word' id='word_1_105' title='bbox 937 1421 994 1476; x_wconf 60' lang='grc' dir='ltr'><strong>ἃ</strong></span> <span class='ocrx_word' id='word_1_106' title='bbox 1025 1422 1162 1486; x_wconf 82' lang='grc' dir='ltr'>ὅλως</span> <span class='ocrx_word' id='word_1_107' title='bbox 1189 1423 1338 1479; x_wconf 80' lang='grc' dir='ltr'>οὐδὲν</span> <span class='ocrx_word' id='word_1_108' title='bbox 1363 1424 1460 1494; x_wconf 85' lang='grc' dir='ltr'>τῆς</span> <span class='ocrx_word' id='word_1_109' title='bbox 1507 1422 1880 1494; x_wconf 78' lang='grc' dir='ltr'>φιλοκερδείας</span> 
     </span>
    </p>
   </div>
   <div class='ocr_carea' id='block_1_18' title="bbox 306 1508 1879 1584">
    <p class='ocr_par' dir='ltr' id='par_1_18' title="bbox 306 1508 1879 1584">
     <span class='ocr_line' id='line_1_18' title="bbox 306 1508 1879 1584; baseline 0.002 -22"><span class='ocrx_word' id='word_1_110' title='bbox 306 1508 429 1580; x_wconf 79' lang='grc' dir='ltr'>δρᾷ,</span> <span class='ocrx_word' id='word_1_111' title='bbox 447 1510 542 1562; x_wconf 78' lang='grc' dir='ltr'>καὶ</span> <span class='ocrx_word' id='word_1_112' title='bbox 561 1509 624 1562; x_wconf 84' lang='grc' dir='ltr'><strong>τό</strong></span> <span class='ocrx_word' id='word_1_113' title='bbox 639 1527 703 1580; x_wconf 89' lang='grc' dir='ltr'><strong>γε</strong></span> <span class='ocrx_word' id='word_1_114' title='bbox 734 1511 1061 1584; x_wconf 81' lang='grc' dir='ltr'>παράδοξον,</span> <span class='ocrx_word' id='word_1_115' title='bbox 1081 1513 1230 1567; x_wconf 80' lang='grc' dir='ltr'>οὐδὲν</span> <span class='ocrx_word' id='word_1_116' title='bbox 1256 1514 1321 1567; x_wconf 81' lang='grc' dir='ltr'>ὲκ</span> <span class='ocrx_word' id='word_1_117' title='bbox 1344 1513 1441 1584; x_wconf 79' lang='grc' dir='ltr'><strong>τῆς</strong></span> <span class='ocrx_word' id='word_1_118' title='bbox 1470 1513 1715 1583; x_wconf 74' lang='grc' dir='ltr'>εὐλογίας</span> <span class='ocrx_word' id='word_1_119' title='bbox 1731 1512 1879 1582; x_wconf 81' lang='grc' dir='ltr'><strong>ὠφέ-</strong></span> 
     </span>
    </p>
   </div>
   <div class='ocr_carea' id='block_1_19' title="bbox 299 1598 1879 1678">
    <p class='ocr_par' dir='ltr' id='par_1_19' title="bbox 299 1598 1879 1678">
     <span class='ocr_line' id='line_1_19' title="bbox 299 1598 1879 1678; baseline 0.004 -26"><span class='ocrx_word' id='word_1_120' title='bbox 299 1598 455 1671; x_wconf 86' lang='grc' dir='ltr'>λιμον</span> <span class='ocrx_word' id='word_1_121' title='bbox 482 1601 903 1673; x_wconf 76' lang='grc' dir='ltr'>εὐρήσομεν,διά</span> <span class='ocrx_word' id='word_1_122' title='bbox 922 1605 1023 1676; x_wconf 82' lang='grc' dir='ltr'><strong>τὴν</strong></span> <span class='ocrx_word' id='word_1_123' title='bbox 1044 1604 1269 1659; x_wconf 78' lang='grc' dir='ltr'>ἐνοῦσαν</span> <span class='ocrx_word' id='word_1_124' title='bbox 1291 1604 1441 1677; x_wconf 82' lang='grc' dir='ltr'><strong>αὐτῷ</strong></span> <span class='ocrx_word' id='word_1_125' title='bbox 1469 1604 1711 1678; x_wconf 80' lang='grc' dir='ltr'>δηλονότι</span> <span class='ocrx_word' id='word_1_126' title='bbox 1749 1605 1879 1659; x_wconf 90' lang='grc' dir='ltr'>δυσ-</span> 
     </span>
    </p>
   </div>
   <div class='ocr_carea' id='block_1_20' title="bbox 302 1693 1876 1769">
    <p class='ocr_par' dir='ltr' id='par_1_20' title="bbox 302 1693 1876 1769">
     <span class='ocr_line' id='line_1_20' title="bbox 302 1693 1876 1769; baseline 0.002 -22"><span class='ocrx_word' id='word_1_127' title='bbox 302 1693 566 1747; x_wconf 80' lang='grc' dir='ltr'>κάθεκτον</span> <span class='ocrx_word' id='word_1_128' title='bbox 618 1695 699 1758; x_wconf 84' lang='grc' dir='ltr'><strong>είς</strong></span> <span class='ocrx_word' id='word_1_129' title='bbox 734 1694 796 1748; x_wconf 75' lang='grc' dir='ltr'><strong>τὸ</strong></span> <span class='ocrx_word' id='word_1_130' title='bbox 825 1696 1260 1767; x_wconf 76' lang='grc' dir='ltr'>χρηματίζεσθαι</span> <span class='ocrx_word' id='word_1_131' title='bbox 1306 1698 1503 1769; x_wconf 80' lang='grc' dir='ltr'>ῥοπήν.</span> <span class='ocrx_word' id='word_1_132' title='bbox 1557 1697 1876 1767; x_wconf 84' lang='grc' dir='ltr'>Προκεκρα-</span> 
     </span>
    </p>
   </div>
   <div class='ocr_carea' id='block_1_21' title="bbox 301 1765 1961 1859">
    <p class='ocr_par' dir='ltr' id='par_1_21' title="bbox 301 1765 1961 1859">
     <span class='ocr_line' id='line_1_21' title="bbox 301 1765 1961 1859; baseline 0.002 -22"><span class='ocrx_word' id='word_1_133' title='bbox 301 1782 536 1854; x_wconf 79' lang='grc' dir='ltr'>τημένος</span> <span class='ocrx_word' id='word_1_134' title='bbox 584 1784 692 1857; x_wconf 90' lang='grc' dir='ltr'><strong>γάρ</strong></span> <span class='ocrx_word' id='word_1_135' title='bbox 747 1765 1065 1857; x_wconf 14' lang='grc' dir='ltr'>τῷίηπάθει,</span> <span class='ocrx_word' id='word_1_136' title='bbox 1137 1787 1231 1841; x_wconf 79' lang='grc' dir='ltr'>καὶ</span> <span class='ocrx_word' id='word_1_137' title='bbox 1269 1765 1564 1859; x_wconf 65' lang='grc' dir='ltr'>ὁλόκλήρον</span> <span class='ocrx_word' id='word_1_138' title='bbox 1588 1765 1884 1858; x_wconf 11' lang='grc' dir='ltr'>ὲήαυτῷὲτον</span> <span class='ocrx_word' id='word_1_139' title='bbox 1914 1765 1961 1826; x_wconf 75' lang='grc' dir='ltr'><strong>Β</strong></span> 
     </span>
    </p>
   </div>
   <div class='ocr_carea' id='block_1_22' title="bbox 302 1875 1884 1951">
    <p class='ocr_par' dir='ltr' id='par_1_22' title="bbox 302 1875 1884 1951">
     <span class='ocr_line' id='line_1_22' title="bbox 302 1875 1884 1951; baseline 0.002 -22"><span class='ocrx_word' id='word_1_140' title='bbox 302 1875 520 1945; x_wconf 76' lang='grc' dir='ltr'>ἀπάσης</span> <span class='ocrx_word' id='word_1_141' title='bbox 538 1877 770 1949; x_wconf 75' lang='grc' dir='ltr'>ἀνομίας</span> <span class='ocrx_word' id='word_1_142' title='bbox 802 1877 1006 1933; x_wconf 80' lang='grc' dir='ltr'>ὠδίνων</span> <span class='ocrx_word' id='word_1_143' title='bbox 1035 1878 1267 1948; x_wconf 84' lang='grc' dir='ltr'>πατέρα,</span> <span class='ocrx_word' id='word_1_144' title='bbox 1295 1880 1415 1934; x_wconf 77' lang='grc' dir='ltr'>οὐδὲ</span> <span class='ocrx_word' id='word_1_145' title='bbox 1442 1881 1565 1934; x_wconf 85' lang='grc' dir='ltr'>ὅποι</span> <span class='ocrx_word' id='word_1_146' title='bbox 1596 1879 1728 1934; x_wconf 84' lang='grc' dir='ltr'>ποτὲ</span> <span class='ocrx_word' id='word_1_147' title='bbox 1758 1880 1884 1951; x_wconf 82' lang='grc' dir='ltr'>τρέ-</span> 
     </span>
    </p>
   </div>
   <div class='ocr_carea' id='block_1_23' title="bbox 300 1966 1886 2044">
    <p class='ocr_par' dir='ltr' id='par_1_23' title="bbox 300 1966 1886 2044">
     <span class='ocr_line' id='line_1_23' title="bbox 300 1966 1886 2044; baseline 0.001 -20"><span class='ocrx_word' id='word_1_148' title='bbox 300 1986 385 2038; x_wconf 79' lang='grc' dir='ltr'><strong>χει</strong></span> <span class='ocrx_word' id='word_1_149' title='bbox 416 1968 604 2023; x_wconf 80' lang='grc' dir='ltr'>λοιπὸν</span> <span class='ocrx_word' id='word_1_150' title='bbox 632 1971 661 2024; x_wconf 86' lang='grc' dir='ltr'><strong>ό</strong></span> <span class='ocrx_word' id='word_1_151' title='bbox 697 1969 929 2036; x_wconf 73' lang='grc' dir='ltr'>δείλαιος</span> <span class='ocrx_word' id='word_1_152' title='bbox 961 1971 1369 2027; x_wconf 76' lang='grc' dir='ltr'>διασκέπτεται.</span> <span class='ocrx_word' id='word_1_153' title='bbox 1425 1972 1618 2026; x_wconf 81' lang='grc' dir='ltr'><strong>Νύκτα</strong></span> <span class='ocrx_word' id='word_1_154' title='bbox 1655 1970 1764 2044; x_wconf 80' lang='grc' dir='ltr'>γὰρ</span> <span class='ocrx_word' id='word_1_155' title='bbox 1792 1966 1886 2025; x_wconf 74' lang='grc' dir='ltr'><strong>οὖν</strong></span> 
     </span>
    </p>
   </div>
   <div class='ocr_carea' id='block_1_24' title="bbox 301 2060 1886 2134">
    <p class='ocr_par' dir='ltr' id='par_1_24' title="bbox 301 2060 1886 2134">
     <span class='ocr_line' id='line_1_24' title="bbox 301 2060 1886 2134; baseline 0 -19"><span class='ocrx_word' id='word_1_156' title='bbox 301 2061 489 2132; x_wconf 77' lang='grc' dir='ltr'>ὥσπερ</span> <span class='ocrx_word' id='word_1_157' title='bbox 517 2061 659 2124; x_wconf 79' lang='grc' dir='ltr'>τινὰ.</span> <span class='ocrx_word' id='word_1_158' title='bbox 684 2061 780 2116; x_wconf 63' lang='grc' dir='ltr'><strong>καὶ¹</strong></span> <span class='ocrx_word' id='word_1_159' title='bbox 810 2060 1025 2132; x_wconf 81' lang='grc' dir='ltr'>ζοφώδη</span> <span class='ocrx_word' id='word_1_160' title='bbox 1058 2062 1427 2134; x_wconf 81' lang='grc' dir='ltr'>διαλογισμῶν</span> <span class='ocrx_word' id='word_1_161' title='bbox 1461 2062 1693 2117; x_wconf 84' lang='grc' dir='ltr'>ἀνοσίων</span> <span class='ocrx_word' id='word_1_162' title='bbox 1720 2063 1886 2134; x_wconf 83' lang='grc' dir='ltr'>ὲσμδν</span> 
     </span>
    </p>
   </div>
   <div class='ocr_carea' id='block_1_25' title="bbox 302 2151 1888 2226">
    <p class='ocr_par' dir='ltr' id='par_1_25' title="bbox 302 2151 1888 2226">
     <span class='ocr_line' id='line_1_25' title="bbox 302 2151 1888 2226; baseline 0.002 -21"><span class='ocrx_word' id='word_1_163' title='bbox 302 2153 360 2205; x_wconf 73' lang='grc' dir='ltr'><strong>ὲν</strong></span> <span class='ocrx_word' id='word_1_164' title='bbox 408 2152 651 2224; x_wconf 82' lang='grc' dir='ltr'>στέρνοις</span> <span class='ocrx_word' id='word_1_165' title='bbox 680 2151 839 2220; x_wconf 83' lang='grc' dir='ltr'>ἑλὼν,</span> <span class='ocrx_word' id='word_1_166' title='bbox 869 2155 949 2218; x_wconf 84' lang='grc' dir='ltr'><strong>είς</strong></span> <span class='ocrx_word' id='word_1_167' title='bbox 986 2152 1113 2225; x_wconf 76' lang='grc' dir='ltr'>ᾅδου</span> <span class='ocrx_word' id='word_1_168' title='bbox 1152 2154 1403 2226; x_wconf 83' lang='grc' dir='ltr'><strong>πυθμένα</strong></span> <span class='ocrx_word' id='word_1_169' title='bbox 1451 2153 1544 2207; x_wconf 77' lang='grc' dir='ltr'>καὶ</span> <span class='ocrx_word' id='word_1_170' title='bbox 1578 2155 1658 2218; x_wconf 90' lang='grc' dir='ltr'><strong>εἰς</strong></span> <span class='ocrx_word' id='word_1_171' title='bbox 1689 2153 1888 2208; x_wconf 81' lang='grc' dir='ltr'>πέταυ-</span> 
     </span>
    </p>
   </div>
   <div class='ocr_carea' id='block_1_26' title="bbox 304 2242 1887 2317">
    <p class='ocr_par' dir='ltr' id='par_1_26' title="bbox 304 2242 1887 2317">
     <span class='ocr_line' id='line_1_26' title="bbox 304 2242 1887 2317; baseline 0.002 -23"><span class='ocrx_word' id='word_1_172' title='bbox 304 2259 397 2313; x_wconf 97' lang='grc' dir='ltr'><strong>ρον</strong></span> <span class='ocrx_word' id='word_1_173' title='bbox 417 2243 682 2314; x_wconf 74' lang='grc' dir='ltr'>καταντᾷ,</span> <span class='ocrx_word' id='word_1_174' title='bbox 715 2242 813 2299; x_wconf 69' lang='grc' dir='ltr'>καὶ</span> <span class='ocrx_word' id='word_1_175' title='bbox 837 2243 980 2299; x_wconf 86' lang='grc' dir='ltr'>κατὰ</span> <span class='ocrx_word' id='word_1_176' title='bbox 1018 2244 1110 2298; x_wconf 80' lang='grc' dir='ltr'><strong>τὸν</strong></span> <span class='ocrx_word' id='word_1_177' title='bbox 1137 2245 1196 2299; x_wconf 82' lang='grc' dir='ltr'><strong>ὲν</strong></span> <span class='ocrx_word' id='word_1_178' title='bbox 1228 2245 1555 2317; x_wconf 85' lang='grc' dir='ltr'>Παροιμίαις</span> <span class='ocrx_word' id='word_1_179' title='bbox 1584 2244 1764 2315; x_wconf 82' lang='grc' dir='ltr'>λόγον,</span> <span class='ocrx_word' id='word_1_180' title='bbox 1810 2246 1887 2310; x_wconf 84' lang='grc' dir='ltr'>ὡς</span> 
     </span>
    </p>
   </div>
   <div class='ocr_carea' id='block_1_27' title="bbox 304 2331 1891 2410">
    <p class='ocr_par' dir='ltr' id='par_1_27' title="bbox 304 2331 1891 2410">
     <span class='ocr_line' id='line_1_27' title="bbox 304 2331 1891 2410; baseline 0.003 -23"><span class='ocrx_word' id='word_1_181' title='bbox 304 2333 500 2404; x_wconf 78' lang='grc' dir='ltr'>ἔλαφος</span> <span class='ocrx_word' id='word_1_182' title='bbox 524 2334 842 2389; x_wconf 80' lang='grc' dir='ltr'>ὲπισπεύδει</span> <span class='ocrx_word' id='word_1_183' title='bbox 877 2336 1176 2407; x_wconf 84' lang='grc' dir='ltr'>πεπληγὼς</span> <span class='ocrx_word' id='word_1_184' title='bbox 1201 2339 1281 2402; x_wconf 84' lang='grc' dir='ltr'><strong>είς</strong></span> <span class='ocrx_word' id='word_1_185' title='bbox 1319 2337 1380 2391; x_wconf 80' lang='grc' dir='ltr'><strong>τὸ</strong></span> <span class='ocrx_word' id='word_1_186' title='bbox 1426 2331 1582 2410; x_wconf 80' lang='grc' dir='ltr'>ἧπαρ</span> <span class='ocrx_word' id='word_1_187' title='bbox 1631 2336 1891 2407; x_wconf 81' lang='grc' dir='ltr'>τοξεύμα·</span> 
     </span>
    </p>
   </div>
   <div class='ocr_carea' id='block_1_28' title="bbox 303 2423 1889 2499">
    <p class='ocr_par' dir='ltr' id='par_1_28' title="bbox 303 2423 1889 2499">
     <span class='ocr_line' id='line_1_28' title="bbox 303 2423 1889 2499; baseline 0.001 -20"><span class='ocrx_word' id='word_1_188' title='bbox 303 2443 379 2490; x_wconf 89' lang='grc' dir='ltr'><strong>τι,</strong></span> <span class='ocrx_word' id='word_1_189' title='bbox 405 2427 441 2499; x_wconf 76' lang='grc' dir='ltr'>ἢ</span> <span class='ocrx_word' id='word_1_190' title='bbox 463 2424 539 2490; x_wconf 85' lang='grc' dir='ltr'>ὼς</span> <span class='ocrx_word' id='word_1_191' title='bbox 558 2423 702 2481; x_wconf 80' lang='grc' dir='ltr'>κύων</span> <span class='ocrx_word' id='word_1_192' title='bbox 725 2427 821 2480; x_wconf 78' lang='grc' dir='ltr'><strong>ὲπὶ</strong></span> <span class='ocrx_word' id='word_1_193' title='bbox 868 2427 1128 2499; x_wconf 75' lang='grc' dir='ltr'>δεσμοὺς,</span> <span class='ocrx_word' id='word_1_194' title='bbox 1170 2430 1271 2483; x_wconf 81' lang='grc' dir='ltr'>οὐκ</span> <span class='ocrx_word' id='word_1_195' title='bbox 1301 2428 1457 2493; x_wconf 76' lang='grc' dir='ltr'>εἰδὼς</span> <span class='ocrx_word' id='word_1_196' title='bbox 1490 2429 1570 2482; x_wconf 85' lang='grc' dir='ltr'><strong>ὅτι</strong></span> <span class='ocrx_word' id='word_1_197' title='bbox 1620 2429 1749 2499; x_wconf 77' lang='grc' dir='ltr'>περὶ</span> <span class='ocrx_word' id='word_1_198' title='bbox 1789 2429 1889 2498; x_wconf 75' lang='grc' dir='ltr'>ψυ-</span> 
     </span>
    </p>
   </div>
   <div class='ocr_carea' id='block_1_29' title="bbox 307 2516 1888 2591">
    <p class='ocr_par' dir='ltr' id='par_1_29' title="bbox 307 2516 1888 2591">
     <span class='ocr_line' id='line_1_29' title="bbox 307 2516 1888 2591; baseline -0.011 -3"><span class='ocrx_word' id='word_1_199' title='bbox 307 2517 411 2587; x_wconf 73' lang='grc' dir='ltr'><strong>λῆς</strong></span> <span class='ocrx_word' id='word_1_200' title='bbox 442 2516 649 2588; x_wconf 78' lang='grc' dir='ltr'>τρέχει.</span> <span class='ocrx_word' id='word_1_201' title='bbox 674 2516 783 2571; x_wconf 78' lang='grc' dir='ltr'>Καί</span> <span class='ocrx_word' id='word_1_202' title='bbox 810 2534 903 2588; x_wconf 89' lang='grc' dir='ltr'><strong>μοι</strong></span> <span class='ocrx_word' id='word_1_203' title='bbox 941 2518 1018 2590; x_wconf 82' lang='grc' dir='ltr'>μὴ</span> <span class='ocrx_word' id='word_1_204' title='bbox 1076 2518 1255 2591; x_wconf 84' lang='grc' dir='ltr'>μάτην</span> <span class='ocrx_word' id='word_1_205' title='bbox 1295 2519 1470 2571; x_wconf 78' lang='grc' dir='ltr'>εἰπεῖν</span> <span class='ocrx_word' id='word_1_206' title='bbox 1518 2521 1548 2573; x_wconf 86' lang='grc' dir='ltr'>ὁ</span> <span class='ocrx_word' id='word_1_207' title='bbox 1607 2518 1888 2580; x_wconf 82' lang='grc' dir='ltr'>θεσπέσιος</span> 
     </span>
    </p>
   </div>
   <div class='ocr_carea' id='block_1_30' title="bbox 313 2604 1890 2678">
    <p class='ocr_par' dir='ltr' id='par_1_30' title="bbox 313 2604 1890 2678">
     <span class='ocr_line' id='line_1_30' title="bbox 313 2604 1890 2678; baseline 0.001 -20"><span class='ocrx_word' id='word_1_208' title='bbox 313 2605 717 2678; x_wconf 80' lang='grc' dir='ltr'>εὐαγγελιστὴς,</span> <span class='ocrx_word' id='word_1_209' title='bbox 752 2607 832 2660; x_wconf 81' lang='grc' dir='ltr'>ὅτι</span> <span class='ocrx_word' id='word_1_210' title='bbox 889 2626 908 2659; x_wconf 77' lang='grc' dir='ltr'><strong>ι</strong></span> <span class='ocrx_word' id='word_1_211' title='bbox 944 2607 1139 2662; x_wconf 77' lang='grc' dir='ltr'>Λαϐὼν</span> <span class='ocrx_word' id='word_1_212' title='bbox 1181 2608 1242 2661; x_wconf 82' lang='grc' dir='ltr'>τὸ</span> <span class='ocrx_word' id='word_1_213' title='bbox 1276 2606 1493 2677; x_wconf 76' lang='grc' dir='ltr'>ψωμίον</span> <span class='ocrx_word' id='word_1_214' title='bbox 1534 2604 1756 2678; x_wconf 76' lang='grc' dir='ltr'>ἐξῆλθεν</span> <span class='ocrx_word' id='word_1_215' title='bbox 1802 2604 1890 2659; x_wconf 78' lang='grc' dir='ltr'><strong>εὖ·</strong></span> 
     </span>
    </p>
   </div>
   <div class='ocr_carea' id='block_1_31' title="bbox 308 2694 1891 2767">
    <p class='ocr_par' dir='ltr' id='par_1_31' title="bbox 308 2694 1891 2767">
     <span class='ocr_line' id='line_1_31' title="bbox 308 2694 1891 2767; baseline 0 -17"><span class='ocrx_word' id='word_1_216' title='bbox 308 2694 426 2760; x_wconf 76' lang='grc' dir='ltr'>θός.</span> <span class='ocrx_word' id='word_1_217' title='bbox 463 2715 484 2748; x_wconf 74' lang='grc' dir='ltr'><strong>ι</strong></span> <span class='ocrx_word' id='word_1_218' title='bbox 521 2696 700 2760; x_wconf 78' lang='grc' dir='ltr'>Δεινδς</span> <span class='ocrx_word' id='word_1_219' title='bbox 724 2699 831 2767; x_wconf 66' lang='grc' dir='ltr'>γὰρ</span> <span class='ocrx_word' id='word_1_220' title='bbox 859 2698 887 2751; x_wconf 81' lang='grc' dir='ltr'><strong>ὁ</strong></span> <span class='ocrx_word' id='word_1_221' title='bbox 921 2696 1165 2763; x_wconf 78' lang='grc' dir='ltr'>Σατανᾶς</span> <span class='ocrx_word' id='word_1_222' title='bbox 1192 2700 1275 2762; x_wconf 84' lang='grc' dir='ltr'><strong>εἰς</strong></span> <span class='ocrx_word' id='word_1_223' title='bbox 1298 2698 1362 2751; x_wconf 82' lang='grc' dir='ltr'><strong>τὸ</strong></span> <span class='ocrx_word' id='word_1_224' title='bbox 1403 2700 1518 2761; x_wconf 86' lang='grc' dir='ltr'>τοῖς</span> <span class='ocrx_word' id='word_1_225' title='bbox 1546 2697 1695 2765; x_wconf 74' lang='grc' dir='ltr'>ἅπαξ</span> <span class='ocrx_word' id='word_1_226' title='bbox 1728 2696 1891 2751; x_wconf 78' lang='grc' dir='ltr'>ἀλοῦ-</span> 
     </span>
    </p>
   </div>
   <div class='ocr_carea' id='block_1_32' title="bbox 308 2788 1889 2864">
    <p class='ocr_par' dir='ltr' id='par_1_32' title="bbox 308 2788 1889 2864">
     <span class='ocr_line' id='line_1_32' title="bbox 308 2788 1889 2864; baseline 0 -22"><span class='ocrx_word' id='word_1_227' title='bbox 308 2805 358 2842; x_wconf 90' lang='grc' dir='ltr'><strong>σι</strong></span> <span class='ocrx_word' id='word_1_228' title='bbox 388 2789 486 2842; x_wconf 74' lang='grc' dir='ltr'><strong>καὶ</strong></span> <span class='ocrx_word' id='word_1_229' title='bbox 507 2788 601 2842; x_wconf 73' lang='grc' dir='ltr'>ὑπ’</span> <span class='ocrx_word' id='word_1_230' title='bbox 636 2790 798 2843; x_wconf 75' lang='grc' dir='ltr'>αὑτὸν</span> <span class='ocrx_word' id='word_1_231' title='bbox 821 2790 1071 2861; x_wconf 84' lang='grc' dir='ltr'>γεγονόσι</span> <span class='ocrx_word' id='word_1_232' title='bbox 1103 2790 1467 2864; x_wconf 83' lang='grc' dir='ltr'>προστάττειν</span> <span class='ocrx_word' id='word_1_233' title='bbox 1494 2790 1657 2856; x_wconf 80' lang='grc' dir='ltr'>εὐθὺς</span> <span class='ocrx_word' id='word_1_234' title='bbox 1702 2788 1889 2857; x_wconf 72' lang='grc' dir='ltr'><strong>ἐξανύ-</strong></span> 
     </span>
    </p>
   </div>
   <div class='ocr_carea' id='block_1_33' title="bbox 304 2880 1890 2955">
    <p class='ocr_par' dir='ltr' id='par_1_33' title="bbox 304 2880 1890 2955">
     <span class='ocr_line' id='line_1_33' title="bbox 304 2880 1890 2955; baseline 0 -21"><span class='ocrx_word' id='word_1_235' title='bbox 304 2898 385 2934; x_wconf 89' lang='grc' dir='ltr'><strong>ειν</strong></span> <span class='ocrx_word' id='word_1_236' title='bbox 409 2881 477 2935; x_wconf 84' lang='grc' dir='ltr'><strong>τά</strong></span> <span class='ocrx_word' id='word_1_237' title='bbox 513 2880 744 2953; x_wconf 76' lang='grc' dir='ltr'>πονηρὰ,</span> <span class='ocrx_word' id='word_1_238' title='bbox 764 2881 858 2936; x_wconf 75' lang='grc' dir='ltr'>καὶ</span> <span class='ocrx_word' id='word_1_239' title='bbox 877 2883 1192 2953; x_wconf 76' lang='grc' dir='ltr'>μελλήσεως</span> <span class='ocrx_word' id='word_1_240' title='bbox 1213 2883 1435 2953; x_wconf 81' lang='grc' dir='ltr'>ἀπάσης</span> <span class='ocrx_word' id='word_1_241' title='bbox 1466 2881 1590 2955; x_wconf 87' lang='grc' dir='ltr'>δίχα</span> <span class='ocrx_word' id='word_1_242' title='bbox 1610 2881 1671 2935; x_wconf 82' lang='grc' dir='ltr'>τὸ</span> <span class='ocrx_word' id='word_1_243' title='bbox 1699 2881 1890 2936; x_wconf 83' lang='grc' dir='ltr'>δοκοῦν</span> 
     </span>
    </p>
   </div>
   <div class='ocr_carea' id='block_1_34' title="bbox 307 2969 1888 3044">
    <p class='ocr_par' dir='ltr' id='par_1_34' title="bbox 307 2969 1888 3044">
     <span class='ocr_line' id='line_1_34' title="bbox 307 2969 1888 3044; baseline 0.005 -21"><span class='ocrx_word' id='word_1_244' title='bbox 307 2969 451 3041; x_wconf 75' lang='grc' dir='ltr'>αὐτῷ</span> <span class='ocrx_word' id='word_1_245' title='bbox 499 2969 957 3042; x_wconf 73' lang='grc' dir='ltr'>κατεργάζεσθαι,</span> <span class='ocrx_word' id='word_1_246' title='bbox 1002 2972 1097 3027; x_wconf 75' lang='grc' dir='ltr'>καὶ</span> <span class='ocrx_word' id='word_1_247' title='bbox 1140 2973 1239 3044; x_wconf 84' lang='grc' dir='ltr'>οὐχ</span> <span class='ocrx_word' id='word_1_248' title='bbox 1286 2974 1511 3038; x_wconf 79' lang='grc' dir='ltr'>ἑκόντας</span> <span class='ocrx_word' id='word_1_249' title='bbox 1556 2974 1888 3044; x_wconf 88' lang='grc' dir='ltr'>ἀναγκάσαι.</span> 
     </span>
    </p>
   </div>
   <div class='ocr_carea' id='block_1_35' title="bbox 308 3055 1958 3163">
    <p class='ocr_par' dir='ltr' id='par_1_35' title="bbox 308 3055 1958 3163">
     <span class='ocr_line' id='line_1_35' title="bbox 308 3055 1958 3163; baseline 0.008 -54"><span class='ocrx_word' id='word_1_250' title='bbox 308 3055 486 3163; x_wconf 60' lang='grc' dir='ltr'>Δεδιεν</span> <span class='ocrx_word' id='word_1_251' title='bbox 514 3058 673 3163; x_wconf 63' lang='grc' dir='ltr'><strong>ι’σωςἶ</strong></span> <span class='ocrx_word' id='word_1_252' title='bbox 700 3060 991 3163; x_wconf 68' lang='grc' dir='ltr'>πικρόνους</span> <span class='ocrx_word' id='word_1_253' title='bbox 1018 3078 1076 3115; x_wconf 86' lang='grc' dir='ltr'>τε</span> <span class='ocrx_word' id='word_1_254' title='bbox 1103 3061 1366 3135; x_wconf 79' lang='grc' dir='ltr'>ὑπάρχων</span> <span class='ocrx_word' id='word_1_255' title='bbox 1391 3063 1499 3163; x_wconf 76' lang='grc' dir='ltr'>ἀεὶ,</span> <span class='ocrx_word' id='word_1_256' title='bbox 1535 3063 1632 3118; x_wconf 73' lang='grc' dir='ltr'>καὶ</span> <span class='ocrx_word' id='word_1_257' title='bbox 1690 3065 1889 3137; x_wconf 78' lang='grc' dir='ltr'>δριμὺς</span> <span class='ocrx_word' id='word_1_258' title='bbox 1914 3104 1958 3163; x_wconf 74' lang='lat' dir='ltr'><strong>c</strong></span> 
     </span>
    </p>
   </div>
   <div class='ocr_carea' id='block_1_36' title="bbox 308 3150 1888 3228">
    <p class='ocr_par' dir='ltr' id='par_1_36' title="bbox 308 3150 1888 3228">
     <span class='ocr_line' id='line_1_36' title="bbox 308 3150 1888 3228; baseline 0.006 -27"><span class='ocrx_word' id='word_1_259' title='bbox 308 3150 385 3213; x_wconf 78' lang='lat' dir='ltr'><strong>ei;</strong></span> <span class='ocrx_word' id='word_1_260' title='bbox 404 3150 762 3221; x_wconf 81' lang='grc' dir='ltr'>κακουργίαν,</span> <span class='ocrx_word' id='word_1_261' title='bbox 796 3152 872 3223; x_wconf 80' lang='grc' dir='ltr'>μὴ</span> <span class='ocrx_word' id='word_1_262' title='bbox 892 3152 999 3224; x_wconf 80' lang='grc' dir='ltr'>ἄρα</span> <span class='ocrx_word' id='word_1_263' title='bbox 1035 3171 1119 3219; x_wconf 86' lang='grc' dir='ltr'><strong>τις</strong></span> <span class='ocrx_word' id='word_1_264' title='bbox 1147 3155 1205 3207; x_wconf 81' lang='grc' dir='ltr'><strong>ὲν</strong></span> <span class='ocrx_word' id='word_1_265' title='bbox 1237 3156 1359 3217; x_wconf 85' lang='grc' dir='ltr'>ταῖς</span> <span class='ocrx_word' id='word_1_266' title='bbox 1387 3153 1714 3225; x_wconf 81' lang='grc' dir='ltr'>ὑπερθέσεσι</span> <span class='ocrx_word' id='word_1_267' title='bbox 1748 3174 1888 3228; x_wconf 90' lang='grc' dir='ltr'>παρ-</span> 
     </span>
    </p>
   </div>
   <div class='ocr_carea' id='block_1_37' title="bbox 308 3239 1889 3318">
    <p class='ocr_par' dir='ltr' id='par_1_37' title="bbox 308 3239 1889 3318">
     <span class='ocr_line' id='line_1_37' title="bbox 308 3239 1889 3318; baseline 0.006 -25"><span class='ocrx_word' id='word_1_268' title='bbox 308 3239 676 3312; x_wconf 83' lang='grc' dir='ltr'>εισδραμοῦσα</span> <span class='ocrx_word' id='word_1_269' title='bbox 711 3243 1053 3314; x_wconf 86' lang='grc' dir='ltr'>μετάγνωσις</span> <span class='ocrx_word' id='word_1_270' title='bbox 1095 3244 1631 3318; x_wconf 78' lang='grc' dir='ltr'>μεταϐουλεύσασθαί</span> <span class='ocrx_word' id='word_1_271' title='bbox 1678 3265 1735 3302; x_wconf 86' lang='grc' dir='ltr'><strong>τι</strong></span> <span class='ocrx_word' id='word_1_272' title='bbox 1779 3248 1889 3302; x_wconf 85' lang='grc' dir='ltr'><strong>τῶν</strong></span> 
     </span>
    </p>
   </div>
   <div class='ocr_carea' id='block_1_38' title="bbox 307 3330 1889 3411">
    <p class='ocr_par' dir='ltr' id='par_1_38' title="bbox 307 3330 1889 3411">
     <span class='ocr_line' id='line_1_38' title="bbox 307 3330 1889 3411; baseline 0.005 -27"><span class='ocrx_word' id='word_1_273' title='bbox 307 3330 529 3401; x_wconf 79' lang='grc' dir='ltr'>ἀγαθῶν</span> <span class='ocrx_word' id='word_1_274' title='bbox 566 3334 963 3409; x_wconf 78' lang='grc' dir='ltr'>παρασκευάσῃ</span> <span class='ocrx_word' id='word_1_275' title='bbox 1012 3335 1103 3389; x_wconf 73' lang='grc' dir='ltr'><strong>τὸν</strong></span> <span class='ocrx_word' id='word_1_276' title='bbox 1150 3335 1456 3409; x_wconf 75' lang='grc' dir='ltr'>ἄνθρωπον,</span> <span class='ocrx_word' id='word_1_277' title='bbox 1500 3338 1598 3393; x_wconf 75' lang='grc' dir='ltr'>καὶ</span> <span class='ocrx_word' id='word_1_278' title='bbox 1639 3337 1889 3411; x_wconf 81' lang='grc' dir='ltr'>καθάπερ</span> 
     </span>
    </p>
   </div>
   <div class='ocr_carea' id='block_1_39' title="bbox 309 3421 1890 3500">
    <p class='ocr_par' dir='ltr' id='par_1_39' title="bbox 309 3421 1890 3500">
     <span class='ocr_line' id='line_1_39' title="bbox 309 3421 1890 3500; baseline 0.004 -25"><span class='ocrx_word' id='word_1_279' title='bbox 309 3421 435 3476; x_wconf 87' lang='grc' dir='ltr'><strong>τινά</strong></span> <span class='ocrx_word' id='word_1_280' title='bbox 482 3422 658 3496; x_wconf 80' lang='grc' dir='ltr'><strong>μέθην</strong></span> <span class='ocrx_word' id='word_1_281' title='bbox 702 3425 1003 3479; x_wconf 82' lang='grc' dir='ltr'>ἀποθέσθαι</span> <span class='ocrx_word' id='word_1_282' title='bbox 1034 3425 1129 3480; x_wconf 77' lang='grc' dir='ltr'><strong>τοῦ</strong></span> <span class='ocrx_word' id='word_1_283' title='bbox 1179 3426 1272 3480; x_wconf 83' lang='grc' dir='ltr'><strong>νοῦ</strong></span> <span class='ocrx_word' id='word_1_284' title='bbox 1323 3428 1422 3498; x_wconf 78' lang='grc' dir='ltr'><strong>τὴν</strong></span> <span class='ocrx_word' id='word_1_285' title='bbox 1472 3429 1553 3493; x_wconf 77' lang='grc' dir='ltr'><strong>εἰς</strong></span> <span class='ocrx_word' id='word_1_286' title='bbox 1613 3429 1890 3500; x_wconf 80' lang='grc' dir='ltr'>ἁμαρτίαν</span> 
     </span>
    </p>
   </div>
   <div class='ocr_carea' id='block_1_40' title="bbox 310 3514 1891 3594">
    <p class='ocr_par' dir='ltr' id='par_1_40' title="bbox 310 3514 1891 3594">
     <span class='ocr_line' id='line_1_40' title="bbox 310 3514 1891 3594; baseline 0.005 -27"><span class='ocrx_word' id='word_1_287' title='bbox 310 3514 524 3587; x_wconf 71' lang='grc' dir='ltr'>ἡδονὴν,</span> <span class='ocrx_word' id='word_1_288' title='bbox 554 3515 659 3582; x_wconf 82' lang='grc' dir='ltr'><strong>ἔξω</strong></span> <span class='ocrx_word' id='word_1_289' title='bbox 692 3533 755 3570; x_wconf 86' lang='grc' dir='ltr'>τε</span> <span class='ocrx_word' id='word_1_290' title='bbox 791 3516 1021 3587; x_wconf 83' lang='grc' dir='ltr'>παγίδος</span> <span class='ocrx_word' id='word_1_291' title='bbox 1065 3518 1270 3594; x_wconf 78' lang='grc' dir='ltr'>ἐλκύσῃ</span> <span class='ocrx_word' id='word_1_292' title='bbox 1292 3518 1393 3591; x_wconf 78' lang='grc' dir='ltr'>τῆς</span> <span class='ocrx_word' id='word_1_293' title='bbox 1431 3521 1562 3593; x_wconf 83' lang='grc' dir='ltr'>παρ’</span> <span class='ocrx_word' id='word_1_294' title='bbox 1591 3521 1756 3576; x_wconf 73' lang='grc' dir='ltr'>αὐτοῦ</span> <span class='ocrx_word' id='word_1_295' title='bbox 1798 3521 1891 3575; x_wconf 80' lang='grc' dir='ltr'><strong>τὸν</strong></span> 
     </span>
    </p>
   </div>
   <div class='ocr_carea' id='block_1_41' title="bbox 310 3606 1891 3686">
    <p class='ocr_par' dir='ltr' id='par_1_41' title="bbox 310 3606 1891 3686">
     <span class='ocr_line' id='line_1_41' title="bbox 310 3606 1891 3686; baseline 0.008 -27"><span class='ocrx_word' id='word_1_296' title='bbox 310 3606 411 3678; x_wconf 64' lang='grc' dir='ltr'><strong>ἤδη</strong></span> <span class='ocrx_word' id='word_1_297' title='bbox 460 3607 920 3681; x_wconf 83' lang='grc' dir='ltr'>κατειλημμένον.</span> <span class='ocrx_word' id='word_1_298' title='bbox 971 3611 1069 3665; x_wconf 82' lang='grc' dir='ltr'>Διά</span> <span class='ocrx_word' id='word_1_299' title='bbox 1122 3612 1329 3685; x_wconf 80' lang='grc' dir='ltr'>ταύτην</span> <span class='ocrx_word' id='word_1_300' title='bbox 1378 3609 1532 3685; x_wconf 77' lang='grc' dir='ltr'>οἶμαι</span> <span class='ocrx_word' id='word_1_301' title='bbox 1575 3615 1673 3686; x_wconf 79' lang='grc' dir='ltr'><strong>τὴν</strong></span> <span class='ocrx_word' id='word_1_302' title='bbox 1711 3615 1891 3671; x_wconf 76' lang='grc' dir='ltr'>αἰτίαν</span> 
     </span>
    </p>
   </div>
   <div class='ocr_carea' id='block_1_42' title="bbox 312 3698 1888 3776">
    <p class='ocr_par' dir='ltr' id='par_1_42' title="bbox 312 3698 1888 3776">
     <span class='ocr_line' id='line_1_42' title="bbox 312 3698 1888 3776; baseline 0.006 -25"><span class='ocrx_word' id='word_1_303' title='bbox 312 3698 623 3754; x_wconf 76' lang='grc' dir='ltr'>ἐπικεῖσθαι</span> <span class='ocrx_word' id='word_1_304' title='bbox 655 3701 748 3755; x_wconf 80' lang='grc' dir='ltr'><strong>τὸν</strong></span> <span class='ocrx_word' id='word_1_305' title='bbox 785 3703 1063 3776; x_wconf 78' lang='grc' dir='ltr'>ἀλιτήριον</span> <span class='ocrx_word' id='word_1_306' title='bbox 1104 3705 1217 3768; x_wconf 82' lang='grc' dir='ltr'>τοῖς</span> <span class='ocrx_word' id='word_1_307' title='bbox 1262 3705 1353 3760; x_wconf 81' lang='grc' dir='ltr'><strong>ὑπ’</strong></span> <span class='ocrx_word' id='word_1_308' title='bbox 1392 3706 1555 3761; x_wconf 78' lang='grc' dir='ltr'>αὑτὸν</span> <span class='ocrx_word' id='word_1_309' title='bbox 1586 3708 1888 3776; x_wconf 83' lang='grc' dir='ltr'>γεγονόσιν,</span> 
     </span>
    </p>
   </div>
   <div class='ocr_carea' id='block_1_43' title="bbox 313 3791 1892 3873">
    <p class='ocr_par' dir='ltr' id='par_1_43' title="bbox 313 3791 1892 3873">
     <span class='ocr_line' id='line_1_43' title="bbox 313 3791 1892 3873; baseline 0.006 -29"><span class='ocrx_word' id='word_1_310' title='bbox 313 3791 392 3854; x_wconf 81' lang='grc' dir='ltr'><strong>είς</strong></span> <span class='ocrx_word' id='word_1_311' title='bbox 416 3791 478 3844; x_wconf 70' lang='grc' dir='ltr'>τὸ</span> <span class='ocrx_word' id='word_1_312' title='bbox 507 3791 641 3864; x_wconf 73' lang='grc' dir='ltr'>δρᾷν</span> <span class='ocrx_word' id='word_1_313' title='bbox 665 3793 984 3863; x_wconf 78' lang='grc' dir='ltr'>ἐπείγεσθαι</span> <span class='ocrx_word' id='word_1_314' title='bbox 1012 3797 1109 3851; x_wconf 75' lang='grc' dir='ltr'>καὶ</span> <span class='ocrx_word' id='word_1_315' title='bbox 1150 3796 1296 3868; x_wconf 90' lang='grc' dir='ltr'><strong>μάλα</strong></span> <span class='ocrx_word' id='word_1_316' title='bbox 1320 3797 1540 3870; x_wconf 85' lang='grc' dir='ltr'>γοργῶς</span> <span class='ocrx_word' id='word_1_317' title='bbox 1561 3800 1625 3853; x_wconf 80' lang='grc' dir='ltr'><strong>τὸ</strong></span> <span class='ocrx_word' id='word_1_318' title='bbox 1654 3799 1892 3873; x_wconf 81' lang='grc' dir='ltr'>ἀρέσκον</span> 
     </span>
    </p>
   </div>
   <div class='ocr_carea' id='block_1_44' title="bbox 310 3881 1892 3962">
    <p class='ocr_par' dir='ltr' id='par_1_44' title="bbox 310 3881 1892 3962">
     <span class='ocr_line' id='line_1_44' title="bbox 310 3881 1892 3962; baseline 0.007 -28"><span class='ocrx_word' id='word_1_319' title='bbox 310 3881 483 3954; x_wconf 77' lang='grc' dir='ltr'>αὐτῷ.</span> <span class='ocrx_word' id='word_1_320' title='bbox 512 3883 626 3937; x_wconf 75' lang='grc' dir='ltr'><strong>Καὶ</strong></span> <span class='ocrx_word' id='word_1_321' title='bbox 651 3883 782 3952; x_wconf 69' lang='grc' dir='ltr'>γοῦν</span> <span class='ocrx_word' id='word_1_322' title='bbox 815 3885 906 3940; x_wconf 83' lang='grc' dir='ltr'><strong>τὸν</strong></span> <span class='ocrx_word' id='word_1_323' title='bbox 961 3888 1164 3943; x_wconf 80' lang='grc' dir='ltr'>Ἰούδαν</span> <span class='ocrx_word' id='word_1_324' title='bbox 1195 3889 1339 3961; x_wconf 86' lang='grc' dir='ltr'><strong>μετά</strong></span> <span class='ocrx_word' id='word_1_325' title='bbox 1368 3890 1431 3944; x_wconf 80' lang='grc' dir='ltr'><strong>τὸ</strong></span> <span class='ocrx_word' id='word_1_326' title='bbox 1470 3890 1687 3962; x_wconf 76' lang='grc' dir='ltr'>ψωμίον</span> <span class='ocrx_word' id='word_1_327' title='bbox 1728 3891 1892 3956; x_wconf 77' lang='grc' dir='ltr'>εὐθὺς</span> 
     </span>
    </p>
   </div>
   <div class='ocr_carea' id='block_1_45' title="bbox 311 3972 1893 4051">
    <p class='ocr_par' dir='ltr' id='par_1_45' title="bbox 311 3972 1893 4051">
     <span class='ocr_line' id='line_1_45' title="bbox 311 3972 1893 4051; baseline 0.004 -26"><span class='ocrx_word' id='word_1_328' title='bbox 311 3972 614 4043; x_wconf 81' lang='grc' dir='ltr'>ἀναγκάζει</span> <span class='ocrx_word' id='word_1_329' title='bbox 657 3974 880 4041; x_wconf 76' lang='grc' dir='ltr'>λοιπὸν,</span> <span class='ocrx_word' id='word_1_330' title='bbox 922 3976 997 4041; x_wconf 84' lang='grc' dir='ltr'>ὡς</span> <span class='ocrx_word' id='word_1_331' title='bbox 1041 3978 1146 4031; x_wconf 79' lang='grc' dir='ltr'><strong>ὑπὸ</strong></span> <span class='ocrx_word' id='word_1_332' title='bbox 1203 3982 1363 4051; x_wconf 87' lang='grc' dir='ltr'>χεῖρα</span> <span class='ocrx_word' id='word_1_333' title='bbox 1407 3978 1589 4033; x_wconf 75' lang='grc' dir='ltr'>λαϐὼν</span> <span class='ocrx_word' id='word_1_334' title='bbox 1617 4019 1632 4044; x_wconf 93' lang='grc'><strong>,</strong></span> <span class='ocrx_word' id='word_1_335' title='bbox 1668 3980 1764 4032; x_wconf 76' lang='grc' dir='ltr'><strong>ἐπὶ</strong></span> <span class='ocrx_word' id='word_1_336' title='bbox 1793 3980 1893 4050; x_wconf 82' lang='grc' dir='ltr'>τὴν</span> 
     </span>
    </p>
   </div>
   <div class='ocr_carea' id='block_1_46' title="bbox 312 4064 1895 4141">
    <p class='ocr_par' dir='ltr' id='par_1_46' title="bbox 312 4064 1895 4141">
     <span class='ocr_line' id='line_1_46' title="bbox 312 4064 1895 4141; baseline 0.005 -24"><span class='ocrx_word' id='word_1_337' title='bbox 312 4064 486 4131; x_wconf 71' lang='grc' dir='ltr'>οὕτως</span> <span class='ocrx_word' id='word_1_338' title='bbox 543 4066 758 4122; x_wconf 84' lang='grc' dir='ltr'>ἀνόσιον</span> <span class='ocrx_word' id='word_1_339' title='bbox 808 4069 946 4123; x_wconf 83' lang='grc' dir='ltr'>ίέναι</span> <span class='ocrx_word' id='word_1_340' title='bbox 997 4070 1238 4141; x_wconf 78' lang='grc' dir='ltr'>πρᾶξιν,</span> <span class='ocrx_word' id='word_1_341' title='bbox 1274 4071 1498 4139; x_wconf 83' lang='grc' dir='ltr'>δεδιὼς,</span> <span class='ocrx_word' id='word_1_342' title='bbox 1535 4074 1678 4128; x_wconf 86' lang='grc' dir='ltr'>κατά</span> <span class='ocrx_word' id='word_1_343' title='bbox 1719 4089 1782 4141; x_wconf 90' lang='grc' dir='ltr'><strong>γε</strong></span> <span class='ocrx_word' id='word_1_344' title='bbox 1832 4073 1895 4126; x_wconf 80' lang='grc' dir='ltr'>τὺ</span> 
     </span>
    </p>
   </div>
   <div class='ocr_carea' id='block_1_47' title="bbox 314 4158 1895 4236">
    <p class='ocr_par' dir='ltr' id='par_1_47' title="bbox 314 4158 1895 4236">
     <span class='ocr_line' id='line_1_47' title="bbox 314 4158 1895 4236; baseline 0.006 -26"><span class='ocrx_word' id='word_1_345' title='bbox 314 4160 481 4223; x_wconf 70' lang='grc' dir='ltr'>εἰκδς,</span> <span class='ocrx_word' id='word_1_346' title='bbox 503 4158 641 4231; x_wconf 77' lang='grc' dir='ltr'>ὁμοῦ</span> <span class='ocrx_word' id='word_1_347' title='bbox 678 4162 747 4231; x_wconf 77' lang='grc' dir='ltr'>τῇ</span> <span class='ocrx_word' id='word_1_348' title='bbox 781 4160 1123 4232; x_wconf 84' lang='grc' dir='ltr'>μεταγνώσει</span> <span class='ocrx_word' id='word_1_349' title='bbox 1163 4165 1257 4217; x_wconf 77' lang='grc' dir='ltr'>καὶ</span> <span class='ocrx_word' id='word_1_350' title='bbox 1292 4164 1391 4233; x_wconf 80' lang='grc' dir='ltr'><strong>τὴν</strong></span> <span class='ocrx_word' id='word_1_351' title='bbox 1421 4166 1484 4219; x_wconf 84' lang='grc' dir='ltr'>ὲκ</span> <span class='ocrx_word' id='word_1_352' title='bbox 1507 4166 1606 4236; x_wconf 77' lang='grc' dir='ltr'>τῆς</span> <span class='ocrx_word' id='word_1_353' title='bbox 1641 4165 1895 4233; x_wconf 78' lang='grc' dir='ltr'>εὐλογίας</span> 
     </span>
    </p>
   </div>
   <div class='ocr_carea' id='block_1_48' title="bbox 312 4249 1891 4329">
    <p class='ocr_par' dir='ltr' id='par_1_48' title="bbox 312 4249 1891 4329">
     <span class='ocr_line' id='line_1_48' title="bbox 312 4249 1891 4329; baseline 0.004 -26"><span class='ocrx_word' id='word_1_354' title='bbox 312 4249 573 4321; x_wconf 75' lang='grc' dir='ltr'>δύναμιν,</span> <span class='ocrx_word' id='word_1_355' title='bbox 620 4252 695 4323; x_wconf 78' lang='grc' dir='ltr'>μὴ</span> <span class='ocrx_word' id='word_1_356' title='bbox 741 4252 852 4325; x_wconf 78' lang='grc' dir='ltr'>ἄρα</span> <span class='ocrx_word' id='word_1_357' title='bbox 882 4270 999 4318; x_wconf 92' lang='grc' dir='ltr'><strong>πως</strong></span> <span class='ocrx_word' id='word_1_358' title='bbox 1040 4256 1097 4308; x_wconf 85' lang='grc' dir='ltr'><strong>ὲν</strong></span> <span class='ocrx_word' id='word_1_359' title='bbox 1130 4257 1196 4327; x_wconf 75' lang='grc' dir='ltr'>τῇ</span> <span class='ocrx_word' id='word_1_360' title='bbox 1226 4254 1320 4309; x_wconf 78' lang='grc' dir='ltr'><strong>τοῦ</strong></span> <span class='ocrx_word' id='word_1_361' title='bbox 1352 4256 1641 4328; x_wconf 84' lang='grc' dir='ltr'>ἀνθρώπου</span> <span class='ocrx_word' id='word_1_362' title='bbox 1677 4257 1891 4329; x_wconf 76' lang='grc' dir='ltr'>καρδία,</span> 
     </span>
    </p>
   </div>
   <div class='ocr_carea' id='block_1_49' title="bbox 316 4344 1894 4422">
    <p class='ocr_par' dir='ltr' id='par_1_49' title="bbox 316 4344 1894 4422">
     <span class='ocr_line' id='line_1_49' title="bbox 316 4344 1894 4422; baseline 0.003 -27"><span class='ocrx_word' id='word_1_363' title='bbox 316 4344 491 4412; x_wconf 73' lang='grc' dir='ltr'>φωτὸς</span> <span class='ocrx_word' id='word_1_364' title='bbox 546 4345 914 4416; x_wconf 75' lang='grc' dir='ltr'>ἀναλάμψασα</span> <span class='ocrx_word' id='word_1_365' title='bbox 955 4347 1112 4418; x_wconf 83' lang='grc' dir='ltr'>δίκην</span> <span class='ocrx_word' id='word_1_366' title='bbox 1135 4388 1149 4413; x_wconf 92' lang='grc'><strong>,</strong></span> <span class='ocrx_word' id='word_1_367' title='bbox 1196 4348 1559 4422; x_wconf 85' lang='grc' dir='ltr'>ἀγαθουργεῖν</span> <span class='ocrx_word' id='word_1_368' title='bbox 1620 4351 1894 4421; x_wconf 69' lang='grc' dir='ltr'>ἀναπείσῃ</span> 
     </span>
    </p>
   </div>
   <div class='ocr_carea' id='block_1_50' title="bbox 1971 415 3540 491">
    <p class='ocr_par' dir='ltr' id='par_1_50' title="bbox 1971 415 3540 491">
     <span class='ocr_line' id='line_1_50' title="bbox 1971 415 3540 491; baseline 0.002 -18"><span class='ocrx_word' id='word_1_369' title='bbox 1971 432 2082 474; x_wconf 87' lang='lat' dir='ltr'><strong>non</strong></span> <span class='ocrx_word' id='word_1_370' title='bbox 2114 416 2354 474; x_wconf 90' lang='lat' dir='ltr'><strong>deesset.</strong></span> <span class='ocrx_word' id='word_1_371' title='bbox 2393 415 2488 473; x_wconf 88' lang='lat' dir='ltr'><strong>Sic</strong></span> <span class='ocrx_word' id='word_1_372' title='bbox 2530 418 2681 474; x_wconf 87' lang='lat' dir='ltr'><strong>enim</strong></span> <span class='ocrx_word' id='word_1_373' title='bbox 2723 418 2831 475; x_wconf 86' lang='lat' dir='ltr'><strong>hoc</strong></span> <span class='ocrx_word' id='word_1_374' title='bbox 2860 418 3030 475; x_wconf 89' lang='lat' dir='ltr'><strong>veluti</strong></span> <span class='ocrx_word' id='word_1_375' title='bbox 3063 418 3305 489; x_wconf 88' lang='lat' dir='ltr'><strong>quodam</strong></span> <span class='ocrx_word' id='word_1_376' title='bbox 3337 426 3540 491; x_wconf 60' lang='lat' dir='ltr'><strong>tempe</strong></span> 
     </span>
    </p>
   </div>
   <div class='ocr_carea' id='block_1_51' title="bbox 1972 508 3574 581">
    <p class='ocr_par' dir='ltr' id='par_1_51' title="bbox 1972 508 3574 581">
     <span class='ocr_line' id='line_1_51' title="bbox 1972 508 3574 581; baseline -0.001 -18"><span class='ocrx_word' id='word_1_377' title='bbox 1972 515 2227 564; x_wconf 87' lang='lat' dir='ltr'><strong>ramento</strong></span> <span class='ocrx_word' id='word_1_378' title='bbox 2263 508 2601 581; x_wconf 64' lang='lat' dir='ltr'><strong>aequalitatis</strong></span> <span class='ocrx_word' id='word_1_379' title='bbox 2630 509 2775 565; x_wconf 89' lang='lat' dir='ltr'><strong>ratio</strong></span> <span class='ocrx_word' id='word_1_380' title='bbox 2813 510 3030 566; x_wconf 88' lang='lat' dir='ltr'><strong>cunctis</strong></span> <span class='ocrx_word' id='word_1_381' title='bbox 3058 509 3275 565; x_wconf 81' lang='lat' dir='ltr'><strong>servari</strong></span> <span class='ocrx_word' id='word_1_382' title='bbox 3306 517 3574 580; x_wconf 72' lang='lat' dir='ltr'><strong>poterat...</strong></span> 
     </span>
    </p>
   </div>
   <div class='ocr_carea' id='block_1_52' title="bbox 1970 600 3549 673">
    <p class='ocr_par' dir='ltr' id='par_1_52' title="bbox 1970 600 3549 673">
     <span class='ocr_line' id='line_1_52' title="bbox 1970 600 3549 673; baseline -0.001 -15"><span class='ocrx_word' id='word_1_383' title='bbox 1970 600 2233 658; x_wconf 84' lang='lat' dir='ltr'><strong>Ordinem</strong></span> <span class='ocrx_word' id='word_1_384' title='bbox 2280 601 2451 673; x_wconf 89' lang='lat' dir='ltr'><strong>igitur</strong></span> <span class='ocrx_word' id='word_1_385' title='bbox 2484 609 2543 659; x_wconf 92' lang='lat' dir='ltr'><strong>et</strong></span> <span class='ocrx_word' id='word_1_386' title='bbox 2568 601 2863 659; x_wconf 77' lang='lat' dir='ltr'><strong>formulam</strong></span> <span class='ocrx_word' id='word_1_387' title='bbox 2895 602 3106 661; x_wconf 76' lang='lat' dir='ltr'><strong>sanctis</strong></span> <span class='ocrx_word' id='word_1_388' title='bbox 3152 600 3313 658; x_wconf 84' lang='lat' dir='ltr'><strong>festis</strong></span> <span class='ocrx_word' id='word_1_389' title='bbox 3341 615 3549 657; x_wconf 83' lang='lat' dir='ltr'><strong>conve-</strong></span> 
     </span>
    </p>
   </div>
   <div class='ocr_carea' id='block_1_53' title="bbox 1974 692 3578 766">
    <p class='ocr_par' dir='ltr' id='par_1_53' title="bbox 1974 692 3578 766">
     <span class='ocr_line' id='line_1_53' title="bbox 1974 692 3578 766; baseline 0.001 -19"><span class='ocrx_word' id='word_1_390' title='bbox 1974 692 2214 748; x_wconf 89' lang='lat' dir='ltr'><strong>nientem</strong></span> <span class='ocrx_word' id='word_1_391' title='bbox 2257 692 2450 759; x_wconf 76' lang='lat' dir='ltr'><strong>violat,</strong></span> <span class='ocrx_word' id='word_1_392' title='bbox 2498 693 2596 761; x_wconf 86' lang='lat' dir='ltr'><strong>qui</strong></span> <span class='ocrx_word' id='word_1_393' title='bbox 2646 708 2761 751; x_wconf 72' lang='lat' dir='ltr'><strong>suae</strong></span> <span class='ocrx_word' id='word_1_394' title='bbox 2817 709 2965 750; x_wconf 61' lang='lat' dir='ltr'><strong>cura:</strong></span> <span class='ocrx_word' id='word_1_395' title='bbox 3000 708 3306 766; x_wconf 81' lang='lat' dir='ltr'><strong>pauperum</strong></span> <span class='ocrx_word' id='word_1_396' title='bbox 3356 708 3578 750; x_wconf 82' lang='lat' dir='ltr'><strong>curam.</strong></span> 
     </span>
    </p>
   </div>
   <div class='ocr_carea' id='block_1_54' title="bbox 1979 772 3584 874">
    <p class='ocr_par' dir='ltr' id='par_1_54' title="bbox 1979 772 3584 874">
     <span class='ocr_line' id='line_1_54' title="bbox 1979 772 3584 874; baseline 0.001 -35"><span class='ocrx_word' id='word_1_397' title='bbox 1979 798 2090 839; x_wconf 88' lang='lat' dir='ltr'><strong>non</strong></span> <span class='ocrx_word' id='word_1_398' title='bbox 2121 772 2409 841; x_wconf 86' lang='lat' dir='ltr'><strong>admiscet.</strong></span> <span class='ocrx_word' id='word_1_399' title='bbox 2433 785 2531 874; x_wconf 83' lang='lat' dir='ltr'><strong>Illa</strong></span> <span class='ocrx_word' id='word_1_400' title='bbox 2562 786 2767 856; x_wconf 84' lang='lat' dir='ltr'><strong>quippe</strong></span> <span class='ocrx_word' id='word_1_401' title='bbox 2797 784 3121 856; x_wconf 69' lang='lat' dir='ltr'><strong>coniunctio</strong></span> <span class='ocrx_word' id='word_1_402' title='bbox 3158 784 3405 856; x_wconf 79' lang='lat' dir='ltr'><strong>perfecta</strong></span> <span class='ocrx_word' id='word_1_403' title='bbox 3425 799 3584 841; x_wconf 77' lang='lat' dir='ltr'><strong>vere-</strong></span> 
     </span>
    </p>
   </div>
   <div class='ocr_carea' id='block_1_55' title="bbox 1982 874 2392 933">
    <p class='ocr_par' dir='ltr' id='par_1_55' title="bbox 1982 874 2392 933">
     <span class='ocr_line' id='line_1_55' title="bbox 1982 874 2392 933; baseline 0.007 -3"><span class='ocrx_word' id='word_1_404' title='bbox 1982 882 2066 931; x_wconf 87' lang='lat' dir='ltr'><strong>est</strong></span> <span class='ocrx_word' id='word_1_405' title='bbox 2097 874 2392 933; x_wconf 77' lang='lat' dir='ltr'><strong>festivitas.</strong></span> 
     </span>
    </p>
   </div>
   <div class='ocr_carea' id='block_1_56' title="bbox 2045 1050 3556 1124">
    <p class='ocr_par' dir='ltr' id='par_1_56' title="bbox 2045 1050 3556 1124">
     <span class='ocr_line' id='line_1_56' title="bbox 2045 1050 3556 1124; baseline 0.003 -20"><span class='ocrx_word' id='word_1_406' title='bbox 2045 1050 2184 1117; x_wconf 73' lang='lat' dir='ltr'><strong>XIII,</strong></span> <span class='ocrx_word' id='word_1_407' title='bbox 2217 1051 2308 1108; x_wconf 78' lang='lat'><strong>50.</strong></span> <span class='ocrx_word' id='word_1_408' title='bbox 2347 1053 2481 1108; x_wconf 80' lang='lat' dir='ltr'><strong>Cum</strong></span> <span class='ocrx_word' id='word_1_409' title='bbox 2510 1070 2632 1124; x_wconf 82' lang='lat' dir='ltr'><strong>ergo</strong></span> <span class='ocrx_word' id='word_1_410' title='bbox 2663 1054 2951 1121; x_wconf 78' lang='lat' dir='ltr'><strong>accepisset</strong></span> <span class='ocrx_word' id='word_1_411' title='bbox 2983 1054 3075 1109; x_wconf 77' lang='lat' dir='ltr'><strong>ille</strong></span> <span class='ocrx_word' id='word_1_412' title='bbox 3105 1054 3421 1124; x_wconf 58' lang='lat' dir='ltr'><strong>buccellam,</strong></span> <span class='ocrx_word' id='word_1_413' title='bbox 3461 1068 3556 1110; x_wconf 68' lang='lat' dir='ltr'><strong>ear-</strong></span> 
     </span>
    </p>
   </div>
   <div class='ocr_carea' id='block_1_57' title="bbox 1974 1141 3344 1215">
    <p class='ocr_par' dir='ltr' id='par_1_57' title="bbox 1974 1141 3344 1215">
     <span class='ocr_line' id='line_1_57' title="bbox 1974 1141 3344 1215; baseline 0.003 -20"><span class='ocrx_word' id='word_1_414' title='bbox 1974 1142 2066 1196; x_wconf 81' lang='lat' dir='ltr'><strong>ivit</strong></span> <span class='ocrx_word' id='word_1_415' title='bbox 2096 1141 2533 1197; x_wconf 81' lang='lat' dir='ltr'><strong>continuo.Erat.</strong></span> <span class='ocrx_word' id='word_1_416' title='bbox 2554 1153 2734 1199; x_wconf 79' lang='lat' dir='ltr'><strong>autem</strong></span> <span class='ocrx_word' id='word_1_417' title='bbox 2764 1159 2891 1208; x_wconf 76' lang='lat' dir='ltr'><strong>nox,</strong></span> <span class='ocrx_word' id='word_1_418' title='bbox 2924 1145 3136 1215; x_wconf 77' lang='lat' dir='ltr'><strong>quando</strong></span> <span class='ocrx_word' id='word_1_419' title='bbox 3165 1146 3344 1201; x_wconf 73' lang='lat' dir='ltr'><strong>exivit.</strong></span> 
     </span>
    </p>
   </div>
   <div class='ocr_carea' id='block_1_58' title="bbox 2047 1233 3637 1308">
    <p class='ocr_par' dir='ltr' id='par_1_58' title="bbox 2047 1233 3637 1308">
     <span class='ocr_line' id='line_1_58' title="bbox 2047 1233 3637 1308; baseline -0.001 -19"><span class='ocrx_word' id='word_1_420' title='bbox 2047 1233 2208 1306; x_wconf 63' lang='lat'><strong>743</strong></span> <span class='ocrx_word' id='word_1_421' title='bbox 2241 1233 2473 1291; x_wconf 82' lang='lat' dir='ltr'><strong>Diabolo</strong></span> <span class='ocrx_word' id='word_1_422' title='bbox 2504 1235 2691 1291; x_wconf 84' lang='lat' dir='ltr'><strong>statim</strong></span> <span class='ocrx_word' id='word_1_423' title='bbox 2719 1235 3066 1308; x_wconf 90' lang='lat' dir='ltr'><strong>obsequitur,</strong></span> <span class='ocrx_word' id='word_1_424' title='bbox 3100 1245 3156 1294; x_wconf 91' lang='lat' dir='ltr'><strong>et</strong></span> <span class='ocrx_word' id='word_1_425' title='bbox 3182 1245 3358 1295; x_wconf 72' lang='lat' dir='ltr'><strong>(nstro</strong></span> <span class='ocrx_word' id='word_1_426' title='bbox 3387 1236 3559 1293; x_wconf 80' lang='lat' dir='ltr'><strong>veluti</strong></span> <span class='ocrx_word' id='word_1_427' title='bbox 3629 1236 3637 1255; x_wconf 89' lang='lat'><strong><em>‘</em></strong></span> 
     </span>
    </p>
   </div>
   <div class='ocr_carea' id='block_1_59' title="bbox 1978 1327 3561 1396">
    <p class='ocr_par' dir='ltr' id='par_1_59' title="bbox 1978 1327 3561 1396">
     <span class='ocr_line' id='line_1_59' title="bbox 1978 1327 3561 1396; baseline 0.002 -18"><span class='ocrx_word' id='word_1_428' title='bbox 1978 1327 2215 1396; x_wconf 88' lang='lat' dir='ltr'><strong>quodam</strong></span> <span class='ocrx_word' id='word_1_429' title='bbox 2271 1342 2336 1382; x_wconf 90' lang='lat' dir='ltr'><strong>ac</strong></span> <span class='ocrx_word' id='word_1_430' title='bbox 2380 1327 2624 1383; x_wconf 80' lang='lat' dir='ltr'><strong>stimulis</strong></span> <span class='ocrx_word' id='word_1_431' title='bbox 2660 1327 2926 1383; x_wconf 88' lang='lat' dir='ltr'><strong>incitatus</strong></span> <span class='ocrx_word' id='word_1_432' title='bbox 2960 1327 3126 1383; x_wconf 90' lang='lat' dir='ltr'><strong>domo</strong></span> <span class='ocrx_word' id='word_1_433' title='bbox 3153 1327 3361 1394; x_wconf 78' lang='lat' dir='ltr'><strong>exsilit,</strong></span> <span class='ocrx_word' id='word_1_434' title='bbox 3394 1327 3561 1382; x_wconf 48' lang='lat' dir='ltr'><strong>nihil.</strong></span> 
     </span>
    </p>
   </div>
   <div class='ocr_carea' id='block_1_60' title="bbox 1986 1417 3576 1489">
    <p class='ocr_par' dir='ltr' id='par_1_60' title="bbox 1986 1417 3576 1489">
     <span class='ocr_line' id='line_1_60' title="bbox 1986 1417 3576 1489; baseline -0.002 -17"><span class='ocrx_word' id='word_1_435' title='bbox 1986 1434 2093 1489; x_wconf 85' lang='lat' dir='ltr'><strong>que</strong></span> <span class='ocrx_word' id='word_1_436' title='bbox 2142 1418 2248 1474; x_wconf 86' lang='lat' dir='ltr'><strong>sibi</strong></span> <span class='ocrx_word' id='word_1_437' title='bbox 2302 1417 2599 1489; x_wconf 83' lang='lat' dir='ltr'><strong>persuadet</strong></span> <span class='ocrx_word' id='word_1_438' title='bbox 2652 1418 2791 1473; x_wconf 89' lang='lat' dir='ltr'><strong>lucri</strong></span> <span class='ocrx_word' id='word_1_439' title='bbox 2843 1418 3030 1475; x_wconf 87' lang='lat' dir='ltr'><strong>studio</strong></span> <span class='ocrx_word' id='word_1_440' title='bbox 3081 1417 3472 1489; x_wconf 63' lang='lat' dir='ltr'><strong>praestabilius,</strong></span> <span class='ocrx_word' id='word_1_441' title='bbox 3507 1423 3576 1471; x_wconf 65' lang='lat' dir='ltr'><strong>et!</strong></span> 
     </span>
    </p>
   </div>
   <div class='ocr_carea' id='block_1_61' title="bbox 1985 1509 3577 1581">
    <p class='ocr_par' dir='ltr' id='par_1_61' title="bbox 1985 1509 3577 1581">
     <span class='ocr_line' id='line_1_61' title="bbox 1985 1509 3577 1581; baseline -0.001 -16"><span class='ocrx_word' id='word_1_442' title='bbox 1985 1509 2134 1581; x_wconf 89' lang='lat' dir='ltr'><strong>quod</strong></span> <span class='ocrx_word' id='word_1_443' title='bbox 2194 1509 2418 1572; x_wconf 87' lang='lat' dir='ltr'><strong>mirere.</strong></span> <span class='ocrx_word' id='word_1_444' title='bbox 2458 1509 2605 1564; x_wconf 76' lang='lat' dir='ltr'><strong>nihil</strong></span> <span class='ocrx_word' id='word_1_445' title='bbox 2642 1509 2901 1568; x_wconf 87' lang='lat' dir='ltr'><strong>utilitatis</strong></span> <span class='ocrx_word' id='word_1_446' title='bbox 2950 1525 3076 1565; x_wconf 90' lang='lat' dir='ltr'><strong>eum</strong></span> <span class='ocrx_word' id='word_1_447' title='bbox 3116 1527 3193 1566; x_wconf 64' lang='lat' dir='ltr'><strong>es.</strong></span> <span class='ocrx_word' id='word_1_448' title='bbox 3212 1509 3429 1580; x_wconf 84' lang='lat' dir='ltr'><strong>eulogia</strong></span> <span class='ocrx_word' id='word_1_449' title='bbox 3468 1523 3577 1564; x_wconf 91' lang='lat' dir='ltr'><strong>ce-—</strong></span> 
     </span>
    </p>
   </div>
   <div class='ocr_carea' id='block_1_62' title="bbox 1984 1601 3579 1675">
    <p class='ocr_par' dir='ltr' id='par_1_62' title="bbox 1984 1601 3579 1675">
     <span class='ocr_line' id='line_1_62' title="bbox 1984 1601 3579 1675; baseline -0.001 -18"><span class='ocrx_word' id='word_1_450' title='bbox 1984 1604 2134 1675; x_wconf 79' lang='lat' dir='ltr'><strong>pisse</strong></span> <span class='ocrx_word' id='word_1_451' title='bbox 2158 1603 2591 1673; x_wconf 86' lang='lat' dir='ltr'><strong>comperieums,</strong></span> <span class='ocrx_word' id='word_1_452' title='bbox 2606 1617 2719 1673; x_wconf 72' lang='lat' dir='ltr'><strong>pm</strong></span> <span class='ocrx_word' id='word_1_453' title='bbox 2740 1602 3286 1659; x_wconf 73' lang='lat' dir='ltr'><strong>effrenato-nimirum</strong></span> <span class='ocrx_word' id='word_1_454' title='bbox 3317 1601 3579 1673; x_wconf 71' lang='lat' dir='ltr'><strong>pecunia:-</strong></span> 
     </span>
    </p>
   </div>
   <div class='ocr_carea' id='block_1_63' title="bbox 1985 1693 3569 1765">
    <p class='ocr_par' dir='ltr' id='par_1_63' title="bbox 1985 1693 3569 1765">
     <span class='ocr_line' id='line_1_63' title="bbox 1985 1693 3569 1765; baseline -0.001 -16"><span class='ocrx_word' id='word_1_455' title='bbox 1985 1694 2192 1750; x_wconf 88' lang='lat' dir='ltr'><strong>studio.</strong></span> <span class='ocrx_word' id='word_1_456' title='bbox 2219 1693 2439 1764; x_wconf 83' lang='lat' dir='ltr'><strong>Quippe</strong></span> <span class='ocrx_word' id='word_1_457' title='bbox 2470 1708 2596 1748; x_wconf 89' lang='lat' dir='ltr'><strong>cum</strong></span> <span class='ocrx_word' id='word_1_458' title='bbox 2639 1693 2833 1749; x_wconf 89' lang='lat' dir='ltr'><strong>morbo</strong></span> <span class='ocrx_word' id='word_1_459' title='bbox 2868 1693 2961 1749; x_wconf 90' lang='lat' dir='ltr'><strong>illo</strong></span> <span class='ocrx_word' id='word_1_460' title='bbox 2990 1694 3146 1765; x_wconf 84' lang='lat' dir='ltr'><strong>prius</strong></span> <span class='ocrx_word' id='word_1_461' title='bbox 3180 1701 3485 1759; x_wconf 78' lang='lat' dir='ltr'><strong>teneretur,</strong></span> <span class='ocrx_word' id='word_1_462' title='bbox 3510 1699 3569 1748; x_wconf 77' lang='lat' dir='ltr'><strong>et</strong></span> 
     </span>
    </p>
   </div>
   <div class='ocr_carea' id='block_1_64' title="bbox 1987 1784 3565 1858">
    <p class='ocr_par' dir='ltr' id='par_1_64' title="bbox 1987 1784 3565 1858">
     <span class='ocr_line' id='line_1_64' title="bbox 1987 1784 3565 1858; baseline -0.001 -17"><span class='ocrx_word' id='word_1_463' title='bbox 1987 1786 2199 1858; x_wconf 85' lang='lat' dir='ltr'><strong>peccati</strong></span> <span class='ocrx_word' id='word_1_464' title='bbox 2259 1793 2471 1857; x_wconf 86' lang='lat' dir='ltr'><strong>patrem</strong></span> <span class='ocrx_word' id='word_1_465' title='bbox 2510 1785 2565 1841; x_wconf 88' lang='lat' dir='ltr'><strong>in</strong></span> <span class='ocrx_word' id='word_1_466' title='bbox 2612 1787 2799 1857; x_wconf 84' lang='lat' dir='ltr'><strong>seipse</strong></span> <span class='ocrx_word' id='word_1_467' title='bbox 2856 1792 3031 1840; x_wconf 90' lang='lat' dir='ltr'><strong>totum</strong></span> <span class='ocrx_word' id='word_1_468' title='bbox 3072 1784 3426 1856; x_wconf 70' lang='lat' dir='ltr'><strong>exprimeret,</strong></span> <span class='ocrx_word' id='word_1_469' title='bbox 3452 1798 3565 1856; x_wconf 79' lang='lat' dir='ltr'><strong>quo</strong></span> 
     </span>
    </p>
   </div>
   <div class='ocr_carea' id='block_1_65' title="bbox 1986 1872 3563 1948">
    <p class='ocr_par' dir='ltr' id='par_1_65' title="bbox 1986 1872 3563 1948">
     <span class='ocr_line' id='line_1_65' title="bbox 1986 1872 3563 1948; baseline -0.001 -17"><span class='ocrx_word' id='word_1_470' title='bbox 1986 1889 2232 1948; x_wconf 67' lang='lat' dir='ltr'><strong>praeceps</strong></span> <span class='ocrx_word' id='word_1_471' title='bbox 2248 1884 2374 1930; x_wconf 89' lang='lat' dir='ltr'><strong>ruat</strong></span> <span class='ocrx_word' id='word_1_472' title='bbox 2395 1890 2466 1930; x_wconf 92' lang='lat' dir='ltr'><strong>ne</strong></span> <span class='ocrx_word' id='word_1_473' title='bbox 2490 1875 2604 1942; x_wconf 87' lang='lat' dir='ltr'><strong>jam</strong></span> <span class='ocrx_word' id='word_1_474' title='bbox 2631 1874 2851 1945; x_wconf 89' lang='lat' dir='ltr'><strong>quidem</strong></span> <span class='ocrx_word' id='word_1_475' title='bbox 2879 1875 3050 1930; x_wconf 88' lang='lat' dir='ltr'><strong>miser</strong></span> <span class='ocrx_word' id='word_1_476' title='bbox 3071 1874 3319 1945; x_wconf 86' lang='lat' dir='ltr'><strong>dispicit.</strong></span> <span class='ocrx_word' id='word_1_477' title='bbox 3335 1872 3563 1930; x_wconf 77' lang='lat' dir='ltr'><strong>Noctem</strong></span> 
     </span>
    </p>
   </div>
   <div class='ocr_carea' id='block_1_66' title="bbox 1986 1967 3565 2042">
    <p class='ocr_par' dir='ltr' id='par_1_66' title="bbox 1986 1967 3565 2042">
     <span class='ocr_line' id='line_1_66' title="bbox 1986 1967 3565 2042; baseline -0.001 -20"><span class='ocrx_word' id='word_1_478' title='bbox 1986 1969 2191 2042; x_wconf 86' lang='lat' dir='ltr'><strong>quippe</strong></span> <span class='ocrx_word' id='word_1_479' title='bbox 2220 1968 2389 2024; x_wconf 86' lang='lat' dir='ltr'><strong>veluti</strong></span> <span class='ocrx_word' id='word_1_480' title='bbox 2422 1967 2720 2039; x_wconf 88' lang='lat' dir='ltr'><strong>quamdam</strong></span> <span class='ocrx_word' id='word_1_481' title='bbox 2752 1977 2806 2023; x_wconf 91' lang='lat' dir='ltr'><strong>et</strong></span> <span class='ocrx_word' id='word_1_482' title='bbox 2839 1967 3134 2039; x_wconf 84' lang='lat' dir='ltr'><strong>impiarum</strong></span> <span class='ocrx_word' id='word_1_483' title='bbox 3168 1968 3565 2039; x_wconf 73' lang='lat' dir='ltr'><strong>cogitationum</strong></span> 
     </span>
    </p>
   </div>
   <div class='ocr_carea' id='block_1_67' title="bbox 1989 2057 3566 2133">
    <p class='ocr_par' dir='ltr' id='par_1_67' title="bbox 1989 2057 3566 2133">
     <span class='ocr_line' id='line_1_67' title="bbox 1989 2057 3566 2133; baseline -0.001 -18"><span class='ocrx_word' id='word_1_484' title='bbox 1989 2062 2097 2117; x_wconf 89' lang='lat' dir='ltr'><strong>vim</strong></span> <span class='ocrx_word' id='word_1_485' title='bbox 2129 2069 2245 2116; x_wconf 87' lang='lat' dir='ltr'><strong>toto</strong></span> <span class='ocrx_word' id='word_1_486' title='bbox 2280 2068 2498 2133; x_wconf 88' lang='lat' dir='ltr'><strong>pectore</strong></span> <span class='ocrx_word' id='word_1_487' title='bbox 2540 2061 2852 2132; x_wconf 88' lang='lat' dir='ltr'><strong>suscipiens</strong></span> <span class='ocrx_word' id='word_1_488' title='bbox 2894 2061 2950 2115; x_wconf 88' lang='lat' dir='ltr'><strong>in</strong></span> <span class='ocrx_word' id='word_1_489' title='bbox 2990 2057 3326 2131; x_wconf 88' lang='lat' dir='ltr'><strong>profundum</strong></span> <span class='ocrx_word' id='word_1_490' title='bbox 3364 2058 3566 2116; x_wconf 89' lang='lat' dir='ltr'><strong>inferni</strong></span> 
     </span>
    </p>
   </div>
   <div class='ocr_carea' id='block_1_68' title="bbox 1988 2149 3569 2224">
    <p class='ocr_par' dir='ltr' id='par_1_68' title="bbox 1988 2149 3569 2224">
     <span class='ocr_line' id='line_1_68' title="bbox 1988 2149 3569 2224; baseline 0.001 -19"><span class='ocrx_word' id='word_1_491' title='bbox 1988 2150 2123 2218; x_wconf 87' lang='lat' dir='ltr'><strong>ruit,</strong></span> <span class='ocrx_word' id='word_1_492' title='bbox 2151 2159 2226 2216; x_wconf 92' lang='lat' dir='ltr'><strong>et,</strong></span> <span class='ocrx_word' id='word_1_493' title='bbox 2264 2159 2323 2206; x_wconf 92' lang='lat' dir='ltr'><strong>ut</strong></span> <span class='ocrx_word' id='word_1_494' title='bbox 2347 2150 2400 2205; x_wconf 92' lang='lat' dir='ltr'><strong>in</strong></span> <span class='ocrx_word' id='word_1_495' title='bbox 2424 2149 2741 2207; x_wconf 72' lang='lat' dir='ltr'><strong>Broverbiis</strong></span> <span class='ocrx_word' id='word_1_496' title='bbox 2769 2151 3039 2222; x_wconf 89' lang='lat' dir='ltr'><strong>scriptum</strong></span> <span class='ocrx_word' id='word_1_497' title='bbox 3066 2160 3155 2208; x_wconf 92' lang='lat' dir='ltr'><strong>est</strong></span> <span class='ocrx_word' id='word_1_498' title='bbox 3177 2152 3247 2220; x_wconf 85' lang='lat'><strong>”,</strong></span> <span class='ocrx_word' id='word_1_499' title='bbox 3272 2151 3430 2224; x_wconf 86' lang='lat' dir='ltr'><strong>quasi</strong></span> <span class='ocrx_word' id='word_1_500' title='bbox 3454 2166 3569 2207; x_wconf 84' lang='lat' dir='ltr'><strong>cer-</strong></span> 
     </span>
    </p>
   </div>
   <div class='ocr_carea' id='block_1_69' title="bbox 1987 2241 3570 2314">
    <p class='ocr_par' dir='ltr' id='par_1_69' title="bbox 1987 2241 3570 2314">
     <span class='ocr_line' id='line_1_69' title="bbox 1987 2241 3570 2314; baseline 0.002 -21"><span class='ocrx_word' id='word_1_501' title='bbox 1987 2257 2093 2298; x_wconf 84' lang='lat' dir='ltr'><strong>vus</strong></span> <span class='ocrx_word' id='word_1_502' title='bbox 2121 2248 2404 2313; x_wconf 88' lang='lat' dir='ltr'><strong>properat,</strong></span> <span class='ocrx_word' id='word_1_503' title='bbox 2430 2243 2633 2313; x_wconf 81' lang='lat' dir='ltr'><strong>sagitta</strong></span> <span class='ocrx_word' id='word_1_504' title='bbox 2654 2241 2978 2299; x_wconf 83' lang='lat' dir='ltr'><strong>vulneratus</strong></span> <span class='ocrx_word' id='word_1_505' title='bbox 3005 2242 3060 2297; x_wconf 92' lang='lat' dir='ltr'><strong>in</strong></span> <span class='ocrx_word' id='word_1_506' title='bbox 3088 2241 3300 2314; x_wconf 87' lang='lat' dir='ltr'><strong>jecore,</strong></span> <span class='ocrx_word' id='word_1_507' title='bbox 3332 2249 3428 2297; x_wconf 89' lang='lat' dir='ltr'><strong>aut</strong></span> <span class='ocrx_word' id='word_1_508' title='bbox 3448 2250 3570 2297; x_wconf 88' lang='lat' dir='ltr'><strong>tan-</strong></span> 
     </span>
    </p>
   </div>
   <div class='ocr_carea' id='block_1_70' title="bbox 1988 2332 3569 2407">
    <p class='ocr_par' dir='ltr' id='par_1_70' title="bbox 1988 2332 3569 2407">
     <span class='ocr_line' id='line_1_70' title="bbox 1988 2332 3569 2407; baseline 0.001 -20"><span class='ocrx_word' id='word_1_509' title='bbox 1988 2347 2158 2403; x_wconf 89' lang='lat' dir='ltr'><strong>quam</strong></span> <span class='ocrx_word' id='word_1_510' title='bbox 2193 2332 2352 2389; x_wconf 90' lang='lat' dir='ltr'><strong>canis</strong></span> <span class='ocrx_word' id='word_1_511' title='bbox 2394 2333 2463 2387; x_wconf 88' lang='lat' dir='ltr'><strong>ad</strong></span> <span class='ocrx_word' id='word_1_512' title='bbox 2495 2332 2737 2399; x_wconf 88' lang='lat' dir='ltr'><strong>vincula,</strong></span> <span class='ocrx_word' id='word_1_513' title='bbox 2776 2334 3035 2391; x_wconf 88' lang='lat' dir='ltr'><strong>nesciens</strong></span> <span class='ocrx_word' id='word_1_514' title='bbox 3074 2335 3202 2407; x_wconf 87' lang='lat' dir='ltr'><strong>quia</strong></span> <span class='ocrx_word' id='word_1_515' title='bbox 3240 2349 3342 2405; x_wconf 87' lang='lat' dir='ltr'><strong>pro</strong></span> <span class='ocrx_word' id='word_1_516' title='bbox 3386 2334 3569 2389; x_wconf 86' lang='lat' dir='ltr'><strong>anima</strong></span> 
     </span>
    </p>
   </div>
   <div class='ocr_carea' id='block_1_71' title="bbox 1989 2422 3570 2493">
    <p class='ocr_par' dir='ltr' id='par_1_71' title="bbox 1989 2422 3570 2493">
     <span class='ocr_line' id='line_1_71' title="bbox 1989 2422 3570 2493; baseline 0.001 -15"><span class='ocrx_word' id='word_1_517' title='bbox 1989 2423 2186 2478; x_wconf 90' lang='lat' dir='ltr'><strong>currit.</strong></span> <span class='ocrx_word' id='word_1_518' title='bbox 2233 2422 2422 2493; x_wconf 80' lang='lat' dir='ltr'><strong>Neque</strong></span> <span class='ocrx_word' id='word_1_519' title='bbox 2480 2438 2610 2478; x_wconf 87' lang='lat' dir='ltr'><strong>vero</strong></span> <span class='ocrx_word' id='word_1_520' title='bbox 2667 2422 2873 2480; x_wconf 82' lang='lat' dir='ltr'><strong>frustra</strong></span> <span class='ocrx_word' id='word_1_521' title='bbox 2925 2425 3061 2480; x_wconf 90' lang='lat' dir='ltr'><strong>mihi</strong></span> <span class='ocrx_word' id='word_1_522' title='bbox 3100 2425 3322 2482; x_wconf 79' lang='lat' dir='ltr'><strong>dixisse</strong></span> <span class='ocrx_word' id='word_1_523' title='bbox 3352 2424 3570 2481; x_wconf 86' lang='lat' dir='ltr'><strong>videtur</strong></span> 
     </span>
    </p>
   </div>
   <div class='ocr_carea' id='block_1_72' title="bbox 1989 2515 3573 2587">
    <p class='ocr_par' dir='ltr' id='par_1_72' title="bbox 1989 2515 3573 2587">
     <span class='ocr_line' id='line_1_72' title="bbox 1989 2515 3573 2587; baseline 0.002 -16"><span class='ocrx_word' id='word_1_524' title='bbox 1989 2515 2351 2587; x_wconf 74' lang='lat' dir='ltr'><strong>evangelista,</strong></span> <span class='ocrx_word' id='word_1_525' title='bbox 2373 2534 2392 2567; x_wconf 79' lang='grc' dir='ltr'><strong>ι</strong></span> <span class='ocrx_word' id='word_1_526' title='bbox 2428 2515 2566 2570; x_wconf 87' lang='lat' dir='ltr'><strong>Cum</strong></span> <span class='ocrx_word' id='word_1_527' title='bbox 2586 2516 2892 2585; x_wconf 84' lang='lat' dir='ltr'><strong>accepisset</strong></span> <span class='ocrx_word' id='word_1_528' title='bbox 2909 2516 3421 2584; x_wconf 76' lang='lat' dir='ltr'><strong>buecellam,exivit</strong></span> <span class='ocrx_word' id='word_1_529' title='bbox 3441 2532 3573 2574; x_wconf 89' lang='lat' dir='ltr'><strong>con-</strong></span> 
     </span>
    </p>
   </div>
   <div class='ocr_carea' id='block_1_73' title="bbox 1990 2604 3573 2680">
    <p class='ocr_par' dir='ltr' id='par_1_73' title="bbox 1990 2604 3573 2680">
     <span class='ocr_line' id='line_1_73' title="bbox 1990 2604 3573 2680; baseline 0.005 -21"><span class='ocrx_word' id='word_1_530' title='bbox 1990 2606 2165 2661; x_wconf 90' lang='lat' dir='ltr'><strong>tinuo.</strong></span> <span class='ocrx_word' id='word_1_531' title='bbox 2204 2626 2224 2659; x_wconf 75' lang='grc' dir='ltr'><strong>ι</strong></span> <span class='ocrx_word' id='word_1_532' title='bbox 2276 2604 2430 2664; x_wconf 86' lang='lat' dir='ltr'><strong>Solet</strong></span> <span class='ocrx_word' id='word_1_533' title='bbox 2460 2607 2607 2664; x_wconf 89' lang='lat' dir='ltr'><strong>enim</strong></span> <span class='ocrx_word' id='word_1_534' title='bbox 2652 2607 2886 2664; x_wconf 87' lang='lat' dir='ltr'><strong>Satanas</strong></span> <span class='ocrx_word' id='word_1_535' title='bbox 2930 2623 3030 2666; x_wconf 87' lang='lat' dir='ltr'><strong>eos</strong></span> <span class='ocrx_word' id='word_1_536' title='bbox 3078 2624 3222 2680; x_wconf 85' lang='lat' dir='ltr'><strong>quos</strong></span> <span class='ocrx_word' id='word_1_537' title='bbox 3275 2610 3447 2665; x_wconf 89' lang='lat' dir='ltr'><strong>semel</strong></span> <span class='ocrx_word' id='word_1_538' title='bbox 3480 2625 3573 2667; x_wconf 89' lang='lat' dir='ltr'><strong>ce-</strong></span> 
     </span>
    </p>
   </div>
   <div class='ocr_carea' id='block_1_74' title="bbox 1990 2698 3575 2773">
    <p class='ocr_par' dir='ltr' id='par_1_74' title="bbox 1990 2698 3575 2773">
     <span class='ocr_line' id='line_1_74' title="bbox 1990 2698 3575 2773; baseline 0.003 -20"><span class='ocrx_word' id='word_1_539' title='bbox 1990 2698 2159 2768; x_wconf 89' lang='lat' dir='ltr'><strong>perit,</strong></span> <span class='ocrx_word' id='word_1_540' title='bbox 2187 2698 2408 2771; x_wconf 88' lang='lat' dir='ltr'><strong>sibique</strong></span> <span class='ocrx_word' id='word_1_541' title='bbox 2446 2699 2721 2757; x_wconf 76' lang='lat' dir='ltr'><strong>obnoxios</strong></span> <span class='ocrx_word' id='word_1_542' title='bbox 2774 2699 2989 2766; x_wconf 80' lang='lat' dir='ltr'><strong>fecerit,</strong></span> <span class='ocrx_word' id='word_1_543' title='bbox 3017 2702 3206 2757; x_wconf 91' lang='lat' dir='ltr'><strong>acrius</strong></span> <span class='ocrx_word' id='word_1_544' title='bbox 3254 2716 3473 2773; x_wconf 87' lang='lat' dir='ltr'><strong>urgere,</strong></span> <span class='ocrx_word' id='word_1_545' title='bbox 3513 2712 3575 2757; x_wconf 93' lang='lat' dir='ltr'><strong>ut</strong></span> 
     </span>
    </p>
   </div>
   <div class='ocr_carea' id='block_1_75' title="bbox 1990 2788 3574 2862">
    <p class='ocr_par' dir='ltr' id='par_1_75' title="bbox 1990 2788 3574 2862">
     <span class='ocr_line' id='line_1_75' title="bbox 1990 2788 3574 2862; baseline 0.003 -20"><span class='ocrx_word' id='word_1_546' title='bbox 1990 2788 2264 2845; x_wconf 87' lang='lat' dir='ltr'><strong>continuo</strong></span> <span class='ocrx_word' id='word_1_547' title='bbox 2298 2789 2444 2844; x_wconf 88' lang='lat' dir='ltr'><strong>mala</strong></span> <span class='ocrx_word' id='word_1_548' title='bbox 2473 2800 2757 2861; x_wconf 73' lang='lat' dir='ltr'><strong>peragant,</strong></span> <span class='ocrx_word' id='word_1_549' title='bbox 2792 2801 2849 2847; x_wconf 92' lang='lat' dir='ltr'><strong>et</strong></span> <span class='ocrx_word' id='word_1_550' title='bbox 2876 2798 2937 2846; x_wconf 92' lang='lat' dir='ltr'><strong>ut</strong></span> <span class='ocrx_word' id='word_1_551' title='bbox 2968 2791 3090 2847; x_wconf 87' lang='lat' dir='ltr'><strong>sine</strong></span> <span class='ocrx_word' id='word_1_552' title='bbox 3122 2804 3276 2845; x_wconf 83' lang='lat' dir='ltr'><strong>mora</strong></span> <span class='ocrx_word' id='word_1_553' title='bbox 3304 2790 3574 2862; x_wconf 85' lang='lat' dir='ltr'><strong>imperata</strong></span> 
     </span>
    </p>
   </div>
   <div class='ocr_carea' id='block_1_76' title="bbox 1993 2878 3573 2953">
    <p class='ocr_par' dir='ltr' id='par_1_76' title="bbox 1993 2878 3573 2953">
     <span class='ocr_line' id='line_1_76' title="bbox 1993 2878 3573 2953; baseline 0.001 -19"><span class='ocrx_word' id='word_1_554' title='bbox 1993 2878 2200 2935; x_wconf 87' lang='lat' dir='ltr'><strong>faciant</strong></span> <span class='ocrx_word' id='word_1_555' title='bbox 2250 2895 2452 2953; x_wconf 88' lang='lat' dir='ltr'><strong>cogere</strong></span> <span class='ocrx_word' id='word_1_556' title='bbox 2478 2880 2563 2937; x_wconf 86' lang='lat' dir='ltr'><strong>vel</strong></span> <span class='ocrx_word' id='word_1_557' title='bbox 2608 2881 2884 2937; x_wconf 89' lang='lat' dir='ltr'><strong>nolentes.</strong></span> <span class='ocrx_word' id='word_1_558' title='bbox 2912 2880 3091 2938; x_wconf 88' lang='lat' dir='ltr'><strong>Timet</strong></span> <span class='ocrx_word' id='word_1_559' title='bbox 3121 2896 3316 2952; x_wconf 87' lang='lat' dir='ltr'><strong>nempe</strong></span> <span class='ocrx_word' id='word_1_560' title='bbox 3362 2880 3573 2944; x_wconf 87' lang='lat' dir='ltr'><strong>forsan.</strong></span> 
     </span>
    </p>
   </div>
   <div class='ocr_carea' id='block_1_77' title="bbox 1993 2969 3577 3043">
    <p class='ocr_par' dir='ltr' id='par_1_77' title="bbox 1993 2969 3577 3043">
     <span class='ocr_line' id='line_1_77' title="bbox 1993 2969 3577 3043; baseline 0.002 -19"><span class='ocrx_word' id='word_1_561' title='bbox 1993 2985 2100 3041; x_wconf 91' lang='lat' dir='ltr'><strong>qua</strong></span> <span class='ocrx_word' id='word_1_562' title='bbox 2155 2978 2241 3028; x_wconf 89' lang='lat' dir='ltr'><strong>est</strong></span> <span class='ocrx_word' id='word_1_563' title='bbox 2281 2970 2351 3027; x_wconf 90' lang='lat' dir='ltr'><strong>ad</strong></span> <span class='ocrx_word' id='word_1_564' title='bbox 2390 2969 2721 3026; x_wconf 81' lang='lat' dir='ltr'><strong>maleficium</strong></span> <span class='ocrx_word' id='word_1_565' title='bbox 2771 2971 3145 3043; x_wconf 85' lang='lat' dir='ltr'><strong>peragendum</strong></span> <span class='ocrx_word' id='word_1_566' title='bbox 3196 2972 3401 3027; x_wconf 87' lang='lat' dir='ltr'><strong>mentis</strong></span> <span class='ocrx_word' id='word_1_567' title='bbox 3430 2972 3577 3027; x_wconf 86' lang='lat' dir='ltr'><strong>acri-</strong></span> 
     </span>
    </p>
   </div>
   <div class='ocr_carea' id='block_1_78' title="bbox 1992 3059 3576 3133">
    <p class='ocr_par' dir='ltr' id='par_1_78' title="bbox 1992 3059 3576 3133">
     <span class='ocr_line' id='line_1_78' title="bbox 1992 3059 3576 3133; baseline 0.001 -18"><span class='ocrx_word' id='word_1_568' title='bbox 1992 3059 2199 3128; x_wconf 88' lang='lat' dir='ltr'><strong>monia,</strong></span> <span class='ocrx_word' id='word_1_569' title='bbox 2235 3075 2308 3117; x_wconf 90' lang='lat' dir='ltr'><strong>ne</strong></span> <span class='ocrx_word' id='word_1_570' title='bbox 2332 3059 2461 3116; x_wconf 91' lang='lat' dir='ltr'><strong>dum</strong></span> <span class='ocrx_word' id='word_1_571' title='bbox 2492 3067 2813 3126; x_wconf 87' lang='lat' dir='ltr'><strong>cunctatur,</strong></span> <span class='ocrx_word' id='word_1_572' title='bbox 2835 3061 3113 3118; x_wconf 88' lang='lat' dir='ltr'><strong>subeunte</strong></span> <span class='ocrx_word' id='word_1_573' title='bbox 3132 3061 3481 3133; x_wconf 65' lang='lat' dir='ltr'><strong>paenitentia,</strong></span> <span class='ocrx_word' id='word_1_574' title='bbox 3508 3063 3576 3117; x_wconf 82' lang='lat' dir='ltr'><strong>ad</strong></span> 
     </span>
    </p>
   </div>
   <div class='ocr_carea' id='block_1_79' title="bbox 1991 3150 3579 3224">
    <p class='ocr_par' dir='ltr' id='par_1_79' title="bbox 1991 3150 3579 3224">
     <span class='ocr_line' id='line_1_79' title="bbox 1991 3150 3579 3224; baseline 0.002 -18"><span class='ocrx_word' id='word_1_575' title='bbox 1991 3152 2271 3208; x_wconf 90' lang='lat' dir='ltr'><strong>meliorem</strong></span> <span class='ocrx_word' id='word_1_576' title='bbox 2330 3150 2545 3224; x_wconf 88' lang='lat' dir='ltr'><strong>frugem</strong></span> <span class='ocrx_word' id='word_1_577' title='bbox 2585 3153 2751 3209; x_wconf 90' lang='lat' dir='ltr'><strong>homo</strong></span> <span class='ocrx_word' id='word_1_578' title='bbox 2799 3168 2861 3209; x_wconf 91' lang='lat' dir='ltr'><strong>se</strong></span> <span class='ocrx_word' id='word_1_579' title='bbox 2894 3152 3146 3223; x_wconf 83' lang='lat' dir='ltr'><strong>recipiat.</strong></span> <span class='ocrx_word' id='word_1_580' title='bbox 3170 3159 3225 3209; x_wconf 90' lang='lat' dir='ltr'><strong>et</strong></span> <span class='ocrx_word' id='word_1_581' title='bbox 3276 3168 3345 3210; x_wconf 82' lang='lat' dir='ltr'><strong>ex</strong></span> <span class='ocrx_word' id='word_1_582' title='bbox 3392 3153 3579 3209; x_wconf 87' lang='lat' dir='ltr'><strong>animo</strong></span> 
     </span>
    </p>
   </div>
   <div class='ocr_carea' id='block_1_80' title="bbox 1989 3244 3579 3317">
    <p class='ocr_par' dir='ltr' id='par_1_80' title="bbox 1989 3244 3579 3317">
     <span class='ocr_line' id='line_1_80' title="bbox 1989 3244 3579 3317; baseline 0.003 -20"><span class='ocrx_word' id='word_1_583' title='bbox 1989 3244 2324 3314; x_wconf 84' lang='lat' dir='ltr'><strong>voluptatem</strong></span> <span class='ocrx_word' id='word_1_584' title='bbox 2356 3259 2480 3315; x_wconf 70' lang='lat' dir='ltr'><strong>quae</strong></span> <span class='ocrx_word' id='word_1_585' title='bbox 2521 3244 2588 3299; x_wconf 87' lang='lat' dir='ltr'><strong>ad</strong></span> <span class='ocrx_word' id='word_1_586' title='bbox 2629 3255 2919 3314; x_wconf 86' lang='lat' dir='ltr'><strong>peccatum</strong></span> <span class='ocrx_word' id='word_1_587' title='bbox 2969 3244 3205 3317; x_wconf 89' lang='lat' dir='ltr'><strong>impellit</strong></span> <span class='ocrx_word' id='word_1_588' title='bbox 3233 3261 3335 3301; x_wconf 91' lang='lat' dir='ltr'><strong>ceu</strong></span> <span class='ocrx_word' id='word_1_589' title='bbox 3378 3261 3579 3317; x_wconf 88' lang='lat' dir='ltr'><strong>crapu-</strong></span> 
     </span>
    </p>
   </div>
   <div class='ocr_carea' id='block_1_81' title="bbox 1991 3334 3577 3410">
    <p class='ocr_par' dir='ltr' id='par_1_81' title="bbox 1991 3334 3577 3410">
     <span class='ocr_line' id='line_1_81' title="bbox 1991 3334 3577 3410; baseline 0.003 -21"><span class='ocrx_word' id='word_1_590' title='bbox 1991 3335 2098 3389; x_wconf 91' lang='lat' dir='ltr'><strong>lam</strong></span> <span class='ocrx_word' id='word_1_591' title='bbox 2131 3334 2393 3404; x_wconf 86' lang='lat' dir='ltr'><strong>deponat,</strong></span> <span class='ocrx_word' id='word_1_592' title='bbox 2418 3344 2474 3391; x_wconf 91' lang='lat' dir='ltr'><strong>et</strong></span> <span class='ocrx_word' id='word_1_593' title='bbox 2499 3350 2567 3391; x_wconf 82' lang='lat' dir='ltr'><strong>ex</strong></span> <span class='ocrx_word' id='word_1_594' title='bbox 2599 3335 2724 3406; x_wconf 82' lang='lat' dir='ltr'><strong>ejus</strong></span> <span class='ocrx_word' id='word_1_595' title='bbox 2757 3336 2972 3407; x_wconf 86' lang='lat' dir='ltr'><strong>laqueis</strong></span> <span class='ocrx_word' id='word_1_596' title='bbox 3012 3352 3134 3394; x_wconf 88' lang='lat' dir='ltr'><strong>sese</strong></span> <span class='ocrx_word' id='word_1_597' title='bbox 3164 3337 3385 3394; x_wconf 87' lang='lat' dir='ltr'><strong>tandem</strong></span> <span class='ocrx_word' id='word_1_598' title='bbox 3411 3353 3577 3410; x_wconf 78' lang='lat' dir='ltr'><strong>expe-</strong></span> 
     </span>
    </p>
   </div>
   <div class='ocr_carea' id='block_1_82' title="bbox 1989 3423 3577 3500">
    <p class='ocr_par' dir='ltr' id='par_1_82' title="bbox 1989 3423 3577 3500">
     <span class='ocr_line' id='line_1_82' title="bbox 1989 3423 3577 3500; baseline 0.003 -20"><span class='ocrx_word' id='word_1_599' title='bbox 1989 3424 2127 3482; x_wconf 85' lang='lat' dir='ltr'><strong>diat.</strong></span> <span class='ocrx_word' id='word_1_600' title='bbox 2182 3423 2337 3481; x_wconf 88' lang='lat' dir='ltr'><strong>Hanc</strong></span> <span class='ocrx_word' id='word_1_601' title='bbox 2378 3427 2452 3483; x_wconf 92' lang='lat' dir='ltr'><strong>ob</strong></span> <span class='ocrx_word' id='word_1_602' title='bbox 2494 3441 2722 3483; x_wconf 84' lang='lat' dir='ltr'><strong>causam</strong></span> <span class='ocrx_word' id='word_1_603' title='bbox 2772 3428 2982 3484; x_wconf 88' lang='lat' dir='ltr'><strong>instare</strong></span> <span class='ocrx_word' id='word_1_604' title='bbox 3038 3430 3377 3500; x_wconf 87' lang='lat' dir='ltr'><strong>perditorem</strong></span> <span class='ocrx_word' id='word_1_605' title='bbox 3418 3429 3577 3484; x_wconf 88' lang='lat' dir='ltr'><strong>illum</strong></span> 
     </span>
    </p>
   </div>
   <div class='ocr_carea' id='block_1_83' title="bbox 1992 3514 3578 3592">
    <p class='ocr_par' dir='ltr' id='par_1_83' title="bbox 1992 3514 3578 3592">
     <span class='ocr_line' id='line_1_83' title="bbox 1992 3514 3578 3592; baseline 0.004 -22"><span class='ocrx_word' id='word_1_606' title='bbox 1992 3515 2109 3570; x_wconf 89' lang='lat' dir='ltr'><strong>suis</strong></span> <span class='ocrx_word' id='word_1_607' title='bbox 2142 3514 2383 3573; x_wconf 89' lang='lat' dir='ltr'><strong>subditis</strong></span> <span class='ocrx_word' id='word_1_608' title='bbox 2416 3516 2639 3589; x_wconf 90' lang='lat' dir='ltr'><strong>opinor,</strong></span> <span class='ocrx_word' id='word_1_609' title='bbox 2686 3533 2898 3590; x_wconf 89' lang='lat' dir='ltr'><strong>eosque</strong></span> <span class='ocrx_word' id='word_1_610' title='bbox 2944 3520 3012 3576; x_wconf 88' lang='lat' dir='ltr'><strong>ad</strong></span> <span class='ocrx_word' id='word_1_611' title='bbox 3069 3535 3211 3592; x_wconf 88' lang='lat' dir='ltr'><strong>opus</strong></span> <span class='ocrx_word' id='word_1_612' title='bbox 3260 3521 3445 3578; x_wconf 86' lang='lat' dir='ltr'><strong>acrius</strong></span> <span class='ocrx_word' id='word_1_613' title='bbox 3482 3537 3578 3577; x_wconf 94' lang='lat' dir='ltr'><strong>ur-</strong></span> 
     </span>
    </p>
   </div>
   <div class='ocr_carea' id='block_1_84' title="bbox 1992 3608 3578 3684">
    <p class='ocr_par' dir='ltr' id='par_1_84' title="bbox 1992 3608 3578 3684">
     <span class='ocr_line' id='line_1_84' title="bbox 1992 3608 3578 3684; baseline 0.004 -22"><span class='ocrx_word' id='word_1_614' title='bbox 1992 3623 2119 3680; x_wconf 83' lang='lat' dir='ltr'><strong>gere</strong></span> <span class='ocrx_word' id='word_1_615' title='bbox 2141 3608 2285 3679; x_wconf 89' lang='lat' dir='ltr'><strong>quod</strong></span> <span class='ocrx_word' id='word_1_616' title='bbox 2327 3609 2433 3667; x_wconf 90' lang='lat' dir='ltr'><strong>sibi</strong></span> <span class='ocrx_word' id='word_1_617' title='bbox 2483 3611 2775 3683; x_wconf 89' lang='lat' dir='ltr'><strong>placuerit.</strong></span> <span class='ocrx_word' id='word_1_618' title='bbox 2820 3611 2887 3666; x_wconf 88' lang='lat' dir='ltr'><strong>Et</strong></span> <span class='ocrx_word' id='word_1_619' title='bbox 2916 3614 3139 3684; x_wconf 89' lang='lat' dir='ltr'><strong>quidem</strong></span> <span class='ocrx_word' id='word_1_620' title='bbox 3170 3612 3370 3670; x_wconf 73' lang='lat' dir='ltr'><strong>Iudam</strong></span> <span class='ocrx_word' id='word_1_621' title='bbox 3414 3615 3578 3671; x_wconf 84' lang='lat' dir='ltr'><strong>simul</strong></span> 
     </span>
    </p>
   </div>
   <div class='ocr_carea' id='block_1_85' title="bbox 1994 3700 3579 3779">
    <p class='ocr_par' dir='ltr' id='par_1_85' title="bbox 1994 3700 3579 3779">
     <span class='ocr_line' id='line_1_85' title="bbox 1994 3700 3579 3779; baseline 0.003 -23"><span class='ocrx_word' id='word_1_622' title='bbox 1994 3716 2059 3757; x_wconf 89' lang='lat' dir='ltr'><strong>ac</strong></span> <span class='ocrx_word' id='word_1_623' title='bbox 2097 3700 2323 3757; x_wconf 74' lang='lat' dir='ltr'><strong>offulam</strong></span> <span class='ocrx_word' id='word_1_624' title='bbox 2357 3706 2692 3775; x_wconf 86' lang='lat' dir='ltr'><strong>sumpsisset</strong></span> <span class='ocrx_word' id='word_1_625' title='bbox 2745 3706 2894 3777; x_wconf 76' lang='lat' dir='ltr'><strong>cogit</strong></span> <span class='ocrx_word' id='word_1_626' title='bbox 2932 3707 3106 3771; x_wconf 87' lang='lat' dir='ltr'><strong>illico,</strong></span> <span class='ocrx_word' id='word_1_627' title='bbox 3148 3714 3208 3762; x_wconf 93' lang='lat' dir='ltr'><strong>ut</strong></span> <span class='ocrx_word' id='word_1_628' title='bbox 3234 3707 3328 3779; x_wconf 87' lang='lat' dir='ltr'><strong>qui</strong></span> <span class='ocrx_word' id='word_1_629' title='bbox 3374 3707 3489 3778; x_wconf 85' lang='lat' dir='ltr'><strong>jam</strong></span> <span class='ocrx_word' id='word_1_630' title='bbox 3523 3708 3579 3761; x_wconf 91' lang='lat' dir='ltr'><strong>in</strong></span> 
     </span>
    </p>
   </div>
   <div class='ocr_carea' id='block_1_86' title="bbox 1994 3793 3580 3869">
    <p class='ocr_par' dir='ltr' id='par_1_86' title="bbox 1994 3793 3580 3869">
     <span class='ocr_line' id='line_1_86' title="bbox 1994 3793 3580 3869; baseline 0.003 -19"><span class='ocrx_word' id='word_1_631' title='bbox 1994 3793 2260 3850; x_wconf 89' lang='lat' dir='ltr'><strong>ditionem</strong></span> <span class='ocrx_word' id='word_1_632' title='bbox 2291 3810 2448 3851; x_wconf 88' lang='lat' dir='ltr'><strong>suam</strong></span> <span class='ocrx_word' id='word_1_633' title='bbox 2480 3799 2799 3864; x_wconf 85' lang='lat' dir='ltr'><strong>transisset,</strong></span> <span class='ocrx_word' id='word_1_634' title='bbox 2826 3798 2894 3853; x_wconf 88' lang='lat' dir='ltr'><strong>ad</strong></span> <span class='ocrx_word' id='word_1_635' title='bbox 2944 3808 3055 3853; x_wconf 91' lang='lat' dir='ltr'><strong>tam</strong></span> <span class='ocrx_word' id='word_1_636' title='bbox 3097 3797 3326 3869; x_wconf 90' lang='lat' dir='ltr'><strong>impium</strong></span> <span class='ocrx_word' id='word_1_637' title='bbox 3362 3798 3580 3854; x_wconf 85' lang='lat' dir='ltr'><strong>facinus</strong></span> 
     </span>
    </p>
   </div>
   <div class='ocr_carea' id='block_1_87' title="bbox 1996 3889 3581 3962">
    <p class='ocr_par' dir='ltr' id='par_1_87' title="bbox 1996 3889 3581 3962">
     <span class='ocr_line' id='line_1_87' title="bbox 1996 3889 3581 3962; baseline 0.003 -18"><span class='ocrx_word' id='word_1_638' title='bbox 1996 3903 2056 3944; x_wconf 89' lang='lat' dir='ltr'><strong>se</strong></span> <span class='ocrx_word' id='word_1_639' title='bbox 2093 3889 2507 3958; x_wconf 88' lang='lat' dir='ltr'><strong>quamprimum</strong></span> <span class='ocrx_word' id='word_1_640' title='bbox 2564 3890 2880 3962; x_wconf 86' lang='lat' dir='ltr'><strong>accingere,</strong></span> <span class='ocrx_word' id='word_1_641' title='bbox 2926 3890 3163 3957; x_wconf 85' lang='lat' dir='ltr'><strong>veritus,</strong></span> <span class='ocrx_word' id='word_1_642' title='bbox 3209 3899 3269 3948; x_wconf 93' lang='lat' dir='ltr'><strong>ut</strong></span> <span class='ocrx_word' id='word_1_643' title='bbox 3312 3891 3581 3950; x_wconf 84' lang='lat' dir='ltr'><strong>credibile</strong></span> 
     </span>
    </p>
   </div>
   <div class='ocr_carea' id='block_1_88' title="bbox 1993 3979 3581 4056">
    <p class='ocr_par' dir='ltr' id='par_1_88' title="bbox 1993 3979 3581 4056">
     <span class='ocr_line' id='line_1_88' title="bbox 1993 3979 3581 4056; baseline 0.003 -22"><span class='ocrx_word' id='word_1_644' title='bbox 1993 3987 2101 4046; x_wconf 87' lang='lat' dir='ltr'><strong>est,</strong></span> <span class='ocrx_word' id='word_1_645' title='bbox 2134 3979 2300 4034; x_wconf 86' lang='lat' dir='ltr'><strong>simul</strong></span> <span class='ocrx_word' id='word_1_646' title='bbox 2334 3994 2460 4035; x_wconf 89' lang='lat' dir='ltr'><strong>cum</strong></span> <span class='ocrx_word' id='word_1_647' title='bbox 2490 3983 2821 4052; x_wconf 68' lang='lat' dir='ltr'><strong>paenitentia</strong></span> <span class='ocrx_word' id='word_1_648' title='bbox 2844 3982 2952 4036; x_wconf 87' lang='lat' dir='ltr'><strong>vim</strong></span> <span class='ocrx_word' id='word_1_649' title='bbox 2983 3997 3205 4055; x_wconf 87' lang='lat' dir='ltr'><strong>quoque</strong></span> <span class='ocrx_word' id='word_1_650' title='bbox 3230 3983 3485 4056; x_wconf 84' lang='lat' dir='ltr'><strong>eulogiae,</strong></span> <span class='ocrx_word' id='word_1_651' title='bbox 3511 4000 3581 4039; x_wconf 89' lang='lat' dir='ltr'><strong>ne</strong></span> 
     </span>
    </p>
   </div>
   <div class='ocr_carea' id='block_1_89' title="bbox 1998 4072 3581 4142">
    <p class='ocr_par' dir='ltr' id='par_1_89' title="bbox 1998 4072 3581 4142">
     <span class='ocr_line' id='line_1_89' title="bbox 1998 4072 3581 4142; baseline 0.001 -15"><span class='ocrx_word' id='word_1_652' title='bbox 1998 4073 2185 4142; x_wconf 87' lang='lat' dir='ltr'><strong>utique</strong></span> <span class='ocrx_word' id='word_1_653' title='bbox 2220 4072 2273 4125; x_wconf 89' lang='lat' dir='ltr'><strong>in</strong></span> <span class='ocrx_word' id='word_1_654' title='bbox 2314 4072 2465 4129; x_wconf 83' lang='lat' dir='ltr'><strong>illius</strong></span> <span class='ocrx_word' id='word_1_655' title='bbox 2513 4074 2755 4132; x_wconf 89' lang='lat' dir='ltr'><strong>hominis</strong></span> <span class='ocrx_word' id='word_1_656' title='bbox 2789 4075 2960 4130; x_wconf 85' lang='lat' dir='ltr'><strong>corde</strong></span> <span class='ocrx_word' id='word_1_657' title='bbox 3003 4076 3146 4132; x_wconf 89' lang='lat' dir='ltr'><strong>lucis</strong></span> <span class='ocrx_word' id='word_1_658' title='bbox 3202 4078 3377 4133; x_wconf 87' lang='lat' dir='ltr'><strong>instar</strong></span> <span class='ocrx_word' id='word_1_659' title='bbox 3421 4074 3581 4130; x_wconf 75' lang='lat' dir='ltr'><strong>afful-</strong></span> 
     </span>
    </p>
   </div>
   <div class='ocr_carea' id='block_1_90' title="bbox 1994 4162 3579 4236">
    <p class='ocr_par' dir='ltr' id='par_1_90' title="bbox 1994 4162 3579 4236">
     <span class='ocr_line' id='line_1_90' title="bbox 1994 4162 3579 4236; baseline 0.001 -19"><span class='ocrx_word' id='word_1_660' title='bbox 1994 4177 2132 4235; x_wconf 85' lang='lat' dir='ltr'><strong>gens</strong></span> <span class='ocrx_word' id='word_1_661' title='bbox 2178 4177 2304 4218; x_wconf 90' lang='lat' dir='ltr'><strong>eum</strong></span> <span class='ocrx_word' id='word_1_662' title='bbox 2357 4162 2426 4218; x_wconf 90' lang='lat' dir='ltr'><strong>ad</strong></span> <span class='ocrx_word' id='word_1_663' title='bbox 2486 4164 2627 4220; x_wconf 89' lang='lat' dir='ltr'><strong>bene</strong></span> <span class='ocrx_word' id='word_1_664' title='bbox 2696 4165 2895 4236; x_wconf 84' lang='lat' dir='ltr'><strong>agendi</strong></span> <span class='ocrx_word' id='word_1_665' title='bbox 2957 4165 3205 4221; x_wconf 87' lang='lat' dir='ltr'><strong>studium</strong></span> <span class='ocrx_word' id='word_1_666' title='bbox 3271 4176 3579 4227; x_wconf 78' lang='lat' dir='ltr'><strong>revocaret,</strong></span> 
     </span>
    </p>
   </div>
   <div class='ocr_carea' id='block_1_91' title="bbox 1995 4255 3580 4327">
    <p class='ocr_par' dir='ltr' id='par_1_91' title="bbox 1995 4255 3580 4327">
     <span class='ocr_line' id='line_1_91' title="bbox 1995 4255 3580 4327; baseline -0.003 -14"><span class='ocrx_word' id='word_1_667' title='bbox 1995 4256 2159 4327; x_wconf 88' lang='lat' dir='ltr'><strong>eique</strong></span> <span class='ocrx_word' id='word_1_668' title='bbox 2211 4256 2489 4312; x_wconf 87' lang='lat' dir='ltr'><strong>saniorem</strong></span> <span class='ocrx_word' id='word_1_669' title='bbox 2548 4264 2789 4311; x_wconf 88' lang='lat' dir='ltr'><strong>mentem</strong></span> <span class='ocrx_word' id='word_1_670' title='bbox 2854 4257 3094 4321; x_wconf 87' lang='lat' dir='ltr'><strong>iuderet,</strong></span> <span class='ocrx_word' id='word_1_671' title='bbox 3128 4255 3227 4326; x_wconf 87' lang='lat' dir='ltr'><strong>qui</strong></span> <span class='ocrx_word' id='word_1_672' title='bbox 3279 4255 3580 4311; x_wconf 82' lang='lat' dir='ltr'><strong>consilium</strong></span> 
     </span>
    </p>
   </div>
   <div class='ocr_carea' id='block_1_92' title="bbox 1994 4346 3580 4419">
    <p class='ocr_par' dir='ltr' id='par_1_92' title="bbox 1994 4346 3580 4419">
     <span class='ocr_line' id='line_1_92' title="bbox 1994 4346 3580 4419; baseline -0.002 -15"><span class='ocrx_word' id='word_1_673' title='bbox 1994 4349 2108 4418; x_wconf 87' lang='lat' dir='ltr'><strong>jam</strong></span> <span class='ocrx_word' id='word_1_674' title='bbox 2130 4356 2357 4419; x_wconf 87' lang='lat' dir='ltr'><strong>ceperat</strong></span> <span class='ocrx_word' id='word_1_675' title='bbox 2382 4348 2650 4416; x_wconf 89' lang='lat' dir='ltr'><strong>prodendi</strong></span> <span class='ocrx_word' id='word_1_676' title='bbox 2678 4346 3014 4404; x_wconf 79' lang='lat' dir='ltr'><strong>Servatoris.</strong></span> <span class='ocrx_word' id='word_1_677' title='bbox 3035 4348 3347 4403; x_wconf 63' lang='lat' dir='ltr'><strong>Damonem</strong></span> <span class='ocrx_word' id='word_1_678' title='bbox 3376 4346 3580 4418; x_wconf 89' lang='lat' dir='ltr'><strong>quippe</strong></span> 
     </span>
    </p>
   </div>
   <div class='ocr_carea' id='block_1_93' title="bbox 317 4434 1891 4523">
    <p class='ocr_par' dir='ltr' id='par_1_93' title="bbox 317 4434 1891 4514">
     <span class='ocr_line' id='line_1_93' title="bbox 317 4434 1891 4514; baseline 0.006 -27"><span class='ocrx_word' id='word_1_679' title='bbox 317 4434 639 4504; x_wconf 80' lang='grc' dir='ltr'>προελέσθαι</span> <span class='ocrx_word' id='word_1_680' title='bbox 695 4437 897 4507; x_wconf 78' lang='grc' dir='ltr'>μᾶλλον</span> <span class='ocrx_word' id='word_1_681' title='bbox 948 4439 1146 4505; x_wconf 81' lang='grc' dir='ltr'>αὑτὸν,</span> <span class='ocrx_word' id='word_1_682' title='bbox 1204 4441 1373 4513; x_wconf 62' lang='grc' dir='ltr'>ἤγουν</span> <span class='ocrx_word' id='word_1_683' title='bbox 1425 4440 1487 4496; x_wconf 74' lang='grc' dir='ltr'>τὸ</span> <span class='ocrx_word' id='word_1_684' title='bbox 1526 4442 1785 4514; x_wconf 81' lang='grc' dir='ltr'>φρόνημα</span> <span class='ocrx_word' id='word_1_685' title='bbox 1834 4444 1891 4496; x_wconf 76' lang='grc' dir='ltr'>τὸ</span> 
     </span>
    </p>
   </div>
   <div class='ocr_carea' id='block_1_94' title="bbox 1990 4434 3581 4523">
    <p class='ocr_par' dir='ltr' id='par_1_94' title="bbox 2001 4437 3581 4511">
     <span class='ocr_line' id='line_1_94' title="bbox 2001 4437 3581 4511; baseline -0.001 -16"><span class='ocrx_word' id='word_1_686' title='bbox 2001 4439 2054 4495; x_wconf 88' lang='lat' dir='ltr'><strong>id</strong></span> <span class='ocrx_word' id='word_1_687' title='bbox 2089 4448 2281 4496; x_wconf 88' lang='lat' dir='ltr'><strong>contra</strong></span> <span class='ocrx_word' id='word_1_688' title='bbox 2336 4456 2439 4496; x_wconf 82' lang='lat' dir='ltr'><strong>nos</strong></span> <span class='ocrx_word' id='word_1_689' title='bbox 2492 4437 2674 4496; x_wconf 86' lang='lat' dir='ltr'><strong>facere</strong></span> <span class='ocrx_word' id='word_1_690' title='bbox 2713 4438 2937 4494; x_wconf 90' lang='lat' dir='ltr'><strong>solitum</strong></span> <span class='ocrx_word' id='word_1_691' title='bbox 2974 4454 3040 4494; x_wconf 78' lang='lat' dir='ltr'><strong>ex</strong></span> <span class='ocrx_word' id='word_1_692' title='bbox 3087 4439 3155 4493; x_wconf 88' lang='lat' dir='ltr'><strong>iis</strong></span> <span class='ocrx_word' id='word_1_693' title='bbox 3190 4453 3311 4511; x_wconf 80' lang='lat' dir='ltr'><strong>qua:</strong></span> <span class='ocrx_word' id='word_1_694' title='bbox 3351 4437 3581 4509; x_wconf 82' lang='lat' dir='ltr'><strong>figurate</strong></span> 
     </span>
    </p>
   </div>
   <div class='ocr_carea' id='block_1_95' title="bbox 315 4527 1891 4603">
    <p class='ocr_par' dir='ltr' id='par_1_95' title="bbox 315 4527 1891 4603">
     <span class='ocr_line' id='line_1_95' title="bbox 315 4527 1891 4603; baseline 0.008 -25"><span class='ocrx_word' id='word_1_695' title='bbox 315 4527 535 4598; x_wconf 75' lang='grc' dir='ltr'>γνήσιον</span> <span class='ocrx_word' id='word_1_696' title='bbox 565 4527 783 4602; x_wconf 74' lang='grc' dir='ltr'><strong>ἐντέκῃ.</strong></span> <span class='ocrx_word' id='word_1_697' title='bbox 818 4530 897 4601; x_wconf 84' lang='grc' dir='ltr'>τῷ</span> <span class='ocrx_word' id='word_1_698' title='bbox 922 4532 1018 4586; x_wconf 62' lang='grc' dir='ltr'><strong>καὶ⁵</strong></span> <span class='ocrx_word' id='word_1_699' title='bbox 1044 4531 1339 4603; x_wconf 78' lang='grc' dir='ltr'>προδοῦναι</span> <span class='ocrx_word' id='word_1_700' title='bbox 1366 4534 1554 4590; x_wconf 74' lang='grc' dir='ltr'>λοιπὸν</span> <span class='ocrx_word' id='word_1_701' title='bbox 1587 4536 1891 4590; x_wconf 86' lang='grc' dir='ltr'>ἀναπεπει-</span> 
     </span>
    </p>
   </div>
   <div class='ocr_carea' id='block_1_96' title="bbox 319 4614 1898 4700">
    <p class='ocr_par' dir='ltr' id='par_1_96' title="bbox 319 4614 1898 4700">
     <span class='ocr_line' id='line_1_96' title="bbox 319 4614 1898 4700; baseline 0.006 -27"><span class='ocrx_word' id='word_1_702' title='bbox 319 4620 519 4691; x_wconf 82' lang='grc' dir='ltr'>σμένῳ.</span> <span class='ocrx_word' id='word_1_703' title='bbox 549 4621 672 4675; x_wconf 82' lang='grc' dir='ltr'><strong>Ὀτι</strong></span> <span class='ocrx_word' id='word_1_704' title='bbox 703 4622 814 4695; x_wconf 86' lang='grc' dir='ltr'>γὰρ</span> <span class='ocrx_word' id='word_1_705' title='bbox 848 4622 970 4688; x_wconf 76' lang='grc' dir='ltr'>ἔθος</span> <span class='ocrx_word' id='word_1_706' title='bbox 998 4614 1159 4679; x_wconf 67' lang='grc' dir='ltr'>τοῦτο</span> <span class='ocrx_word' id='word_1_707' title='bbox 1183 4627 1441 4697; x_wconf 90' lang='grc' dir='ltr'>πράττειν</span> <span class='ocrx_word' id='word_1_708' title='bbox 1463 4628 1550 4681; x_wconf 76' lang='grc' dir='ltr'>ἀεὶ</span> <span class='ocrx_word' id='word_1_709' title='bbox 1580 4626 1702 4682; x_wconf 84' lang='grc' dir='ltr'>καθ’</span> <span class='ocrx_word' id='word_1_710' title='bbox 1738 4627 1898 4700; x_wconf 76' lang='grc' dir='ltr'>ἡμῶν</span> 
     </span>
    </p>
   </div>
   <div class='ocr_carea' id='block_1_97' title="bbox 318 4711 1897 4790">
    <p class='ocr_par' dir='ltr' id='par_1_97' title="bbox 318 4711 1897 4790">
     <span class='ocr_line' id='line_1_97' title="bbox 318 4711 1897 4790; baseline 0.008 -27"><span class='ocrx_word' id='word_1_711' title='bbox 318 4711 397 4781; x_wconf 80' lang='grc' dir='ltr'>τῷ</span> <span class='ocrx_word' id='word_1_712' title='bbox 419 4711 657 4783; x_wconf 90' lang='grc' dir='ltr'>δαίμονι,</span> <span class='ocrx_word' id='word_1_713' title='bbox 690 4715 785 4769; x_wconf 78' lang='grc' dir='ltr'>καὶ</span> <span class='ocrx_word' id='word_1_714' title='bbox 822 4714 911 4769; x_wconf 84' lang='grc' dir='ltr'>διὰ</span> <span class='ocrx_word' id='word_1_715' title='bbox 940 4716 1049 4771; x_wconf 85' lang='grc' dir='ltr'><strong>τῶν</strong></span> <span class='ocrx_word' id='word_1_716' title='bbox 1089 4718 1149 4771; x_wconf 75' lang='grc' dir='ltr'><strong>ὲν</strong></span> <span class='ocrx_word' id='word_1_717' title='bbox 1174 4717 1335 4789; x_wconf 76' lang='grc' dir='ltr'>τύπῳ</span> <span class='ocrx_word' id='word_1_718' title='bbox 1365 4719 1665 4789; x_wconf 83' lang='grc' dir='ltr'>γεγονότων</span> <span class='ocrx_word' id='word_1_719' title='bbox 1692 4721 1897 4790; x_wconf 76' lang='grc' dir='ltr'>γνωσό-</span> 
     </span>
    </p>
   </div>
   <div class='ocr_carea' id='block_1_98' title="bbox 320 4803 1897 4883">
    <p class='ocr_par' dir='ltr' id='par_1_98' title="bbox 320 4803 1897 4883">
     <span class='ocr_line' id='line_1_98' title="bbox 320 4803 1897 4883; baseline 0.006 -25"><span class='ocrx_word' id='word_1_720' title='bbox 320 4803 479 4871; x_wconf 79' lang='grc' dir='ltr'>μεθα.</span> <span class='ocrx_word' id='word_1_721' title='bbox 515 4805 847 4877; x_wconf 78' lang='grc' dir='ltr'>Ἐποιήσατο</span> <span class='ocrx_word' id='word_1_722' title='bbox 864 4807 964 4877; x_wconf 78' lang='grc' dir='ltr'><strong>μὲν</strong></span> <span class='ocrx_word' id='word_1_723' title='bbox 989 4809 1098 4881; x_wconf 82' lang='grc' dir='ltr'><strong>γὰρ</strong></span> <span class='ocrx_word' id='word_1_724' title='bbox 1130 4810 1236 4864; x_wconf 78' lang='grc' dir='ltr'><strong>ὑπὸ</strong></span> <span class='ocrx_word' id='word_1_725' title='bbox 1257 4813 1416 4883; x_wconf 84' lang='grc' dir='ltr'>χεῖρα</span> <span class='ocrx_word' id='word_1_726' title='bbox 1439 4812 1565 4877; x_wconf 76' lang='grc' dir='ltr'>τοὺς</span> <span class='ocrx_word' id='word_1_727' title='bbox 1606 4811 1897 4877; x_wconf 81' lang='grc' dir='ltr'>Ἰουδαίους</span> 
     </span>
    </p>
   </div>
   <div class='ocr_carea' id='block_1_99' title="bbox 325 4888 1896 4974">
    <p class='ocr_par' dir='ltr' id='par_1_99' title="bbox 325 4888 1896 4974">
     <span class='ocr_line' id='line_1_99' title="bbox 325 4888 1896 4974; baseline 0.006 -26"><span class='ocrx_word' id='word_1_728' title='bbox 325 4888 571 4967; x_wconf 73' lang='grc' dir='ltr'>ὁΦαραὼ</span> <span class='ocrx_word' id='word_1_729' title='bbox 608 4898 729 4952; x_wconf 88' lang='grc' dir='ltr'>κατ’</span> <span class='ocrx_word' id='word_1_730' title='bbox 773 4898 1052 4968; x_wconf 79' lang='grc' dir='ltr'>Αἴγυπτον</span> <span class='ocrx_word' id='word_1_731' title='bbox 1103 4901 1264 4967; x_wconf 78' lang='grc' dir='ltr'>ὄντας</span> <span class='ocrx_word' id='word_1_732' title='bbox 1316 4901 1429 4965; x_wconf 73' lang='grc' dir='ltr'>ἔτι,</span> <span class='ocrx_word' id='word_1_733' title='bbox 1488 4902 1645 4974; x_wconf 81' lang='grc' dir='ltr'>πηλῷ</span> <span class='ocrx_word' id='word_1_734' title='bbox 1699 4903 1755 4957; x_wconf 83' lang='grc' dir='ltr'>δὲ</span> <span class='ocrx_word' id='word_1_735' title='bbox 1800 4905 1896 4957; x_wconf 77' lang='grc' dir='ltr'>καὶ</span> 
     </span>
    </p>
   </div>
   <div class='ocr_carea' id='block_1_100' title="bbox 320 4987 1897 5067">
    <p class='ocr_par' dir='ltr' id='par_1_100' title="bbox 320 4987 1897 5067">
     <span class='ocr_line' id='line_1_100' title="bbox 320 4987 1897 5067; baseline 0.006 -28"><span class='ocrx_word' id='word_1_736' title='bbox 320 4987 588 5060; x_wconf 73' lang='grc' dir='ltr'>πλινθείᾳ,</span> <span class='ocrx_word' id='word_1_737' title='bbox 622 4988 717 5043; x_wconf 69' lang='grc' dir='ltr'>καὶ</span> <span class='ocrx_word' id='word_1_738' title='bbox 758 4993 879 5055; x_wconf 79' lang='grc' dir='ltr'>ταῖς</span> <span class='ocrx_word' id='word_1_739' title='bbox 913 4990 1022 5045; x_wconf 85' lang='grc' dir='ltr'><strong>τῶν</strong></span> <span class='ocrx_word' id='word_1_740' title='bbox 1050 4988 1227 5063; x_wconf 78' lang='grc' dir='ltr'>ἔργων</span> <span class='ocrx_word' id='word_1_741' title='bbox 1258 4994 1525 5062; x_wconf 83' lang='grc' dir='ltr'>ἀνάγκαις</span> <span class='ocrx_word' id='word_1_742' title='bbox 1555 4996 1897 5067; x_wconf 82' lang='grc' dir='ltr'>ὲγκατατρύ-</span> 
     </span>
    </p>
   </div>
   <div class='ocr_carea' id='block_1_101' title="bbox 316 5080 1898 5161">
    <p class='ocr_par' dir='ltr' id='par_1_101' title="bbox 316 5080 1898 5161">
     <span class='ocr_line' id='line_1_101' title="bbox 316 5080 1898 5161; baseline 0.007 -30"><span class='ocrx_word' id='word_1_743' title='bbox 316 5080 503 5149; x_wconf 82' lang='grc' dir='ltr'>χεσθαι</span> <span class='ocrx_word' id='word_1_744' title='bbox 530 5082 746 5154; x_wconf 83' lang='grc' dir='ltr'>πικρῶς</span> <span class='ocrx_word' id='word_1_745' title='bbox 767 5083 1029 5150; x_wconf 73' lang='grc' dir='ltr'>ἐπιτάξας</span> <span class='ocrx_word' id='word_1_746' title='bbox 1058 5087 1275 5152; x_wconf 82' lang='grc' dir='ltr'>αὐτοὺς,</span> <span class='ocrx_word' id='word_1_747' title='bbox 1307 5086 1496 5141; x_wconf 77' lang='grc' dir='ltr'>οὐδένα</span> <span class='ocrx_word' id='word_1_748' title='bbox 1524 5105 1585 5142; x_wconf 84' lang='grc' dir='ltr'><strong>τε</strong></span> <span class='ocrx_word' id='word_1_749' title='bbox 1614 5091 1734 5153; x_wconf 84' lang='grc' dir='ltr'>ταῖς</span> <span class='ocrx_word' id='word_1_750' title='bbox 1760 5090 1898 5161; x_wconf 81' lang='grc' dir='ltr'>πρὸς</span> 
     </span>
    </p>
   </div>
   <div class='ocr_carea' id='block_1_102' title="bbox 315 5172 1898 5251">
    <p class='ocr_par' dir='ltr' id='par_1_102' title="bbox 315 5172 1898 5251">
     <span class='ocr_line' id='line_1_102' title="bbox 315 5172 1898 5251; baseline 0.005 -26"><span class='ocrx_word' id='word_1_751' title='bbox 315 5172 449 5227; x_wconf 68' lang='grc' dir='ltr'>Θεὸν</span> <span class='ocrx_word' id='word_1_752' title='bbox 482 5174 745 5240; x_wconf 73' lang='grc' dir='ltr'>ἱκετείαις</span> <span class='ocrx_word' id='word_1_753' title='bbox 795 5175 966 5230; x_wconf 75' lang='grc' dir='ltr'>ἐδίδου</span> <span class='ocrx_word' id='word_1_754' title='bbox 1012 5177 1226 5250; x_wconf 83' lang='grc' dir='ltr'>καιρόν.</span> <span class='ocrx_word' id='word_1_755' title='bbox 1272 5180 1383 5233; x_wconf 72' lang='grc' dir='ltr'><strong>Καὶ</strong></span> <span class='ocrx_word' id='word_1_756' title='bbox 1425 5178 1557 5248; x_wconf 77' lang='grc' dir='ltr'>γοῦν</span> <span class='ocrx_word' id='word_1_757' title='bbox 1605 5180 1741 5251; x_wconf 81' lang='grc' dir='ltr'>πρὸς</span> <span class='ocrx_word' id='word_1_758' title='bbox 1770 5180 1898 5243; x_wconf 82' lang='grc' dir='ltr'>τοὺς</span> 
     </span>
    </p>
   </div>
   <div class='ocr_carea' id='block_1_103' title="bbox 316 5264 1900 5344">
    <p class='ocr_par' dir='ltr' id='par_1_103' title="bbox 316 5264 1900 5344">
     <span class='ocr_line' id='line_1_103' title="bbox 316 5264 1900 5344; baseline 0.005 -26"><span class='ocrx_word' id='word_1_759' title='bbox 316 5264 425 5318; x_wconf 79' lang='grc' dir='ltr'>τῶν</span> <span class='ocrx_word' id='word_1_760' title='bbox 454 5265 635 5338; x_wconf 65' lang='grc' dir='ltr'>ἔργων</span> <span class='ocrx_word' id='word_1_761' title='bbox 663 5268 982 5337; x_wconf 73' lang='grc' dir='ltr'>ἐπιστάτας,</span> <span class='ocrx_word' id='word_1_762' title='bbox 1011 5289 1030 5320; x_wconf 78' lang='grc' dir='ltr'><strong>ι</strong></span> <span class='ocrx_word' id='word_1_763' title='bbox 1066 5269 1414 5341; x_wconf 78' lang='grc' dir='ltr'>Βαρυνέσθω,</span> <span class='ocrx_word' id='word_1_764' title='bbox 1452 5272 1609 5342; x_wconf 71' lang='grc' dir='ltr'>φησὶ,</span> <span class='ocrx_word' id='word_1_765' title='bbox 1646 5273 1714 5325; x_wconf 73' lang='grc' dir='ltr'>τὰ</span> <span class='ocrx_word' id='word_1_766' title='bbox 1759 5271 1900 5344; x_wconf 72' lang='grc' dir='ltr'>ἔργα</span> 
     </span>
    </p>
   </div>
   <div class='ocr_carea' id='block_1_104' title="bbox 317 5356 1900 5434">
    <p class='ocr_par' dir='ltr' id='par_1_104' title="bbox 317 5356 1900 5434">
     <span class='ocr_line' id='line_1_104' title="bbox 317 5356 1900 5434; baseline 0.004 -23"><span class='ocrx_word' id='word_1_767' title='bbox 317 5357 427 5411; x_wconf 84' lang='grc' dir='ltr'>τῶν</span> <span class='ocrx_word' id='word_1_768' title='bbox 454 5356 762 5428; x_wconf 80' lang='grc' dir='ltr'>ἀνθρώπων</span> <span class='ocrx_word' id='word_1_769' title='bbox 799 5359 1023 5427; x_wconf 82' lang='grc' dir='ltr'>τούτων,</span> <span class='ocrx_word' id='word_1_770' title='bbox 1050 5361 1145 5415; x_wconf 69' lang='grc' dir='ltr'>καὶ</span> <span class='ocrx_word' id='word_1_771' title='bbox 1178 5361 1254 5432; x_wconf 82' lang='grc' dir='ltr'>μὴ</span> <span class='ocrx_word' id='word_1_772' title='bbox 1277 5363 1701 5434; x_wconf 75' lang='grc' dir='ltr'>μεριμνάτωσαν</span> <span class='ocrx_word' id='word_1_773' title='bbox 1720 5363 1900 5433; x_wconf 81' lang='grc' dir='ltr'>λόγοις</span> 
     </span>
    </p>
   </div>
   <div class='ocr_carea' id='block_1_105' title="bbox 315 5447 1891 5527">
    <p class='ocr_par' dir='ltr' id='par_1_105' title="bbox 315 5447 1891 5527">
     <span class='ocr_line' id='line_1_105' title="bbox 315 5447 1891 5527; baseline 0.007 -29"><span class='ocrx_word' id='word_1_774' title='bbox 315 5449 515 5512; x_wconf 74' lang='grc' dir='ltr'>κενοῖς,</span> <span class='ocrx_word' id='word_1_775' title='bbox 552 5467 570 5498; x_wconf 70' lang='grc' dir='ltr'><strong>ι</strong></span> <span class='ocrx_word' id='word_1_776' title='bbox 600 5447 793 5516; x_wconf 83' lang='grc' dir='ltr'>λόγους</span> <span class='ocrx_word' id='word_1_777' title='bbox 829 5453 1015 5516; x_wconf 80' lang='grc' dir='ltr'>κενοὺς</span> <span class='ocrx_word' id='word_1_778' title='bbox 1043 5451 1325 5523; x_wconf 76' lang='grc' dir='ltr'>ὀνομάζων</span> <span class='ocrx_word' id='word_1_779' title='bbox 1363 5455 1462 5527; x_wconf 73' lang='grc' dir='ltr'>τὴν</span> <span class='ocrx_word' id='word_1_780' title='bbox 1491 5456 1569 5519; x_wconf 80' lang='grc' dir='ltr'><strong>εἰς</strong></span> <span class='ocrx_word' id='word_1_781' title='bbox 1599 5455 1891 5527; x_wconf 72' lang='grc' dir='ltr'>ἐλευθέραν</span> 
     </span>
    </p>
   </div>
   <div class='ocr_carea' id='block_1_106' title="bbox 392 5627 1392 5699">
    <p class='ocr_par' dir='ltr' id='par_1_106' title="bbox 392 5627 1392 5699">
     <span class='ocr_line' id='line_1_106' title="bbox 392 5627 1392 5699; baseline 0.01 -18"><span class='ocrx_word' id='word_1_782' title='bbox 392 5627 440 5659; x_wconf 83' lang='grc'><strong>⁹⁹</strong></span> <span class='ocrx_word' id='word_1_783' title='bbox 478 5628 640 5686; x_wconf 82' lang='lat' dir='ltr'><strong>Prov.</strong></span> <span class='ocrx_word' id='word_1_784' title='bbox 679 5647 788 5698; x_wconf 79' lang='lat' dir='ltr'><strong>vn,</strong></span> <span class='ocrx_word' id='word_1_785' title='bbox 820 5633 907 5685; x_wconf 69' lang='lat'><strong>9.5.</strong></span> <span class='ocrx_word' id='word_1_786' title='bbox 989 5633 1003 5663; x_wconf 78' lang='grc' dir='ltr'><strong>ί</strong></span> <span class='ocrx_word' id='word_1_787' title='bbox 1049 5631 1219 5687; x_wconf 75' lang='lat' dir='ltr'><strong>Exod.</strong></span> <span class='ocrx_word' id='word_1_788' title='bbox 1253 5651 1306 5699; x_wconf 70' lang='grc' dir='ltr'><strong>ν,</strong></span> <span class='ocrx_word' id='word_1_789' title='bbox 1338 5634 1392 5691; x_wconf 75' lang='lat'><strong>9.</strong></span> 
     </span>
    </p>
   </div>
   <div class='ocr_carea' id='block_1_107' title="bbox 1997 4532 3580 4608">
    <p class='ocr_par' dir='ltr' id='par_1_107' title="bbox 1997 4532 3580 4608">
     <span class='ocr_line' id='line_1_107' title="bbox 1997 4532 3580 4608; baseline -0.003 -16"><span class='ocrx_word' id='word_1_790' title='bbox 1997 4544 2152 4606; x_wconf 86' lang='lat' dir='ltr'><strong>gesta</strong></span> <span class='ocrx_word' id='word_1_791' title='bbox 2186 4543 2315 4591; x_wconf 92' lang='lat' dir='ltr'><strong>sunt</strong></span> <span class='ocrx_word' id='word_1_792' title='bbox 2354 4550 2740 4608; x_wconf 85' lang='lat' dir='ltr'><strong>agnoscemus.</strong></span> <span class='ocrx_word' id='word_1_793' title='bbox 2794 4534 3067 4591; x_wconf 89' lang='lat' dir='ltr'><strong>Submisit</strong></span> <span class='ocrx_word' id='word_1_794' title='bbox 3097 4534 3299 4606; x_wconf 84' lang='lat' dir='ltr'><strong>quippe</strong></span> <span class='ocrx_word' id='word_1_795' title='bbox 3329 4533 3435 4590; x_wconf 89' lang='lat' dir='ltr'><strong>sibi</strong></span> <span class='ocrx_word' id='word_1_796' title='bbox 3482 4532 3580 4588; x_wconf 83' lang='lat' dir='ltr'><strong>.lu-</strong></span> 
     </span>
    </p>
   </div>
   <div class='ocr_carea' id='block_1_108' title="bbox 1996 4626 3582 4700">
    <p class='ocr_par' dir='ltr' id='par_1_108' title="bbox 1996 4626 3582 4700">
     <span class='ocr_line' id='line_1_108' title="bbox 1996 4626 3582 4700; baseline -0.002 -15"><span class='ocrx_word' id='word_1_797' title='bbox 1996 4628 2146 4686; x_wconf 61' lang='lat' dir='ltr'><strong>deos</strong></span> <span class='ocrx_word' id='word_1_798' title='bbox 2173 4627 2392 4683; x_wconf 83' lang='lat' dir='ltr'><strong>Pharao</strong></span> <span class='ocrx_word' id='word_1_799' title='bbox 2439 4629 2495 4682; x_wconf 80' lang='lat' dir='ltr'><strong>in</strong></span> <span class='ocrx_word' id='word_1_800' title='bbox 2530 4627 2769 4700; x_wconf 64' lang='lat' dir='ltr'><strong>Egypto</strong></span> <span class='ocrx_word' id='word_1_801' title='bbox 2814 4626 3100 4699; x_wconf 85' lang='lat' dir='ltr'><strong>degentes,</strong></span> <span class='ocrx_word' id='word_1_802' title='bbox 3138 4642 3348 4698; x_wconf 88' lang='lat' dir='ltr'><strong>eosque</strong></span> <span class='ocrx_word' id='word_1_803' title='bbox 3376 4626 3495 4682; x_wconf 93' lang='lat' dir='ltr'><strong>luto</strong></span> <span class='ocrx_word' id='word_1_804' title='bbox 3525 4637 3582 4682; x_wconf 88' lang='lat' dir='ltr'><strong>et</strong></span> 
     </span>
    </p>
   </div>
   <div class='ocr_carea' id='block_1_109' title="bbox 1998 4719 3581 4790">
    <p class='ocr_par' dir='ltr' id='par_1_109' title="bbox 1998 4719 3581 4790">
     <span class='ocr_line' id='line_1_109' title="bbox 1998 4719 3581 4790; baseline -0.001 -13"><span class='ocrx_word' id='word_1_805' title='bbox 1998 4720 2286 4786; x_wconf 88' lang='lat' dir='ltr'><strong>lateribus,</strong></span> <span class='ocrx_word' id='word_1_806' title='bbox 2308 4719 2544 4790; x_wconf 88' lang='lat' dir='ltr'><strong>aliisque</strong></span> <span class='ocrx_word' id='word_1_807' title='bbox 2576 4720 2918 4776; x_wconf 85' lang='lat' dir='ltr'><strong>necessariis</strong></span> <span class='ocrx_word' id='word_1_808' title='bbox 2947 4719 3209 4783; x_wconf 84' lang='lat' dir='ltr'><strong>operibus</strong></span> <span class='ocrx_word' id='word_1_809' title='bbox 3236 4726 3349 4774; x_wconf 86' lang='lat' dir='ltr'><strong>tam</strong></span> <span class='ocrx_word' id='word_1_810' title='bbox 3383 4719 3581 4776; x_wconf 87' lang='lat' dir='ltr'><strong>acerbe</strong></span> 
     </span>
    </p>
   </div>
   <div class='ocr_carea' id='block_1_110' title="bbox 1998 4809 3579 4884">
    <p class='ocr_par' dir='ltr' id='par_1_110' title="bbox 1998 4809 3579 4884">
     <span class='ocr_line' id='line_1_110' title="bbox 1998 4809 3579 4884; baseline -0.001 -14"><span class='ocrx_word' id='word_1_811' title='bbox 1998 4811 2183 4870; x_wconf 76' lang='lat' dir='ltr'><strong>vexari</strong></span> <span class='ocrx_word' id='word_1_812' title='bbox 2219 4812 2412 4883; x_wconf 83' lang='lat' dir='ltr'><strong>jussit,</strong></span> <span class='ocrx_word' id='word_1_813' title='bbox 2440 4818 2500 4867; x_wconf 89' lang='lat' dir='ltr'><strong>ut</strong></span> <span class='ocrx_word' id='word_1_814' title='bbox 2531 4811 2743 4867; x_wconf 91' lang='lat' dir='ltr'><strong>nullum</strong></span> <span class='ocrx_word' id='word_1_815' title='bbox 2776 4809 2979 4866; x_wconf 88' lang='lat' dir='ltr'><strong>orandi</strong></span> <span class='ocrx_word' id='word_1_816' title='bbox 3010 4810 3106 4867; x_wconf 86' lang='lat' dir='ltr'><strong>Dei</strong></span> <span class='ocrx_word' id='word_1_817' title='bbox 3142 4819 3360 4884; x_wconf 85' lang='lat' dir='ltr'><strong>tempus</strong></span> <span class='ocrx_word' id='word_1_818' title='bbox 3382 4811 3477 4868; x_wconf 79' lang='lat' dir='ltr'><strong>eis</strong></span> <span class='ocrx_word' id='word_1_819' title='bbox 3491 4826 3579 4868; x_wconf 84' lang='lat' dir='ltr'><strong>re-</strong></span> 
     </span>
    </p>
   </div>
   <div class='ocr_carea' id='block_1_111' title="bbox 1996 4901 3579 4976">
    <p class='ocr_par' dir='ltr' id='par_1_111' title="bbox 1996 4901 3579 4976">
     <span class='ocr_line' id='line_1_111' title="bbox 1996 4901 3579 4976; baseline -0.002 -16"><span class='ocrx_word' id='word_1_820' title='bbox 1996 4904 2293 4976; x_wconf 88' lang='lat' dir='ltr'><strong>linqueret.</strong></span> <span class='ocrx_word' id='word_1_821' title='bbox 2335 4903 2418 4960; x_wconf 84' lang='lat' dir='ltr'><strong>Ad</strong></span> <span class='ocrx_word' id='word_1_822' title='bbox 2467 4918 2694 4974; x_wconf 89' lang='lat' dir='ltr'><strong>operum</strong></span> <span class='ocrx_word' id='word_1_823' title='bbox 2742 4904 2946 4975; x_wconf 90' lang='lat' dir='ltr'><strong>quippe</strong></span> <span class='ocrx_word' id='word_1_824' title='bbox 2999 4903 3291 4974; x_wconf 69' lang='lat' dir='ltr'><strong>praefectos</strong></span> <span class='ocrx_word' id='word_1_825' title='bbox 3327 4921 3341 4957; x_wconf 89' lang='lat'><strong>:</strong></span> <span class='ocrx_word' id='word_1_826' title='bbox 3375 4920 3396 4956; x_wconf 83' lang='grc' dir='ltr'><strong>ι</strong></span> <span class='ocrx_word' id='word_1_827' title='bbox 3438 4901 3579 4958; x_wconf 88' lang='lat' dir='ltr'><strong>Gra-</strong></span> 
     </span>
    </p>
   </div>
   <div class='ocr_carea' id='block_1_112' title="bbox 1995 4995 3578 5069">
    <p class='ocr_par' dir='ltr' id='par_1_112' title="bbox 1995 4995 3578 5069">
     <span class='ocr_line' id='line_1_112' title="bbox 1995 4995 3578 5069; baseline -0.001 -18"><span class='ocrx_word' id='word_1_828' title='bbox 1995 5005 2215 5063; x_wconf 87' lang='lat' dir='ltr'><strong>veutur,</strong></span> <span class='ocrx_word' id='word_1_829' title='bbox 2263 4997 2475 5069; x_wconf 88' lang='lat' dir='ltr'><strong>inquit,</strong></span> <span class='ocrx_word' id='word_1_830' title='bbox 2524 5011 2689 5067; x_wconf 85' lang='lat' dir='ltr'><strong>opera</strong></span> <span class='ocrx_word' id='word_1_831' title='bbox 2745 4996 3031 5051; x_wconf 86' lang='lat' dir='ltr'><strong>hominum</strong></span> <span class='ocrx_word' id='word_1_832' title='bbox 3083 4995 3352 5059; x_wconf 79' lang='lat' dir='ltr'><strong>istorum,</strong></span> <span class='ocrx_word' id='word_1_833' title='bbox 3395 5009 3578 5066; x_wconf 87' lang='lat' dir='ltr'><strong>neque</strong></span> 
     </span>
    </p>
   </div>
   <div class='ocr_carea' id='block_1_113' title="bbox 1994 5088 3576 5156">
    <p class='ocr_par' dir='ltr' id='par_1_113' title="bbox 1994 5088 3576 5156">
     <span class='ocr_line' id='line_1_113' title="bbox 1994 5088 3576 5156; baseline -0.003 -12"><span class='ocrx_word' id='word_1_834' title='bbox 1994 5098 2192 5145; x_wconf 80' lang='lat' dir='ltr'><strong>vacent</strong></span> <span class='ocrx_word' id='word_1_835' title='bbox 2229 5090 2387 5145; x_wconf 87' lang='lat' dir='ltr'><strong>vanis</strong></span> <span class='ocrx_word' id='word_1_836' title='bbox 2420 5088 2774 5146; x_wconf 81' lang='lat' dir='ltr'><strong>sermonibus</strong></span> <span class='ocrx_word' id='word_1_837' title='bbox 2802 5090 2859 5156; x_wconf 86' lang='grc'>¹;</span> <span class='ocrx_word' id='word_1_838' title='bbox 2900 5107 2918 5139; x_wconf 76' lang='grc' dir='ltr'><strong>ι</strong></span> <span class='ocrx_word' id='word_1_839' title='bbox 2957 5102 3130 5143; x_wconf 77' lang='lat' dir='ltr'><strong>vanos</strong></span> <span class='ocrx_word' id='word_1_840' title='bbox 3158 5100 3442 5142; x_wconf 82' lang='lat' dir='ltr'><strong>sermones</strong></span> <span class='ocrx_word' id='word_1_841' title='bbox 3478 5100 3576 5156; x_wconf 84' lang='lat' dir='ltr'><strong>ap-</strong></span> 
     </span>
    </p>
   </div>
   <div class='ocr_carea' id='block_1_114' title="bbox 1996 5174 3576 5248">
    <p class='ocr_par' dir='ltr' id='par_1_114' title="bbox 1996 5174 3576 5248">
     <span class='ocr_line' id='line_1_114' title="bbox 1996 5174 3576 5248; baseline 0 -17"><span class='ocrx_word' id='word_1_842' title='bbox 1996 5178 2206 5248; x_wconf 84' lang='lat' dir='ltr'><strong>pellans</strong></span> <span class='ocrx_word' id='word_1_843' title='bbox 2249 5177 2520 5234; x_wconf 88' lang='lat' dir='ltr'><strong>libertatis</strong></span> <span class='ocrx_word' id='word_1_844' title='bbox 2564 5177 2834 5241; x_wconf 89' lang='lat' dir='ltr'><strong>studium,</strong></span> <span class='ocrx_word' id='word_1_845' title='bbox 2886 5178 3377 5245; x_wconf 86' lang='lat' dir='ltr'><strong>vehementemque</strong></span> <span class='ocrx_word' id='word_1_846' title='bbox 3429 5174 3576 5231; x_wconf 89' lang='lat' dir='ltr'><strong>illius</strong></span> 
     </span>
    </p>
   </div>
   <div class='ocr_carea' id='block_1_115' title="bbox 1995 5266 3577 5342">
    <p class='ocr_par' dir='ltr' id='par_1_115' title="bbox 1995 5266 3577 5342">
     <span class='ocr_line' id='line_1_115' title="bbox 1995 5266 3577 5342; baseline -0.001 -19"><span class='ocrx_word' id='word_1_847' title='bbox 1995 5268 2387 5339; x_wconf 74' lang='lat' dir='ltr'><strong>recuperanda:</strong></span> <span class='ocrx_word' id='word_1_848' title='bbox 2444 5270 2722 5335; x_wconf 91' lang='lat' dir='ltr'><strong>ardorem,</strong></span> <span class='ocrx_word' id='word_1_849' title='bbox 2756 5268 2925 5342; x_wconf 64' lang='grc'><strong>744</strong></span> <span class='ocrx_word' id='word_1_850' title='bbox 2966 5266 3252 5325; x_wconf 85' lang='lat' dir='ltr'><strong>servitutis</strong></span> <span class='ocrx_word' id='word_1_851' title='bbox 3320 5266 3577 5340; x_wconf 84' lang='lat' dir='ltr'><strong>deplora-</strong></span> 
     </span>
    </p>
   </div>
   <div class='ocr_carea' id='block_1_116' title="bbox 1996 5360 3579 5435">
    <p class='ocr_par' dir='ltr' id='par_1_116' title="bbox 1996 5360 3579 5435">
     <span class='ocr_line' id='line_1_116' title="bbox 1996 5360 3579 5435; baseline 0 -19"><span class='ocrx_word' id='word_1_852' title='bbox 1996 5363 2225 5429; x_wconf 88' lang='lat' dir='ltr'><strong>tionem,</strong></span> <span class='ocrx_word' id='word_1_853' title='bbox 2266 5379 2334 5419; x_wconf 90' lang='lat' dir='ltr'><strong>ac</strong></span> <span class='ocrx_word' id='word_1_854' title='bbox 2382 5365 2672 5421; x_wconf 89' lang='lat' dir='ltr'><strong>meliorum</strong></span> <span class='ocrx_word' id='word_1_855' title='bbox 2709 5362 3069 5419; x_wconf 90' lang='lat' dir='ltr'><strong>desiderium.</strong></span> <span class='ocrx_word' id='word_1_856' title='bbox 3112 5360 3233 5418; x_wconf 86' lang='lat' dir='ltr'><strong>Non</strong></span> <span class='ocrx_word' id='word_1_857' title='bbox 3285 5362 3579 5435; x_wconf 75' lang='lat' dir='ltr'><strong>ignorabat</strong></span> 
     </span>
    </p>
   </div>
   <div class='ocr_carea' id='block_1_117' title="bbox 2001 5455 3580 5528">
    <p class='ocr_par' dir='ltr' id='par_1_117' title="bbox 2001 5455 3580 5528">
     <span class='ocr_line' id='line_1_117' title="bbox 2001 5455 3580 5528; baseline -0.003 -15"><span class='ocrx_word' id='word_1_858' title='bbox 2001 5457 2177 5522; x_wconf 86' lang='lat' dir='ltr'><strong>enim,</strong></span> <span class='ocrx_word' id='word_1_859' title='bbox 2205 5459 2250 5515; x_wconf 91' lang='lat' dir='ltr'><strong>si</strong></span> <span class='ocrx_word' id='word_1_860' title='bbox 2283 5458 2592 5516; x_wconf 88' lang='lat' dir='ltr'><strong>istiusmodi</strong></span> <span class='ocrx_word' id='word_1_861' title='bbox 2617 5457 2783 5514; x_wconf 87' lang='lat' dir='ltr'><strong>rebus</strong></span> <span class='ocrx_word' id='word_1_862' title='bbox 2799 5455 3133 5515; x_wconf 88' lang='lat' dir='ltr'><strong>meditandis</strong></span> <span class='ocrx_word' id='word_1_863' title='bbox 3153 5464 3580 5528; x_wconf 78' lang='lat' dir='ltr'><strong>occuparentur.</strong></span> 
     </span>
    </p>
   </div>
  </div>
