4062 6208
457 216 551 272 Nil
1409 219 1466 272 S.
1492 217 1766 275 CYRILLI
1812 221 2280 278 ALEXANDRINI
2319 222 2638 280 ARCHIEP.
3608 219 3710 278 I32

451 348 562 388 non
592 347 782 403 parum
816 333 898 388 eis
930 313 1057 388 inde
1099 334 1354 391 utilitatis
1387 339 1726 394 adfuturum.
1761 341 1802 394 A
1845 341 2026 412 ﬁguris

2133 343 2245 408 ἕξιν
2270 344 2607 416 ἀναδρομὴν,
2638 343 2729 396 καὶ
2767 341 2859 396 τὸν
2883 343 2978 395 ἐπὶ
3005 343 3072 413 τῇ
3110 340 3326 414 δουλεία⁵
3359 340 3577 413 θρῆνον,
3621 341 3717 394 καὶ

453 425 622 494 igitur
673 426 742 481 ad
791 427 1045 481 veritatis
1083 428 1419 496 agnitionem
1472 430 1662 497 delati,
1696 434 2026 502 reperiemus

2128 435 2225 505 τὴν
2265 437 2356 490 ἐπὶ
2385 435 2493 488 τῶν
2527 434 2834 489 καλλίστων
2865 435 3194 505 προσευχήν.
3247 434 3363 487 Οὑκ
3394 434 3580 503 ἠγνόει
3602 432 3717 504 γὰρ

455 519 714 574 Satanam
767 521 946 589 ipsum
1003 521 1227 576 assidue
1279 538 1475 592 urgere
1527 540 1624 579 eus
1672 542 1814 595 quos
1865 528 2026 582 semel

2128 526 2211 579 διά
2258 527 2360 596 τῆς
2406 528 2464 579 ὲν
2518 526 2733 590 τούτοις
2777 525 2976 596 σχολῆς
3022 526 3082 579 οὑ
3132 525 3337 596 μικρὰν
3382 525 3717 598 εὑρήσοντας

452 609 593 663 intra
639 625 736 664 sua
774 611 912 664 retia
958 610 1248 678 clauserit,
1278 621 1330 668 et
1383 614 1436 666 in
1492 614 1818 684 obsequium
1860 631 2021 670 suum

452 700 673 768 penitus
707 702 1000 758 adduxerit

2132 617 2340 688 ὄνησιν.
2386 617 2520 671 Ἀπὸ
2555 618 2621 688 δὴ
2654 617 2764 670 τῶν
2789 617 2979 670 τύπων
3006 617 3100 670 ἐπὶ
3133 617 3232 687 τὴν
3269 616 3380 670 τῶν
3417 616 3717 687 ἀληθεστέ-

2144 728 2252 780 ρων
2292 709 2666 781 θεωρημάτων
2717 709 2888 772 ἐόντες
2935 709 3272 777 ἐπίγνωσιν,
3319 709 3718 776 κατεπείγοντα

450 793 652 864 σφόδρα
697 795 790 848 τὸν
840 796 1083 850 Σατανᾶν
1132 799 1488 875 εὑρήσομεν,
1519 801 1658 870 πρὸς
1705 801 1768 854 τὸ
1814 803 2012 872 χρῆναι
2051 803 2316 874 πράττειν
2354 803 2422 856 τά
2459 804 2674 874 πονηρά
2720 804 2848 867 τοὺς
2921 802 3053 857 εἴσω
3117 803 3386 867 πεσόντας
3429 802 3539 856 τῶν
3581 803 3716 875 παρ’

445 885 612 939 αὑτοῦ
664 887 897 940 δικτύων
921 929 936 955 ,
980 891 1074 942 καὶ
1100 890 1413 962 ὁλοκλήρως
1444 873 1545 962 ἤδη
1586 895 2034 966 κεκρατημένους
2069 873 2151 960 εἰς
2182 897 2486 968 ὑπουργίαν
2510 873 2620 951 τῶν
2655 897 3000 969 ἀρεσκόντων
3033 897 3204 969 αὐτῷ.

525 978 665 1043 XIII,
703 981 794 1042 3i,
828 981 917 1033 5'2.
951 980 1080 1036 Cum
1105 999 1227 1053 ergo
1257 985 1470 1047 exisset,
1491 984 1631 1038 dixit
1655 985 1814 1040 Iesus
1834 1002 1852 1039 :
1874 985 2032 1041 Nunc

445 1071 784 1137 ciariﬁcatus
814 1078 892 1124 est
934 1068 1111 1126 Filius
1140 1072 1389 1138 hominis,
1425 1083 1474 1127 et
1511 1073 1653 1128 Deus
1697 1076 2035 1143 clariﬁcatus

442 1170 517 1213 est
545 1163 700 1214 ineo.
727 1163 786 1215 Si
814 1160 952 1216 Deus
975 1163 1304 1233 clariﬁcatus
1340 1174 1417 1219 est
1451 1166 1502 1218 in
1542 1182 1624 1230 eo,
1660 1176 1710 1220 et
1747 1166 1888 1220 Deus
1919 1168 2035 1221 cla-

444 1251 677 1319 riﬁcabit
726 1268 845 1306 eum
899 1254 953 1306 in
985 1257 1356 1326 semetipso,“
1413 1259 1660 1311 continuo
1704 1257 2018 1326 clariﬁcabit

441 1359 587 1397 eum.

517 1435 638 1488 Exit
684 1435 904 1504 quidem
967 1436 1220 1504 proditor
1262 1436 1471 1492 diaboli
1519 1440 1730 1494 artibus
1793 1443 2027 1497 obsecu-

447 1534 607 1580 turus
646 1544 659 1582 :
693 1527 952 1582 Christus
1021 1544 1153 1583 vero
1215 1544 1527 1585 sermonem
1587 1533 1846 1598 inchoat,
1902 1534 2029 1591 hinc

445 1618 674 1686 Iigurate
723 1620 1134 1689 quodammodo
1185 1621 1425 1677 innuens
1474 1637 1584 1677 non
1615 1639 1734 1678 esse
1767 1626 2025 1681 oumibus

446 1713 650 1781 passim
700 1713 1012 1782 evulganda
1065 1730 1188 1782 quae
1235 1716 1370 1769 solis
1419 1715 1691 1771 debentur
1742 1717 2020 1788 ingenuis.

441 1802 553 1858 Nec
583 1804 730 1858 enim
755 1805 913 1860 decet
939 1814 1196 1860 sanctum
1230 1806 1350 1860 dari
1381 1808 1635 1872 canibus,
1665 1807 1824 1877 juxta
1852 1809 2026 1878 ipsius
2059 1791 2100 1846 Β

443 1911 632 1951 vocem
662 1899 707 1959 ’,
738 1896 835 1952 sed
887 1910 1066 1968 neque
1119 1901 1455 1969 margaritas
1502 1903 1816 1972 proculcari
1861 1919 2024 1958 suum

445 1988 702 2058 pedibus.
745 1990 900 2056 Quod
938 1991 1109 2060 igitur
1135 1993 1300 2047 etiam
1336 1994 1491 2063 prius
1533 1994 1720 2064 specie
1749 1995 2027 2064 parabolae

442 2085 610 2146 dixit,
645 2085 749 2139 hoc
781 2085 984 2140 docere
1013 2099 1245 2141 conatur
1279 2096 1530 2158 tempore
1558 2088 1626 2143 ad
1655 2103 1795 2158 Opus
1823 2097 1876 2143 et
1907 2089 2026 2142 cla-

441 2179 646 2233 riorem
674 2177 1205 2236 demonstrationem
1233 2190 1484 2236 vocante.
1507 2180 1640 2236 Post
1663 2181 2026 2237 defectionem

442 2269 614 2339 igitur
646 2285 711 2324 ac
760 2270 1066 2327 discessum
1113 2273 1433 2342 proditoris,
1480 2273 1855 2328 communicat
1906 2283 2028 2328 tan-

441 2360 568 2414 dem
605 2369 665 2416 ut
709 2377 957 2433 congruo
999 2363 1260 2418 nimirum
1297 2374 1547 2435 tempore
1577 2366 1830 2436 genuinis
1857 2364 2030 2420 disci-

439 2452 588 2520 pulis
635 2457 921 2525 mysteria,
952 2462 1007 2510 et
1050 2457 1164 2511 ait:
1197 2475 1217 2508 ι
1249 2455 1405 2511 Nunc
1443 2457 1782 2512 cIarilicatus
1817 2466 1900 2512 est
1942 2455 2032 2511 Fi-

442 2545 552 2600 lius
584 2545 850 2611 hominis,
895 2566 913 2599 ι
958 2557 1013 2602 et
1043 2562 1140 2617 per
1171 2547 1276 2602 hoc
1307 2547 1530 2618 quidem
1564 2549 1863 2602 salutarem
1905 2563 2031 2617 pas-

442 2640 657 2693 sionem
695 2639 973 2709 significat
1000 2639 1138 2709 ipsis
1168 2639 1279 2708 jam
1313 2640 1527 2695 foribus
1567 2640 1947 2694 imminentem
1975 2647 2031 2694 et

445 2730 607 2799 paulo
647 2739 772 2800 post
820 2731 1085 2786 futuram.
1119 2730 1494 2786 Clarilicatum
1521 2747 1653 2785 vero
1693 2730 1892 2785 Filium
1933 2731 2030 2784 ho-

443 2823 615 2877 minis
660 2822 758 2883 ait,
803 2839 914 2877 non
957 2822 1234 2878 diversum
1261 2839 1290 2876 a
1323 2839 1383 2878 se
1421 2823 1592 2876 alium
1629 2822 1922 2892 quemdam
1955 2821 2032 2876 si~

439 2913 738 2979 guiﬁcans,
762 2931 867 2968 non
891 2914 1136 2979 divisim,
1157 2923 1217 2968 ut
1240 2916 1416 2969 visum
1446 2923 1528 2969 est
1557 2915 1860 2977 nonnullis,
1889 2931 2030 2970 unus

439 3006 584 3060 enim
637 3005 812 3062 Filius
874 3006 1154 3070 Christus,
1207 3013 1262 3061 et
1318 3016 1446 3060 ante
1493 3021 1740 3071 carnem,
1791 3014 1845 3062 et
1905 3021 2028 3061 cum

2207 989 2349 1044 ’Ὅτε
2378 985 2494 1045 οὖν
2531 990 2784 1059 ἐξῆλθε,
2828 990 2992 1059 λέγει
3029 992 3064 1044 ὁ
3107 988 3347 1057 Ἰησοῦς
3369 1004 3382 1019 ·
3418 987 3554 1044 Νῦν
3582 990 3717 1046 ἐδο-

2134 1081 2332 1150 ξάσθη
2373 1085 2408 1136 ό
2466 1083 2601 1148 Υἱὸς
2641 1083 2750 1136 τοῦ
2795 1080 3144 1150 ἀνθρώπου,
3195 1081 3296 1134 καὶ
3333 1083 3367 1134 ό
3401 1080 3546 1146 Θεὸς
3580 1081 3715 1134 ἐδο-

2135 1173 2333 1242 ξάσθη
2370 1174 2440 1228 ἐν
2481 1173 2663 1239 αὐτῷ.
2700 1175 2771 1228 El
2811 1176 2844 1229 ό
2876 1172 3023 1239 Θεὸς
3077 1171 3380 1240 ἐδοξάσθη
3426 1172 3497 1224 ἐν
3532 1171 3711 1237 αὐτῷ,

2135 1266 2232 1319 καὶ
2266 1266 2450 1332 αὐτὸς
2490 1265 2741 1331 δοξάσει
2788 1265 2978 1320 αὐτὸν
3014 1265 3085 1319 ἐν
3114 1263 3338 1331 ἐαυτῷ,
3382 1264 3482 1318 καὶ
3534 1264 3720 1330 εὐθὺς

2134 1354 2385 1420 δοξάσει
2415 1358 2636 1410 αὐτόν.’

2207 1448 2416 1513 Ἔξεισι
2460 1448 2559 1518 μὲν
2596 1449 2624 1501 ὁ
2661 1446 2928 1520 προδότης
2955 1447 3068 1510 τοῖς
3104 1441 3200 1498 τοῦ
3241 1443 3485 1498 διαϐόλου
3516 1462 3718 1517 στρατ-

2131 1541 2413 1612 ηγήμασιν
2443 1539 2826 1611 ὑπηρετήσων·
2874 1537 3103 1609 ἄρχεται
3149 1534 3208 1588 δὲ
3247 1533 3342 1588 τοῦ
3381 1535 3540 1605 λόγου
3583 1537 3719 1609 Χρι-

2132 1635 2276 1699 στὸς,
2305 1633 2406 1686 οὑκ
2447 1633 2529 1696 εἰς
2555 1631 2655 1694 τὰς
2681 1631 2900 1684 πάντων
2927 1629 3097 1693 ἀκοάς
3121 1628 3191 1682 τά
3231 1627 3417 1699 μόνοις
3437 1628 3719 1699 πρέποντα

2129 1729 2242 1791 τοῖς
2272 1725 2518 1797 γνησίοις
2557 1722 2840 1777 λαλεῖσθαι
2878 1723 2989 1776 δεῖν
3009 1763 3024 1783 ,
3068 1721 3144 1784 ὡς
3176 1722 3233 1774 ὲν
3261 1720 3418 1791 τύπῳ
3441 1760 3457 1784 ,
3508 1721 3603 1775 καὶ
3628 1721 3720 1775 διὰ

2130 1817 2323 1872 τούτου
2349 1817 2639 1871 διδάσκων.
2674 1817 2750 1892 Οὑ
2780 1815 2891 1885 γὰρ
2921 1814 3123 1868 διδόναι
3152 1813 3420 1883 προσήκει
3456 1812 3518 1866 τὸ
3557 1811 3717 1881 ἅγιον

2128 1914 2242 1974 τοῖς
2269 1910 2416 1973 κυσὶ,
2448 1909 2591 1963 κατά
2628 1907 2728 1980 τὴν
2756 1905 2924 1960 αὑτοῦ
2948 1905 3153 1976 φωνὴν,
3183 1904 3298 1958 ἀλλ’
3317 1903 3438 1958 οὐδὲ
3465 1907 3578 1967 τοῖς
3603 1904 3714 1959 ὑῶν

2130 1998 2513 2071 ὲνυὸρίζεσθαι
2546 1998 2673 2052 ποσὶ
2701 1999 2831 2062 τοὺς
2868 1996 3214 2068 μαργαρίτας
3254 1996 3374 2066 ὲᾷν.
3409 1995 3588 2067 Ὅπερ
3621 1991 3716 2050 οὖν

2131 2091 2234 2163 ἔφη
2271 2091 2367 2144 καὶ
2413 2091 2714 2163 πρότερον,
2765 2090 2842 2154 ὡς
2887 2091 2945 2142 ὲν
2974 2088 3102 2142 εῖδει
3146 2088 3505 2159 παραϐολῆς,
3557 2087 3719 2141 τοῦτο

2131 2185 2392 2256 πειρᾶται
2430 2183 2705 2239 διδάσκειν
2751 2182 2948 2254 καιροῦ
2991 2181 3288 2245 καλοῦντος
3316 2182 3398 2245 είς
3428 2181 3589 2252 ἔργον
3621 2182 3718 2234 καὶ

2133 2274 2476 2345 σαφεστέραν
2529 2273 2812 2340 ἐπίδειξιν.
2866 2274 3022 2328 Μετὰ
3066 2273 3246 2327 τοίνυν
3296 2271 3389 2326 τοῦ
3442 2272 3709 2342 προδότου

2132 2365 2231 2435 τὴν
2261 2365 2563 2423 ἀπόστασιν
2602 2367 2697 2419 καὶ
2725 2366 2826 2436 τῆς
2866 2365 3054 2429 ἑστίας
3095 2365 3196 2436 τὴν
3219 2365 3552 2437 ἀποδρομὴν,
3579 2366 3716 2418 άνα-

2131 2457 2410 2511 κοινοῦται
2449 2457 2665 2521 λοιπὸν,
2701 2456 2778 2520 ὡς
2824 2457 2884 2511 ἐν
2913 2456 3092 2528 καιρῷ
3139 2455 3219 2528 τῷ
3258 2456 3549 2528 πρέποντι,
3596 2459 3719 2518 τοῖς

2130 2549 2376 2620 γνησίοις
2424 2548 2534 2601 τῶν
2592 2547 2855 2619 μαθητῶν
2907 2547 2976 2601 τὰ
3018 2549 3334 2619 μυστήρια,
3379 2546 3474 2600 καί
3531 2562 3710 2617 φησι·

2139 2662 2156 2694 ι
2189 2641 2304 2697 Νῦν
2325 2639 2585 2712 ἐδοξάσθη
2601 2643 2629 2694 ό
2649 2641 2779 2704 Υίὸς
2803 2640 2898 2694 τοῦ
2923 2639 3211 2713 ἀνθρώπου
3236 2657 3249 2670 ο
3284 2659 3302 2691 ι
3333 2639 3428 2692 καὶ
3461 2639 3720 2709 σημαίνει

2136 2734 2235 2806 μὲν
2257 2734 2347 2787 διὰ
2366 2733 2557 2787 τούτου
2583 2734 2644 2786 τὸ
2677 2735 2943 2804 σωτήριον
2977 2733 3167 2797 πάθος,
3203 2732 3279 2795 ὡς
3303 2731 3362 2785 ὃν
3397 2731 3488 2785 ἐπὶ
3525 2731 3718 2800 θύραις

2132 2845 2194 2880 τε
2246 2828 2342 2880 καὶ
2387 2827 2487 2896 ἥδη
2525 2826 2901 2896 παρεσόμενον
2951 2824 3088 2896 μετά
3138 2824 3331 2896 βραχύ.
3385 2823 3717 2889 Δεδοξάσθαι

2133 2936 2197 2988 γε
2233 2918 2340 2988 μὴν
2384 2917 2476 2972 τὸν
2519 2917 2648 2971 Υἰὺν
2687 2917 2781 2970 τοῦ
2833 2915 3122 2989 ἀνθρώπου
3155 2916 3356 2986 φησὶν,
3387 2917 3484 2988 οὑχ
3527 2915 3718 2984 ἔτερόν

2133 3025 2255 3062 τινα
2294 3007 2470 3076 λέγων
2519 3009 2651 3078 παρ’
2696 3008 2910 3074 ἑαυτὸν,
2958 3007 3017 3060 οὑ
3051 3005 3422 3080 διῃρημένως,
3455 3005 3715 3074 καθάπερ

441 3115 631 3166 carne,
669 3109 723 3155 et
775 3101 1098 3172 priusquam
1156 3102 1321 3155 homo
1381 3099 1535 3154 ﬁeret
1585 3099 1747 3154 sicuti
1808 3115 1934 3166 nos,
1977 3113 2026 3156 et

2141 3097 2290 3164 ἔδοξέ
2315 3115 2485 3152 τισιν*
2517 3093 2599 3162 εἷς
2636 3097 2746 3169 γάρ
2777 3098 2906 3161 Υἱὸς
2930 3099 2960 3151 ὁ
2991 3098 3227 3170 Χριστὸς
3249 3140 3264 3164 ,
3296 3097 3391 3150 καὶ
3435 3096 3542 3169 πρὸ
3583 3112 3720 3167 σαρ-

441 3200 735 3262 postquam
769 3191 948 3248 Iactus
986 3202 1071 3248 est
1116 3192 1304 3248 homo.
1333 3189 1622 3256 Quomodo
1655 3206 1786 3245 vero
1821 3191 2022 3245 clariﬁ-

2141 3191 2254 3255 κὸς,
2292 3192 2384 3244 καὶ
2414 3189 2552 3261 μετὰ
2593 3189 2815 3260 σαρκὸς,
2865 3188 2961 3242 καὶ
3008 3188 3138 3258 πρὶν
3175 3187 3459 3259 ἄνθρωπος
3488 3187 3718 3258 γένηται

440 3296 626 3340 catum
681 3301 742 3340 se
783 3301 911 3340 esse
944 3283 1197 3345 allirmet,
1228 3283 1592 3354 quaarendum
1642 3291 1749 3339 est.
1785 3283 2026 3339 Dixerinl

2135 3281 2257 3335 καθ’
2288 3281 2454 3350 ἡμᾶς,
2487 3279 2585 3333 καὶ
2610 3279 2701 3332 ὅτε
2733 3279 2955 3348 γέγονεν
2997 3278 3308 3349 ἄνθρωπος.
3357 3277 3432 3333 Τὸ
3463 3276 3520 3330 δὲ
3563 3277 3716 3339 ὅπως

437 3377 584 3430 enim
623 3375 812 3432 forsan
849 3377 1018 3446 aliqui
1046 3397 1059 3432 :
1091 3374 1282 3431 Nonne
1309 3387 1360 3432 et
1390 3377 1542 3446 prius
1579 3374 1918 3429 clariﬁcatus
1946 3382 2026 3429 est

2131 3372 2447 3438 δεδοξάσθαι
2471 3369 2888 3443 διῖσχυρίξεται,
2920 3369 3199 3442 ζητητέον.
3238 3370 3400 3422 Φαῖεν
3439 3369 3548 3439 γάρ
3582 3368 3717 3431 ἴσως

439 3482 564 3520 eum
600 3466 865 3522 miracula
897 3465 1279 3522 faceret?Nain
1303 3482 1413 3520 uno
1433 3466 1599 3522 verbo
1625 3466 1840 3537 placato
1865 3465 2028 3530 mari,

437 3568 493 3613 et
516 3559 830 3613 vehementi
851 3567 1142 3614 ventorum
1184 3560 1387 3628 impetu
1417 3561 2030 3629 compresso.adoratus

438 3661 523 3705 cst
555 3651 776 3720 quidem
803 3652 872 3706 ab
901 3652 970 3706 iis
1007 3651 1099 3720 qui
1128 3653 1184 3705 in
1213 3652 1430 3722 navigio
1459 3661 1592 3706 tunc
1617 3661 1794 3717 erant,
1830 3653 2030 3706 audiit-

439 3757 548 3811 que
567 3761 578 3796 :
599 3761 618 3794 ι
644 3740 974 3798 νειεἛίιὶυε
992 3742 1084 3797 Dei
1109 3760 1168 3798 cs
1188 3745 1228 3798 ³.
1257 3764 1274 3795 ›
1303 3743 1597 3810 Praeterea,
1614 3759 1739 3798 cum
1758 3743 2025 3799 Lazarum

440 3833 508 3888 ad
557 3833 728 3887 vitam
767 3835 969 3889 reverti
1010 3834 1295 3903 iussisset,
1334 3835 1474 3890 adeo
1532 3835 1750 3890 celebre
1784 3833 1887 3888 fuit
1926 3833 2028 3888 mi—

440 3924 716 3987 raculum,
764 3935 823 3980 ut
875 3935 928 3980 et
985 3925 1133 3980 circa
1173 3925 1296 3982 festi
1333 3935 1548 3996 tempus
1585 3925 2025 3999 Hierosolymam

440 4014 760 4070 ascendenti
812 4031 1006 4072 omnes
1070 4017 1122 4072 ei
1181 4033 1289 4072 una
1345 4033 1470 4072 cum
1535 4017 1722 4087 pueris
1761 4033 2026 4073 occurre-

440 4105 574 4170 rint,
593 4115 647 4161 et
678 4105 877 4162 faustis
902 4109 1182 4164 ominibus
1210 4126 1336 4165 eum
1369 4111 1642 4178 persecuti
1673 4109 1808 4174 sint,
1830 4109 2024 4165 dicen-

438 4205 523 4252 tes
556 4214 570 4250 :
611 4219 630 4250 ‹
667 4197 996 4255 Benedictus
1047 4205 1140 4271 qui
1170 4203 1319 4256 venit
1346 4202 1400 4256 in
1430 4202 1655 4257 nomine
1685 4200 1958 4256 Domini‘.
2000 4219 2019 4253 ι

438 4288 600 4362 745
627 4289 731 4344 Sed
777 4299 832 4346 et
881 4291 1074 4348 fractis
1105 4295 1350 4364 quinque
1395 4295 1632 4364 panibus
1681 4308 1744 4346 ac
1799 4291 2019 4348 duobus

442 4382 727 4451 pisciculis
765 4383 1080 4438 universam
1117 4383 1529 4439 multitudinem
1580 4398 1771 4438 eorum
1820 4383 1916 4454 qui
1951 4384 2020 4439 ad

2129 3465 2306 3529 τινές·
2338 3466 2409 3518 Ἢ
2439 3465 2548 3535 γάρ
2578 3464 2850 3534 οὑχ“ι,’καὶ
2885 3464 3151 3536 πρότερον
3190 3461 3564 3534 τερατοποιῶν
3591 3460 3712 3514 ἐδο-

2132 3559 2356 3625 ξάζετος
2411 3557 2609 3610 Καίτοι
2681 3555 2958 3610 θάλασσαν
3013 3555 3114 3626 μὲν
3173 3553 3566 3624 ἀγριαίνουσαν
3630 3553 3716 3606 ἐνὶ

2128 3652 2458 3722 δυσωπήσας
2481 3649 2646 3720 λόγῳ,
2681 3649 2776 3702 καὶ
2809 3648 3130 3719 βιαιοτάτων
3155 3647 3482 3718 πνευμάτων
3515 3646 3718 3701 ἀνακό-

2126 3743 2236 3812 ψας
2275 3741 2486 3815 φοράν,
2548 3738 2928 3811 προσεκυνήθη
2987 3739 3086 3809 μὲν
3141 3737 3295 3808 παρὰ
3360 3736 3469 3790 τῶν
3529 3737 3586 3788 ἐν
3633 3731 3716 3804 τῷ

2130 3837 2301 3908 πλοίῳ
2345 3837 2490 3899 τότε,
2527 3836 2728 3905 ἢκουσε
2761 3833 2848 3900 δὲ,
2901 3833 2984 3886 ὅτι
3036 3850 3055 3884 ι
3111 3829 3353 3902 Ἀληθῶς
3394 3829 3530 3883 Θεοῦ
3582 3828 3714 3894 Υἱὸς

2127 3927 2196 3986 εἴ.
2244 3950 2262 3983 ι
2299 3930 2409 3983 Καὶ
2463 3929 2570 4000 μὴν
2623 3927 2718 3980 καὶ
2780 3926 2872 3978 τὸν
2917 3926 2975 3977 ὲν
3041 3926 3107 3995 τῇ
3161 3922 3404 3994 Βηθανία
3452 3919 3714 3993 Λάζαρον

2128 4021 2563 4094 παλινδρομῖβαι
2629 4015 2943 4089 προστάξας
3009 4016 3089 4078 είς
3160 4013 3349 4082 ζωὴν,
3421 4012 3714 4083 διαϐόητον

2126 4117 2253 4188 ἔσχε
2303 4115 2365 4168 τὸ
2398 4113 2618 4184 θαῦμα,
2670 4111 2746 4174 ὠς
2791 4110 2886 4163 καὶ
2911 4107 3255 4194 ἀναϐαίνοντι
3303 4105 3444 4160 κατά
3481 4106 3574 4159 τὸν
3608 4105 3713 4176 τῆς

2125 4207 2319 4279 ἑορτῆς
2396 4204 2586 4274 καιρὸν
2671 4204 2750 4266 εἰς
2848 4200 3201 4270 Ἰεροσόλυμα
3282 4198 3710 4271 προῦπαντῆσαι

2127 4299 2452 4368 σύμπαντας
2502 4292 2639 4365 ὁμοῦ
2697 4295 2811 4355 τοῖς
2887 4293 3138 4361 νηπίοις,
3219 4288 3314 4344 καὶ
3375 4289 3712 4357 άξιάγαστον

2124 4385 2276 4458 αὑτῷ
2321 4384 2420 4456 τὴν
2474 4383 2751 4454 εὐφημίαν
2803 4380 3134 4435 ἀναπλέκειν
3197 4379 3495 4447 λέγονταςο
3551 4398 3570 4431 ι
3604 4378 3714 4433 Εὑ-

440 4489 502 4528 se
534 4474 920 4528 conﬂuxerant
958 4476 1180 4529 satiavit
1215 4477 1428 4545 absque
1465 4476 1651 4543 pueris
1691 4484 1746 4530 et
1772 4476 2020 4530 mulieri-

2128 4478 2422 4550 λογημένος
2447 4479 2476 4529 ό
2509 4476 2799 4547 ἐρχόμενος
2830 4474 2888 4524 ὲν
2925 4473 3149 4544 ὀνόματι
3210 4472 3436 4544 Κυρίου.
3476 4492 3495 4524 ι
3548 4471 3712 4527 Ἀλλὰ

443 4565 564 4628 bus,
597 4564 663 4617 ad
693 4566 939 4634 quinque
966 4566 1213 4618 virorum
1246 4566 1438 4619 millia.
1469 4565 1606 4619 Tam
1640 4565 1859 4620 illustre
1890 4581 2020 4620 vero

442 4655 771 4710 miraculum
811 4657 958 4710 istud
1007 4658 1290 4712 nonnullis
1345 4658 1524 4712 visum
1571 4666 1680 4722 est,
1717 4664 1777 4710 ut
1835 4673 1900 4712 ea
1965 4674 2023 4714 re

443 4747 739 4817 plurimum
775 4749 991 4802 attoniti
1021 4765 1202 4820 regem
1225 4765 1350 4805 eum
1378 4766 1566 4806 creare
1591 4751 1793 4807 vellent
1813 4752 1834 4783 ⁸
1863 4765 1876 4804 :
1916 4752 2022 4806 hoc

440 4839 587 4893 enim
622 4839 958 4910 evangelista
981 4841 1143 4896 nobis
1174 4848 1412 4898 testatus
1441 4849 1547 4899 est.
1609 4841 1835 4898 DiIIicile
1888 4859 2020 4899 vero

444 4946 554 4985 non
585 4942 671 4986 est
706 4932 1045 5001 ejuscemodi
1081 4934 1330 5004 exempla
1363 4949 1696 5006 congerere,
1729 4935 1902 4989 nihilo
1955 4937 2022 4992 iis

442 5039 567 5093 quae
623 5025 917 5081 retulimus
974 5024 1260 5084 inferiora.
1303 5026 1592 5094 Quomodo
1651 5027 1818 5098 igitur
1877 5022 2024 5083 nunc

445 5117 804 5173 clariﬁcatum
843 5135 902 5173 se
927 5117 1082 5184 dicit,
1124 5119 1220 5190 qui
1255 5127 1311 5174 et
1343 5121 1474 5174 olim
1517 5119 1859 5176 clarificatus
1893 5121 2023 5177 est?

445 5209 787 5268 Clarilicatus
817 5212 963 5266 enim
1016 5221 1100 5268 est
1124 5212 1288 5268 etiam
1320 5227 1389 5267 ex
1436 5213 1582 5277 aliis,
1623 5220 1679 5268 et
1711 5214 1895 5267 divina
1925 5229 2023 5283 po-

445 5309 640 5356 testate
669 5303 932 5372 prieditus
957 5305 1305 5360 credebatur.
1359 5303 1566 5359 Tamen
1614 5305 2024 5359 consummatio

445 5390 633 5460 gloria:
662 5391 716 5445 in
750 5394 1006 5462 passione
1045 5397 1149 5451 sita
1181 5408 1318 5461 erat,
1351 5410 1512 5465 quam
1552 5411 1651 5464 pro
1683 5395 1871 5448 mundi
1907 5397 2014 5448 vita

447 5481 729 5546 sustinuit,
760 5492 814 5536 ct
844 5485 896 5537 in
927 5500 992 5538 eo
1019 5487 1164 5556 quod
1202 5503 1297 5557 per
1326 5486 1565 5556 scipsum
1591 5486 2013 5541 resurrectionis

2119 4572 2214 4627 καὶ
2264 4570 2426 4623 πέντε
2489 4565 2788 4627 διακλάσας
2848 4562 3049 4634 ἄρτους
3119 4561 3289 4628 ποτὲ,
3353 4562 3445 4616 καὶ
3505 4560 3713 4632 ὀψάρια

2117 4663 2230 4728 δύο,
2263 4659 2588 4733 κορεσθῆναι
2656 4656 3031 4727 παρεσκεύασε
3074 4653 3172 4723 τὴν
3231 4655 3341 4708 τῶν
3405 4658 3491 4708 ἐπ’
3545 4655 3712 4708 αὑτὸν

2120 4751 2635 4825 συνδεδραμηκότων
2684 4749 2928 4820 πληθὺν,
2959 4749 3079 4818 δίχα
3131 4749 3337 4820 νηπίων
3387 4750 3481 4801 καὶ
3511 4765 3712 4816 γυναι-

2119 4845 2253 4906 κῶν,
2281 4845 2362 4908 είς
2391 4845 2551 4897 πέντε
2572 4841 2950 4894 συντείνουσαν
2974 4839 3220 4910 χιλιάδας
3240 4840 3468 4911 ἀνδρῶν.
3505 4839 3712 4895 Ἐδόκει

2119 4937 2176 4989 δὲ
2211 4935 2386 4998 οὑτως
2423 4931 2643 4995 εὐκλεὲς
2679 4931 2741 4983 τὸ
2786 4932 3321 5000 τερατουργούμενον
3367 4925 3506 4982 εἷναί
3541 4947 3708 4994 τισιν,

2119 5029 2194 5089 ὡς
2220 5027 2317 5098 τὴν
2347 5025 2441 5080 τοῦ
2473 5024 2799 5096 πράγματος
2829 5022 3390 5090 καταπεπληγμένους
3411 5023 3708 5093 ὑπεροχὴν,

2121 5120 2305 5189 ζητεῖν
2335 5117 2496 5172 αὑτὸν
2534 5115 2806 5181 ἀναδεῖξαι
2860 5117 2954 5168 καὶ
2983 5113 3208 5184 βασιλέα
3229 5129 3243 5145 ⁸
3283 5113 3440 5167 τοῦτο
3472 5115 3579 5184 γάρ
3605 5115 3712 5167 αὑ-

2121 5212 2209 5274 τὸς
2240 5211 2370 5280 ἡμῖν
2411 5209 2439 5260 ὁ
2465 5204 2854 5277 εὑαγγελιστὴς
2901 5205 3323 5277 διεμαρτύρατο.
3364 5205 3614 5259 Χαλεπδν
3649 5205 3708 5259 δὲ

2122 5303 2294 5365 οὐδὲν,
2321 5301 2414 5353 καὶ
2439 5299 2507 5352 δι’
2535 5300 2739 5369 ἑτέρων
2775 5299 2915 5352 ὅσων
2959 5299 3053 5353 καὶ
3089 5298 3295 5366 σφόδρα
3333 5298 3540 5352 πλατὺν
3569 5298 3711 5352 ἰέναι

2125 5397 2214 5447 τὸν
2242 5394 2417 5462 λόγον,
2434 5392 2542 5445 τῶν
2569 5391 2772 5463 ἀρτίως
2801 5394 2932 5463 ἡμῖν
2949 5389 3418 5462 άπηριθμὴμένων
3447 5391 3712 5461 πραγμά-

2120 5504 2228 5539 των
2269 5488 2389 5539 κατ’
2437 5485 2588 5538 οὐδὲν
2620 5484 2938 5556 ἡττωμένην
2978 5484 3075 5555 τὴν
3099 5482 3258 5548 δόξαν
3291 5485 3542 5554 ἐχόντων.
3582 5482 3710 5554 Πῶς

523 5669 542 5698 ³
581 5665 770 5724 Matth.
807 5684 916 5733 vn,
951 5667 1003 5720 6.
1086 5667 1103 5697 ³
1145 5665 1334 5721 Matth.
1375 5684 1486 5734 xiv,
1517 5669 1603 5721 55.
1684 5668 1703 5699 "
1744 5666 1934 5721 Matth.
1971 5683 2060 5722 xu
2087 5711 2100 5736 ,
2134 5669 2185 5725 9.
2265 5671 2281 5698 "
2331 5667 2484 5724 Ioan.
2524 5683 2612 5728 vr,
2650 5667 2736 5724 l5.
