4062 6208
299 233 411 292 155

1271 234 1336 289 ΙΝ
1381 233 1666 293 JOAN'NIS
1719 233 2169 291 EVANGELIUM
2217 234 2345 290 LIB.
2385 234 2474 290 1X.

3470 233 3574 290 ιδι

298 349 396 407 οὖν
439 352 552 423 ἄρα
614 352 796 408 λοιπὸν
826 355 854 408 δ
881 354 974 408 καὶ
1029 353 1198 407 πάλαι
1257 352 1669 425 δεδοξασμένος,
1701 353 1869 407 ἑαυτὸ·

1999 354 2244 408 omnium
2284 351 2507 406 modum
2542 349 2846 404 innovavit.
2882 348 3016 402 Nam
3067 349 3110 405 si
3159 349 3424 404 rationem
3459 365 3574 420 my-

298 446 421 498 νυνὶ
453 443 766 508 δεδοξάσθαι
798 445 931 516 φησί
960 463 974 511 ;
1007 443 1334 511 Δεδόξασται
1363 445 1474 516 7&9
1531 446 1626 499 καὶ
1673 445 1740 497 δι’
1777 447 1894 498 ἐτὲο

299 550 436 604 ρων,
488 532 585 587 καὶ
615 532 955 606 θεοπρεποῦς
985 535 1234 600 ἐξουσίας
1276 535 1545 606 ὑπόληψιν
1571 535 1711 606 ἔχων
1736 536 1892 605 ἐφαί-

299 641 442 678 νετο.
456 624 532 678 Τό
555 640 619 693 γε
651 625 759 696 μὴν
799 626 902 697 τῆς
930 627 1090 698 δόξης
1126 628 1352 694 τέλειον,
1380 629 1473 682 καὶ
1499 628 1600 699 τῆς
1636 627 1888 693 εὐκλείας

299 714 362 767 τὸ
391 715 596 785 πλῆρες
615 715 674 768 ἐν
702 716 899 788 ἐκείνῳ
931 719 1148 784 πάντως
1185 714 1256 791 ἦν
1293 722 1351 773 ἐν
1381 720 1461 790 τῷ
1498 719 1688 773 παθεῖν
1721 719 1888 772 αὑτὸν

303 805 444 875 ὑπὲρ
475 806 574 876 τῆς
592 807 689 860 τοῦ
708 807 914 879 κόσμου
944 810 1110 881 ζωῆς,
1139 811 1233 864 καὶ
1269 810 1335 864 δι’
1359 810 1554 864 ἐαυτοῦ
1587 813 1685 881 τῆς
1711 811 1886 864 ἀπάν-

299 913 406 949 των
454 897 806 963 ἀναστάσεως
856 904 1250 973 καινοτομῆσαι
1274 902 1366 956 τὸν
1403 901 1624 972 τρόπον.
1653 900 1885 954 Βασανί-

299 989 482 1052 ζον-τες
507 989 618 1061 7&9
636 1031 652 1055 ,
681 989 758 1054 ὡς
787 989 890 1056 ενι,
918 991 1097 1056 καλῶς
1118 992 1212 1046 τοῦ
1247 993 1368 1048 κατ’
1395 992 1556 1046 αὐτὸν
1586 991 1886 1064 μυστηρίου

293 1078 383 1132 τὸν
411 1078 592 1148 λόγον,
627 1080 726 1152 οὐχ
756 1082 936 1154 ἐαυτῷ
978 1083 1162 1154 τυχὸν,
1198 1084 1319 1138 οὐδὲ
1356 1084 1562 1157 κυρίως
1590 1083 1656 1137 δι’
1694 1085 1887 1137 ἑαυτὸν

292 1169 567 1225 τεθνεῶτα
589 1174 959 1244 κατοψόμεθα,
985 1176 1100 1229 ἀλλ’
1125 1177 1265 1248 ὑπὲρ
1295 1178 1513 1248 ἁπάσης
1551 1177 1652 1248 τῆς
1680 1176 1885 1247 ἀνθρω-

292 1261 545 1332 πὸτητος,
583 1265 772 1320 παθεῖν
797 1283 857 1320 τε
883 1268 976 1321 καὶ
1001 1268 1218 1338 δρᾶσαι,
1243 1269 1304 1322 τό
1323 1285 1383 1322 τε
1411 1268 1582 1333 πάθος
1607 1267 1758 1334 αὐτὸ,
1790 1270 1883 1323 καὶ

293 1353 407 1421 μετ’
449 1354 629 1408 ἐκεῖνο
655 1356 754 1427 τὴν
803 1358 1122 1413 ἀνάστασιν.
1175 1358 1422 1431 Τέθνηκε
1468 1360 1566 1430 μὲν
1598 1359 1706 1431 7&9
1738 1358 1884 1413 κατά

289 1445 384 1516 τὴν
415 1447 600 1520 σάρκα
625 1449 726 1520 τῆς
759 1451 1015 1506 ἁπάντων
1061 1453 1206 1524 ζωῆς
1243 1453 1574 1525 ἀντίρροπον
1603 1453 1703 1524 τὴν
1741 1452 1880 1508 ἰδίαν

290 1539 650 1605 ἀποδεικνὺς,
683 1542 778 1596 καὶ
833 1543 932 1615 τῆς
985 1545 1220 1615 ἀρχαίας
1274 1545 1492 1618 ἐκείνης
1541 1545 1878 1616 ἀποπληρῶν

289 1627 428 1696 ἀρᾶς
481 1629 540 1681 ἐν
587 1629 767 1698 ἐαυτῷ
827 1631 927 1702 τὴν
987 1633 1218 1704 δύναμιν
1255 1636 1284 1688 ὁ
1335 1633 1554 1688 πάντων
1603 1634 1874 1700 ἀντάξιος.

1998 446 2154 500 sterii
2189 444 2373 508 istius,
2407 441 2586 513 quoad
2622 442 2769 506 licet,
2815 449 2963 495 recte
3025 441 3420 509 expendamus,
3465 457 3572 494 non

1948 521 1951 523 ’
1995 535 2100 590 sibi
2139 534 2243 604 ipsi
2271 548 2449 602 neque
2478 530 2701 602 proprie
2737 539 2962 600 propter
3005 529 3248 598 seipsum
3293 538 3572 583 mortuum

1992 621 2327 684 videbimus,
2359 620 2451 675 sed
2482 635 2582 689 pro
2613 619 2872 674 universa
2906 619 3268 680 humanitate,
3313 627 3368 673 et
3404 620 3572 673 sust-i-

1993 713 2183 768 uuisse
2218 728 2281 766 ac
2313 711 2512 767 fecisse
2547 711 2863 780 passionem
2899 710 3096 780 ipsam,
3127 718 3182 764 et
3223 718 3347 779 post
3399 711 3573 772 illam,

1992 804 2474 860 resurrectionem.
2508 802 2757 858 Mortuus
2792 802 2937 856 enim
2975 810 3060 856 est
3107 801 3410 856 secundum
3443 816 3570 855 car-

1993 911 2137 962 nem,
2171 895 2339 950 vitam
2397 911 2554 951 suam
2605 911 2704 965 pro
2765 895 2876 948 vita
2913 893 3160 948 omnium
3226 893 3471 958 tradens,
3515 906 3570 949 et

1987 987 2193 1042 veteris
2222 985 2499 1042 maledicti
2531 985 2587 1040 in
2616 986 2805 1056 seipso
2836 985 2944 1039 vim
2981 984 3286 1054 adimplens
3342 985 3435 1040 ille
3467 1001 3570 1055 pro

1987 1078 2244 1133 omnibus
2272 1077 2630 1134 :estimandus
2657 1079 2698 1132 ‘.
2728 1077 3015 1132 Excitatus
3047 1083 3229 1131 autem
3257 1085 3340 1132 est
3372 1092 3568 1134 rursus

1985 1183 2050 1222 ex
2085 1167 2319 1222 mortuis
2347 1167 2402 1220 in
2438 1167 2606 1221 vitam
2655 1165 3133 1234 incorruptibilem
3163 1173 3217 1220 et
3263 1174 3525 1221 aeternam
3547 1209 3566 1234 ,

1985 1266 2156 1314 totam
2187 1258 2244 1312 in
2273 1257 2458 1327 seipso
2482 1257 2790 1313 suscitans‘
2817 1266 3090 1311 naturam.
3126 1275 3144 1307 ι
3185 1254 3365 1311 Semel
3416 1259 3562 1313 enim

1984 1361 2258 1414 mortuus,
2283 1359 2342 1406 ut
2371 1351 2642 1420 scriptum
2682 1359 2790 1414 est,
2819 1349 2930 1420 jam
2959 1364 3066 1402 non
3101 1350 3336 1404 moritur
3363 1369 3382 1407 :
3416 1366 3566 1405 mors

1984 1447 2059 1501 illi
2089 1459 2196 1498 non
2236 1445 2380 1499 ultra
2435 1442 2834 1496 dominabitur.
2891 1439 3050 1507 Quod
3105 1442 3252 1496 enim
3311 1451 3565 1498 mortuus

1980 1545 2067 1592 est
2093 1542 2343 1606 peccato,
2388 1541 2640 1588 mortuus
2669 1543 2752 1586 est
2781 1532 2950 1586 semel
2979 1548 2995 1596 ;
3027 1531 3174 1601 quod
3199 1543 3380 1586 autem
3406 1533 3559 1597 vivit,

1981 1629 2114 1681 vivit
2147 1627 2317 1682 Deo".
2361 1624 2664 1694 ridipsum
2702 1634 2754 1678 et
2805 1623 2872 1678 de
2930 1623 3093 1678 nobis
3149 1638 3370 1694 quoque
3426 1624 3563 1694 ipsis

301 1717 626 1788 Ἐγήγερται
673 1721 728 1772 δὲ
771 1720 931 1776 πάλιν
968 1723 1034 1776 ἐκ
1061 1721 1273 1793 νεκρῶν
1322 1724 1402 1786 είς
1449 1722 1724 1793 ἀκήρατόν
1757 1739 1869 1774 τινα

1983 1734 2170 1774 verum
2199 1719 2307 1773 erit
2335 1726 2557 1788 propter
2585 1714 2894 1771 Christum.
2933 1712 3044 1769 Nec
3093 1718 3238 1768 enim
3297 1714 3439 1770 ultra
3475 1731 3559 1769 re-

287 1811 377 1862 καὶ
409 1810 795 1882 ἀκατάληκτον
835 1813 1000 1884 ζωὴν,
1018 1814 1148 1886 ὃλην
1181 1816 1239 1868 ἐν
1268 1813 1445 1884 ἐαυτῷ
1475 1813 1749 1878 διανιστὰς
1778 1813 1876 1883 τὴν

289 1896 468 1961 φύσιν.
499 1917 522 1951 ι
552 1899 735 1967 ’Δπαξ
764 1901 871 1972 γὰρ
891 1903 1198 1972 ἀποθανὼν,
1219 1905 1358 1958 κατὰ
1381 1905 1444 1959 τὸ
1470 1904 1874 1976 γεγραμμένον,

286 1989 468 2049 obice-rt
503 1991 840 2064 ἀποθνήσκει
876 2011 891 2024 ·
920 1995 1145 2060 θάνατος
1180 1997 1348 2050 αὑτοῦ
1388 1997 1573 2050 οὐκέτι
1607 1996 1873 2067 κυριεύει.

289 2084 350 2135 '0
378 2083 494 2155 7&9
522 2083 785 2150 ἀπέθανε,
816 2088 883 2157 τῇ
917 2088 1164 2160 ἁμαρτίᾳ
1196 2088 1471 2143 ἀπέθανεν
1497 2088 1738 2157 ἐφάπαξ,
1768 2088 1796 2141 ὃ
1821 2088 1876 2141 δὲ

282 2173 370 2244 ζῇ.
397 2175 465 2246 ζῇ
498 2176 581 2247 τῷ
601 2176 740 2248 Θεῷ.
775 2198 794 2232 ι
826 2178 996 2233 Τοῦτο
1039 2181 1134 2234 καὶ
1168 2182 1252 2250 ἐφ’
1283 2183 1414 2252 ἡμῖν
1452 2182 1635 2245 αὐτοῖς
1677 2181 1876 2250 ἀληθὲς

282 2267 434 2322 ἔσται
463 2269 553 2323 διὰ
583 2271 840 2340 Χριστόν.
883 2271 1328 2344 Ἐγερθησόμεθα
1353 2275 1462 2345 7&9
1484 2275 1565 2328 ἔτι
1599 2277 1678 2338 εἰς
1705 2274 1872 2329 θάνα-

281 2373 369 2411 τον
389 2358 548 2428 οὐχὶ,
583 2359 698 2412 ἀλλ’
723 2361 803 2425 είς
836 2361 983 2432 ζωὴν
1023 2363 1124 2432 τὴν
1162 2364 1490 2436 ἀπέραντον,
1539 2368 1588 2419 εί
1615 2367 1711 2420 καὶ
1737 2365 1871 2420 πολὺ

282 2450 424 2518 μετά
453 2450 616 2504 τοῦτο
641 2451 751 2506 τῶν
778 2454 1155 2526 ἀνισταμένων
1189 2460 1222 2529 ἡ
1255 2457 1509 2528 διαφορὰ,
1550 2458 1693 2513 κατά
1715 2476 1778 2526 γε
1810 2458 1873 2514 τὸ

275 2542 339 2594 ἐν
385 2542 544 2614 δόξῃ,
568 2547 737 2616 φημὶ,
761 2547 854 2600 καὶ
899 2547 1000 2618 τὴν
1041 2551 1153 2613 τοῖς
1186 2549 1417 2604 ἑκάστου
1445 2550 1668 2621 τρόποις
1696 2569 1868 2623 χρεω-

278 2633 598 2704 στουμένην
642 2636 922 2691 ἀντίδοσιν.
974 2639 1274 2710 Γενόμενος
1310 2641 1490 2694 τοίνυν
1521 2643 1761 2712 ὑπήκοος
1789 2642 1869 2713 τῷ

278 2720 401 2792 Θεῷ
431 2724 531 2776 καὶ
560 2725 732 2797 Ila-:91
765 2728 929 2799 μέχρι
957 2729 1212 2796 θανάτου,
1239 2731 1473 2786 θανάτου
1499 2733 1555 2786 δὲ
1604 2734 1863 2804 σταυροῦ,

278 2813 422 2867 κατά
460 2815 560 2887 τὴν
583 2817 678 2870 τοῦ
707 2819 924 2874 Παύλου
957 2823 1162 2894 φωνὴν,
1197 2824 1528 2896 ὑπερυψὼθη
1571 2825 1734 2881 πάλιν
1767 2827 1865 2880 λα-

279 2907 388 2960 ϐὼν
410 2908 476 2961 τὸ
498 2910 671 2980 ὄνομα
706 2911 768 2966 τὸ
817 2913 958 2984 ὑπὲρ
989 2915 1096 2967 πᾶν
1123 2914 1312 2986 ὄνομα.
1360 2917 1419 2969 '0
1448 2919 1558 2988 7&9
1588 2919 1865 2988 νομισθεὶς

278 2998 563 3067 ἄνθρωπος
596 2999 738 3057 εἶναι
761 3003 935 3074 ψιλός,
965 3007 1368 3078 ὑπερεδοξάσθη
1385 3008 1526 3072 λίαν,
1542 3010 1672 3075 Θεὸς
1694 3011 1863 3076 ὅντως

277 3092 366 3143 καὶ
396 3092 526 3155 Υἱὸς
547 3093 644 3146 τοῦ
666 3094 800 3148 Θεοῦ
822 3096 960 3150 κατά
991 3097 1250 3167 ἀλήθειαν
1277 3100 1743 3171 ἀναδεδειγμένος,
1763 3103 1863 3156 οὐκ

275 3183 353 3244 εἰς
379 3183 570 3235 καινὸν
617 3184 836 3256 ἀξίωμα
887 3188 1223 3259 κεκλημένος
1260 3189 1321 3242 τὸ
1350 3187 1488 3245 εἶναι
1517 3193 1675 3262 φύσει
1708 3193 1860 3259 Θεὸς,

274 3272 386 3326 ἀλλ’
407 3275 493 3337 εἰς
522 3275 663 3347 ὅπερ
709 3273 780 3346 ἦν
825 3278 923 3331 καὶ
960 3278 1067 3348 πρὸ
1098 3279 1299 3350 σαρκὸς
1333 3283 1412 3344 εἰς
1442 3282 1602 3335 τοῦτο
1627 3283 1691 3354 δὴ
1727 3283 1864 3337 πάν-

276 3381 378 3428 τως
407 3364 506 3420 καὶ
565 3366 684 3435 μετ’
729 3368 900 3440 αὐτῆς
950 3369 1281 3442 ἀναδραμὼν
1321 3372 1420 3443 τῆς
1464 3373 1686 3444 σαρκὸς,
1721 3374 1864 3429 κατά

273 3455 426 3509 τοῦτο
481 3457 798 3523 δεδοξάσθαι
827 3460 1124 3532 νομιοῦμεν
1155 3463 1342 3526 αὑτὸν,
1361 3465 1542 3518 καίτοι
1573 3465 1672 3536 τῆς
1703 3464 1860 3537 δόξης

273 3548 396 3603 δντα
417 3550 510 3604 διὰ
535 3553 736 3617 παντὸς
764 3553 987 3624 Κύριον.
1006 3555 1206 3609 Καινὸν
1231 3555 1340 3627 7&9
1367 3556 1519 3611 οὐδὲν
1552 3559 1610 3611 ἐν
1639 3559 1862 3631 Χριστῷ

274 3637 374 3690 τῶν
403 3639 730 3712 θεοπρεπῶν
744 3642 1069 3713 ἀξιωμάτων
1088 3645 1421 3716 εὑρίσκεται,
1441 3646 1579 3717 ἔχων
1598 3646 1655 3700 δὲ
1685 3648 1862 3701 πάντα

275 3731 632 3797 φυσικῶς,ὠς
659 3733 815 3800 Θεὸς,
841 3735 936 3788 καὶ
969 3735 1076 3807 πρὸ
1097 3737 1194 3808 τῆς
1225 3736 1524 3808 λεγομένης
1555 3738 1859 3803 κενώσεως.

284 3821 441 3876 Ἀλλὰ
488 3825 584 3876 καὶ
632 3825 733 3895 τῆς
780 3826 1078 3897 ληφθείσης
1105 3826 1200 3880 τοῦ
1221 3827 1409 3880 δούλου
1443 3830 1677 3900 μορφῆς,
1707 3831 1860 3882 ἐπει-

270 3912 440 3985 δήπρ
493 3916 687 3969 ἐαυτὸν
715 3917 1037 3972 ἀνεϐίϐασεν
1083 3919 1164 3981 είς
1195 3920 1380 3974 ἐκεῖνα
1409 3920 1572 3974 πάλιν
1594 3961 1609 3986 ,
1646 3921 1742 3974 καὶ
1771 3921 1858 3974 ὅτε

271 4007 494 4076 γέγονεν
515 4009 822 4080 ἄνθρωπος,
856 4011 1176 4078 δεδοξάσθαι
1203 4015 1430 4078 νοεῖται,
1459 4014 1554 4066 καὶ
1576 4013 1859 4085 εἰληφέναι

275 4099 509 4168 λέγεται.
569 4101 954 4173 Δεδοξασμένῳ
1002 4103 1293 4175 τοιγαροῦν
1339 4104 1418 4176 τῷ
1467 4106 1690 4177 Χριστῷ
1726 4123 1850 4159 συν-

1983 1825 2272 1882 surgemus
2299 1809 2354 1863 in
2388 1818 2643 1873 mortem,
2676 1805 2772 1861 sed
2827 1805 2880 1858 in
2915 1805 3080 1859 vitam
3113 1813 3398 1869 aeternam,
3433 1807 3559 1861 licet

1980 1918 2175 1973 magna
2210 1901 2396 1954 futura
2430 1900 2502 1955 sit
2525 1900 2742 1953 demum
2779 1897 3109 1962 diﬂerentia,
3154 1896 3302 1967 quod
3335 1897 3401 1951 ad
3437 1899 3558 1969 glo-

1979 1995 2115 2050 riain
2146 1995 2431 2058 nimirum,
2459 2002 2514 2047 et
2544 1992 2782 2047 debitam
2816 1990 3088 2059 cujusque
3120 1992 3368 2045 moribus
3396 1993 3557 2045 retri--

1979 2086 2282 2141 butionem.
2331 2083 2534 2139 Factus
2594 2082 2763 2152 igitur
2814 2081 3081 2135 obediens
3132 2078 3242 2135 Deo
3292 2096 3358 2134 ac
3406 2079 3554 2135 Patri

1977 2191 2152 2246 usque
2205 2174 2272 2228 ad
2309 2185 2574 2235 mortem,
2611 2179 2844 2226 mortem
2897 2179 3082 2224 autem
3140 2171 3348 2236 crucis,
3397 2171 3554 2240 juxta

1975 2264 2130 2319 Pauli
2156 2262 2409 2326 vocem”,
2438 2261 2885 2332 superexaltatus
2915 2267 3002 2316 est
3032 2275 3252 2327 rursus,
3279 2261 3558 2332 accipiens

1975 2373 2175 2413 nomen
2218 2354 2366 2427 quod
2413 2362 2500 2410 est
2535 2368 2700 2425 super
2748 2367 2913 2406 omne
2968 2367 3170 2406 nomen
3193 2355 3239 2410 °.
3273 2353 3375 2419 Qui
3407 2355 3557 2408 enim

1973 2451 2157 2506 nudus
2191 2454 2359 2504 homo
2414 2462 2538 2501 esse
2568 2445 2891 2515 putabatur,
2926 2458 3092 2513 supra
3130 2446 3352 2498 modum
3386 2446 3555 2512 glori-

1973 2541 2170 2595 ﬁcatus
2203 2538 2328 2602 fuit,
2360 2551 2490 2590 vere
2526 2533 2673 2589 Deus
2699 2541 2754 2588 et
2813 2531 2991 2587 Filius
3024 2548 3213 2587 revera
3282 2534 3375 2588 Dei
3426 2550 3560 2603 pro-

1970 2635 2142 2696 ditus,
2175 2646 2280 2686 nec
2301 2629 2367 2684 ad
2392 2643 2589 2683 novam
2620 2626 2914 2697 quamdam
2949 2625 3272 2696 dignitatem
3301 2637 3551 2690 vocatus,

1968 2726 2061 2797 qui
2097 2733 2294 2780 natura
2327 2723 2472 2778 Deus
2501 2728 2642 2786 erat,
2699 2719 2798 2774 sed
2849 2717 2916 2772 ad
2971 2718 3024 2772 id
3071 2719 3216 2788 quod
3255 2727 3375 2773 erat
3426 2728 3554 2772 ante

1968 2835 2218 2882 carnem,
2247 2817 2412 2872 etiam
2475 2829 2602 2870 cum
2653 2814 2772 2884 ipsa
2826 2829 2994 2868 carne
3050 2811 3293 2876 rediens,
3345 2811 3555 2865 idcirco

1967 2893 2341 2965 clarissimum
2368 2921 2492 2962 esse
2516 2906 2701 2976 ipsum
2730 2904 3070 2974 putabimus,
3097 2902 3314 2957 tametsi
3336 2918 3553 2972 semper

1967 3000 2154 3072 gloria:
2200 2999 2465 3054 Dominus
2511 2996 2801 3052 exstiterit.
2838 2994 2998 3049 Nulla
3037 2994 3182 3049 enim
3245 3009 3385 3047 nova
3432 3011 3555 3064 qua:

1967 3093 2064 3148 Dei
2103 3093 2175 3148 sit
2204 3091 2446 3162 dignitas
2497 3089 2556 3143 in
2617 3087 2842 3141 Christo
2899 3086 3203 3154 reperitur,
3239 3083 3402 3156 746
3457 3085 3552 3140 sed

1968 3185 2177 3240 habens
2243 3182 2429 3236 omnia
2490 3179 2852 3241 naturaliter,
2887 3186 2947 3232 ut
2983 3177 3153 3242 Deus,
3213 3177 3376 3231 etiam
3425 3185 3553 3231 ante

1965 3292 2088 3332 eam
2123 3288 2290 3344 quam
2320 3273 2560 3327 dicimus
2597 3270 2982 3324 inanitionem.
3033 3267 3139 3322 Sed
3188 3277 3242 3322 et
3270 3279 3548 3337 assumpta

1963 3369 2108 3422 servi
2166 3365 2345 3420 forma
2371 3365 2438 3428 ιο,
2497 3359 2948 3432 quandoquidem
3018 3361 3260 3430 seipsum
3321 3359 3390 3412 ad
3459 3360 3551 3412 illa

1963 3475 2162 3515 rursus
2190 3458 2411 3519 extulit,
2447 3457 2613 3511 etiam
2646 3470 2771 3514 cum
2806 3454 2974 3508 homo
3015 3453 3200 3508 faeius
3249 3461 3356 3518 est,
3387 3452 3551 3506 clari-

1965 3551 2160 3608 ﬁcatus
2193 3549 2546 3618 intelligitur,
2576 3555 2631 3602 et
2681 3546 2986 3616 sumpsisse
3019 3545 3240 3601 dicitur.
3286 3544 3406 3601 Una
3445 3547 3552 3600 ita-

1963 3661 2070 3715 que
2101 3659 2228 3698 cutn
2259 3642 2484 3698 Christo
2511 3639 2819 3695 clariﬁcato
2852 3638 3191 3694 clarilicatus
3218 3646 3302 3693 est
3325 3639 3549 3692 omnino

1963 3735 2108 3791 Deus
2134 3750 2199 3790 ac
2230 3733 2432 3788 Pater:
2467 3730 2809 3786 clarilicatus
2841 3744 2975 3785 vero
3029 3738 3114 3785 est
3147 3729 3202 3783 in
3236 3728 3399 3795 Filio,
3437 3745 3547 3783 non

1961 3836 2183 3892 accepta
2233 3825 2344 3881 ulla
2396 3824 2588 3895 gloria:
2645 3823 2966 3878 accessione
2999 3839 3031 3876 a
3066 3837 3168 3878 suo
3203 3822 3482 3891 genimine
3515 3839 3530 3876 :

1960 3919 2144 3974 divina
2183 3919 2386 3989 quippe
2418 3923 2472 3972 et
2501 3913 2797 3970 ineli'abilis
2835 3923 3036 3968 natura
3071 3929 3134 3968 ea
3172 3929 3402 3984 prorsus
3436 3928 3545 3967 non

1963 4010 2216 4080 indiget;
2258 4009 2354 4065 sed
2390 4008 2522 4079 quia
2569 4007 2810 4061 innotuit
2845 4007 3006 4076 cujus
3061 4005 3188 4060 Filii
3232 4007 3305 4061 sit
3359 4004 3546 4060 Pater.

1961 4100 2440 4169 Quemadmodum
2466 4099 2614 4154 enim
2642 4098 2820 4170 gloria
2844 4106 2929 4154 est
2955 4097 3117 4164 Filio,
3149 4099 3312 4152 talem
3343 4097 3547 4152 habere

274 4190 587 4258 δεδόξασται
617 4193 836 4258 πάντως
876 4195 972 4248 καὶ
1001 4198 1029 4248 ό
1051 4195 1185 4258 Θεὸς
1217 4199 1310 4250 καὶ
1341 4197 1558 4269 Πατήρ*
1594 4197 1854 4270 ἐδοξάσθη

1972 4195 2267 4252 secundum
2303 4200 2560 4247 naturam
2583 4191 2912 4261 genitorem,
2939 4189 3130 4244 eodem
3158 4191 3321 4242 modo
3345 4203 3549 4242 censeo

273 4282 326 4336 δέ
361 4285 424 4336 ἐν
459 4283 598 4355 Υίῷ,
627 4286 692 4339 οὐ
731 4285 892 4354 δόξης
928 4287 1051 4341 τινὰ
1094 4289 1417 4360 προσθήκην
1472 4288 1652 4342 λαϐὼν
1702 4291 1857 4363 παρὰ

1972 4288 2124 4344 etiam
2178 4285 2234 4340 in
2294 4283 2480 4337 Patris
2522 4282 2752 4352 gloriam
2793 4279 3010 4344 cedere,
3061 4278 3210 4349 quod
3256 4279 3422 4332 talem
3477 4294 3544 4331 ex

274 4373 357 4427 τοῦ
388 4375 522 4430 ίδίου
549 4378 908 4448 γεννήματοςο
949 4380 1203 4453 ἀνενδεὴς
1232 4381 1339 4452 γὰρ
1378 4381 1621 4436 τοιούτου
1651 4384 1852 4447 παντὸς

1972 4380 2144 4450 seipso
2169 4376 2372 4430 habeat
2409 4371 2632 4428 Filium.
2682 4372 2978 4441 Propterea
3009 4370 3186 4425 dicit:
3229 4389 3248 4422 ι
3291 4368 3348 4423 Si
3402 4368 3545 4426 Deus

281 4466 436 4534 ἠθεία
459 4485 522 4520 τε
576 4469 669 4521 καὶ
701 4469 937 4542 ἄρῤητος
963 4471 1123 4540 φύσις
1155 4488 1172 4506 ·
1196 4473 1311 4527 ἀλλ’
1335 4473 1565 4544 ἐπείπερ
1603 4473 1849 4546 ἐγνώσθη

1972 4469 2282 4525 :iariiicatus
2318 4474 2404 4522 est
2433 4465 2488 4520 in
2519 4481 2606 4531 eo,
2654 4477 2708 4521 et
2743 4465 2888 4521 Deus
2938 4463 3269 4518 clariﬁcabit
3305 4479 3434 4518 eum
3488 4462 3542 4516 in

276 4557 407 4621 τίνος
430 4559 550 4612 ἐστὶ
583 4561 792 4632 Πατήρ.
825 4563 1031 4634 Ὄνπερ
1063 4563 1171 4636 7&9
1202 4563 1404 4631 τρόπον
1435 4563 1562 4631 δόξα
1597 4565 1692 4618 καὶ
1725 4565 1852 4620 καύ-

1972 4564 2267 4632 ιειιιοιίρεο.
2307 4581 2326 4613 ι
2378 4560 2556 4616 Simul
2613 4562 2761 4616 enim
2834 4560 3173 4616 clariﬁcatus
3232 4566 3320 4614 est
3381 4556 3544 4614 Pater

277 4664 417 4716 χημα
464 4651 526 4704 τὸ
566 4652 806 4707 τοιοῦτον
850 4651 992 4722 ἔχειν
1033 4654 1176 4708 κατά
1220 4654 1382 4724 φύσιν
1416 4657 1736 4726 γεννήτορά,
1758 4657 1850 4709 τὸν

1972 4664 2177 4727 ιιοριοι·
2207 4654 2440 4717 Filium,
2478 4661 2534 4709 et
2570 4653 2758 4708 statim
2790 4651 2989 4707 Filium
3033 4652 3282 4707 vicissim
3334 4650 3544 4705 clariﬁ-

272 4739 426 4794 αὑτὸν
458 4739 620 4812 οἶμαι
683 4744 885 4816 τρόπον
916 4746 1010 4799 καὶ
1045 4745 1193 4815 αὐτῷ
1230 4745 1310 4816 τῷ
1369 4748 1545 4818 Πατρὶ
1575 4747 1702 4812 δόξα
1756 4749 1853 4802 καὶ

1972 4749 2102 4804 :avit
2129 4766 2142 4802 :
2174 4747 2244 4802 ad
2295 4755 2599 4816 utrumque
2645 4745 2835 4816 gloriae
2883 4760 3089 4800 nomen
3141 4744 3404 4814 pertinet.
3441 4741 3517 4798 Ve

273 4830 528 4902 καύχημα
564 4833 626 4886 τὸ
657 4834 898 4888 τοιοῦτον
927 4835 1071 4906 ἔχειν
1100 4836 1160 4901 ἐξ
1198 4836 1393 4891 ἐαυτοῦ
1421 4837 1514 4892 τὸν
1536 4839 1668 4894 ἴδιον
1701 4841 1851 4897 Υἱόν.

1972 4847 2265 4894 'umtamen
2294 4846 2354 4892 ut
2384 4847 2438 4893 et
2471 4836 2537 4892 ad
2565 4852 2668 4893 nos
2703 4853 2881 4908 usque
2907 4837 3181 4892 sermonis
3217 4836 3326 4890 vim
3359 4835 3536 4905 depri-

270 4921 360 4972 Διά
387 4921 548 4974 τοῦτό
584 4939 751 4992 φησιν
769 4940 782 4954 ο
814 4943 832 4975 ι
857 4925 918 4977 Ei
949 4928 978 4979 ό
1005 4925 1138 4989 Θεὸς
1177 4926 1438 4998 ἐδοξάσθη
1480 4928 1538 4980 ἐν
1564 4927 1733 4999 άύτῷ,
1756 4931 1854 4983 καὶ⁹

1972 4945 2192 4995 namus,
2223 4929 2480 4984 utilitatis
2532 4929 2882 4984 occasionem
2947 4926 3302 4982 auditoribus
3345 4933 3536 4996 partu-

270 5011 296 5062 ὀ
321 5011 452 5074 Θεὸς
485 5013 700 5078 δοξάσει
751 5016 934 5072 αὐτόν.
961 5037 981 5070 ι
1022 5018 1176 5088 Ἀμα
1215 5018 1324 5090 7&9
1369 5019 1630 5091 ἐδοξάσθη
1663 5022 1852 5093 Πατὴρ

1972 5020 2176 5085 'ientes,
2205 5019 2339 5074 illud
2367 5019 2454 5074 his
2477 5018 2767 5074 addemus.
2799 5015 2858 5071 Si
2887 5017 3260 5072 clarillcamus
3290 5015 3345 5069 in
3377 5015 3538 5070 nobis

269 5100 352 5156 διὰ
391 5103 485 5154 τὸν
524 5104 675 5168 Υίὸν.
720 5108 816 5160 καὶ
860 5108 1212 5173 ἀντεδόξασεν
1260 5110 1422 5173 εὐθὺς
1453 5111 1544 5164 τὸν
1569 5111 1721 5164 Υἱόψ
1763 5114 1849 5166 ἐπ’

1972 5112 2086 5182 psis
2120 5111 2312 5175 Deum,
2334 5110 2668 5181 sperandum
2697 5117 2782 5165 est
2830 5125 2933 5164 nos
2967 5108 3330 5164 elariﬁcatum
3365 5106 3432 5160 iri
3467 5106 3537 5160 ab

269 5194 429 5262 ἄμφω
470 5196 581 5266 γάρ
624 5197 691 5250 δι’
719 5201 924 5269 ἀμφοῖν
962 5201 1023 5255 τὸ
1059 5204 1156 5273 τῆς
1211 5203 1370 5273 δόξης
1417 5204 1589 5274 δνομα
1641 5205 1844 5274 τρέχει.

270 5285 404 5360 Πλὴν
434 5288 524 5342 ἴνα
553 5293 648 5344 καὶ
687 5295 745 5346 ἐν
780 5297 892 5358 τοῖς
925 5297 1046 5350 καθ’
1070 5299 1218 5368 ἡμᾶς
1244 5297 1341 5367 τὴν
1367 5301 1461 5351 τοῦ
1497 5298 1656 5366 λόγου
1681 5315 1849 5351 κατα-

267 5379 580 5454 ϐιϐάσωμεν
608 5385 858 5457 δύναμιν,
889 5389 1155 5458 ὠφελείας
1197 5393 1311 5454 τοῖς
1345 5390 1718 5462 ἀκροωμένοις
1769 5391 1846 5442 τί·

269 5485 482 5537 κτοντες
511 5474 789 5548 ἀφορμὴν,
821 5481 996 5532 ἐκεῖνο
1025 5483 1234 5544 τούτοις
1262 5481 1572 5551 ἐποίσομεν.
1599 5482 1660 5534 Εἰ
1688 5479 1842 5546 δοξά-

340 5650 359 5678 ⁶
397 5651 575 5708 Galat.
609 5671 700 5710 ιιι.
740 5655 820 5712 t3.
897 5657 914 5687 ⁷
943 5654 1102 5713 Rom.
1140 5674 1212 5726 vi,
1244 5661 1307 5723 9,
1350 5658 1430 5713 lO.

1951 5221 2038 5260 eo.
2074 5222 2092 5254 ι
2135 5201 2270 5258 Vivo
2305 5205 2450 5258 enim
2481 5219 2602 5274 ego,
2634 5202 2774 5258 dixit
2819 5201 3105 5264 Dominus,
3159 5197 3291 5269 quia
3322 5198 3532 5268 gloriﬁ-

1954 5304 2146 5351 cantes
2179 5311 2264 5350 me
2283 5295 2625 5364 gloriﬁcabo,
2652 5304 2708 5350 et
2759 5310 2868 5349 non
2903 5299 3238 5364 spernentur
3265 5291 3329 5346 “.
3361 5311 3380 5344 ι
3418 5291 3537 5346 Cla-

1954 5388 2198 5442 rilicatur
2244 5397 2425 5442 autem
2465 5403 2564 5457 per
2603 5402 2706 5442 nos
2764 5396 2820 5442 et
2858 5385 2912 5440 in
2972 5384 3136 5440 nobis
3201 5382 3366 5450 Deus,
3407 5401 3533 5438 cum

1955 5482 2197 5553 depulsis
2227 5481 2486 5538 sordibus
2543 5481 2748 5551 peccati
2781 5496 2876 5551 per
2934 5494 3097 5536 omne
3129 5494 3272 5549 opus
3322 5479 3528 5534 bonum

1569 5659 1805 5734 Philipp.
1845 5677 1920 5729 ιι,
1958 5661 2010 5718 8.
2089 5664 2108 5694 ⁹
2153 5663 2278 5718 ibid.
2322 5665 2376 5719 9.
2457 5661 2498 5693 ¹⁶
2541 5659 2675 5716 ibid.
2710 5658 2763 5714 θ.
2805 5659 2843 5690 ¹¹
2886 5657 2906 5713 ι
2941 5656 3073 5729 Reg.
3115 5673 3188 5724 tt,
3220 5655 3276 5712 9.
