4062 6208
506 248 614 306 155

1465 253 1523 310 S.
1559 256 1840 312 CYRILLI
1879 253 2358 312 ALEXANDRINI
2397 251 2719 310 ARCHIEP.

3656 255 3756 311 I56

495 371 746 419 nostram
774 362 943 419 vitam
981 363 1348 420 illustramus.
1375 363 1628 424 Vivimus
1656 370 1803 424 enim
1839 370 1944 426 hoc
1973 384 2071 439 pa—

2178 369 2342 440 ζομεν
2366 370 2424 422 ὲν
2447 370 2658 430 ἑαυτοῖς
2697 367 2788 420 τὸν
2819 366 2972 434 Θεὸν,
3009 368 3470 442 προσδοκήσωμεν
3497 367 3582 424 δτι
3603 369 3730 439 δοξα

492 459 586 508 cto
618 454 672 509 iu
706 454 937 524 gloriam
966 454 1110 526 ejus.

2185 459 2498 531 σθησόμεθα
2527 458 2657 530 παρ’
2681 457 2870 513 αὐτοῦ.
2909 475 2930 510 ι
2968 459 3054 512 Ζῶ
3078 459 3188 531 γὰρ
3219 459 3510 530 εγὼ,λέγει
3535 459 3760 533 Κύριος,

493 545 576 598 ὃτι
619 548 741 610 τοὺς
792 547 1114 613 δοξάζοντας
1158 566 1224 620 με
1295 549 1537 616 δοξάσω,
1573 553 1668 606 καὶ
1732 554 1832 608 οὐκ
1905 552 2447 624 ἐξουδενωθήσονται.
2491 570 2512 604 ι
2567 551 2862 617 Δοξάζεται
2920 552 2978 606 δὶ
3027 552 3095 606 δι’
3153 552 3313 623 ὴμῶν
3371 553 3468 606 καὶ
3523 552 3582 608 ιν
3631 555 3765 627 ἡμῖν

491 641 521 694 6
553 637 723 704 Θεὸς,
797 641 924 694 ὅταν
981 641 1071 695 τὸν
1120 643 1183 696 ὲκ
1237 643 1340 714 τῆς
1389 645 1662 716 ἁμαρτίας
1718 649 2110 720 παρωσάμενοι
2187 645 2378 718 ῥύπον,
2421 645 2513 700 διά
2559 647 2741 718 πάσης
2791 645 3155 719 ἁγαθοεργίας
3204 647 3296 702 τὸν
3353 649 3551 703 οἰκεῖον
3596 665 3766 706 κατα-

492 731 873 802 φαιδρύνωμεν
927 732 1060 803 βίον.
1089 734 1278 805 Ζῶμεν
1319 735 1427 810 γὰρ
1469 735 1643 802 οὕτως
1683 740 1764 802 είς
1789 737 1948 807 δόξαν
1977 736 2163 794 αὐτοῦ.

565 819 706 883 XIII,
737 821 826 876 35.
859 820 1070 887 Filioli,
1105 823 1277 878 adhuc
1315 828 1578 882 modicum
1625 829 1890 884 vobiscum
1923 847 2064 888 sunt.

568 911 861 968 Infantium
891 921 946 968 et
977 929 1168 988 recens
1191 916 1466 973 editorum
1497 921 1620 975 loco
1646 929 1700 977 et
1729 922 1922 978 ordine
1957 923 2063 977 col-

495 1003 640 1056 locat
660 1003 986 1073 discipulos,
1014 1005 1145 1061 licet
1167 1007 1234 1062 ad
1265 1016 1476 1064 tantam
1501 1012 1724 1070 virtutis
1752 1029 2067 1070 mensuram

493 1102 737 1159 evectos,
775 1103 1038 1166 tantaque
1091 1100 1386 1168 prudentia
1437 1102 1700 1171 praeditos
1769 1114 1976 1175 quanta
2013 1105 2067 1159 in

496 1186 684 1256 paucis
723 1187 1056 1253 inveniatur,
1123 1191 1248 1246 hinc
1307 1195 1654 1262 apertissime
1705 1195 1914 1252 docens
1945 1213 2069 1252 eum

493 1278 590 1347 qui
620 1278 778 1333 valde
807 1279 970 1333 etiam
1005 1282 1286 1351 perfectus
1310 1283 1454 1339 inter
1477 1286 1732 1342 homines
1762 1297 2075 1355 censeatur,

495 1368 762 1426 infantem
789 1387 914 1426 esse
947 1381 1000 1426 et
1030 1374 1221 1429 rudem
1249 1376 1392 1445 apud
1423 1375 1614 1432 Deum.
1645 1379 1787 1445 Quid
1820 1381 1966 1436 enim
1993 1390 2076 1436 est

494 1463 786 1532 prudentia
814 1464 1076 1529 hominis,
1109 1467 1156 1522 si
1192 1483 1318 1521 cum
1353 1471 1600 1526 universi
1629 1471 1827 1542 opifice
1855 1474 2077 1543 sapien-

494 1555 570 1607 tia
611 1558 1007 1624 comparetur?
1035 1556 1248 1614 Idcirco
1282 1559 1574 1618 Psalmista
1611 1563 1680 1618 ad
1715 1564 1883 1619 Deum
1926 1567 2076 1622 dice-

492 1641 619 1698 hat:
659 1665 675 1695 ι
714 1645 785 1700 Ut
831 1646 1142 1715 iumentum
1200 1648 1379 1706 factus
1406 1668 1528 1706 sum
1561 1652 1708 1722 apud
1736 1663 1789 1709 te
1816 1656 1879 1706 “.
1917 1675 1935 1707 ι
1973 1655 2074 1711 Nc-

2245 831 2472 897 Τεκνία,
2502 830 2590 884 ἔτι
2610 830 2828 901 μικρὸν
2851 832 3078 901 χρόνον
3103 833 3232 902 μεθ’
3262 831 3432 902 ὑμῶν
3456 833 3596 903 ειμι.

2251 924 2339 976 Ἑν
2375 927 2440 996 τῇ
2473 923 2582 977 τῶν
2625 926 2854 979 τεκνίων
2893 923 3067 990 τάξει,
3093 927 3188 980 καὶ
3211 926 3268 980 ἐν
3301 927 3415 991 τοῖς
3458 929 3764 1000 ἀρτιτόκοις

2172 1015 2395 1086 βρέφεσι
2419 1017 2744 1071 κατατάττει
2773 1018 2902 1082 τοὺς
2928 1017 3385 1089 μαθητὰς,καίτοι
3408 1020 3546 1092 πρὸς
3575 1023 3764 1076 τοσοῦ-

2171 1124 2260 1160 τον
2320 1109 2523 1179 ἀρετῆς
2592 1108 3052 1182 ἀναπηδήσαντας
3113 1109 3312 1180 μέτρον
3339 1149 3356 1175 ,
3392 1111 3488 1164 καὶ
3548 1110 3766 1166 σύνεσιν

2169 1199 2394 1271 ἔχοντας
2423 1202 2522 1272 τὴν
2555 1201 2754 1270 ὀλίγοις
2781 1201 3247 1273 κατωρθωμένην,
3275 1203 3490 1267 δεικνὺς
3518 1203 3604 1257 διὰ
3637 1205 3765 1258 τού·

2170 1308 2262 1344 του
2283 1332 2296 1354 ,
2327 1291 2424 1345 καὶ
2475 1293 2620 1362 μάλα
2665 1293 2872 1362 σαφῶς.
2916 1293 2999 1346 ὅτι
3029 1291 3124 1347 καὶ
3156 1295 3184 1347 6
3233 1293 3440 1364 σφόδρα
3471 1294 3678 1358 τέλειος
3706 1297 3765 1348 ὲν

2169 1381 2480 1454 ἀνθρώποις
2515 1384 2899 1449 ὑποπτευθεὶς,
2939 1384 3131 1456 νήπιός
3161 1384 3278 1438 ἐστι
3327 1385 3478 1456 παρὰ
3518 1386 3597 1456 τῷ
3620 1385 3760 1457 Θεῷ,

2172 1474 2266 1527 καὶ
2314 1473 2520 1545 βραχὺς
2566 1474 2664 1538 τὰς
2705 1473 2928 1546 φρένας.
2977 1475 3042 1528 Τί
3075 1475 3250 1546 γὰρὴ
3301 1475 3590 1548 ἀνθρώπου
3635 1477 3764 1531 σύν-

2171 1582 2287 1627 εσις
2312 1605 2326 1628 ,
2357 1565 2432 1628 ὡς
2476 1566 2616 1635 πρὸς
2665 1564 2762 1636 τὴν
2789 1565 2897 1618 τῶν
2953 1567 3089 1620 ὅλων
3135 1569 3370 1636 τεχνῖτιν
3409 1567 3638 1635 σοφίανς
3667 1567 3767 1620 Διά

2171 1656 2330 1710 τοῦτό
2373 1673 2459 1720 τις
2506 1656 2726 1727 ψάλλων
2772 1656 2927 1725 ἔλεγε
2987 1656 3125 1728 πρὸς
3179 1656 3312 1710 Θεόν
3355 1674 3369 1688 ·
3410 1676 3429 1710 ι
3470 1657 3766 1729 Κτηνώδης

492 1749 599 1802 que
645 1750 774 1790 vero
836 1751 985 1792 sana:
1017 1741 1216 1797 mentis
1280 1743 1426 1798 ullus
1461 1746 1666 1799 dixerit
1718 1747 2068 1802 Psalmistam

2173 1748 2470 1819 ἐγεννήθην
2504 1748 2656 1819 παρά
2681 1749 2782 1804 σοί.
2823 1768 2842 1801 ι
2882 1750 2991 1802 Καὶ
3019 1749 3140 1820 οὐχὶ
3173 1749 3392 1812 παντως
3422 1750 3545 1821 ὲρεῐ
3567 1767 3675 1814 τις,
3715 1751 3768 1803 εί

487 1826 795 1895 jumeutum
823 1831 946 1886 ideo
983 1835 1165 1887 vocari
1195 1835 1341 1903 quod
1379 1835 1490 1892 Deo
1518 1837 1813 1894 adhmserit
1870 1859 1882 1894 :
1920 1850 2069 1896 esset

489 1918 635 1980 enim
671 1923 858 1990 gravis
892 1923 994 1978 ista
1029 1924 1082 1979 in
1119 1935 1374 1981 naturam
1424 1929 1666 1983 divinam
1711 1932 2066 1998 contumelia,

493 2026 854 2082 magnamque
887 2015 938 2068 in
977 2032 1036 2070 se
1071 2019 1358 2074 continere
1401 2021 1803 2078 absurditatem
1850 2023 2066 2078 videre-

493 2112 602 2157 tur.
635 2103 768 2158 Nam
809 2108 899 2175 qui
958 2108 1165 2164 homini
1222 2112 1456 2181 sapienti
1516 2113 1780 2178 adhaeret,
1816 2123 1870 2170 ct
1923 2117 2067 2185 apud

492 2211 617 2248 eum
655 2195 832 2252 factus
862 2207 947 2254 est
971 2199 989 2270 (
1014 2201 1252 2271 aptanda
1283 2205 1426 2258 enim
1457 2216 1560 2267 est,
1595 2216 1653 2260 ut
1689 2222 1835 2270 reor,
1871 2209 2068 2277 psalmi

491 2286 684 2351 dictio,
719 2298 944 2360 propter
991 2297 1218 2361 usum),
1252 2312 1599 2367 nequaquam
1653 2307 1712 2352 ut
1761 2299 2067 2369 jumentqu

500 2377 691 2441 fuerit,
723 2383 819 2435 sed
870 2398 1034 2451 sagax
1065 2384 1271 2453 potius,
1303 2395 1356 2440 ct
1399 2389 1668 2457 prudens,
1705 2405 1769 2444 ac
1805 2391 2068 2461 singulari

493 2473 723 2526 solertia
761 2475 1044 2543 prazditus.
1073 2475 1232 2542 Quod
1262 2478 1308 2534 si
1341 2480 1465 2548 quis
1497 2495 1602 2536 non
1640 2480 1844 2552 injuria
1881 2498 2068 2537 verum

492 2561 654 2636 747
693 2563 747 2618 id
779 2581 901 2622 esse
942 2566 1182 2632 dixerit,
1247 2571 1524 2638 quomodo
1581 2589 1691 2627 non
1756 2571 1932 2629 futilis
1966 2574 2070 2628 erit

491 2655 746 2726 quisquis
777 2658 1059 2714 existimet
1099 2659 1376 2716 hominem
1423 2664 1727 2736 sapientem
1769 2665 2068 2720 belluinum

489 2755 546 2800 ct
576 2747 828 2802 insanum
863 2749 999 2814 fore,
1028 2750 1157 2805 licet
1191 2753 1294 2822 ipsi
1318 2753 1412 2808 Dei
1439 2755 1726 2824 sapientia:
1756 2755 2071 2811 adhaereat?

493 2837 633 2902 Quid
676 2853 808 2909 ergo
833 2848 940 2904 est,
974 2841 1174 2910 inquit,
1209 2844 1355 2914 quod
1407 2847 1569 2900 etiam
1629 2847 1771 2902 inter
1821 2848 2070 2902 homines

492 2929 958 2997 sapientissimus,
1007 2930 1053 2985 si
1083 2947 1206 2986 cum
1254 2932 1347 2990 Dei
1376 2937 1646 3005 sapientia
1697 2948 2066 3007 comparetur,

494 3027 552 3072 ut
596 3017 906 3088 jumentqu
954 3025 1266 3079 censendus
1308 3027 1404 3090 sit,
1461 3036 1514 3080 ct
1549 3028 1694 3082 inter
1723 3029 1950 3084 insanos
1985 3045 2071 3084 re-
2100 3061 2142 3118 ο

493 3115 820 3181 putandus?
880 3115 1359 3183 Quemadmodum
1412 3120 1560 3174 enim
1634 3121 1920 3174 minimutn
1982 3122 2069 3176 in-

495 3214 576 3258 ter
621 3214 772 3260 astra
822 3223 1173 3279 nequaquam
1231 3225 1358 3264 cum
1412 3211 1549 3266 solis
1605 3211 1776 3267 radiis
1808 3211 2065 3276 certabit,

497 3312 674 3368 neque
703 3313 869 3369 grave
906 3314 1103 3355 saxum
1138 3317 1262 3356 cum
1319 3311 1506 3357 monte
1559 3302 1806 3357 Omnium
1869 3301 2077 3356 altissi-

496 3405 608 3457 tno,
646 3393 727 3446 sic
770 3391 1057 3447 hominum
1112 3394 1406 3463 prudentia
1459 3411 1744 3466 nunquam
1804 3410 1933 3450 cunt
1980 3394 2074 3451 Dei

496 3483 766 3554 sapientia
817 3484 1023 3552 poterit
1059 3486 1392 3554 comparari,
1432 3487 1544 3540 imo
1579 3501 1715 3542 vero
1767 3486 1905 3542 nihil
1969 3487 2074 3543 erit

499 3591 728 3644 prorsus
776 3575 845 3628 ad
902 3573 1055 3629 illam
1111 3587 1450 3647 comparata.
1515 3577 1708 3633 Infans
1756 3579 1926 3648 igitur
1990 3588 2074 3635 est

497 3668 663 3720 etiam
695 3667 992 3737 perfectus.
1025 3667 1238 3723 Modico
1269 3684 1402 3724 vero
1430 3677 1678 3740 tempore
1728 3685 1852 3724 cum
1909 3671 2076 3726 disci-

499 3759 645 3829 pulis
679 3759 797 3815 suis
828 3758 945 3815 fore
971 3775 1031 3816 se
1059 3757 1319 3817 Christus
1349 3761 1552 3826 aiebat,
1577 3777 1686 3816 non
1719 3763 1880 3832 quasi
1914 3763 2075 3832 plane

501 3865 843 3918 recessurus,
877 3867 1059 3922 neque
1092 3852 1316 3907 omnino
1372 3853 1697 3909 alienandus
1736 3873 1750 3908 :
1786 3854 2072 3910 nobiscum

497 3942 646 3996 enim
680 3953 763 3998 est
800 3945 1058 3999 omnibus
1091 3944 1305 4011 diebus,
1323 3946 1487 4001 etiam
1517 3962 1689 4016 usque
1720 3945 1788 4000 ad
1819 3961 2076 4002 consum-

499 4035 791 4089 mationem
822 4037 1032 4102 saeculi,
1057 4036 1222 4107 juxta
1266 4053 1456 4092 vocem
1495 4037 1671 4108 ipsius
1693 4037 1736 4070 ¹⁸
1767 4056 1780 4092 :
1821 4037 1917 4094 sed
1946 4039 2074 4108 quia

497 4127 554 4181 in
583 4142 754 4182 carne
807 4144 915 4184 non
957 4131 1182 4185 sitcum
1239 4131 1307 4187 iis
1367 4130 1610 4198 futurus,
1673 4133 1820 4188 sicut
1871 4134 1985 4189 heri
2022 4144 2076 4188 et

2171 1855 2233 1906 γε
2268 1837 2391 1891 νοῦν
2416 1839 2550 1909 ἔχοι,
2595 1839 2682 1892 διὰ
2718 1839 2812 1893 τοῦ
2861 1839 3218 1910 κεκολλῆσθαι
3247 1838 3324 1910 τῷ
3351 1839 3492 1910 Θεῷ,
3515 1839 3764 1910 κτηνώδη

2171 1929 2421 1998 λέγεσθαι
2463 1931 2554 1984 τὸν
2595 1930 2868 2000 ψάλλοντα
2909 1947 2925 1960 ·
2959 1929 3045 2000 εἴη
3095 1931 3204 2000 γὰρ
3251 1930 3318 1984 ἂν
3366 1930 3528 1985 τοῦτο
3569 1930 3766 2002 πικρὸν

2169 2023 2268 2092 τῆς
2299 2021 2450 2086 θείας
2484 2021 2699 2092 φύσεως
2747 2022 3111 2093 κατηγόρημα
3134 2061 3148 2083 ,
3176 2022 3269 2074 καὶ
3306 2021 3510 2093 πολλὴν
3538 2021 3604 2075 ἂν
3644 2022 3768 2094 ἔχον

2170 2109 2345 2180 ὁρῷτο
2379 2112 2480 2183 τὴν
2514 2111 2764 2164 ἀτοπίαν.
2805 2111 2862 2163 '0
2902 2110 3000 2180 μὲν
3030 2109 3138 2180 γὰρ
3175 2108 3452 2180 ἀνθρώπῳ
3490 2109 3768 2181 κολλώμε-

2170 2219 2259 2264 νος
2287 2203 2455 2274 σοφῷ,
2485 2203 2579 2257 καὶ
2617 2203 2748 2274 παρ’
2784 2201 2934 2272 αὐτῷ
2979 2202 3265 2272 γινόμενος
3299 2203 3401 2267 (δεῖ
3436 2202 3566 2271 γὰρ,
3588 2199 3761 2272 οἶμαι,

2170 2295 2268 2363 τὴν
2287 2295 2434 2361 λέξιν
2461 2295 2556 2348 τοῦ
2577 2294 2796 2364 ψαλμοῦ
2834 2294 3283 2365 συναρμόσασθαι
3303 2293 3392 2347 διὰ
3412 2291 3512 2365 τὴν
3529 2293 3762 2364 χρείαν),

2172 2388 2456 2458 κτηνώδης
2495 2388 2596 2441 οὐκ
2635 2387 2701 2440 ἂν
2752 2387 2962 2456 γένοιτό
2999 2402 3154 2451 ποτε,
3191 2384 3440 2455 ἀγχίνους
3464 2385 3522 2437 δὲ
3563 2383 3766 2454 μᾶλλον

2172 2478 2268 2531 καὶ
2317 2478 2562 2540 συνετὸς,
2611 2478 2706 2530 καὶ
2739 2477 2938 2548 δριμὺς
2976 2477 3055 2539 είς
3098 2475 3381 2546 φρόνησιν.
3412 2473 3474 2528 Et
3502 2472 3566 2545 δὴ
3606 2473 3768 2527 τοῦτο

2173 2571 2305 2641 φαίη
2332 2587 2418 2632 τις
2446 2569 2536 2634 ἂν,
2559 2570 2654 2622 καὶ
2678 2569 2825 2639 μάλα
2854 2568 3080 2631 δικαίως
3112 2567 3381 2638 ὑπάρχειν
3403 2565 3621 2636 ἀληθὲς,
3645 2567 3765 2630 πῶς

2170 2660 2271 2712 οὐκ
2305 2658 2372 2712 ἂν
2403 2659 2569 2712 οἴοιτο
2593 2657 2777 2729 Αηρῶν
2801 2698 2816 2721 ,
2847 2657 2938 2710 τὸν
2989 2649 3100 2724 ᾧγε
3132 2657 3363 2727 πάρεστι
3403 2655 3639 2724 φρονεῖν,
3679 2655 3764 2707 ὅτι

2173 2751 2450 2822 κτηνώδης
2475 2751 2646 2815 ἔσται,
2665 2751 2755 2804 καὶ
2773 2750 2957 2812 ἄνους.
2985 2751 3012 2802 6
3041 2751 3173 2820 παρ’
3201 2748 3336 2818 αὐτῇ
3369 2746 3657 2817 γενόμενος
3692 2747 3762 2814 τῇ

2174 2844 2335 2914 σοφίᾳ
2371 2843 2466 2896 τοῦ
2513 2841 2684 2907 Θεοῦ;
2721 2842 2786 2895 Τί
2831 2832 2925 2894 οὖν
2950 2843 3088 2912 ἄρα,
3118 2839 3304 2910 φησὶν,
3335 2841 3420 2892 ὅτι
3449 2839 3553 2892 καὶ
3581 2839 3610 2890 6
3639 2837 3764 2890 λίαν

2175 2937 2339 3006 σοφὸς
2380 2937 2438 2989 ὲν
2487 2932 2816 3005 ἀνθρώποις,
2853 2934 2901 2985 εί
2932 2935 2997 3003 τῇ
3032 2931 3128 2985 τοῦ
3171 2929 3308 2984 Θεοῦ
3347 2928 3508 3000 σοφία
3538 2928 3767 2997 συγκρί-

2175 3045 2338 3090 νοιτο,
2379 3025 2659 3096 κτηνώδης
2708 3042 2768 3078 τε
2817 3023 2893 3078 ὢν
2947 3022 3245 3094 ὀφθήσεται
3268 3061 3284 3086 ,
3313 3021 3408 3076 καὶ
3437 3023 3495 3074 ὲν
3523 3022 3638 3082 τοῖς
3664 3021 3768 3072 οὐκ

2176 3119 2358 3190 ἔχουσι
2416 3117 2540 3172 νοῦν
2588 3117 3022 3188 λογισθήσεται;
3066 3115 3276 3186 Ὃνπερ
3331 3114 3440 3184 γὰρ
3498 3112 3700 3184 τρόπον
3735 3112 3765 3164 6

2179 3209 2504 3281 μικρότατος
2540 3209 2649 3262 τῶν
2680 3209 2923 3278 ἀστέρων
2955 3207 3056 3259 οὐκ
3097 3205 3165 3259 ἂν
3196 3207 3317 3268 ταῖς
3345 3204 3495 3275 ἡλίου
3530 3203 3765 3272 φιλονει-

2175 3302 2298 3370 κοίη
2322 3301 2524 3371 βολαῖς,
2559 3301 2673 3355 ἀλλ’
2703 3301 2826 3354 οὐδὲ
2861 3299 3008 3361 λίθος
3038 3301 3066 3352 6
3095 3297 3262 3369 βαρὺς
3294 3296 3411 3368 δρει
3432 3295 3511 3367 τῷ
3543 3297 3764 3349 πάντων

2177 3395 2494 3466 ὑπερφερεῖ.
2525 3393 2698 3456 οὕτως
2730 3391 3036 3462 ἀνθρώπων
3070 3391 3285 3454 σύνεσις
3337 3389 3438 3442 οὐκ
3454 3387 3520 3440 ἂν
3547 3386 3765 3441 δύναιτό

2177 3505 2308 3541 ποτε
2355 3490 2421 3558 τῇ
2473 3486 2568 3539 τοῦ
2615 3485 2751 3538 Θεοῦ
2814 3485 2975 3554 σοφίᾳ
3033 3482 3444 3554 συγκρίνεσθαι,
3478 3481 3677 3553 μᾶλλον
3705 3481 3766 3534 δὲ

2176 3580 2328 3635 οὐδὲν
2369 3579 2504 3642 ὅλως
2555 3577 2706 3630 ἔσται
2750 3576 2889 3647 πρὸς
2945 3575 3162 3646 ἐκείνην
3210 3573 3509 3638 παντελῶς.
3539 3573 3766 3627 Τεκνίον

2176 3673 2283 3744 ἄρα
2328 3669 2420 3724 καὶ
2457 3671 2486 3723 6
2527 3668 2752 3732 τέλειος.
2795 3667 3009 3737 Μικρὸν
3049 3683 3112 3734 γε
3155 3667 3264 3737 μὴν
3301 3665 3380 3719 ἔτι
3411 3667 3602 3736 χρόνον
3635 3683 3766 3718 συνο

2176 3761 2394 3816 έσεσθαι
2426 3762 2538 3822 τοῖς
2578 3757 2773 3812 ἑαυτοῦ
2804 3755 3076 3829 μαθηταῖς
3121 3755 3226 3826 ἔφη
3258 3756 3517 3829 Χριστὸς,
3551 3756 3650 3826 οὐχ
3687 3755 3768 3819 ὡς

2176 3853 2497 3925 ἀφεστήξων
2533 3849 2834 3915 παντελῶς,
2867 3850 2991 3903 οὐδὲ
3031 3850 3111 3913 είς
3140 3850 3288 3903 ἅπαν
3329 3847 3422 3902 καὶ
3453 3847 3767 3920 ὁλοκλήρως

2176 3945 2652 4018 ἀλλοτριούμενος’
2687 3943 2805 4016 μεθ’
2824 3944 2981 4016 ἡμῶν
3010 3944 3119 4014 γάρ
3146 3945 3262 3997 ἐστι
3292 3943 3476 4006 πάσας
3493 3939 3594 4006 τὰς
3623 3942 3766 4013 mtt-

2178 4057 2299 4111 ρας,
2330 4038 2422 4092 καλ⁵
2446 4038 2552 4101 ἓως
2607 4037 2707 4106 τῆς
2739 4036 3050 4099 συντελείας
3075 4034 3170 4088 τοῦ
3223 4035 3420 4098 αίῶνος
3445 4073 3458 4098 ,
3491 4033 3632 4088 κατά
3663 4033 3770 4102 τὴν

2177 4131 2343 4184 αὑτοῦ
2403 4131 2623 4201 φωνήν·
2659 4128 2774 4182 ἀλλ’
2807 4128 2890 4181 ὅτι
2945 4131 3083 4199 μετά
3142 4127 3346 4199 σαρκὸς
3394 4125 3456 4179 οὐ
3493 4125 3765 4188 συνέσται,

497 4220 928 4289 nudiustertius,
981 4224 1221 4280 instabat
1278 4240 1408 4280 vero
1478 4224 1712 4293 foribus,
1772 4230 1881 4280 imo
1930 4228 2075 4281 intra

2177 4225 2429 4292 καθάπερ
2482 4222 2670 4294 ἐχθὲς,
2730 4221 2828 4274 καὶ
2881 4220 3109 4291 τρίτην·
3155 4214 3224 4290 ἧν
3277 4218 3334 4271 δὲ
3387 4217 3481 4270 ἐπὶ
3531 4215 3768 4287 θύραις,

498 4324 687 4384 portas
723 4324 842 4370 erat
875 4324 1091 4386 tempus
1146 4318 1485 4374 reversionis
1515 4318 1583 4373 ad
1615 4319 1827 4374 Patrem
1867 4335 1933 4374 ex
1970 4319 2075 4374 hoc

2181 4317 2378 4387 μᾶλλον
2409 4317 2464 4370 δὲ
2495 4315 2626 4368 εἵσω
2661 4313 2841 4385 θυρῶν
2869 4315 2898 4366 6
2936 4313 3126 4384 καιρὸς
3169 4311 3270 4382 τῆς
3330 4308 3581 4364 ὲντεῦθεν
3625 4309 3772 4362 ἀπο-

498 4404 725 4466 tnundo,
763 4412 816 4460 et
845 4406 1053 4461 reditus
1076 4407 1130 4459 in
1155 4408 1377 4461 emlum.
1407 4407 1685 4477 Quotquot
1715 4417 1894 4463 autem
1925 4415 2075 4463 recte

2177 4409 2378 4480 δημίας
2425 4408 2553 4479 πρὸς
2600 4408 2691 4460 τὸν
2746 4405 2982 4478 Πατέρα,
3022 4405 3116 4458 καὶ
3155 4404 3256 4474 τῆς
3308 4402 3498 4456 ἀνόδου
3544 4401 3645 4472 τῆς
3683 4400 3774 4465 εις

499 4496 766 4560 sentiunt,
803 4511 866 4550 ac
902 4499 1112 4551 lirmam
1150 4499 1309 4553 fidem
1350 4499 1573 4560 habent,
1604 4500 1660 4554 in
1699 4501 1942 4554 animum
1973 4500 2075 4555 sibi

2174 4501 2420 4574 οὐρανόν.
2461 4500 2774 4553 Διακεῖσθαι
2825 4499 2882 4552 δὲ
2927 4499 3041 4551 δεῖν
3083 4497 3379 4564 ἀναγκαῖον
3411 4489 3551 4549 εἷναί
3598 4509 3772 4564 φημι,

501 4586 763 4642 inducere
792 4587 995 4642 debent
1031 4588 1202 4658 quod,
1258 4591 1386 4645 licet
1433 4590 1579 4646 absit
1615 4605 1644 4644 a
1694 4592 1854 4646 nobis
1885 4608 2075 4655 carne,

2177 4597 2305 4656 τοὺς
2342 4594 2397 4648 οἵ
2424 4610 2488 4662 γε
2529 4595 2818 4663 φρονοῦσιν
2866 4589 3076 4662 ὀρθῶς.
3108 4588 3205 4642 καὶ
3256 4587 3551 4659 ἱδρυμένην
3581 4586 3774 4657 ἔχουσι

500 4673 570 4729 ad
601 4673 769 4730 Deum
807 4693 1002 4748 nempe
1031 4695 1094 4734 ac
1125 4678 1342 4743 Patrem
1390 4696 1665 4748 reversus,
1701 4693 2075 4739 verumtamen

2174 4686 2275 4758 τὴν
2322 4685 2526 4748 πίστιν,
2558 4683 2632 4746 ώς
2661 4685 2708 4736 εί
2757 4681 2852 4735 καὶ
2885 4682 3110 4736 ἄπεστιν
3137 4677 3293 4749 ἡμῶν
3319 4680 3386 4749 τῇ
3426 4676 3629 4747 σαρκὶ,
3666 4675 3775 4746 τὴν

501 4767 686 4822 divina
735 4770 784 4823 vi
836 4785 902 4824 ac
959 4779 1234 4842 potestate
1269 4774 1450 4828 omnia
1488 4775 1780 4845 gubernat,
1827 4784 1879 4831 et
1921 4775 2075 4831 adest

2181 4777 2314 4849 πρὸς
2375 4776 2508 4830 Θεὸν
2572 4776 2668 4829 καὶ
2726 4774 2947 4844 Πατέρα
3011 4771 3360 4841 στειλάμενος
3417 4767 3770 4837 ἀποδημίαν,

499 4859 856 4932 diligentibus
915 4877 993 4919 se.
1055 4862 1266 4920 Idcirco
1317 4865 1464 4921 enim
1519 4867 1742 4922 aiebat:
1784 4886 1802 4920 ι
1865 4869 2070 4930 Amen,

2178 4866 2293 4920 ἀλλ’
2327 4861 2420 4918 οὖν
2468 4866 2534 4935 τῇ
2575 4863 2695 4934 θεία
2735 4862 2962 4929 δυνάμει
3013 4859 3265 4930 περιέπει
3320 4857 3388 4910 τὰ
3434 4856 3770 4926 σύμπαντα,

499 4968 656 5008 amen
685 4952 810 5009 dico
838 4956 1013 5022 vobis,
1056 4958 1146 5012 ubi
1179 4959 1285 5014 duo
1319 4961 1399 5014 vel
1440 4969 1549 5014 tres
1572 4969 1703 5015 sunt
1738 4962 2071 5032 congregati

2185 4959 2276 5014 καὶ
2314 4958 2660 5028 συμπάρεστι
2688 4959 2801 5019 τοῖς
2842 4953 3132 5022 ἀγαπῶσιν
3180 4953 3366 5006 αὐτόν.
3411 4949 3511 5002 Διά
3542 4948 3652 5019 γάρ
3683 4965 3773 5002 τοι

502 5046 557 5100 in
614 5048 839 5103 nomine
889 5065 1049 5106 meo.
1103 5050 1179 5105 ibi
1230 5066 1351 5104 sum
1413 5052 1467 5105 in
1510 5051 1692 5106 medio
1727 5065 1917 5106 eorum
1943 5051 2008 5105 “.
2053 5071 2071 5103 ι

2178 5047 2334 5102 τοῦτο
2380 5047 2475 5100 καὶ
2517 5045 2756 5115 ἔφασκεν
2783 5062 2797 5076 ·
2840 5063 2858 5096 ι
2925 5041 3131 5114 Ἀμὴν,
3188 5041 3334 5112 ἀμὴν
3359 5080 3374 5105 ,
3406 5039 3551 5108 λέγω
3599 5037 3771 5107 ὑμῖν,

502 5138 972 5203 Quemadmodum
1013 5141 1156 5195 enim
1215 5156 1339 5195 cum
1405 5140 1549 5197 inter
1591 5141 1845 5197 homines
1896 5142 2075 5198 adhuc

2181 5141 2313 5194 ὅπου
2347 5139 2442 5193 ἐὰν
2470 5135 2823 5208 συναχθέντες
2855 5133 2956 5190 ὦσι
2997 5135 3090 5189 δύο
3122 5136 3156 5206 ἢ
3199 5135 3348 5205 τρεῖς
3397 5134 3478 5196 είς
3520 5131 3584 5184 τὸ
3635 5128 3776 5200 ἐμὸν

503 5241 952 5298 conversaretur,
985 5242 1040 5289 et
1091 5233 1146 5288 in
1180 5243 1324 5288 terra
1378 5250 1504 5289 cum
1559 5251 1727 5290 carne
1759 5235 2075 5300 exsisteret,

2181 5232 2383 5302 ὄνομα,
2417 5232 2534 5283 ἐκεῖ
2572 5231 2687 5299 είμι
2740 5231 2798 5282 ὲν
2834 5230 2983 5300 μέσῳ
3012 5228 3212 5282 αὐτῶν.
3245 5245 3264 5278 ι
3294 5226 3508 5296 Ὠσπερ
3529 5221 3637 5293 γὰρ
3669 5223 3771 5275 ἀν-

508 5322 769 5392 implebat
823 5324 1045 5394 quidem
1078 5326 1269 5388 caelos,
1304 5334 1357 5380 et
1407 5341 1532 5380 cum
1590 5326 1799 5382 sanctis
1867 5328 2075 5397 angelis

2181 5323 2422 5395 θρώποις
2469 5321 2550 5374 ἔτι
2588 5320 3065 5392 συνδιαιτώμενος,
3098 5320 3192 5374 καὶ
3225 5319 3320 5372 ἐπὶ
3365 5319 3469 5388 γῆς
3503 5315 3770 5386 ὑπάρχων

510 5411 857 5476 versabatur,
889 5429 990 5469 nec
1026 5430 1260 5485 superna
1299 5417 1414 5470 loca
1470 5416 1854 5486 relinquebat:
1895 5417 1970 5470 ita
2025 5425 2075 5471 et

2188 5415 2324 5485 μετά
2359 5415 2562 5485 σαρκὸς
2582 5456 2593 5478 ,
2629 5415 2868 5486 ἐπλήρου
2903 5415 3002 5485 μὲν
3029 5413 3325 5483 οὐρανοὺς,
3359 5409 3526 5478 συνῆν
3553 5406 3612 5459 δὲ
3644 5403 3770 5458 τότε

508 5518 656 5558 nunc
708 5503 760 5556 in
801 5505 958 5560 caelis
995 5522 1122 5561 cum
1182 5523 1278 5562 sua
1314 5523 1479 5563 carne
1539 5508 1812 5565 exsistcus
1874 5520 2075 5564 terram

2186 5512 2298 5573 τοῖς
2343 5509 2517 5578 ἁγίοις
2569 5507 2838 5577 ἀγγέλοις,
2870 5509 2969 5562 οὐκ
3027 5503 3348 5560 ἀπελείπετό
3389 5519 3446 5556 τε
3495 5500 3607 5571 τῶν
3655 5497 3771 5551 ἀνω

586 5678 628 5710 ¹²
665 5675 810 5733 Psal.
847 5695 989 5734 Lxxn
1019 5720 1032 5745 ,
1063 5679 1152 5734 25.
1231 5685 1274 5731 .¹³
1315 5682 1504 5736 Matth.
1546 5701 1749 5748 xxvm,
1786 5685 1877 5739 20.
1945 5686 1986 5715 ’³
2027 5683 2216 5738 Matth.
2255 5700 2427 5768 xvtu,
2452 5684 2540 5740 20.
