4062 6208
301 232 402 288 I57

1329 235 1392 291 IN
1446 235 1730 293 JOANNIS
1763 235 2216 292 EVANGELIUM
2257 238 2386 293 LIB.
2423 235 2493 295 IX

3456 239 3558 295 I58

289 346 518 418 χώρωνο
545 345 689 400 οὕτω
714 347 806 400 καὶ
829 347 926 402 νῦν
945 347 1205 420 ὑπάρχων
1233 349 1292 402 ἐν
1315 349 1564 420 οὐρανοῖς
1605 351 1744 422 μετά
1768 351 1868 421 τῆς

1973 352 2192 422 quidem
2228 353 2439 423 implet,
2481 361 2534 409 et
2573 367 2697 408 cum
2731 355 2849 410 suis
2885 359 3272 409 conversatur.
3305 351 3554 410 Observa

294 439 431 500 ιδίας
455 438 680 508 σαρκὸς,
696 439 898 510 πληροῖ
919 440 1018 510 μὲν
1041 439 1141 511 τὴν
1157 439 1282 510 γῆν,
1301 440 1514 495 σύνεστι
1530 443 1586 496 δέ
1607 447 1717 507 τοῖς
1750 445 1878 496 ἐαυ-

287 529 382 584 τοῦ
411 530 732 600 γνωρίμοις.
754 532 1031 603 Ἐπιτήρει
1066 532 1124 586 δὲ
1143 533 1312 598 ὅπως,
1331 534 1508 589 καίτοι
1539 536 1681 590 κατά
1717 537 1882 608 μόνην

288 621 390 693 τὴν
429 620 610 693 σάρκα
646 621 976 692 χωρίζεσθαι
1015 624 1330 694 προσδοκῶν
1354 625 1591 696 (σύνεστι
1613 627 1722 699 γὰρ
1749 629 1882 699 ἡμῖν

291 717 357 784 τῇ
377 713 602 784 δυνάμει
631 717 731 785 τῆς
763 713 1017 786 θεότητος
1045 715 1135 770 διὰ
1161 717 1402 787 παντὸς),
1423 719 1504 773 ἔτι
1537 721 1733 791 μικρὸν
1752 721 1880 792 χρό-

293 821 383 856 νον
417 803 537 873 μεθ’
563 803 720 874 ἡμῶν
754 804 976 860 ἔσεσθαί
1011 825 1162 876 φησι,
1191 809 1410 874 τελείως
1445 829 1507 864 τε
1530 813 1624 866 καὶ
1659 813 1882 884 ὁλοκλή-

294 909 401 962 ρως
429 893 622 946 ἐαυτὸν
642 895 750 948 ἀπὺ
774 895 866 949 τοῦ
893 896 1095 967 μέρους
1123 901 1426 969 σημαίνων,
1457 902 1542 955 ἵνα
1576 905 1650 974 μή
1683 921 1767 966 τις
1798 906 1880 968 είς

290 983 422 1037 υίῶν
445 984 613 1039 δυάδα
637 987 949 1057 διατέμνειν
964 991 1216 1062 ἐπιχειρῇ
1247 991 1337 1046 τδν
1365 993 1461 1046 ἕνα
1487 993 1742 1065 Χριστὸν,
1761 988 1878 1050 ἀλλ’

285 1073 360 1137 ὡς
394 1075 455 1128 ἓν
493 1093 546 1128 τι
586 1080 704 1147 νοῇ,
742 1080 834 1132 καὶ
857 1079 1098 1150 δέχοιτο,
1125 1082 1335 1136 καὶτὸν
1386 1085 1450 1137 ἐκ
1478 1085 1616 1138 Θεοῦ
1665 1087 1879 1156 Πατρὸς

285 1169 618 1237 γεννηθέντα
649 1170 818 1239 Λόγον
841 1213 857 1238 ,
893 1176 988 1228 καὶ
1032 1176 1124 1229 τὸν
1167 1177 1233 1231 ἐκ
1269 1180 1368 1248 τῆς
1393 1179 1557 1246 ἁγίας
1599 1181 1875 1252 Παρθένου

286 1256 567 1327 ληφθέντα
602 1259 749 1323 ναὸν.
781 1263 880 1332 οὐχ
912 1265 994 1317 ὅτι
1031 1265 1134 1335 τῆς
1163 1265 1333 1336 αὐτῆς
1353 1267 1540 1332 οὐσίας
1568 1270 1726 1331 εἰσὶν,
1759 1269 1874 1323 ἀλλ’

284 1347 368 1400 δτι
395 1349 539 1418 μετά
567 1351 665 1421 τὴν
688 1352 926 1424 ἄρρητον
955 1356 1173 1420 ἕνωσιν,
1200 1359 1229 1410 6
1249 1358 1342 1411 τοῦ
1381 1359 1694 1414 διακόπτειν
1716 1363 1875 1432 λόγος

282 1439 383 1492 οὐκ
409 1441 642 1512 εὐσεϐής
675 1459 688 1472 ο
723 1438 804 1507 εἷς
829 1444 937 1517 γὰρ
969 1447 1026 1512 ἐξ
1048 1448 1251 1519 ἀμφοῖν
1281 1453 1310 1503 6
1339 1452 1592 1522 Χριστός.

351 1531 664 1598 Ζητήσετέ
688 1552 784 1602 με,
811 1537 910 1590 καί
939 1539 1133 1606 καθὼς
1159 1537 1334 1594 εἶπεν
1367 1543 1493 1608 τοῖς
1534 1543 1868 1612 Ἰουδαίοις,

1985 458 2173 512 porro,
2232 453 2290 499 ut
2343 445 2646 500 secundum
2701 459 2929 500 carnem
2985 445 3256 498 duntaxat
3306 445 3557 501 abiturus

1985 534 2182 604 (adest
2235 537 2381 590 enim
2436 537 2598 592 nobis
2647 551 2866 606 semper
2930 535 3134 590 virtute
3177 533 3488 589 divinitatis
3511 546 3555 606 ),

1981 625 2163 682 adhuc
2191 627 2468 682 modicum
2497 637 2713 698 tempus
2743 628 3035 682 nobiseum
3091 626 3207 682 fore
3270 642 3330 681 se
3384 627 3554 693 dicat,

1983 719 2224 788 perfecte
2254 721 2605 790 semetipsum
2633 735 2698 775 ac
2730 721 2970 775 totaliter
3001 735 3030 773 a
3053 729 3208 790 parte
3239 719 3554 784 nominans,

1980 826 2049 866 ne
2079 811 2204 882 quis
2263 812 2316 866 in
2346 811 2488 867 duos
2546 813 2686 868 lllios
2738 812 3017 868 Christum
3071 812 3300 872 dividat,
3364 809 3460 866 sed
3500 819 3558 863 ιιι

1980 918 2148 956 unum
2183 908 2406 957 omnino
2435 919 2558 959 esse
2590 904 2780 958 credat
2815 913 2868 959 et
2907 903 3144 958 fateatur
3199 901 3335 957 illud
3405 903 3553 970 quod

1978 1009 2042 1050 ex
2071 994 2233 1049 Patre
2264 1003 2451 1048 natum
2482 1003 2568 1050 est
2611 991 2871 1060 Verbum,
2935 1002 2989 1050 et
3028 995 3174 1064 quod
3209 1009 3274 1048 ex
3330 992 3558 1064 Virgine

1978 1094 2318 1154 assumptum
2346 1094 2431 1142 est
2480 1088 2743 1156 templum
2771 1104 2784 1138 :
2826 1103 2936 1141 non
2967 1088 3095 1157 quia
3128 1087 3375 1155 ejusdem
3424 1087 3557 1141 sub-

1977 1179 2195 1232 stantia:
2255 1179 2344 1244 sit,
2383 1179 2479 1234 sed
2515 1180 2646 1248 quia
2689 1189 2812 1248 post
2876 1179 3209 1234 ineffabilem
3269 1178 3550 1238 unionem,

1976 1270 2156 1338 ipsum
2180 1270 2422 1326 dividere
2447 1271 2722 1339 piaculum
2751 1273 2823 1330 sit
2849 1290 2864 1326 :
2895 1288 3040 1328 unus
3069 1272 3218 1327 enim
3258 1286 3325 1325 ex
3360 1271 3553 1324 ambo-

1974 1361 2078 1418 bus
2116 1361 2375 1419 Christus
2411 1373 2518 1420 est.

2042 1539 2180 1605 XIII,
2209 1543 2298 1596 53.
2329 1541 2592 1606 Quamuis
2621 1558 2722 1605 me,
2760 1551 2830 1604 et,
2869 1543 3006 1595 sicut
3034 1541 3152 1594 dixi
3176 1539 3410 1600 ludwis,
3446 1555 3550 1607 quo

285 1622 440 1678 ὅπου
489 1624 606 1693 ἐγὼ
637 1626 874 1698 ὑπάγω,
902 1629 1075 1699 ὑμεῖς
1111 1633 1185 1687 οὐ
1211 1633 1480 1689 δύνασθε
1516 1635 1739 1703 ἐλθεῖν,
1772 1637 1868 1690 καί

1973 1632 2138 1704 758
2177 1649 2268 1700 ego
2307 1635 2461 1698 vado,
2498 1649 2586 1687 vos
2631 1650 2735 1686 non
2790 1633 3010 1701 potestis
3058 1633 3231 1686 venire
3258 1670 3273 1695 ,
3314 1640 3364 1685 et
3404 1632 3550 1685 vobis

283 1714 428 1784 ὑμῖν
452 1715 585 1782 ἄρτι

352 1808 466 1861 Οὐκ
502 1807 742 1880 ἀζήμιον
771 1813 1050 1878 παντελῶς
1077 1815 1296 1871 ἔσεσθαι
1321 1821 1432 1884 τοῖς
1471 1821 1664 1874 ἑαυτοῦ
1697 1821 1874 1892 μαθη-

279 1901 400 1962 ταῖς
421 1900 522 1966 τὴν
545 1901 855 1972 ἀποδημίαν
877 1906 1031 1976 φησὶ,
1047 1907 1145 1979 τὴν
1163 1910 1354 1964 ἐαυτοῦ
1384 1911 1872 1985 δηλονότι.Πρῶτον

284 1991 489 2059 μὲν,δτι
517 1993 660 2066 λύπῃ
689 1997 756 2065 τῇ
786 1997 879 2050 ἐπὶ
899 1997 1076 2070 τούτῳ
1101 2005 1600 2072 κατατακήσονται,
1623 2006 1717 2059 καὶ
1744 2006 1872 2059 δύσο

279 2099 456 2138 οιστον
505 2085 685 2151 ἕξουσι
717 2088 817 2158 τῆς
840 2088 1086 2143 ἐντεῦθεν
1113 2093 1336 2163 πικρίας
1358 2094 1417 2147 τὸ
1440 2095 1872 2166 βάρος.Συνεῖναι

284 2173 389 2244 γὰρ
420 2175 486 2247 δὴ
536 2177 636 2230 καὶ
687 2179 848 2232 πάλιν
889 2179 1039 2250 αὐτῷ
1081 2179 1330 2253 διψήσειν
1357 2223 1373 2248 ,
1409 2185 1510 2238 ούκ
1545 2186 1870 2257 ἀμφίϐολον,

282 2269 374 2320 καὶ
395 2268 806 2326 συνδιαιτᾶσθαι
825 2271 916 2325 διὰ
941 2274 1122 2328 πάντα
1151 2274 1358 2328 ἐθέλειν
1381 2277 1599 2340 αὐτοὺς,
1617 2277 1869 2349 καθάπερ

277 2358 473 2427 ἀμέλει
503 2361 597 2414 καὶ
620 2363 650 2414 6
673 2361 960 2429 θεσπέσιος
996 2365 1229 2430 Παῦλος,
1268 2368 1360 2420 καὶ
1390 2369 1560 2439 αὐτῆς
1590 2369 1868 2440 προτιθεὶς

280 2450 381 2522 τῆς
420 2453 607 2508 ἐνθάδε
630 2455 776 2526 ζωῆς
801 2457 864 2510 τὸ
891 2461 1132 2512 συνεῖναι
1170 2460 1410 2530 Χριστῷ,
1452 2463 1698 2532 κρεῖττον
1730 2461 1865 2530 ἔφα-

284 2559 418 2596 σκεν
449 2539 590 2599 εἷναι
619 2547 679 2600 τδ
697 2547 980 2616 ἀναλῦσαι,
1005 2550 1100 2604 καὶ
1121 2550 1218 2604 σὺν
1247 2551 1468 2623 Χριστῷ
1497 2550 1654 2606 εἶναι.
1685 2553 1870 2607 Ταῦτα

285 2637 652 2707 συνεωρακὼς
677 2641 705 2692 ό
726 2640 978 2711 Χριστὸς,
1017 2641 1112 2694 καὶ
1139 2641 1239 2705 τὰς
1265 2642 1376 2695 τῶν
1401 2643 1739 2712 ἀγαπώντων
1771 2646 1870 2699 αύ-

279 2727 371 2781 τδν
397 2728 501 2782 οὐκ
523 2729 792 2801 ἀγνοήσας
817 2733 1064 2803 καρδίας,
1096 2734 1158 2788 οὐ
1183 2734 1306 2804 δίχα
1324 2735 1501 2805 λύπης
1522 2735 1740 2790 ἔσεσθαι
1756 2740 1868 2800 τοῖς

283 2818 554 2890 μαθηταῖς
600 2820 704 2892 ἔφη
751 2823 850 2895 τὴν
893 2823 1089 2878 ἑαυτοῦ
1122 2825 1306 2880 ἄνοδον
1345 2843 1359 2857 ·
1389 2826 1506 2880 ἀλλ’
1549 2823 1617 2899 ἦν
1650 2846 1733 2891 τις
1775 2830 1867 2882 ἐπὶ

278 2910 452 2981 τούτῳ
482 2911 578 2964 καὶ
621 2913 784 2985 ἑτέρα
821 2915 1095 2985 πρόφασις
1131 2916 1352 2988 ἀληθὴς,
1403 2917 1584 2989 ζητεῖν
1621 2920 1867 2988 ἀναγκά-

1903 1701 1943 1756 B
1971 1724 2090 1778 dico
2126 1723 2301 1776 modo.

2045 1813 2358 1869 Discessum
2390 1815 2532 1870 haud
2571 1815 2803 1885 jactura:
2847 1828 3077 1886 prorsus
3109 1821 3385 1883 expertem
3435 1813 3552 1867 fore

1973 1906 2262 1977 discipulis
2308 1909 2426 1962 suis
2478 1908 2555 1961 ait
2601 1925 2612 1960 :
2659 1909 2893 1977 primum
2954 1904 3199 1975 quidem,
3251 1904 3379 1973 quia
3427 1903 3550 1972 ejus

1971 1997 2166 2053 dolore
2221 1999 2644 2062 contabescenl,
2679 2006 2734 2054 et
2781 1996 3204 2053 acerbissimum
3243 1995 3369 2049 inde
3417 2010 3552 2049 mm-

1971 2104 2152 2144 rorem
2202 2090 2535 2159 concipient.
2572 2089 2683 2144 Nec
2726 2090 2876 2144 enim
2945 2088 3173 2143 dubium
3209 2096 3296 2141 est
3333 2087 3550 2157 gravis-

1969 2182 2111 2238 simo
2161 2181 2282 2252 ejus
2331 2182 2608 2238 desiderio
2667 2181 2950 2236 detentum
2993 2181 3094 2243 iri,
3147 2189 3200 2234 et
3252 2193 3550 2232 conversa-

1969 2276 2173 2328 tionem
2214 2274 2335 2342 ejus
2383 2274 2774 2344 requisituros,
2831 2270 3300 2343 quemadmodum
3357 2284 3552 2338 nempe

1969 2366 2189 2419 divinus
2217 2365 2307 2419 ille
2342 2363 2546 2420 Paulus
2572 2363 2674 2434 ipsi
2705 2364 2873 2419 etiam
2899 2364 3154 2434 corporis
3185 2363 3311 2415 vitae
3337 2360 3548 2415 versari

1969 2470 2093 2510 cum
2141 2455 2364 2512 Christo
2414 2472 2760 2526 pra-ponens,
2797 2456 2996 2510 melius
3046 2455 3154 2510 sibi
3189 2454 3373 2507 aiebat
3427 2468 3551 2506 esse

1969 2546 2215 2612 dissolvi,
2245 2555 2300 2600 et
2321 2561 2446 2602 esse
2481 2562 2606 2600 cum
2634 2546 2857 2601 Christo
2880 2546 2945 2599 ⁸⁵.
2983 2543 3108 2599 Hac
3133 2544 3393 2598 Christus
3423 2559 3548 2595 eum

1967 2638 2308 2710 praevideret,
2331 2654 2432 2694 nec
2453 2639 2622 2693 corda
2641 2638 2988 2708 diligentium
3013 2652 3073 2692 se
3107 2637 3410 2705 ignoraret,
3437 2650 3548 2688 non

1966 2737 2247 2801 expertem
2283 2731 2540 2786 mmroris
2579 2729 2868 2800 discipulis
2906 2728 3023 2784 fore
3054 2728 3196 2783 dixit
3225 2743 3389 2784 suum
3425 2727 3546 2781 dis-

1967 2837 2205 2877 cessum.
2255 2821 2361 2877 Sed
2393 2831 2447 2877 et
2481 2823 2589 2875 alia
2619 2832 2880 2891 praeterea
2920 2836 3048 2876 vera
3077 2835 3245 2876 causa
3274 2828 3393 2876 erat
3427 2836 3549 2890 qua:

1969 2923 2194 2970 sanctos
2224 2913 2528 2984 discipulos
2552 2913 2810 2985 adigebat
2836 2921 2896 2968 ut
2921 2929 3045 2968 cum
3079 2912 3302 2970 Christo
3332 2917 3540 2968 versari

282 2999 447 3063 ζουσα
507 3002 569 3055 τὸ
623 3006 862 3058 συνεῖναι
915 3006 1137 3076 Χριστῷ
1183 3007 1309 3070 τοὺς
1355 3009 1541 3076 ἁγίους
1592 3010 1860 3081 μαθητὰς.

1969 3014 2250 3077 cuperent.
2283 3005 2495 3078 Quippe
2524 3021 2651 3061 mox
2690 3007 2877 3076 gravia
2933 3006 3175 3076 pericula
3231 3007 3548 3075 perpessuri

292 3094 610 3166 ὀμιλήσειν
653 3097 754 3167 μὲν
787 3099 894 3170 γὰρ
927 3101 1052 3153 ὅσον
1084 3099 1295 3153 οὐδέπω
1334 3101 1596 3167 κινδύνοις
1643 3103 1868 3174 ἔμελλον

280 3189 339 3241 ού
365 3193 605 3261 μικροῖς,
629 3191 726 3243 καὶ
763 3194 880 3254 ταῖς
933 3191 1204 3246 Ἰουδαίων
1231 3193 1556 3257 ἀκαθέκτοις
1587 3196 1869 3260 ἀπονοίαις

283 3283 820 3350 κατασφενδονᾶσθαι
851 3283 1083 3354 συχνῶς,
1114 3283 1249 3338 ἀλλὰ
1279 3287 1373 3338 καὶ
1417 3287 1536 3347 ταῖς
1573 3285 1633 3350 ἐξ
1665 3286 1868 3357 ἑτέρων

281 3373 441 3426 τινῶν
464 3373 890 3445 περιπεσεῖσθαι
938 3376 1180 3444 μανίαις,
1212 3375 1341 3444 ὃλην
1389 3375 1733 3444 περιθέοντες
1769 3376 1870 3447 τὴν

278 3467 624 3536 οἰκουμένην,
658 3466 753 3520 καὶ
775 3469 885 3529 τοῖς
915 3466 996 3520 ἔτι
1025 3467 1399 3538 πλανωμένοις
1431 3467 1521 3521 τὸν
1551 3468 1646 3521 τοῦ
1681 3469 1867 3540 Σωτῆ-

283 3574 372 3628 ρος
420 3557 881 3628 διακηρύττοντες
913 3559 1107 3628 λόγον,
1134 3559 1209 3623 ὼς
1248 3559 1640 3631 δεσμωτηρίων
1680 3562 1870 3631 πειρᾶ-

279 3648 422 3713 σθαι,
455 3649 671 3720 ὕϐρεώς
695 3667 755 3703 τε
777 3652 870 3703 καὶ
889 3651 1075 3712 αίκίας
1103 3651 1202 3704 οὐκ
1235 3652 1507 3722 ἀμοιρεῖν.
1540 3654 1632 3706 καὶ
1661 3654 1866 3722 ἐτέρων

275 3743 428 3796 οὐδὲν
459 3738 626 3814 ἦττον
656 3742 1043 3812 στρεϐλώσεων
1094 3744 1174 3805 είς
1204 3746 1402 3813 πεῖραν
1455 3743 1629 3797 ἐλθεῖν
1649 3759 1661 3772 ·
1687 3747 1865 3799 καίτοι

277 3832 385 3884 τῶν
415 3832 678 3885 τοιούτων
708 3833 922 3896 οὐδενὸς
952 3835 1352 3904 πεπειραμένοι
1390 3835 1658 3905 πρότερον
1687 3837 1745 3888 ἐν
1785 3837 1864 3907 τῷ

278 3924 523 3975 συνεῖναι
574 3920 816 3992 Χριστῷ.
850 3923 1148 3992 Ζητήσετε,
1192 3922 1350 3992 φησὶ,
1387 3924 1568 3978 τοίνυν
1613 3925 1734 3978 τότε
1765 3927 1863 3997 τὴν

276 4012 414 4083 ἐμὴν
447 4013 688 4083 μάλιστα
735 4014 1024 4067 συνουσίαν
1047 4054 1062 4078 ,
1089 4014 1218 4067 ὅταν
1249 4015 1394 4085 ὑμᾶς
1435 4013 1506 4068 τά
1547 4016 1865 4086 πολύτροπα

276 4107 380 4160 τῶν
415 4107 744 4177 πειρασμῶν
785 4107 1092 4179 ἐκταράττῃ
1123 4107 1363 4177 κύματα.
1395 4107 1565 4162 Τοῦτο
1595 4108 1652 4162 δέ
1676 4105 1773 4180 ἦν,
1799 4109 1862 4162 ού

278 4196 412 4266 πρὸς
457 4196 662 4248 δειλίαν
695 4195 953 4264 ἄγοντος,
985 4196 1018 4268 ἢ
1051 4196 1574 4269 προσ-κατακλῶντος
1598 4197 1676 4269 τῷ
1711 4199 1863 4270 φόϐῳ

277 4292 402 4351 τοὺς
453 4289 702 4360 μαθητάς
722 4305 736 4317 ⁸
778 4289 1161 4360 ἐπαλείφοντος
1188 4289 1242 4344 δὲ
1282 4290 1481 4360 μᾶλλον
1505 4291 1584 4353 είς
1617 4291 1863 4355 εὐτονίας

1968 3110 2146 3166 erant,
2183 3114 2313 3154 cum
2348 3106 2402 3154 et
2427 3097 2708 3154 eﬂrenatis
2732 3097 3050 3153 Judaeorum
3079 3112 3224 3168 saepe
3258 3097 3422 3167 objiei
3463 3096 3550 3150 fu-

1968 3192 2215 3256 roribus,
2251 3200 2366 3246 tum
2396 3191 2632 3246 aliorum
2663 3190 3030 3261 quorumdam
3081 3190 3421 3260 intemperiei
3456 3205 3552 3260 pa-

1969 3289 2084 3338 tere
2107 3281 2395 3344 debebant,
2433 3289 2606 3334 totum
2641 3280 2830 3333 orbem
2857 3287 3130 3334 terrarum
3173 3281 3462 3343 obeuntes,
3494 3287 3549 3332 et

1967 3375 2285 3431 errantibus
2318 3373 2497 3429 adhuc
2549 3373 2860 3430 Servatoris
2891 3373 3199 3427 doctrinam
3247 3373 3551 3442 praedican-

1967 3474 2072 3531 tes,
2110 3465 2246 3520 adeo
2304 3473 2359 3518 ut
2416 3480 2516 3520 nec
2555 3479 2811 3520 carceres
2860 3464 3139 3526 deessent,
3203 3479 3306 3518 nec
3356 3462 3550 3534 ﬂagra,

1968 3575 2072 3616 nec.
2099 3559 2426 3629 injuriarum
2459 3573 2523 3614 ac
2579 3565 2987 3614 tormentorum
3016 3571 3190 3626 genus
3225 3557 3397 3610 ullum
3458 3556 3548 3608 in-

1965 3663 2254 3724 expertum
2311 3651 2597 3717 haberent,
2659 3665 2898 3722 quorum
2937 3649 3146 3702 nullum
3200 3649 3356 3718 prius
3415 3648 3551 3702 dum

1967 3749 2321 3799 versarentur
2389 3757 2516 3797 cum
2569 3742 2798 3797 Christo
2835 3741 3205 3811 pertulerunt.
3254 3739 3545 3806 Quaeretie,

1965 3835 2163 3905 inquit,
2195 3841 2328 3890 tunc
2363 3849 2539 3890 meam
2589 3835 2829 3889 maxime
2882 3833 3250 3904 praesentiam,
3294 3847 3419 3885 eum
3449 3848 3549 3888 vos

1967 3927 2336 3982 tentationum
2363 3927 2501 3981 varii
2557 3924 2756 3980 ﬂuetus
2796 3925 3164 3980 turbaverint.
3198 3921 3310 3977 Hoc
3362 3933 3545 3978 autem

1963 4026 2050 4076 est
2089 4034 2198 4074 non
2232 4018 2546 4072 indueentis
2571 4018 2638 4071 ad
2673 4017 3054 4080 formidinem,
3116 4024 3214 4070 aut
3244 4015 3547 4085 discipulos

1966 4109 2163 4164 timore
2194 4108 2522 4180 t‘rangentis,
2563 4109 2659 4164 sed
2724 4109 2792 4164 ad
2829 4109 2999 4164 robur
3055 4116 3112 4163 et
3169 4107 3545 4164 constantiam

1965 4199 2153 4270 potius
2187 4199 2469 4267 ungentis,
2503 4207 2558 4253 et
2583 4197 2649 4251 ad
2682 4213 2874 4252 eorum
2905 4213 3028 4268 quae
3053 4204 3318 4251 eventura
3355 4193 3547 4249 crede-

1965 4293 2166 4349 bantur
2196 4291 2540 4347 tolerantiam
2571 4290 2931 4346 instituentis.
2988 4289 3100 4344 Nec
3128 4288 3274 4343 enim
3317 4300 3546 4356 compe-

279 4381 566 4451 ἀνάληψιν,
616 4380 710 4434 καὶ
739 4381 902 4434 οἱονεὶ
943 4382 1082 4453 πρὸς
1136 4381 1238 4454 τὴν
1283 4381 1393 4434 τῶν
1425 4381 1644 4436 ἔσεσθαι
1697 4399 1864 4452 προσ-

1970 4385 2178 4441 riemus
2202 4383 2395 4438 inutile
2425 4397 2570 4450 esse,
2601 4381 2712 4436 imo
2741 4396 2872 4437 vero
2901 4395 3158 4451 magnam
3182 4380 3237 4434 in
3291 4393 3351 4434 se
3390 4377 3547 4431 utili-

279 4473 604 4542 δοκωμένων
626 4473 906 4545 ὑπομονὴν
939 4473 1472 4544 προευτρεπισθῆναι
1497 4474 1860 4539 διδάσκοντος.

281 4564 350 4616 Οὐ
381 4564 492 4633 γὰρ
529 4565 840 4636 εὑρήσομεν
865 4565 1093 4638 ἀκερδὲς
1112 4605 1126 4628 ,
1151 4567 1352 4636 μᾶλλον
1373 4566 1430 4618 δέ
1461 4566 1664 4638 πολλὴν
1690 4567 1755 4621 ἄν
1782 4585 1865 4632 τις

282 4653 376 4706 ῖδοι
406 4655 507 4725 τὴν
534 4654 720 4726 ὄνησιν
741 4655 864 4726 ἐχον
888 4657 950 4710 τὸ
978 4659 1036 4711 ἐν
1059 4659 1306 4729 Ψαλμοῖς
1327 4657 1606 4729 ᾀδόμενον,
1634 4677 1652 4709 ι
1689 4658 1866 4712 Ἤτοι-

284 4743 516 4814 μάσθην,
546 4748 643 4798 καὶ
676 4746 776 4800 οὐκ
807 4747 1136 4818 ἐταράχθην.
1169 4767 1188 4800 ι
1228 4749 1300 4801 Τὸ
1335 4749 1435 4820 μὲν
1459 4748 1568 4820 γὰρ
1600 4749 1740 4812 ὅλως
1763 4750 1864 4802 οὐκ

279 4837 532 4893 ἐλπισθὲν
559 4839 669 4892 τῶν
701 4839 910 4894 ἀδικεῖν
938 4840 1210 4894 εἰωθότων
1263 4841 1436 4895 δεινὸν
1466 4843 1546 4906 είς
1576 4842 1860 4914 θορύϐους,

277 4931 370 4983 καὶ
403 4929 668 5002 ἀδόκητόν
707 4949 826 4995 πως
849 4931 964 5003 ἔχει
990 4932 1090 5002 τὴν
1111 4932 1300 5002 έφώον
1325 4949 1339 4962 ·
1365 4934 1428 4986 τὸ
1447 4933 1507 4987 δὲ
1528 4937 1648 4999 ταῖς
1687 4952 1861 5007 προσ-

275 5021 506 5086 δοκίαις,
533 5024 632 5076 καὶ
667 5024 730 5077 τδ
767 5023 846 5095 τῷ
878 5023 1255 5096 προεγνῶσθαί
1280 5039 1390 5078 τισι
1433 5025 1861 5097 προδαπανῆσαν

277 5114 376 5184 ἠδη
418 5115 515 5169 τοῦ
545 5116 713 5184 φόϐου
747 5117 810 5170 τὸ
856 5117 1040 5182 πλέον,
1066 5117 1168 5170 οὐκ
1204 5118 1444 5188 ἄκρατον
1474 5118 1588 5189 ἔχει
1608 5119 1707 5191 τὴν
1736 5120 1860 5174 καθ’

276 5197 349 5257 ὧν
372 5204 442 5258 ἂν
467 5207 613 5259 ἐπίοι
662 5206 913 5277 δύναμιν,
935 5206 1420 5278 προμελετησόωης
1451 5209 1584 5262 αὐτὸ
1614 5209 1712 5279 τῆς
1739 5209 1858 5262 δια-

277 5297 446 5361 νοίας,
481 5298 577 5350 καὶ
621 5295 696 5362 ὡς
735 5298 836 5369 ἢδη
880 5299 1052 5368 παρὸν
1096 5298 1395 5369 δεξαμένης
1426 5298 1702 5363 πολλάκις,
1732 5299 1855 5356 ὅσον

278 5389 356 5453 εἰς
406 5389 618 5453 ἐννοίας
655 5389 903 5459 δύναμιν.
937 5389 1148 5460 ’Ὠσπερ
1191 5391 1302 5461 γὰρ
1352 5389 1406 5442 εί
1446 5407 1528 5454 τις
1566 5391 1860 5464 αίμοόόρος

281 5480 375 5533 καὶ
422 5480 616 5550 ἄγριος
655 5481 790 5553 θὴρ,
816 5482 881 5533 ἐκ
913 5480 1080 5551 μέσου
1129 5481 1327 5544 ἀναδὺς
1356 5479 1637 5551 εύδένδρου
1667 5501 1725 5537 τε
1764 5490 1857 5541 καὶ

347 5663 387 5694 ⁸⁵
419 5660 658 5736 Philipp.
692 5681 730 5731 ι,
766 5665 856 5720 25.
923 5666 986 5698 ⁸⁵⁸
1028 5663 1173 5719 Psal.
1214 5666 1520 5733 cxvm,60.

1963 4483 2128 4530 tatem
2151 4473 2354 4529 habere
2377 4472 2527 4543 quod
2573 4473 2626 4526 in
2655 4471 2893 4527 Psalmis
2951 4471 3170 4526 canitur
3196 4487 3211 4523 :
3245 4487 3264 4519 ι
3305 4466 3548 4522 Paratus

1961 4582 2106 4629 sum,
2141 4574 2196 4622 et
2223 4580 2333 4621 non
2363 4581 2485 4622 sum
2514 4565 2770 4620 turbatus
2790 4565 2882 4616 η’.
2912 4582 2930 4616 ι
2970 4562 3168 4616 Malum
3193 4561 3340 4617 enim
3359 4560 3542 4628 inspe-

1960 4667 2141 4712 ratum
2173 4657 2361 4711 turbat
2411 4669 2512 4710 nos
2552 4653 2948 4716 vehementius,
2991 4661 3046 4708 et
3093 4652 3284 4721 pungit
3317 4650 3541 4713 acrius;

1960 4749 2108 4820 quod
2144 4757 2325 4802 autem
2375 4746 2670 4816 praevisum
2705 4753 2760 4800 et
2801 4751 3182 4813 exspectatum
3233 4751 3340 4805 est,
3380 4739 3541 4811 quasi

1963 4855 2160 4910 magna
2184 4839 2298 4908 jam
2325 4847 2477 4909 parte
2505 4849 2682 4893 metus
2711 4843 3067 4905 consumpta,
3093 4833 3352 4888 lentiores
3377 4833 3542 4888 habet

1961 4932 2220 5002 impetus,
2281 4931 2579 5000 anticipata
2615 4927 2879 4982 nimirum
2915 4927 3064 4982 illius
3091 4925 3451 4996 cogitatione,
3482 4933 3538 4977 et

1959 5023 2132 5080 animi
2157 5023 2363 5078 virtute
2388 5030 2516 5077 ante
2541 5031 2816 5090 suscepta.
2843 5019 2913 5075 Ut
2941 5021 3089 5076 enim
3114 5026 3270 5071 atrox
3301 5016 3480 5072 bellua
3505 5031 3540 5070 e

1959 5115 2148 5172 densis
2176 5114 2419 5170 latibulis
2451 5128 2516 5168 ac
2543 5113 2733 5170 lustris
2756 5113 3046 5183 in0pinato
3071 5124 3392 5178 erumpens,
3425 5123 3535 5162 non

1963 5208 2128 5263 modo
2158 5208 2315 5262 valde
2341 5223 2468 5262 eum
2497 5207 2680 5260 turbat
2723 5207 2776 5259 in
2810 5220 2972 5275 quem
3028 5200 3307 5263 insilierit.
3344 5201 3444 5256 sed
3481 5211 3538 5255 et

1961 5299 2290 5370 imparatum
2355 5297 2622 5353 dilaniat:
2703 5297 2924 5352 eminus
3014 5309 3149 5349 vero
3237 5301 3536 5365 conspecta

1968 5391 2133 5464 749
2161 5398 2322 5461 atque
2376 5390 2594 5460 cognita
2652 5397 2922 5442 armatum
2969 5394 3065 5442 aut
3110 5387 3296 5441 minus
3345 5385 3536 5442 forsan

1965 5485 2144 5551 laedet,
2169 5492 2262 5538 aut
2295 5481 2451 5537 irrito
2474 5489 2675 5537 conatu
2697 5482 2918 5536 recedet
2945 5499 2959 5536 :
2987 5481 3067 5538 sic
3097 5480 3286 5543 etiam,
3312 5479 3528 5550 opinor,
