4062 6208
438 235 546 294 159

1392 243 1448 299 S.
1467 242 1746 299 CYRILLI
1789 239 2254 296 ALEXANDRINI
2283 241 2600 298 ARCIIIEP.

3597 235 3701 291 160

437 365 504 401 ev
530 349 943 414 tentationibns,
969 349 1248 420 insperata
1279 352 1660 408 vehementius
1683 368 1748 405 ac
1776 351 2021 406 ferocius

2143 352 2341 416 ἰασείας
2387 352 2484 424 τῆς
2509 351 2747 421 λόχμης,
2772 345 3058 419 ὲφάλλοιτό
3079 364 3186 400 τινι
3214 343 3324 398 τῶν
3345 344 3444 415 οὑχ
3465 345 3715 416 ὁρώντων

437 439 645 494 invadit
698 457 861 510 qnam
892 451 1130 511 sperata.
1167 441 1565 499 Percommode
1617 446 1805 513 itaque
1838 442 2021 496 Domi-

438 549 544 590 nus
577 544 765 587 noster
793 531 956 588 Jesns
1003 532 1264 590 Christus
1296 535 1383 590 his
1441 537 1644 599 verbis,
1695 554 1714 587 ι
1751 535 2033 601 Qitaaretis'

440 640 546 688 Ine,
585 643 603 675 ι
637 641 758 694 qua:
781 626 1066 694 discipulis
1091 638 1355 681 eventura
1392 638 1582 684 essent
1635 643 1702 700 es
1764 642 1866 681 suo
1899 627 2018 682 dis-

439 732 626 779 cessu,
658 727 714 772 et
761 718 1028 771 tumultus
1060 719 1346 773 subinnnit
1391 721 1460 772 ab
1491 719 1830 774 adversariis
1869 718 2023 772 exci-

443 809 678 870 tandos,
737 809 803 862 ad
867 809 1126 863 virtutem
1196 818 1250 865 et
1302 813 1474 865 robur
1530 811 1857 881 capiendum
1923 811 2025 864 hac

442 903 801 972 praedictione
831 903 957 957 illos
994 904 1272 959 excitans.
1305 903 1400 959 liis
1437 919 1601 973 porro
1633 903 1843 957 utiliter
1893 905 2026 958 sub-

437 993 619 1062 iungit
657 991 786 1060 quid
829 993 1155 1061 impraesens
1185 1009 1282 1048 eos
1336 995 1492 1063 sequi
1522 994 1836 1062 prohibeat.
1869 992 2026 1060 Quod

442 1085 586 1140 enim
615 1085 726 1138 dixi
752 1083 980 1150 ludatis,
1010 1085 1211 1155 inquit,
1238 1087 1344 1140 hoc
1381 1097 1436 1141 et
1477 1087 1544 1140 ad
1577 1102 1674 1142 vos
1706 1085 1871 1139 modo
1903 1088 2024 1141 aio:

452 1196 468 1226 ι
508 1175 628 1241 Quo
668 1177 829 1241 vado,
863 1194 958 1232 vos
994 1194 1101 1231 non
1143 1179 1376 1247 potestis
1412 1180 1618 1233 venire.
1661 1197 1678 1229 ›
1737 1177 1846 1232 Nec
1880 1179 2027 1232 enim

446 1278 663 1338 tempus
718 1268 903 1322 adhuc
956 1277 1075 1323 erat
1112 1279 1342 1323 sanctos
1403 1269 1727 1338 discipulos,
1786 1268 2028 1323 nondum

448 1360 759 1414 ministerio
783 1375 884 1415 suo
918 1371 1334 1424 consummato,
1369 1360 1437 1413 ad
1484 1376 1758 1431 supernas
1793 1362 2033 1416 transire

447 1451 768 1504 mansiones
795 1467 809 1503 :
845 1466 908 1504 ea
935 1450 1139 1520 quippe
1171 1451 1426 1520 migratio
1461 1451 1516 1504 in
1546 1465 1849 1520 congruum
1893 1458 2033 1504 tem-

2124 444 2306 505 αὑτὸν,
2346 443 2648 514 σπαράττει
2679 441 2795 513 [γρ.
2823 439 3107 510 ταράττει]
3147 438 3244 508 μὲν
3274 437 3394 490 λίαν
3431 437 3494 490 οὑ
3542 455 3712 508 προσ-

2122 532 2365 586 δοκῶντα
2399 533 2497 602 τὴν
2528 531 2735 600 ἔφοδον,
2764 531 2978 600 ἀναιρεῖ
3004 529 3061 581 δὲ
3107 527 3242 597 πρὸς
3279 527 3462 596 μάχην
3500 527 3599 579 οὑκ
3629 528 3720 579 εὑ-

2123 623 2488 696 τρεπισθέντα
2532 621 2743 676 λαϐώνο
2791 624 2821 675 6
2853 622 2910 674 δὲ
2959 620 3243 692 πόρρωθεν
3268 619 3476 686 ὀφθεὶς,
3511 619 3606 670 καὶ
3636 619 3722 672 ὃτι

2125 717 2397 788 παρέσται
2463 715 2861 784 διεγνωσμένος
2888 756 2903 778 ,
2933 711 3266 782 ὡπλισμένῳ
3321 709 3616 779 συμϐαλὼν
3639 751 3655 775 ,
3687 710 3722 780 ἢ

2127 806 2350 860 ἔλαττον
2380 805 2630 876 ἀδικήσει
2681 804 2840 874 τυχὸν
2865 845 2880 869 ,
2911 803 2944 875 ἢ
2994 802 3092 856 καὶ
3128 801 3296 872 μηδὲν
3324 800 3548 870 ἰσχύσας
3570 801 3726 870 οἰχή-

2129 915 2310 950 σεται·
2343 898 2435 950 τὸν
2474 898 2637 952 αὑτὸν
2659 937 2673 961 ,
2699 893 2858 967 οἶμαι
2885 935 2900 960 ,
2926 895 3127 964 τρόπον
3159 892 3254 947 καὶ
3274 893 3366 946 ἐπὶ
3391 892 3499 944 τῶν
3526 908 3725 963 πειρα-
3813 909 3830 930 θ

2131 991 2304 1062 σμῶν,
2337 992 2366 1042 6
2412 991 2660 1062 μηδόλως
2711 989 2932 1043 ἔσεσθαι
2981 985 3376 1058 προσδοκηθεὶς
3405 984 3501 1038 τοῦ
3550 1001 3726 1058 προσ-

2125 1085 2448 1154 δοκηθέντος
2486 1085 2586 1155 ήδη
2639 1083 2972 1155 θερμότερόν
3014 1098 3074 1134 τε
3102 1083 3199 1134 καὶ
3233 1079 3570 1150 ἀγριώτερον
3591 1080 3727 1148 ἡμῖν

2130 1177 2446 1248 προσϐαλεῖ.
2508 1176 2813 1248 Χρησίμως
2865 1172 3156 1244 τοιγαροῦν
3205 1173 3236 1226 6
3299 1170 3504 1240 Κύριος
3567 1169 3730 1240 ἡμῶν

2143 1269 2349 1340 Ἰησοῦς
2377 1269 2406 1320 6
2437 1268 2693 1340 Χριστὸς,
2719 1267 2812 1320 διὰ
2857 1265 2952 1320 τοῦ
2995 1266 3184 1334 φάναι,
3221 1281 3239 1314 ι
3281 1261 3554 1333 Ζητήσετέ
3583 1278 3672 1330 με,
3704 1280 3723 1311 ι

2131 1359 2198 1413 τὰ
2238 1363 2302 1413 ὲκ
2332 1358 2426 1412 τοῦ
2470 1358 2665 1428 μηκέτι
2703 1359 2942 1410 συνεῖναι
2970 1358 3079 1418 τοῖς
3102 1353 3301 1408 ἑαυτοῦ·
3324 1351 3721 1422 συμϐησόμενα

2137 1453 2430 1522 μαθηταῖς,
2481 1451 2575 1504 καὶ
2613 1448 2877 1518 θορύϐους
2927 1447 3325 1508 ὑπαινίττεται,
3367 1446 3494 1508 τοὺς
3526 1444 3590 1496 ἐκ
3619 1441 3732 1495 τῶν

449 1556 552 1609 pus
583 1542 930 1594 servabatur.
961 1540 1580 1596 Observandumtamen
1613 1549 1700 1596 est
1723 1557 1874 1607 eum,
1901 1556 2029 1596 cum

2143 1543 2574 1612 πολεμησόντων,
2611 1540 2812 1603 αὐτοὺς
2862 1537 3278 1608 προετοιμάζων
3326 1537 3416 1590 διὰ
3457 1534 3554 1589 τοῦ
3597 1551 3731 1605 προ-

449 1633 689 1702 idipsum
742 1633 1102 1702 signiﬁcaret,
1151 1633 1358 1690 .Indazis
1403 1634 1634 1700 dixisse,
1697 1652 1716 1685 ι
1759 1632 2034 1700 Ουωτθιίε

2143 1637 2316 1688 ειπεῖν
2363 1636 2443 1697 εἰς
2501 1633 2756 1705 ἀνδρείας
2787 1630 3078 1701 ἀνάληψιν.
3124 1629 3399 1698 Ἐπιλέγει
3431 1629 3490 1682 δὲ
3517 1627 3731 1690 τούτοις

451 1739 556 1787 me,
591 1733 644 1779 et
672 1741 777 1778 non
811 1725 1106 1780 invenietis
1139 1742 1262 1780 me:
1305 1745 1321 1776 ι
1359 1725 1649 1796 discipulis
1685 1739 1869 1782 autem
1901 1728 2042 1783 suis.

2149 1727 2435 1796 χρησίμως
2468 1728 2561 1780 καὶ
2598 1725 2650 1778 τί
2685 1723 2838 1796 παρὰ
2882 1724 3048 1787 πόδας
3077 1721 3318 1776 κείσεται
3347 1720 3554 1775 κωλύον
3596 1721 3731 1774 ἀκο-

457 1834 475 1864 i
513 1813 787 1879 Quaeretis
817 1831 923 1880 me,
966 1836 984 1867 ι
1019 1819 1196 1871 solum
1229 1817 1435 1880 dicere,
1471 1833 1574 1873 nec
1623 1819 1754 1873 illud
1802 1818 2026 1884 addere,

2143 1818 2344 1872 λουθεῖν
2373 1821 2452 1881 εἰς
2484 1819 2546 1871 16
2578 1817 2754 1887 παρὸν
2789 1815 3012 1880 αὐτούς.
3048 1817 3226 1886 Ὅπερ
3259 1814 3367 1885 γάρ
3402 1813 3587 1881 ἔλεγον
3618 1813 3731 1874 τοῖς

450 1906 568 1960 Non
610 1908 922 1964 invenietis.
964 1908 1138 1974 Quam
1175 1910 1246 1962 ob
1299 1909 1458 1964 rem?
1519 1909 1733 1980 Quippe
1797 1913 1851 1964 in
1903 1910 2029 1964 illos

2149 1911 2458 1973 Ἰουδαίοις,
2489 1910 2646 1980 φησί,
2677 1908 2834 1963 τοῦτο
2885 1909 2982 1962 καὶ
3033 1907 3172 1981 πρὸς
3204 1908 3350 1977 ὑμᾶς
3394 1906 3519 1976 ἀρτι
3566 1903 3728 1974 φημί.

446 1999 574 2066 jure
606 1999 842 2068 quadrat
885 2001 1032 2069 quod
1085 2017 1191 2054 non
1223 2001 1509 2056 inveniant
1548 2019 1696 2068 eum,
1728 2003 1798 2057 ob
1832 2003 2025 2057 imma-

2146 2024 2164 2056 ι
2207 2006 2383 2057 Ὅπου
2417 2003 2527 2072 ἐγὼ
2565 2003 2760 2069 ὑπάγω
2781 2041 2797 2066 ,
2827 2003 2986 2072 ὑμεῖς
3003 2002 3066 2054 οὑ
3101 1999 3332 2053 δύνασθε
3385 1998 3577 2052 ἐλθεῖν.
3605 2016 3622 2048 ι
3655 1997 3731 2048 Ob

452 2108 587 2146 nem
619 2093 874 2148 videlicet
924 2093 1389 2159 incredulitatem,
1423 2103 1476 2148 et
1515 2094 1852 2162 impietatem
1903 2109 2032 2163 erga

2143 2097 2247 2166 γάρ
2294 2114 2381 2149 πω
2412 2098 2592 2166 παρῆν
2623 2096 2651 2147 6
2688 2095 2880 2166 καιρὸς
2919 2093 3012 2148 τοῦ
3045 2095 3182 2164 πρὸς
3210 2093 3311 2156 τὰς
3341 2092 3454 2146 ἄνω
3479 2088 3733 2160 γενέσθαι

452 2185 632 2252 ipsum
691 2185 1112 2241 incredibilem:
1150 2185 1408 2257 genuinis
1445 2197 1625 2241 autem
1677 2201 1743 2239 ac
1795 2187 2033 2242 sinceris

2143 2189 2311 2260 μονὰς
2341 2189 2466 2251 τοὺς
2494 2187 2682 2255 ἁγίους
2717 2187 3052 2250 ἀποστόλους
3099 2188 3254 2241 οὑπω
3286 2181 3733 2252 λελειτουργηκό-

451 2279 574 2343 ejus
607 2280 913 2335 cultoribus
945 2281 1342 2334 convenienter
1372 2279 1479 2335 dici
1533 2295 1644 2334 non
1679 2287 1883 2350 potest,
1913 2278 2033 2334 Non

2143 2299 2232 2344 τας
2251 2297 2265 2310 ·
2287 2283 2535 2352 ἐτηρεῖτο
2555 2279 2662 2348 γὰρ
2685 2280 2926 2348 μάλιστα
2950 2280 3013 2334 16
3038 2281 3133 2333 καὶ
3155 2281 3236 2342 εἰς
3261 2277 3419 2331 τοῦτο
3442 2272 3734 2346 παρελθεῖν

452 2370 748 2425 invenietis
782 2387 886 2426 me.
922 2372 1096 2427 Adest
1127 2373 1274 2426 enim
1307 2373 1387 2424 eis
1417 2387 1742 2441 semperque
1776 2371 1974 2427 aderit.

2143 2373 2332 2434 αὑτοὺς
2376 2369 2555 2442 καιρῷ
2606 2369 2684 2440 τῷ
2715 2369 3037 2439 καθήκοντι.
3073 2369 3468 2441 Ἐπιτηρητέον
3518 2381 3582 2434 γε
3625 2363 3734 2434 μὴν

452 2462 630 2514 ἐκεῖνο
667 2461 853 2528 πάλιν,
885 2464 965 2517 ὅτι
998 2465 1109 2525 τοῖς
1143 2463 1241 2534 μὲν
1276 2463 1550 2528 Ἰουδαίοις
1589 2463 1907 2534 προσλαλῶν
1946 2466 2040 2520 καὶ
2078 2465 2210 2520 αὑτὸ
2276 2464 2339 2534 δὴ
2363 2463 2520 2516 τοῦτο
2547 2463 2829 2533 σημαίνων
2850 2463 3052 2528 ἔφασκε
3075 2479 3088 2491 ·
3119 2482 3138 2514 ι
3178 2459 3445 2532 Ζητήσετέ
3485 2475 3576 2529 με.
3639 2462 3735 2512 καὶ

450 2551 549 2620 οὐχ
575 2551 839 2622 εὑρήσετέ
867 2569 932 2620 με
953 2569 966 2582 ’
1017 2570 1035 2604 ι
1069 2554 1179 2616 τοῖς
1204 2570 1264 2621 γε
1305 2553 1409 2624 μὴν
1447 2551 1641 2608 ἑαυτοῦ
1673 2553 1961 2624 μαθηταῖς,
2002 2555 2086 2620 16,
2131 2573 2150 2606 ι
2178 2553 2454 2624 Ζητήσετέ
2491 2571 2580 2623 με,
2609 2573 2626 2604 ι
2669 2553 2831 2622 μόνον
2859 2556 3045 2622 φησιν,
3075 2554 3365 2622 ἀποσιωπᾷ
3402 2552 3460 2604 δὲ
3499 2549 3736 2622 πρεπόν“

451 2659 557 2704 τως
584 2643 665 2705 16,
698 2660 715 2692 ι
741 2643 852 2713 Οὑχ
880 2643 1162 2714 εὑρήσετε.
1189 2662 1206 2693 ›
1244 2644 1352 2694 Καὶ
1382 2643 1470 2696 διὰ
1500 2643 1661 2697 ποίαν
1697 2645 1876 2698 αἰτίαν
1907 2662 1923 2711 ς
1954 2645 2213 2717 Ἀρμόσει
2241 2644 2343 2715 μὲν
2385 2643 2494 2715 γὰρ
2539 2644 2771 2706 ἐκείνοις
2809 2643 2868 2696 τὸ
2907 2643 2980 2715 μὴ
3013 2644 3288 2715 εὑρίσκειν
3325 2643 3509 2706 αὑτὸν,
3549 2642 3638 2696 διά
3672 2659 3732 2694 τε

451 2737 550 2806 τὴν
583 2737 820 2808 ἄμετρον
851 2737 1128 2798 ἀπιστίαν,
1165 2737 1257 2789 καὶ
1290 2737 1388 2805 τῆς
1418 2737 1498 2799 εἰς
1531 2736 1690 2790 αὑτὸν
1759 2738 2080 2802 δυσσεϐείας
2147 2739 2248 2810 τὴν
2288 2739 2625 2810 ὑπερϐολήν·
2661 2741 2774 2802 τοῖς
2803 2739 2858 2791 δὲ
2888 2741 3110 2810 γνήσιον
3161 2741 3242 2802 είς
3269 2739 3432 2792 αὑτὸν
3459 2738 3638 2808 ἔχουσι
3672 2740 3732 2792 16

455 2829 731 2898 φρόνημα,
772 2829 865 2880 καὶ
910 2829 1291 2898 ἀκαπήλευτον
1335 2827 1656 2882 ἁποσὼσασι
1689 2829 1787 2900 τὴν
1825 2831 2127 2901 ἀγάπησιν,
2165 2833 2353 2886 οὑκέτι
2399 2833 2715 2904 πρεπόντως
2761 2831 2829 2886 ἂν
2875 2831 3083 2902 λέγοιτο
3124 2833 3216 2898 τὸ,
3270 2849 3289 2882 ι
3326 2831 3438 2902 Οὐχ
3473 2831 3734 2902 εὑρήσετέ

458 2938 546 2990 με.
597 2939 616 2971 ι
655 2918 829 2988 Συνῆν
853 2919 962 2989 γὰρ
990 2921 1192 2984 αὑτοῖς,
1227 2921 1321 2972 καὶ
1353 2919 1608 2973 συνέσται
1635 2921 1725 2976 διὰ
1752 2923 1978 2986 παντός.

530 3009 666 3067 XIII.
698 3010 783 3064 δέ.
822 3007 1140 3063 Mandatum
1164 3026 1354 3064 novum
1383 3009 1452 3063 do
1507 3012 1669 3076 vobis,
1709 3022 1767 3066 ut
1792 3013 2034 3084 diligatis
2066 3023 2107 3081 C

458 3104 713 3167 invicem,
773 3106 910 3155 sicut
945 3100 1110 3154 dilexi
1170 3118 1281 3166 vos,
1338 3111 1394 3154 ut
1459 3113 1508 3156 et
1563 3119 1649 3157 vos
1689 3103 1926 3176 diligatis
1959 3107 2036 3160 in-

459 3197 642 3248 vicem.

2143 3200 2312 3270 ὑμεῖς
2342 3197 2610 3269 ἀγαπᾶτε
2638 3198 2970 3264 ἀλλήλους.

534 3285 704 3340 Recte
732 3301 796 3339 ac
829 3301 957 3340 vere
992 3283 1219 3340 divinus
1250 3284 1455 3342 Paulus
1518 3287 1714 3343 scribit
1746 3306 1760 3342 :
1805 3308 1823 3341 ι
1858 3289 2039 3356 Quare

2208 3292 2408 3355 Καλῶς
2435 3308 2492 3344 τε
2517 3292 2612 3344 καὶ
2640 3291 2862 3362 ἀληθῶς
2889 3293 2918 3344 6
2939 3291 3226 3354 Θεσπέσιος
3258 3292 3459 3361 γράφει
3477 3289 3689 3353 Παῦλος
3709 3305 3726 3321 ·

459 3379 504 3433 si
531 3382 655 3450 quis
684 3379 735 3432 in
766 3378 988 3434 Christo
1021 3388 1126 3440 est,
1183 3393 1321 3432 nova
1353 3388 1608 3434 creatura
1659 3389 1744 3436 est
1779 3401 1792 3436 :
1837 3391 2024 3438 vetera

2147 3404 2163 3436 ι
2178 3385 2339 3438 Ὥστε
2356 3385 2492 3448 εἴτις
2509 3386 2566 3437 ὲν
2588 3381 2832 3454 Χριστῷ,
2853 3383 3016 3454 καινὴ
3045 3383 3223 3446 κτίσις
3245 3400 3258 3415 ·
3277 3383 3346 3436 τά
3365 3385 3571 3454 ἀρχαῖα
3596 3401 3739 3448 παρ-

459 3472 819 3534 transierunt,
839 3487 966 3526 ecce
985 3469 1128 3523 facta
1151 3479 1279 3524 sunt
1297 3472 1479 3526 (nimia
1507 3487 1647 3527 nova
1672 3473 1737 3529 ⁸⁸.
1753 3494 1769 3524 ι
1791 3474 2041 3530 Renovat

2143 3477 2326 3546 ἦλθεν,
2351 3476 2458 3529 ίδοὺ
2489 3475 2680 3544 γέγονε
2704 3475 2775 3528 τὰ
2793 3475 2970 3530 πάντα
2994 3477 3180 3530 καινά.
3198 3497 3214 3526 ι
3239 3475 3600 3538 Ἀνακαινίζει
3625 3476 3737 3546 γὰρ

459 3567 604 3619 enim
655 3581 756 3619 nos
810 3580 874 3618 ac
929 3563 1145 3633 relingit
1179 3564 1590 3633 quodammodo
1637 3567 1704 3620 ad
1747 3569 2039 3623 novitatem

2143 3570 2311 3638 ἡμᾶς,
2340 3568 2434 3622 καὶ
2461 3567 2791 3621 ἀναπλάττει
2837 3567 3040 3638 τρόπον
3091 3568 3212 3621 τινά
3254 3567 3392 3638 πρὸς
3441 3567 3738 3637 καινότητα

2223 3013 2518 3083 Ἐντολὴν
2575 3013 2798 3082 καινὴν
2844 3012 3055 3080 δίδωμι
3103 3011 3266 3082 ὑμῖν,
3317 3013 3418 3065 ἵνα
3469 3009 3736 3080 ἀγαπᾶτε

2139 3107 2475 3174 ἀλλήλους,
2523 3106 2719 3171 καθὼς
2763 3105 2879 3175 ἐγὼ
2924 3106 3214 3176 ἠγάπησα
3264 3103 3439 3174 ὑμᾶς,
3479 3105 3582 3156 ἵνα
3635 3104 3734 3157 καὶ

460 3659 602 3720 vitm,
637 3657 732 3711 sed
765 3656 968 3709 inviam
1003 3671 1101 3710 nec
1134 3656 1318 3710 tritam
1352 3658 1480 3711 aliis
1515 3666 1789 3728 quotquot
1827 3661 1880 3713 in
1925 3661 2044 3729 lege

459 3749 645 3801 vivere
703 3755 922 3810 amant,
977 3757 1033 3800 et
1083 3745 1344 3803 Mosaicis
1399 3751 1690 3818 praeceptis
1745 3751 2039 3806 inhaerere.

463 3838 607 3893 Nihil
637 3839 840 3908 quippe
869 3839 954 3893 lex
985 3840 1223 3907 perlicit,
1258 3848 1320 3892 ut
1375 3839 1646 3908 scriptum
1679 3849 1763 3895 est
1789 3841 1830 3871 ¹⁷
1863 3858 1878 3906 ;
1932 3841 2046 3910 plc-

462 3933 751 3986 nissimam
798 3939 980 3985 autem
1024 3932 1245 4001 pictatis
1278 3932 1332 3985 in
1387 3932 1558 3988 Deum
1621 3948 1936 3988 mensuram
1989 3935 2045 3988 in

465 4023 780 4078 Servatoris
811 4024 984 4079 nostri
1015 4023 1287 4078 mandatis
1313 4025 1500 4082 videre
1523 4037 1628 4082 est.
1652 4026 1866 4081 Idcirco
1895 4026 2044 4080 enim

462 4125 518 4169 et
547 4115 665 4184 ipse
699 4114 768 4168 ad
804 4130 905 4168 nos
933 4115 1134 4169 alicubi
1160 4117 1250 4171 sic-
1273 4117 1381 4172 ait:
1423 4135 1442 4167 ι
1476 4117 1670 4181 Amen,
1717 4133 1875 4172 amen
1922 4116 2048 4171 dico

463 4205 641 4266 vobis.
671 4206 775 4262 nisi
810 4207 1172 4262 abundaverit
1221 4209 1436 4276 justitia
1481 4219 1663 4265 vestra
1699 4211 1822 4280 plus
1882 4224 2046 4279 quam

466 4299 791 4355 Scribarum
849 4309 899 4356 et
929 4299 1363 4368 Pharisaeorum,
1396 4318 1507 4358 non
1561 4303 1845 4358 intrabitis
1875 4301 1928 4356 in
1964 4316 2050 4356 re-

2145 3658 2312 3728 ζωῆς,
2361 3657 2561 3726 ἀστιϐῆ
2607 3657 2665 3710 δὲ
2721 3657 2816 3710 καί⁵
2872 3658 2986 3720 τοῖς
3031 3657 3214 3718 ἄλλοις
3261 3657 3321 3710 οὑ
3369 3656 3740 3728 τετριμμένην

2145 3750 2290 3812 ὅσοις
2317 3749 2379 3802 τὸ
2426 3750 2484 3802 ὲν
2532 3749 2684 3819 νόμῳ
2725 3749 3107 3803 πολιτεύεσθαι
3137 3750 3324 3817 φίλον,
3360 3749 3454 3803 καὶ
3485 3753 3606 3814 ταῖς
3647 3749 3740 3802 διὰ

2145 3840 2390 3903 Μωσέως
2446 3839 2836 3910 προσεδρεύειν
2888 3840 3152 3904 ἐντολαῖς.
3189 3841 3400 3894 Τελειοῖ
3437 3841 3536 3910 μὲν
3571 3840 3682 3910 γάρ
3708 3843 3740 3893 δ

2147 3932 2310 4000 νόμος
2341 3932 2516 3996 οὐδὲν,
2554 3934 2694 3986 κατά
2725 3933 2786 3986 16
2817 3933 3205 4005 γεγραμμένον
3227 3951 3242 3966 ο
3273 3931 3643 4004 πληρέστατον
3679 3933 3739 3985 δὲ

2147 4022 2247 4092 τῆς
2278 4024 2358 4086 εἰς
2389 4022 2522 4076 Θείαν
2569 4024 2932 4087 εὑσεϐείαςτδ
2958 4025 3156 4095 μέτρον
3185 4025 3243 4078 ὲν
3268 4026 3382 4088 τοῖς
3425 4022 3520 4076 τοῦ
3547 4024 3736 4093 Σωτῆ-

2153 4132 2243 4186 ρος
2273 4116 2306 4185 ἡ
2318 4114 2433 4186 μῶν
2462 4115 2671 4169 κατίδοι
2707 4133 2792 4179 τις
2827 4115 2893 4169 ἂν
2921 4115 3275 4186 διατάγμασι.
3309 4115 3408 4168 Διὰ
3441 4115 3548 4186 γὰρ
3579 4114 3741 4168 τοῦτο

2149 4207 2246 4260 καὶ
2282 4207 2444 4270 αὑτός
2491 4223 2596 4260 που
2645 4207 2782 4277 πρὸς
2810 4208 2962 4278 ἡμᾶς
3005 4201 3110 4262 ὧδέ
3162 4209 3236 4278 πή
3267 4224 3463 4279 φησιν’
3495 4227 3515 4258 ι
3541 4206 3736 4278 Ἀμὴν,

2151 4294 2300 4366 ἀμὴν
2343 4295 2486 4363 λέγω
2518 4295 2668 4366 ὑμῖν,
2713 4295 2810 4349 ὲάν
2851 4295 2927 4368 μὴ
2979 4297 3314 4368 περισσεύσῃ
3348 4299 3380 4367 ή
3420 4295 3737 4366 δικαιοσύνη

463 4407 630 4462 gnum
659 4393 822 4463 750
848 4395 1113 4448 caelorum
1141 4396 1204 4448 ’⁸.
1242 4415 1260 4447 ι
1300 4395 1420 4449 Non
1454 4395 1598 4450 enim
1635 4392 1838 4448 Judzeis
1869 4409 2042 4446 mores

2152 4386 2308 4458 ὑμῶν
2334 4387 2516 4441 πλεῖον
2542 4387 2651 4440 τῶν
2680 4387 3060 4459 Γραμματέων
3084 4389 3178 4441 καὶ
3205 4389 3535 4460 Φαρισαίων,
3571 4389 3631 4442 οὑ
3661 4390 3740 4458 μὴ

467 4499 533 4538 ac
561 4486 701 4539 ritus
732 4501 864 4539 suos
892 4487 1222 4552 invidemus,
1267 4489 1379 4541 imo
1410 4487 1516 4542 nisi
1573 4488 1776 4558 oppido
1823 4488 2050 4556 legalem

462 4575 738 4644 justitiam
795 4579 1172 4646 praetergressi
1227 4577 1540 4641 fuerimus,
1597 4593 1878 4648 nunquam
1935 4593 2052 4632 mea

2153 4479 2433 4549 εἰσέλθητε
2474 4483 2554 4544 εἰς
2583 4481 2684 4552 τὴν
2717 4481 2998 4551 βασιλείαν
3027 4481 3134 4534 τῶν
3163 4481 3432 4552 οὑρανῶν.
3472 4501 3491 4533 ι
3519 4483 3593 4536 Οὑ
3625 4481 3741 4552 γάρ

2152 4576 2265 4636 τοῖς
2307 4572 2572 4626 Ἰουδαίων
2617 4573 2978 4645 ἀμιλλώμεθα
3018 4573 3276 4644 τρόποις,
3307 4573 3423 4627 ἀλλ’
3455 4576 3504 4627 εἰ
3540 4575 3615 4644 μὴ
3642 4575 3743 4627 καὶ

468 4667 744 4721 sententia
777 4667 829 4719 in
868 4683 1098 4738 regnum
1129 4669 1396 4723 caelorum
1431 4669 1828 4741 ingrediantur.
1867 4668 2042 4740 Neque

2155 4668 2358 4737 σφόδρα
2407 4667 2866 4753 παραδράμοιμεν
2901 4668 3002 4736 τὴν
3057 4669 3115 4721 ὲν
3149 4667 3301 4738 νόμῳ
3347 4667 3698 4753 δικαιοσύνην
3722 4707 3742 4731 ,

467 4765 650 4812 tamen
693 4773 886 4811 vanam
921 4775 1156 4828 prorsus
1188 4776 1251 4816 ac
1281 4761 1530 4816 inutilem
1560 4777 1683 4817 esse
1709 4763 1883 4832 legem
1935 4760 2050 4814 Mo-

471 4850 679 4906 saicam
733 4851 1077 4909 statuimus:
1118 4854 1338 4909 tametsi
1397 4855 1545 4909 enim
1617 4855 1823 4909 bonum
1891 4853 2052 4908 nobis

473 4939 679 4996 invexit
741 4941 923 4996 minus
992 4957 1126 4996 sane
1201 4943 1486 5013 perfecte,
1540 4955 1917 4998 verumtamen
1983 4943 2052 4997 ad

471 5035 803 5105 evangelicae
865 5037 1306 5093 conversationis
1363 5038 1716 5109 disciplinam
1788 5037 2052 5107 magistra

474 5125 636 5180 nobis
683 5127 918 5190 exstitit,
973 5134 1027 5182 et
1063 5144 1160 5195 per
1188 5131 1481 5201 aenigmata
1536 5145 1600 5184 ac
1651 5129 1856 5199 ﬁguras
1910 5143 2053 5183 verae

475 5215 692 5285 pietatis
727 5216 994 5272 inducens
1050 5220 1370 5289 imaginem,
1401 5221 1609 5275 nostris
1644 5220 2053 5290 quodammodo

477 5305 754 5361 mentibus
799 5309 1071 5365 doctrina:
1099 5310 1430 5365 Christianae
1463 5311 1711 5364 umbram
1761 5309 2057 5380 impressit.

475 5395 748 5461 Quocirca
783 5407 839 5454 et
868 5401 986 5472 ipse
1014 5402 1229 5456 aiebat:
1285 5421 1302 5452 ι
1342 5402 1475 5457 Dico
1508 5401 1654 5457 enim
1710 5404 1888 5463 vobis.
1926 5403 2054 5472 quia

479 5485 663 5541 omnis
692 5489 873 5542 scriba
909 5492 1109 5547 doctus
1137 5492 1192 5546 in
1224 5509 1393 5564 regno
1421 5493 1690 5548 cmlorum
1722 5494 1924 5548 similis
1967 5503 2053 5548 cst

551 5665 595 5696 “
632 5663 671 5720 ll
709 5667 836 5723 Cor.
871 5686 923 5727 ν.
963 5669 1051 5722 17.
1136 5671 1175 5702 ¹⁷
1218 5669 1380 5726 Ilcbr.
1419 5687 1525 5737 vn,
1569 5671 1632 5725 I9

2153 4759 2253 4811 οὑκ
2282 4757 2348 4810 ἂν
2378 4752 2533 4824 οἶμαί
2564 4775 2693 4812 ποτε
2733 4759 2870 4828 πρὸς
2900 4759 2999 4829 τὴν
3032 4761 3140 4811 τῶν
3165 4757 3413 4828 οὐρανῶν
3436 4752 3754 4810 εἰσελάσεικι

2152 4847 2300 4917 ἡμᾶς
2330 4846 2628 4916 βασιλείαν.
2673 4849 2784 4900 Καὶ⁵
2816 4849 2915 4918 οὑχ
2964 4849 3040 4910 ('0;
3071 4848 3345 4920 ἄχρηστον
3402 4847 3684 4910 παντελῶς
3707 4849 3742 4917 ἣ

2150 4939 2409 5011 ἀνόνητον
2453 4940 2546 4994 τὸν
2589 4940 2676 4993 διὰ
2713 4941 2958 5004 Μωσέως
2991 4937 3133 4994 εἶναι
3171 4941 3518 5013 διοριζόμεθα
3543 4941 3738 5012 νόμονο

2151 5032 2635 5103 εἰσκεκόμικεγάρ
2659 5034 2815 5102 ἡμῖν,
2842 5034 2890 5086 εἰ
2929 5035 3026 5087 καὶ
3055 5033 3129 5103 μὴ
3167 5033 3412 5098 τελείως,
3438 5033 3500 5087 τὸ
3517 5033 3742 5102 ἀγαθον.

2150 5123 2264 5177 ἀλλ’
2295 5121 2388 5177 οὖν
2412 5141 2475 5191 γε
2506 5123 2855 5193 παιδαγωγὸς
2883 5125 2977 5177 ἐπὶ
3005 5127 3104 5196 τὴν
3126 5129 3224 5196 τῆς
3255 5125 3619 5195 εὑαγγελικῆς
3653 5141 3747 5176 πο.

2159 5216 2364 5279 λιτείας
2405 5218 2720 5287 εὑρίσκεται
2773 5218 3030 5289 μάθησιν,
3063 5221 3156 5273 καὶ
3192 5221 3260 5273 δι’
3288 5220 3626 5290 αἰνιγμάτων
3651 5219 3748 5270 κειί⁸

2168 5309 2354 5363 τύπων
2381 5311 2565 5364 εἰκόνα
2599 5313 2697 5382 τῆς
2727 5312 2960 5384 ἀληθοῦς
3008 5313 3292 5377 εὐσεϐείας
3328 5313 3618 5383 εἰσφέρων,
3654 5312 3746 5364 ἑν-

2163 5401 2396 5472 εχάραξέ
2445 5420 2562 5466 πως
2611 5407 2731 5469 ταῖς
2757 5407 3057 5477 ἡμετέραις
3079 5405 3342 5470 διανοίαις
3367 5405 3466 5475 τῆς
3489 5404 3579 5458 διὰ
3605 5403 3647 5455 Χ
3658 5419 3746 5473 ρι-

2162 5491 2289 5544 στοῦ
2338 5493 2675 5560 παιδεύσεως
2718 5496 2816 5567 τὴν
2860 5498 3035 5552 σκιάν.
3080 5498 3179 5551 Διὰ
3217 5499 3326 5570 γάρ
3359 5514 3440 5551 τοι
3465 5495 3620 5550 τοῦτο
3650 5496 3750 5548 καὶ

1741 5670 1782 5700 “
1828 5671 2016 5726 Matth.
2055 5689 2106 5736 ν,
2143 5672 2233 5727 20.
