4062 6208
297 327 397 386 161

1356 335 1423 393 ΙΝ
1457 335 1746 395 JOANNIS
1777 337 2225 401 EVANCELIUM
2268 347 2394 402 LIB.
2427 346 2515 404 ιχ.

295 442 538 512 ιφασιιεν
564 441 728 507 αὑτός
750 458 764 475 ·
802 461 824 496 ι
856 444 1013 516 Λέγω
1036 446 1146 520 γὰρ
1180 449 1329 521 ὑμῖν,
1362 452 1446 506 ὅτι
1474 456 1585 518 πᾶς
1613 455 1865 528 Γραμμα‹

1990 455 2197 514 homini
2230 462 2407 528 diviti,
2430 466 2527 535 qui
2558 467 2770 536 profert
2816 468 2885 525 de
2909 469 3175 528 thesauro
3203 489 3306 532 suo
3335 492 3475 534 nova
3513 493 3571 538 et

292 539 423 601 τεὺς
474 538 839 609 μαθητευθεὶς
871 545 939 614 τῇ
975 543 1228 617 βασιλείᾳ
1272 547 1382 602 τῶν
1406 548 1675 622 οὐρανῶν,
1700 551 1886 621 ὅμοιός

294 629 444 682 ἐστιν
477 628 756 702 ἀνθρώπῳ
789 631 1051 705 πλουσίῳ,
1089 637 1241 701 ὅστις
1285 639 1540 694 ἐκϐάλλει
1576 643 1643 695 ὲκ
1668 641 1763 695 τοῦ
1787 642 1888 713 θη-

298 720 500 791 σαυροῦ
527 722 698 775 αὑτοῦ
734 725 900 780 καινὰ
926 728 1021 780 καὶ
1060 728 1287 786 παλαιά.
1330 751 1350 784 ι
1383 735 1619 801 Πλοῦτος
1649 737 1749 808 μὲν
1776 738 1886 810 γὰρ

297 811 468 875 ϐντως
512 816 886 885 πνευματικός
924 835 984 871 τε
1014 821 1111 874 καὶ
1140 822 1263 877 λίαν
1300 825 1358 876 ὲν
1389 829 1504 890 τοῖς
1531 827 1621 882 διὰ
1639 831 1887 897 Μωσέως

295 902 581 973 τιτρίφθαι
612 906 943 975 λόγοις-καὶ
973 911 1072 983 τὴν
1098 913 1162 980 ἐξ
1206 916 1390 970 αὐτῶν
1425 918 1694 989 ὠφέλειαν
1717 923 1883 995 τεθη-

294 995 672 1069 σαυρισμένην
710 998 853 1070 ἔχειν
906 1002 1115 1078 διανοίᾳ
1138 1006 1230 1061 τὸν
1254 1009 1565 1082 ἄνθρωπον,
1591 1017 1884 1089 προσειλη-

290 1088 431 1156 φότα
463 1106 531 1158 γε
568 1090 677 1162 μὴν
732 1093 829 1146 καὶ
867 1094 929 1148 τὸ
980 1095 1083 1167 τῆς
1141 1099 1506 1175 εὑαγγελικῆς
1546 1088 1882 1173 παιδεύσεως

290 1178 488 1244 κάλλος
515 1220 531 1244 ,
565 1181 956 1256 ἑναϐρὺνεσθαι
1004 1187 1241 1259 διπλῶς,
1269 1195 1336 1264 τῇ
1381 1211 1440 1248 τε
1477 1196 1588 1250 τῶν
1635 1199 1881 1271 ἀρχαίων

288 1270 383 1323 καὶ
418 1270 534 1326 τῶν
575 1272 712 1326 νέων
759 1275 1023 1346 ὲνειδήσει
1051 1280 1252 1351 νόμων.
1286 1286 1515 1352 Δεικνὺς
1535 1270 1824 1364 τοιγαροῦν
1850 1293 1880 1346 ὁ

288 1359 497 1432 Κύριος
538 1364 699 1435 ἡμῶν
758 1365 964 1438 Ἰησοῦς
1006 1372 1036 1424 δ
1078 1372 1351 1444 Χριστὸς,
1378 1377 1463 1431 ὅτι
1503 1382 1605 1452 τῆς
1643 1359 1879 1454 ἀρχαίας

288 1456 532 1526 ἀμείνων
558 1458 781 1530 ἐντολῆς
804 1463 838 1532 ἡ
869 1464 1000 1532 παρ’
1021 1464 1214 1532 αὑτοῦ,
1252 1469 1348 1523 καὶ
1375 1471 1456 1525 ὅτι
1478 1476 1594 1538 τοῖς
1628 1477 1688 1528 ὲν
1728 1478 1878 1550 νόμῳ

289 1550 732 1621 πολιτευομένοις
754 1553 980 1626 ἀτριϐές
1019 1574 1137 1622 πως
1177 1555 1245 1630 ἦν
1273 1560 1351 1615 ἔτι
1380 1563 1443 1617 τὺ
1483 1568 1750 1639 σωτήριον
1778 1573 1879 1641 κή-

290 1658 478 1712 ρυγμα
500 1685 517 1706 ,
546 1643 757 1714 μέλλων
799 1646 1112 1704 ἀναϐαίνειν
1167 1654 1249 1718 εἰς
1295 1656 1594 1726 οὐρανοὺς,
1625 1660 1874 1733 θεμέλιόν

287 1749 407 1787 τινα
432 1732 625 1808 ὥσπερ
650 1737 746 1791 καὶ
765 1740 1006 1810 κρηπῖδα
1026 1744 1228 1809 παντὸς
1253 1747 1459 1818 ἀγαθοῦ
1485 1749 1577 1804 τὸν
1603 1752 1703 1824 τῆς
1735 1755 1874 1823 ἁγά-

1991 559 2176 605 vetera
2194 552 2258 605 ¹⁹.
2275 553 2567 625 »1118811188
2596 559 2797 631 quippe
2828 561 3032 619 divitiae
3057 573 3187 620 sunt
3205 582 3270 621 ac
3291 573 3570 639 spiritales

1987 656 2112 696 cum
2144 643 2199 697 in
2232 646 2454 717 scriptis
2486 648 2745 707 Mosaicis
2770 654 3018 724 apprime
3040 668 3318 714 versatum
3341 677 3489 728 esse,
3512 675 3569 719 et

1985 736 2351 809 quodcunque
2367 741 2622 799 utilitatis
2637 760 2701 799 ex
2722 746 2790 801 iis
2821 749 3039 818 capitur
3066 752 3226 820 quasi
3246 753 3564 810 thesaurum

1983 825 2040 880 in
2065 828 2251 883 animo
2283 832 2629 888 reconditum
2660 835 2881 902 habere,
2917 850 3032 892 tum
3062 843 3396 912 evangelica:
3447 843 3551 898 do-

1983 920 2175 975 ctrinae
2235 923 2653 992 pulchritudine
2705 928 2893 984 animo
2934 940 3218 1002 suscepta,
3271 933 3566 1005 dupliciter

1981 1011 2376 1081 inclarescere,
2417 1025 2663 1072 veterum
2697 1035 2896 1091 nempe
2924 1036 2988 1075 ac
3052 1038 3320 1080 novarum
3382 1026 3563 1098 legum

1983 1105 2326 1175 cognitione.
2357 1107 2667 1166 Ostendens
2696 1112 2884 1182 itaque
2909 1111 3174 1170 Dominus
3196 1125 3386 1172 noster
3404 1116 3565 1174 Jesus

1981 1194 2240 1253 Christus
2273 1201 2592 1256 mandatum
2639 1218 2803 1258 suum
2856 1205 3026 1260 veteri
3063 1216 3346 1276 praestare,
3400 1219 3454 1264 et
3506 1211 3562 1265 in

1983 1289 2103 1360 lege
2150 1292 2464 1348 viventibus
2521 1300 2817 1351 salutarem
2880 1299 3327 1367 praedicationem
3382 1303 3563 1357 adhuc

1982 1382 2329 1439 inaccessam
2366 1397 2419 1441 et
2452 1386 2654 1442 inviam
2702 1405 2847 1456 esse,
2883 1408 3222 1449 ascensurus
3255 1395 3309 1450 in
3338 1397 3558 1461 coelum,

1982 1474 2400 1530 fundamentum
2440 1478 2611 1532 veluti
2654 1479 2930 1548 quoddam
2963 1486 3145 1537 omnis
3181 1484 3332 1549 boni,
3374 1486 3559 1540 chari-

1979 1566 2108 1620 tatis
2138 1566 2313 1637 legem
2338 1571 2643 1638 praemittit,
2662 1572 2971 1640 charitatis,
2992 1575 3242 1646 inquam,
3271 1593 3380 1633 non
3411 1580 3558 1651 lega-

1979 1656 2069 1721 lis,
2102 1658 2199 1713 sed
2224 1673 2345 1728 quae
2371 1675 2540 1731 supra
2570 1665 2742 1732 legem
2789 1664 2882 1720 sit.
2921 1665 3135 1722 Idcirco
3167 1669 3281 1725 ait:
3319 1689 3338 1722 ι
3398 1670 3557 1725 Man-

1979 1750 2168 1805 datum
2216 1766 2419 1806 novum
2457 1753 2530 1808 do
2555 1753 2732 1820 vobis,
2768 1764 2829 1809 ut
2860 1755 3104 1829 diligatis
3139 1760 3396 1817 invicem.
3433 1783 3452 1815 ι
3487 1765 3558 1818 At

287 1841 394 1893 req;
420 1809 935 1897 προκαταϐάλλεται
963 1832 1148 1905 νόμον,
1170 1809 1391 1910 ἀγάπης
1409 1842 1488 1907 δὲ,
1514 1844 1574 1898 οὑ
1730 1809 1865 1902 καίτά

2718 1809 2730 1820 ,
2869 1809 3101 1829 WHT---
3433 1809 3448 1815 -
3487 1809 3555 1818 ---

1975 1843 2275 1914 quomodo,
2308 1860 2515 1915 quaeso,
2542 1845 2690 1901 dicet
2724 1845 2913 1903 forsan
2956 1850 3182 1920 aliquis,
3212 1853 3317 1908 hoc
3350 1869 3555 1909 novum

282 1916 464 1986 νόμον,
482 1919 622 1974 ἀλλὰ
646 1922 748 1993 τῆς
780 1923 920 1994 ὑπὲρ
945 1926 1128 2000 νόμον.
1159 1929 1259 1985 Διὰ
1281 1931 1440 1987 τοῦτό
1462 1953 1628 2004 φησιν
1655 1916 1668 1970 ἕ
1692 1957 1712 1991 ι
1757 1941 1873 1995 Ἐν-

283 2009 440 2103 erith
469 2013 667 2082 καινὴν
706 2014 898 2087 δίδωμι
931 2020 1081 2090 ὑμῖν,
1115 2023 1199 2077 ἵνα
1231 2026 1483 2094 ἀγαπᾶτε
1530 2030 1812 2103 ἀλλήλους.
1845 2052 1866 2087 ι

284 2097 416 2156 Εἶτα
448 2105 589 2192 πῶς,
621 2109 745 2161 εἰπέ
770 2127 885 2179 μοι,
913 2115 1136 2185 φήσειεν
1161 2117 1227 2172 ἄν
1254 2136 1337 2183 τις
1358 2122 1541 2192 τυχὸν,
1569 2097 1709 2178 εἶναι
1736 2126 1871 2180 ταὺ-

279 2204 379 2281 την
425 2189 527 2261 τὴν
564 2194 787 2267 ἐντολὴν
819 2201 1015 2272 καινὴν
1045 2205 1264 2274 εἴρηκεν
1306 2208 1334 2260 δ
1371 2189 1459 2263 διᾶ
1487 2213 1732 2278 Μωσέως
1757 2219 1870 2281 τοῖς

277 2280 657 2355 ἀρχαιοτέροις
694 2288 864 2342 εἰπών
890 2307 904 2321 ⁸
951 2310 969 2344 ι
1014 2294 1345 2369 Ἀγαπήσεις
1368 2300 1574 2372 Κύριον
1612 2306 1703 2359 τὸν
1736 2280 1869 2361 Θεόν

280 2389 393 2468 σου,
440 2375 506 2440 ἐξ
531 2377 662 2448 ὅλης
700 2380 799 2451 τῆς
828 2383 1058 2454 καρδίας
1090 2404 1209 2455 σου,
1251 2392 1347 2444 καὶ
1370 2392 1431 2458 ἐξ
1479 2395 1607 2466 ὅλης
1638 2397 1739 2468 τῆς
1752 2400 1869 2453 δια-

272 2466 430 2530 νοίας
480 2485 574 2522 σου
600 2510 616 2534 ,
645 2472 738 2526 καὶ
768 2476 859 2527 τὸν
887 2478 1113 2548 πλησίον
1152 2498 1269 2542 σου.
1315 2484 1392 2549 ὡς
1422 2487 1615 2540 ἑαυτὸν
1642 2505 1656 2553 ;
1696 2466 1865 2545 ιἾδοὺ

273 2556 416 2623 γὰρ,
449 2558 561 2612 ἰδοὺ
589 2563 856 2631 προτάξας
883 2566 992 2619 τῶν
1024 2568 1203 2624 ἄλλων
1236 2576 1332 2627 καὶ
1365 2576 1758 2646 προτεθεικὼς,
1790 2579 1867 2644 ὡς

271 2646 451 2738 είκὸς,
470 2647 572 2719 τὴν
594 2653 672 2713 είς
690 2651 816 2707 Θεὸν
829 2655 1112 2728 ἀγάπησιν
1128 2701 1143 2725 ,
1162 2667 1625 2738 παρεισκεκόμικε
1648 2671 1865 2738 γείτονα

271 2735 375 2803 τὴν
402 2736 488 2799 είς
515 2737 800 2809 ἀλλήλους.
828 2746 922 2797 καὶ
941 2746 1246 2818 παρέζευξέ
1272 2768 1387 2816 πως
1407 2756 1474 2826 τῇ
1498 2735 1581 2820 είς
1603 2735 1737 2811 Θεὸν
1764 2758 1864 2831 τὴν

273 2828 533 2922 ⁸ἡμᾶς
562 2832 783 2899 αὐτοὺς,
819 2837 897 2901 ὡς
934 2839 1035 2893 οὑκ
1067 2840 1133 2895 ἂν
1178 2843 1383 2915 ἑτέρως
1408 2847 1641 2922 ἐχούσης
1663 2828 1861 2922 ὀρθῶς,

270 2916 393 3015 οὐδὲ
418 2920 520 2990 τῆς
563 2923 645 2986 είς
676 2923 814 2978 Θεὸν
855 2927 1077 3000 ἀγάπης
1101 2970 1116 2995 ,
1147 2932 1196 2984 εί
1252 2934 1326 3005 μὴ
1361 2916 1662 3007 παρέποιτο
1687 2916 1860 3015 ταύτῇ

480 3012 561 3083 τῷ
611 3014 786 3080 πέλας
819 3022 1263 3096 χρεωστουμένη.
1298 3027 1507 3094 Πάντες
1536 3033 1644 3103 γάρ
1691 3009 1861 3105 ἐσμεν

1977 1933 2304 1990 mandatum
2346 1950 2472 1991 esse
2525 1935 2685 2003 dixit,
2737 1939 2831 2008 qui
2879 1954 2977 2009 per
3032 1940 3219 1997 Mosen
3280 1946 3555 2001 veteribus

1972 2026 2275 2097 praecepit:
2318 2044 2337 2078 ι
2373 2025 2580 2100 Diliges
2610 2028 2907 2084 Dominum
2940 2030 3112 2087 Deum
3149 2043 3305 2090 tuum
3342 2055 3405 2093 ex
3440 2048 3555 2093 toto

1970 2118 2139 2172 corde
2192 2126 2307 2180 tuo,
2342 2128 2398 2174 et
2445 2134 2512 2175 ex
2550 2127 2666 2175 tota
2721 2131 2904 2178 mente
2959 2131 3088 2188 tua,
3125 2135 3181 2181 et
3235 2129 3551 2197 proximum

1971 2216 2148 2275 tuum,
2184 2210 2329 2265 sicut
2355 2212 2593 2284 teipsum
2615 2213 2707 2267 "‘3
2737 2234 2755 2265 ι
2784 2212 2925 2270 Ecce
2949 2216 3097 2271 enim
3127 2217 3401 2275 charitate
3423 2236 3552 2292 erga

1970 2302 2139 2358 Deum
2159 2307 2342 2374 primo
2359 2306 2481 2361 loco
2503 2308 2705 2377 posita,
2734 2316 2979 2363 mutuam
3003 2310 3237 2365 aliorum
3257 2328 3383 2382 erga
3413 2315 3548 2369 alios

1969 2394 2321 2452 dilectionem
2347 2399 2665 2462 subintulit,
2688 2401 3030 2471 alteramque
3050 2403 3205 2457 alteri
3239 2404 3548 2473 conjunxit,

1966 2487 2126 2555 quasi
2160 2487 2296 2543 alias
2322 2499 2472 2543 recte
2503 2504 2563 2544 se
2618 2489 2818 2545 habere
2869 2501 3110 2561 nequeat
3135 2494 3360 2548 dilectio
3419 2512 3550 2565 erga

1970 2576 2160 2645 Deum,
2204 2580 2310 2634 nisi
2343 2580 2483 2635 hanc
2530 2580 2968 2652 subsequeretur
3014 2599 3078 2638 ea
3120 2600 3243 2654 qua:
3298 2587 3551 2655 proximo

1965 2668 2217 2725 debetur.
2250 2669 2455 2727 Omnes
2490 2674 2635 2726 enim
2661 2673 2895 2728 invicem
2929 2673 3133 2733 fratres
3155 2693 3366 2733 sumus.
3397 2677 3551 2733 Unde

1963 2761 2405 2831 sapientissimus
2429 2761 2697 2827 Joannes,
2730 2764 2825 2835 qui
2862 2774 2917 2819 et
2952 2766 3005 2820 id
3039 2768 3247 2836 Optime
3272 2776 3455 2831 uorat,
3494 2778 3550 2823 et

1962 2860 2197 2909 caeteros
2245 2855 2555 2920 edocebat,
2614 2873 2634 2906 ι
2681 2855 2785 2921 Qui
2826 2856 3027 2927 diligit,
3083 2858 3283 2927 inquit,
3321 2861 3547 2915 fratrem

1963 2959 2149 3008 suum,
2180 2951 2235 2999 et
2268 2944 2435 3000 Deum
2470 2946 2650 3017 diligit
2673 2948 2741 3000 ".
2780 2965 2798 2998 ι
2831 2947 3120 3012 Quomodo
3143 2950 3312 3019 igitur
3344 2966 3547 3005 i‘tovum

1961 3044 2045 3090 est
2067 3036 2201 3091 illud
2220 3038 2539 3092 mandatum
2560 3053 2656 3109 per
2670 3038 3134 3108 Christutn,quod
3158 3049 3246 3094 est
3266 3042 3547 3096 veteribus

271 3100 517 3170 ἀλλήλων
572 3105 816 3177 ἀδελφοί.
853 3111 964 3165 Καὶ
998 3112 1129 3181 γοῦν
1177 3115 1551 3186 ὀισοφώτατος
1586 3100 1856 3196 Ἰωάννης,

1966 3127 2179 3196 legibus
2202 3130 2606 3185 constitutum?
2625 3128 2731 3185 Sed
2755 3129 2902 3195 vide,
2924 3145 3254 3200 quaeso,qua
3292 3134 3547 3189 cautione

271 3191 536 3248 κάλλιστά
556 3213 617 3249 τε
648 3197 934 3266 εἰδὼς,κα“ι
951 3201 1220 3258 διδάσκων
1236 3206 1510 3277 ἑτέρους,ι
1532 3210 1590 3265 ⁸0
1606 3191 1857 3281 ἀγαπιῦν,

271 3288 439 3355 φησὶ,
467 3288 563 3343 τὸν
599 3291 828 3361 ἀδελφὸν
862 3293 1050 3359 αὑτοῦ,
1083 3298 1174 3350 τὸν
1195 3297 1327 3351 Θεὸν
1346 3301 1593 3373 ἀγαπᾷ.»
1614 3305 1735 3368 Πῶς
1767 3302 1859 3360 οὖν

271 3379 458 3452 ἐντολὴ
479 3384 645 3455 καινὴ
672 3385 761 3439 διὰ
794 3387 1051 3455 Χριστοῦ,
1068 3389 1249 3444 καίτοι
1269 3394 1379 3456 τοῖς
1404 3394 1651 3459 παλαιοῖς
1676 3399 1861 3469 νόμοις

269 3467 706 3544 διηγορευμένη;
737 3475 878 3528 Ἀλλ’
897 3478 999 3547 ὅρα
1028 3496 1120 3550 μοι
1172 3480 1272 3551 τὴν
1300 3483 1601 3552 ἀσφάλειαν
1622 3526 1638 3549 ,
1693 3467 1859 3558 βλέπε

268 3559 368 3631 τὴν
391 3562 714 3638 ἐπαγωγὴν.
741 3568 815 3621 Οὑ
845 3569 954 3641 γὰρ
971 3571 1213 3644 ἠρκέσθη
1244 3573 1322 3646 τῷ
1346 3579 1548 3633 εἰπεῖν·
1567 3597 1587 3632 ι
1612 3580 1858 3652 Ἐντολὴν

269 3658 466 3731 καινὴν
522 3661 717 3732 δίδωμι
749 3664 899 3734 ὑμῖν,
946 3666 1034 3720 ἴνα
1076 3669 1329 3735 ἀγαπᾶτε
1355 3672 1638 3744 ἀλλήλους,
1663 3694 1683 3727 ι
1719 3673 1857 3729 ἀλλὰ

270 3749 362 3804 τοῦ
391 3752 556 3821 λόγου
588 3754 688 3825 τὴν
734 3756 1033 3826 καινότητα
1076 3758 1327 3822 δεικνὺς,
1370 3763 1465 3815 καὶ
1492 3764 1593 3834 τῆς
1625 3764 1857 3834 ἀρχαίας

268 3844 489 3915 ἐκείνης
514 3846 870 3918 ἀγαπήσεως,
902 3849 1004 3920 τῆς
1034 3852 1114 3915 είς
1148 3852 1410 3923 ἀλλήλους
1438 3858 1609 3926 φημὶ,
1639 3858 1775 3912 πολὺ
1800 3876 1855 3914 τι

266 3936 327 3989 τὸ
356 3937 547 4009 μεῖζον
578 3938 812 4009 ἔχουσαν
840 3943 941 4014 τὴν
976 3945 1195 4010 ἑαυτοῦ,
1227 3946 1616 4018 προστέθεικεν
1654 3951 1815 4017 εὐθύς
1839 3970 1854 3986 θ

274 4050 293 4080 ι
322 4029 528 4095 Καθὼς
558 4031 671 4101 ἐγὼ
697 4034 964 4106 ἠγάπησα
993 4036 1159 4107 ὑμᾶς,
1187 4038 1275 4091 ἴνα
1302 4039 1394 4092 καὶ
1422 4040 1581 4111 ὑμεῖς
1604 4043 1855 4112 ἀγαπᾶτε

266 4123 559 4195 ἀλλήλους.
594 4144 613 4175 ι
673 4126 1023 4199 Ἐρευνητέον
1053 4116 1345 4202 τοιγαρθῦν
1381 4133 1523 4205 ὑπὲρ
1552 4135 1649 4189 τοῦ
1682 4137 1857 4192 συνιέ-

268 4233 354 4268 ναι
387 4215 585 4284 σαφῶς
618 4217 728 4271 τῶν
774 4220 1086 4290 εἰρημένων
1120 4223 1219 4293 τὴν
1266 4222 1519 4295 δύναμιν,
1566 4226 1684 4290 πῶς
1712 4229 1853 4298 ἠγά-

271 4326 445 4378 πησεν
494 4312 647 4381 ἡμᾶς
691 4312 720 4364 ὁ
761 4313 1021 4384 Χριστός.
1080 4315 1215 4369 Τότε
1248 4317 1377 4390 γὰρ,
1419 4318 1563 4385 τότε,
1600 4319 1693 4373 καὶ
1734 4320 1855 4375 λίαν

273 4401 510 4465 εὑκόλως
536 4402 1026 4476 ἐπαριθμήσαιμεν
1073 4408 1139 4462 ἂν
1180 4408 1241 4462 τὸ
1286 4410 1472 4465 καινὸν
1505 4412 1600 4465 καὶ
1648 4414 1856 4485 παρηλ-

1967 3235 2101 3275 usus
2117 3221 2340 3285 sit,vide
2353 3221 2483 3292 quid
2497 3223 2776 3290 subjiciat.
2794 3220 2913 3277 Non
2928 3233 3226 3277 contentus
3240 3224 3541 3283 estdicere:

1968 3326 1987 3360 ι
2013 3308 2327 3364 Mandatum
2348 3325 2547 3365 novum
2567 3311 2637 3364 do
2654 3312 2832 3375 vobis,
2869 3320 2927 3365 ut
2948 3312 3192 3382 diligatis
3218 3313 3488 3380 invicem;
3519 3333 3542 3369 ι

1964 3401 2059 3456 sed
2098 3402 2392 3457 novitatem
2426 3401 2585 3472 751
2611 3403 2884 3458 sermonis
2912 3403 3249 3469 ostendens,
3278 3420 3545 3476 suamque

1961 3491 2310 3547 dilectionem
2372 3493 2580 3564 aliquid
2616 3495 2794 3565 majus
2853 3511 2918 3550 ac
2960 3496 3283 3566 praeclarius
3337 3498 3545 3553 habere

1962 3601 2125 3656 quam
2157 3594 2316 3640 vetus
2363 3586 2457 3641 illa
2513 3587 2566 3642 in
2621 3590 2903 3659 proximos
2947 3591 3207 3655 dilectio,
3257 3591 3544 3661 subjunxit

1960 3678 2175 3733 statim:
2204 3696 2223 3728 ι
2253 3676 2406 3732 Sicut
2427 3694 2530 3749 ego
2545 3677 2713 3733 dilexi
2731 3694 2846 3744 vos,
2868 3689 2998 3736 utet
3023 3697 3121 3737 vos
3143 3682 3384 3753 diligatis
3404 3684 3545 3738 invi-

1959 3783 2103 3825 cem.
2143 3789 2163 3821 ι
2199 3768 2619 3841 lnvestigamlus
2656 3772 2840 3841 itaque
2873 3771 3068 3827 horum
3095 3773 3389 3828 verborum
3416 3789 3542 3828 sen-

1959 3879 2076 3928 sus,
2116 3863 2587 3934 quarrendumquc
2610 3865 2888 3934 quomodo
2913 3880 3016 3918 nos
3045 3865 3305 3920 Christus
3330 3865 3540 3920 dilexe-

1957 3956 2051 4010 rit.
2084 3952 2241 4009 Tunc
2270 3954 2441 4019 enim,
2479 3962 2610 4008 tunc
2638 3956 2771 4024 quid
2806 3957 3075 4011 novitatis
3101 3971 3167 4010 ac
3200 3956 3541 4012 discriminis

1956 4047 2031 4103 sit
2061 4048 2117 4100 in
2143 4062 2212 4102 eo
2233 4046 2385 4116 quod
2416 4061 2565 4101 nunc
2589 4049 2754 4100 datur
2794 4050 3053 4103 mandato
3083 4048 3243 4103 facile
3284 4063 3537 4104 recense-

1956 4138 2162 4194 bimus.
2210 4135 2387 4208 lgitur
2443 4156 2463 4190 ι
2497 4140 2555 4192 in
2589 4139 2766 4193 forma
2807 4137 2901 4194 Dei
2934 4155 3060 4194 cum
3097 4148 3267 4207 esset,
3302 4155 3412 4195 non
3450 4155 3540 4193 ra-

1956 4230 2138 4299 pinam
2188 4227 2494 4283 arbitratus
2535 4238 2619 4282 est
2659 4243 2783 4283 esse
2848 4243 2908 4282 se
2954 4229 3216 4297 aequalem
3257 4227 3395 4293 Deo,
3440 4230 3536 4284 sed

1956 4321 2312 4391 semetipsum
2336 4320 2663 4381 exinanivit,
2693 4318 2922 4372 formam
2952 4320 3098 4374 servi
3131 4318 3436 4389 accipiens,
3480 4320 3536 4373 in

1958 4414 2376 4470 similitudinem
2409 4413 2693 4468 hominum
2724 4413 2925 4476 factus,
2957 4421 3011 4468 et
3051 4411 3239 4466 habitu
3282 4414 3536 4468 inventus

270 4490 543 4563 λαγμένον
602 4496 702 4567 τῆς
735 4497 855 4552 νυνὶ
905 4498 1158 4570 δοθείσης
1191 4500 1427 4572 ἐντολῆς.
1463 4502 1674 4557 Οὐκοῦν
1729 4523 1750 4557 ι
1792 4508 1849 4560 ἐν

1966 4517 2023 4563 ιιι
2071 4508 2259 4562 ιιοιιιο.
2292 4505 2613 4561 Humiliavit
2648 4505 3007 4574 semetipsum
3042 4504 3223 4559 factus
3271 4503 3538 4561 ubediens

275 4589 455 4655 μορφῆ
489 4586 627 4641 Θεοῦ
664 4590 964 4660 ὑπάρχων,
1024 4593 1123 4663 οὑχ
1170 4592 1466 4663 ἁρπαγμὸν
1508 4596 1754 4667 ἡγήσατο
1792 4597 1855 4652 τὸ

272 4668 412 4726 εἶναι
458 4675 550 4727 ἶσα
583 4675 705 4746 Θεῷ
728 4716 743 4741 ,
778 4679 892 4732 ἀλλ’
927 4681 1121 4734 ἑαυτὸν
1150 4680 1383 4734 ὲκένωσε
1415 4682 1603 4738 δούλου
1638 4687 1855 4759 μορφὴν

267 4760 473 4831 λαϐὼν,
505 4767 566 4818 ὲν
585 4767 895 4837 ὁμοιώματι
922 4769 1230 4842 ἀνθρώπων
1258 4772 1575 4843 γενόμενος,
1609 4781 1704 4831 καὶ⁵
1724 4772 1856 4850 σχήέ

271 4872 404 4925 ματι
448 4860 700 4930 εὑρεθεὶς
747 4861 825 4925 ὡς
879 4861 1201 4934 ἄνθρωπος,
1254 4865 1618 4920 ἐταπείνωσεν
1663 4871 1854 4926 ἑαυτὸν

267 4948 564 5020 γενόμενος
588 4953 832 5023 ὑπήκοος
862 4954 1024 5026 μέχρι
1051 4956 1306 5017 θανάτου,
1341 4956 1574 5013 θανάτου
1605 4960 1661 5014 δὲ
1693 4979 1857 5016 σταυ-

272 5039 387 5111 ροῦ.
423 5060 444 5092 ι
509 5043 671 5097 Ἀλλὰ
721 5046 817 5099 καὶ
868 5045 1122 5110 πλούσιος
1171 5046 1248 5101 ὢν
1302 5049 1654 5120 ὲπτώχευσε,
1714 5054 1858 5109 καθά

269 5132 441 5187 πάλιν
459 5138 490 5188 δ
520 5135 732 5201 Παῦλος
753 5139 884 5209 ἡμῖν
911 5139 1338 5211 διεμαρτύρατο.
1388 5141 1552 5213 Ὁρᾷς
1580 5144 1640 5198 τὸ
1670 5148 1856 5202 καινὸν

274 5226 368 5296 τῆς
405 5229 491 5290 είς
531 5228 679 5299 ἡμᾶς
712 5230 1083 5301 ἁγαπήσεως;
1132 5233 1192 5286 ’0
1224 5233 1325 5304 μὲν
1360 5233 1470 5307 γὰρ
1511 5236 1678 5307 νόμος
1718 5239 1856 5308 ἁγα-

265 5321 443 5389 πῆσαι
478 5320 593 5374 δεῖν
638 5323 733 5376 τὸν
770 5322 1000 5392 ἀδελφὸν
1027 5324 1314 5381 ἐκέλευσεν
1351 5327 1426 5390 ὡς
1471 5330 1664 5383 ἑαυτόν
1689 5347 1702 5361 ·
1735 5335 1764 5385 ὀ
1793 5334 1851 5387 δὲ

263 5410 474 5483 Κύριος
502 5413 662 5483 ἡμῶν
707 5412 914 5483 Ἰησοῦς
942 5416 1175 5487 Χριστὸς
1193 5418 1485 5489 ἠγάπησεν
1517 5423 1667 5493 ἡμᾶς
1709 5425 1849 5498 ὑπὲρ

1956 4615 2133 4670 usque
2160 4598 2226 4653 ad
2257 4606 2517 4661 mortem,
2546 4604 2777 4650 mortem
2804 4604 2987 4650 autem
3019 4596 3212 4649 crucis
3246 4598 3313 4648 ".
3348 4615 3367 4648 ι
3393 4594 3535 4663 Quin

1952 4693 2110 4748 dives
2160 4707 2282 4745 cum
2324 4696 2495 4753 esset,
2531 4702 2739 4758 pauper
2771 4688 2951 4741 factus
2992 4694 3097 4750 est,
3144 4688 3305 4740 sicuti
3340 4703 3536 4744 rursus

1952 4786 2117 4842 nobis
2174 4782 2379 4837 Paulus
2440 4790 2673 4837 testatus
2745 4788 2829 4835 est
2881 4779 2946 4831 ’³.
3001 4775 3171 4832 Vides
3221 4777 3536 4836 dilectionis

1953 4889 2082 4945 erga
2110 4887 2213 4927 nos
2247 4870 2591 4925 novitatem?
2628 4868 2738 4924 Lex
2789 4870 2937 4925 enim
2995 4869 3257 4939 praecepit
3302 4867 3535 4938 diligere

1953 4966 2202 5029 fratrem,
2255 4964 2401 5018 sicut
2451 4961 2692 5030 seipsnm
2733 4977 2749 5026 ;
2799 4959 3065 5015 Dominus
3113 4969 3295 5013 autem
3348 4966 3535 5012 noster

1951 5057 2114 5114 Jesus
2166 5056 2426 5111 Christus
2473 5052 2668 5108 dilexit
2722 5067 2826 5108 nos
2872 5052 2996 5121 plus
3035 5067 3196 5121 quam
3244 5050 3531 5119 seipsum:

1953 5164 2057 5203 nec
2086 5147 2232 5203 enim
2268 5147 2321 5200 in
2358 5145 2536 5199 forma
2570 5153 2623 5199 et
2656 5143 2970 5215 aequalitate
3002 5141 3094 5197 Dei
3128 5156 3193 5194 ac
3225 5139 3406 5196 Patris
3433 5156 3535 5197 ex-

1953 5240 2178 5304 sistens,
2210 5237 2276 5293 ad
2321 5244 2571 5292 nostram
2602 5236 2971 5290 humilitatem
3001 5230 3401 5297 descendisset,
3438 5249 3536 5289 ne-

1958 5353 2067 5408 que
2090 5345 2199 5391 tam
2244 5333 2497 5389 acerbam
2534 5332 2786 5402 corporis
2818 5337 3052 5384 mortem
3087 5341 3185 5396 pro
3213 5328 3374 5384 nobis
3408 5344 3535 5398 per-

1959 5430 2202 5485 tulisset.
2234 5440 2343 5480 non
2395 5424 2659 5495 colaphos
2704 5422 2987 5485 Judaicos,
3041 5436 3150 5477 non
3198 5434 3406 5476 sannas
3478 5428 3533 5475 et

261 5503 495 5557 ἑαυτόν·
538 5507 599 5559 οὐ
629 5507 742 5577 γὰρ
785 5505 852 5560 ἂν
894 5508 952 5560 ἐν
995 5511 1177 5580 μορφῇ
1219 5511 1313 5563 καὶ
1344 5512 1554 5581 ἰσότητι
1584 5515 1681 5570 τοῦ
1709 5516 1847 5573 Θεοῦ

1966 5520 2339 5583 contumelias,
2373 5532 2482 5571 uno
2515 5516 2687 5573 verbo
2731 5524 2930 5571 cetera
2965 5515 3173 5578 omnia,
3205 5521 3265 5568 ut
3305 5529 3375 5568 ne
3415 5513 3531 5567 sin-

262 5597 361 5647 καὶ
408 5597 625 5668 Harpe;
658 5598 921 5668 ὑπάρχων
973 5597 1112 5669 πρὸς
1162 5603 1266 5670 τὴν
1313 5603 1589 5676 ἡμετέραν
1637 5611 1843 5685 κατέϐη

1966 5616 2082 5688 gula
2116 5628 2237 5684 qua:
2268 5626 2467 5684 passus
2496 5618 2584 5667 est
2613 5610 2954 5666 numerando
2998 5609 3056 5662 in
3097 5604 3371 5661 inﬁnitum
3414 5618 3531 5656 ser-

338 5709 384 5741 "
409 5709 599 5837 lgatth.
641 5726 760 5777 χιιι,
791 5711 878 5768 52.
966 5716 1013 5748 ²⁶
1054 5715 1210 5774 Deut.
1246 5735 1318 5785 vi,
1359 5719 1420 5786 5;
1458 5720 1649 5781 Matth.
1685 5745 1823 5801 xxii,
1857 5734 1945 5790 '57.
2040 5734 2077 5765 "
2124 5730 2281 5787 Joan.
2317 5745 2395 5795 tv,
2430 5726 2523 5782 9i.
2604 5727 2649 5759 "
2690 5725 2930 5798 Philipp.
2961 5742 3023 5791 ιι,
3055 5721 3178 5778 6-8.
3261 5719 3372 5773 "ll
3398 5717 3527 5777 Cor.

338 5794 399 5837 ιι.
468 5822 484 5837 .

266 5794 366 5834 vui
384 5823 399 5848 ,
431 5794 484 5838 υ.
