4062 6208
483 339 596 397 {63

1450 343 1509 399 S.
1537 341 1816 401 CYRILIJ
1851 340 2328 398 ALEXANDRINI
2357 339 2676 399 ARCHIEP.

3632 341 3739 403 164

488 473 707 514 munem
747 454 1119 527 proferamus,
1158 456 1483 528 pertulith
1518 475 1533 512 :
1580 456 1676 511 sed
1708 470 1884 526 neque
1913 455 2066 510 dives

2169 457 2535 517 ταπείνωσιν,
2581 453 2692 506 οὐδ’
2736 452 2804 507 ἂν
2857 453 3065 525 ὑπέστη
3122 453 3319 525 πικρὸν
3370 450 3545 515 οὓτως
3597 454 3741 526 ὑπὲρ

486 560 612 606 cum
655 560 802 604 esset
849 564 1058 618 pauper
1108 547 1224 604 ﬁeri
1264 550 1559 613 voluisset,
1610 549 1718 603 nisi
1756 564 1858 603 nos
1889 546 2067 618 magis

488 642 773 698 dilexisset
811 654 978 710 quam
1025 641 1292 711 seipsum.
1335 640 1629 696 lnauditus
1659 641 1843 711 itaque
1874 655 1938 693 ac
1968 655 2070 693 no-

489 748 591 789 vus
624 740 710 786 est
739 731 905 799 hujus
945 731 1262 786 dilectionis
1298 730 1517 786 modus.
1567 731 1649 785 lla
1694 742 1750 786 et
1797 745 1900 786 nos
1926 728 2068 783 allici

483 824 662 893 jubet.
697 823 834 877 nihil
881 824 1035 893 prius
1081 823 1310 877 omnino
1355 822 1655 877 dilectione
1683 810 1817 892 erga
1870 820 2069 875 fratres

488 916 778 979 habentes,
803 931 910 969 non
934 916 1186 985 gloriam,
1213 930 1321 970 non
1355 915 1596 978 divitias,
1623 916 1717 969 sed
1737 930 1837 969 nec
1867 913 2065 983 ipsam,

487 1009 535 1062 si
559 1023 647 1062 res
675 1009 747 1062 ita
778 1007 938 1073 ferat,
974 1009 1229 1077 corporis
1272 1018 1505 1068 mortem
1547 1015 1805 1077 oppetere
1835 1006 2063 1069 veritos,

488 1111 549 1154 ut
590 1101 826 1171 proximi
866 1101 1143 1155 lucremur
1175 1100 1409 1154 salutem
1458 1116 1471 1153 :
1522 1099 1667 1168 quod
1713 1103 1880 1153 etiam
1925 1098 2069 1152 Iccc-

485 1203 621 1247 runt
689 1192 831 1247 beati
880 1191 1192 1247 Servatoris
1226 1192 1407 1246 nostri
1453 1191 1729 1262 discipuli,
1765 1205 1817 1246 et
1848 1191 1940 1261 qui
1970 1207 2067 1244 eo-

486 1297 610 1337 rum
639 1283 870 1353 vestigia
898 1293 1030 1337 sunt
1058 1284 1258 1347 secuti,
1291 1284 1383 1353 qui
1412 1283 1647 1336 aliorum
1680 1285 1909 1338 salutem
1943 1285 2069 1338 vitae

486 1389 603 1429 sua:
631 1376 1016 1444 pratulerunt,
1063 1375 1384 1443 nullumque
1439 1374 1680 1429 laborem
1715 1383 2065 1438 recusarunt,

486 1463 735 1533 adeoque
771 1472 1013 1517 extrema
1048 1464 1236 1517 subire
1263 1464 1406 1516 mala
1453 1480 1561 1517 non
1595 1464 1871 1534 dedignati
1914 1476 2065 1531 sunt,

2169 546 2328 618 ἡμῶν
2357 545 2451 599 τὸν
2499 546 2598 616 τῆς
2657 545 2860 616 σαρκὸς
2910 547 3138 602 θάνατον
3159 586 3174 609 ,
3227 545 3338 600 οὐδ’
3369 544 3436 599 ἂν
3483 547 3743 619 ἠνέσχετο

2170 639 2531 710 ραπισμάτων
2568 637 2898 702 Ἰουδαϊκῶν,
2925 637 3209 709 αἰσχύνης,
3235 637 3331 691 καὶ
3359 637 3618 707 γέλωτος,
3646 642 3739 694 καὶ

2166 730 2277 783 τῶν
2308 729 2486 783 ἄλλων
2519 729 2796 791 ἁπάντων,
2830 728 2916 781 ἵνα
2960 729 3035 799 μὴ
3073 729 3280 782 ἕκαστα
3316 728 3428 782 τῶν
3469 732 3548 795 εἰς
3578 730 3743 785 αὐτὸν

2167 822 2474 890 γεγονότων
2541 818 3038 891 ἐξαριθμούμενοι,
3093 819 3231 890 πρὸς
3290 820 3597 890 ἀπέραντον
3648 827 3744 876 τὸν

2167 913 2325 983 λόγον
2353 913 2689 982 ἐκτείνωμεν
2712 925 2726 941 ·
2760 912 2875 966 ἀλλ’
2899 910 3008 964 οὐδ’
3045 911 3113 965 ἂν
3142 911 3455 982 ἐπτώχευσε
3489 913 3742 978 πλούσιος

2168 1004 2264 1071 ὢν,
2302 1006 2352 1057 εί
2394 1003 2469 1075 μὴ
2497 1005 2631 1057 πολὺ
2658 1002 2781 1056 λίαν
2823 1003 3115 1071 ἠγάπησεν
3160 1005 3309 1074 ἡμᾶς
3350 1004 3490 1075 ὑπὲρ
3528 1005 3741 1059 ἑαυτόν.

2167 1093 2326 1149 Ξένον
2356 1092 2449 1148 οὖν
2497 1094 2608 1166 ἄρα
2647 1099 2749 1166 τῆς
2792 1095 3013 1164 ἀγάπης
3074 1095 3137 1147 τὸ
3183 1094 3398 1165 μέτρον.
3435 1094 3595 1149 Οὐτω
3644 1098 3745 1149 καὶ

2167 1188 2315 1258 ἡμᾶς
2353 1186 2664 1240 διακεῖσθαι
2699 1187 2912 1241 κελεύει
2934 1229 2950 1254 ,
2997 1187 3148 1241 οὐδὲν
3176 1188 3314 1251 ὅλως
3343 1189 3442 1260 τῆς
3485 1190 3565 1252 είς
3592 1189 3738 1242 ἀδελ·

2168 1281 2302 1348 φοὺς
2351 1279 2702 1350 προτιθέντας
2751 1281 3005 1351 ἀγάπης,
3054 1281 3116 1333 οὐ
3161 1280 3350 1346 δόξαν,
3397 1282 3456 1333 οὐ
3488 1280 3740 1344 πλοῦτον,

2169 1372 2283 1426 ἀλλ’
2312 1372 2437 1425 οὐδὲ
2470 1371 2767 1436 ὀκνοῦντας
2807 1374 2901 1426 καὶ
2947 1375 3027 1435 είς
3057 1371 3241 1437 αὐτόν,
3271 1373 3319 1424 εἰ
3353 1371 3485 1435 δέοι,
3523 1372 3615 1426 τὸν
3644 1371 3744 1442 τῆς

2169 1463 2372 1535 σαρκὸς
2402 1464 2712 1532 καταϐῆναι
2743 1463 3006 1529 θάνατον,
3046 1464 3135 1517 ἵνα
3164 1463 3263 1533 τὴν
3295 1461 3388 1516 τοῦ
3435 1462 3602 1524 πέλας
3636 1477 3741 1513 σω-

489 1563 549 1608 ιιι
575 1555 924 1625 pereuntium
949 1555 1162 1610 animas
1187 1564 1494 1609 servarent.
1535 1554 1688 1611 Unde
1716 1556 1923 1611 Paulus
1954 1573 2066 1611 mo-

2168 1556 2362 1627 τηρίαν
2408 1556 2907 1626 άποκερδάνωμεΨ
2957 1555 2987 1607 ὃ
3040 1553 3105 1625 δὴ
3155 1554 3251 1607 καὶ
3289 1554 3636 1625 πεπράχασιν
3692 1553 3743 1605 οἱ

487 1647 582 1712 do,
641 1666 660 1698 ι
699 1645 961 1712 Quotidie
1013 1648 1257 1712 morior,
1294 1638 1313 1698 ι
1367 1646 1549 1716 inquit
1591 1648 1672 1711 ";
1706 1651 1868 1702 modo
1898 1664 2064 1702 vero:

2171 1640 2433 1719 μακάριοι
2464 1648 2559 1702 τοῦ
2592 1647 2846 1719 Σωτῆρος
2891 1645 3048 1717 ἡμῶν
3095 1645 3360 1717 μαθηταὶ,
3391 1646 3488 1699 καὶ
3534 1647 3586 1698 oi
3630 1647 3743 1707 τοῖς

490 1752 511 1787 ι
553 1736 688 1801 Quis
720 1735 1056 1801 inﬁrmatur,
1089 1745 1144 1791 et
1165 1751 1266 1807 ego
1289 1753 1399 1791 non
1430 1737 1718 1792 inﬁrmor?
1742 1740 1876 1803 Quis
1907 1755 2066 1794 scan-

2168 1742 2394 1795 ἐκείνων
2420 1742 2622 1812 ἴχνεσιν
2645 1739 3136 1809 ἀκολουθήσαντες,
3171 1740 3393 1809 ἄμεινον
3414 1737 3513 1807 τῆς
3533 1736 3742 1798 οἰκείας

486 1828 780 1891 dalizatur,
810 1838 866 1884 et
907 1844 1009 1900 ego
1052 1845 1163 1883 non
1205 1845 1340 1883 uror
1365 1831 1453 1883 "‘i
1489 1849 1507 1881 ι
1551 1830 1700 1885 Hanc
1729 1834 1894 1903 igitur
1933 1832 2064 1888 dile~

2170 1832 2316 1903 ζωῆς
2349 1833 2410 1887 τὸ
2456 1834 2676 1904 ἐτέρους
2711 1832 2980 1897 σώζεσθαι
3020 1831 3400 1901 λογισάμενοι,
3432 1830 3525 1884 καὶ
3564 1827 3744 1882 πάντα

485 1922 728 1977 ctionem
766 1922 923 1992 legali
971 1924 1146 1976 multo
1183 1923 1448 1992 majorem
1487 1924 1902 1993 perfectissima:
1942 1940 2066 1995 erga

2171 1927 2270 1996 μὲν
2295 1925 2623 1988 άνατλάντες
2652 1925 2834 1988 πόνον,
2867 1926 2925 1977 ἐν
2951 1924 3010 1976 δέ
3037 1927 3148 1986 τοῖς
3179 1922 3428 1992 ἐσχάτοις
3459 1919 3741 1989 γεγονότες

486 2010 659 2067 Deum
692 2015 911 2084 pietatis
951 2017 1191 2069 radicem
1236 2017 1415 2071 colere
1452 2032 1554 2072 nos
1595 2015 1855 2071 Sel-valor
1881 2018 2066 2086 jussit,

2168 2022 2358 2084 κακοῖς
2383 2060 2399 2082 .
2457 2020 2543 2072 ἴνα
2600 2018 2702 2082 τὰς
2759 2018 2868 2071 τῶν
2935 2017 3324 2093 ἀπολλυμένων
3376 2012 3743 2087 περιοώσειαν

488 2103 724 2174 ideoque
765 2119 892 2158 cum
947 2108 1119 2159 sciret
1168 2120 1276 2159 non
1322 2106 1486 2160 aliter
1539 2122 1639 2161 nos
1694 2109 1874 2162 claros
1923 2108 2066 2178 apud

2168 2111 2360 2181 ψυχάς.
2394 2110 2503 2163 Καὶ
2523 2109 2654 2177 γοῦν
2676 2111 2705 2162 ὁ
2726 2110 2936 2173 Παῦλός
2957 2125 3113 2178 φησι,
3139 2108 3269 2162 ποτὲ
3296 2107 3416 2178 μὲν,
3440 2107 3522 2159 ὅτι
3557 2124 3576 2157 ι
3606 2102 3745 2157 Καθ’

486 2194 658 2252 Deum
682 2197 823 2263 fore,
852 2205 907 2252 et
943 2197 1255 2253 dilectionis
1284 2199 1351 2252 ab
1376 2200 1496 2269 ipso
1528 2199 1583 2253 in
1624 2216 1725 2254 nos
1757 2210 2066 2270 propagata:

2168 2203 2378 2274 ἡμέραν
2404 2202 2752 2274 ἀποθνήσκω,
2794 2222 2813 2254 ι
2847 2203 2974 2256 ποτέ
3012 2203 3066 2255 δὲ
3095 2202 3280 2264 πάλιν,
3317 2219 3334 2250 ι
3372 2200 3470 2263 Τίς
3506 2196 3742 2260 ἀσθενεῖ,

487 2289 770 2358 sequendo
807 2291 1274 2359 pulchritudinem
1324 2305 1521 2361 magna
1553 2299 1608 2346 et
1641 2293 1883 2362 perfecta
1920 2294 2065 2348 bona

2170 2297 2264 2350 καὶ
2304 2296 2403 2348 οὐκ
2435 2294 2676 2359 άσθενῶ;
2731 2294 2826 2357 Τίς
2855 2294 3300 2358 σκανδαλίζεται,
3349 2293 3442 2345 καὶ
3486 2290 3587 2343 οὐκ
3632 2286 3747 2356 ἐγὼ

484 2392 724 2435 ουηεοοιι
735 2391 911 2437 ιιιιυε.

2174 2387 2485 2458 πυρούμαι;
2539 2406 2558 2437 ι
2611 2387 2795 2452 Ῥίζαν
2840 2383 2933 2441 οὖν
2982 2387 3091 2459 ἄρα
3131 2387 3230 2457 τῆς
3271 2384 3611 2453 τελειοτάτης
3662 2383 3748 2444 εἰς

482 2470 619 2524 Θεὸν
671 2473 954 2526 εὐσέϐειαν
1040 2472 1167 2544 [γρ.
1218 2474 1535 2547 εὐσεϐείας]
1593 2475 1694 2546 τὴν
1748 2477 1890 2548 ὑπὲρ
1938 2477 2100 2548 νόμον
2174 2481 2454 2551 ἀγάπησιν
2498 2478 2838 2544 ἐπιτηδεύειν
2871 2481 3020 2549 ἡμᾶς
3060 2481 3089 2532 ό
3131 2477 3320 2548 Σωτὴρ
3347 2475 3743 2531 διεκελεύτατον

482 2563 778 2636 ταύτῃτοι,
831 2567 925 2618 καὶ
949 2565 1048 2635 οὐχ
1077 2566 1279 2637 ἑτέρως
1309 2568 1463 2630 εἰδὼς
1489 2569 1893 2638 δοκιμωτάτους
1940 2571 2158 2625 ἔσεσθαι
2192 2574 2343 2642 παρὰ
2389 2572 2466 2643 τῷ
2513 2571 2667 2643 Θεῷ,
2737 2571 2832 2625 καὶ
2890 2571 2995 2641 τῆς
3061 2573 3191 2641 παρζ
3231 2568 3398 2624 αὐτοῦ
3476 2584 3749 2637 πεφυτευο

486 2657 656 2728 μένης
681 2659 761 2719 εἰς
790 2658 937 2726 ἡμᾶς
963 2658 1296 2727 ἀγαπήσεως
1326 2660 1742 2729 ίχνηλατοῢντας
1789 2661 1848 2713 τὸ
1894 2662 2089 2725 κάλλος
2129 2666 2189 2717 ὲν
2230 2666 2486 2734 μεγάλοις
2517 2666 2735 2719 ἔσεσθαι
2773 2667 2865 2719 καὶ
2900 2664 3126 2727 τελείοις
3153 2664 3399 2733 ἀγαθοῖς.

557 2750 719 2819 752
758 2748 908 2812 XIII,
969 2750 1059 2803 55.
1100 2749 1166 2802 In
1210 2751 1307 2803 hoc
1362 2765 1671 2822 cognoscent
1723 2771 1899 2808 omnes
1943 2757 2068 2823 quia

482 2842 737 2910 discipuli
770 2844 869 2896 mei
896 2846 1026 2895 estis
1048 2882 1062 2906 ,
1100 2844 1149 2896 si
1179 2844 1514 2899 dilectionem
1550 2846 1846 2902 habueritis
1879 2850 1947 2901 ad
1986 2850 2070 2901 in-

483 2950 669 2987 vacem.

555 3025 805 3097 Signum,
842 3026 1039 3097 inquit,
1073 3030 1446 3085 certissimum
1487 3041 1542 3085 et
1571 3032 1935 3087 indubitatum
1965 3034 2074 3087 erit

2252 2758 2348 2810 Ἐν
2376 2760 2568 2823 τούτῳ
2591 2758 2927 2828 γνώσονται
2963 2757 3186 2823 πάντες
3217 2756 3308 2809 ὅτι
3336 2755 3464 2825 ἐμοὶ
3486 2754 3749 2824 μαθηται

2166 2850 2326 2915 ἐστε,
2368 2850 2477 2903 ἐὰν
2503 2850 2771 2921 ἀγαπᾶτε
2806 2849 3145 2918 ἀλλήλους.

2242 3032 2571 3106 Γνὼρισμα,
2614 3032 2780 3104 φησὶν
2805 3072 2820 3097 ,
2868 3032 3082 3103 ἄμαχόν
3131 3048 3192 3085 τε
3233 3035 3327 3085 καὶ
3370 3028 3745 3101 ἀναμφίλογον

482 3132 586 3173 vos
613 3132 764 3171 meos
785 3131 910 3172 esse
950 3119 1286 3189 discipulos,
1320 3123 1392 3183 si,
1434 3132 1701 3192 quantum
1744 3134 1939 3177 natura
1973 3140 2066 3178 ve-

2173 3129 2290 3189 ταῖς
2313 3125 2522 3179 ἑαυτῶν
2542 3126 2872 3196 ἐπιγράψετε
2903 3125 3167 3193 κεφαλαῖς
3202 3122 3263 3177 τὸ
3291 3141 3355 3193 με
3366 3121 3746 3194 μαθητεῦσθαι

484 3215 599 3264 stra
651 3216 707 3262 et
760 3209 1122 3267 humanitatis
1168 3214 1418 3267 conditio
1447 3230 1652 3285 capere
1695 3224 1902 3284 potest,
1939 3231 2066 3269 meae

2175 3219 2302 3287 παρ’
2341 3218 2496 3286 ἐμοὶ.
2545 3219 2593 3270 εἰ
2630 3218 2751 3270 κατ’
2795 3217 2941 3287 ἴχνος
2965 3217 3064 3285 τῆς
3094 3217 3232 3287 ἐμῆς
3264 3214 3547 3282 ἐπείγεσθε
3586 3213 3743 3266 πολι-
3782 3262 3793 3267 -

483 3302 610 3357 vitae
636 3302 867 3372 vestigia
914 3306 1243 3371 sequamini,
1282 3315 1339 3358 ut
1376 3307 1449 3358 ita
1480 3322 1508 3359 a
1545 3314 1751 3361 mutuae
1782 3308 2072 3362 charitatis

484 3398 705 3463 vinculo
745 3414 853 3452 non
908 3398 1326 3468 disjungamini,
1365 3408 1420 3453 et
1470 3401 1699 3454 alterius
1737 3401 1791 3454 in
1834 3402 2069 3455 alterum

484 3505 674 3544 amore
715 3505 779 3543 ac
819 3499 1024 3544 mutuae
1068 3490 1384 3546 dilectionis
1428 3491 1852 3561 incomparabili
1899 3495 2070 3563 gloria

487 3580 650 3636 simul
687 3588 836 3635 recte
879 3581 1279 3635 consociemiui
1316 3599 1331 3634 :
1372 3581 1426 3634 id
1469 3583 1614 3635 enim
1659 3585 1907 3652 magistri
1950 3586 2069 3655 glo-

482 3675 622 3727 riam
664 3678 924 3727 accurate
959 3670 1119 3725 vobis
1150 3672 1442 3740 exprimet.
1478 3671 1583 3727 Sed
1631 3685 1841 3743 quaeret
1884 3676 2068 3731 forsan

484 3767 687 3835 aliquis
718 3766 1079 3835 quamobrem
1108 3763 1351 3818 charitas
1390 3763 1607 3835 signum
1642 3766 1712 3819 sit
1752 3767 1818 3819 ad
1856 3767 2069 3821 discer-

484 3858 724 3914 nendum
778 3856 985 3912 Christi
1052 3856 1424 3926 discipulum,
1479 3865 1533 3910 et
1588 3858 1642 3910 in
1690 3873 1755 3911 eo
1799 3858 2066 3914 virtutum

484 3950 730 4006 omnium
766 3963 937 4020 genus
976 3947 1254 4002 elucescat
1296 3962 1403 4001 non
1436 3949 1622 4002 studio
1648 3958 2066 4019 comparatum,

486 4059 665 4113 neque
692 4043 879 4095 labore
925 4052 977 4096 et
1009 4040 1352 4106 assiduitate,
1393 4040 1536 4097 sicut
1568 4042 1621 4095 in
1669 4042 1892 4098 homine
1914 4059 2069 4097 com-

482 4136 847 4208 prehensum,
898 4133 992 4189 sed
1060 4135 1392 4189 naturaliter
1440 4134 1489 4189 ei
1551 4134 1800 4190 insitum.
1862 4134 2068 4191 Divinas

483 4228 695 4300 quippe
755 4237 972 4282 natura:
1006 4227 1246 4281 maxime
1301 4228 1523 4299 propria
1556 4266 1570 4289 ,
1627 4228 1793 4297 eique
1847 4230 2069 4298 proprie

485 4334 552 4373 ac
608 4333 738 4373 vere
787 4318 980 4372 insunt
1017 4332 1139 4387 qua:
1174 4333 1397 4373 omnem
1429 4318 1861 4373 admirationem
1906 4319 2067 4387 longe

486 4420 775 4479 superant.
836 4409 1139 4473 Praeclare,
1184 4399 1444 4477 inquam,
1500 4422 1534 4460 ο
1598 4407 1787 4461 bone:
1847 4409 2067 4462 fructus

482 4506 628 4559 enim
697 4516 973 4570 suprema:
1034 4500 1366 4553 substantia:
1422 4506 1553 4553 sunt
1619 4514 1683 4552 ea
1749 4515 1873 4568 quae
1930 4515 2056 4570 pro-

483 4596 604 4665 prie
634 4609 697 4649 ac
733 4607 859 4646 vere
883 4592 932 4645 ei
969 4598 1165 4644 natura
1199 4591 1409 4644 insunt.
1461 4589 1568 4643 Sed
1601 4591 1645 4643 si
1684 4606 1798 4644 rem
1831 4594 2062 4662 propius

482 4682 833 4744 consideres,
864 4682 1054 4736 videre
1085 4680 1213 4734 licet
1240 4681 1459 4735 virtutis
1493 4696 1664 4750 genus
1692 4698 1856 4737 omne
1887 4683 2071 4737 chari-

485 4776 586 4831 tati
639 4773 985 4844 complenda?
1039 4778 1272 4839 servire,
1337 4780 1392 4827 et
1442 4773 1820 4844 quodcunque
1865 4776 2069 4831 bonum

486 4866 692 4937 agitur,
723 4866 791 4919 ad
824 4879 944 4919 eam
969 4872 1226 4933 spectare
1278 4877 1343 4917 ac
1376 4864 1624 4919 tendere.
1671 4863 1909 4936 Ideoque
1951 4868 2071 4921 exi-

486 4957 662 5011 mimn
704 4955 928 5026 quidem
969 4968 1034 5008 ac
1079 4953 1322 5023 primum
1356 4955 1660 5028 secundum
1707 4957 1881 5027 legem
1917 4973 2073 5012 man-

481 5051 671 5104 datum
698 5058 805 5115 est,
825 5048 1060 5118 diligere
1092 5044 1385 5100 Dominum
1417 5045 1586 5102 Deum
1618 5063 1686 5104 ex
1715 5058 1827 5104 tota
1854 5051 2061 5116 anima,

436 5196 442 5203 ,
477 5148 533 5194 et
559 5154 627 5195 ex
655 5148 775 5194 toto
804 5139 994 5203 corde,
1033 5147 1087 5193 et
1111 5153 1177 5192 ex
1211 5145 1326 5191 tota
1361 5147 1586 5205 mente;
1628 5142 1863 5195 alterum
1891 5144 1941 5196 ei
1971 5158 2064 5197 co-

477 5244 706 5303 gnatum
742 5248 805 5287 ac
838 5235 1111 5300 vicinum,
1171 5231 1403 5303 diligere
1456 5236 1792 5303 proximum,
1843 5236 1898 5290 in
1952 5251 2063 5305 quo

478 5324 621 5395 legis
648 5326 910 5380 consistit
953 5326 1137 5381 omnis
1178 5323 1465 5394 perfectio.
1517 5324 1669 5381 Unde
1697 5326 1892 5381 beatus
1919 5325 2061 5381 Pau-

477 5414 567 5470 lus
597 5414 664 5470 ad
713 5430 835 5469 eam
873 5417 1108 5487 proximi
1156 5416 1509 5471 dilectionem
1547 5416 1863 5472 universum
1898 5431 2055 5471 man-

2172 3309 2341 3373 τείας,
2382 3311 2525 3362 κατά
2567 3325 2628 3377 γε
2671 3309 2732 3361 τὸ
2764 3307 3040 3380 ἐγχωροῦν
3070 3312 3134 3379 τῇ
3170 3309 3414 3379 ὑμετέρᾳ
3455 3306 3614 3377 φύσει
3650 3305 3747 3360 καὶ

2170 3404 2285 3464 τοῖς
2330 3403 2430 3471 τῆς
2470 3402 2889 3473 άνθρωπότητος
2939 3402 3195 3472 μέτροις,
3248 3400 3325 3464 ὡς
3379 3400 3748 3453 ἀδιάσπαστον

2171 3491 2315 3561 ἔχειν
2341 3491 2443 3561 τῆς
2485 3494 2566 3554 εἰς
2598 3492 2859 3563 ἀλλήλους
2893 3493 3113 3561 ἀγάπης
3146 3493 3236 3545 τὸν
3283 3491 3580 3561 σύνδεσμον
3603 3530 3618 3551 ,
3649 3490 3748 3543 καὶ

2174 3585 2231 3636 ἐν
2266 3584 2519 3654 ἀλλήλοις
2555 3583 2929 3655 συνηρμόσθαι
2975 3584 3176 3647 καλῶς,
3221 3584 3364 3637 κατὰ
3413 3600 3476 3652 γε
3510 3583 3600 3636 τὸν
3644 3583 3748 3649 τῆς

2171 3676 2523 3748 φιλαλληλίας
2545 3676 2704 3745 λόγον
2727 3677 2821 3729 καὶ
2852 3677 2912 3730 τὸ
2944 3679 3009 3729 ἐκ
3036 3678 3134 3747 τῆς
3162 3676 3545 3746 φιλοστοργίας
3573 3674 3749 3741 ἀσύγ-

2170 3784 2357 3837 κριτον
2427 3768 2724 3837 καύχημα·
2761 3768 2920 3821 τοῦτο
2966 3768 3072 3841 γὰρ
3114 3770 3245 3839 ἡμῖν
3291 3767 3534 3838 ἀκριϐῶς
3572 3783 3749 3837 χαραο

2170 3864 2386 3932 κτηριεῖ
2416 3861 2508 3914 τοῦ
2552 3861 2872 3915 διδασκάλου
2904 3861 3005 3931 τὴν
3044 3862 3223 3928 δόξαν.
3268 3861 3431 3924 ’Δλλ’,
3460 3857 3634 3930 οἶμαι,
3660 3860 3749 3922 τὶς

2169 3957 2285 4026 ἐρεῖ
2313 3956 2448 4027 πρὸς
2476 3954 2654 4020 τοῦτο,
2688 3956 2783 4008 καὶ
2811 3954 3063 4022 ἀφίξεται
3106 3953 3289 4023 τυχὸα,
3340 3955 3515 4005 ἐκεῖνο
3547 3952 3746 4023 διερω-

2168 4045 2307 4110 τῶν,
2338 4044 2483 4098 διατί
2527 4045 2626 4113 τῆς
2657 4043 2764 4096 ὐπὸ
2797 4042 3021 4113 Χριστῷ
3057 4042 3359 4112 μαθητείας
3390 4043 3424 4112 ὴ
3452 4040 3642 4109 ἀγάπη
3679 4040 3749 4092 τὸ

2167 4134 2477 4206 γνώρισμα,
2515 4135 2608 4186 καὶ
2651 4134 2712 4186 τὸ
2742 4134 2933 4187 πασῶν
2960 4129 3100 4196 εἶδος
3142 4131 3353 4205 ἀρετῶν
3384 4134 3441 4185 ἐν
3477 4131 3624 4202 αὐτῷ
3659 4130 3749 4184 δι-

2169 4227 2438 4295 εφαίνετο,
2473 4227 2573 4279 οὐκ
2598 4226 2659 4289 ἐξ
2686 4226 2989 4288 ἐπιεικείας
3026 4226 3451 4297 πεπορισμένον,
3476 4225 3590 4279 ἀλλ’
3620 4223 3750 4278 οὐδὲ

2169 4317 2318 4387 πόνῳ
2346 4316 2440 4370 καὶ
2470 4317 2734 4388 προσοχῇ,
2769 4314 3023 4386 καθάπερ
3061 4317 3120 4370 ἐν
3145 4315 3422 4388 ἀνθρώπῳ
3451 4314 3750 4385 συνειλημ-

2172 4409 2353 4478 μένον,
2384 4408 2500 4462 ἀλλ’
2523 4408 2600 4472 ὡς
2633 4411 2700 4478 τῇ
2725 4406 2892 4461 αὐτοῦ
2935 4409 3323 4478 προσπεφυκὸς
3361 4407 3543 4476 φύσει.
3577 4406 3749 4470 Θείας

2169 4503 2279 4569 γὰρ
2327 4499 2564 4570 μάλιστα
2596 4498 2812 4566 φύσεως
2855 4496 2982 4558 ἴδια.
3014 4497 3109 4550 καὶ
3140 4497 3279 4568 αὐτῇ
3323 4497 3594 4570 προσόντα
3637 4512 3744 4547 κυ-

2172 4592 2303 4662 ρίως
2333 4609 2392 4644 τε
2419 4591 2513 4645 καὶ
2542 4590 2760 4661 ἀληθῶς
2797 4590 2868 4644 τὰ
2916 4590 3116 4653 παντὸς
3152 4592 3412 4645 ἐπέκεινα
3443 4589 3745 4659 θαύματος.

2171 4682 2282 4735 Καὶ
2317 4680 2426 4751 μὴν
2454 4680 2723 4751 ὀρθότατά
2749 4698 2814 4749 γε
2838 4720 2853 4743 ,
2888 4674 2933 4732 ὦ
2971 4680 3071 4731 τᾶν
3093 4718 3107 4742 ,
3147 4678 3382 4749 ἐροῦμεν
3421 4680 3615 4749 ἡμεῖς,
3647 4677 3750 4731 τὸν

2158 4759 2264 4825 ’ἐπὶ
2306 4773 2519 4837 τούτοις
2558 4773 2761 4826 ἐποίσω
2792 4772 2852 4824 λό
2866 4787 2947 4839 γον
2972 4787 2987 4803 ⁸
3020 4770 3232 4841 καρπὸς
3273 4770 3383 4841 γὰρ
3420 4769 3611 4832 οὐσίας
3641 4770 3748 4839 τῆς

2169 4866 2463 4933 ἀνωτάτω,
2515 4868 2586 4920 τὰ
2640 4868 2784 4929 ἰδίως
2841 4881 2901 4919 τε
2948 4865 3041 4917 καὶ
3079 4864 3285 4934 κυρίως
3313 4862 3747 4934 προσπεφυκότα

2169 4961 2329 5032 αὐτῇ.
2374 4959 2512 5012 Ἀλλ’
2555 4959 2670 5011 ἐστι
2698 4975 2815 5020 πως
2837 4958 3202 5026 δοκιμάζοντα
3228 4955 3488 5019 κατιδεῖν,
3518 4956 3600 5008 ὅτι
3629 4955 3748 5010 πᾶν

2169 5047 2311 5115 εἶδος
2345 5051 2545 5122 ἀρετῆς
2576 5050 2674 5120 τῆς
2711 5051 2933 5119 ἀγάπης
2970 5048 3086 5102 ἐστὶ
3127 5047 3604 5119 συμπληρωτικὸν,
3644 5049 3748 5101 καὶ

2170 5146 2278 5198 πᾶν
2309 5144 2445 5213 ὅπερ
2474 5142 2540 5195 ἂν
2571 5140 2753 5212 δοκοίη
2776 5158 2858 5204 τις
2880 5137 3020 5194 εἶναι
3049 5140 3481 5211 κατορθούμενον
3511 5136 3745 5205 ἀγαθὸν,

2167 5237 2248 5298 είς
2286 5233 2456 5303 αὐτὴν
2505 5233 2608 5304 ὁρᾷ
2653 5250 2770 5297 πως
2818 5234 2911 5287 καὶ
2965 5234 3287 5304 τέτραπται.
3320 5231 3420 5284 Διά
3448 5246 3535 5284 τοι
3582 5229 3748 5283 τοῦτο

2167 5324 2482 5395 προῦχουσα
2515 5325 2613 5395 μὲν
2656 5323 2846 5395 ἐντολὴ
2892 5325 2987 5378 καὶ
3027 5322 3221 5395 πρώτη
3253 5322 3396 5376 κατὰ
3427 5322 3521 5376 τὸν
3548 5324 3743 5393 νόμον,

2165 5415 2230 5468 τὸ
2260 5416 2484 5487 ἀγαπᾷν
2514 5417 2662 5469 ἐστιν
2705 5415 2912 5488 Κύριον
2948 5416 3040 5470 τὸν
3098 5413 3233 5468 Θεὸν
3264 5412 3323 5481 ἐξ
3354 5413 3484 5485 ὅλης
3509 5413 3610 5484 τῆς
3632 5411 3744 5481 ψυ-

475 5503 665 5559 datum
714 5518 1008 5570 revocans,
1047 5504 1245 5559 scribit
1288 5522 1302 5556 :
1340 5522 1360 5556 ι
1419 5502 1630 5558 Etenim
1683 5505 1816 5559 illud
1860 5524 1873 5559 :
1936 5503 2055 5560 Non

2168 5508 2287 5579 κῆς.
2322 5507 2417 5561 καὶ
2444 5506 2506 5573 εξ
2530 5508 2659 5579 ὅλης
2689 5508 2792 5579 τῆς
2832 5508 3080 5579 καρδίας,
3129 5506 3224 5561 καὶ
3252 5505 3312 5573 ιε
3338 5505 3466 5575 ὅλης
3500 5501 3594 5573 τῆς
3620 5504 3744 5557 δια-

475 5596 883 5658 mmchabcris,
930 5595 1047 5652 Non
1104 5594 1349 5662 occides,
1385 5593 1505 5649 Non
1561 5595 1855 5665 pejerabis,
1897 5605 1952 5650 et
2005 5597 2054 5653 si

2168 5598 2343 5665 νοίας·
2374 5598 2627 5670 δευτέρα,
2658 5600 2752 5655 καὶ
2780 5599 3006 5670 ἀδελφὴ,
3042 5599 3137 5653 καὶ
3161 5596 3360 5667 γείτων
3391 5597 3573 5666 ἐκείνῃ
3599 5597 3633 5666 ἠ
3655 5595 3741 5659 εἰς

544 5774 590 5805 ²⁶
628 5772 648 5829 l
681 5772 805 5829 Cor.
841 5791 930 5841 xv,
964 5777 1054 5831 Μ.
1132 5776 1178 5807 ⁸⁵
1218 5775 1261 5829 ll
1290 5777 1417 5832 Cor.
1449 5792 1527 5841 ιι,
1574 5774 1663 5829 29.
