4062 6208
255 331 347 387 165

1263 335 1328 390 lN
1367 330 1655 389 JOANNIS
1705 328 2156 386 EVANGELIUM
2209 328 2336 384 LIB.
2378 327 2471 384 ΙΧ.

3387 333 3489 389 1⁸46

245 444 325 497 τὸν
371 440 601 516 πλησίον
630 442 820 515 ἀγάπη
856 443 1077 515 σύμπαν
1135 446 1338 517 ἔχουσα.
1386 447 1481 502 τοῦ
1532 447 1698 517 νόμου
1747 443 1807 498 τὸ

1924 443 2054 514 ιιιοᾶ
2087 443 2233 498 aliud
2256 452 2342 499 est
2364 442 2705 509 mandatum,
2738 443 2794 497 in
2828 441 2936 498 hoc
2962 443 3449 514 comprehenditur
3478 469 3493 505 :

245 535 524 607 πλήρωμα.
581 536 694 589 Kal:
737 536 870 604 γοῦν
898 539 927 590 ό
968 537 1256 602 θεσπέσιος
1295 539 1528 603 Παῦλος,
1561 541 1640 602 εἰς
1669 537 1803 592 ταύ-

245 644 332 696 την
358 627 932 700 συγκεφαλαιούμενος
972 630 1192 684 ἃπασαν
1221 631 1444 702 ἐντολὴν
1477 630 1800 685 ἐπιστέλλετε

257 739 274 770 ι
301 718 368 771 Τὸ
395 717 505 788 γάρ
525 759 539 780 ,
575 719 650 772 Ού
681 719 993 790 μοιχεύσεις
1017 761 1032 787 ,
1065 723 1140 776 Ού
1184 722 1466 790 φονεύσεις
1488 763 1503 788 ,
1539 723 1655 777 Ούκ
1681 725 1804 777 ἐπι-

248 811 483 881 ορκήσεις
505 850 520 866 .
571 811 668 864 καὶ
701 814 752 865 εί
775 830 861 879 τις
892 814 1055 884 ἑτέρα
1089 815 1238 869 ἐστὶν
1279 815 1501 886 ἐντολὴ,
1545 817 1602 868 ἐν
1633 815 1806 887 τούτῳ

247 898 318 967 τῷ
353 897 492 969 λόγῳ
531 900 1060 969 ἀνακεφαλαιοῦται,
1103 905 1161 957 ἐν
1198 905 1299 976 τῷ,
1340 905 1670 978 Ἀγαπήσεις
1715 907 1806 959 τὸν

250 989 463 1060 πλησίον
509 1005 646 1056 σου,
692 991 768 1054 ὡς
817 993 1032 1048 ἑαυτόν.
1092 995 1374 1066 Πλήρωμα
1421 992 1515 1050 οὖν
1573 997 1737 1067 νόμου
1772 999 1806 1068 ἡ

245 1078 440 1150 ἀγάπη.
479 1099 498 1132 ι
541 1081 663 1134 Ὀτι
692 1081 749 1134 δὲ
780 1081 873 1135 καὶ
898 1083 1114 1154 ἀπάσης
1137 1085 1340 1155 ἀρετῆς
1373 1085 1517 1140 ἰδέαν
1542 1086 1673 1140 είσω
1697 1086 1808 1140 τῶν

244 1172 446 1224 οἰκείων
498 1172 643 1244 ὅρων
701 1174 1019 1245 ἐποιήσατο,
1059 1175 1276 1247 συνέχει
1313 1178 1370 1231 δὲ
1402 1177 1592 1249 ῶσπερ
1637 1179 1809 1248 ἀγκά-

244 1259 349 1324 λαις
374 1260 573 1314 ἐλοῦσα
600 1260 669 1314 τά
695 1261 897 1328 ἀγαθὰ,
935 1261 1143 1327 Παῦλος
1181 1264 1345 1318 πάλιν
1377 1264 1541 1328 αὐτὸς
1565 1267 1594 1319 ὁ
1633 1264 1810 1334 σοφώο

243 1367 391 1415 τατος
444 1353 885 1424 ἐπιμαρτυρήσει
944 1354 1085 1425 βοῶν
1113 1373 1124 1384 ·
1168 1373 1187 1406 ι
1235 1355 1298 1408 Ἦ
1333 1357 1521 1428 ἀγάπη
1569 1358 1629 1411 ού
1676 1375 1812 1428 περ·

247 1439 548 1510 περεύεται,
585 1441 648 1493 ού
681 1441 1003 1510 φυσιοῦται,
1041 1443 1141 1496 οὐκ
1184 1445 1520 1518 ἀσχημονεῖ,
1561 1447 1622 1501 ού
1655 1444 1812 1518 ζητεῖ

246 1533 308 1585 τὰ
349 1532 583 1602 ἑαυτῆς,
621 1552 640 1584 ι
687 1535 781 1588 καὶ
835 1535 904 1588 τά
961 1534 1171 1601 τούτοις
1201 1539 1527 1610 συνημμένα
1550 1558 1564 1570 ·
1600 1542 1810 1612 μακρὸν

246 1623 346 1694 γάρ
380 1625 554 1678 εἰπεῖν
583 1626 687 1696 τῆς
712 1627 936 1700 ἀγάπης
964 1629 1026 1683 τὸ
1062 1631 1282 1702 μέτρον.
1322 1633 1532 1696 Ἀλλως
1569 1635 1630 1687 τέ
1668 1651 1810 1705 φημι

246 1716 306 1786 δὴ
331 1717 564 1786 μάλιστα
592 1720 827 1790 πρέπειν
847 1739 906 1775 τε
943 1723 1038 1777 καὶ
1065 1725 1398 1796 ἐνυπάρχειν
1435 1728 1549 1790 τοῖς
1588 1727 1811 1798 ἀγαπᾷν

1911 555 1930 588 ι
1970 537 2174 607 Diliges
2241 537 2557 606 proximum
2615 543 2770 591 tuum
2831 537 2976 592 sicut
3013 536 3275 606 teipsum.
3321 537 3483 592 Com-

1904 630 2243 700 plementum
2301 630 2490 700 itaque
2523 629 2660 700 legis
2703 636 2789 685 est
2842 628 3087 684 eharitas
3141 630 3207 684 ³⁸.
3256 650 3274 681 ι
3332 628 3489 695 Quod

1905 731 2089 778 autem
2121 739 2285 778 omne
2320 723 2542 778 virtutis
2570 737 2746 793 genus
2777 721 2920 777 intra
2951 738 3010 777 se
3035 722 3491 792 comprehendat,

1905 813 2202 882 omniaque
2261 812 2408 867 bona
2480 813 2598 869 suis
2655 811 3066 882 quodammodo
3125 813 3486 882 amplectatur

1917 902 2306 966 ulnis.Paulus
2339 907 2455 974 ipse
2483 905 2930 975 sapientissimus
2961 920 3154 959 rursus
3179 905 3494 971 testabitur,

1905 998 2202 1052 clamans:
2247 1014 2264 1049 ι
2305 997 2559 1052 Charitas
2591 1012 2702 1051 non
2745 997 2859 1067 agit
2893 1011 3203 1066 perperam,
3249 1011 3360 1050 non
3409 996 3491 1050 in-

1907 1087 2093 1153 ﬂatur,
2135 1104 2243 1144 non
2286 1097 2376 1145 est
2425 1089 2750 1156 ambitiosa,
2799 1104 2910 1143 non
2955 1090 3157 1159 quaerit
3215 1104 3338 1159 qua
3395 1104 3496 1144 sua

1909 1185 2062 1242 sunt,
2108 1197 2126 1230 ι
2160 1187 2216 1233 et
2247 1196 2373 1249 qua:
2406 1190 2717 1249 sequuntur
2764 1180 2808 1211 "
2839 1197 2854 1234 :
2899 1179 3117 1248 longum
3169 1183 3312 1233 enim
3349 1187 3497 1233 esset

1910 1277 2120 1340 quanta
2160 1270 2234 1326 sit
2279 1271 2567 1325 charitatis
2620 1286 2878 1326 mensura
2931 1271 3184 1324 oratione.
3215 1268 3493 1339 persequi.

1909 1359 2180 1415 Caeterum
2211 1362 2510 1416 convenire
2539 1361 2782 1416 maxime
2832 1361 2899 1415 iis
2943 1360 3069 1414 dico
3111 1359 3205 1430 qui
3239 1359 3496 1412 omnibus

1911 1447 2117 1518 ubique
2163 1459 2348 1518 patere
2382 1450 2576 1503 volunt
2623 1463 2682 1504 se
2719 1448 2927 1503 Christi
2982 1461 3107 1502 esse
3159 1445 3489 1511 discipulos.

1909 1539 2200 1594 charitatis
2243 1539 2403 1610 753
2441 1554 2646 1594 corona
2706 1538 2956 1609 gloriari,
3015 1552 3080 1590 ac
3129 1537 3279 1590 velut
3336 1535 3497 1591 istius

1910 1633 1992 1687 rei
2021 1633 2363 1703 signaculum
2413 1632 2689 1703 quoddam
2747 1630 3004 1701 praeferre
3058 1638 3304 1683 mutuam
3359 1627 3499 1682 dile-

1912 1723 2188 1779 ctionem:
2222 1737 2386 1792 quam
2422 1723 2492 1778 ob
2523 1738 2777 1783 causam.
2819 1721 3016 1792 paucis
3045 1720 3254 1789 aperio.
3300 1717 3498 1773 Nonne

245 1807 529 1877 ἑλομένοις,
559 1811 644 1864 ὃτι
671 1813 907 1883 Χριστοῦ
938 1816 1196 1882 γεγόνασι
1231 1818 1470 1890 μαθηταὶ
1499 1823 1611 1884 τοῖς
1633 1822 1813 1876 ἀπαν-

1924 1816 1964 1870 si
1993 1815 2120 1886 quis
2146 1823 2395 1870 nostrum
2427 1823 2600 1868 artem
2637 1814 2890 1868 agrariam
2927 1811 3329 1868 auttextoriam
3367 1824 3499 1881 pro-

243 1901 430 1970 ταχὸσε
475 1903 880 1973 γνωρίζεσθαι,
934 1907 996 1960 τδ
1047 1909 1126 1979 τῷ
1179 1911 1428 1983 στεφάνῳ
1463 1914 1563 1982 τῆς
1591 1915 1813 1985 ἀγάπης

248 1993 718 2064 ἐπισεμνύνεσθαι,
763 1999 858 2050 καὶ
889 1999 1142 2072 καθάπερ
1172 2020 1224 2057 τι
1266 2005 1580 2079 σήμαντρον
1619 2009 1817 2078 ἐπιφέ-

247 2083 428 2152 ρεσθαι
461 2083 554 2138 τοῦ
591 2086 919 2157 πράγματος
952 2090 1054 2163 τὴν
1108 2092 1462 2165 φιλαλληλίαν
1483 2115 1494 2126 -
1531 2097 1622 2151 τοῦ
1651 2098 1709 2151 δὲ
1750 2098 1815 2171 δὴ

246 2175 419 2245 χάριν,
454 2178 549 2230 καὶ
577 2179 737 2232 τοῦτο
773 2181 916 2250 μημὶ
945 2179 1068 2253 [γρ.
1110 2184 1379 2259 μηνύσω]
1417 2187 1504 2243 διά
1541 2189 1810 2262 βραχέων.

245 2263 388 2338 ’Ἄρα
411 2267 520 2339 γάρ
549 2269 602 2322 εἰ
625 2288 712 2334 τις
737 2271 846 2324 τῶν
868 2273 990 2327 καθ’
1015 2276 1164 2347 ἡμᾶς
1188 2278 1622 2351 χαλκουργικὴν,
1646 2283 1816 2352 ηγουν

244 2358 340 2429 τὴν
367 2359 603 2429 ὐφάντου
645 2362 807 2438 μετίῃ
834 2363 1064 2437 τέχνην,
1102 2368 1204 2422 οὐκ
1241 2369 1308 2424 ἂν
1335 2371 1542 2442 ὁρῷτο,
1584 2375 1679 2430 καὶ
1713 2376 1819 2447 μά·

247 2450 400 2506 λιστα
445 2451 666 2521 σαφῶς,
719 2453 796 2516 ὡς
847 2456 1194 2526 χαλκοτύπρυ
1248 2463 1436 2529 τινὸς,
1489 2466 1522 2536 ἢ
1580 2466 1816 2536 ύφάντου

246 2541 439 2610 γέγονε
477 2543 758 2616 μαθητηςς
787 2547 852 2601 Τί
893 2547 952 2602 δὲ
988 2551 1018 2604 ὁ
1059 2554 1378 2625 τεκτονικῆς
1406 2558 1698 2630 ἐμπειρίας
1721 2562 1821 2615 οὐκ

243 2636 532 2706 άμοιρῶν;
569 2640 682 2692 Ούκ
711 2635 815 2710 ἆρα
851 2641 1098 2714 βοήσειεν
1141 2644 1209 2699 ἂν
1245 2647 1332 2702 διά
1365 2649 1523 2704 τοῦτο
1559 2651 1820 2707 δύνασθαι

243 2727 550 2798 κατορθοῦν
578 2730 642 2784 τά
669 2731 727 2783 ἐν
771 2735 838 2803 τῇ
881 2733 1048 2808 τέχνῃ
1093 2736 1275 2800 καλῶς
1297 2778 1312 2803 ,
1345 2740 1427 2793 ὅτι
1456 2739 1684 2811 τέκτονα
1723 2743 1821 2814 τῆς

249 2819 540 2889 ἐμπειρίας
589 2820 711 2892 ἐσχε
757 2824 850 2878 τὸν
892 2826 1233 2898 ἡγούμενον;
1287 2831 1447 2885 Κατὰ
1490 2833 1581 2887 τὸν
1637 2835 1820 2901 αὐτὸν,

245 2907 417 2981 οἶμαι.
455 2911 614 2981 λόγον
654 2915 704 2968 οἰ
733 2919 832 2987 τῆς
867 2916 1150 2986 θεοφιλοῦς
1179 2922 1399 2992 ἀγάπης
1436 2926 1823 2999 πληρουμένην

247 3004 309 3055 ἐν
340 3005 548 3068 ἑαυτοῖς
585 3005 683 3078 τὴν
707 3007 942 3080 δύναμιν
968 3011 1204 3082 ἔχοντες,
1239 3015 1448 3070 ἀκονιτὶ
1475 3020 1820 3090 γνωριοῦσιν,

1917 1908 2159 1970 ﬁteatur,
2195 1908 2279 1964 vel
2314 1909 2442 1964 hinc
2467 1909 2705 1962 maxime
2737 1906 2998 1977 prodatur
3028 1905 3168 1959 fabri
3210 1903 3495 1970 cujusdam

1915 2001 2094 2057 aerarii
2143 2009 2240 2056 aut
2275 2002 2510 2056 textoris
2562 2001 2736 2055 fuisse
2784 1997 3134 2068 discipulus?
3173 1995 3318 2063 Quid
3368 2010 3501 2050 vero

1919 2093 2132 2148 fabrilis
2182 2094 2317 2148 artis
2368 2093 2624 2162 peritus?
2661 2090 2852 2145 Nonne
2891 2089 3014 2145 idco
3065 2105 3123 2145 se
3177 2098 3350 2143 artem
3402 2102 3499 2158 ap-

1918 2189 2092 2257 prime
2117 2187 2320 2242 callere
2341 2186 2566 2248 dixerit,
2594 2185 2725 2255 quia
2758 2184 2915 2238 fabro
2941 2198 3075 2237 usus
3108 2181 3179 2236 sit
3204 2180 3504 2247 magistro?

1918 2279 2148 2345 Eodem,
2191 2281 2412 2350 opinor,
2453 2279 2617 2333 modo
2673 2279 2766 2347 qui
2821 2276 3114 2330 charitatis
3149 2290 3276 2346 erga
3331 2274 3500 2329 Deum

1917 2373 2135 2444 plenam
2189 2375 2244 2426 in
2295 2372 2494 2441 seipsis
2526 2371 2635 2424 vim
2687 2370 2917 2429 habent.
2968 2368 3123 2422 nullo
3156 2367 3375 2436 negotio
3402 2381 3504 2417 eo-

1921 2466 2294 2539 gnoscendum
2318 2464 2640 2533 prabehunt
2662 2477 2721 2517 se
2735 2462 3025 2515 charitatis
3042 2459 3318 2515 exstitisse
3337 2457 3505 2511 disci-

1921 2561 2105 2630 pulos,
2138 2559 2254 2614 sive
2289 2556 2522 2619 Christi,
2556 2555 2648 2624 qui
2682 2553 3138 2624 perfectissimam
3190 2552 3242 2604 in
3281 2549 3341 2604 se
3369 2549 3504 2602 cha-

1922 2652 2140 2705 ritatem
2181 2649 2446 2704 continet.
2491 2647 2581 2701 Sic
2613 2646 2759 2701 enim
2794 2645 2984 2698 dilexit
3018 2641 3305 2697 mundum.
3350 2650 3408 2694 ut
3451 2649 3506 2696 et

1924 2742 2100 2812 ipsam
2145 2757 2244 2812 pro
2279 2757 2347 2796 eo
2393 2742 2633 2793 animam
2693 2737 2940 2807 posuerit
2974 2736 3052 2800 '3,
3085 2745 3138 2789 et
3172 2732 3387 2788 .ludaici
3421 2733 3504 2787 fu-

1925 2835 2070 2890 roris
2113 2833 2512 2888 immanitatem
2561 2830 2868 2901 pertulerit.
2921 2828 3078 2894 Quod
3117 2829 3236 2898 ipse
3280 2825 3504 2896 quidem

1927 2927 2222 2983 testabitur
2251 2925 2318 2979 ad
2355 2924 2658 2994 discipulos
2689 2937 2844 2985 suos.
2891 2921 3123 2976 dicens:
3167 2939 3186 2970 ι
3222 2919 3358 2984 Quia
3387 2933 3506 2972 ma-

1922 3023 2100 3092 jorem
2139 3019 2242 3074 hac
2265 3018 2536 3072 charitate
2578 3031 2739 3070 nemo
2768 3015 2954 3078 habet,
2988 3021 3044 3067 ut
3081 3012 3321 3065 animam
3352 3024 3507 3063 suam

247 3095 328 3203 ξτι
352 3095 455 3165 τῆς
487 3095 710 3169 ἀγάπης
738 3101 998 3168 γεγόνασι
1035 3103 1299 3174 μαθηταὶ,
1331 3107 1450 3178 ἦτοι
1489 3109 1584 3163 τοῦ
1610 3111 1707 3183 τὴν
1744 3114 1821 3177 εἰς

1931 3119 2098 3182 ponat
2127 3110 2255 3181 quis
2293 3123 2396 3180 pro
2423 3108 2618 3163 amicis
2663 3108 2782 3163 suis
2830 3107 2898 3160 ".
2942 3124 2962 3158 ι
3008 3103 3147 3158 Cum
3188 3102 3335 3156 enim
3367 3099 3512 3154 Deus

245 3184 422 3276 ἄκραν
478 3190 703 3261 ἀγάπην
765 3191 981 3262 ἔχοντος
1051 3197 1311 3267 Χριστοῦ.
1375 3201 1654 3271 Ἠγάπησε
1715 3203 1824 3276 γὰρ

245 3273 389 3328 οὕτω
429 3277 521 3330 τὸν
558 3279 784 3349 κόσμον,
814 3281 890 3345 ὡς
933 3286 1028 3338 καὶ
1072 3285 1243 3353 αὐτὴν
1277 3288 1416 3357 ὑπὲρ
1448 3289 1611 3343 αὐτοῦ
1656 3273 1827 3346 καταλ-

245 3367 423 3421 θείναι
453 3369 553 3441 τὴν
580 3370 790 3443 ψυχὴν,
829 3375 922 3428 καὶ
966 3375 1076 3428 τῶν
1111 3377 1421 3434 Ἰουδαϊκῶν
1458 3382 1827 3455 τολμημάτων

246 3462 540 3530 ὑπομείναι
593 3465 694 3530 τὴν
741 3465 1064 3538 ἀγριότητα.
1099 3471 1210 3525 Καὶ
1259 3476 1604 3546 μαρτυρήσει
1654 3477 1826 3545 λέγων

252 3553 410 3617 αὐτὸς
457 3555 593 3625 πρὸς
637 3558 764 3620 τοὺς
807 3559 1002 3614 ἐαυτοῦ
1055 3563 1347 3635 μαθητὰς,
1398 3566 1479 3620 ὅτι
1529 3586 1547 3619 ι
1589 3569 1828 3633 Μείζονα

244 3648 453 3717 ταύτης
477 3648 580 3718 τῆς
606 3649 829 3722 ἀγάπης
857 3652 1034 3717 οὐδεὶς
1075 3653 1189 3725 ἔχει
1211 3696 1226 3720 ,
1272 3657 1360 3710 ἵνα
1397 3675 1484 3722 τις
1510 3659 1608 3728 τὴν
1651 3659 1828 3731 ψυχὴν

245 3740 416 3794 αὐτοῦ
453 3741 522 3812 θῇ
561 3741 705 3810 ὑπὲρ
745 3744 853 3797 τῶν
893 3746 1064 3814 φίλων
1114 3749 1301 3806 αὐτοῦ.
1338 3769 1356 3802 ι
1408 3751 1628 3825 Ἐπειδὴ
1661 3753 1770 3826 γάρ
1798 3755 1828 3806 ὁ

242 3830 382 3895 Θεὸς
409 3832 600 3904 ἀγάπη
628 3834 766 3898 ἐστὶ,
793 3835 934 3888 κατά
959 3836 1059 3908 τὴν
1101 3840 1348 3894 Ἰωάννου
1372 3843 1576 3913 φωνὴν,
1607 3846 1830 3916 ἀγάπης

243 3922 326 3976 ὢν
378 3924 548 3987 Υἱὸς,
597 3923 744 3979 τοῦτ’
805 3926 920 3982 ἐστι
979 3928 1074 3983 τοῦ
1117 3932 1260 3985 κατὰ
1305 3933 1467 4001 φύσιν
1513 3935 1684 3999 Θεοῦ,
1735 3939 1831 3993 καὶ

246 4015 439 4080 μόνον,
464 4017 561 4070 καὶ
581 4016 860 4087 ἀληθινοῦ,
896 4021 1086 4093 ἀγάπη
1118 4024 1213 4077 καὶ
1234 4025 1396 4090 αὐτὸς
1427 4027 1827 4097 ἀναπέφανται,

239 4107 307 4159 οὐ
357 4107 545 4175 λόγοις
594 4107 970 4182 ἐξησκημένον
1017 4115 1112 4169 καὶ
1161 4115 1249 4169 διά
1299 4118 1561 4188 ῥημάτιον
1615 4121 1830 4192 κόμπου

243 4195 751 4268 λελαμπρυσμένον
778 4199 916 4270 ἔχων
941 4203 1002 4255 τὸ
1019 4203 1256 4274 ἀξίωμα,
1285 4207 1398 4260 ἀλλ’
1422 4207 1604 4278 ἔργοις
1625 4209 1827 4275 αὐτοῖς,

244 4289 341 4340 καὶ
373 4292 708 4360 πράγμασι,
755 4294 970 4364 καρπὸν
1017 4293 1150 4350 ὅντα
1193 4297 1292 4368 τῆς
1320 4299 1414 4352 τοῦ
1451 4302 1703 4366 τεκόντος
1748 4304 1832 4356 οὐ·

246 4381 371 4443 σίας
427 4382 621 4436 ἐαυτὸν
690 4385 984 4452 ἐπιδείξας.
1046 4388 1360 4459 Οίησόμεθα
1414 4389 1523 4461 γὰρ
1577 4393 1831 4464 οὐδαμῶς

1931 3206 2004 3260 sit
2035 3204 2300 3267 charitas,
2345 3202 2502 3272 juxta
2545 3199 2777 3255 Joannis
2809 3213 2998 3253 vocem
3046 3197 3126 3259 ³⁸,
3171 3194 3374 3264 quippe
3416 3191 3510 3261 qui

1929 3296 2002 3350 sit
2032 3294 2337 3355 charitatis,
2367 3293 2473 3346 hoc
2498 3297 2603 3356 est,
2639 3291 2910 3345 naturalis
2936 3298 2989 3344 et
3018 3289 3163 3342 unici
3197 3302 3260 3340 ac
3282 3285 3394 3340 veri
3416 3283 3512 3340 Dei

1929 3386 2124 3451 Filius,
2147 3385 2391 3441 charitas
2412 3384 2575 3438 etiam
2613 3383 2730 3452 ipse
2767 3379 3063 3434 manifesto
3087 3385 3190 3441 est,
3222 3392 3332 3431 non
3357 3391 3513 3446 poru-

1928 3493 1996 3549 pa
2032 3477 2326 3533 verborum
2368 3473 2726 3544 conspicuam
2769 3472 2976 3526 habens
3033 3471 3374 3541 dignitatem,
3416 3470 3511 3524 sed

1927 3570 2189 3641 operibus
2203 3568 2340 3639 ipsis
2351 3582 2415 3622 ac
2431 3567 2593 3622 rebus
2607 3564 2848 3634 seipsum
2867 3563 3106 3618 fructum
3123 3577 3249 3618 esse
3261 3562 3514 3617 substan-

1929 3664 2020 3717 tia:
2050 3662 2230 3717 Patris
2260 3658 2584 3716 ostendens.
2604 3656 2963 3727 Nequaquam
2992 3656 3137 3710 enim
3164 3654 3512 3710 censebimus

1932 3767 2247 3824 supremam
2299 3753 2449 3806 illam
2514 3750 2758 3806 omnium
2814 3747 3181 3804 substantiam
3240 3747 3510 3800 bonortnn

1931 3860 2055 3900 esse
2081 3857 2362 3913 capacem,
2390 3838 2484 3897 sed
2521 3855 2624 3895 nec
2650 3838 3012 3894 adventitium
3034 3835 3084 3891 ei
3111 3848 3234 3890 esse
3262 3834 3514 3888 dicemus

1933 3935 2184 3988 omnium
2221 3931 2487 3985 bonorum
2515 3943 2710 3998 genus,
2747 3927 2892 3980 sicut
2919 3926 2976 3980 in
3000 3925 3183 3986 nobis,
3217 3937 3318 3978 nec
3350 3930 3410 3976 ut
3428 3921 3515 3976 di-

1930 4040 2156 4082 versum
2199 4022 2481 4093 quidpiam
2533 4021 2588 4074 in
2631 4019 2740 4074 alio
2769 4018 3008 4082 censeri,
3045 4015 3510 4088 quemadmodum

1934 4116 1990 4170 in
2016 4113 2242 4168 homine
2292 4112 2578 4166 scientiam
2612 4108 2843 4163 dixeris.
2891 4106 3004 4163 Nec
3037 4108 3184 4161 enim
3217 4106 3381 4160 homo
3417 4120 3514 4176 per

1935 4223 1996 4263 se
2047 4214 2132 4262 est
2183 4204 2431 4267 scientia,
2484 4202 2577 4259 sed
2629 4200 2874 4255 scientia:
2917 4199 3100 4268 potius
3143 4212 3357 4266 capax:
3415 4195 3510 4250 sed

1935 4299 2308 4370 quodcunque
2338 4297 2542 4350 bonum
2577 4299 2831 4347 censetur
2880 4290 3059 4360 ipsum
3109 4288 3330 4358 proprie
3373 4287 3512 4341 divi-

1935 4386 2074 4444 nam'
2095 4396 2148 4442 et
2178 4385 2502 4442 ineffabilem
2552 4392 2804 4436 naturam
2845 4395 2970 4435 esse
3013 4377 3270 4438 dicimus.
3306 4377 3511 4432 fontem

243 4471 506 4544 δεκτικὴν
558 4469 696 4528 εἶναι
743 4475 854 4528 τῶν
902 4477 1124 4545 ἀγαθῶν
1176 4478 1276 4549 τὴν
1323 4482 1586 4536 ἀνωτάτω
1640 4469 1821 4539 πασῶι

1942 4482 2106 4538 veluti
2139 4480 2428 4551 quemdam
2467 4490 2628 4531 omne
2657 4489 2831 4542 genus
2869 4471 3086 4525 virtutis
3122 4470 3174 4522 in
3204 4471 3384 4539 seipsa
3414 4468 3464 4522 ha
3485 4497 3512 4510 η

242 4564 475 4632 οὐσίαν,
519 4566 636 4619 ἀλλ’
671 4567 791 4620 οὐδὲ
836 4569 1134 4640 ἐπίκτητον
1175 4569 1409 4642 ἐροῦμεν
1453 4574 1511 4626 ἐν
1561 4575 1698 4645 αὐτῇ
1733 4575 1832 4645 τὴν

245 4653 514 4709 ἀπάντων
545 4655 657 4710 τῶν
701 4657 923 4725 ἀγαθῶν
965 4658 1129 4725 ἰδέαν,
1163 4660 1417 4733 καθάπερ
1445 4665 1503 4718 ἐν
1535 4665 1686 4734 ἡμῖν,
1717 4665 1833 4719 ἀλλ’

241 4743 372 4798 οὐδὲ
398 4744 473 4808 ὥς
504 4763 558 4798 τι
588 4746 748 4816 τυχὸν
786 4747 976 4818 ἕτερον
1006 4750 1062 4801 ἐν
1088 4749 1259 4820 ἑτέρῳ
1292 4752 1604 4822 νοούμενον,
1643 4753 1833 4827 ὥσπερ

239 4831 343 4890 οὗν
377 4839 439 4889 ἐν
467 4837 742 4909 ἀνθρώπῳ
783 4838 918 4909 φαίη
953 4857 1036 4902 τις
1067 4840 1132 4894 ἂν
1175 4845 1271 4913 τήν
1302 4861 1448 4908 τινος
1498 4847 1830 4920 ἐπιστήμην.

243 4929 322 4984 Οὐ
351 4929 465 5000 γὰρ
491 4931 776 5002 ἐπιστήμη
813 4932 937 4986 καθ’
965 4933 1159 4987 ἐαυτὸν
1191 4936 1220 4988 ὁ
1255 4935 1573 5008 ἅνθρωπος,
1607 4941 1834 5013 ἐπιστή-

238 5035 362 5089 μης
385 5019 447 5074 δὲ
478 5020 682 5090 μᾶλλον
711 5022 991 5088 δεκτικόςο
1040 5025 1157 5080 ἀλλ’
1205 5029 1338 5083 αὐτὸ
1379 5031 1442 5084 τὸ
1477 5034 1584 5086 πᾶν
1609 5034 1836 5102 ἀγαθὸν,

1939 4575 2179 4638 bentem,
2220 4579 2274 4627 et
2306 4587 2372 4624 ex
2408 4571 2588 4639 seipsa
2619 4564 3013 4620 effundentem.
3055 4561 3189 4616 ,ιω-υ
3219 4561 3403 4629 itaque
3434 4559 3519 4627 ip.

1937 4673 2111 4721 semet
2139 4665 2246 4721 erit
2274 4661 2562 4718 charitatis
2591 4659 2826 4720 fructus,
2868 4664 2923 4713 et
2953 4671 3076 4709 cum
3108 4654 3180 4709 sit
3212 4652 3375 4708 etiam
3399 4650 3520 4720 ipse

1940 4755 2208 4818 charitas,
2239 4752 2404 4807 sicuti
2435 4749 2599 4804 Pater
2624 4764 2687 4805 ex
2712 4765 2822 4820 quo
2841 4755 2926 4804 est
2955 4744 3152 4809 Filius,
3186 4744 3394 4798 nostris
3421 4757 3515 4813 per

1939 4849 2264 4904 charitatem
2307 4845 2507 4899 animis
2554 4843 2905 4913 insignietur,
2951 4848 3005 4893 et
3049 4847 3293 4892 mutuam
3335 4834 3517 4890 chari-

1941 4950 2106 4997 tatem
2143 4937 2425 4993 mordicus
2451 4935 2730 5006 amplecti,
2763 4929 3175 5002 conjunctionis
3204 4935 3259 4983 et
3283 4926 3517 4982 familia-

1934 5034 2117 5088 ritatis
2145 5047 2268 5085 cum
2301 5030 2423 5100 ipso
2454 5037 2616 5083 notas
2645 5026 2802 5081 bonis
2836 5021 3123 5094 imprimit.
3169 5018 3414 5088 Alioqui,
3445 5017 3516 5079 si,

233 5109 387 5172 ὅπερ
425 5109 495 5164 ἂν
537 5105 678 5165 εἶναι
705 5113 1056 5186 πιστεύηται,
1079 5116 1238 5171 τοῦτο
1265 5119 1471 5190 κυρίως
1495 5121 1664 5191 αὐτὴν
1697 5118 1821 5178 εἰναη

1932 5127 2089 5196 juxta
2117 5123 2270 5179 Pauli
2299 5137 2491 5177 vocem
2527 5120 2571 5153 ³⁸
2599 5159 2614 5185 ,
2650 5134 2755 5191 pax
2797 5125 2988 5172 nostra
3023 5113 3278 5170 Christus
3308 5119 3396 5167 est
3435 5110 3513 5178 (in

235 5216 436 5270 φαμεν
469 5199 570 5272 τὴν
599 5201 753 5258 θείαν
790 5206 886 5257 καὶ
918 5205 1158 5276 ἄρρητον
1205 5207 1389 5277 φύσιν,
1430 5212 1613 5283 πηγὴν
1641 5213 1833 5287 ῶσπερ

227 5289 371 5342 τινὰ
415 5291 525 5343 πᾶν
574 5287 716 5356 εἶδος
759 5293 965 5364 ἀρετῆς
1007 5294 1238 5366 ἔχουσαν
1277 5299 1336 5352 ἐν
1375 5300 1577 5374 ἑαυτῇ,
1633 5305 1729 5360 καὶ
1773 5305 1834 5371 ἐξ

227 5383 458 5473 εαυτῆς
484 5384 916 5450 ἀναϐλύζουσαν.
951 5388 1314 5458 Εύλογώτατα
1339 5394 1519 5449 τοίνυν
1546 5397 1708 5463 αὑτός
1727 5417 1834 5473 περ

225 5472 406 5526 ἔσται
436 5473 541 5545 τῆς
565 5475 790 5548 ἀγάπης
812 5479 1299 5564 όῌκαρπὺςργάπη
1337 5487 1431 5540 καὶ
1464 5489 1626 5554 αὐτὸς
1658 5472 1834 5564 ὑπάρ-

225 5582 380 5634 χων,
417 5566 568 5620 κατά
592 5568 686 5622 τὸν
713 5567 776 5632 ἐξ
801 5561 972 5643 οὗπέρ
996 5573 1114 5626 ἐστι
1153 5575 1364 5647 Πατρὸς
1386 5578 1416 5629 ὁ
1445 5579 1590 5647 Υἱὸς,
1618 5582 1705 5637 διά
1734 5561 1834 5657 της

1940 5218 2062 5289 ipso
2083 5216 2228 5272 enim
2263 5214 2526 5270 inferiora
2553 5208 2934 5282 superioribus
2956 5205 3250 5275 conjuncta
3279 5208 3432 5266 sunt,
3462 5209 3517 5258 et

1941 5323 2039 5382 per
2071 5309 2252 5379 ipsum
2277 5303 2618 5360 reconciliati
2653 5314 2846 5356 sumus
2883 5297 2996 5353 Deo
3024 5311 3089 5352 ac
3115 5294 3287 5356 Patri.
3322 5309 3517 5365 quam-

1941 5403 2026 5457 vis
2059 5399 2222 5456 initio
2249 5397 2480 5452 multum
2504 5395 2711 5460 dissiti,
2733 5389 3096 5448 conversione
3129 5387 3196 5443 ad
3232 5389 3438 5442 malum
3463 5393 3519 5442 et

1942 5494 1995 5548 in
2029 5489 2194 5562 754
2217 5490 2359 5545 duos
2383 5489 2613 5559 populos
2636 5485 2764 5540 olim
2793 5482 2978 5542 divisi,
3015 5492 3204 5553 gentes
3234 5479 3518 5539 nimirum.

1939 5595 1994 5639 et
2040 5584 2346 5647 lsraelitas,
2396 5580 2451 5634 in
2488 5593 2656 5634 unum
2706 5591 2908 5632 novum
2951 5575 3226 5630 hominem
3262 5568 3518 5626 aediﬁcati

311 5679 377 5761 ’ζ
406 5678 574 5761 ῌοιιι.
608 5684 946 5761 xm_._9,_lo.
1025 5685 1071 5718 "
1110 5685 1284 5742 lCor.
1321 5705 1418 5743 xm
1446 5730 1460 5754 ,
1495 5693 1558 5757 4,
1594 5695 1647 5748 5.
1725 5697 1770 5729 η
1807 5696 1821 5750 ι

1927 5712 2017 5750 an.
2062 5693 2272 5761 ir,16.
2349 5695 2394 5725 ⁸³
2448 5689 2608 5746 Joan.
2669 5704 2760 5756 xv,
2805 5688 2890 5743 13.
2970 5688 3014 5718 ³⁶
3065 5686 3082 5739 l
3130 5683 3388 5745 Joau.iv,
3429 5679 3510 5735 l6-

231 5748 279 5782 ”
331 5747 544 5824 Ephes.
595 5768 672 5816 ιι.
708 5747 893 5811 ιιι-18.
