4042 6204
512 333 612 390 ίϐἸ

1507 325 1568 382 S.
1610 321 1891 380 CYRILLI
1934 316 2402 376 ALEXANDRINI
2435 315 2752 374 ARCHIEP.

3659 309 3756 368 168

509 461 702 505 sumus
737 447 794 502 in
839 445 1006 514 ipso:
1047 443 1227 499 soluta
1277 454 1363 497 est
1405 441 1552 498 enim
1604 444 1864 506 maceria,
1901 448 1956 495 et
1984 439 2081 493 de-

2192 437 2407 507 ἀγάπης
2449 435 2682 506 μάλιστα
2728 435 2846 496 ταῖς
2893 431 3189 502 ἡμετέραις
3237 426 3440 497 ψυχαῖς
3491 425 3762 494 ἐνσημαν-

509 545 718 591 structa
754 548 835 588 est
870 531 1172 586 inimicitiae
1203 530 1288 586 vis
1318 531 1590 601 dogmatis
1617 531 1968 601 evangelicis,
2006 529 2086 582 si-

514 629 684 681 lentio
717 625 818 695 legi
853 623 1158 693 imposito),
1191 623 1468 692 quomodo
1513 622 1779 693 cognosci
1818 621 2088 690 potuisset

506 733 601 772 eos
636 731 756 771 esse
785 716 938 785 pacis
969 714 1296 782 discipulus,
1335 713 1380 766 si
1416 728 1606 782 pacem
1648 721 1896 766 mutuam
1945 710 2089 764 inter

507 823 566 862 se
593 823 698 862 non
729 805 1028 860 haberem?
1055 803 1196 868 Quid
1229 805 1374 858 enim
1410 802 1579 865 aliud,
1601 815 1812 871 quaeso,
1838 808 1923 854 est
1953 800 2089 854 cha-

510 898 686 951 ritatis
723 895 1048 963 disjunctio,
1091 908 1254 962 quam
1290 893 1445 963 origo
1484 893 1634 957 belli,
1670 891 1824 962 pacis
1849 890 2084 952 eversio,

505 998 559 1043 et
593 988 758 1042 animi
787 984 1118 1054 duplicitas?
1151 982 1624 1049 Quemadmodum
1655 984 1800 1037 enim
1833 982 1888 1035 in
1928 980 2088 1034 ﬁrmo

503 1078 794 1132 cbaritatis
829 1075 1050 1130 vinculo
1088 1075 1242 1144 pacis
1285 1074 1426 1128 bona
1467 1073 1628 1127 nobis
1659 1078 2086 1134 conservantur,

505 1172 607 1236 sic,
650 1171 867 1240 opinor,
918 1170 1047 1223 dum
1095 1167 1339 1220 charitas
1371 1165 1728 1230 rescinditur,
1764 1164 1895 1218 belli
1946 1163 2087 1216 mala

503 1265 762 1316 subeunt.
803 1261 870 1312 Et
907 1259 1038 1330 quid
1068 1268 1182 1313 tum
1220 1257 1381 1312 inde?
1415 1257 1653 1325 lnjuriae,
1680 1255 2088 1318 contentiones,

504 1354 898 1415 aemulationes,
925 1352 1042 1411 irae,
1081 1351 1316 1411 furores,
1349 1348 1742 1410 detractiones,
1772 1347 2086 1410 maledicta,

501 1450 558 1494 et
624 1440 878 1502 invidiae,
931 1439 1114 1491 omnia
1167 1439 1406 1507 denique
1444 1437 1837 1507 improbitatis
1891 1451 2090 1506 genera

503 1532 776 1584 oriuntur.
805 1531 938 1584 Cum
963 1531 1150 1598 itaque
1165 1530 1342 1583 virtus
1361 1529 1540 1582 omnis
1559 1530 1612 1581 in
1626 1529 1895 1583 charitate
1910 1527 2092 1581 conti-

503 1631 702 1676 neatur
731 1623 1157 1692 implenturque,
1193 1636 1350 1676 nemo
1393 1628 1640 1673 nostrum
1670 1621 1779 1674 cibi
1819 1620 2093 1674 abstinen-

500 1717 599 1779 tia,
625 1724 716 1767 aut
743 1715 888 1783 quod
926 1714 1074 1766 humi
1111 1713 1296 1776 cubet,
1321 1721 1416 1765 aut
1445 1712 1572 1766 aliis
1602 1711 1894 1767 laboriosis
1917 1712 2092 1782 pieta-

2191 531 2434 601 θήσεται,
2477 529 2572 580 καὶ
2612 528 2710 596 τῆς
2751 525 3081 593 οἰκειότητος
3105 522 3204 593 τῆς
3237 520 3374 589 πρὸς
3416 517 3577 571 αὑτὸν
3601 517 3764 586 ἐγχα-

2191 621 2376 690 ράττει
2399 621 2508 680 τοῖς
2536 617 2759 686 ἀγαθοῖς
2783 616 2852 668 τὰ
2867 613 3244 684 γνωρίσματα,
3267 611 3328 663 τὸ
3349 609 3519 679 ἀπρὶξ
3544 606 3765 678 ἔχεσθαι

2188 712 2290 781 τῆς
2319 709 2694 781 φιλαλληλίας.
2731 705 2943 766 Ἀλλως
2967 721 3050 769 τε,
3085 705 3156 765 εἰ,
3187 702 3329 755 κατά
3363 701 3461 772 τὴν
3487 699 3580 752 τοῦ
3617 698 3766 752 Παύ-

2189 803 2283 857 λοῦ
2311 802 2517 872 φωνὴν,
2553 801 2582 852 6
2606 797 2840 871 Χριστός
2863 799 3010 850 ἐστιν
3031 797 3065 866 ὴ
3097 795 3289 865 εἰρήνη
3311 793 3470 863 ήμῶν
3506 791 3585 862 (ὲν
3615 789 3766 860 αὐτῷ

2189 893 2298 965 γάρ
2333 892 2578 964 συνήφθη
2607 891 2677 944 τὰ
2706 891 2858 944 κάτω
2884 890 2998 949 τοῖς
3042 887 3177 950 ἀνω,
3211 888 3308 939 καὶ
3344 885 3411 938 δι’
3444 883 3608 938 αὐτοῦ
3637 901 3768 936 κατ·-

2189 987 2505 1058 ηλλάγημεν
2543 981 2621 1053 τῷ
2663 981 2782 1052 Θεῷ
2821 979 2915 1034 καὶ
2969 979 3176 1050 Πατρὶ,
3222 976 3400 1030 καίτοι
3449 974 3652 1044 πολλὴν
3708 975 3766 1026 ὲν

2190 1078 2386 1147 ἀρχαῖς
2431 1072 2882 1142 ἐπιτηδεύσαντες
2911 1070 3010 1140 τὴν
3049 1069 3384 1132 ἀπόστασιν,
3424 1066 3513 1119 διά
3543 1067 3643 1137 τὴν
3685 1066 3768 1126 είς

2190 1170 2250 1222 τὸ
2275 1167 2478 1237 φαῦλον
2502 1163 2838 1235 ἀποδρομήν,
2867 1163 2962 1215 καὶ
2991 1162 3072 1223 εἰς
3092 1159 3187 1213 δύο
3218 1159 3346 1212 ποτὲ
3373 1158 3766 1229 μεμερισμένοι

2190 1262 2374 1324 λαοὺς,
2416 1259 2498 1322 είς
2525 1276 2585 1311 τε
2612 1257 2682 1311 τά
2715 1256 2864 1326 ἔθνη,
2892 1255 2987 1308 καὶ
3008 1253 3099 1306 τὸν
3139 1251 3378 1322 Ἰσραὴλ,
3407 1253 3486 1314 είς
3506 1251 3603 1303 ἕνα
3639 1268 3757 1304 καιο

2193 1353 2282 1407 νὺν
2329 1352 2615 1421 ἄνθρωπον
2643 1346 2972 1416 ἐκτίσθημεν
3011 1346 3068 1397 ὲν
3099 1342 3278 1412 αὐτῷ·
3315 1340 3530 1394 λέλυται
3559 1339 3668 1411 γάρ
3705 1337 3768 1390 τὸ

2196 1446 2505 1517 μεσότοιχον
2563 1441 2658 1496 τοῦ
2728 1437 3020 1510 φραγμοῦ,
3098 1436 3194 1510 καὶ
3249 1434 3592 1504 κατήργηται
3665 1431 3766 1500 τῆς

2191 1536 2390 1608 ἔχθρας
2433 1536 2467 1605 ἡ
2498 1533 2748 1603 δύναμις,
2779 1529 3046 1600 δόγμασιν
3092 1525 3470 1594 εὐαγγελικοῖς
3491 1564 3506 1589 ,
3539 1538 3767 1576 κατασι-

2191 1625 2483 1696 γασθέντος
2511 1623 2607 1677 τοῦ
2640 1621 2866 1694 νόμου),
2913 1620 3031 1682 πῶς
3064 1617 3130 1671 ἂν
3164 1614 3512 1685 ἐγνώσθησαν
3551 1614 3633 1666 ὅτι
3667 1613 3767 1682 τῆς

2193 1722 2416 1792 εἰρήνης
2445 1717 2700 1787 γεγόνασι
2735 1713 2975 1787 μαθηταὶ
3016 1710 3113 1782 τὴν
3143 1711 3224 1772 εἰς
3251 1708 3510 1780 ἀλλήλους
3541 1708 3768 1778 εἰρήνην

508 1807 578 1858 tis
605 1806 1100 1859 exercitationibus
1135 1805 1404 1873 glorietur
1425 1843 1440 1867 ,
1469 1802 1573 1856 nisi
1613 1803 1936 1856 charitatem
1964 1817 2088 1872 erga

2196 1814 2296 1866 οὐκ
2327 1811 2568 1880 ἔχοντες;
2598 1809 2664 1861 Τί
2694 1808 2802 1877 γὰρ
2834 1806 3021 1876 ἓτερον
3053 1803 3137 1874 εῖη
3169 1801 3328 1872 τυχὸν
3365 1801 3393 1852 6
3416 1801 3516 1870 τῆς
3545 1800 3768 1869 ἀγάπης

503 1897 727 1950 fratrem
762 1908 907 1950 recte
939 1905 1179 1950 tueatur.
1229 1893 1397 1948 Extra
1429 1903 1590 1948 metm
1624 1893 1826 1948 ﬂexum
1861 1894 2089 1964 perinde

501 2003 567 2044 ac
615 1990 903 2058 imperitus
935 1989 1125 2058 auriga
1156 1987 1334 2041 l'ertur
1385 1994 1439 2040 et
1475 1987 1860 2056 gubernatoris
1914 1988 2090 2041 instar

503 2079 744 2141 aberrat,
776 2080 868 2149 qui
899 2081 1056 2134 navis
1081 2080 1302 2149 quidem
1329 2078 1546 2132 clavum
1579 2087 1748 2140 tenet,
1771 2077 1867 2132 sed
1888 2092 2090 2148 propo-

503 2174 668 2226 situm
704 2174 1074 2243 navigationis
1111 2186 1336 2241 scopum
1365 2187 1476 2241 prae
1500 2173 1720 2226 inscitia
1742 2186 1854 2225 non
1881 2179 2084 2226 servat.

501 2263 772 2330 Quocirca
799 2275 852 2318 et
880 2265 972 2334 qui
1007 2279 1176 2318 ausus
1208 2270 1293 2318 est
1321 2263 1505 2317 dicere
1529 2282 1543 2317 :
1585 2283 1603 2314 ι
1631 2263 1712 2316 Αη
1745 2263 2090 2333 experimen-

505 2362 618 2407 tum
649 2357 893 2424 quaeritis
926 2355 1045 2423 ejus
1079 2354 1172 2424 qui
1214 2354 1268 2407 in
1311 2369 1398 2407 me
1433 2353 1674 2422 loquitur
1704 2353 1911 2407 Christi
1951 2353 2031 2406 ιιι
2065 2371 2083 2404 ι

502 2445 746 2511 divinus,
787 2448 1032 2516 inquam,
1064 2447 1154 2500 ille
1178 2445 1408 2509 Paulus,
1436 2459 1544 2497 non
1588 2445 1916 2514 simpliciter
1942 2444 2088 2514 quod

503 2546 834 2604 sectaretur,
877 2541 972 2594 sed
1002 2539 1152 2609 quod
1184 2537 1238 2591 id
1285 2537 1539 2593 faciendo
1571 2547 1720 2593 recta
1764 2538 1830 2592 ad
1861 2553 2087 2608 scopum

504 2631 774 2696 tenderet,
805 2633 1155 2704 gloriabatur
1201 2633 1267 2686 ³³.
1319 2632 1558 2686 Labores
1596 2632 1801 2701 quippe
1840 2633 2090 2700 corporis

503 2723 811 2788 venditare:
849 2724 978 2778 dum
1016 2723 1234 2779 interim
1269 2723 1565 2793 praecipuis
1596 2732 1648 2777 et
1686 2722 1862 2792 magis
1899 2739 2091 2779 neces-

504 2815 669 2868 sariis
698 2814 932 2880 excidis,
989 2816 1093 2869 hoc
1148 2830 1257 2868 non
1310 2823 1396 2869 est
1445 2815 1511 2867 ad
1563 2827 1791 2882 scopum
1844 2814 2088 2870 tendere.

511 2907 731 2961 Sciebat
765 2914 946 2960 autem
985 2907 1314 2960 cbaritalem
1340 2905 1639 2958 virtutibus
1670 2905 1930 2960 omnibus
1958 2906 2082 2960 vel-

2189 1901 2559 1973 διασπασμδς,
2596 1901 2629 1971 ἢ
2670 1898 2908 1968 πολέμου
2956 1895 3169 1964 γένεσις
3193 1933 3208 1959 ,
3249 1893 3344 1945 καὶ
3383 1893 3604 1961 εἰρήνης
3635 1891 3768 1943 ἀνα-

2190 1992 2399 2065 τροπὴ,
2442 1991 2538 2044 καὶ
2578 1989 2828 2059 διψυχίας
2862 1986 3080 2054 ἀπάσης
3126 1982 3375 2054 εὖρεσιςς
3408 1982 3618 2051 Ὠσπερ
3657 1980 3768 2050 γὰρ

2191 2085 2249 2136 ὲν
2278 2085 2512 2155 assa-{er
2535 2082 2634 2150 τῆς
2655 2079 2875 2148 ἀγάπης
2905 2075 3186 2145 συνδέσμῳ
3211 2074 3280 2127 τά
3314 2076 3376 2126 ὲκ
3413 2073 3513 2142 τῆς
3543 2072 3768 2141 εἰρήνης

2191 2177 2323 2246 ἡμῖν
2355 2173 2535 2243 ἀγαθά
2577 2171 2902 2236 διασώζεται
2928 2184 2941 2197 '
2973 2169 3066 2221 τὸν
3095 2167 3258 2221 αὐτὸν
3281 2205 3296 2228 ,
3340 2159 3494 2234 οἶμαι
3516 2205 3529 2225 ,
3562 2164 3768 2233 τρόπον

2193 2271 2250 2322 ἐν
2275 2271 2342 2340 τῇ
2371 2267 2472 2336 τῆς
2497 2265 2718 2333 ἀγάπης
2754 2263 2990 2331 διακοπῇ
3018 2260 3078 2312 τὸ
3114 2261 3178 2311 ὲκ
3209 2257 3304 2310 τοῦ
3329 2257 3566 2326 πολέμου
3598 2253 3767 2307 κακὸν

2192 2348 2601 2434 παρεισδύεται.
2655 2356 2766 2411 Καὶ
2807 2355 2860 2408 τί
2911 2355 2972 2407 τὸ
3029 2351 3318 2417 ὲντεῦθεν;
3368 2349 3628 2419 Ὗϐρεις,
3672 2346 3767 2400 καὶ

2193 2452 2550 2524 φιλονεικίαι,
2583 2451 2680 2503 καὶ
2722 2447 2874 2518 ζῆλοι.
2894 2485 2910 2509 ,
2940 2446 3036 2498 καὶ
3077 2445 3238 2512 ὀργαὶ
3259 2483 3273 2507 ,
3319 2443 3412 2494 καὶ
3440 2439 3604 2512 θυμοὶ
3627 2478 3643 2503 ,
3672 2441 3769 2493 καὶ

2191 2544 2550 2616 ψιθυρισμοὶ,
2598 2543 2693 2594 καὶ
2739 2538 3095 2602 καταλαλιαὶ,
3143 2537 3237 2589 καὶ
3280 2534 3500 2605 φθόνοι,
3530 2536 3626 2586 καὶ
3660 2534 3770 2586 πᾶν

2192 2632 2332 2700 εἶδος
2375 2636 2711 2704 φαυλότητος
2754 2631 3131 2700 ἀναφαίνεται.
3184 2629 3432 2698 Ἀπάσης
3477 2626 3769 2693 τοιγαροῦν

2191 2729 2392 2799 ἀρετῆς
2419 2730 2476 2779 ὲν
2513 2725 2591 2796 τῷ
2629 2726 2729 2796 τῆς
2773 2724 2997 2792 ἀγάπης
3028 2722 3158 2774 εἴδει
3184 2737 3246 2772 τε
3279 2720 3374 2773 καὶ
3411 2719 3595 2790 τρόπῳ
3636 2731 3774 2784 συγ-

2193 2820 2668 2890 κεφαλαιουμένης
2712 2835 2772 2871 τε
2818 2820 2912 2870 καὶ
2956 2815 3371 2887 πληρουμένης,
3407 2813 3480 2882 μὴ
3516 2810 3658 2880 μέγα
3685 2824 3770 2870 τις

2195 2912 2460 2981 φρονείτω
2479 2911 2589 2963 τῶν
2629 2914 2687 2964 ὲν
2709 2912 2840 2980 ήμίν
2875 2909 2962 2961 ἐπ’
2999 2907 3256 2969 ἀσιτίαις,
3292 2905 3386 2956 καὶ
3422 2900 3771 2973 χαμευνίαις,

505 2999 582 3051 uti
619 2997 941 3052 coronidem
992 2997 1288 3067 quamdam
1333 2997 1414 3052 sic
1450 2998 1788 3065 impositam,
1825 3003 1883 3049 ut
1928 3005 1982 3050 et
2024 2997 2088 3051 de

2194 3006 2364 3076 ήγουν
2406 3005 2492 3074 ἐφ’
2523 3005 2732 3074 ἑτέροις
2758 3004 2870 3056 τισὶ⁵
2914 3003 3023 3055 τῶν
3060 3001 3120 3065 ἐξ
3152 3001 3438 3070 ἀσκήσεως
3481 2997 3686 3057 πόνοις,
3721 2995 3772 3045 εἰ

503 3105 571 3143 ea
607 3091 869 3159 praeclare
919 3091 1174 3144 diceret:
1218 3109 1236 3141 ι
1271 3089 1385 3145 Etsi
1441 3089 1780 3144 distribuero
1832 3089 1887 3142 in
1937 3090 2088 3144 cibos

2199 3097 2273 3168 μὴ
2316 3096 2572 3160 διασώζοι
2602 3096 2783 3159 καλῶς
2819 3096 2917 3167 τὴν
2957 3096 3034 3158 είς
3068 3095 3158 3146 τὸν
3199 3092 3426 3160 ἀδελφὸν
3465 3091 3768 3157 ἀγάπησιν.

504 3196 808 3251 pauperum
845 3196 1042 3236 omnes
1090 3182 1382 3236 facultates
1411 3196 1583 3242 meas,
1635 3188 1690 3236 et
1736 3181 1780 3235 si
1813 3181 2088 3236 tradidero

2198 3184 2345 3250 Ἐξω
2375 3186 2482 3256 γὰρ
2509 3184 2602 3238 τοῦ
2629 3186 2953 3257 καμπτῆρος
2979 3185 3078 3254 τῆς
3104 3183 3306 3252 νύσσης
3348 3183 3593 3252 φέρεται,
3629 3177 3776 3231 κατά

503 3286 726 3340 corpus
767 3287 970 3336 meum,
1016 3273 1090 3325 ita
1141 3280 1200 3325 ut
1251 3273 1496 3336 ardeam,
1545 3273 1873 3328 charitatem
1913 3284 2088 3328 autem

2192 3279 2319 3340 τοὺς
2336 3277 2442 3330 τῶν
2457 3278 2688 3347 ἡνιόχων
2704 3276 3135 3347 ἀμαθεστέρους,
3152 3272 3327 3344 ὑπο[π
3337 3272 3578 3343 Ῑλανᾶται
3603 3267 3660 3321 δὲ
3672 3285 3774 3320 κυ-

503 3379 610 3417 non
646 3363 901 3426 habeam,
940 3365 1076 3418 nihil
1115 3365 1248 3418 mihi
1285 3365 1527 3434 prodest.
1581 3364 1639 3418 Si
1682 3366 1883 3436 linguis
1920 3366 2088 3420 homi-

2196 3369 2458 3442 ϐερνήτου
2489 3369 2647 3438 δίκην
2667 3408 2681 3432 ,
2709 3368 2769 3432 ὃς
2794 3368 2906 3439 ἕχει
2946 3368 3044 3437 μὲν
3077 3366 3177 3436 τῆς
3213 3364 3348 3427 νεὼς
3392 3364 3452 3416 τὸ
3489 3359 3772 3430 πηδάλιον,

504 3470 639 3507 num
687 3456 884 3525 loquar
913 3465 968 3510 et
1012 3457 1357 3526 angelorum,
1410 3457 1738 3512 charitatem
1771 3467 1955 3512 autem
1987 3473 2088 3512 non

2195 3463 2287 3515 τόν
2323 3479 2386 3530 γε
2419 3461 2524 3533 μὴν
2556 3461 2890 3532 προτεθέντα
2930 3459 3010 3529 τῷ
3047 3457 3259 3527 διάπλῳ
3298 3454 3501 3508 σκοπὸν
3539 3452 3599 3518 ἐξ
3629 3453 3778 3520 ἀμα-

504 3547 760 3610 habeam,
813 3549 993 3601 factus
1026 3565 1146 3603 sum
1183 3550 1329 3603 velut
1369 3565 1444 3604 res
1473 3564 1701 3612 sonans,
1743 3557 1838 3604 aut
1871 3551 2095 3620 cymba-

505 3639 616 3689 lum
655 3635 896 3692 tinniens
929 3637 993 3691 “.
1038 3657 1055 3688 ι
1095 3637 1320 3708 Species
1361 3641 1546 3710 itaque
1576 3647 1631 3694 et
1669 3641 1852 3711 imago
1883 3641 2091 3696 Christi

505 3728 817 3785 Servatoris
857 3731 910 3784 in
953 3732 1116 3786 nobis
1150 3739 1233 3786 est
1259 3732 1548 3787 charitatis
1580 3733 1854 3802 gloriatio.

2199 3555 2319 3616 θίας
2346 3553 2406 3607 οὐ
2437 3553 2752 3606 διεσώσατο.
2777 3552 2875 3605 Διά
2899 3552 3060 3606 τοῦτο
3085 3554 3180 3604 καὶ
3199 3552 3230 3603 6
3265 3548 3544 3619 θαρσήσας
3573 3545 3773 3602 εἰπεῖν,

2203 3666 2224 3699 ι
2257 3648 2321 3700 Εἰ
2344 3646 2574 3717 δοκιμὴν
2594 3645 2809 3715 ζητεῖτε
2831 3642 2926 3698 τοῦ
2949 3646 3005 3697 ὲν
3023 3643 3146 3713 ἐμοὶ
3167 3640 3450 3700 λαλοῦντος
3466 3631 3702 3708 Χριστοῦ
3717 3649 3733 3695 ;
3747 3654 3766 3678 ο

2199 3737 2341 3806 φημὶ
2366 3734 2424 3787 δὲ
2461 3734 2526 3806 δὴ
2559 3735 2650 3788 τὸν
2682 3733 2965 3786 θεσπέσιον
2998 3731 3236 3797 Παῦλον,
3289 3729 3390 3782 οὐκ
3418 3727 3510 3779 ἐπὶ
3541 3723 3620 3793 τῷ
3647 3719 3775 3776 διώ-

502 3837 620 3872 κειν
681 3822 903 3888 ἁπλῶς,
947 3823 1063 3875 ἀλλ’
1093 3824 1152 3876 ὲν
1193 3823 1272 3893 τῷ
1323 3824 1467 3877 κατὰ
1517 3824 1719 3876 σκοπὸν
1764 3823 1925 3877 τοῦτο
1965 3825 2096 3896 δρᾷν
2147 3825 2489 3896 ἐσεμνύνετο.
2557 3825 2631 3877 Τὸ
2667 3825 2801 3895 γὰρ,
2843 3818 3030 3893 οἶμαι,
3097 3822 3424 3891 σωματικοῖς
3466 3815 3778 3885 έπαυκῆεαι

504 3912 687 3974 πόνοις
709 3953 724 3978 ,
803 3913 911 3965 τῶν
956 3913 1508 3986 κεφαλαιωδεστέρων
1569 3915 1666 3968 καὶ
1707 3916 2151 3989 ἀναγκαιοτέρων
2189 3918 2413 3988 ἀγαθῶν
2449 3917 2806 3982 ἐκπίπτοντα,
2834 3915 2980 3968 τοῦτ’
3013 3914 3129 3968 ἔστι
3159 3913 3218 3966 τὸ
3272 3915 3346 3983 μὴ
3384 3910 3601 3964 διώκειν
3631 3909 3780 3960 κατά

505 4004 726 4057 σκοπόν.
773 3999 892 4056 Οἵδε
933 4005 990 4057 δὲ
1035 4005 1179 4058 οὕτω
1229 4005 1326 4076 τὴν
1371 4007 1622 4076 ἀγάπην,
1672 4007 1924 4079 καθάπερ
1965 4011 2088 4063 τινὶ
2127 4011 2400 4083 κορωνίδα
2475 4011 2680 4072 πάσαις
2725 4007 3032 4062 ἐπικεῖσθαι
3079 4009 3201 4069 ταῖς
3239 4007 3491 4079 ἀρεταῖς,
3540 4005 3618 4067 ὼς
3677 4005 3781 4058 καὶ

502 4095 768 4148 κάλλιστα
814 4095 940 4166 περὶ
975 4097 1142 4169 αὐτῆς
1181 4099 1641 4169 φιλονεικήσαντα
1668 4099 1883 4167 λέγειν·
1921 4117 1941 4151 ι
1977 4100 2096 4155 Κάν
2136 4102 2373 4174 ψωμίσω
2399 4103 2574 4156 πάντα
2604 4101 2672 4154 τὰ
2734 4099 3052 4170 ὑπάρχοντά
3094 4115 3194 4168 μου
3220 4137 3234 4160 ,
3275 4097 3378 4150 κᾶν
3422 4096 3648 4168 παραδῶ
3713 4098 3780 4150 τὸ

504 4187 667 4256 σῶμά
713 4202 842 4252 μου.
897 4185 982 4237 ἵνα
1027 4189 1374 4259 καυθήσομαι
1401 4227 1416 4252 ,
1460 4188 1684 4259 ἀγάπην
1726 4188 1782 4241 δὲ
1840 4187 1914 4259 μὴ
1957 4188 2082 4259 ἔχω,
2163 4194 2319 4248 οὐδὲν
2378 4193 2720 4263 ὠφελοῦμαι.
2781 4192 2908 4244 Ἐὰν
2955 4192 3074 4252 ταῖς
3121 4186 3395 4258 γλώσσαις
3424 4187 3532 4239 τῶν
3561 4188 3779 4259 ἀνθρώ-

503 4299 621 4333 πων
669 4282 814 4334 λαλῶ
859 4281 956 4334 καὶ
1000 4279 1106 4332 τῶν
1159 4282 1437 4350 ἀγγέλων,
1487 4281 1712 4350 ἀγάπην
1753 4280 1808 4332 δὲ
1847 4281 1921 4350 μὴ
1957 4281 2084 4350 ἔχω,
2126 4285 2329 4354 γέγονα
2378 4286 2579 4356 χαλκὸς
2609 4286 2779 4357 ἠχῶν,
2810 4285 2843 4355 ἢ
2870 4283 3151 4354 κύμϐαλον
3211 4280 3499 4344 ἀλαλάζον.
3537 4300 3555 4332 ι
3587 4283 3778 4352 Πρόσ-

500 4393 654 4428 ωπον
694 4373 786 4429 οὖν
825 4379 932 4449 ἀρα
957 4419 972 4441 ,
1023 4377 1118 4428 καὶ
1158 4375 1323 4428 εἰκὼν
1375 4377 1433 4427 ὲν
1478 4377 1608 4444 ἡμῖν
1653 4377 1748 4427 τοῦ
1798 4375 2052 4446 Σωτῆρος
2090 4379 2348 4460 Χριστοῦ,
2389 4384 2486 4452 τῆς
2521 4381 2741 4450 ἀγάπης
2767 4379 2828 4432 τὸ
2853 4377 3133 4447 καύχημαο

575 4465 729 4530 ΧΙΙΙ,
765 4468 854 4522 56.
902 4467 1040 4519 Dicit
1069 4467 1118 4520 ei
1155 4466 1340 4520 Simon
1397 4463 1628 4518 Petrus:
1681 4466 1939 4543 meine,
1990 4483 2088 4534 qua

2268 4473 2438 4542 Λέγει
2471 4470 2634 4536 αὐτῷ
2683 4471 2882 4539 Σίμων
2938 4465 3194 4537 Πέτροςο
3247 4469 3453 4535 Κύριε,
3490 4468 3607 4520 ποῦ
3652 4472 3781 4523 ὐπ-

507 4555 657 4609 vadis
679 4558 704 4610 .9

577 4647 905 4701 Sciscitatur
961 4663 1158 4703 rursus
1221 4647 1416 4703 Petrus
1475 4645 1726 4701 discendi
1778 4647 1989 4709 studio,
2037 4656 2092 4702 et

504 4740 776 4797 sermonis
812 4741 918 4793 vim
947 4749 1002 4796 et
1033 4742 1303 4794 rationem
1330 4738 1550 4794 curiose
1579 4739 1823 4808 indagat,
1849 4739 2090 4794 nondum

506 4831 838 4901 intelligens,
877 4830 1037 4901 755
1066 4839 1125 4884 ut
1159 4831 1405 4893 videtur,
1450 4830 1581 4900 quid
1607 4832 1712 4884 sibi
1749 4832 1914 4886 vellet
1943 4833 2090 4901 quod

502 4926 710 4979 dictum
741 4933 847 4986 est,
871 4923 1411 4978 vehementissimum
1438 4930 1620 4976 tamen
1647 4924 1914 4992 sequendi
1934 4923 2094 4976 (ibri-

503 5017 572 5071 sti
609 5014 948 5071 desiderium
986 5031 1094 5086 prae
1131 5031 1189 5070 se
1237 5013 1448 5070 ferens.
1482 5014 1539 5070 ln
1571 5031 1679 5086 quo
1724 5015 2093 5070 admiratione

505 5110 668 5179 digna
721 5120 806 5164 est
838 5109 979 5162 ratio
1015 5117 1068 5164 et
1111 5108 1249 5162 ordo
1299 5107 1724 5179 discipulorum.
1784 5107 1894 5162 Nec
1944 5108 2091 5161 enim

503 5202 648 5254 ullus
672 5201 874 5256 dixerit
901 5200 1144 5262 Petrum,
1171 5202 1263 5270 qui
1304 5201 1540 5270 primum
1584 5202 1725 5255 inter
1755 5207 1983 5253 caeteros
2012 5199 2093 5252 lo-

501 5306 626 5345 cum
655 5295 894 5356 tenebat,
938 5295 1147 5347 ideirco
1181 5295 1526 5360 interrogare
1568 5293 1713 5361 quod
1747 5292 1962 5347 czeteris
2002 5292 2090 5344 in-

503 5383 882 5451 telligentibus
923 5387 1039 5455 ipse
1075 5387 1259 5440 forsan
1311 5387 1611 5456 ignoraret,
1647 5386 1742 5440 sed
1777 5389 1823 5441 ei
1854 5395 1910 5439 ut
1947 5401 2087 5456 prte-

502 5476 662 5544 cipuo
710 5489 772 5527 ac
827 5478 1157 5543 praecellenti
1215 5478 1422 5546 primas
1484 5476 1742 5545 loquendi
1800 5492 1864 5531 ac
1914 5477 2085 5531 libere

503 5566 881 5636 interrogandi
935 5575 1119 5636 partes
1163 5567 1494 5624 concedunt.
1545 5567 1600 5622 In
1653 5583 1840 5622 aurem
1881 5569 2085 5638 quippe

582 5749 675 5803 "l
723 5750 848 5805 Cor.
885 5764 1000 5814 ιιιιι,
1031 5749 1086 5802 5.
1166 5749 1208 5778 ³³
1259 5748 1273 5799 |
1321 5746 1448 5802 Cor.
1503 5763 1612 5811 xw,
1654 5748 1669 5800 l
1707 5762 1860 5817 seqq.

2192 4578 2393 4631 arem;

2265 4653 2616 4705 Φιλοπευστεῖ
2649 4651 2713 4722 δὴ
2755 4651 2915 4705 πάλιν
2965 4651 3028 4703 ἐκ
3073 4649 3429 4720 φιλομαθείας
3471 4650 3498 4701 ὁ
3541 4649 3778 4718 Πέτρος,

2194 4743 2288 4795 καὶ
2345 4742 2769 4812 περιεργάζεται
2821 4740 2915 4794 τοῦ
2955 4741 3116 4810 λόγου
3165 4743 3260 4811 τὴν
3294 4741 3550 4810 δύναμιν,
3591 4742 3780 4801 συνεὶς

2199 4833 2297 4903 μὲν
2337 4832 2491 4886 οῦπω
2516 4875 2528 4898 ,
2586 4832 2728 4886 κατὰ
2776 4833 2836 4886 τὸ
2879 4833 3058 4896 είκδς,
3099 4833 3174 4896 ὡς
3217 4833 3326 4903 ἔχει
3357 4833 3417 4885 τὸ
3457 4831 3775 4902 εἰρημένον.

2198 4923 2540 4994 θερμοτάτην
2573 4941 2636 4991 γε
2667 4925 2773 4994 μὴν
2812 4927 2892 4986 εἰς
2923 4926 2984 4977 τὸ
3021 4924 3130 4977 δεῖν
3161 4925 3387 4977 ἕπεσθαι
3431 4925 3509 4994 τῷ
3546 4923 3776 4993 Χριστῷ

2191 5016 2290 5086 τὴν
2336 5015 2640 5085 προθυμίαν
2685 5016 2976 5086 εἰσφέρων.
3024 5017 3133 5070 Καὶ
3179 5017 3506 5084 ἀξιάγαστος
3560 5015 3661 5086 μὲν
3714 5017 3780 5068 ὲν

2189 5105 2364 5175 τούτῳ
2394 5107 2502 5158 τῶν
2570 5105 2825 5175 μαθητῶν
2856 5110 2888 5178 ἡ
2921 5108 3095 5172 τάξις.
3141 5109 3214 5161 Οὐ
3264 5107 3371 5179 γὰρ
3415 5108 3587 5175 δήπου
3634 5110 3774 5179 φαίη

2187 5213 2271 5258 τις
2299 5197 2384 5257 ἂν,
2403 5197 2612 5250 ὅτιτῶν
2639 5197 2840 5268 ἑτέρων
2875 5201 3161 5263 συνέντων,
3189 5200 3348 5268 τυχὸν
3383 5200 3541 5270 μόνος
3571 5199 3778 5269 ἠγνόη-

2192 5304 2284 5339 σεν
2309 5292 2336 5341 6
2363 5291 2821 5359 προτεταγμένος,
2868 5291 2958 5344 διά
2992 5309 3049 5343 τε
3087 5291 3243 5344 τοῦτο
3267 5291 3530 5361 διερωτᾷν
3554 5307 3568 5321 °
3602 5307 3780 5359 παρα-

2193 5380 2430 5449 χωροῦσι
2471 5380 2526 5433 δὲ
2579 5381 2778 5450 μᾶλλον
2824 5382 2898 5446 ὡς
2941 5382 3234 5453 προῦχοντι
3289 5383 3348 5434 τὸ
3397 5381 3778 5451 κατάρχεσθαι

2189 5474 2370 5540 λόγου,
2426 5474 2522 5527 καὶ
2565 5474 2878 5546 παρρησίας
2923 5475 3018 5544 τῆς
3068 5476 3126 5526 ὲν
3167 5473 3245 5544 τῷ
3288 5470 3775 5527 διαπυνθάνεσθαι.

2192 5565 2353 5635 φημί.
2391 5566 2463 5618 T6
2491 5565 2599 5636 γὰρ
2629 5569 2708 5629 είς
2729 5566 3046 5620 διδασκάλου
3078 5565 3259 5618 λαλεῖν
3285 5566 3473 5628 ἀκοάς,
3512 5563 3633 5617 οὐδὲ
3659 5565 3780 5628 τοῖς

1971 5747 2011 5777 ³⁸
2047 5745 2061 5799 Ι
2101 5745 2226 5801 Cor.
2292 5762 2406 5811 \m,
2449 5745 2559 5800 1-6.
