4042 6204
264 302 365 356 ib")

1313 306 1378 360 IN
1417 305 1706 362 JOANNIS
1739 304 2184 362 EVANGELlUM
2216 307 2343 362 LEB.
2377 307 2467 363 IX.

3426 313 3524 369 ΠΩ

262 415 404 472 εἷναί
453 437 508 472 τι
540 420 820 488 δοκούσιν,
873 423 1173 479 ἀκίνδυνον.
1217 426 1540 496 Θαυμαστὸς
1591 427 1646 479 δέ
1697 425 1849 479 οὐδὲν

1966 427 2207 496 magistri
2243 427 2415 496 loqui,
2451 442 2520 480 ne
2555 427 2620 480 iis
2653 425 2873 496 quidem
2925 426 3018 494 qui
3065 442 3124 481 se
3167 426 3382 497 aliquos
3431 445 3531 499 pu-

261 507 426 584 ἦττον
451 513 480 564 ὁ
509 514 734 585 Πέτρος,
769 516 868 569 ούκ
898 517 1037 570 αἰδοῖ
1069 518 1162 572 τοῦ
1196 518 1271 589 μὴ
1296 520 1472 572 δοκεῖν
1499 514 1638 572 εἶναι
1673 518 1848 589 νωθὴς

263 605 365 677 τὴν
395 605 602 675 εἴδησιν
634 605 744 658 τῶν
774 607 1150 676 ἀγνοηθέντων
1195 608 1547 681 ζητούμενος,
1577 609 1693 662 ἀλλ’
1722 609 1844 675 ὀξὺς

265 699 359 750 ἐπὶ
385 697 447 749 τὸ
478 699 677 766 χρῆναι
714 697 1006 766 σοφοῦσθαι
1034 699 1261 770 τρέχων,
1288 703 1382 754 καὶ
1403 703 1664 774 αἰσχύνης
1691 703 1848 756 ἀκαί-

270 804 366 859 ρου
403 788 688 858 κρείττονα
725 789 823 859 τὴν
857 792 922 842 ἐκ
948 793 1046 861 τῆς
1085 792 1444 863 φιλομαθείας
1471 794 1656 863 ὄνησιν
1695 811 1850 865 ποιη-

271 884 538 949 σάμενος,
593 880 681 934 ἵνα
722 881 894 946 τύπος
939 886 1052 946 τοῖς
1104 885 1224 955 μεθ’
1267 885 1460 938 ἐαυτὸν
1521 887 1623 940 κάν
1677 884 1850 955 τούτῳ

268 975 510 1044 γένηται.
544 977 664 1026 Δεῖν
708 977 818 1047 γὰρ
850 972 1007 1046 οἶμαι
1066 976 1140 1048 μὴ
1175 978 1542 1048 παρατρέχειν
1591 980 1684 1048 ἐᾷν
1722 979 1850 1042 τοὺς

266 1067 378 1119 τῶν
409 1066 772 1119 διδασκόντων
806 1065 1027 1135 λόγους,
1081 1069 1240 1137 είπερ
1287 1069 1352 1122 ἂν
1401 1066 1511 1122 εἷεν
1552 1071 1613 1122 ού
1642 1070 1849 1141 σφόδρα

267 1159 496 1224 σαφεῖς,
548 1156 634 1208 ἵνα
667 1156 812 1218 τινὲς
842 1153 983 1208 εἶναι
1028 1156 1308 1226 δοκῶμεν,
1357 1158 1570 1227 ἀγχίνοι
1613 1177 1672 1212 τε
1705 1159 1846 1225 λίαν,

266 1247 360 1300 καὶ
390 1247 606 1317 δριμεῖς
642 1249 721 1305 εἰς
752 1246 968 1300 σύνεσιν
995 1265 1007 1277 ·
1046 1247 1504 1303 διαπυνθάνεσθαι
1531 1250 1587 1303 δὲ
1626 1252 1848 1320 μᾶλλον,

266 1340 362 1390 καὶ
391 1337 786 1390 ἀνασκαλεύειν
832 1338 1217 1408 ἐπιστημόνως
1259 1340 1321 1392 τὸ
1369 1340 1428 1391 ἐν
1485 1342 1627 1412 ἀρχῇ
1677 1360 1852 1412 παρα-

267 1429 458 1500 δεχθέν
501 1430 584 1494 είς
635 1429 842 1499 ὄνησιν.
891 1429 1034 1482 Πολὺ
1067 1429 1175 1500 γὰρ
1219 1430 1458 1500 ἀμείνων
1495 1433 1528 1502 ἡ
1566 1433 1660 1484 τοῦ
1712 1449 1851 1502 συμ-

270 1524 530 1594 φέροντος
559 1523 761 1591 γνῶσις
797 1521 1186 1590 δοκησισοφίας
1212 1523 1394 1592 κενῆς,
1431 1525 1524 1578 καὶ
1553 1524 1648 1578 τοῦ
1679 1524 1852 1577 δοκεῖν

268 1616 658 1682 ἐξεπίστασθαί
681 1634 754 1681 τι,
781 1617 1026 1686 κρεῖττον
1059 1613 1124 1666 ἂν
1153 1613 1238 1684 εἴη
1268 1614 1362 1667 τοῦ
1403 1621 1515 1686 [γρ.
1543 1615 1625 1687 τὸ]
1660 1616 1851 1687 μαθεῖν

269 1710 500 1780 ἀληθῶς.

1955 528 2069 571 tant
2113 527 2292 572 tutum
2330 519 2402 574 sit
2433 534 2496 572 ac
2527 532 2810 574 securum.
2844 516 3028 570 Nihilo
3061 532 3191 572 vero
3226 519 3408 574 minus
3437 522 3530 574 ad-

1949 608 2216 664 mirabilis
2247 617 2333 664 est
2366 608 2582 669 Petrus,
2622 610 2717 677 qui
2766 608 2904 662 nihil
2947 608 3162 662 veritus
3208 608 3529 677 opinionem

1952 702 2271 769 tarditatis,
2329 718 2451 772 qua:
2493 702 2788 774 ignorabat
2853 701 3048 772 qua-rit
3118 699 3379 767 edoceri,
3433 703 3530 757 sed

1951 810 2168 851 summo
2202 795 2388 850 studio
2422 811 2481 850 se
2514 810 2580 850 eo
2612 793 2851 858 confert,
2896 793 3283 862 intempestivo
3331 792 3528 863 pudori

1951 888 2247 943 utilitatem
2283 887 2617 943 eruditionis
2653 886 2975 958 praeferens,
3013 893 3072 940 ut
3119 887 3172 939 in
3216 884 3321 940 hoc
3362 886 3530 940 etiam

1951 981 2072 1037 suis
2118 981 2356 1051 posteris
2407 980 2660 1050 exemplo
2713 994 2778 1034 ac
2827 979 3159 1034 documento
3209 987 3378 1032 esset.
3419 975 3532 1033 Nec

1950 1073 2096 1127 enim
2162 1071 2406 1126 arbitror
2466 1071 2844 1141 praetereunda
2884 1069 3051 1124 verba
3111 1068 3432 1124 docentium
3483 1067 3533 1122 si

1951 1165 2116 1233 paulo
2155 1163 2266 1218 sint
2309 1163 2654 1228 obscuriora,
2691 1170 2751 1214 ut
2785 1160 3071 1215 videamur
3100 1174 3224 1214 esse
3255 1156 3446 1228 aliqui,
3480 1164 3534 1211 et

1953 1256 2135 1324 sagaci
2175 1263 2340 1325 atque
2374 1262 2536 1308 acuto
2575 1252 2846 1322 imprimis
2897 1251 3118 1320 ingenio
3146 1248 3361 1319 praaditi
3387 1287 3403 1312 ,
3437 1248 3532 1304 sed

1954 1347 2352 1402 sciscitandum
2390 1349 2594 1416 potius,
2641 1357 2695 1401 et
2722 1347 2884 1402 docte
2921 1345 3240 1416 agitandum
3290 1343 3436 1414 quod
3467 1341 3535 1396 ad

1955 1439 2246 1492 utilitatem
2284 1438 2444 1491 initio
2471 1438 2818 1505 propositum
2854 1437 2948 1492 sit.
2981 1436 3150 1490 Multo
3179 1435 3325 1490 enim
3357 1435 3538 1505 potior

1953 1537 2035 1584 est
2069 1529 2144 1582 rei
2173 1529 2326 1582 utilis
2362 1527 2604 1597 cognitio
2631 1544 2794 1597 quam
2826 1543 2966 1581 vana
2996 1527 3283 1596 sapientiae
3312 1539 3538 1594 persua-

1955 1623 2062 1684 sio,
2119 1628 2175 1674 et
2213 1636 2342 1675 vere
2393 1619 2603 1690 aliquid
2660 1619 2928 1675 didicisse
2980 1621 3178 1675 melius
3234 1633 3318 1674 est
3371 1633 3536 1690 quam

1959 1713 2102 1768 scire
2134 1711 2336 1766 videri.

354 1801 662 1870 Ἀπεκρίθη
683 1801 844 1866 αὐτῷ
883 1806 915 1856 ὁ
949 1803 1191 1872 Ἰησοῦς
1216 1819 1228 1833 °
1263 1802 1444 1857 Ὅπου
1482 1802 1595 1870 ἐγὼ
1619 1802 1848 1870 ὑπάγω,

2031 1803 2182 1866 .\'ll|,
2220 1803 2312 1858 56.
2357 1801 2648 1872 Respondit
2685 1801 2845 1857 Jesus
2873 1817 2891 1854 :
2936 1802 3052 1867 Quo
3091 1819 3182 1872 ego
3233 1802 3390 1867 vado,
3434 1819 3539 1856 non

267 1895 338 1945 οὐ
357 1892 622 1947 δύνασαι
641 1910 745 1962 μοι
770 1892 887 1948 νῦν
909 1892 1288 1958 ἀκολουθεῖν,
1320 1891 1762 1958 ἀκολουθήσεις
1785 1889 1854 1942 δὲ

267 1986 550 2052 ὕστερον.

341 2077 511 2140 Εἰδὼς
541 2078 624 2131 ὅτι
652 2076 876 2151 βαρεῖάν
905 2096 963 2132 τε
995 2079 1088 2132 καὶ
1112 2077 1353 2147 δυσαχθῆ
1382 2079 1494 2141 τοῖς
1528 2076 1720 2130 ἑαυτοῦ
1752 2094 1857 2148 μα-

270 2171 460 2241 θηταῖς
484 2169 700 2240 ἐνθήσει
722 2171 823 2241 τὴν
849 2170 1046 2242 λύπην,
1082 2170 1386 2240 ἀναφανδὸν
1416 2170 1587 2224 εἰπὼν
1620 2171 1694 2234 ὡς
1725 2172 1856 2223 ἀνα-

271 2263 496 2333 ϐήσεται
552 2264 654 2333 μὲν
688 2265 768 2325 εἰς
807 2265 1073 2336 οὐρανοὺς
1098 2303 1112 2327 ,
1158 2264 1400 2335 ἐρήμους
1429 2264 1486 2316 δὲ
1515 2262 1617 2332 τῆς
1659 2262 1854 2316 ἐαυτοῦ

272 2355 576 2424 παρουσίας
606 2355 758 2409 ἐάσει
785 2357 926 2408 κατὰ
952 2355 1049 2428 τὴν
1077 2356 1203 2426 γῆν,
1225 2357 1272 2409 εί
1302 2357 1394 2409 καὶ
1417 2354 1670 2409 συνέσται
1695 2355 1856 2409 πάλιν

270 2446 348 2509 ὡς
383 2447 538 2511 Θεὸς,
575 2447 976 2517 εύπεριστόλως
993 2449 1131 2519 πρὸς
1161 2449 1223 2502 τὸ
1253 2447 1426 2518 παρὸν
1450 2447 1760 2518 ἀποχρῆται
1781 2445 1858 2515 τῷ

270 2538 448 2606 λόγῳ,
480 2538 815 2592 διακλέπτων
843 2539 940 2608 ηρέ
951 2557 1026 2610 μα
1048 2539 1142 2592 τοῦ
1171 2539 1263 2593 νοῦ
1291 2539 1390 2610 τὴν
1414 2539 1720 2610 ἀκρίϐειαν.
1747 2536 1861 2591 Καὶ

272 2629 417 2697 γοῦν
448 2630 545 2682 οὐκ
569 2629 766 2693 εἰδότας
793 2630 958 2700 ὁρῶν,
981 2633 1037 2682 ἐν
1070 2630 1218 2700 αὑτῷ
1249 2631 1430 2702 μένειν
1457 2633 1540 2702 ἐᾷ.
1561 2631 1642 2684 Τά
1667 2629 1860 2703 γάρτοι

270 2721 472 2774 λυπεῖν
511 2722 764 2787 εἰωθότα,
823 2723 1144 2794 βαρυτέροις
1187 2723 1299 2776 ἔσθ’
1334 2725 1422 2777 ὅτε
1469 2721 1861 2788 κατασκιάζειν

272 2813 459 2881 λόγοις
504 2813 604 2866 οὐκ
655 2814 986 2886 ἀμελέτητον
1027 2817 1139 2879 τοῖς
1173 2817 1374 2885 σοφοῖς.
1422 2816 1486 2868 Εί
1515 2816 1623 2886 γὰρ
1657 2815 1753 2870 καὶ
1781 2815 1862 2868 ὅτι

279 2907 518 2977 μάλιστα
540 2907 637 2977 τῆς
660 2907 757 2960 ἀνθ
768 2907 1084 2978 ρωπότητος
1106 2909 1363 2980 ἀπαρχὴν
1388 2909 1578 2962 ἑαυτὸν
1597 2908 1862 2978 ἀνακομί-

281 3001 387 3064 ζων
415 3000 493 3072 τῷ
517 3000 637 3071 Θεῷ
655 3003 749 3055 καὶ
778 3001 976 3074 Πατρὶ,
995 3000 1094 3072 τὴν
1117 3002 1196 3064 εἰς
1221 3001 1283 3054 τὸ
1305 3001 1438 3065 ἄνω,
1471 3000 1568 3055 καὶ
1595 3002 1676 3064 εἰς
1699 2999 1864 3071 ούρα-

283 3094 406 3156 νους
438 3094 748 3164 ἀποδημίαν
783 3093 1096 3158 ἐστέλλετο,
1148 3092 1242 3146 καὶ
1286 3092 1428 3164 ὑπὲρ
1464 3093 1562 3163 τῆς
1609 3091 1864 3145 ἁπάντων

282 3185 617 3249 λυσιτελείας
671 3186 732 3238 τὸ
765 3184 1042 3258 δρώμενον
1091 3179 1159 3257 ἦν
1193 3185 1519 3254 (ἐνεκαίνισε
1575 3183 1684 3254 γὰρ
1731 3185 1862 3254 ἡμῖν
1892 3213 1937 3274 c

279 3279 419 3343 ὁδὸν,
454 3279 523 3350 ἣν
551 3280 652 3332 ούκ
672 3279 788 3350 ᾔδει
821 3279 1087 3351 πρότερον
1120 3281 1152 3350 ἡ
1182 3277 1473 3349 ἀνθρώπου
1506 3276 1710 3348 φύσις),
1730 3276 1866 3331 ἀλλά

282 3388 344 3437 γε
377 3374 492 3436 τοῖς
524 3372 702 3440 ἁγίοις
740 3372 1011 3442 μαθηταῖς
1055 3372 1144 3425 ἀεὶ
1178 3373 1417 3424 συνεῖναι
1451 3370 1864 3435 σπουδάζουσιν,

277 3465 341 3517 ὠ
372 3465 606 3536 φορητὸν
629 3461 771 3518 εἶναι
799 3465 1103 3533 διεφαίνετο
1145 3464 1207 3518 τὸ
1243 3464 1572 3534 χωρίζεσθαι
1601 3463 1864 3534 Χριστοῦ,

285 3559 463 3612 καίτοι
501 3559 754 3621 συνόντος
791 3558 978 3621 αὐτοῖς
1005 3557 1094 3610 διὰ
1117 3557 1316 3621 παντὸς
1337 3559 1403 3627 τῇ
1433 3555 1526 3609 τοῦ
1551 3554 1870 3625 Πνεύματος

279 3653 509 3724 δυνάμει
532 3669 590 3704 τε
616 3654 708 3705 καὶ
733 3652 1045 3724 συνεργεία.
1092 3649 1416 3721 Ἀγνοοῦντα
1435 3649 1613 3703 τοίνυν
1641 3648 1734 3702 τὸν
1762 3665 1869 3719 μα-

285 3746 477 3814 κάριον
521 3744 726 3815 Πέτρον
779 3744 889 3797 τῶν
929 3745 1237 3815 εἰρημένων
1269 3744 1370 3814 τὴν
1422 3741 1677 3812 δύναμιν,
1731 3740 1868 3811 ὁμοῦ

281 3840 395 3899 τοῖς
419 3836 598 3900 ἄλλοις
635 3835 935 3908 μαθηταῖς,
983 3838 1039 3889 ἐν
1086 3835 1266 3906 ταυτῷ
1300 3835 1482 3906 μένειν
1515 3837 1600 3906 ἐᾷ,
1651 3836 1746 3889 καὶ
1773 3836 1872 3888 οὐκ

283 3930 446 3992 εὐθὺς
490 3930 746 4000 ἐφίστησι
785 3933 854 4000 τῇ
899 3929 1007 3982 τῶν
1033 3927 1340 3999 εἰρημένων
1375 3927 1650 3998 ἀκριϐείᾳ,
1677 3926 1871 3997 χρησί-

1955 1906 2099 1965 potes
2128 1911 2206 1950 me
2237 1895 2390 1948 modo
2421 1895 2566 1964 sequi
2587 1935 2601 1958 ,
2635 1895 2868 1965 sequeris
2910 1905 3084 1948 autem
3123 1903 3321 1962 postea.

2028 2076 2164 2132 Cum
2195 2076 2366 2131 sciret
2394 2075 2544 2146 gravi
2574 2082 2626 2130 et
2649 2074 2984 2130 intolerabili
3015 2089 3252 2130 mazrore
3285 2074 3538 2130 affectum

1959 2173 2024 2227 iri
2049 2187 2181 2227 suos
2201 2171 2532 2242 discipulos,
2565 2171 2612 2225 si
2635 2179 2822 2240 aperte
2846 2169 3054 2226 diceret
3084 2186 3144 2226 se
3176 2186 3537 2226 ascensurum

1970 2264 2024 2316 in
2059 2263 2238 2318 cmlos
2281 2271 2338 2317 et
2374 2277 2474 2317 sua
2523 2263 2817 2331 prazsentia
2855 2276 2952 2316 eos
2986 2261 3355 2330 privaturum,
3410 2262 3541 2318 licet

1962 2373 2156 2412 rursus
2192 2365 2250 2410 ut
2274 2355 2420 2412 Deus
2443 2355 2738 2411 adfuturus
2768 2365 2936 2419 esset,
2972 2356 3286 2411 obscuriori
3324 2357 3540 2425 imprae-

1963 2450 2265 2505 sentiarum
2301 2449 2478 2503 utitur
2527 2464 2805 2510 sermone,
2859 2459 3111 2503 exactam
3165 2448 3288 2518 ejus
3335 2449 3542 2502 intelli-

1961 2544 2199 2616 gentiam
2233 2542 2440 2598 sensim
2476 2542 2809 2611 subripiens.
2839 2540 2903 2594 Et
2931 2541 3152 2610 quidem
3178 2541 3541 2597 nesciosillos

1962 2638 2176 2702 videns,
2208 2635 2262 2690 in
2293 2633 2484 2690 eodem
2532 2641 2680 2689 statu
2732 2633 2857 2687 illos
2909 2632 3190 2701 relinquit.
3248 2631 3542 2701 Sapientes

1962 2731 2166 2800 quippe
2200 2725 2548 2798 gravioribus
2599 2723 2874 2779 interdum
2921 2723 3110 2776 verbis
3144 2722 3452 2777 obscurant
3477 2737 3543 2777 ea

1970 2839 2090 2894 quae
2133 2834 2424 2876 mmrorem
2457 2817 2656 2872 afferre
2703 2817 2904 2870 solent.
2944 2813 3057 2870 Etsi
3094 2814 3238 2868 enim
3275 2814 3543 2886 primitias

1967 2913 2328 2972 humanitatis
2355 2911 2596 2981 scipsum
2633 2908 2745 2962 Deo
2769 2923 2834 2962 ac
2868 2905 3015 2961 Patri
3043 2905 3297 2968 offerens,
3341 2906 3393 2958 in
3426 2920 3543 2960 ca:-

1967 3013 2049 3066 los
2083 3006 2352 3070 ascendit,
2416 3005 2582 3074 idque
2639 3017 2740 3072 pro
2790 3001 3040 3055 omnium
3089 2999 3332 3054 utilitate
3382 2997 3547 3052 ﬁebat

1971 3101 2137 3172 (viam
2170 3098 2332 3153 nobis
2363 3095 2710 3160 instauravit,
2748 3101 2964 3148 natura:
3009 3090 3250 3146 hominis
3279 3090 3432 3159 prius
3469 3088 3550 3142 in-

1970 3188 2293 3262 cognitam),
2325 3196 2702 3242 verumtamen
2730 3181 2946 3237 sanctis
2975 3179 3268 3250 discipulis
3299 3177 3393 3248 qui
3422 3192 3550 3246 per-

1969 3292 2135 3353 petuo
2163 3296 2288 3335 cum
2322 3295 2386 3332 eo
2419 3275 2631 3331 versari
2677 3273 2950 3337 volebant,
2999 3270 3354 3326 intolerabile
3391 3269 3546 3324 vide-

1967 3377 2131 3433 batur
2159 3389 2190 3427 a
2225 3370 2453 3426 Christo
2485 3365 2724 3435 sejungi,
2769 3365 2896 3419 licet
2929 3362 3014 3417 eis
3062 3359 3305 3432 Spiritus
3345 3360 3550 3415 virtute

1966 3478 2021 3525 et
2055 3464 2296 3523 efficacia
2329 3475 2544 3531 semper
2577 3459 2818 3513 adesset.
2853 3455 3081 3509 Beatum
3113 3453 3296 3522 itaque
3325 3450 3546 3506 Petrum

1969 3561 2080 3615 vim
2121 3567 2174 3614 et
2197 3569 2418 3612 sensum
2447 3566 2640 3608 eorum
2666 3563 2789 3620 quae
2830 3532 3156 3603 dicebantur
3190 3558 3302 3599 non
3339 3543 3547 3598 intelli-

1970 3660 2183 3724 gentem
2215 3662 2324 3703 una
2365 3660 2489 3700 cum
2534 3643 2660 3697 aliis
2705 3637 3005 3710 discipulis
3056 3636 3111 3690 in
3157 3633 3350 3689 eodem
3398 3639 3549 3687 statu

1971 3743 2256 3814 relinquit,
2292 3753 2396 3794 nec
2444 3736 2630 3792 statim
2673 3741 2845 3788 totam
2899 3744 3014 3784 rem
3048 3729 3097 3782 ei
3144 3726 3307 3796 756
3349 3725 3547 3794 aperit,

1971 3837 2180 3893 utiliter
2210 3833 2264 3888 id
2298 3830 2546 3901 quidem,
2570 3827 2747 3882 donec
2779 3835 3088 3879 sermonem
3131 3819 3212 3873 eis
3259 3831 3368 3887 quo
3401 3816 3552 3871 refo-

1969 3922 2148 3978 cillari
2179 3923 2398 3991 possint
2434 3913 2725 3986 peregerit.
2769 3910 2925 3977 Quod
2961 3907 3182 3978 quidem
3231 3905 3285 3960 in
3317 3920 3553 3975 sequen-

290 4033 430 4085 μως,
467 3995 631 4086 ἄχρις
677 3995 753 4069 τᾶν
805 3995 987 4079 αύτοῖς
1037 3995 1521 4070 τδνμάνακτᾶσθαι
1576 3995 1863 4086 δυνάμενοι

1972 4012 2121 4065 tibus
2148 4009 2329 4063 facere
2360 4007 2539 4074 ipsum
2573 4001 2900 4057 videbimus.
2929 3999 3021 4052 Ait
3052 3997 3259 4068 quippe
3290 3996 3356 4050 ad
3385 3995 3547 4051 illos:

287 4103 610 4175 διαπερανεῖ
636 4105 812 4174 λόγον.
845 4104 1014 4160 Τοῦτο
1050 4109 1145 4160 καὶ
1169 4107 1226 4158 ἐν
1254 4110 1366 4170 τοῖς
1396 4107 1594 4176 ἐφεξῆς
1620 4106 1863 4160 ποιοῦντα

1976 4122 1995 4154 ι
2033 4101 2261 4171 Expedit
2291 4098 2452 4153 vobis
2480 4103 2541 4150 ut
2571 4109 2672 4165 ego
2701 4094 2922 4147 varlam.
2969 4089 3026 4144 Si
3059 4091 3206 4144 enim
3253 4103 3362 4142 non
3397 4087 3550 4142 abie-

290 4196 668 4268 θεωρήσομεν.
687 4198 848 4266 Λέγει
868 4199 978 4269 γὰρ
997 4199 1132 4269 πρὸς
1154 4199 1369 4262 αύτούς·
1391 4219 1409 4250 ι
1435 4198 1863 4270 Συμιρέρειὺμῖν,

1973 4211 2057 4261 ro,
2096 4193 2414 4248 Paracletus
2454 4203 2563 4243 non
2601 4186 2782 4241 veniet
2837 4183 2904 4237 ad
2950 4197 3047 4236 vos
3092 4181 3159 4235 ³⁸.
3213 4198 3232 4230 ι
3279 4179 3552 4234 Praevenit

291 4288 379 4342 ἶνα
410 4289 523 4357 ἐγὼ
557 4288 801 4343 ἀπέλθω.
847 4290 975 4343 Ἐἀν
1014 4291 1120 4362 γὰρ
1159 4290 1270 4358 ἐγὼ
1321 4290 1394 4361 μὴ
1427 4290 1672 4352 ἀπέλθω,
1703 4291 1731 4342 ὁ
1764 4292 1863 4342 Πα·

1973 4297 2177 4349 tamen,
2209 4294 2267 4338 ut
2303 4283 2471 4345 Deus,
2525 4277 2858 4347 discipulum
2910 4272 3244 4328 denuntiare
3273 4270 3550 4324 volentem

295 4379 565 4450 ράκλητος
587 4381 651 4433 ού
695 4381 770 4450 μὴ
806 4379 935 4454 non
979 4359 1117 4452 πρὸς
1162 4359 1595 4450 ὑμεςζιοθάνει
1641 4395 1703 4446 γε
1746 4377 1863 4449 μὴν,

1975 4395 2033 4434 se
2055 4379 2287 4448 impigre
2309 4381 2660 4434 secuturum,
2695 4377 2748 4422 et
2781 4366 2930 4420 illico
2961 4361 3308 4427 adfuturum,
3334 4359 3552 4414 nemine

295 4473 368 4535 ὡς
397 4473 533 4535 Θεὸς
557 4511 574 4536 ,
619 4472 1051 4541 ἐπαγγείλασθαι
1101 4470 1322 4524 θέλοντα
1362 4470 1453 4524 τὸν
1499 4469 1766 4540 μαθητὴν,
1791 4470 1863 4522 ὅτι

1975 4469 2308 4532 retardante,
2355 4474 2412 4521 et
2447 4467 2523 4518 ait
2550 4482 2564 4518 :
2605 4483 2622 4514 ι
2655 4461 2776 4528 Quo
2813 4473 2914 4529 ego
2947 4455 3109 4520 vado,
3142 4468 3252 4508 non
3285 4460 3436 4521 potes
3464 4465 3553 4541 me

297 4566 387 4616 καὶ
409 4564 767 4634 ἀκολουθήσει
821 4564 1139 4635 προθύμως,
1181 4564 1276 4617 καὶ
1323 4563 1577 4616 συνέσται
1620 4562 1863 4634 γοργῶς,

1981 4561 2141 4616 modo
2179 4559 2357 4630 sequi,
2392 4554 2644 4626 sequeris
2677 4558 2859 4605 autem
2896 4553 3110 4619 postea.
3155 4563 3173 4596 ›
3223 4541 3356 4608 Quae
3384 4539 3552 4642 verba

299 4655 504 4718 οὐδενὸς
547 4655 700 4726 αύτῴ
748 4655 846 4725 τὴν
899 4655 1203 4727 προθυμίαν
1257 4654 1744 4726 ἀνασειράζοντος,
1782 4653 1875 4708 καί

300 4763 458 4818 φησιν
477 4766 490 4779 ·
534 4767 552 4800 ι
586 4750 764 4802 Ὅπου
801 4748 994 4817 ύπάγω
1017 4748 1144 4816 ἐγὼ,
1174 4749 1234 4800 ού
1259 4747 1482 4802 δύνασαί
1515 4766 1606 4818 μοι
1627 4747 1723 4801 νῦν
1743 4748 1874 4800 ἀκο-

297 4842 573 4914 λουθῆσαι,
607 4843 993 4912 ἀκολουθήσεις
1039 4844 1094 4897 δέ
1142 4842 1384 4909 ὓστερον.
1426 4861 1443 4894 ι
1481 4843 1592 4895 Καὶ
1628 4841 1812 4912 διττὴν
1849 4843 1876 4894 ό

297 4934 452 5001 λόγος
494 4934 806 5005 ὣίνειτὴν
841 4934 1077 4988 ἔννοιαν·
1124 4927 1200 4986 ὧν
1253 4935 1286 5002 ἡ
1321 4933 1419 5002 μὲν
1450 4933 1546 5001 μία
1592 4950 1876 5002 προχειροο

296 5026 432 5096 τάτη
461 5027 554 5078 καὶ
581 5027 704 5078 λίαν
734 5025 1008 5095 εύτριὸὴς,
1048 5023 1393 5094 ἀφανεστέρα
1422 5023 1478 5076 δέ
1513 5043 1625 5086 πως
1650 5026 1682 5092 ἡ
1713 5023 1875 5092 ἐτέρα

298 5116 394 5167 καὶ
425 5115 481 5166 ἐν
511 5116 822 5185 αἰνίγμασι.
847 5116 1047 5168 Φάσκει
1077 5115 1175 5182 μὲν
1195 5113 1324 5181 γὰρ,
1342 5111 1416 5174 ὡς
1437 5112 1535 5163 οὐκ
1559 5111 1623 5164 ἂν
1659 5110 1876 5164 δύναιτο

296 5208 393 5258 νῦν
427 5207 742 5267 ἀκολουθεῖν
777 5207 915 5278 πρὸς
950 5207 1012 5259 τὸ
1064 5206 1176 5260 ἀνω
1211 5205 1498 5275 βαδίζοντι,
1536 5203 1629 5256 καὶ
1685 5203 1876 5255 παλιν-

297 5297 592 5369 δρομοῦντι
620 5298 756 5370 πρὸς
785 5297 1014 5368 οὐρανόν
1039 5314 1050 5326 ·
1089 5295 1446 5366 ἀκολουθήσει
1481 5311 1544 5362 γε
1577 5295 1682 5365 μὴν
1740 5295 1879 5365 μετά

296 5392 497 5456 ταῦτα,
529 5391 1044 5460 ἀποκαθισταμένης
1077 5389 1318 5458 δηλονότι
1359 5391 1469 5449 τοῖς
1515 5389 1690 5456 ἁγίοις
1726 5389 1878 5458 παρά

297 5483 547 5555 Χριστοῦ
579 5484 681 5553 τῆς
730 5487 787 5536 ἐν
820 5483 999 5536 ἐλπίσι
1049 5482 1214 5551 τιμῆς
1242 5499 1302 5533 τε
1334 5482 1427 5534 καὶ
1454 5481 1634 5551 δόξης,
1685 5483 1773 5535 ὅτε
1803 5484 1880 5544 εἰς

296 5574 399 5644 τὴν
453 5575 566 5629 ἀνω
611 5575 932 5646 γενήσονται
991 5572 1166 5636 πόλιν,
1219 5571 1314 5624 καὶ
1357 5570 1880 5642 συμϐασιλεύσουσιν

406 5752 458 5785 ⁸⁸
493 5749 656 5808 Ioan.
703 5765 812 5814 xvr,
844 5751 895 5801 7.
975 5747 1016 5780 "‘
1053 5746 1184 5801 Luc.
1213 5763 1362 5811 xxn',
1397 5745 1482 5802 49.

634 5845 901 5905 ΡΑτῐιοῐ..
951 5842 1064 5901 (ιιι.
1116 5839 1369 5900 LXXIV.

1980 4629 2271 4721 duplicem,
2309 4660 2534 4702 sensum
2571 4641 2818 4712 pariunt,
2871 4649 3109 4706 quorum
3159 4646 3304 4687 unus
3356 4629 3553 4721 obvius

1976 4720 2068 4799 est,
2093 4758 2158 4796 ac
2198 4738 2512 4800 familiaris,
2552 4734 2690 4788 alter
2721 4729 3013 4786 obscurior
3041 4733 3096 4780 et
3128 4723 3436 4794 aanigmatis
3471 4720 3554 4774 iu-

1979 4837 2224 4891 volutus.
2261 4830 2408 4885 Dicit
2439 4827 2584 4882 cnim
2623 4821 2767 4893 quod
2814 4836 2922 4874 non
2958 4817 3138 4888 possit
3174 4813 3330 4884 sequi
3361 4826 3556 4867 ascen-

1979 4928 2196 4982 dentem
2231 4937 2296 4977 ac
2323 4924 2684 4975 revertentem
2716 4913 2769 4966 in
2792 4911 3018 4970 cmlum,
3043 4916 3338 4962 secuturus
3369 4911 3557 4956 tamen

1981 5020 2052 5074 sit
2113 5023 2328 5087 postea,
2388 5007 2635 5078 reposito
2681 4986 2942 5060 nimirum
2995 4997 3205 5054 sanctis
3253 5010 3282 5048 a
3334 4993 3558 5048 Christo

1987 5111 2192 5164 honore
2243 5109 2297 5159 in
2342 5119 2438 5173 spe
2488 5107 2542 5155 et
2601 5097 2812 5169 gloria,
2871 5089 3096 5162 quando
3155 5090 3209 5142 in
3259 5097 3556 5154 supernam

1988 5199 2333 5253 asciscentur
2375 5193 2675 5251 civitatem,
2724 5197 2777 5241 et
2815 5199 2924 5239 una
2960 5195 3084 5237 cum
3115 5193 3182 5233 eo
3225 5175 3555 5247 regnabuut.

1987 5289 2092 5345 Sed
2124 5295 2179 5342 et
2222 5283 2368 5338 aliud
2415 5295 2580 5352 porro
2629 5278 2922 5348 significat,
2965 5271 3112 5342 quod
3142 5268 3308 5340 quale
3343 5267 3437 5334 sit,
3473 5266 3561 5320 di-

1985 5396 2128 5438 cam.
2166 5375 2419 5432 Nondum
2458 5372 2632 5428 induti
2655 5371 2854 5424 virtute
2883 5382 2948 5422 ex
2979 5365 3095 5418 alto
3128 5362 3207 5429 ³⁸,
3234 5375 3409 5431 neque
3431 5358 3557 5412 dmn

1989 5481 2245 5542 suscepto
2281 5477 2475 5524 sancto
2524 5465 2736 5534 Spiritu
2787 5460 2881 5531 qui
2937 5457 3294 5512 confirmaret
3345 5467 3462 5514 eos,
3507 5457 3563 5504 et

1990 5567 2231 5624 hominis
2265 5570 2517 5619 naturam
2553 5558 2618 5613 ad
2651 5551 3028 5611 fortitudinem
3065 5547 3420 5608 reformaret,
3452 5556 3560 5595 non

3082 5822 3116 5879 6
