4042 6204
446 312 539 367 ΠΙ
1437 303 1495 356 S.
1538 298 1814 357 CYRILLI
1859 293 2327 351 ALEXANDRINI
2367 291 2683 349 ARCHIEP.

3603 285 3706 340 I72

445 428 700 492 poterant
729 427 957 474 mortem
989 431 1330 489 expugnare,
1365 431 1429 471 ac
1461 417 1732 472 adversus
1760 423 1871 468 tam
1899 414 2030 468 hor-

2145 411 2299 482 ιὺτῷ.
2334 409 2598 480 Σημαίνει
2647 407 2704 460 δέ
2734 424 2785 460 τι
2830 405 2966 476 πρὸς
3007 404 3182 474 τούτῳ
3224 402 3318 455 καὶ
3354 401 3563 468 ἕτερον,
3613 401 3709 453 καὶ

448 509 612 564 ribilc
649 509 1031 579 spectaculum
1083 523 1144 562 se
1193 507 1512 577 accingere.
1566 504 1702 560 Nam
1743 519 1870 559 cum
1921 503 2026 558 soli

446 601 671 655 Christo
727 609 1086 671 competeret,
1141 599 1309 669 eique
1363 599 1457 652 uni
1490 606 1833 653 reservatum
1883 601 2030 650 esset

449 693 651 748 mortis
683 694 984 762 potentiam
1021 691 1396 762 confringere,
1438 690 1724 760 probabile
1767 705 1880 744 non
1912 695 2032 743 erat

451 789 592 845 alios
630 797 758 842 ante
795 791 975 858 ipsum
1020 786 1075 840 id
1125 801 1289 858 agere
1338 802 1522 856 posse.
1568 785 1795 841 Mortem
1826 785 2032 856 quippe

452 897 566 938 non
611 889 874 946 metuere,
906 879 1037 949 quid
1066 879 1235 946 aliud,
1264 894 1471 948 quaeso,
1515 894 1640 934 esse
1673 886 1878 946 potest,
1921 877 2031 932 nisi

452 983 712 1037 mortem,
743 972 900 1043 quasi
953 971 1087 1026 nihil
1130 986 1329 1026 nocere
1360 972 1521 1026 nobis
1547 971 1750 1042 possit,
1782 978 2034 1024 contem-

455 1066 626 1122 nere?
659 1064 871 1119 Idcirco
905 1080 1024 1118 meo
1068 1063 1280 1133 judicio
1332 1063 1434 1134 ipsi
1481 1078 1703 1134 quoque
1749 1063 2033 1132 prophetae

455 1166 688 1212 mortem
725 1157 1070 1226 ingruentem
1101 1155 1601 1221 exhorrescebant,
1625 1154 1785 1224 quasi
1820 1169 1916 1223 per
1944 1167 2034 1206 re-

457 1250 858 1305 surrectionem
900 1249 1102 1304 Christi
1155 1248 1400 1302 nondum
1457 1248 1820 1302 destructam.
1875 1243 2033 1310 Quod

455 1356 583 1396 cum
626 1351 782 1396 recte
831 1348 1020 1395 nosset
1062 1338 1295 1404 Paulus,
1332 1338 1550 1392 dicebat
1584 1335 1828 1391 Verbum
1886 1333 2036 1405 quod

455 1446 523 1485 ex
548 1432 655 1484 Deo
690 1430 854 1484 Patre
881 1438 936 1484 et
975 1429 1029 1482 in
1066 1429 1178 1482 Deo
1207 1435 1315 1486 est,
1350 1426 1584 1482 Abrahae
1617 1440 1806 1480 semen
1838 1438 2036 1494 appre-

459 1522 737 1587 hendisse,
784 1529 844 1576 ut
897 1536 995 1591 per
1047 1526 1279 1574 mortem
1334 1526 1541 1574 sancta:
1579 1517 1765 1572 carnis
1803 1525 2036 1572 mortem

459 1614 808 1686 profligaret,
865 1629 1073 1683 eosque
1129 1613 1390 1666 liberaret
1455 1611 1777 1680 quicunque
1841 1610 2039 1663 timore

459 1709 654 1762 mortis
724 1706 804 1762 rei
864 1721 1083 1775 semper
1137 1711 1296 1759 erant
1346 1703 1567 1758 vivendi
1627 1703 1912 1759 servitutis
1968 1702 2035 1755 ³⁷.

2135 507 2306 568 ποῖον,
2333 503 2462 574 ἐρῶ.
2485 500 2651 554 υῦπω
2671 498 2767 569 τὴν
2791 496 2850 562 ἐξ
2880 497 3045 567 ὕψους
3075 495 3428 564 ἐνδυσάμενοι
3455 491 3708 562 δύναμιν,

2130 596 2253 650 οὐδὲ
2289 597 2348 648 τὸ
2377 592 2623 664 ὲνισχύον
2657 591 2874 654 αὑτοὺς,
2914 590 3004 644 καὶ
3033 589 3112 652 είς
3150 586 3404 657 ἀνδρείαν
3433 584 3711 638 ἀναπλάτο

2131 705 2222 740 τον
2247 686 2344 757 τὴν
2377 683 2668 756 ἀνθρώπου
2703 682 2866 751 φύσιν
2905 680 3288 750 κομισάμενοι,
3318 677 3544 747 Πνεῦμά
3568 691 3714 745 φημι

2132 777 2195 848 δὴ
2215 777 2277 829 τὸ
2302 775 2477 845 ἅγιον,
2508 776 2606 845 οὑχ
2643 767 2744 827 οἷοί
2781 791 2842 826 τε
2879 768 3021 843 ἦσαν
3066 770 3296 824 θανάτου
3340 757 3724 838 καταγωνίζεέ

2136 871 2279 936 σθαι,
2328 869 2424 924 καὶ
2469 871 2583 931 τοῖς
2630 869 2774 920 οὕτω
2839 865 3190 936 δυσαντήτοις
3237 862 3714 917 άνταποδύσασθαι

2133 961 2405 1032 δείμασιν.
2428 956 2537 1012 Ἶὶν
2561 959 2670 1030 γὰρ
2695 959 2790 1014 καὶ
2817 957 2993 1020 ἄλλως
3013 956 3276 1010 ἀπίθανον
3305 955 3451 1026 μόνῳ
3471 955 3713 1027 πρέπον-

2133 1068 2226 1114 τος
2261 1050 2356 1104 καὶ
2389 1049 2762 1120 τετηρημένου
2808 1047 2887 1116 τῷ
2930 1047 3142 1116 Σωτῆρι
3184 1047 3407 1116 Χριστῷ
3459 1047 3554 1099 τοῦ
3587 1062 3715 1098 συν-

2136 1141 2358 1213 θραύειν
2401 1140 2660 1194 δύνασθαι
2706 1141 2801 1193 τοῦ
2846 1139 3080 1193 θανάτου
3132 1139 3192 1190 τὸ
3241 1138 3462 1208 κράτος,
3493 1138 3716 1209 ἑτέρους

2136 1234 2243 1304 πρὸ
2271 1231 2438 1286 αὑτοῦ
2463 1233 2620 1285 τοῦτο
2645 1232 2895 1303 δρῶντας
2919 1231 3171 1302 ὁρᾶσθαι.
3200 1230 3274 1283 Τὸ
3307 1231 3415 1300 γὰρ
3456 1229 3532 1301 μὴ
3554 1248 3719 1284 κατα-

2136 1325 2509 1396 δειμαίνεσθαι
2536 1325 2784 1390 θάνατον,
2815 1324 2866 1377 τί
2907 1323 2973 1377 ἂν
3013 1323 3202 1394 ἓτερον
3230 1323 3314 1393 εἴη
3351 1323 3532 1393 τυχὸν,
3565 1323 3598 1394 ἣ
3623 1322 3718 1377 θα-

2137 1417 2299 1470 νάτου
2331 1418 2711 1486 καταφρονεῖν,
2735 1415 2811 1478 ὡς
2840 1414 2994 1468 οὐδὲν
3022 1415 3228 1468 ἀδικεῖν
3274 1413 3582 1485 ἰσχύοντοςς
3618 1416 3719 1470 Διά

2137 1525 2219 1561 τοι
2246 1507 2425 1570 τοῦτο,
2455 1508 2596 1561 κατά
2647 1524 2710 1576 γε
2766 1507 2860 1559 τὸν
2910 1506 3181 1577 ἡμέτερον
3223 1506 3370 1568 νοῦν.
3421 1508 3516 1560 καὶ
3561 1508 3718 1562 αὐτοὶ

2139 1602 2501 1673 κατέφριττον
2556 1601 2607 1652 οἱ
2652 1601 2914 1672 μακάριοι
2960 1603 3239 1671 προφῆται
3280 1601 3575 1671 προσιόντα
3624 1601 3719 1655 τὸν

2142 1693 2395 1756 θάνατον,
2422 1691 2498 1755 ὡς
2517 1690 2671 1744 οὔπω
2691 1708 2940 1762 κατηργη
2951 1691 3111 1763 μένον
3137 1691 3225 1746 διὰ
3250 1692 3350 1760 τῆς
3369 1692 3720 1758 ἀναστάσεως

459 1797 643 1852 Prima
676 1797 877 1866 quippe
913 1797 1107 1850 mortis
1139 1795 1433 1850 dissolutio
1466 1794 1569 1848 fuit
1596 1794 1784 1864 passio
1827 1793 2036 1848 saluta-

2145 1782 2235 1836 τοῦ
2269 1781 2529 1854 Χριστοῦ.
2573 1781 2778 1852 Ὀρθῶς
2804 1783 2861 1836 δὲ
2894 1783 3052 1837 τοῦτο
3079 1784 3258 1846 συνεὶς
3317 1786 3406 1838 καὶ
3429 1787 3458 1838 6
3485 1785 3717 1850 Παῦλος,

459 1890 561 1955 ris,
595 1898 650 1945 et
682 1888 901 1943 initium
949 1889 1158 1943 sanctis
1195 1895 1436 1941 strenuae
1471 1887 1736 1942 adversus
1766 1901 1887 1942 eam
1921 1887 2032 1940 vir-

461 1980 596 2034 tutis
629 1979 967 2035 resnrrectio
1004 1978 1214 2034 Christi
1251 1978 1374 2033 fuit.
1407 1977 1547 2033 Cum
1587 1979 1755 2050 igitur
1784 1993 1906 2048 quae
1938 1993 2036 2033 sua

461 2079 660 2126 natura
689 2071 802 2126 vita
832 2078 916 2126 est
942 2079 1175 2125 mortem
1199 2070 1440 2125 nondum
1473 2077 1816 2133 evacuasset,
1855 2084 2038 2136 neque

461 2178 626 2234 porro
663 2163 814 2218 illius
855 2161 1200 2216 formidinem
1243 2161 1448 2216 nostris
1483 2160 1683 2214 animis
1709 2159 2036 2214 incumben-

463 2259 574 2306 tem
628 2249 974 2321 infregisset,
1033 2249 1368 2304 infirmiores
1421 2248 1830 2319 quodammodo
1882 2256 2041 2304 erant

465 2341 732 2398 adversus
758 2343 1005 2412 pericula
1035 2341 1314 2412 discipuli.
1341 2341 1578 2411 Ideoque
1616 2341 1754 2396 scite
1777 2340 2042 2397 Dominus

466 2434 762 2504 aliquando
799 2433 1020 2488 Petrum
1061 2435 1116 2488 in
1147 2447 1370 2488 crucem
1400 2442 1584 2487 actum
1626 2432 1693 2485 iri
1719 2470 1734 2495 ,
1764 2441 1818 2486 et
1847 2431 1902 2485 in
1937 2432 2044 2486 hoc

465 2531 787 2578 secuturum
833 2538 914 2586 se,
945 2523 1126 2576 innuit
1166 2521 1332 2577 simul
1360 2535 1425 2575 ac
1463 2521 1630 2586 dicit;
1671 2519 1820 2588 quod
1862 2529 2043 2575 autem

465 2628 613 2669 nunc
644 2613 710 2667 ad
738 2619 951 2666 tantum
978 2619 1260 2666 certamen
1285 2610 1571 2665 infractam
1608 2608 1769 2680 757
1804 2617 2041 2665 mentem

466 2722 577 2762 non
625 2705 848 2770 habeat,
907 2703 1159 2758 ostendit
1195 2703 1435 2759 dicens:
1485 2722 1504 2754 ι
1553 2702 1673 2768 Quo
1715 2717 1816 2774 ego
1865 2703 2042 2768 vado,

468 2814 580 2853 non
609 2805 766 2868 potes
812 2795 978 2850 modo
1014 2795 1194 2865 sequi,
1239 2795 1490 2865 sequeris
1535 2805 1718 2852 autem
1764 2802 1974 2866 postea.
2017 2814 2036 2847 ι

467 2887 583 2946 Nisi
629 2887 776 2942 enim
817 2884 968 2940 Petri
1015 2892 1252 2940 mortem
1309 2887 1365 2940 in
1421 2886 1508 2942 his
1557 2886 1744 2942 verbis
1791 2885 2044 2942 Christus

474 2978 632 3034 nobis
670 2975 1060 3043 subinnueret,
1087 2991 1251 3046 quam
1285 2977 1358 3031 ob
1384 2991 1606 3032 causam
1645 2977 1712 3031 ad
1749 2978 1912 3032 unius
1945 2976 2044 3033 Pe-

2148 1874 2252 1943 ἔφη
2285 1873 2377 1927 τὸν
2414 1875 2479 1926 ὲκ
2520 1870 2656 1926 Θεοῦ
2701 1873 2916 1945 Πατρὸς
2969 1874 3063 1928 καὶ
3091 1875 3148 1928 ἐν
3173 1874 3294 1946 Θεῷ
3343 1876 3473 1930 ὅντα
3523 1875 3718 1944 Λόγον,

2145 1967 2459 2039 σπέρματος
2492 1967 2742 2039 Ἀϐραάμ
2773 1967 3183 2038 ἐπιδράξασθαι,
3203 1969 3290 2021 ῖνα
3309 1969 3395 2023 διὰ
3423 1968 3516 2022 τοῦ
3552 1967 3724 2023 Θανά-

2141 2075 2236 2112 του
2266 2057 2367 2128 τῆς
2397 2057 2558 2126 ἁγίας
2586 2059 2790 2130 σαρκὸς
2841 2060 3162 2130 καταργήσῃ
3199 2059 3291 2113 τὸν
3325 2059 3551 2114 θάνατον
3573 2101 3588 2126 ,
3626 2061 3722 2112 καὶ

2141 2151 2426 2223 ἀπαλλάξῃ
2471 2152 2698 2215 τούτους
2724 2191 2738 2215 ,
2774 2152 2891 2205 ὅσοι
2937 2151 3086 2222 φόϐῳ
3127 2152 3358 2206 Θανάτου
3387 2152 3476 2206 διὰ
3514 2153 3721 2217 παντὸς

2140 2239 2235 2293 τοῦ
2264 2240 2361 2312 ζῇν
2397 2240 2573 2311 ἔνοχοι
2608 2237 2748 2312 ἦσαν
2791 2241 3053 2304 δουλείας.
3095 2240 3292 2314 Πρώτη
3339 2241 3448 2313 γὰρ
3487 2243 3718 2297 θανάτου

2140 2330 2313 2396 λύσις,
2336 2331 2397 2384 τὸ
2419 2332 2688 2403 σωτήριον
2709 2332 2901 2396 πάθος,
2935 2332 3032 2386 καὶ
3076 2334 3220 2405 ἀρχὴ
3267 2337 3378 2398 τοῖς
3413 2335 3600 2404 ἁγίοις,
3620 2334 3721 2406 τῆς

2140 2425 2261 2476 κατ’
2296 2423 2462 2476 αὑτοῦ
2485 2423 2710 2493 γέγονεν
2735 2427 3046 2497 εὐτολμίας,
3079 2430 3112 2498 ἠ
3142 2428 3440 2492 ἀνάστασις
3463 2431 3558 2484 τοῦ
3584 2431 3721 2502 Χρι-

2143 2515 2293 2570 στοῦ.
2335 2514 2504 2570 Οῦπω
2541 2518 2722 2571 τοίνυν
2768 2520 3202 2592 καταργησάσης
3236 2521 3328 2576 τὸν
3359 2521 3588 2576 θάνατον
3618 2523 3721 2593 τῆς

2143 2605 2286 2665 κατὰ
2311 2607 2474 2678 φύσιν
2501 2606 2666 2680 ζωῆς,
2694 2612 2830 2683 μήτε
2861 2613 2968 2683 μὴν
2993 2612 3408 2685 συνθραυσάσης
3429 2615 3518 2670 τὸν
3537 2614 3596 2680 ἐξ
3623 2616 3722 2669 αὑ-

2143 2700 2239 2756 τοῦ
2263 2703 2386 2767 ταῖς
2409 2703 2709 2774 ἡμετέραις
2737 2704 2941 2775 ψυχαῖς
2979 2705 3324 2775 ἐμπίπτοντα
3346 2707 3526 2775 φόὸον,
3552 2707 3720 2760 ἀσθε-

2145 2794 2394 2866 νέστεροί
2422 2813 2542 2861 πως
2578 2795 2659 2851 ἔτι
2702 2797 2842 2869 πρὸς
2883 2797 3162 2863 κινδύνους
3203 2795 3343 2871 ἦσαν
3374 2801 3421 2854 σί
3457 2799 3720 2872 μαθηταί.

2146 2883 2247 2937 Διὰ
2275 2885 2432 2938 τοῦτο
2470 2887 2768 2958 χαριέντως
2804 2891 2833 2941 6
2880 2887 3104 2958 Κύριος,
3147 2890 3230 2943 ὅτι
3281 2891 3725 2964 σταυρωθήσεται

2149 2976 2290 3031 κατά
2318 2979 2546 3050 καιροὺς
2571 2979 2600 3031 ό
2628 2980 2834 3050 Πέτρος
2855 3020 2870 3045 ,
2905 2980 3094 3051 ἕψεταί
3115 2999 3175 3034 τε
3205 2983 3346 3038 κατὰ
3387 2981 3546 3036 τοῦτο
3575 2983 3724 3052 αὑτῷ

475 3071 540 3125 tri
577 3083 868 3140 personam
897 3083 1208 3137 sermonem
1243 3071 1537 3134 convertit,
1569 3086 1696 3124 cum
1745 3071 1868 3127 aliis
1913 3086 2041 3126 san-

2154 3069 2518 3135 συνεπινεύει,
2533 3070 2627 3124 καί
2656 3087 2840 3142 φησιν’
2871 3092 2888 3124 ι
2901 3071 3025 3128 ’Ότι
3041 3072 3098 3126 δὲ
3110 3073 3226 3126 νυνὶ
3243 3073 3376 3145 πρὸς
3388 3074 3572 3142 ἀγῶνα
3587 3075 3726 3138 τέως

470 3163 574 3217 ctis
621 3161 911 3231 discipulis
965 3161 1265 3232 promissio
1306 3160 1449 3216 facta
1486 3162 1559 3217 sit
1614 3171 2044 3217 conversaturos

468 3260 523 3306 et
550 3257 838 3307 secuturos
863 3266 1013 3316 eum,
1051 3252 1480 3308 resurrectionis
1511 3253 1770 3308 nimirum
1802 3261 2048 3324 tempore

471 3345 713 3414 reposita
743 3344 826 3399 eis
859 3351 1066 3399 azterna
1098 3345 1234 3410 vita,
1266 3355 1318 3400 et
1349 3346 1512 3400 bonis
1541 3361 1664 3416 quae
1709 3346 2048 3416 sperantur?

470 3436 639 3506 Atqui
669 3435 1020 3492 manifestum
1053 3444 1139 3491 est
1167 3452 1292 3492 eum
1331 3447 1390 3492 ut
1430 3435 1593 3492 Petro
1628 3439 1957 3508 praenuntiet
1993 3437 2050 3492 id

475 3528 617 3599 quod
652 3528 703 3582 ei
760 3528 971 3584 ultimis
1027 3530 1372 3598 temporibus
1420 3537 1747 3586 eventurum
1792 3537 1959 3597 esset,
1996 3529 2050 3584 id

477 3620 816 3690 :enigmatice
844 3620 1220 3677 subindicare.
1260 3620 1326 3674 Et
1363 3622 1582 3692 quidem
1621 3622 1764 3678 alias
1812 3623 2050 3693 idipsum

476 3711 679 3766 clarius
731 3711 1021 3778 indicavit,
1079 3711 1316 3766 dicens:
1367 3730 1386 3764 ι
1443 3711 1581 3767 Cum
1631 3727 1786 3769 esses
1839 3713 2048 3784 junior,

473 3800 734 3870 cingehas
772 3808 844 3865 te,
892 3809 946 3856 et
990 3800 1320 3855 ambulabas
1355 3800 1450 3854 ubi
1481 3801 1704 3858 volebas
1736 3819 1750 3858 :
1790 3818 1915 3858 cum
1946 3817 2050 3858 au-

475 3897 582 3943 tem
617 3890 893 3957 senueris,
949 3891 1213 3946 extendes
1251 3907 1452 3948 manus
1506 3901 1654 3960 tuas,
1701 3902 1756 3950 et
1806 3895 1900 3949 alii
1935 3895 2053 3951 cin-

473 3990 605 4052 gent
628 3990 706 4046 te,
740 3989 796 4037 et
827 3982 1029 4038 ducent
1071 3994 1122 4039 te
1166 3999 1280 4054 quo
1330 3993 1388 4039 tu
1443 4001 1553 4042 non
1583 3987 1686 4043 vis.
1723 3986 1838 4044 Hoc
1868 3996 2049 4044 autem

474 4070 636 4134 dixit,
670 4071 872 4142 inquit,
914 4073 1232 4144 significans
1268 4090 1379 4144 qua
1425 4085 1600 4132 morte
1642 4078 2051 4135 clarificaturus

473 4172 622 4218 esset
650 4163 816 4219 Deum
849 4164 915 4219 ⁸⁸.
965 4183 984 4217 ι
1035 4165 1149 4222 Etsi
1191 4168 1337 4222 enim
1371 4165 1674 4236 jucundum
1715 4179 1800 4226 est
1842 4171 2051 4227 sanctis

477 4256 589 4325 pati
625 4271 724 4325 pro
763 4256 1012 4323 Christo,
1043 4260 1357 4328 periculum
1393 4270 1576 4318 tamen
1618 4278 1730 4318 non
1767 4263 1916 4318 ultro
1959 4278 2050 4318 ar-

476 4347 827 4413 cessendum,
865 4348 965 4405 sed
1004 4349 1293 4406 ferendum
1321 4351 1679 4411 nihilominus
1707 4369 1834 4410 cum
1864 4355 1932 4410 ab
1958 4354 2053 4408 ali-

2152 3159 2244 3214 τὸν
2267 3158 2521 3215 τοσοῦτον
2548 3163 2648 3215 οὑκ
2675 3161 2980 3234 ἄθραυστον
3009 3162 3120 3234 ἔχει
3149 3163 3244 3216 τὸν
3272 3163 3397 3218 νοῦν
3417 3205 3432 3230 ,
3471 3163 3726 3235 ὑποδηλοῖ

2148 3251 2360 3319 λέγων’
2395 3269 2414 3303 ι
2457 3253 2633 3306 Ὅπου
2688 3253 2800 3323 ἐγὼ
2855 3255 3092 3325 ὑπάγω,
3135 3255 3197 3308 οὑ
3239 3253 3470 3308 δύνασαί
3509 3271 3596 3324 μοι
3628 3254 3724 3307 νῦν

2149 3341 2536 3412 ἀκολουθῆσαι,
2575 3343 2964 3416 ἀκολουθήσεις
2997 3345 3055 3398 δὲ
3080 3344 3327 3415 ὕστερον.
3365 3363 3382 3395 ι
3413 3343 3474 3397 Et
3505 3342 3612 3414 γὰρ
3648 3342 3726 3414 μὴ

2149 3434 2240 3488 τὸν
2267 3435 2361 3488 τοῦ
2385 3435 2594 3506 Πέτρου
2618 3435 2846 3490 Θανάτου
2871 3435 2986 3508 [πρ.
3006 3435 3254 3508 θάνατον]
3285 3437 3346 3490 ὲν
3363 3434 3572 3498 τούτοις
3593 3436 3726 3504 ἡμῖν

2151 3526 2180 3578 6
2209 3525 2445 3596 Χριστὸς
2481 3526 2829 3597 ὑπῃνίττετο,
2856 3525 2953 3580 τοῦ
2981 3527 3046 3598 δὴ
3069 3526 3251 3599 χάριν,
3278 3526 3457 3580 καίτοι
3485 3524 3592 3578 τῶν
3624 3524 3726 3578 άλ-

2150 3613 2256 3668 λων
2289 3614 2460 3681 ἁγίων
2481 3614 2795 3668 ἀποστόλων
2834 3616 3066 3685 ἐχόντων
3109 3619 3167 3669 ὲν
3199 3615 3489 3686 ὑποσχέσει
3512 3615 3572 3667 τὸ
3595 3631 3724 3666 συν-

2151 3706 2370 3760 έσεσθαί
2395 3725 2454 3760 τε
2484 3707 2579 3760 καὶ
2623 3707 2934 3763 ἀκολουθεῖν
2961 3707 3109 3779 αὑτῷ
3148 3707 3289 3762 κατά
3320 3709 3411 3761 τὸν
3451 3708 3548 3777 τῆς
3589 3709 3727 3760 ἀνα-

2154 3798 2396 3861 στάσεως
2421 3799 2662 3869 δηλονότι
2691 3800 2881 3871 καιρὸν
2905 3839 2921 3865 ,
2976 3800 3494 3871 ἀποκαθισταμένης
3540 3800 3728 3862 αὑτοῖς

2151 3893 2249 3961 τῆς
2271 3891 2549 3962 ἀκηράτου
2580 3892 2746 3964 ζωῆς,
2763 3895 2856 3947 καὶ
2893 3892 3000 3948 τῶν
3045 3895 3103 3947 ὲν
3143 3893 3352 3946 ἐλπίσιν
3377 3891 3618 3960 ἀγαθῶν,
3642 3891 3728 3954 είς

2155 3985 2314 4055 μόνον
2340 3984 2401 4038 τὸ
2425 3985 2518 4038 τοῦ
2544 3985 2751 4057 Πέτρου
2786 3985 3097 4056 πρόσωπον,
3129 3985 3228 4056 τὴν
3256 3984 3350 4038 τοῦ
3377 3984 3532 4052 λόγου
3561 3998 3727 4052 περι-

2155 4076 2334 4146 ίστησι
2369 4075 2628 4146 δύναμιν;
2667 4075 2803 4128 Ἀλλ’
2844 4076 2958 4129 ἔστι
2991 4077 3253 4146 πρόδηλον
3284 4077 3388 4139 ὅτι,
3424 4074 3501 4146 τῷ
3531 4073 3728 4144 Πέτρῳ

2153 4169 2536 4239 προαγγέλλων
2557 4169 2618 4221 τὸ
2643 4169 2700 4220 ὲν
2722 4168 2970 4238 ὑστέροις
2991 4169 3139 4240 αὐτῷ
3161 4186 3224 4222 συ
3232 4168 3573 4240 μδησόμενον
3594 4166 3728 4236 χρό.

2158 4275 2296 4322 νοις,
2325 4259 2738 4329 αἰνιγματωδῶς
2765 4259 3118 4330 ὑπεμφαίνει.
3139 4261 3250 4313 Καὶ
3272 4258 3401 4328 γοῦν
3425 4259 3493 4311 δι’
3525 4257 3732 4327 ἑτέρων

2155 4351 2487 4422 σαφέστερον
2530 4349 2660 4404 αὑτὸ
2689 4351 2991 4421 δεδήλωκεν
3015 4349 3187 4405 εἰπών
3211 4367 3225 4381 ο
3279 4369 3299 4402 ι
3341 4350 3471 4404 Ὅτε
3502 4344 3566 4420 ἧς
3594 4347 3734 4402 νεώ-

477 4437 676 4505 quibus
708 4439 760 4492 vi
785 4453 849 4494 ac
889 4441 1221 4496 necessitate
1252 4441 1506 4497 infertur.
1546 4443 1760 4501 Idcirco
1797 4454 1853 4502 et
1889 4459 2041 4502 orare

2152 4457 2326 4511 τερος,
2360 4440 2626 4504 ἐζώννυες
2648 4444 2896 4510 σεαυτὸν,
2919 4444 3014 4498 καὶ
3037 4442 3389 4515 περιεπάτεις
3428 4442 3561 4496 ὅπου
3592 4437 3696 4510 ηθε
3711 4469 3732 4481 -

474 4527 650 4597 jubet,
678 4544 747 4584 ne
772 4529 827 4582 in
866 4530 1230 4587 tentationem
1263 4533 1591 4591 incidamus.

2155 4534 2265 4597 λες·
2301 4535 2430 4587 ὅταν
2465 4533 2522 4586 δὲ
2551 4533 2821 4607 γηράσῃς,
2851 4536 3089 4598 ἐκτενεῖς
3131 4535 3232 4599 τάς
3259 4535 3448 4606 χεῖράς
3479 4549 3591 4594 σου,
3628 4533 3734 4585 καὶ

477 4616 627 4671 ἄλλοι
666 4617 899 4682 ζώσουσί
941 4637 1022 4685 σε,
1065 4621 1162 4674 καὶ
1187 4623 1471 4677 ἀποίσουσι
1493 4641 1552 4677 σε
1580 4625 1715 4678 ὅπου
1755 4627 1817 4679 οὑ
1850 4626 2046 4690 θέλεις.
2083 4625 2254 4679 Τοῦτο
2281 4625 2337 4677 δὲ
2366 4620 2509 4690 εἷπε,
2535 4626 2687 4695 φησὶ,
2721 4627 3001 4697 σημαίνων
3059 4627 3200 4698 ποίῳ
3243 4627 3451 4698 θανάτῳ
3510 4623 3735 4688 δοξάσει

477 4706 568 4759 τὸν
595 4705 747 4761 Θεόν.
798 4727 816 4760 ι
857 4708 924 4760 Εἰ
953 4707 1061 4779 γὰρ
1095 4711 1189 4763 καὶ
1212 4710 1359 4766 ἔστιν
1387 4713 1483 4784 ἡδὺ
1516 4717 1626 4778 τοῖς
1657 4715 1831 4784 ἁγίοις
1859 4716 1922 4770 τὸ
1950 4716 2181 4786 πάσχειν
2201 4715 2341 4786 ὑπὲρ
2365 4713 2628 4786 Χριστοῦ,
2683 4716 2796 4770 ἀλλ’
2825 4719 2854 4769 6
2885 4717 3131 4781 κίνδυνος
3189 4719 3251 4771 οὑ
3315 4718 3535 4788 θελητδς
3601 4717 3732 4787 μὲν,

480 4798 714 4870 φορητὸς
743 4798 786 4852 δ’
809 4795 901 4854 οῦν
934 4801 1083 4870 ὅμως
1106 4802 1233 4856 ὅταν
1276 4803 1338 4869 ἐξ
1377 4805 1622 4878 ἀνάγκης
1660 4809 1822 4864 τινῶν
1855 4809 2206 4880 ἐπιφέρηται.
2230 4808 2330 4862 Διά
2378 4808 2536 4862 τοῦτο
2568 4808 2663 4862 καὶ
2728 4811 3056 4880 προστάττει
3135 4810 3567 4883 προσεύχεσθαι,
3639 4812 3736 4865 ἴνα.

481 4889 557 4962 μὴ
579 4889 908 4962 ἐμπέσωμεν
940 4893 1020 4956 είς
1050 4895 1378 4965 πειρασμόν.

553 4978 694 5032 Dicit
734 4981 781 5034 ei
834 4979 1064 5036 Petrus:
1095 4981 1335 5050 Domine,
1391 5004 1554 5058 quare
1582 5005 1686 5044 non
1737 5007 1953 5060 possunt
2001 4999 2048 5045 te

477 5075 622 5145 sequi
648 5073 802 5128 modo
825 5074 850 5128 ?
873 5075 1108 5128 animum
1139 5092 1309 5132 meam
1335 5095 1430 5147 pro
1463 5089 1512 5134 te
1540 5095 1752 5150 ponam.

549 5246 690 5312 Quid
717 5248 988 5318 prohibet,
1018 5250 1227 5321 inquit,
1256 5253 1555 5322 quominus
1585 5263 1847 5326 sequatur
1893 5256 1940 5312 is
1963 5257 2051 5311 cui

2221 4986 2390 5055 Λέγει
2427 4987 2587 5052 αὐτῷ
2615 4989 2648 5040 ό
2676 4986 2896 5055 Πέτρος
2918 5003 2931 5017 ·
2964 4989 3160 5057 Κύριε,
3189 4989 3347 5043 διατι
3373 4991 3445 5044 οὐ
3467 4988 3738 5059 δύναμαι

2149 5091 2250 5131 σοι
2282 5078 2400 5133 νῦν
2429 5079 2884 5148 ἀκολουθῆσαι;
2911 5081 3028 5150 τὴν
3047 5080 3256 5151 ψυχήν
3277 5098 3397 5151 μου
3424 5081 3578 5150 ὑπὲρ
3607 5081 3730 5136 σοῦ

2150 5169 2338 5235 θήσω.

2221 5260 2284 5313 Ti
2312 5261 2374 5313 τὸ
2405 5262 2633 5328 κωλύον,
2659 5264 2845 5334 φησιν,
2873 5264 2905 5334 ἣ
2939 5265 2991 5318 τί
3019 5265 3079 5317 τὸ
3111 5265 3354 5335 ἐξεῖργον
3385 5261 3727 5326 ἀκολουθεῖν,

479 5351 581 5405 pro
611 5339 872 5408 magistro
921 5343 1058 5397 mori
1102 5345 1440 5414 propositum
1471 5355 1574 5408 est,
1627 5347 1830 5416 quique
1882 5362 1945 5402 ea
1995 5364 2041 5403 re

2147 5350 2239 5404 τὸν
2267 5345 2310 5418 ᾧ
2347 5353 2706 5423 προτεθνάναι
2739 5355 2832 5408 τοῦ
2879 5355 3197 5410 διδασκάλου
3251 5355 3475 5421 σκοπὸς,
3528 5353 3622 5407 καὶ
3666 5355 3729 5405 ὲν

479 5429 717 5510 maxime
743 5431 1052 5520 gloriatur?
1099 5435 1272 5492 Omne
1311 5438 1456 5517 enim
1487 5439 1814 5508 periculum,
1845 5449 1899 5495 et
1951 5441 2041 5494 im-

2149 5445 2502 5514 καυχήματος
2535 5445 2684 5511 τάξει
2705 5447 3009 5517 λελόγισται
3041 5465 3055 5512 ;
3112 5447 3280 5510 Τέλος
3321 5447 3418 5517 μὲν
3462 5445 3571 5515 γάρ
3601 5458 3724 5496 κινε-

479 5526 657 5574 tnanis
708 5526 1154 5593 persequentium
1203 5529 1476 5600 tyrannis,
1504 5544 1726 5585 carnem
1782 5531 2041 5589 duntaxat

2149 5533 2304 5588 δύνου
2329 5538 2546 5604 παντὸς,
2583 5542 2678 5594 καὶ
2700 5541 2759 5594 τὸ
2784 5541 3083 5611 ἀκρότατον
3113 5539 3302 5611 ὥσπερ
3335 5540 3433 5611 τῆς
3459 5535 3566 5593 τῶν
3594 5535 3729 5592 διω-

551 5700 594 5731 ³⁷
630 5699 793 5756 llcbr.
831 5718 882 5769 ι,
937 5703 1118 5757 lii-IS.
1199 5705 1240 5736 ³⁸
1271 5703 1428 5759 Joan.
1480 5723 1603 5771 ut,
1650 5706 1734 5766 l8.
1781 5709 1855 5766 l9.
