4042 6204
351 336 446 391 ίῗῦ

1366 326 1431 380 IN
1466 290 1752 382 matvrus
1790 325 2239 384 EVANGELIUM
2280 325 2407 383 LIB.
2446 327 2535 381 ix.

3503 335 3601 393 ΓΜ

343 448 549 503 κόντων
581 443 876 499 ἁτιθάσσου
908 442 1242 508 πλεονεξίας,
1274 444 1434 515 μέχρι
1469 442 1637 515 μόνης
1662 444 1921 515 στήσεται

2024 442 2269 513 respicit,
2299 458 2448 499 mors
2487 444 2634 498 enim
2664 440 2930 499 adversus
2955 460 3073 499 cam
3102 462 3116 510 ;
3178 448 3271 518 qui
3305 464 3433 507 vero
3465 451 3606 508 mori

344 540 442 608 τῆς
472 535 673 607 σαρκός
694 553 709 568 ο
738 536 857 589 κατ’
888 536 1061 604 αὐτῆς
1092 534 1202 608 γὰρ
1232 539 1260 590 ὀ
1299 535 1556 601 θάνατος·
1608 538 1638 589 ὁ
1683 535 1739 589 δὲ
1786 536 1924 606 πρὸς

347 632 500 684 τοῦτο
546 631 780 700 ἑτοίμως
818 628 956 699 ἔχων
982 628 1083 700 ήδη
1145 630 1241 682 καὶ
1292 627 1767 697 διεσκευασμένος,
1818 628 1923 681 ὑπὸ

350 725 484 786 τίνος
510 722 575 776 ἂν
603 720 981 784 διακωλύοιτο,
1013 721 1197 789 φησὶν.
1222 720 1467 793 ἀπολέσῃ
1500 720 1555 773 δὲ
1579 719 1697 783 πῶς
1714 720 1775 774 τὸ
1803 719 1926 773 σύν-

347 832 495 868 τονον
524 813 785 885 φρόνημα
827 813 957 884 περὶ
980 813 1040 866 τὸ
1072 812 1270 885 χρῆναι
1307 812 1529 876 πάντως
1573 809 1922 874 ἀκολουθεῖν;

344 904 667 977 Θερμοτάτη
702 904 801 975 μὲν
826 904 935 975 γὰρ
966 906 999 974 ή
1034 903 1314 975 προθυμία
1349 902 1446 957 τοῦ
1476 902 1710 974 Πέτρου,
1740 903 1836 956 καί⁸
1863 900 1926 955 τδ

343 998 439 1067 τῆς
470 996 819 1066 ὑποσχέσεως
841 995 1040 1067 μέτρον
1078 993 1435 1050 πλεονεκτοῦν
1454 1011 1469 1026 ο
1500 994 1561 1048 ού
1604 993 1805 1066 μικρὰν
1825 992 1924 1065 τὴν

342 1089 571 1142 ἐνοῦσαν
599 1088 750 1159 αὐτῷ
780 1089 1007 1159 δύναμιν
1054 1087 1332 1158 θεωρῆσαι
1373 1104 1457 1151 τις
1492 1087 1579 1150 ἂν,
1639 1086 1838 1157 μᾶλλον
1865 1087 1923 1139 δὲ

340 1182 435 1235 καὶ
462 1181 645 1235 αὐτῶν
673 1182 1020 1254 πραγμάτων
1049 1178 1244 1251 1ήλεγξε
1270 1180 1329 1255 τὸ
1353 1179 1526 1243 τέλος.
1562 1178 1711 1250 Πλὴν
1748 1180 1924 1233 έκεῖνο

339 1273 703 1327 διασκεπτέον
725 1290 739 1305 ο
775 1270 869 1325 τοῦ
908 1271 1019 1342 γάρ
1069 1271 1320 1341 Σωτῆρος
1367 1269 1526 1341 ἡμῶν
1558 1268 1795 1341 Χριστοῦ
1825 1268 1923 1340 τήν

342 1366 422 1426 είς
449 1364 721 1434 οὐρανοὺς
755 1362 1111 1431 ἀναφοίτησιν
1140 1362 1251 1415 ἀνω
1280 1361 1806 1432 κατασημαίνοντος,
1828 1360 1923 1413 καὶ

339 1454 422 1507 ὅτι
459 1452 561 1522 μὲν
594 1451 689 1505 νῦν
721 1452 820 1523 οὐχ
844 1451 1035 1521 ἕψεται
1080 1449 1332 1518 λέγοντος
1357 1488 1373 1513 ,
1431 1449 1818 1521 ἀκολουθήσειν
1862 1466 1925 1517 γε

343 1543 450 1614 μὴν
480 1541 621 1613 μετὰ
656 1542 830 1595 ταῦτα
852 1582 867 1607 ,
911 1538 1298 1611 πληρωθείσης
1341 1537 1507 1593 αὐτοῦ
1545 1539 1786 1612 δηλονότι
1824 1539 1924 1611 τῆς

2026 533 2139 603 jam
2174 545 2399 603 paratus
2444 541 2548 600 est,
2580 549 2611 588 a
2647 549 2888 606 quonam
2940 536 3347 608 prohibebitur,
3407 543 3604 613 inquit,

2031 622 2307 693 quomodo
2348 622 2615 694 sequendi
2678 623 2978 680 vehemens
3033 624 3275 681 studium
3344 629 3608 699 abjiciet‘!

2034 713 2110 769 Ex
2156 714 2562 771 ferventissimo
2618 716 2888 786 siquidem
2950 715 3099 773 Petri
3153 717 3365 788 studio,
3428 730 3482 777 et
3539 738 3608 780 ex

2034 806 2372 862 abundantia
2409 807 2592 865 cordis
2637 817 2959 880 erumpente
2990 811 3376 880 promissione,
3427 817 3604 870 maxi-

2032 912 2178 952 mam
2244 899 2295 954 ei
2332 899 2440 954 vim
2509 900 2733 955 insitam
2791 900 3246 971 deprehenderis,
3306 912 3361 960 et
3422 920 3604 962 rerum

2033 991 2276 1061 ipsarum
2314 991 2475 1047 finem
2523 993 2854 1063 conjeceris.
2909 991 3296 1052 Verumtamen
3349 997 3606 1053 conside-

2031 1083 2262 1139 randum
2305 1092 2389 1141 est
2434 1086 2579 1155 quod
2627 1101 2752 1140 cum
2811 1083 3074 1142 Servator
3130 1096 3320 1144 noster
3365 1089 3605 1147 reditum

2032 1190 2195 1231 suum
2255 1176 2323 1232 ad
2355 1177 2526 1235 caelos
2593 1191 2759 1248 supra
2795 1177 3089 1250 signiﬁcet,
3149 1188 3203 1235 et
3254 1195 3604 1252 nequaquam

2030 1274 2347 1321 secuturum
2379 1282 2439 1323 se
2472 1267 2625 1322 illum
2679 1266 2846 1332 dicat,
2889 1275 3209 1324 secuturum
3238 1277 3421 1326 tamen
3452 1282 3605 1341 post-

2028 1372 2112 1419 ea,
2156 1358 2379 1427 impleta
2419 1358 2629 1415 scilicet
2679 1374 2779 1415 sua
2835 1360 3120 1425 missione,
3171 1368 3420 1432 tempore
3468 1380 3603 1421 eon-

2029 1462 2168 1518 gruo
2198 1458 2420 1503 sanctos
2455 1447 2511 1502 in
2551 1462 2846 1518 supernam
2881 1449 3157 1505 civitatem
3192 1460 3442 1519 vocante,
3487 1454 3606 1523 ipse

2033 1535 2098 1590 ad
2129 1536 2375 1606 pericula
2411 1535 2701 1592 subeunda
2750 1544 3007 1606 paratum
3046 1554 3104 1595 se
3135 1553 3260 1596 esse
3289 1540 3601 1610 denuntiat,

340 1633 672 1702 ἀποστολῆς,
695 1631 890 1702 καιροῦ
914 1632 1010 1686 τοῦ
1043 1632 1347 1703 πρέποντος
1373 1632 1467 1686 ἐπὶ
1502 1632 1603 1703 τὴν
1632 1631 1744 1686 ἀνω
1770 1631 1921 1685 πόλιν

2030 1626 2140 1681 alio
2167 1626 2318 1683 velut
2342 1626 2626 1698 abreptus,
2662 1641 2763 1683 nec
2792 1638 3000 1683 rectam
3056 1630 3223 1701 758
3268 1644 3456 1687 eorum
3483 1649 3606 1704 quae

336 1724 439 1789 τὰς
484 1724 596 1778 τῶν
651 1723 824 1792 ἁγίων
857 1723 1154 1788 καλοῦντος
1198 1721 1464 1794 κεφαλὰς,
1515 1720 1748 1792 ἑτοίμως
1777 1721 1923 1794 ἔχειν

340 1816 523 1879 αὐτὸς,
556 1814 654 1869 καὶ
689 1813 1133 1884 προκινδυνεύειν
1162 1810 1703 1886 ἐπαγγέλλεται,τὴν
1731 1812 1925 1886 ἑτέραν

337 1905 530 1978 ὥσπερ
555 1899 713 1977 οἷμον
741 1903 858 1971 ίὼν,
892 1906 986 1960 καὶ
1022 1905 1098 1977 μὴ
1143 1904 1264 1959 κατ’
1309 1904 1439 1959 εὐθὺ
1475 1904 1583 1958 τῶν
1618 1903 1925 1975 λεγομένων

339 1998 636 2070 ἐρχόμενος
672 1998 773 2069 τὴν
806 1996 1066 2053 διάνοιαν.
1105 1990 1273 2068 Οῖμαι
1302 1996 1358 2049 δὲ
1385 1996 1494 2051 δεῖν
1536 1997 1594 2049 ὲν
1637 1996 1816 2065 λόγοις
1848 1996 1925 2049 εί-

341 2092 486 2152 πεῖν,
522 2087 677 2143 οὔπω
706 2090 821 2153 τοῖς
861 2088 1174 2161 εἰρημένοις
1204 2088 1446 2159 ἀκριδῶς
1490 2090 1792 2160 ἐπιστήσας
1833 2088 1926 2143 τὸν

334 2178 487 2243 νοῦν,
527 2177 703 2232 οἴεται
742 2178 883 2248 τάχα
909 2193 1012 2231 που
1045 2177 1139 2231 τὸν
1167 2176 1394 2249 Κύριον,
1425 2177 1458 2248 ἢ
1488 2177 1625 2248 πρός
1646 2195 1797 2242 τινας
1814 2177 1924 2232 τῶν

336 2269 480 2323 κατά
509 2268 610 2340 τὴν
651 2269 915 2323 Ἰουδαίαν
950 2268 1296 2340 ἀγριωτέρας
1324 2268 1677 2340 διαϐήσεσθαι
1706 2269 1919 2342 κώμας,

337 2360 373 2429 ἢ
399 2360 492 2412 καὶ
518 2361 599 2424 είς
620 2359 842 2433 ἑτέρους
855 2359 1103 2431 οἴχεσθαι
1129 2359 1313 2424 λαοὺς,
1339 2360 1389 2414 οἳ
1418 2360 1673 2417 τοσοῦτον
1693 2361 1753 2427 ἐξ
1767 2365 1922 2434 ἀκρι-

339 2450 469 2515 6οῦς
498 2452 671 2523 ἀκοῆς
705 2452 1183 2507 ἀποδιακείσονται
1217 2452 1357 2524 πρὸς
1380 2452 1451 2506 τά
1473 2454 1604 2524 παρ’
1634 2454 1798 2508 αὐτοῦ
1822 2457 1924 2525 ρη-

342 2541 612 2611 θήσεσθαι
632 2542 912 2613 μέλλοντα,
933 2542 1008 2607 ώς
1033 2543 1207 2614 μικρὰ
1236 2544 1334 2615 μὲν
1357 2543 1551 2616 κομιδῇ
1574 2544 1711 2616 πρὸς
1727 2544 1794 2598 τὰ
1816 2545 1925 2600 τῶν

345 2633 525 2689 ἄλλων
568 2634 829 2689 Ἰουδαίων
855 2635 1185 2706 τολμήματα
1201 2650 1216 2665 ο
1241 2635 1377 2689 πολὺ
1403 2635 1461 2689 δὲ
1488 2635 1610 2690 λίαν
1638 2638 1927 2708 ἡμερωτά-

338 2741 444 2793 την
464 2723 565 2793 τὴν
608 2722 836 2778 ἐνοῦσαν
872 2726 985 2788 τοῖς
1016 2722 1332 2797 Φαρισαίοις
1377 2724 1657 2790 ἀποδεῖξαι
1703 2724 1921 2796 μανίαν.

338 2815 523 2869 Διάτοι
557 2818 720 2869 τοῦτο
753 2815 1251 2888 κατακολουθήσειν
1270 2816 1726 2890 ἀπαραποδίστως
1749 2819 1925 2886 ὲπαγο

339 2906 616 2975 τέλλεται,
643 2906 768 2978 οὐχὶ
792 2902 885 2961 οῦν
912 2906 1167 2962 τεθνάναι
1197 2907 1379 2979 μόνον,
1408 2906 1522 2961 ἀλλ’
1548 2908 1596 2960 εί
1623 2909 1717 2961 καὶ
1738 2907 1924 2963 τεθνά-

2028 1715 2356 1773 dicebantur
2388 1732 2613 1773 sensum
2644 1725 2957 1775 assecutus.
2984 1718 3143 1786 Quod
3177 1721 3398 1791 quidem
3454 1724 3608 1779 arbi-

2025 1815 2146 1863 tror
2190 1823 2314 1863 eum
2379 1807 2587 1873 dicere,
2658 1808 2805 1880 quod
2860 1825 2983 1864 cum
3039 1811 3283 1866 nondum
3348 1822 3606 1871 accurate

2025 1893 2245 1950 Domini
2299 1897 2650 1953 sermonibus
2706 1898 2950 1952 animum
3009 1900 3393 1971 applicuisset,
3478 1919 3603 1960 eum

2027 1986 2214 2044 forsan
2266 1989 2493 2061 putabat
2540 1990 2625 2047 vel
2672 1990 2741 2046 ad
2789 1989 3128 2049 efferatiores
3187 1992 3393 2051 Judaeae
3429 2010 3603 2068 pagos

2027 2079 2410 2145 transiturum,
2449 2082 2537 2137 vel
2590 2081 2657 2136 ad
2712 2082 2854 2139 alios
2911 2083 3146 2155 populos
3210 2086 3600 2158 migraturum.

2025 2171 2119 2242 qui
2156 2171 2291 2242 'ejus
2324 2174 2680 2231 sermonibus
2740 2175 2821 2231 sic
2872 2175 3239 2247 exasperandi
3298 2186 3507 2245 essent,
3543 2188 3604 2235 ut

2024 2278 2216 2318 eorum
2292 2265 2552 2332 audacia,
2598 2274 2925 2323 ceterorum
2991 2267 3306 2345 Judazornm
3356 2268 3602 2327 audaciae

2025 2363 2342 2426 comparata
2373 2372 2543 2426 parva
2585 2373 2708 2415 esse
2753 2359 3055 2425 videretur,
3092 2369 3147 2417 et
3197 2361 3601 2418 Pharisaeorum

2026 2445 2183 2502 furor
2219 2448 2377 2518 longe
2409 2449 2737 2505 mitissimus
2768 2459 3073 2521 appareret.
3109 2452 3404 2523 Propterea
3443 2469 3603 2510 secu-

2025 2546 2211 2595 turum
2244 2556 2304 2596 se
2334 2541 2567 2596 omnino
2596 2543 2911 2612 pollicetur,
2959 2558 3071 2598 non
3112 2544 3448 2601 modounori
3490 2561 3599 2602 non

2025 2631 2364 2696 detrectans,
2393 2632 2489 2689 sed
2520 2634 2566 2690 si
2597 2634 2942 2691 moriendum
2979 2635 3070 2700 sit,
3102 2645 3327 2693 strenue
3371 2637 3425 2693 id
3459 2639 3602 2693 arri-

2027 2723 2199 2792 piens.
2240 2723 2428 2780 Simile
2452 2724 2736 2795 quidpiam
2768 2733 2823 2781 et
2868 2726 2924 2781 in
2986 2726 3368 2796 superioribus
3418 2729 3604 2786 videre

2027 2815 2172 2870 licet.
2225 2814 2480 2874 Christus
2534 2817 2666 2871 olim
2702 2814 3017 2873 Judzeorum
3056 2820 3337 2874 vesaniam
3397 2828 3451 2876 et
3507 2822 3603 2878 ira:

2027 2907 2408 2980 impotentiam
2458 2923 2525 2965 ac
2558 2908 2761 2981 lingua:
2816 2908 3176 2980 petulantiam
3229 2909 3505 2977 devitans,
3545 2912 3601 2967 in

341 3015 431 3050 ναι
465 2998 653 3069 δεήσει
678 3000 754 3071 μὴ
788 2999 1092 3055 κατοκνῶν.
1132 2999 1284 3070 Ἔχει
1315 2999 1373 3053 δὲ
1410 2998 1588 3069 τούτῳ
1625 2998 1921 3071 παραπλη-

2024 3000 2246 3056 Galilaza
2300 3003 2572 3073 degebat,
2621 3003 2809 3074 ibique
2865 3005 3044 3059 multa
3106 3003 3376 3060 miracula
3429 3004 3599 3062 edens

342 3092 493 3155 σίως.
521 3093 619 3146 καὶ
649 3094 708 3146 ὲν
739 3095 855 3156 τοῖς
885 3092 1162 3164 ἀνωτέρω,
1178 3092 1272 3147 καὶ
1288 3093 1412 3147 ὅποι
1429 3091 1591 3146 πάλιν
1620 3091 1750 3163 ἐρῶ.
1772 3093 1923 3164 Παρ-

340 3185 662 3257 αιτούμενος
707 3185 819 3258 γάρ
867 3203 997 3240 ποτε
1029 3186 1130 3251 τὰς
1173 3185 1282 3240 τῶν
1336 3185 1607 3240 Ἰουδαίων
1670 3185 1923 3256 ἀποπλη-

343 3276 484 3344 ξίας,
510 3278 606 3332 καὶ
623 3276 689 3331 τὸ
721 3278 961 3349 ἀκρατὲς
985 3275 1081 3331 τοῦ
1109 3274 1306 3345 θυμοῦ,
1336 3277 1428 3329 καὶ
1459 3274 1520 3328 τὸ
1540 3273 1642 3346 τῆς
1671 3272 1921 3346 γλώττης

341 3367 593 3439 ἑξήνιον,
638 3369 753 3430 τοῖς
801 3366 946 3420 κατὰ
998 3367 1098 3438 τὴν
1151 3365 1440 3420 Γαλιλαίαν
1489 3362 1920 3437 ὲπεχωρίαζενὸ

344 3459 601 3530 Χριστὸς,
632 3458 804 3513 πολλά
834 3475 896 3512 τε
924 3460 1055 3529 παρ’
1090 3457 1320 3521 ἐκείνοις
1348 3453 1729 3528 τερατουργῶν
1754 3454 1915 3508 ἐθαυ-

347 3551 569 3617 μάζετο.
610 3547 829 3620 Ἐπειδὴ
844 3548 902 3601 δὲ
923 3548 952 3601 ὁ
986 3547 1084 3618 τῆς
1111 3548 1346 3621 Μαριὰμ
1369 3548 1466 3601 καὶ
1500 3548 1529 3601 ὁ
1560 3547 1659 3618 τῆς
1687 3543 1919 3616 Μάρθας

339 3640 604 3712 τέθνηκεν
633 3641 883 3711 ἀδελφὸς,
909 3640 1054 3712 φημὶ
1080 3639 1145 3712 δὴ
1164 3640 1253 3695 τὸν
1276 3638 1545 3709 Λάζαρον,
1587 3637 1727 3705 ἔγνω
1756 3635 1918 3690 πάλιν

335 3730 413 3795 ώς
440 3731 595 3796 Θεὸς,
618 3728 739 3786 εἶτα
757 3733 906 3798 λέγει
933 3734 1045 3796 τοῖς
1069 3731 1336 3803 μαθηταῖς
1355 3748 1369 3760 ο
1395 3749 1413 3782 ι
1438 3729 1689 3801 Λάζαρος
1713 3731 1741 3782 ὁ
1766 3728 1917 3798 φίλος

345 3825 499 3898 ήμῶν
528 3825 878 3897 κεκοίμηται,
911 3825 1048 3881 άλλά
1073 3824 1378 3896 πορεύομαι
1406 3823 1499 3877 ἵνα
1528 3820 1801 3886 ἐξυπνίσω
1819 3820 1918 3875 αύ-

333 3916 454 3969 τόν.
499 3934 519 3968 ι
551 3918 697 3988 Πρὸς
719 3917 776 3971 δὲ
811 3917 974 3971 τοῦτό
1006 3934 1170 3986 φασιν
1201 3915 1259 3982 ἐξ
1288 3915 1510 3986 ἀγάπης
1540 3914 1591 3966 οί
1641 3910 1914 3984 μαθηταί⁹

345 4028 366 4061 ι
401 4005 515 4063 Νῦν
550 4007 778 4080 ἐζήτουν
810 4026 869 4062 σε
928 4009 1172 4063 Ἰουδαῖοι
1213 4006 1432 4062 λιθάσαι
1453 4046 1467 4070 ,
1496 4006 1592 4060 καὶ
1622 4004 1784 4059 πάλιν
1814 4004 1918 4058 ὑπ-

344 4099 497 4169 άγεις
517 4101 675 4165 ἑκεῖ;
717 4119 737 4152 ι
795 4100 1188 4171 ’Δνισταμένου
1219 4099 1277 4154 δὲ
1296 4099 1388 4153 τοῦ
1418 4097 1657 4167 Χριστοῦ
1678 4137 1694 4161 ,
1735 4096 1830 4151 καὶ
1857 4094 1918 4150 τδ

339 4192 533 4263 χρῆναι
564 4192 785 4256 πάντως
824 4192 918 4245 ὲπὶ
962 4193 1062 4263 τὴν
1100 4190 1209 4245 τῶν
1250 4190 1521 4245 Ἰουδαίων
1554 4188 1918 4259 ὑπονοστῆσαι

339 4282 525 4351 χώραν
549 4281 1002 4354 διακελευομένου
1035 4299 1095 4336 τε
1122 4283 1216 4336 καὶ
1243 4282 1515 4351 λέγοντος,
1549 4281 1752 4351 Θωμᾶς
1778 4281 1807 4333 ὁ
1830 4279 1918 4333 λε-

2023 3093 2375 3149 admirationi
2423 3097 2640 3152 cunctis
2695 3102 2832 3151 erat.
2879 3095 3097 3152 Mortuo
3155 3111 3285 3152 vero
3329 3095 3514 3152 Mariae
3546 3109 3603 3153 et

2023 3183 2250 3240 Marthzn
2280 3185 2453 3241 fratre
2494 3185 2727 3250 Lazaro,
2762 3187 2815 3242 id
2843 3203 3040 3245 rursus
3064 3188 3289 3259 agnovit
3323 3196 3386 3243 ut
3431 3187 3596 3252 Deus,

2022 3275 2253 3345 suisque
2287 3274 2579 3346 discipulis
2606 3277 2748 3331 dixit
2777 3295 2790 3330 :
2831 3296 2849 3329 ι
2888 3275 3132 3333 Lazarus
3164 3278 3378 3333 amicus
3412 3288 3601 3335 noster

2020 3367 2263 3435 dormit,
2297 3368 2389 3425 sed
2442 3368 2584 3424 vado
2638 3377 2756 3425 uta
2789 3384 2985 3425 somno
3038 3371 3274 3427 excitem
3313 3385 3441 3427 eum
3466 3372 3533 3428 ⁸⁸.
3574 3393 3594 3426 ι

2018 3460 2101 3515 Ad
2133 3461 2280 3533 quod
2310 3461 2567 3532 discipuli
2606 3476 2718 3532 pra:
2747 3462 3019 3533 singulari
3046 3476 3177 3534 erga
3209 3478 3335 3520 eum
3368 3463 3553 3520 studio
3582 3483 3596 3520 :

2024 3572 2043 3607 ι
2083 3555 2244 3610 modo
2275 3555 2593 3626 qumrebant
2637 3567 2692 3611 te
2738 3552 2913 3611 Judaei
2968 3555 3237 3628 lapidare,
3293 3564 3348 3613 et
3398 3557 3597 3613 iterum

2018 3646 2176 3702 vadis
2203 3646 2333 3702 illuc
2353 3645 2444 3699 δοῖ
2477 3663 2497 3698 ι
2549 3646 2795 3702 instante
2834 3660 2966 3703 vero
3000 3647 3245 3714 Christo,
3277 3655 3333 3705 et
3363 3647 3598 3705 redeun-

2018 3736 2147 3791 dum
2187 3750 2313 3792 esse
2335 3736 2391 3792 in
2418 3733 2660 3790 Iudaeam
2694 3736 2919 3791 omnino
2948 3735 3169 3793 dicente
3229 3751 3294 3792 ac
3341 3736 3595 3808 iubente,

2014 3828 2261 3885 Thomas
2298 3830 2393 3901 qui
2419 3828 2703 3885 dicebatur
2737 3828 3022 3900 Didymus,
3055 3829 3182 3885 aliis
3202 3828 3598 3900 condiscipulis

2019 3920 2195 3975 dixit:
2236 3937 2256 3971 ι
2296 3918 2501 3974 Eamus
2527 3925 2581 3973 et
2610 3933 2732 3983 nos,
2782 3927 2846 3973 ut
2874 3919 3181 3973 moriamur
3216 3933 3343 3973 cum
3374 3933 3441 3974 eo
3465 3920 3531 3973 δ’.
3571 3938 3592 3972 ι

2016 4012 2221 4067 Eodem
2256 4019 2510 4082 spectare
2554 4009 2702 4066 Petri
2737 4024 3048 4066 sermonem
3097 4010 3358 4065 arbitror.
3393 4008 3598 4066 Existi-

2018 4110 2131 4158 mat
2162 4103 2310 4159 enim
2334 4100 2546 4167 forsan,
2574 4101 2764 4172 etiam
2800 4101 2914 4156 dixi
2944 4108 3133 4167 antea,
3174 4099 3384 4165 Jesum,
3414 4101 3598 4156 abitu-

2018 4211 2140 4250 rum
2166 4210 2310 4262 esse,
2352 4202 2412 4249 ut
2439 4194 2585 4264 apud
2635 4194 2776 4248 alios
2810 4193 3094 4263 praedicet,
3128 4193 3270 4262 apud
3304 4207 3445 4262 quos
3492 4192 3596 4247 im-

2021 4288 2225 4342 mineat
2247 4288 2297 4341 ei
2330 4284 2673 4356 periculum:
2705 4283 2937 4353 ideoque
2985 4284 3102 4354 ipse
3133 4290 3281 4338 totus
3312 4282 3368 4336 in
3412 4281 3597 4336 chari-

335 4374 572 4444 τέμενος
633 4374 863 4446 Δίδυμος
918 4378 1033 4440 τοῖς
1083 4375 1293 4447 ἑτέροις
1339 4374 1444 4445 ἔφη
1491 4372 1911 4444 συμμαθηταῖς·

2024 4386 2185 4434 tatem
2212 4376 2442 4443 effusus,
2478 4385 2745 4432 constans
2780 4381 2835 4431 et
2884 4374 3180 4431 infractum
3222 4373 3292 4429 ad
3322 4375 3426 4431 hoc
3477 4381 3596 4431 stu-

348 4483 369 4515 ‹
388 4465 647 4538 ’Δγωμεν
676 4468 773 4521 καὶ
804 4470 987 4540 ἡμεῖς,
1030 4468 1118 4522 ῖνα
1147 4467 1509 4537 ἀποθάνωμεν
1541 4467 1657 4537 μετ’
1679 4464 1865 4519 αὐτοῦ.
1891 4484 1910 4518 ι

349 4554 591 4610 ιὀιοῦτον
629 4554 784 4629 οἶμαί
806 4576 858 4614 τι
884 4560 981 4613 καλ⁸
1013 4560 1106 4612 τὸν
1130 4558 1239 4613 τῶν
1268 4557 1477 4629 Πέτρου
1514 4556 1917 4630 ρημάτωνώδί-

340 4664 449 4702 νειν
469 4651 693 4706 σκοπόν.
722 4653 909 4707 Οῐεται
949 4651 1057 4724 γάρ
1095 4652 1225 4715 ἴσως
1245 4692 1259 4718 ,
1291 4650 1543 4721 καθάπερ
1580 4649 1682 4722 ’ήδη
1730 4651 1915 4723 προεῖ-

2023 4468 2173 4524 dium
2204 4469 2501 4522 allaturum
2536 4482 2598 4524 se
2622 4465 2937 4537 pollicetur,
2970 4465 3111 4520 nihil
3131 4464 3245 4535 jam
3299 4479 3596 4536 superesse

2022 4558 2213 4615 dicens
2243 4574 2273 4613 a
2305 4571 2416 4629 quo
2443 4557 2725 4628 prohiberi
2757 4556 2933 4629 possit
2955 4557 3254 4628 quominus
3304 4564 3591 4627 sequatur,

2025 4665 2149 4707 cum
2178 4650 2230 4706 ei
2259 4665 2362 4722 pro
2390 4650 2655 4722 magistro
2675 4649 2818 4704 mori
2844 4648 3179 4720 propositum
3215 4648 3308 4704 sit.

346 4757 464 4807 πον,
502 4737 942 4815 ἀποδραμεῖσθαί
973 4760 1067 4796 ποι
1113 4740 1510 4814 διακηρύεοντα
1542 4740 1635 4795 τὸν
1679 4740 1907 4811 Ἰησοῦν,
1948 4741 2045 4795 καὶ⁴
2065 4740 2393 4795 κινδυνεύειν
2433 4739 2595 4794 αὐτὸν
2667 4737 2798 4810 παρ’
2840 4737 3099 4802 ἐκείνοις·
3141 4738 3229 4792 διὰ
3268 4738 3427 4793 τοῦτο
3496 4740 3592 4795 καὶ

340 4833 523 4899 αὐτὸς,
547 4832 783 4906 ἐπείπερ
817 4833 966 4887 ἐστὶν
992 4833 1054 4899 ἐξ
1076 4834 1296 4904 ἀγάπης
1333 4831 1667 4896 ἀκάθεκτος,
1702 4832 1914 4903 ἄμαχόν
1949 4849 2074 4886 τινα
2139 4834 2235 4887 καὶ
2294 4830 2795 4900 δυσανταγώνιστον
2825 4830 2923 4904 τὴν
2969 4831 3048 4896 είς
3089 4831 3247 4885 τοῦτο
3284 4832 3596 4903 προθυμίαν

337 4929 505 4982 οτσειν
542 4927 973 4996 ἐπαγγέλλεται,
1015 4927 1170 4981 οὐδὲν
1200 4927 1279 4981 ἔτι
1321 4925 1600 4989 παντελῶς
1630 4925 2013 4997 ὑπολελεῖφθαι
2039 4926 2212 4997 λέγων
2233 4927 2295 4980 τὸ
2350 4925 2671 4982 διακωλύειν
2705 4926 2908 4996 ίσχύον,
2970 4926 3145 4981 καίτοι
3201 4926 3426 4981 ἕπεσθαι
3484 4926 3595 4980 δεῖν

334 5020 634 5094 ᾑρημένον,
662 5020 891 5091 ἐπείπερ
919 5019 1069 5091 αὐτῷ
1096 5020 1191 5075 καὶ
1228 5018 1586 5091 προτεθνάναι
1619 5018 1711 5074 τοῦ
1741 5018 2061 5075 διδασκάλου
2083 5021 2304 5083 σκοπός.

421 5111 729 5179 Ἀπεκρίθη
767 5108 928 5175 αὐτῷ
966 5112 999 5164 ὁ
1047 5109 1311 5179 Ἰησοῦς-⁸
1376 5109 1500 5178 Τὴν
1537 5107 1751 5179 ψυχήν
1800 5127 1917 5165 σου

332 5202 493 5270 ὑπὲρ
529 5200 676 5271 ἐμοῦ
705 5201 915 5271 θήσεις
931 5218 952 5266 ;
996 5201 1194 5273 Ἀμὴν,
1222 5200 1385 5272 ἀμὴν
1409 5200 1568 5273 λέγω
1595 5217 1716 5268 σοι,
1742 5203 1813 5256 οὐ
1830 5200 1916 5272 μὴ

330 5293 606 5364 ἀλέκτωρ
644 5292 914 5364 φωνήσει
938 5335 952 5357 .
982 5294 1092 5361 ἕως
1124 5290 1195 5351 οὗ
1228 5293 1555 5365 ἀπαρνήσῃ
1578 5310 1658 5364 με
1696 5294 1845 5362 τρίς.

408 5386 654 5450 Μείζονα
686 5386 809 5458 μὲν,
845 5387 877 5458 ἢ
917 5386 1039 5440 καθ’
1069 5386 1261 5439 ἑαυτὸν
1297 5389 1325 5440 ὁ
1348 5387 1552 5459 Πέτρος
1586 5384 1918 5454 ἐπαγγέλλε-

326 5497 454 5544 ται,
479 5477 584 5531 κᾶν
604 5478 931 5547 ἀξιάγαστον
958 5476 1058 5551 ἔχῃ
1089 5477 1187 5548 τὴν
1203 5480 1293 5531 ἐπὶ
1321 5477 1499 5548 τούτῳ
1531 5477 1796 5547 σπουδήν·
1818 5474 1913 5529 τοῦ

327 5589 398 5639 γε
430 5570 540 5643 μὴν
568 5570 831 5642 ἐσομένου
861 5568 1123 5640 χειμῶνος
1148 5569 1209 5622 τὸ
1230 5568 1448 5641 άμειδὲς
1466 5609 1483 5635 ,
1513 5570 1607 5624 καὶ
1636 5568 1916 5623 δύσοιστον

416 5755 463 5786 ³⁸
500 5750 662 5810 Joan.
714 5768 805 5821 at,
858 5754 944 5813 ll.
1020 5754 1067 5790 ⁸ο
1098 5753 1230 5812 ibid.
1268 5759 1322 5810 8.
1398 5755 1442 5789 “
1470 5756 1602 5812 ibid.
1637 5757 1717 5813 ιϐ.

2088 5111 2226 5177 ΧΙΙΙ,
2261 5111 2350 5168 58.
2374 5110 2665 5181 Respondit
2695 5113 2741 5166 ei
2771 5109 2930 5166 Iesus
2953 5128 2972 5166 :
3018 5112 3265 5164 Animam
3308 5116 3455 5162 tuam
3492 5125 3590 5180 pro

2017 5221 2096 5258 me
2115 5205 2316 5283 pones?
2337 5206 2526 5269 Amen,
2559 5221 2713 5258 amen
2740 5204 2858 5258 dico
2887 5203 3000 5270 tibi,
3027 5218 3130 5256 non
3150 5199 3386 5256 cantabit
3409 5201 3589 5273 gallus

2015 5296 2177 5351 donec
2214 5306 2292 5351 ter
2321 5313 2399 5351 me
2430 5313 2603 5369 neges.

2087 5387 2292 5458 Maiora
2322 5389 2542 5460 quidem
2578 5403 2744 5461 quam
2797 5385 2975 5457 possit
3023 5382 3221 5441 Petrus
3271 5384 3586 5457 pollicetur,

2015 5480 2273 5553 quamvis
2300 5482 2539 5537 mirillco
2567 5481 2735 5536 animi
2780 5477 2966 5536 studio
3024 5478 3327 5550 praeditus:
3383 5486 3588 5546 tempe-

2016 5573 2177 5631 statis
2212 5573 2575 5631 nihilominus
2602 5573 2980 5640 acerbitatem,
3008 5582 3065 5643 ει
3099 5574 3208 5630 vim
3264 5566 3582 5627 tentationis
