4042 6204
424 276 444 329 ί
460 276 528 329 11⁷5

1418 271 1496 351 _S.
1518 269 1793 326 CYRiLIJ
1821 269 2287 329 ALEXANDRINI
2326 273 2646 331 ARCHIEP.

3573 270 3676 327 176

423 389 825 447 intolerabilem
866 400 928 440 ac
964 383 1363 456 persecutionis
1389 384 1816 453 magnitudinem
1836 384 1968 439 Chri
1988 414 2002 424 -

2113 387 2200 441 τοῦ
2227 391 2554 461 πειρασμοῦ,
2585 390 2679 445 καὶ
2703 390 2796 445 τοῦ
2813 389 3054 461 διωγμοῦ
3076 389 3134 442 τὸ
3174 386 3401 458 μέγεθος
3425 388 3686 459 ἐννοήσας

416 492 547 539 ‘stus
581 481 727 552 apud
775 494 834 533 se
888 486 1172 548 reputans,
1230 486 1394 546 caput
1459 484 1671 532 tantum
1706 475 1869 546 759
1897 492 2005 530 non

431 582 638 638 movet,
670 579 995 642 tantumque
1025 568 1284 624 affectum
1339 567 1520 622 oculis
1574 568 1880 638 explicans,
1912 567 2008 621 Ju-

429 667 601 721 daicaa
632 664 924 719 dementiae
953 660 1348 716 immanitatem
1395 661 1760 731 perspiciens,
1788 667 1842 715 et
1887 676 2008 730 qute

429 769 561 813 tunc
606 757 874 827 temporis
922 762 1186 810 eventura
1241 765 1401 808 erant
1464 754 1833 825 prospiciens.
1900 754 2008 807 tale

429 852 565 920 quid
605 851 791 904 forsan
824 847 1120 902 inclamat:
1164 845 1418 899 Animam
1465 861 1569 915 pro
1626 861 1712 901 me
1738 845 1922 915 ponis,
1974 860 2008 899 ο

431 944 610 1004 Petre.
648 951 702 998 et
747 940 976 1011 periculi
1015 949 1218 995 metum
1268 957 1371 1011 pro
1417 938 1589 993 nihilo
1638 939 1829 1002 habes.
1862 953 1927 994 ac
1958 947 2010 994 te

430 1041 818 1105 superaturum
849 1030 985 1084 illud
1009 1031 1336 1086 existimas?
1363 1032 1434 1084 At
1465 1029 1650 1086 nescis
1673 1030 2006 1100 gravitatem

433 1122 782 1184 tentationis,
813 1135 918 1176 nec
949 1121 1097 1175 enim
1132 1121 1421 1190 potestatis
1453 1121 1506 1174 in
1539 1117 1783 1190 patiendi
1812 1132 2013 1188 propo-

435 1217 562 1280 sito,
597 1214 692 1270 sed
724 1212 824 1267 tibi
853 1211 942 1267 vel
971 1211 1181 1266 nolenti
1212 1211 1396 1265 animo
1447 1209 1679 1265 deficere
1707 1209 2006 1278 continget.

433 1314 490 1360 ct
523 1304 748 1377 negabis
779 1317 865 1356 nte
912 1311 1013 1366 ter,
1049 1301 1216 1370 idque
1248 1309 1410 1354 nocte
1470 1314 1598 1352 una.
1657 1296 1771 1352 Hoc
1822 1296 2008 1352 Jesum

434 1397 619 1451 dicere
645 1395 784 1449 velle
816 1391 1152 1446 credendum
1182 1398 1285 1445 est.
1321 1389 1426 1444 Sed
1460 1403 1640 1458 opera:
1669 1389 1904 1459 pretium
1927 1396 2013 1442 est

438 1492 525 1543 hic
553 1501 771 1558 quoque
802 1499 996 1539 rursus
1024 1482 1146 1553 ejus
1172 1496 1302 1552 erga
1333 1496 1433 1536 nos
1466 1481 1653 1535 mirari
1680 1480 2006 1535 bonitatem:

437 1595 561 1633 nam
590 1592 714 1632 cum
739 1575 896 1647 prius
918 1575 1152 1630 dixisset
1176 1572 1665 1628 vehementissimo
1686 1572 1804 1640 ejus
1827 1571 2012 1626 studio

436 1671 605 1726 animi
637 1669 748 1722 vim
783 1683 892 1722 non
919 1679 1337 1736 responsuram,
1377 1663 1473 1720 sed
1525 1663 1888 1726 defectorum,
1948 1677 2012 1716 ac

2107 481 2136 532 ὁ
2165 480 2418 552 Χριστὸς,
2449 483 2733 551 μονονουχὶ
2763 483 3041 536 κατασείει
3065 481 3162 552 τὴν
3187 481 3428 552 κεφαλὴν
3449 520 3464 544 ,
3486 481 3606 534 ὅλον
3627 481 3686 534 δὲ

2109 565 2297 638 ὥσπερ
2332 570 2390 621 ἐν
2421 568 2718 638 ὀφθαλμοῖς
2741 570 3002 633 ἀπλὼσας
3023 569 3084 623 τὸ
3113 570 3306 634 πάθος,
3329 571 3425 624 καὶ
3450 569 3688 641 τῆςἸου-

2107 657 2274 711 δαίων
2310 658 2496 722 ἀνοίας
2524 658 2806 731 θεωρήσας
2839 662 2938 732 τὴν
2961 661 3286 733 ὑπερϐολὴν,
3311 661 3688 733 διασκοπήσας

2108 749 2165 802 δὲ
2188 748 2257 802 τά
2297 749 2529 821 ἐσόμενα
2558 751 2680 804 κατ’
2711 752 2885 806 ἐκεῖνο
2929 752 3152 822 καιροῦ,
3189 752 3330 823 τάχα
3362 769 3415 805 τι
3447 751 3688 806 τοιοῦτον

2110 841 2418 911 ἀναφωνεῖ·
2453 842 2564 913 Τὴν
2592 843 2790 915 ψυχὴν,
2815 838 2858 896 ὦ
2898 844 3105 915 Πέτρε,
3138 845 3276 914 ὑπὲρ
3313 841 3448 914 ἐμοῦ
3490 842 3684 909 τίθεις,

2112 932 2206 984 καὶ
2236 932 2298 985 τὸ
2328 933 2492 1003 μηδὲν
2521 929 2662 986 εἶναι
2691 933 2798 1005 φὴς
2822 934 2912 988 τὸν
2939 935 3033 987 ἐπὶ
3061 933 3266 987 τούτων
3303 932 3496 1001 φόϐονο
3520 934 3602 986 ὃτι
3627 950 3687 986 τε

2112 1023 2378 1093 κρείττων
2423 1023 2523 1096 ἔσῃ
2566 1024 2675 1078 τῶν
2709 1025 2985 1096 ἐσομένων
3035 1024 3468 1095 ὑπολαμϐάνεις;
3527 1024 3687 1078 Ἀλλά

2110 1113 2205 1167 τοῦ
2233 1114 2541 1186 πειρασμοῦ
2571 1114 2632 1169 τὸ
2657 1116 2822 1190 βάρος
2851 1117 2950 1170 ούκ
2982 1117 3290 1171 ἐπίστασαι·
3327 1117 3387 1170 ού
3423 1116 3532 1188 γὰρ
3559 1118 3691 1187 ἀρα-

2112 1209 2286 1279 ρότως
2320 1209 2672 1280 προκείσεται
2701 1210 2761 1264 τὸ
2783 1211 2996 1275 παθεῖν,
3031 1213 3116 1265 σοὶ
3165 1211 3222 1264 δὲ
3256 1209 3316 1264 τὸ
3357 1211 3691 1282 μικροψυχῆ-

2115 1300 2370 1364 σαιλίαν,
2405 1302 2500 1354 καὶ
2537 1301 2634 1371 οὐχ
2657 1302 2836 1379 ἑκοντὶ
2865 1302 3226 1374 συμϐήσεται,
3251 1301 3345 1355 καὶ
3377 1304 3588 1374 ἀρνήσῃ
3622 1321 3690 1374 με

2112 1392 2251 1462 τρὶς.
2284 1393 2376 1446 καὶ
2409 1394 2466 1446 ἐν
2491 1395 2646 1446 νυκτὶ
2668 1393 2826 1448 τοῦτο
2855 1393 2987 1448 αὐτὸ
3034 1396 3151 1465 μιᾷ.
3206 1395 3374 1448 Ταυτί
3412 1413 3529 1458 πως
3578 1395 3690 1448 οἴε-

2115 1483 2238 1538 σθαι
2263 1484 2439 1554 λέγειν
2488 1486 2858 1556 ὑποτοπητέον
2902 1486 2994 1539 τὸν
3037 1487 3266 1556 Ἰησοῦν.
3305 1486 3598 1557 Θαυμάσαι
3626 1503 3690 1556 γε

2117 1577 2223 1648 μὴν
2254 1579 2358 1630 κάν
2379 1576 2553 1648 τούτῳ
2590 1577 2654 1648 δὴ
2707 1577 2870 1630 πάλιν
2907 1577 3006 1649 τὴν
3050 1576 3275 1632 ἐνοῦσαν
3305 1577 3454 1648 αὑτῷ
3503 1579 3692 1648 φιλαν-

2115 1666 2362 1735 θρωπίαν
2394 1666 2578 1734 ἄξιον
2617 1667 2962 1739 προειρηκὼς
2989 1667 3118 1740 γὰρ,
3159 1669 3240 1723 ὅτι
3289 1669 3368 1741 τῷ
3412 1671 3551 1740 τόνῳ
3592 1671 3692 1741 τῆς

429 1773 586 1831 terga
613 1759 895 1823 daturum,
928 1756 1063 1811 adeo
1102 1755 1260 1832 utrad
1290 1755 1468 1810 solum
1523 1755 1758 1825 periculi
1801 1763 2007 1808 metum

2114 1759 2340 1830 ἐνούσης
2393 1759 2543 1830 αὐτῷ
2589 1759 2921 1831 προθυμίας,
2966 1763 2999 1830 ἡ
3032 1761 3131 1832 τῆς
3163 1760 3341 1832 ψυχῆς
3373 1762 3473 1832 οὑχ
3501 1761 3692 1831 ἕψεται

436 1869 496 1908 se
532 1859 833 1922 negaturus
880 1848 973 1910 sit.
1027 1831 1182 1902 nihil
1217 1849 1605 1903 interminatus
1651 1855 1756 1901 est.
1801 1845 2012 1900 idcirco

435 1959 536 2000 nec
568 1945 623 1998 in
653 1942 895 1996 divinam
925 1941 1058 1994 iram
1090 1940 1444 1993 incursurum
1466 1939 1564 2003 ait,
1595 1953 1770 2008 neque
1792 1951 2010 2007 pwnam

435 2033 582 2104 quod
633 2031 954 2086 humanitus
988 2040 1308 2085 eventurum
1337 2029 1390 2084 id
1423 2030 1472 2084 ei
1532 2038 1700 2092 esset,
1756 2030 2009 2084 intentat.

441 2124 661 2178 Sciebat
690 2122 834 2176 enim
865 2121 1138 2175 infirmam
1171 2120 1352 2174 adlmc
1403 2135 1526 2176 esse
1578 2131 1852 2186 naturam,
1909 2134 2013 2174 nec

436 2213 633 2269 mortis
665 2213 842 2268 minas
868 2211 1015 2267 ferre
1046 2226 1229 2280 posse.
1271 2209 1525 2265 Nondum
1557 2211 1703 2267 enim
1735 2227 1832 2281 per
1892 2211 2013 2280 ejus

439 2305 904 2362 resurrectionem
938 2304 1222 2375 abrogata,
1259 2313 1590 2358 cunctorum
1623 2311 1860 2358 mentem
1890 2319 2014 2373 pre-

436 2398 641 2463 mebat,
670 2397 898 2466 soloque
924 2403 1077 2450 metu
1111 2395 1199 2450 vel
1235 2393 1597 2450 fortissimum
1655 2410 1929 2464 quemque
1961 2401 2014 2449 et

435 2488 867 2544 audacissimum
901 2485 1155 2556 frangere
1192 2486 1336 2556 potis
1371 2494 1512 2540 erat.
1561 2483 1769 2539 Natura
1813 2485 2016 2555 quippe

441 2591 639 2652 praeter
670 2587 926 2634 naturam
988 2585 1220 2633 mortem
1267 2577 1506 2648 patiens,
1557 2577 1609 2632 ei
1664 2575 1808 2630 cedit
1842 2584 1901 2628 ut
1938 2577 2016 2629 vi-

367 2715 371 2718 .
439 2670 622 2732 ctrici,
654 2669 762 2723 imo
792 2682 920 2722 vero
950 2676 1081 2721 tunc
1121 2665 1375 2720 cedebat.
1405 2665 1512 2720 Sed
1543 2681 1574 2719 a
1594 2676 1784 2720 nostro
1819 2661 2018 2718 Serva-

439 2771 556 2814 tore
577 2757 853 2829 perruptis
885 2757 1034 2810 illius
1079 2755 1317 2809 vinculis
1352 2755 1539 2810 suavis
1572 2753 1713 2808 facta
1757 2759 1840 2808 est
1888 2752 2016 2806 dili-

437 2851 696 2923 gentibus
727 2847 1030 2912 Christum,
1055 2847 1188 2902 licet
1213 2846 1409 2901 acerbe
1441 2843 1661 2898 invadat
1690 2863 1702 2898 :
1731 2843 1850 2913 ejus
1871 2843 2014 2897 enim

439 2945 795 2997 locoaeterna
835 2939 945 2993 vita
983 2937 1278 3004 successit,
1302 2936 1677 3007 corruptionis
1709 2936 2017 2992 dissolvens

439 3035 757 3104 imperium.
795 3029 968 3086 Nemo
1005 3036 1189 3084 autem
1234 3029 1324 3084 hic
1360 3045 1555 3085 rursus
1588 3028 1868 3084 existimet
1917 3026 2018 3082 Pe-

2113 1845 2363 1915 δύναμις,
2411 1845 2630 1900 όκλάσει
2660 1863 2724 1915 γε
2765 1847 2872 1918 μὴν
2896 1887 2910 1911 ,
2942 1846 3039 1900 καὶ
3066 1846 3368 1900 ὑπενδώσει
3413 1846 3690 1912 τοσοῦτον,

2115 1937 2255 1990 ὥστε
2289 1939 2384 1990 καὶ
2419 1937 2555 2008 πρὸς
2592 1938 2749 2008 μόνον
2778 1940 3033 1992 ἀπειπεῖν
3059 1939 3152 1993 τὸν
3177 1940 3273 1993 τοῦ
3314 1941 3560 1994 κινδύνου
3597 1940 3694 2010 φό-

2115 2026 2228 2094 ϐον,
2262 2027 2414 2080 οὐδὲν
2444 2027 2803 2098 ἐπηπείλησε,
2837 2029 2926 2082 διὰ
2954 2028 3114 2083 τοῦτο
3138 2030 3320 2101 τυχὸν,
3352 2030 3428 2093 ὡς
3449 2031 3557 2084 οὐδ’
3588 2029 3694 2084 ὑπὸ

2116 2115 2264 2169 θείαν
2293 2115 2444 2169 ἐσται
2480 2117 2693 2188 κίνησιν
2731 2117 2902 2186 λέγει.
2933 2119 3043 2172 Καὶ
3078 2117 3167 2173 διὰ
3188 2118 3345 2172 ποίαν
3379 2119 3576 2174 αἰτίαν.
3614 2161 3628 2175 .
3676 2161 3690 2175 .

2118 2297 2340 2351 παθόντι
2369 2297 2426 2351 δέ
2449 2314 2501 2350 τι
2527 2297 2636 2351 τῶν
2661 2298 3046 2370 ἀνθρωπίνων,
3087 2302 3188 2355 οὑκ
3222 2301 3558 2356 ἐπανατείνει
3591 2302 3691 2374 τὴν

2116 2388 2356 2443 κόλασιν.
2402 2388 2556 2460 ᾜδει
2601 2389 2710 2460 γὰρ
2746 2389 3080 2446 ἀσθενοῦσαν
3114 2391 3194 2445 ἔτι
3232 2393 3330 2463 τὴν
3370 2391 3528 2461 φύσιν
3552 2434 3566 2457 ,
3593 2393 3694 2447 καὶ

2116 2482 2176 2535 ού
2211 2481 2516 2553 δυναμένην
2565 2481 2809 2550 ἐνεγκεῖν
2859 2480 2953 2534 τοῦ
3010 2482 3243 2537 θανάτου
3291 2485 3387 2556 τὴν
3435 2485 3690 2556 ἀπειλήν.

2117 2571 2282 2625 Οῦπω
2307 2571 2436 2642 γὰρ,
2460 2571 2612 2625 οὔπω
2647 2574 3062 2645 κατηργημένος
3102 2575 3190 2629 διὰ
3219 2577 3317 2648 τῆς
3348 2578 3695 2642 ἀναστάσεως

2117 2662 2321 2728 αὑτοῦ,
2369 2665 2471 2735 τῆς
2522 2664 2779 2719 ἁπάντων
2825 2665 3063 2730 διανοίας
3113 2668 3568 2740 κατεθρασύνετο,
3600 2671 3694 2724 καὶ

2118 2754 2300 2819 ἱκανὸς
2329 2749 2397 2825 ἦν
2433 2755 2532 2821 ἔτι,
2564 2757 2660 2810 καὶ
2695 2757 2840 2828 μόνῳ
2872 2757 3206 2830 συνθραῦσαι
3236 2760 3313 2831 τῷ
3339 2761 3577 2833 δείματι,
3597 2763 3696 2817 καὶ

2116 2844 2207 2898 τὸν
2238 2844 2444 2916 σφόδρα
2467 2847 2735 2910 νεανικὸν,
2765 2848 2860 2902 καὶ⁸
2889 2850 3061 2903 δεινὸν
3105 2852 3185 2915 εἰς
3223 2853 3534 2924 εὐτολμίαν.
3576 2855 3694 2908 Πα-

2118 2935 2283 2988 θοῦσα
2312 2935 2420 3006 γὰρ
2442 2937 2593 3008 παρά
2631 2937 2793 3008 φύσιν
2820 2943 2853 3010 ή
2883 2941 3042 3009 φύσις
3068 2943 3157 2996 τὸν
3186 2942 3433 3012 θάνατον,
3455 2946 3533 3009 ὡς
3551 2963 3694 3000 νενιο

2117 3029 2310 3099 κηκότι
2349 3034 2690 3102 παραχωρεῖ,
2715 3032 2915 3102 μᾶλλον
2934 3034 2993 3087 δέ
3022 3036 3330 3108 παρεχώρει
3359 3037 3500 3091 τότε.
3529 3038 3696 3108 Διαρ-

439 3134 587 3180 trum
612 3123 682 3178 ob
714 3121 922 3177 Christi
949 3120 1160 3175 dictum
1197 3135 1448 3190 negasse,
1505 3128 1670 3191 atque
1699 3121 1884 3176 animo
1917 3120 2011 3177 de-

2118 3121 2378 3192 ρήξαντος
2408 3124 2463 3177 δὲ
2517 3124 2610 3178 τοῦ
2651 3126 2904 3198 Σωτῆρος
2943 3128 3103 3198 ἡμῶν
3146 3129 3215 3183 τὰ
3262 3130 3471 3185 ἐκείνου
3495 3129 3692 3201 δεσμὰ,

441 3216 672 3281 fecisse;
698 3228 801 3268 nec
840 3212 986 3268 enim
1014 3210 1400 3266 necessitatem
1433 3211 1599 3266 ullam
1631 3212 1882 3281 imponit,
1919 3220 2015 3266 aut

441 3309 510 3363 ad
544 3309 658 3362 haec
689 3305 1042 3376 suscipienda
1074 3305 1123 3359 vi
1153 3304 1405 3374 impellit,
1440 3303 1537 3360 sed
1585 3306 1728 3375 quod
1781 3315 1840 3360 ut
1871 3305 2016 3362 Dens

443 3399 827 3470 proculdubio
861 3396 1109 3451 futurum
1157 3397 1331 3460 novit,
1391 3395 1522 3451 illud
1571 3397 1842 3466 discipulo
1875 3414 2016 3468 pra:-

439 3495 594 3548 dicit.
623 3491 894 3558 Quoniam
927 3501 1110 3544 autem
1150 3504 1272 3558 quae
1314 3489 1600 3544 veteribus
1638 3491 2012 3555 contigerunt,

437 3587 504 3640 ad
538 3592 888 3656 posterorum
927 3579 1353 3635 admonitionem
1407 3579 1619 3650 scripta
1671 3581 1884 3644 sunt“,
1919 3597 2016 3652 age

441 3679 692 3734 nonnihil
723 3677 976 3731 utilitatis
1005 3690 1070 3729 ex
1106 3674 1208 3728 hoc
1241 3675 1421 3743 capite
1458 3675 1869 3744 depromamus.
1894 3674 2015 3730 Non

437 3772 696 3828 existimo
727 3778 936 3825 temere
987 3766 1248 3838 quiddam
1279 3767 1479 3821 debere
1509 3780 1612 3821 nos
1643 3765 1754 3821 Deo
1785 3767 2016 3838 promit-

439 3874 590 3927 tere,
648 3877 749 3915 nec
795 3857 941 3930 quod
993 3858 1140 3913 vires
1191 3855 1467 3911 interdum
1522 3863 1744 3912 nostras
1802 3857 2017 3911 excedit

441 3951 759 4008 faciendum
794 3949 1060 4020 recipere,
1115 3947 1275 4018 quasi
1335 3961 1516 4000 rerum
1570 3955 1812 4016 potestas
1847 3963 2015 4018 penes

442 4061 544 4101 nos
580 4043 673 4107 sit,
720 4057 844 4098 cum
907 4055 1003 4111 spe
1051 4047 1240 4094 nostra
1289 4039 1612 4109 plerumque
1664 4039 2012 4094 frustremur.

439 4134 655 4204 Alioqui
684 4131 943 4202 superbia
978 4144 1170 4185 carere
1217 4142 1328 4182 non
1389 4128 1628 4182 arbitror
1678 4128 1752 4182 ita
1807 4128 2011 4196 dicere,

439 4225 878 4298 lioeperficiam,
915 4232 1008 4277 aut
1033 4221 1189 4276 illud.
1215 4219 1271 4274 ln
1291 4220 1548 4275 omnibus
1575 4220 1719 4276 enim
1745 4236 1864 4291 qua:
1891 4221 2016 4290 quis

440 4320 650 4392 agenda
677 4317 841 4388 760
882 4315 987 4371 sibi
1021 4315 1386 4384 proposuerit.
1425 4312 1559 4367 illud
1605 4314 1840 4367 maxime
1879 4329 2014 4384 pra:-

436 4405 769 4462 niittendum
811 4401 958 4472 quod
995 4401 1132 4453 dixit
1176 4401 1621 4470 sapientissimus
1667 4401 2006 4472 discipulus:

2117 3212 2319 3282 γλυκὺς
2369 3215 2752 3284 ἀναπέφανται
2788 3220 2900 3282 τοῖς
2935 3219 3190 3287 ἀγαπῶσι
3230 3222 3486 3292 Χριστὸν,
3521 3225 3569 3276 εί
3599 3223 3697 3277 καὶ

2118 3307 2333 3378 προσίοι
2363 3309 2608 3380 πικρῶς·
2659 3311 3046 3382 ἀντεισϐέϐηκε
3093 3312 3259 3386 γάρή
3299 3314 3518 3379 αἰώνιος
3554 3314 3696 3386 ζωὴ.

2116 3399 2178 3452 τὸ
2202 3400 2302 3470 τῆς
2335 3401 2539 3474 φθορᾶς
2573 3403 2927 3474 παραλύουσα
2960 3405 3182 3477 κράτος.
3215 3408 3425 3462 υίέσθω
3443 3408 3499 3462 δὲ
3530 3407 3697 3462 πάλιν

2117 3492 2354 3547 ἐνταῦθα
2404 3495 2595 3566 μηδεὶς
2639 3496 2909 3568 ήρνῆσθαί
2941 3515 3000 3551 τε
3041 3498 3136 3552 καὶ
3177 3500 3437 3571 ἀτονῆσαι
3467 3501 3558 3554 τὸν
3590 3503 3697 3555 Πέο

2116 3599 2262 3652 τρον,
2289 3582 2376 3636 διὰ
2408 3585 2466 3638 τὸ
2497 3586 2651 3657 ῥῆμα
2674 3587 2912 3659 Χριστοῦ
2932 3603 2946 3618 ο
3002 3590 3065 3642 οὑ
3103 3589 3210 3661 γὰρ
3249 3591 3495 3663 ἀνάγκην
3521 3593 3698 3646 ἐπιτι-

2117 3670 2252 3736 θεὶς,
2279 3672 2392 3725 ἀλλ’
2407 3674 2529 3728 οὑδὲ
2555 3678 2619 3729 ἐκ
2642 3676 2762 3746 βίας
2783 3678 2954 3734 ἕλκων
2975 3684 3056 3746 είς
3078 3681 3138 3736 τὸ
3161 3681 3353 3736 παθεῖν
3373 3682 3440 3736 τά
3466 3681 3696 3738 τοιαῦτά

2117 3781 2282 3834 φησιν
2301 3779 2316 3796 ⁸
2357 3765 2470 3818 ἀλλ’
2499 3769 2635 3840 ὅπερ
2663 3765 2822 3834 οἶδεν,
2847 3771 2921 3837 ὡς
2949 3773 3102 3839 Θεὸς,
3135 3773 3354 3838 πάντως
3393 3775 3488 3827 καὶ
3511 3775 3692 3846 ἀναμ-

2117 3854 2355 3923 φιλόγως
2393 3859 2649 3929 ἐσόμενον
2680 3863 2938 3934 προλέγει
2975 3864 3051 3935 τῷ
3095 3866 3334 3939 μαθητῇ.
3383 3867 3602 3938 Ἐπειδὴ
3635 3867 3694 3922 δὲ

2114 3947 2181 3999 τά
2206 3949 2313 4011 τοῖς
2361 3949 2738 4024 ἀρχαιοτέροις
2778 3956 3186 4028 συμϐεϐηκότα,
3242 3958 3378 4028 πρὸς
3409 3957 3694 4012 νουθεσίαν

2114 4036 2222 4090 τῶν
2251 4041 2370 4109 μετ’
2403 4042 2600 4106 αὑτοὺς
2629 4044 3063 4115 ἀναγέγραπται,
3115 4047 3245 4120 φέρε
3273 4048 3335 4118 δή
3368 4066 3422 4101 τι
3444 4047 3694 4119 λέγωμεν

2115 4129 2225 4183 τῶν
2257 4131 2571 4199 ἀναγκαίων
2597 4135 2677 4197 εἰς
2705 4135 2890 4206 δνησιν
2931 4140 2996 4191 ἐκ
3019 4137 3113 4192 τοῦ
3146 4137 3440 4208 κεφαλαίου
3471 4155 3695 4207 κεκινη-

2118 4221 2289 4290 μένοι.
2322 4224 2396 4275 Οὑ
2427 4222 2534 4295 γὰρ
2583 4220 2734 4296 οἶμαι
2765 4226 2880 4280 δεῖν
2907 4228 3339 4298 ἐπαγγέλλεσθαι
3377 4247 3430 4282 τι
3471 4228 3695 4300 προχεί-

2119 4329 2225 4382 ρως
2258 4313 2334 4384 τῷ
2371 4314 2509 4386 Θεῷ,
2542 4318 2664 4371 ούδέ
2698 4319 2999 4389 κατορθοῦν
3038 4322 3413 4393 ὑπισχνεῖσθαι
3450 4322 3511 4376 τὸ
3548 4323 3693 4393 ὑπὲρ

2114 4403 2342 4475 δύναμιν
2363 4405 2473 4461 ἐσθ’
2506 4409 2594 4463 ὅτε
2615 4452 2630 4477 ,
2657 4409 2733 4474 ὡς
2758 4411 3276 4478 κατεξουσιάζοντας
3297 4415 3402 4468 τῶν
3431 4414 3694 4484 πραγμά-

439 4498 496 4551 Si
531 4495 796 4550 Dominus
817 4493 1086 4555 voluerit,
1116 4499 1170 4545 et
1195 4530 1210 4556 ,
1237 4493 1280 4546 si
1329 4491 1654 4545 vixerimus.
1693 4491 2010 4563 Promptum

2114 4510 2242 4562 των,
2264 4497 2358 4548 καὶ
2373 4497 2532 4551 τοῦτό
2555 4516 2695 4570 φημι
2720 4502 2857 4572 πρὸς
2879 4503 2946 4555 τὰ
2970 4504 3034 4556 ἐκ
3053 4505 3153 4574 τῆς
3177 4503 3476 4575 ἀποτυχίας
3493 4504 3692 4576 ἐγκλή-

435 4589 640 4657 quippe
665 4585 803 4640 bene
830 4583 1024 4651 agendi
1057 4581 1296 4636 studium
1332 4581 1546 4650 piorum
1592 4581 1794 4636 animis
1825 4583 2007 4638 inesse

436 4679 638 4734 debere
667 4676 776 4740 aio,
810 4673 1142 4743 virtutisque
1178 4679 1295 4725 toto
1330 4671 1516 4725 animo
1542 4672 1786 4727 colenda:
1813 4673 2010 4728 volun-

435 4777 622 4832 tatem,
652 4767 796 4820 viam
847 4771 1035 4819 autem
1094 4778 1282 4818 eorum
1334 4762 1671 4833 agendorum
1732 4778 1763 4818 a
1821 4765 2005 4821 divina

434 4861 687 4919 bonitate
711 4857 1024 4929 petendam,
1063 4871 1172 4910 non
1219 4863 1423 4910 temere
1457 4855 1617 4926 quasi
1670 4856 1817 4910 illam
1871 4858 1925 4912 in
1956 4869 2010 4914 te

437 4953 641 5008 habeas
667 4948 936 5020 polliceri.
975 4945 1070 5000 Sic
1100 4945 1244 5000 enim
1268 4960 1451 5000 veram
1483 4946 1534 4999 in
1565 4946 1820 5003 omnibus
1848 4947 2008 5005 bonis

431 5044 856 5114 promissionem
912 5036 1020 5094 Deo
1078 5038 1446 5104 servabimus,
1487 5045 1542 5092 et
1571 5049 1728 5094 extra
1789 5040 2005 5112 culpam

433 5121 626 5204 pedem
657 5133 1000 5196 habebimus,
1039 5137 1098 5183 ut
1145 5127 1462 5183 Graecorum
1517 5129 1708 5184 tritum
1747 5138 1830 5187 est
1872 5147 2006 5202 pro-

431 5227 640 5281 verbio.
700 5223 918 5294 Alioqui
980 5222 1155 5278 satius
1219 5230 1305 5275 est
1371 5236 1482 5276 non
1557 5237 1772 5279 vovere
1808 5224 2004 5291 alicui,

2117 4602 2264 4656 ματα
2293 4587 2525 4656 βλέπων.
2567 4589 2792 4655 ’Ἄλλως
2821 4610 2882 4646 τε
2910 4595 3003 4648 καὶ
3033 4595 3332 4666 ὑπεροψίας
3367 4597 3468 4650 οὑκ
3507 4597 3687 4669 ἀπηλ-

2115 4676 2305 4748 λάχθαι
2325 4678 2526 4748 νομίζω
2544 4680 2604 4734 τὸ
2627 4683 3023 4755 προαλέστερον
3041 4687 3234 4752 εἰπεῖν,
3251 4687 3332 4740 ὅτι
3355 4688 3691 4760 κατορθώσω

2110 4768 2232 4822 τόδε
2260 4786 2312 4823 τι
2341 4773 2525 4842 τυχὸν,
2559 4773 2592 4843 ἢ
2639 4774 2758 4828 τόδε
2797 4795 2867 4831 τι.
2915 4779 3025 4832 Καὶ
3063 4779 3170 4850 γὰρ
3204 4780 3291 4849 ἐφ’
3328 4781 3567 4845 ἅπασιν,
3603 4778 3691 4846 οἷς

2109 4860 2174 4914 ἄν
2229 4878 2311 4925 τις
2346 4850 2540 4932 δρᾶσαι
2596 4865 2873 4936 προέλοιτο
2921 4871 3015 4922 καὶ
3066 4869 3321 4942 βούληται
3358 4870 3684 4942 κατορθοῦν,

2102 4951 2279 5006 ἐκεῖνο
2309 4952 2542 5023 μάλιστα
2567 4955 2649 5008 δεῖ
2673 4959 2890 5025 φωνεῖν,
2912 4962 3049 5031 ὅπερ
3082 4962 3301 5032 εἴρηκεν
3320 4962 3348 5013 ὁ
3373 4961 3685 5030 σοφώτατος

2103 5039 2385 5112 μαθητής·
2433 5043 2558 5097 Ἐἀν
2585 5047 2613 5098 ὁ
2642 5045 2842 5116 Κύριος
2865 5047 3017 5123 θέλῃ,
3043 5052 3137 5103 καὶ
3159 5051 3434 5123 ζήσωμεν.
3471 5051 3685 5124 Προθυ-

2104 5133 2234 5205 μίαν
2267 5134 2368 5206 μὲν
2415 5135 2522 5207 γὰρ
2559 5138 2658 5209 τὴν
2707 5139 3053 5212 ἀγαθουργόν
3085 5160 3228 5214 φημι
3267 5145 3376 5198 δεῖν
3429 5147 3549 5208 ταῖς
3569 5144 3682 5198 τῶν

2103 5225 2365 5295 φιλοθέων
2399 5229 2596 5283 ἐνεῖναι
2630 5230 2849 5301 ψυχαῖς,
2887 5233 2980 5286 καὶ
3023 5234 3083 5287 τὸ
3123 5235 3422 5307 κατορθοῦν
3469 5236 3680 5290 ἐθέλειν

430 5332 594 5388 quam
627 5331 848 5379 vovere,
878 5323 932 5368 et
966 5329 1074 5370 non
1107 5313 1339 5369 reddere
1363 5312 1433 5367 ".

2113 5319 2199 5387 τὴν
2231 5317 2429 5389 ἀρετὴν
2465 5319 2524 5386 ἐξ
2567 5320 2695 5391 ὅλης
2750 5323 2932 5394 ἰσχύος
2973 5325 3308 5394 ἐπείγεσθαι,
3365 5328 3465 5397 τὴν
3493 5327 3548 5380 δὲ
3583 5328 3681 5383 ἐπὶ

435 5412 634 5474 τούτοις
665 5407 781 5460 ὁδὸν
804 5405 890 5459 διὰ
909 5407 1009 5478 τὴν
1046 5408 1251 5464 ἀνωθεν
1292 5411 1525 5476 ἐξαιτεῖν
1567 5415 1877 5485 εὐμένειαν,
1932 5419 2028 5488 οὐχ
2105 5418 2179 5480 ὡς
2222 5416 2413 5487 ἔχοντα
2449 5419 2717 5490 προαλῶς
2771 5423 3223 5491 ἐπαγγέλλεσθαι.
3293 5424 3521 5497 Ἀψευδῆ
3568 5425 3684 5498 γὰρ

423 5508 566 5559 οὑτω
602 5501 678 5572 τῷ
710 5499 828 5569 Θεῷ
866 5500 961 5569 τὴν
995 5502 1079 5570 ἐφ’
1108 5505 1277 5558 ἀπασί
1316 5510 1428 5570 τοῖς
1469 5508 1710 5579 ἀρίστοις
1753 5514 2084 5582 ἐπαγγελίαν
2112 5507 2442 5585 τηρήσομεν,
2505 5513 2610 5580 ἐξω
2631 5533 2691 5569 τε
2718 5518 2854 5572 πόδα
2879 5519 3054 5584 αἰτίας
3109 5519 3321 5592 ἕξομεν,
3387 5522 3529 5575 κατά
3585 5520 3679 5577 τὸν

433 5599 553 5668 παρ’
591 5594 1008 5666 Ἕλλησιλόγον.
1046 5598 1200 5652 Ἔστι
1242 5600 1299 5653 δὲ
1335 5603 1426 5654 καὶ
1460 5603 1661 5675 ἑτέρως
1699 5607 1901 5676 ἀγαθὸν
1935 5609 1994 5662 τὸ
2031 5609 2103 5680 μὴ
2132 5608 2392 5676 εὔξασθαί
2415 5626 2578 5674 τισιν,
2607 5609 2640 5680 ἢ
2667 5608 2946 5678 εὔξασθαι,
2984 5612 3077 5667 καὶ
3113 5612 3188 5684 μὴ
3215 5611 3530 5667 ἀποδοῦναι.

491 5717 580 5771 "l
615 5717 740 5772 Cor.
777 5733 827 5782 κ,
873 5713 957 5768 ll.
1035 5715 1079 5747 ⁴³
1122 5719 1300 5775 Eccle.
1347 5739 1396 5788 v,
1432 5724 1483 5790 5,
1519 5724 1571 5777 -i.
