4042 6204
343 315 445 374 177

407 425 505 494 Μὴ
535 425 930 495 ταρασσέσθω
967 425 1134 495 ὑμῶν
1169 426 1206 494 ἡ
1241 426 1471 496 καρδία.

407 515 503 578 Εἰς
530 513 692 568 τοῦτο
731 515 1094 586 μικροψυχίας
1138 517 1564 588 κατοιχήσεσθαι
1593 518 1683 570 τὸν
1713 519 1920 590 Πέτρον

337 605 532 668 εἰπὼν,
563 605 640 669 ὡς
666 606 1010 678 ἀρνήσασθαι
1033 607 1175 678 τρὶς,
1219 610 1314 661 καὶ
1345 611 1402 662 ἐν
1434 612 1532 681 μιᾷ
1557 610 1716 664 τοῦτο
1740 611 1922 663 πείσε-

341 697 464 749 σθαι
499 698 677 762 νυκτὶ,
714 701 782 768 τῇ
823 697 918 752 τοῦ
959 700 1286 771 πράγματος
1326 701 1601 772 ὑπερϐολῇ
1639 703 1921 772 μονονουχὶ

339 788 430 840 τὸν
461 788 831 858 ἀκμαιότατον
863 789 972 844 τῶν
997 790 1256 845 κινδύνων
1292 791 1539 859 ὑπέδειξε
1572 793 1736 862 φόϐον
1756 809 1770 824 ·
1799 791 1922 845 ὅθεν

341 875 406 950 ἦν
424 879 488 951 δή
521 898 660 945 που,
701 883 798 934 καὶ
830 883 976 954 μάλα
1010 884 1235 948 εἰκότως
1262 925 1277 949 ,
1316 885 1443 948 τοὺς
1475 884 1696 956 ἐτέρους
1745 902 1924 957 παρα-

344 973 533 1042 χρῆμα
557 971 957 1041 διαλογίζεσθαι
997 973 1267 1045 μαθητὰς,
1298 974 1384 1038 τίς
1415 974 1521 1046 ἄρα
1547 974 1644 1027 καὶ
1672 975 1860 1040 πόσος,
1887 975 1920 1046 ἢ

343 1065 496 1118 ποῖον
519 1063 634 1128 ἕξει.
657 1065 717 1118 τὸ
743 1065 975 1134 μέγεθος
993 1066 1102 1120 τῶν
1125 1066 1398 1137 ἐσομένων
1431 1068 1460 1120 6
1492 1066 1656 1136 φόϐος
1677 1107 1692 1132 ,
1719 1067 1915 1121 δυσκα·

341 1153 660 1224 ταμάχητος
689 1153 747 1208 δὲ
768 1155 942 1219 οὕτως
967 1155 995 1207 6
1025 1151 1330 1229 πειρασμδς
1351 1197 1366 1221 ,
1409 1156 1484 1220 ὡς
1508 1156 1650 1210 ἑλεῖν
1691 1156 1791 1227 μὲν
1831 1157 1923 1211 τὸν

342 1245 671 1317 προῦχοντα,
696 1246 1024 1302 καταϐαλεῖν
1048 1247 1104 1301 δὲ
1141 1249 1239 1318 οὐχ
1270 1248 1435 1316 ἅπαξ,
1466 1248 1579 1302 ἀλλ’
1610 1251 1667 1302 ἐν
1697 1249 1779 1302 ἐνὶ
1823 1249 1923 1320 μὲν

344 1337 628 1403 πολλάκις,
669 1340 763 1393 καὶ
791 1341 850 1392 ἐν
880 1337 1042 1410 ὀλίγῳ
1076 1340 1276 1412 καιρῷ.
1302 1341 1399 1404 Τίς
1441 1335 1537 1394 οῦν
1563 1339 1671 1412 ἄρα
1704 1342 1764 1394 ἐν
1792 1341 1923 1412 ἡμῖν

340 1431 402 1484 τὸ
429 1432 485 1484 ἐν
519 1433 634 1494 τοῖς
661 1431 742 1484 έτι
781 1431 992 1503 χείροσι
1040 1433 1292 1501 γενέσθαι
1324 1431 1702 1502 διαφεύξεται,
1737 1431 1771 1502 ἢ
1808 1431 1924 1495 πῶς

343 1519 556 1584 ἀνθέξει
579 1537 663 1584 τις
702 1520 924 1590 ἕτερος,
961 1520 1058 1574 τοῦ
1096 1521 1303 1591 Πέτρου
1338 1522 1680 1593 κινουμένου,
1713 1522 1806 1574 καὶ
1842 1521 1924 1591 τῷ

345 1615 500 1686 βάρει
521 1613 632 1666 τῶν
648 1613 1098 1686 συμϐεϐηκότων,
1119 1613 1193 1677 ὼς
1210 1613 1269 1678 ἐξ
1285 1614 1550 1686 ἀνάγκης,
1572 1613 1890 1676 ὑπείκοντος
1905 1631 1919 1680 ;

345 1707 537 1776 Μάτην
570 1700 663 1758 οὖν
699 1704 829 1776 ἄρα,
871 1705 997 1768 τοὺς
1039 1704 1134 1756 ἐπὶ¹
1171 1703 1249 1775 τῷ
1285 1704 1483 1775 χρῆναι
1505 1703 1923 1758 κατακολουθεῖν

1403 317 1472 371 ΙΝ
1497 316 1784 374 IO‘ANNIS
1822 315 2274 373 EVANGELIUM
2319 317 2446 374 LiB.
2491 319 2581 374 IX.

3505 323 3611 379 {3'8

1947 432 2001 489 Λ
2099 428 2237 496 XIV,
2266 430 2314 484 l.
2351 429 2473 484 Non
2505 431 2743 485 turbetur
2770 449 2859 487 cor
2885 441 3132 488 vestrum.

2097 521 2395 595 Postquam
2425 525 2563 580 dixit
2591 541 2656 581 co
2686 527 3020 584 infirmitatis
3057 545 3318 586 casurum
3359 529 3602 598 Petrum,

2030 622 2088 668 ut
2115 623 2199 670 ter
2226 625 2530 687 negaturus
2561 618 2652 681 sit,
2687 619 2854 690 idque
2888 637 2995 674 una
3025 621 3078 676 in
3108 630 3272 678 nocte
3302 621 3351 677 ei
3380 634 3606 677 eventu-

2029 723 2179 772 rum,
2216 709 2762 766 vehementissimum
2818 713 3194 782 periculorum
3247 725 3449 768 metum
3484 730 3609 783 prus

2031 801 2324 872 pemodum
2352 802 2616 858 indicavit
2637 805 2712 860 rei
2737 805 3054 876 hyperbole,
3080 807 3225 862 unde
3251 806 3377 876 jure
3409 807 3612 861 merito

2031 891 2124 946 alii
2153 892 2338 948 statim
2371 893 2630 964 discipuli
2653 896 2796 966 apud
2830 913 2888 952 se
2921 898 3166 968 cogitare
3199 907 3456 968 poterant
3487 899 3610 968 qui-

2031 997 2156 1038 nam
2185 991 2240 1038 et
2273 993 2516 1056 quantus
2543 995 2691 1042 esset
2737 1003 2923 1042 rerum
2961 989 3274 1043 futurarum
3314 999 3518 1054 metus,
3557 999 3611 1045 et

2031 1090 2194 1146 quam
2227 1077 2408 1146 gravis
2443 1085 2497 1133 et
2555 1088 2869 1150 expugnate
2919 1080 3155 1138 dillicilis
3195 1081 3450 1147 tentatio,
3488 1097 3610 1152 qua:

2031 1169 2369 1237 praacipuum
2401 1175 2455 1224 et
2511 1169 2974 1250 eximiumillum
3036 1173 3298 1229 invasura
3351 1182 3518 1240 esset,
3555 1183 3611 1230 et

2029 1259 2310 1329 dejeetura
2369 1276 2481 1315 non
2550 1263 2761 1327 semel,
2814 1263 2910 1318 sed
2950 1265 3002 1319 in
3059 1282 3169 1319 uno
3223 1281 3387 1334 smpe,
3435 1281 3612 1334 eoque

2031 1351 2182 1406 brevi
2210 1357 2479 1421 tempore.
2510 1351 2646 1418 Quis
2669 1366 2918 1409 nostrum
2948 1356 3115 1426 igitur
3137 1358 3410 1412 deteriore
3432 1356 3610 1410 adhuc

2011 1444 2155 1499 .loco
2183 1458 2293 1499 non
2323 1443 2450 1508 erit,
2492 1454 2587 1499 aut
2620 1447 2902 1515 quomodo
2955 1449 3172 1503 resistet
3203 1449 3345 1504 alius
3380 1449 3526 1503 ullus
3563 1449 3608 1504 si

2030 1535 2227 1592 Petrus
2258 1537 2600 1600 concutitur,
2633 1545 2687 1591 et
2745 1554 2976 1593 casuum
3038 1540 3294 1611 gravitati
3343 1541 3491 1596 velut
3545 1557 3611 1596 ex

2032 1626 2364 1684 necessitate
2413 1629 2772 1684 succumbit?
2830 1629 3056 1685 Frustra
3094 1632 3259 1704 igitur
3326 1633 3380 1686 in
3424 1649 3490 1688 eo
3525 1649 3612 1687 Se-

2032 1719 2252 1789 quendo
2281 1719 2496 1774 labores
2530 1721 2894 1790 pertulimus,
2931 1729 2986 1777 et
3040 1721 3096 1776 in
3155 1738 3325 1778 vanos
3381 1724 3611 1780 sudores

344 1796 490 1868 αὐτῷ
542 1795 947 1866 διηντλήκαμεν
981 1794 1200 1858 πόνους,
1231 1796 1324 1848 καὶ
1347 1797 1426 1858 εἰς
1453 1795 1658 1866 ζημίαν
1687 1794 1928 1866 ἱδρώτων

2040 1809 2235 1864 abeunt
2258 1809 2431 1864 nostri
2462 1817 2721 1874 conatus,
2755 1811 3009 1881 quamvis
3044 1812 3189 1883 apud
3239 1813 3408 1867 Deum
3444 1815 3609 1868 vitam

343 1889 639 1959 ἐκτελευτᾷ
668 1887 730 1941 τὸ
759 1887 1118 1959 ἐπιχείρημα,
1140 1886 1318 1940 καίτοι
1342 1886 1487 1958 ζωῆς
1509 1888 1607 1957 τῆς
1635 1886 1787 1960 παρά
1809 1885 1926 1956 Θεῷ

345 1982 605 2053 πρόξενον
634 1975 776 2034 εἶναι
799 1979 1014 2034 δοκοῦν.
1040 1979 1230 2035 Ταῦτά
1254 1996 1336 2033 τοι
1382 1979 1504 2033 καθ’
1535 1981 1762 2044 ἑαυτοὺς
1789 1979 1930 2032 διεν⁹

345 2072 635 2144 θυμεῖσθαι
662 2074 788 2136 τοὺς
819 2072 1072 2144 μαθητὰς
1097 2073 1158 2126 τὸ
1184 2073 1413 2138 ἀπεικὸς
1441 2074 1594 2128 οὐδέν
1614 2089 1627 2103 ’
1655 2073 1842 2144 ἐπειδὴ
1873 2073 1930 2126 δὲ

345 2165 678 2237 κεκλιμένην
701 2166 886 2228 αὑτοῖς
918 2164 1016 2235 τὴν
1049 2164 1289 2218 διάνοιαν
1309 2162 1647 2236 ἐπανορθοῦν
1688 2163 1793 2216 ἔδει
1824 2163 1929 2217 πά-

344 2258 448 2325 λιν,
470 2260 773 2329 ἀναγκαῖον
802 2257 992 2328 ὥσπερ
1026 2260 1139 2321 τοῖς
1179 2256 1430 2310 ἐντεῦθεν
1463 2256 1835 2326 διαλογισμοῖς
1872 2272 1930 2307 τε

345 2351 442 2404 καὶ
479 2351 750 2422 δείμασιν,
792 2350 1123 2418 ἀντεπάγειν
1169 2349 1231 2402 τὸ
1296 2349 1610 2420 φάρμακον,
1657 2347 1821 2400 ὅπλον
1870 2363 1932 2399 τε

347 2443 624 2497 ποιεῖσθαι
647 2441 744 2514 τὴν
775 2441 1081 2514 ἀταραξίαν
1112 2441 1418 2505 ἐπιτάττει,
1445 2439 1620 2508 λέγων
1637 2454 1649 2467 ·
1685 2456 1702 2489 ι
1723 2437 1815 2508 Μὴ
1837 2455 1931 2491 τα-

353 2535 645 2607 ρασσέσθω
674 2535 822 2606 ὑμῶν
854 2537 888 2606 ἡ
911 2535 1127 2607 καρδία.
1164 2553 1182 2586 ι
1223 2535 1368 2606 Ὅρα
1397 2550 1460 2601 γε
1494 2532 1624 2603 μὴν,
1659 2531 1809 2594 ὅπως
1842 2532 1934 2583 ἐπ-

352 2629 730 2700 εσκιασμένως
779 2630 962 2693 αὑτοῖς
1013 2629 1112 2700 τῆς
1151 2627 1418 2699 ἐσομένης
1448 2626 1633 2688 αὐτοῖς
1668 2623 1935 2695 μικροψυ-

348 2721 478 2792 χίας
517 2721 855 2792 ὑπισχνεῖται
889 2719 988 2790 τὴν
1017 2720 1233 2788 ἄφεσιν.
1297 2715 1798 2778 ’Λκατακαλύπτως
1835 2715 1935 2785 μὲν

349 2812 458 2884 γὰρ
498 2811 559 2864 οὑ
593 2828 778 2881 φησιν,
815 2813 898 2865 ὅτι
924 2809 1320 2880 Συγγνώσομαι
1351 2809 1446 2864 καὶ
1474 2807 1860 2880 ὴσθενηκόσιν,
1900 2807 1936 2877 ἢ

346 2906 427 2958 ὅτι
458 2903 764 2974 Συνέσομαι
785 2903 948 2959 πάλιν
981 2903 1132 2957 οὐδὲν
1163 2897 1324 2973 ἦττον
1349 2898 1750 2974 ἀρνησαμένοις
1778 2897 1811 2968 ἢ
1838 2915 1937 2951 πε-

351 2993 633 3064 φευγόσιν,
655 2993 744 3047 ἵνα
771 2993 846 3063 μὴ
867 2993 958 3046 τὸν
979 2995 1042 3045 ἐκ
1058 2991 1153 3046 τοῦ
1176 2991 1475 3061 γελᾶσθαι*
1496 2989 1661 3060 φόϐον
1675 2987 1937 3053 ὁλοτελῶς

350 3087 687 3158 ἀποστήσας,
741 3086 840 3138 καὶ
870 3085 966 3157 τὴν
1018 3087 1081 3138 ἐκ
1127 3083 1220 3137 τοῦ
1278 3081 1643 3155 προσκρούειν
1680 3079 1938 3134 ὑπόνοιαν

2031 1899 2332 1955 conciliare
2363 1897 2677 1954 videantur.
2713 1903 2839 1955 meo
2871 1901 3014 1971 apud
3038 1917 3096 1957 se
3125 1902 3431 1971 discipulos
3462 1904 3612 1974 cogi-

2032 1999 2150 2046 tare
2183 2007 2294 2045 non
2324 1992 2423 2047 abs
2449 2008 2508 2048 re
2545 1993 2777 2048 dixerim
2810 2013 2822 2047 :
2871 1993 2967 2049 sed
3019 2009 3144 2048 cum
3194 1994 3473 2050 labantem
3501 1994 3614 2048 ani-

2030 2099 2178 2137 mum
2215 2099 2411 2140 rursus
2444 2085 2657 2156 erigere
2697 2095 2846 2142 esset
2878 2087 2958 2142 eis
2991 2101 3171 2156 operte
3205 2087 3464 2156 pretium,
3515 2103 3611 2141 ne-

2032 2175 2332 2231 cessarium
2363 2176 2774 2248 quodammodo
2803 2178 2892 2236 his
2934 2179 3365 2248 cogitationibus
3399 2193 3463 2234 ac
3497 2185 3611 2234 ter-

2029 2267 2252 2324 roribus
2285 2266 2444 2323 oflert
2473 2270 2804 2335 remedium,
2831 2287 3039 2342 eosque
3089 2271 3390 2327 securitate
3443 2271 3614 2324 animi

2032 2358 2236 2411 armari
2266 2358 2422 2427 jubet
2444 2359 2666 2415 dicens:
2697 2377 2718 2412 ι
2748 2358 2866 2414 Non
2895 2361 3148 2416 turbetur
3172 2375 3267 2415 cor
3289 2369 3556 2415 vestrum.
3590 2378 3607 2410 ο

2033 2449 2169 2503 Vide
2203 2464 2371 2518 porro
2410 2457 2470 2503 ut
2497 2451 2579 2505 eis
2607 2451 2932 2506 adumbrate
2962 2451 3302 2506 inﬁrmitatis
3333 2450 3613 2508 remissio-

2035 2556 2157 2596 nem
2190 2541 2538 2610 polliceatur.
2583 2541 2692 2596 Nec
2721 2543 2865 2597 enim
2918 2551 3106 2612 aperte
3170 2543 3246 2597 ait
3287 2558 3348 2598 se
3395 2543 3612 2596 veniam

2035 2630 2294 2685 daturum
2342 2631 2508 2685 etiam
2563 2631 2836 2696 infirmis,
2887 2640 2980 2684 aut
3019 2630 3204 2686 denuo
3269 2637 3612 2686 versaturum

2037 2735 2161 2775 cum
2199 2721 2269 2776 iis
2301 2736 2331 2774 a
2361 2721 2566 2792 quibus
2600 2731 2833 2792 negatus
2864 2721 3052 2787 fuerit,
3079 2731 3173 2776 aut
3201 2721 3298 2792 qui
3347 2719 3611 2792 fugerint,

2036 2828 2106 2868 ne
2137 2821 2284 2869 metu
2323 2814 2615 2884 supplicii‘
2649 2813 2890 2879 sublato,
2917 2823 2971 2870 et
2995 2812 3319 2869 oﬂ‘ensionis
3349 2811 3612 2882 Opinione

2037 2921 2269 2976 prorsus
2308 2905 2600 2961 amandata
2624 2905 2885 2977 perfacile
2907 2907 2990 2962 eis
3022 2913 3308 2978 peccatum
3332 2903 3611 2968 redderet,

2039 3005 2093 3051 et
2123 2995 2429 3066 negationis
2469 2996 2687 3067 culpam
2716 3011 2816 3067 pro
2848 2995 3020 3051 nihilo
3056 2995 3336 3052 aestimare
3375 2995 3613 3049 doceret.

2044 3086 2181 3141 Cum
2232 3093 2413 3142 autem
2478 3085 2699 3142 dicebat
2750 3087 2963 3141 turbari
2996 3102 3105 3142 non
3153 3092 3428 3156 oportere,
3475 3084 3617 3138 inter

349 3175 613 3240 ὁλπελῶς
666 3174 924 3246 ἀφελὼν,
991 3174 1131 3230 λεῖον
1181 3173 1368 3236 αὑτοῖς
1430 3170 1820 3243 ἀπεργάσηται
1874 3169 1933 3224 τὸ

2041 3176 2201 3247 761
2246 3191 2396 3246 spem
2435 3190 2498 3230 ac
2524 3183 2731 3230 metum
2766 3190 2862 3232 eos
2897 3175 3154 3246 ponebat,
3189 3184 3249 3230 ut
3278 3174 3512 3228 infirmis
3550 3173 3617 3227 iis

353 3269 738 3340 πλημμέλημα
760 3310 775 3334 ,
816 3269 911 3322 καὶ
942 3267 1073 3338 παρ’
1113 3266 1264 3321 οὐδὲν
1294 3264 1570 3319 ποιεῖσθαι
1614 3263 1801 3334 διδάξῃ
1835 3262 1934 3334 τὴν

354 3363 417 3415 ἐκ
435 3363 532 3433 τῆς
550 3361 833 3433 ἀρνήσεως
864 3359 1093 3430 μέμψιν.
1120 3359 1192 3412 Τὸ
1225 3358 1282 3412 δὲ
1314 3357 1378 3428 δὴ
1401 3355 1475 3429 μὴ
1501 3357 1700 3427 χρῆναι
1733 3355 1937 3426 ταράτ-

352 3453 542 3508 τεσθαι
571 3453 768 3522 λέγων,
803 3453 1000 3524 μέσους
1020 3451 1217 3516 αὐτοὺς
1249 3450 1466 3514 ἐλπίδος
1489 3449 1658 3503 ἐτίθει
1711 3448 1806 3502 καὶ
1828 3447 1937 3502 δεί-

359 3563 548 3617 ματος,
583 3546 648 3600 ἵν’
689 3544 1019 3616 ὴσθενηκόσι
1075 3545 1173 3614 μὲν
1218 3543 1310 3596 καὶ¹
1353 3541 1618 3596 παθοῦσιν
1663 3541 1845 3603 αὑτοῖς
1877 3539 1940 3593 τὸ

356 3637 701 3709 ἀνθρώπινον
730 3639 764 3707 ἡ
795 3639 895 3708 τῆς
926 3635 1265 3706 ἡμερότητος
1312 3633 1467 3696 ἐλπὶς
1515 3632 1652 3703 πρὸς
1711 3629 1774 3686 τὸ
1807 3631 1939 3684 ἀνα-

360 3730 560 3801 σφῆλαι
579 3730 840 3799 συμμαχῇ
851 3767 865 3791 ,
883 3726 1129 3795 ὀλιγάκις
1144 3725 1199 3777 δέ
1213 3723 1425 3777 πταίειν
1436 3722 1566 3777 ὁτοῦ
1582 3719 1941 3793 προσκρούειν

358 3823 553 3887 αὐτοὺς
583 3819 856 3892 ἐπιτρέπῃ
891 3818 1075 3888 φόϐος,
1099 3816 1330 3887 ἐπείπερ
1363 3815 1547 3878 αὐτοῖς
1577 3812 1737 3866 οὔπω
1769 3812 1942 3882 μετῆν

357 3919 416 3970 τὸ
438 3917 516 3988 μὴ
543 3913 804 3969 δύνασθαι
823 3911 1132 3984 διαπίπτειν
1161 3908 1319 3972 ὅλως,
1347 3906 1500 3961 οὔπω
1527 3908 1944 3976 κατημφιεσμέ-

361 4026 468 4071 νοις
500 4008 605 4078 τὴν
647 4005 852 4062 ἄνωθεν
903 4004 1000 4057 καὶ
1044 4003 1143 4074 τὴν
1195 4001 1254 4065 ἐξ
1286 3999 1455 4070 ὕψους
1504 3997 1757 4067 δύναμιν,
1795 3996 1942 4050 τοῦτ’

363 4100 494 4164 ἐστι,
525 4099 627 4171 τὴν
659 4097 748 4152 διά
778 4096 872 4151 τοῦ
908 4095 1228 4167 Πνεύματος
1248 4095 1431 4165 χάριν.
1484 4090 1792 4146 Ἐπιτάττει
1829 4108 1944 4144 τοι-

365 4190 563 4263 γαροῦν
595 4189 672 4261 μὴ
700 4186 1090 4260 ταράττεσθαι,
1133 4185 1268 4256 ὁμοῦ
1299 4185 1398 4255 μὲν
1429 4183 1718 4245 διδάσκων,
1754 4182 1946 4254 ὅτιπερ

366 4285 632 4356 προσήκοι
684 4281 750 4352 δὴ
787 4281 1004 4344 πάντως
1062 4278 1319 4349 ἀμείνους
1362 4270 1504 4328 εἶναι
1536 4273 1737 4338 δειλίας
1765 4314 1780 4340 ,
1820 4275 1949 4337 τοὺς

367 4373 729 4444 ἀγωνίζεσθαι
765 4373 1059 4444 μέλλοντας
1109 4371 1206 4424 καὶ¹
1229 4370 1354 4432 τοὺς
1382 4368 1521 4438 ὑπὲρ
1556 4367 1654 4437 τῆς
1680 4367 1759 4429 εἰς
1779 4365 1948 4437 ἄκρον

368 4468 614 4530 εὐκλείας
635 4464 984 4535 εἰσϐήσεσθαι
1004 4463 1219 4524 πόνους.
1247 4459 1407 4529 Μέγα
1430 4459 1539 4530 γὰρ
1559 4459 1638 4522 είς
1659 4457 1946 4528 εὐτολμίαν

2041 3278 2096 3324 et
2125 3268 2351 3322 humani
2411 3266 2669 3338 quiddam
2704 3266 3042 3336 patientibus
3074 3266 3338 3321 bonitatis
3388 3280 3514 3335 spes
3552 3263 3619 3316 ad

2041 3359 2422 3428 respirandum
2475 3357 2861 3427 opitularetur,
2915 3365 2972 3413 et
3026 3372 3153 3412 raro
3193 3355 3393 3412 cadere
3450 3353 3620 3411 offen—

2042 3449 2206 3505 dendi
2239 3459 2415 3504 metus
2441 3465 2538 3506 eos
2584 3449 2928 3515 admoneret,
2975 3446 3420 3520 quandoquidem
3453 3461 3621 3517 penes

2041 3558 2139 3599 eos
2190 3541 2435 3597 nondum
2489 3549 2610 3598 erat
2659 3547 2719 3596 ut
2782 3541 2980 3597 cadere
3042 3556 3153 3595 non
3182 3545 3438 3610 possent,
3495 3551 3622 3591 eum

2045 3634 2287 3691 nondum
2316 3635 2518 3689 virtute
2546 3649 2791 3705 superna
2820 3640 2876 3688 et
2900 3648 2965 3688 ex
2999 3634 3110 3687 alto
3139 3631 3318 3686 induti
3350 3629 3620 3693 essent“,

2045 3730 2150 3784 hoc
2189 3737 2272 3784 est
2299 3727 2539 3798 Spiritus
2570 3727 2768 3797 gratia.
2803 3724 2968 3781 Jubet
2999 3725 3186 3796 itaque
3219 3731 3280 3779 ut
3336 3738 3448 3778 non
3506 3729 3623 3775 tur-

2045 3821 2264 3886 bentur,
2305 3835 2414 3875 non
2465 3819 2633 3874 modo
2668 3816 2888 3889 quidem
2941 3816 3148 3871 docens
3198 3821 3348 3869 metu
3400 3811 3625 3867 omnino

2047 3912 2358 3982 superiores
2392 3927 2514 3968 esse
2546 3910 2747 3965 debere
2777 3909 2868 3979 qui
2903 3907 3170 3964 certaturi
3201 3916 3354 3968 sunt,
3417 3912 3473 3958 et
3525 3902 3622 3973 qui

2046 4019 2148 4074 pro
2201 4017 2414 4058 summa
2448 4002 2621 4073 gloria
2677 4001 2894 4056 labores
2940 4007 3072 4056 sunt
3128 3997 3338 4052 inituri.
3371 3995 3639 4066 Magnum.-

2048 4095 2231 4165 itaqne
2282 4093 2349 4148 ad
2403 4091 2573 4147 animi
2631 4092 2888 4146 virtutem
2943 4087 3252 4146 subsidium
3316 4093 3403 4142 est
3471 4099 3674 4170 mens,

2051 4187 2456 4258 imperterrita:
2495 4202 2687 4241 verum
2728 4185 2895 4238 etiam
2943 4182 3242 4238 obscurius
3300 4193 3400 4233 nec
3430 4177 3626 4231 admo-
3664 4187 3677 4198 ·

2051 4283 2180 4338 dum
2213 4288 2420 4351 aperte,
2449 4277 2794 4334 remissionis
2838 4284 3018 4330 tamen
3056 4288 3210 4343 spem
3247 4271 3641 4330 subinserens,

2051 4370 2183 4424 licet
2225 4384 2293 4423 ex
2347 4367 2667 4421 infirmitate
2719 4365 2960 4419 humana
3006 4363 3062 4418 in
3117 4361 3468 4416 timiditatem
3518 4357 3629 4410 labi

2055 4456 2370 4527 contigerit.
2406 4455 2639 4510 Animus
2703 4454 2850 4510 enim
2905 4466 3142 4523 superna
3178 4450 3358 4521 gratia
3384 4447 3644 4505 nondum.

372 4561 576 4628 ἐφόδιον
604 4560 634 4612 6
663 4558 937 4628 ἀτάραχος
962 4553 1085 4618 νοῦς
1115 4570 1128 4583 ο
1155 4551 1292 4624 ὁμοῦ
1321 4551 1379 4605 δὲ
1419 4547 1485 4605 αὖ
1519 4548 1678 4604 πάλιν
1706 4549 1933 4620 ἀμυδρό·

2059 4550 2330 4612 lirmatus,
2364 4546 2590 4602 timidus
2625 4554 2731 4613 est,
2762 4561 2828 4600 ac
2857 4544 3019 4599 facile
3051 4542 3298 4604 concuti,
3335 4541 3634 4608 statimque

374 4667 544 4722 τερον,
580 4649 680 4703 καὶ
711 4648 772 4700 ού
801 4646 1009 4717 σφόδρα
1037 4642 1316 4712 διαφανῶς
1339 4681 1353 4706 ,
1396 4639 1745 4711 ὑποσπείρων
1773 4638 1818 4692 δ’
1856 4633 1949 4692 οῦν

377 4741 511 4810 ὅμως
567 4740 670 4810 τῆς
711 4737 962 4808 ἀφέσεως
994 4736 1092 4807 τὴν
1126 4733 1337 4800 ἐλπίδα,
1365 4733 1460 4786 καὶ
1506 4733 1555 4785 εί
1593 4731 1801 4800 γένοιτό
1834 4748 1949 4794 πως

2060 4640 2273 4696 turbari
2342 4640 2501 4695 solet.
2538 4637 2886 4707 Proindeque
2925 4636 3133 4690 Paulus
3189 4631 3642 4703 sapientissimus.

2064 4733 2203 4788 bene
2231 4747 2461 4803 prccans
2492 4731 2777 4786 nonnullis
2801 4729 2996 4786 scribit
3023 4746 3037 4784 :
3090 4749 3107 4779 ι
3151 4727 3218 4782 Et
3251 4740 3355 4796 pax
3402 4722 3633 4786 Christi,

377 4837 553 4899 αὐτοῖς
593 4835 658 4887 τὸ
700 4833 761 4898 ἐξ
798 4830 1151 4903 ἀνθρωπίνης
1203 4824 1571 4899 μικροψυχίας
1613 4823 1933 4877 κατολισθεῖε

2053 4840 2173 4894 quae
2227 4833 2524 4896 exsuperat
2574 4838 2794 4879 omnem
2844 4837 3094 4885 sensum,
3153 4818 3433 4876 custodiat
3465 4815 3640 4874 corda

377 4930 451 4992 είς
485 4927 712 4981 δειλίαν.
749 4924 895 4988 Νοῦς
937 4923 1047 4994 γὰρ
1095 4920 1251 4975 οὔπω
1299 4920 1366 4989 τῇ
1405 4916 1615 4972 ἀνωθεν
1667 4915 1933 4986 ἱδρυμένοι

2054 4922 2238 4971 vestra
2262 4916 2332 4970 ⁸⁵.
2384 4935 2402 4967 ι
2453 4915 2510 4970 ld
2539 4915 2686 4969 enim
2733 4922 2836 4980 est,
2887 4921 2946 4967 ut
2980 4927 3088 4967 non
3119 4911 3379 4967 turbetur
3419 4921 3517 4963 cor
3543 4920 3638 4960 ve~

377 5013 575 5092 χάριτι,
613 5017 789 5080 δειλός
819 5033 880 5070 τε
931 5016 1025 5069 καὶ
1047 5011 1471 5082 εὑανάτρεπτος,
1512 5006 1607 5060 καὶ
1638 5006 1718 5069 είς
1739 5007 1800 5060 τὸ
1828 5005 1954 5060 κλο-
2059 5016 2258 5065 strum.

377 5087 574 5162 νεῖσθαι
605 5107 796 5178 ταχύς.
820 5103 920 5158 Διά
940 5121 1022 5157 τοι
1048 5101 1241 5166 τοῦτο,
1275 5098 1371 5151 καὶ
1405 5099 1434 5150 6
1497 5094 1813 5166 σοφώτατος
1872 5095 2085 5159 Παῦλος
2148 5099 2514 5171 ἐπευχόμενός
2556 5117 2700 5154 τισιν
2750 5096 3052 5152 ἐπιστέλλει
3079 5114 3092 5128 ο
3155 5115 3174 5148 ι
3208 5093 3320 5152 Καὶ
3367 5092 3402 5162 ἡ
3447 5087 3648 5162 εἰρήνη-

375 5200 466 5254 τοῦ
498 5199 740 5271 Χριστοῦ
767 5238 782 5260 ,
821 5199 856 5266 ἡ
890 5194 1234 5267 ὑπερέχουσα
1271 5192 1450 5245 πάντα
1478 5188 1603 5243 νοῦν
1653 5189 1951 5261 φρουρήσει
1989 5190 2088 5254 τὰς
2115 5193 2342 5263 καρδίας
2365 5191 2539 5262 ὑμῶν.
2578 5211 2596 5242 ι
2634 5191 2806 5247 Τοῦτο
2831 5194 2938 5265 γάρ
2961 5192 3076 5243 ἐστι
3109 5187 3168 5240 τὺ
3229 5185 3304 5257 μὴ
3371 5181 3638 5254 ταράττε-

379 5295 498 5348 σθαι
527 5294 630 5365 τὴν
659 5290 910 5361 καρδίαν.

449 5385 765 5440 Πιστεύετε
806 5384 892 5447 εις
919 5381 1026 5434 τὸν
1056 5377 1223 5442 Θεὸν,
1247 5375 1344 5430 καὶ
1373 5374 1461 5439 είς
1490 5372 1593 5442 ἐμὲ
1617 5377 1954 5432 πιστεύετε.

461 5477 719 5547 Ὁπλίτην
742 5475 1037 5546 ἐργάζεται
1075 5470 1168 5524 τὸν
1194 5467 1318 5537 ἄρτι
1348 5463 1542 5530 δειλὸν,
1569 5467 1664 5520 καὶ
1687 5467 1775 5522 διὰ
1813 5487 1958 5540 πρα-

385 5569 604 5642 γμάτων
629 5570 693 5620 ἐκ
715 5566 880 5636 φόϐου
907 5562 1236 5638 τραυμάτων
1271 5553 1541 5610 ποιεῖσθαι
1573 5557 1784 5613 κελεύει
1807 5562 1866 5614 τὸ
1900 5564 1957 5616 ἐν

2139 5370 2255 5425 XIV
2277 5412 2293 5437 ,
2339 5373 2390 5427 1.
2426 5369 2634 5426 Credite
2661 5371 2714 5424 in
2741 5368 2903 5423 Deum
2923 5411 2936 5433 ,
2967 5375 3016 5423 et
3039 5369 3092 5421 in
3123 5383 3202 5422 me
3228 5365 3436 5421 credite.

2137 5465 2240 5532 Qui
2268 5465 2430 5520 modo
2460 5464 2685 5519 timidus
2709 5473 2828 5518 erat
2855 5475 3003 5515 nunc
3031 5461 3292 5514 audacem
3326 5458 3644 5513 bellatorem
3707 5446 3717 5452 ’

2071 5557 2237 5623 facit,
2293 5565 2344 5612 et
2393 5571 2488 5627 per
2527 5569 2724 5626 opera,
2772 5567 2838 5609 ex
2885 5551 3107 5607 timoris
3158 5549 3475 5606 vulneribus
3524 5560 3646 5600 cre-

463 5748 506 5778 νδ
536 5746 667 5802 Luc.
708 5758 834 5798 unt
891 5741 978 5798 «l9.
1058 5741 1101 5772 ⁵⁸
1143 5739 1378 5810 Philipp.
1419 5757 1490 5810 l\',
1539 5744 1585 5795 '1'.
