4042 6204
370 305 466 357 179

1501 315 1776 370 CYlilLLl
1810 317 2283 380 ALEXANDIHNI
2317 328 2636 386 ARCHIEP.

3524 298 3621 396 ii-‘o

368 429 515 475 «tum
545 429 598 477 et
633 423 826 480 fortem
857 428 1101 482 animum
1127 429 1178 482 in
1208 429 1312 484 ﬁde
1343 430 1453 484 ﬁeri
1484 431 1658 499 jubet.
1686 431 1776 488 Sic
1800 433 1944 488 enim

2058 438 2232 492 πίστει
2273 446 2490 514 γοργόν.
2541 446 2834 518 Σωζόμεθα
2881 450 2989 522 γὰρ
3016 451 3207 514 οὕτως,
3255 453 3348 506 καὶ
3397 455 3494 525 οὑχ
3524 459 3638 509 έτέ-

371 517 674 583 salvamur,
711 533 775 572 ac
813 535 918 574 non
959 521 1139 587 aliter,
1164 523 1322 592 juxta
1357 524 1490 578 illud
1529 526 1673 595 quod
1709 528 1763 579 in
1795 525 1950 581 Psal-

373 612 475 666 mis
505 612 723 667 canitur
769 629 782 665 :
839 632 858 663 ι
899 613 1167 670 Dominus
1221 615 1552 671 illuminatio
1583 632 1706 672 mea
1740 627 1795 672 et
1829 616 1949 672 Sal-

371 713 531 757 vator
570 719 726 760 mcus
773 724 786 760 :
837 721 999 776 quem
1058 707 1310 762 timebo?
1355 707 1624 766 Dominus
1669 717 1950 780 protector

366 796 493 849 vita:
522 811 673 858 mem,
709 813 737 850 a
772 813 882 867 quo
911 799 1195 868 trepidabo
1225 799 1308 854 ‘5?
1347 801 1772 873 Cunctipotente
1801 804 1949 858 enim

367 886 476 942 Deo
505 904 602 958 pro
631 889 788 944 nobis
815 899 1092 960 pugnante
1120 898 1285 962 atque
1311 907 1409 947 nos
1431 903 1786 964 protegente,
1821 897 1946 965 quis

367 981 526 1035 nobis
569 995 765 1035 nocere
808 981 1030 1051 possit?
1069 973 1212 1048 ρως
1235 991 1445 1039 tantum
1474 985 1692 1041 roboris
1721 987 1952 1044 habitu-

367 1085 464 1124 rus
487 1079 570 1127 est
594 1088 834 1142 unquam
863 1114 878 1138 ,
921 1082 982 1128 ut
1024 1076 1234 1132 electos
1281 1077 1389 1132 sibi
1422 1078 1684 1148 subjiciat
1711 1121 1723 1144 ,
1754 1089 1808 1135 et
1838 1097 1954 1137 suae

367 1163 746 1228 perversitatis
803 1163 1072 1221 obnoxios
1124 1163 1344 1220 faciat?
1391 1166 1503 1222 Aut
1545 1170 1672 1239 quis
1703 1172 1955 1241 captivos

369 1254 536 1308 faciat
570 1270 665 1310 eos
707 1256 801 1326 qui
837 1256 1024 1311 divina
1057 1256 1303 1328 undique
1342 1261 1542 1315 muniti
1589 1271 1721 1317 sunt
1769 1277 1952 1318 arma-

371 1345 534 1399 tura?
580 1344 740 1402 Fides
779 1347 964 1418 itaque
1011 1359 1290 1403 armatura
1335 1358 1423 1404 est
1458 1352 1696 1407 infracta
1725 1364 1781 1409 et
1807 1355 1956 1421 lata,

370 1453 491 1506 quae
536 1439 807 1509 ignaviam
858 1454 923 1494 ac
977 1448 1247 1496 terrorem
1290 1444 1539 1509 avertit,
1587 1455 1642 1502 et
1694 1451 1986 1520 nequitiae,

370 1529 479 1584 tela
500 1529 656 1583 irrita
686 1537 738 1585 et
769 1529 989 1584 inutilia
1021 1547 1253 1601 prorsus
1278 1533 1464 1590 efﬁcit.
1493 1535 1630 1591 Cum
1669 1553 1799 1609 ergo
1832 1538 1956 1596 ﬁdei

371 1622 513 1676 ratio
540 1623 612 1676 ita
648 1637 707 1677 sc
741 1621 942 1678 habeat
964 1662 979 1687 ,
1012 1623 1416 1680 observandum
1440 1635 1528 1682 est
1549 1630 1956 1701 rursusjussos

2057 547 2188 600 ρως,
2225 535 2344 586 κατ’
2375 536 2551 588 ἐκεῖνο
2573 535 2634 607 δή
2685 555 2785 590 που
2815 537 2873 590 τὸ
2905 540 2961 590 ὲν
3007 539 3259 608 Ψαλμοῖς
3295 541 3531 612 μελῳδοῦ
3542 562 3639 611 με-

2054 639 2171 677 νον·
2219 643 2236 676 ι
2279 625 2482 696 Κύριος
2539 627 2817 697 φωτισμός
2851 644 2951 697 μου
3003 629 3098 681 καὶ
3144 631 3328 700 σωτήρ
3361 648 3482 700 μου,
3519 633 3638 684 τίνα

2056 716 2470 788 φοϐηθήσομαι;
2512 716 2717 789 Κύριος
2761 719 3176 791 ὑπερασπιστὴς
3205 721 3303 791 τῆς
3331 720 3478 792 ζωῆς
3511 741 3637 794 μου,

2055 808 2162 861 ἀπὸ
2189 809 2332 873 τίνος
2349 809 2636 874 δειλιάσω;
2663 829 2680 861 ι
2701 810 3189 880 ’Υπερμαχομένου
3212 811 3340 883 γὰρ,
3361 814 3455 866 καὶ
3481 815 3580 867 ὑπε
3591 832 3642 883 ρ-

2055 899 2383 965 ασπίζοντος
2423 900 2582 971 ἡμῶν
2621 899 2714 953 τοῦ
2747 901 2924 954 πάντα
2969 901 3245 972 ἰσχύοντος
3275 903 3434 968 Θεοῦ,
3458 905 3537 966 τίς
3574 906 3640 960 ἂν

2055 991 2203 1062 ἡμᾶς
2226 991 2443 1045 δύναιτο
2471 989 2711 1056 κακοῦνς
2758 989 2853 1054 Τίς
2885 990 2941 1043 δὲ
2979 992 3162 1062 ἰσχύος
3202 995 3282 1057 είς
3316 993 3476 1048 τοῦτο
3512 995 3641 1067 δρα-

2061 1084 2240 1152 μεῖται
2284 1082 2469 1153 τυχὸν,
2535 1085 2610 1148 ὼς
2666 1083 2770 1138 ὑπὸ
2816 1087 2974 1154 χεῖρα
3031 1087 3252 1156 ποιῆσαι
3315 1089 3442 1153 τοὺς
3487 1090 3641 1142 ὲκλε-

2057 1175 2242 1239 κτοὺς,
2268 1176 2363 1228 καὶ
2391 1179 2502 1238 τοῖς
2527 1175 2627 1243 τῆς
2649 1175 2842 1229 ἑαυτοῦ
2860 1176 3189 1248 δυστροπίας
3216 1178 3496 1234 ὑποθεῖναι
3539 1200 3641 1235 καο

2058 1269 2212 1333 κοῖς;
2258 1268 2327 1320 Ἢ
2365 1268 2450 1331 τίς
2482 1268 2548 1322 ἂν
2583 1268 2775 1334 ἕλοιτο,
2813 1271 2906 1324 καὶ
2941 1271 3309 1342 δορυκτήτους
3352 1276 3642 1346 ποιήσαιτο

2057 1361 2186 1424 τοὺς
2226 1361 2326 1431 τὴν
2362 1359 2512 1414 θείαν
2560 1360 2781 1432 ἔχοντας
2833 1363 3192 1434 παντευχίαν;
3235 1365 3434 1420 Ὄπλον
3473 1364 3565 1421 οὖν
3607 1371 3638 1440 ἡ

2061 1449 2267 1514 πίστις,
2299 1451 2543 1522 ἀρῤαγές
2567 1469 2626 1504 τε
2649 1451 2744 1505 καὶ
2772 1451 2968 1515 πλατὺ,
2997 1453 3089 1504 καὶ
3119 1453 3216 1522 τὴν
3247 1455 3310 1508 ὲκ
3329 1454 3424 1508 τοῦ
3449 1455 3640 1509 παθεῖν

2057 1543 2264 1597 οἴεσθαί
2319 1561 2371 1597 τι
2420 1544 2580 1613 τυχὸν
2631 1545 2940 1615 ἀποτρέπον
2985 1545 3208 1611 δειλίαν,
3270 1547 3529 1617 ἄπρακτὰ
3579 1566 3640 1602 τε

2062 1634 2342 1697 παντελῶς
2379 1637 2473 1688 καὶ
2507 1635 2739 1706 ἀνόνητα
2761 1635 3038 1699 παντελῶς
3059 1640 3172 1701 τοῖς
3199 1638 3540 1709 πειράζουσι,
3570 1641 3640 1693 τὰ

371 1727 496 1768 esse
525 1712 832 1783 discipulos
863 1729 973 1767 non
1009 1714 1066 1768 in
1108 1714 1278 1770 Deum
1307 1725 1518 1772 tantum
1561 1722 1787 1778 credere
1810 1763 1824 1789 ,
1860 1725 1954 1780 sed

2058 1727 2157 1796 τῆς
2187 1727 2454 1798 πονηρίας
2481 1728 2661 1780 αὐτῶν
2689 1726 2981 1782 ἀποτελοῦν
3013 1727 3164 1799 βέλη.
3199 1729 3454 1800 Ἕχοντος
3477 1731 3532 1783 δὲ
3557 1731 3640 1783 οὖα

373 1815 427 1860 ct
459 1807 511 1860 in
543 1805 722 1874 ipsum
752 1805 1034 1861 Christum
1062 1849 1075 1871 ,
1119 1823 1226 1862 non
1263 1812 1408 1880 quod
1448 1812 1566 1882 ipse
1599 1815 1748 1870 aliud
1787 1820 1950 1888 quid-

373 1898 497 1952 dam
552 1898 632 1953 sic
675 1913 737 1953 ac
776 1897 1056 1955 diversum
1099 1916 1127 1954 a
1165 1899 1274 1956 Deo
1313 1907 1619 1963 secundum
1656 1919 1949 1976 naturam,

375 1989 657 2045 identitate
690 1991 953 2046 nimirum
990 1993 1356 2063 substantiae;
1391 1998 1486 2054 sed
1518 2001 1671 2070 quia,
1701 2004 1786 2060 his
1814 2006 1944 2061 dun-

375 2089 526 2135 taxat
553 2081 777 2138 credere
809 2084 863 2137 in
896 2082 1086 2150 Deum,
1125 2085 1245 2141 ﬁdei
1273 2091 1605 2161 completam
1629 2110 1753 2152 esse
1783 2099 1951 2152 ratio-

376 2191 500 2231 nem
561 2177 884 2234 existimare
915 2220 930 2245 ,
979 2178 1224 2236 Iudaicae
1270 2183 1679 2252 quodammodo
1719 2189 1956 2246 levitatis

376 2269 658 2338 prOprium
693 2270 852 2342 762
886 2281 1001 2337 est,
1030 2271 1136 2328 ﬁde
1163 2289 1293 2329 vero
1321 2275 1374 2330 in
1402 2274 1571 2332 Deum
1599 2277 1722 2350 Filii
1755 2296 1952 2337 nomen

377 2358 700 2423 includere,
762 2360 1170 2430 praedicationis
1232 2367 1564 2436 evangelica:
1621 2380 1953 2440 praeceptum

376 2466 500 2506 esse
530 2452 766 2507 videtur.
795 2452 1080 2522 Quotquot
1109 2454 1254 2510 enim
1281 2464 1432 2511 recte
1465 2459 1751 2524 sentiunt,
1785 2461 1954 2518 Deum

376 2558 441 2597 ac
470 2541 686 2599 Patrem
729 2546 954 2601 credere
992 2555 1244 2617 oportet,
1296 2565 1474 2620 neque
1525 2552 1850 2624 simpliciter
1903 2557 1956 2611 in

376 2633 576 2690 Filium
604 2676 619 2702 ,
653 2636 749 2692 sed
793 2645 849 2693 et
900 2638 1054 2693 illum
1094 2639 1441 2696 incarnatum
1469 2683 1483 2708 ,
1529 2651 1584 2699 et
1615 2645 1669 2700 in
1705 2657 1956 2703 sanctum

379 2725 670 2797 Spiritum.
717 2728 918 2784 Sancta
967 2731 1112 2784 enim
1160 2739 1214 2784 et
1256 2733 1750 2791 consubstantialis
1772 2736 1962 2792 Trini-

377 2825 466 2872 tas
493 2859 507 2882 ,
545 2825 598 2872 et
626 2818 926 2872 nominum
941 2817 1302 2885 diﬂ‘erentiis,
1347 2831 1402 2875 et
1431 2837 1791 2892 personarum
1825 2843 1960 2898 qua-

379 2906 632 2962 litatibus
686 2922 750 2962 ac
813 2909 1245 2978 prOprietatibus
1303 2909 1669 2984 distinguitur
1715 2931 1728 2967 :
1798 2916 1962 2973 Pater

379 2996 525 3049 enim
565 3005 650 3053 est
694 2996 891 3061 Pater,
937 3012 1002 3052 ac
1057 3011 1166 3052 non
1211 2995 1388 3054 Filius
1416 3038 1431 3066 ,
1475 3010 1530 3054 et
1564 2999 1734 3058 Filius
1765 3020 1960 3061 rursus

2055 1836 2132 1872 τω
2158 1819 2251 1872 τοῦ
2273 1821 2373 1890 τῆς
2403 1819 2638 1882 πίστεως
2657 1819 2842 1888 λόγου,
2871 1819 3032 1874 πάλιν
3060 1823 3235 1874 ἐκεῖνο
3262 1821 3637 1877 διασκεπτέονο

2053 1911 2432 1968 διεκελεύσατο
2452 1912 2562 1982 γὰρ
2586 1911 2860 1966 πιστεύειν
2886 1914 3104 1977 αὑτοὺς,
3133 1912 3232 1967 οὑκ
3265 1915 3344 1975 είς
3363 1913 3520 1983 μόνον
3548 1914 3640 1966 τὸν

2054 2005 2211 2068 Θεὸν,
2254 2005 2391 2059 ἀλλὰ
2440 2007 2533 2058 καὶ
2571 2006 2651 2069 είς
2695 2006 2875 2073 αὑτὸν,
2928 2006 3026 2076 οὑχ
3065 2007 3140 2070 ὡς
3169 2007 3355 2078 ἕτερόν
3396 2025 3449 2060 τι
3487 2009 3640 2076 παρὰ

2054 2099 2145 2152 τὸν
2192 2098 2321 2152 ὅντα
2352 2097 2512 2168 φύσει
2554 2097 2687 2152 Θεὸν
2734 2099 2992 2168 ὑπάρχων
3041 2099 3222 2163 αὑτὸς,
3273 2099 3396 2152 ὅσον
3444 2101 3524 2162 είς
3555 2101 3641 2153 οὑο

2057 2192 2179 2255 σίας
2220 2192 2524 2262 ταυτότητα
2561 2191 2737 2260 λέγω,
2770 2191 2883 2244 ἀλλ’
2912 2192 2991 2244 ὅτι
3021 2189 3081 2244 τὸ
3112 2192 3191 2255 είς
3234 2191 3366 2244 Θεὸν
3419 2192 3640 2244 πιστεῦο

2057 2300 2169 2343 σαι.
2209 2281 2266 2336 έν
2301 2299 2358 2334 τε
2393 2281 2567 2353 τούτῳ
2603 2281 2749 2352 μόνῳ
2781 2280 2858 2350 τῷ
2893 2282 3114 2352 ῥήματι,
3146 2281 3240 2334 τὸν
3269 2284 3366 2351 τῆς
3405 2281 3642 2344 πίστεως

2055 2373 2259 2428 οἴεσθαι
2293 2374 2404 2429 δεῖν
2457 2375 2914 2444 συμπεπερᾶσθαι
2960 2375 3138 2442 λόγον,
3192 2374 3486 2442 Ἰουδαϊκῆς
3520 2373 3640 2438 πῶς

2056 2466 2205 2519 ἐστιν
2237 2464 2490 2528 ὑπονοίας
2523 2465 2674 2528 ἴδιον,
2701 2465 2760 2518 τὸ
2784 2466 2841 2518 δὲ
2861 2469 2926 2537 τῇ
2954 2469 3032 2529 είς
3060 2467 3192 2520 Θεὸν
3214 2467 3390 2520 πίστει
3424 2484 3637 2520 συνεισ-

2057 2559 2286 2626 άγεσθαι
2321 2559 2382 2611 τὸ
2412 2558 2584 2628 ὸνομα
2614 2559 2709 2612 τοῦ
2750 2560 2904 2623 Υἱοῦ,
2945 2559 3318 2630 κηρυγμάτων
3353 2559 3638 2629 εὐαγγελι-

2058 2654 2170 2708 κῶν
2194 2654 2474 2725 ἐπίταγμα
2499 2654 2770 2722 φαίνεται.
2803 2656 2896 2706 Δεῖ
2913 2652 3020 2723 γὰρ
3043 2653 3323 2706 πιστεύειν
3357 2653 3481 2715 τοὺς
3501 2652 3556 2705 οῖ
3573 2669 3638 2720 γε

2060 2745 2347 2816 φρονοῦσιν
2410 2745 2620 2816 ὀρθῶς.
2677 2744 2753 2808 είς
2796 2761 2860 2812 γε
2907 2744 3042 2797 Θεὸν
3098 2745 3341 2812 Πατέρα,
3395 2744 3488 2797 καὶ
3537 2743 3639 2814 οὑχ

2061 2836 2347 2901 ἁπλῶςείς
2383 2837 2530 2901 Υἱὸν,
2563 2837 2697 2890 ἀλλὰ
2735 2838 2830 2889 καὶ
2863 2837 3382 2907 ὲνανθρωπήσαντα,
3422 2836 3518 2889 καὶ
3558 2837 3640 2899 εἰς

2059 2928 2118 2981 τὸ
2144 2927 2366 2999 Πνεῦμα
2393 2927 2456 2981 τὸ
2482 2927 2656 2998 ἅγιον.
2691 2929 2755 2980 Ἠ
2807 2928 2905 2998 μὲν
2931 2927 3038 2999 γὰρ
3073 2927 3206 2996 ἁγία
3242 2944 3300 2980 τε
3331 2927 3422 2980 καὶ
3441 2925 3638 2996 ὁμοού-

2065 3036 2176 3084 σιος
2208 3019 2398 3090 Τριὰς,
2432 3021 2526 3074 καὶ
2574 3021 2695 3083 ταῖς
2733 3019 2842 3072 τῶν
2874 3020 3153 3090 ὀνομάτων
3200 3019 3503 3088 διαφοραῖς,
3544 3016 3642 3071 καὶ⁵

269 3142 290 3167 ⁸
380 3096 462 3142 est
494 3086 691 3152 Filius,
727 3103 793 3142 ac
823 3102 936 3144 non
987 3085 1183 3153 Pater,
1221 3095 1276 3142 et
1308 3088 1551 3159 Spiritus
1600 3101 1684 3148 est
1719 3093 1955 3164 Spiritus

2061 3112 2171 3164 τῶν
2199 3112 2507 3184 προσώπων
2527 3113 2776 3183 ποιότησί
2798 3130 2856 3165 τε
2881 3112 2975 3165 καὶ
3000 3112 3222 3182 ἰδιότησι
3250 3109 3636 3164 διαστέλλεται.

380 3186 607 3233 sanctus
648 3177 954 3235 divinitatis
1001 3180 1303 3250 proprius:
1345 3192 1399 3237 et
1440 3184 1494 3239 in
1536 3186 1783 3242 eamdem
1825 3190 1956 3245 sub-

380 3268 598 3323 stantiae
643 3268 919 3326 rationem
959 3272 1250 3336 coalescit,
1301 3289 1411 3328 non
1466 3281 1579 3330 tres
1622 3277 1814 3344 nobis,
1862 3279 1957 3335 sed

379 3369 549 3411 unum
601 3355 774 3414 Deum
831 3360 1173 3430 exprimens.
1232 3361 1505 3422 Distincte
1559 3367 1748 3438 itaque
1799 3370 1958 3427 nobis

377 3445 648 3502 edendam
687 3464 811 3506 esse
843 3450 1000 3507 ﬁdem
1037 3453 1144 3520 aio,
1184 3470 1294 3510 non
1326 3457 1654 3527 simpliciter
1681 3459 1955 3520 dicendo:

379 3534 667 3595 Credimus
699 3539 754 3594 in
787 3539 982 3612 Deum,
1020 3545 1115 3600 sed
1145 3547 1545 3605 confessionem
1576 3553 1955 3622 extendendo,

379 3635 435 3681 et
480 3628 680 3697 cuique
731 3645 978 3700 persona:
1015 3637 1266 3692 eamdem
1309 3638 1496 3709 gloriae
1538 3643 1804 3700 rationem
1858 3648 1959 3701 tri-

379 3717 622 3775 buendo.
649 3718 961 3779 Differentia
989 3726 1194 3798 quippe
1227 3728 1348 3785 lidei
1379 3733 1527 3786 nulla
1554 3743 1640 3789 est
1665 3735 1721 3792 in
1755 3739 1915 3794 nobis
1940 3758 1954 3794 :

382 3823 480 3864 nec
509 3811 658 3865 enim
685 3813 863 3884 major
886 3824 970 3873 est
1008 3818 1061 3871 in
1095 3820 1256 3876 nobis
1290 3821 1423 3880 ﬁdes
1457 3839 1578 3894 quae
1609 3827 1664 3881 in
1705 3826 1918 3884 Patrem
1939 3871 1954 3896 ,

381 3903 564 3957 minor
598 3913 778 3961 autem
806 3923 928 3977 quae
961 3909 1016 3964 in
1040 3909 1262 3980 Filium,
1294 3923 1349 3970 et
1373 3927 1622 3973 sanctum
1655 3918 1953 3990 Spiritum:

382 3991 477 4046 sed
546 4009 655 4049 una
722 3997 1026 4069 eademque
1070 4002 1438 4062 confessionis
1475 4009 1618 4063 ratio
1656 4026 1721 4066 ac
1761 4013 1958 4071 modus

381 4097 476 4151 per
506 4083 612 4138 tria
646 4084 762 4140 haec
803 4090 1022 4144 nomina
1066 4094 1354 4163 aequaliter
1379 4099 1696 4155 extenditur
1719 4143 1735 4169 ,
1787 4111 1845 4158 ut
1891 4105 1957 4160 ad

382 4174 648 4230 unitatem
684 4186 895 4233 natura:
927 4181 1091 4237 etiam
1123 4199 1219 4255 per
1247 4186 1359 4243 haec
1391 4189 1510 4260 ipsa
1537 4193 1854 4252 coalescere
1881 4197 1959 4251 vi-

380 4263 578 4322 deatur
611 4280 801 4324 sancta
851 4269 1094 4331 Trinitas
1115 4317 1129 4340 ,
1165 4286 1220 4332 et
1245 4277 1522 4350 inculpata
1550 4299 1779 4353 prorsus
1807 4288 1955 4344 circa

381 4357 557 4427 ipsam
588 4359 852 4432 eﬂ‘ulgens
878 4364 1076 4433 gloria,
1101 4375 1269 4439 atque
1301 4372 1354 4426 in
1380 4374 1580 4430 animis
1604 4379 1811 4436 nostris
1840 4396 1953 4436 cer-

2062 3205 2248 3276 Πατὴρ
2300 3205 2409 3276 γάρ
2443 3207 2592 3260 ἐστιν
2641 3207 2668 3258 ὁ
2697 3205 2888 3276 Πατὴρ
2929 3205 3023 3259 καὶ
3068 3205 3165 3274 οὐχ
3198 3203 3343 3268 Υἱὸς,
3388 3202 3482 3256 καὶ
3512 3203 3641 3266 Υἱὸς

2059 3298 2218 3352 πάλιν
2239 3300 2266 3351 ὁ
2293 3298 2417 3362 Υἱὸς
2457 3297 2551 3352 καὶ
2583 3298 2642 3350 οὑ
2695 3297 2904 3368 Πατὴρ,
2939 3298 3032 3350 καὶ
3064 3295 3290 3368 Πνεῦμα
3317 3295 3377 3349 τὸ
3415 3294 3640 3363 Πνεῦμα

2056 3389 2117 3440 τὸ
2154 3387 2306 3455 ἅγιον
2341 3387 2471 3440 ι’διον
2511 3386 2611 3456 τῆς
2655 3385 2928 3456 θεότητος·
2971 3386 3066 3439 καὶ
3102 3388 3181 3448 εἰς
3222 3385 3313 3439 τὸν
3347 3385 3510 3438 αὑτὸν
3541 3384 3641 3453 τῆς

2059 3478 2245 3542 οὐσίας
2291 3477 2783 3546 ἀνακεφαλαιοῦται
2830 3477 3006 3546 λόγον,
3031 3478 3092 3530 οὑ
3125 3480 3274 3548 τρεῖς
3317 3477 3468 3547 ἡμῖν,
3522 3475 3638 3528 ἀλλ’

2057 3569 2150 3620 ἕνα
2171 3569 2302 3622 Θεὸν
2351 3569 2754 3640 έπιγράφουσα.
2792 3567 2941 3638 Πλὴν
2971 3567 3321 3631 εὑδιαστόὶως
3369 3567 3510 3636 φημὶ
3528 3566 3640 3619 δεῖν

2057 3661 2203 3731 ἡμᾶς
2248 3659 2516 3713 ποιεῖσθαι
2561 3659 2660 3730 τὴν
2715 3659 2918 3721 πίστιν,
2965 3659 3063 3729 οὑχ
3128 3657 3313 3721 ἁπλῶς
3357 3658 3635 3727 λέγοντας·

2058 3749 2392 3820 Πιστεύομεν
2433 3751 2511 3812 είς
2545 3749 2701 3813 Θεὸν,
2754 3750 2867 3803 ἀλλ’
2912 3748 3277 3816 ὲξαπλοῦντας
3309 3749 3406 3820 τὴν
3448 3749 3640 3819 ὁμολο-

2057 3842 2202 3911 γίαν,
2233 3842 2328 3895 καὶ
2351 3843 2566 3913 ἑκάστῳ
2591 3841 2867 3912 προσώπῳ
2894 3841 2984 3894 τὸν
3009 3841 3170 3896 αὑτὸν
3198 3842 3297 3912 τῆς
3315 3841 3475 3912 δόξης
3507 3844 3639 3902 ἀνα-

2057 3935 2303 3998 τιθέντας
2340 3934 2518 4001 λόγον.
2567 3933 2810 4003 Διαφορὰ
2847 3933 2956 4002 γὰρ
2992 3933 3228 3995 πίστεως
3271 3932 3495 4001 οὐδεμία
3537 3932 3638 4002 μὲν

2057 4025 2114 4077 ὲν
2145 4025 2297 4094 ἡμῖν,
2319 4023 2378 4076 οὑ
2409 4022 2519 4094 γὰρ
2563 4022 2765 4092 μείζων
2795 4022 2891 4090 μὲν
2921 4023 2978 4074 ὲν
3003 4023 3135 4092 ἡμῖν
3166 4023 3198 4090 ἡ
3225 4020 3408 4085 πίστις
3438 4022 3496 4073 ὲν
3528 4022 3639 4074 Παε-

2056 4116 2166 4186 τρὶ,
2197 4114 2434 4168 ἐλάττων
2458 4113 2516 4166 δὲ
2547 4115 2604 4166 ἐν
2631 4112 2764 4182 Υἰῷ,
2798 4112 2830 4181 ἢ
2863 4112 2958 4164 καὶ
2987 4114 3046 4165 ὲν
3076 4111 3153 4181 τῷ
3175 4111 3313 4182 ἁγίῳ
3337 4111 3635 4182 Πνεύματι·

2058 4205 2174 4259 ἀλλ’
2198 4201 2280 4267 εἷς
2316 4220 2375 4256 τε
2401 4204 2495 4256 καὶ
2537 4201 2700 4265 αὐτὸς
2725 4201 2824 4270 τῆς
2851 4199 3140 4272 ὁμολογίας
3167 4202 3290 4272 ὅρος
3306 4217 3364 4254 τε
3389 4201 3480 4254 καὶ⁵
3515 4200 3642 4271 τρό-

2058 4313 2158 4359 πος
2181 4294 2272 4348 διὰ
2299 4293 2465 4365 τριῶν
2488 4292 2781 4363 ἐρχόμενος
2804 4290 3084 4361 ὀνομάτων
3107 4292 3165 4344 ὲν
3193 4289 3293 4360 ἴσῳ
3322 4289 3401 4360 τῷ
3432 4289 3636 4360 μέτρῳ,

2061 4389 2149 4442 ἵνα
2176 4387 2312 4457 πρὸς
2343 4386 2572 4456 ἑνότητα
2611 4385 2827 4453 φύσεως
2855 4386 2951 4438 καὶ
2979 4383 3067 4437 διὰ
3093 4382 3296 4436 τούτων
3330 4381 3482 4440 ἰοῦσα
3509 4381 3641 4450 φαί-

381 4457 546 4503 natur
582 4451 635 4504 in
671 4451 887 4508 Patrem
930 4466 984 4510 et
1015 4455 1212 4513 Filium
1248 4461 1419 4529 ﬁdes,
1461 4467 1624 4521 etiam
1664 4479 1953 4541 postquam

2059 4451 2232 4552 vqtat'
2256 4480 2418 4534 πάλιν
2452 4451 2498 4548 ἡ·
2544 4451 2676 4545 ἁγία
2713 4479 2905 4549 Τριὰς,
2947 4475 3359 4546 ἀκατηγόρητὸς
3399 4491 3458 4528 τε
3503 4492 3644 4527 παν-

382 4538 565 4595 factus
592 4549 677 4595 est
715 4542 878 4598 homo
904 4583 920 4608 ,
973 4554 1028 4600 et
1076 4549 1132 4602 in
1165 4559 1420 4606 sanctum
1459 4555 1743 4625 Spiritum.
1770 4538 1955 4632 Neque

2060 4538 2232 4636 τελῶς
2290 4574 2324 4642 ἡ
2381 4538 2512 4641 περὶ
2564 4538 2732 4640 αὑτὴν
2761 4538 3172 4639 ’διαλάμπουσα
3199 4538 3376 4632 ’δ’όξα,
3439 4566 3534 4618 καὶ
3583 4567 3642 4619 ὲν

384 4643 572 4696 sanus,
615 4632 831 4701 Opinor,
871 4635 1142 4706 quispiam
1181 4654 1212 4694 a
1254 4640 1344 4697 Dei
1383 4644 1564 4699 Verbo
1599 4649 1862 4720 templum
1891 4669 1954 4708 ex

384 4719 608 4793 Virgine
637 4733 980 4795 assumptum
1010 4733 1349 4798 separaverit
1372 4735 1518 4804 quod
1544 4737 1612 4794 ad
1639 4719 1958 4800 ﬁliationem

382 4811 644 4866 nimirum
691 4813 928 4869 attinet:
988 4835 1007 4868 ‹
1051 4817 1208 4875 Unus
1251 4823 1397 4878 enim
1448 4825 1714 4888 Dominus
1772 4844 1960 4894 noster

381 4901 540 4959 Iesus
567 4902 852 4975 Christus,
886 4927 904 4960 ι
936 4907 1095 4979 juxta
1120 4912 1274 4969 Pauli
1299 4931 1486 4974 vocem
1512 4921 1587 4976 ".
1634 4923 1960 5000 Quicunque

383 5009 512 5049 vero
558 4995 614 5050 in
647 4995 786 5053 duos
819 4998 960 5056 ﬁlios
989 5017 1159 5058 unum
1194 5006 1348 5061 illum
1389 5025 1454 5064 ac
1501 5014 1679 5069 solum
1725 4995 1955 5088 dividit,

389 5083 544 5143 ﬁdem
570 5086 759 5158 utique
780 5103 978 5160 negare
999 5108 1058 5148 se
1080 5109 1310 5164 prorsus
1334 5097 1622 5173 intelligat.
1647 5102 1712 5157 Et
1733 5083 1952 5176 quidem

384 5174 585 5236 Paulus
623 5181 844 5240 divinus
878 5186 1140 5255 prteclare
1171 5186 1239 5242 de
1266 5189 1350 5245 his
1383 5206 1691 5250 sermonem
1727 5174 1956 5265 texens,

383 5283 493 5324 non
531 5273 738 5328 nudum
780 5277 848 5330 ad
889 5277 1046 5333 ﬁdem
1078 5279 1293 5335 induxit
1334 5281 1682 5354 Unigenitum
1709 5332 1724 5352 ,
1766 5293 1859 5347 sed
1903 5302 1956 5348 et

384 5362 559 5416 nostri
589 5363 821 5421 similem
842 5410 857 5434 ,
902 5370 957 5424 id
995 5379 1084 5426 est
1115 5371 1391 5428 hominem
1420 5413 1435 5440 ,
1480 5379 1574 5446 qui
1620 5388 1673 5434 et
1705 5393 1953 5441 mortuus

324 5485 337 5495 ο
384 5462 438 5508 et
458 5454 728 5511 excitatus
755 5468 837 5513 est
870 5474 898 5511 a
931 5465 1210 5540 mortuis:
1261 5484 1279 5517 ι
1308 5465 1452 5531 Quid
1505 5469 1685 5537 enim,
1735 5475 1953 5545 inquit,

386 5545 520 5602 dicit
574 5545 911 5619 Scriptura?
951 5552 1125 5624 Prope
1167 5565 1220 5612 te
1256 5566 1338 5612 est
1369 5559 1591 5615 verbum
1622 5563 1676 5618 in
1715 5581 1808 5623 ore
1838 5580 1952 5638 tuo,

455 5727 502 5762 “
541 5730 679 5788 Psal.
723 5749 870 5801 uri,
911 5733 993 5794 10.
1073 5735 1162 5792 ⁴⁵⁷1
1203 5738 1326 5795 Cor.
1369 5757 1491 5812 vtn,
1531 5744 1586 5800 6.

2061 4666 2181 4726 ταῖς
2237 4661 2536 4732 ἡμετέραις
2586 4659 2760 4731 ὁρῷτο
2810 4659 3008 4729 ψυχαῖς
3052 4659 3132 4720 είς
3178 4654 3400 4725 Πατέρα
3439 4653 3533 4707 καὶ
3561 4655 3646 4715 είς

2065 4755 2191 4808 Υἱὸν
2229 4755 2262 4824 ἡ
2301 4752 2508 4818 πίστις,
2559 4753 2649 4806 καὶ
2690 4753 2780 4806 ὅτε
2823 4751 3045 4818 γέγονεν
3087 4747 3390 4818 ἄνθρωπος.
3424 4744 3522 4798 καὶ
3563 4746 3645 4807 εἰς

2061 4846 2124 4899 τὸ
2156 4845 2380 4916 Πνεῦμα
2401 4845 2461 4898 τὸ
2485 4844 2658 4912 ἇγιον.
2693 4843 2802 4896 Καὶ
2823 4843 2924 4895 οὑκ
2960 4840 3046 4904 ἂν,
3070 4836 3242 4908 οἴμαι,
3277 4837 3505 4892 διέλοιτό
3533 4853 3641 4898 τις,

2063 4938 2116 4991 ετ
2156 4955 2218 5006 γε
2254 4936 2578 5008 σωφρονοίη,
2612 4935 2706 4988 τοῦ
2736 4933 2872 4988 Θεοῦ
2911 4935 3084 5001 Λόγου
3117 4933 3208 4986 τὸν
3249 4934 3314 4984 ὲκ
3357 4928 3642 5000 Παρθένου

2059 5028 2205 5091 ναὸν,
2258 5029 2382 5081 ὅσον
2432 5023 2566 5098 ἧκεν
2619 5028 2698 5088 εἰς
2725 5025 2783 5078 τὸ
2829 5025 2928 5094 τῆς
2963 5024 3209 5094 υἰότητος
3255 5021 3444 5093 χρῆμά
3474 5033 3639 5089 φημι·

2066 5138 2085 5170 σ
2122 5113 2217 5182 Εἷς
2241 5122 2350 5190 γὰρ
2402 5117 2606 5188 Κύριος
2653 5116 2858 5186 Ἰησοῦς
2901 5115 3155 5186 Χριστὸς,
3192 5132 3212 5164 ι
3259 5112 3400 5166 κατὰ
3422 5111 3520 5181 τὴν
3543 5109 3641 5163 τοῦ

2057 5211 2272 5266 Παύλου
2305 5212 2511 5281 φωνήν.
2566 5209 2623 5262 Ὀ
2652 5209 2709 5262 δὲ
2736 5208 3036 5278 διατέμνων
3069 5209 3150 5269 εἰς
3179 5205 3311 5258 υἱῶν
3354 5203 3518 5258 δυάδα
3547 5202 3643 5254 τὸν

2060 5303 2156 5356 ἕνα
2184 5303 2277 5356 καὶ
2315 5302 2494 5371 μόνον,
2527 5302 2657 5354 ἵστω
2699 5299 2761 5370 δὴ
2787 5301 3003 5362 πάντως
3033 5298 3129 5368 τὴν
3158 5296 3339 5351 πίστιν
3369 5294 3640 5366 ἀρνούμε-

2063 5411 2171 5457 νος.
2214 5395 2323 5446 Καὶ
2353 5394 2481 5463 γοῦν
2517 5395 2545 5446 ὁ
2589 5393 2875 5456 θεσπέσιος
2900 5392 3111 5455 Παῦλος
3155 5391 3248 5444 τὸν
3285 5387 3638 5459 περὶτούτων

2062 5484 2260 5556 ἄριστὰ
2283 5503 2342 5538 τε
2370 5486 2464 5539 καὶ
2490 5485 2610 5539 λίαν
2638 5484 2814 5556 ὀρθῶς
2837 5483 3136 5553 ἐξυφαίνων
3161 5481 3337 5549 λόγον,
3356 5480 3416 5532 οὑ
3433 5475 3636 5546 γυμνὸν

2062 5578 2140 5641 εἰς
2172 5577 2355 5632 πίστιν
2404 5578 2752 5649 εἰσκεκόμικε
2793 5577 2882 5630 τὸν
2927 5577 3226 5645 Μονογενῆ,
3267 5571 3403 5627 ἀλλὰ
3446 5568 3538 5625 καὶ
3578 5568 3638 5622 ὲν
