4042 6204
340 264 438 319 181

1413 280 1479 335 IN
1513 280 1803 339 JOANNIS
1837 251 2289 341 EVANGELIUM
2336 284 2468 342 un.
2513 284 2605 341 lx.
2645 234 2647 237 l

3495 293 3609 350 18%

322 382 439 445 τοῖς
467 381 591 435 καθ’
624 384 772 454 ἡμᾶς
792 388 1072 455 γεγονότα,
1100 390 1243 445 τοῦτ’
1272 392 1440 462 ἔστιν,
1462 396 1747 470 ἄνθρωπον
1777 399 1912 452 ἀπο-

2029 408 2069 456 at
2088 400 2145 456 in
2173 401 2342 457 corde
2365 408 2499 458 tuo:
2532 402 2639 458 hoc
2670 409 2756 459 est
2789 400 3017 458 verbum
3042 401 3166 460 ildei
3188 444 3203 470 ,
3231 407 3376 478 quod
3405 412 3604 480 praedi-

323 472 559 527 θανόντα
596 491 658 528 τε
699 478 795 532 καὶ
849 480 1226 554 ἐγηγερμένον
1254 486 1320 540 ἐκ
1372 488 1602 561 νεκρῶν.
1645 509 1666 543 ι
1704 490 1770 543 Τί
1806 490 1917 562 γάρ

322 579 492 635 φησιν
511 582 526 631 ;
543 565 744 635 Ἐγγύς
770 585 865 622 σου
891 571 952 624 τὸ
974 572 1130 644 ῥῆμά
1157 576 1326 644 ἐστιν,
1355 578 1413 630 ἐν
1441 578 1518 651 τῷ
1538 579 1766 651 στόματί
1797 599 1914 648 σου,

323 658 417 712 καὶ
432 658 491 713 ἑν
513 661 581 731 τῇ
603 661 797 734 καρδίᾳ
821 680 935 731 σου,
980 664 1126 719 τοῦτ’
1143 666 1279 734 ἔστι,
1292 669 1354 722 τὸ
1377 671 1528 742 ῥῆμα
1541 672 1640 743 τῆς
1660 672 1915 742 πίστεως,

322 751 354 803 ὅ
384 749 752 824 κηρύσσομεν.
784 754 930 809 Διότι
979 756 1074 812 ἐὰν
1118 760 1282 832 εῐπῃς
1333 762 1392 816 ὲν
1422 762 1500 834 τῷ
1532 764 1763 836 στόματί
1795 784 1913 834 σου,

321 844 405 897 ὅτι
426 843 631 915 Κύριος
673 846 900 917 Ἰησοῦς,
933 848 1029 902 καὶ
1064 851 1363 927 πιστεύσῃς
1394 855 1453 907 ἐν
1476 857 1541 927 τῇ
1566 857 1770 928 καρδίᾳ.
1797 875 1915 925 σου,

320 936 405 988 ὅτι
434 937 464 989 ὀ
493 934 625 1000 Θεὸς
666 936 855 1011 ήγειρε
887 939 1049 994 αὐτὸν
1074 942 1138 994 ὲκ
1164 942 1396 1014 νεκρῶν,
1430 945 1671 1020 σωθήσῃ.
1704 948 1919 1020 Καρδίᾳ

320 1024 431 1095 γὰρ
463 1024 780 1080 πιστεύεται
814 1028 893 1093 είς
923 1028 1292 1102 δικαιοσύνην,
1332 1032 1561 1105 στόματι
1626 1036 1683 1090 δὲ
1723 1038 1917 1109 ὁμολο-

318 1117 609 1184 γεῖταιείς
647 1119 944 1189 σωτηρίαν.
988 1139 1008 1175 ι
1057 1122 1121 1177 Ei
1169 1122 1226 1176 δὲ
1275 1126 1605 1196 πιστεύομεν
1643 1129 1725 1193 είς
1763 1129 1915 1194 Υίὸν,

318 1207 401 1271 ὡς
453 1209 848 1281 ἐγηγερμένον,
894 1212 978 1275 τίς
1012 1213 1041 1266 ὁ
1079 1213 1335 1281 τεθνεὼς,
1393 1217 1479 1271 ἵνα
1528 1221 1621 1273 καὶ
1672 1221 1914 1294 divae-ti};

332 1298 479 1352 Ἀλλ’
510 1298 627 1353 ἔστι
662 1301 840 1373 δῆλον,
873 1304 956 1357 ὅτι
984 1304 1238 1361 τεθνάναι
1258 1309 1458 1362 νοεῖται
1484 1311 1626 1366 κατὰ
1659 1312 1757 1385 τὴν
1786 1313 1919 1384 σάρ-

320 1406 420 1446 κα.
442 1390 818 1463 Κατεκλείσθη
847 1393 956 1464 γὰρ
997 1396 1077 1459 είς
1108 1395 1335 1452 θάνατον
1369 1399 1428 1453 τὸ
1455 1401 1586 1455 ῐδιον
1615 1402 1780 1457 αὐτοῦ
1812 1403 1918 1456 σῶ-

325 1498 424 1551 μα,
465 1481 561 1536 καὶ
578 1481 779 1537 ἀνεϐίω
802 1484 988 1541 πάλιν·
1023 1486 1188 1559 σῶμα
1209 1488 1319 1561 γὰρ
1345 1485 1415 1562 ἦν
1447 1493 1545 1563 τῆς
1577 1494 1722 1549 κατά
1752 1495 1917 1566 φύσιν

322 1573 492 1645 ζωῆς,
531 1573 665 1646 ὅλην
698 1575 793 1630 τοῦ
824 1577 883 1630 ὲν
926 1578 1073 1651 αὐτῷ
1106 1584 1555 1656 κατοικήσαντος,
1603 1586 1695 1641 καὶ
1739 1589 1917 1661 ἀρρή-

321 1681 432 1727 τως
476 1665 759 1736 ἡνωμένον
806 1666 905 1740 τὴν
968 1669 1207 1742 ἰδιότητα
1266 1675 1500 1746 φοροῦν,
1550 1676 1697 1732 τοῦτ’
1745 1678 1914 1744 ἐστιν,

2020 511 2236 554 camus.
2262 496 2402 563 Quia
2434 497 2482 553 si
2512 496 2830 554 conﬁtearis
2864 499 2918 552 in
2947 513 3043 554 ore
3072 507 3167 555 tuo
3196 499 3483 558 Dominum
3511 504 3605 560 Je-

2019 604 2174 654 sum,
2215 595 2274 645 et
2314 590 2370 644 in
2402 589 2573 646 corde
2613 598 2711 647 tuo
2740 590 3045 648 credideris
3099 592 3228 663 quia
3262 592 3411 650 Deus
3451 597 3602 652 illum

2019 681 2310 737 suscitavit
2343 696 2373 735 a
2408 684 2643 739 mortuis
2666 726 2681 750 ,
2718 684 2906 740 salvus
2927 685 3065 739 eris.
3091 684 3272 741 Corde
3300 688 3448 741 enim
3484 706 3605 744 ere—

2018 771 2172 827 ditur
2203 772 2270 828 ad
2293 771 2563 844 justitiam
2590 793 2605 830 :
2637 789 2734 829 ore
2757 783 2938 831 autem
2969 777 3250 833 confessio
3278 777 3336 832 iit
3361 779 3429 834 ad
3452 779 3605 835 salu-

2021 873 2130 920 tem
2159 864 2225 918 “.
2265 883 2284 918 ι
2326 864 2482 932 Quod
2513 868 2561 924 si
2596 867 2878 925 credimus
2908 867 2965 923 in
2998 868 3232 935 Filium,
3270 876 3329 924 ut
3355 870 3450 941 qui
3481 886 3611 927 ειη-μ

2020 956 2185 1022 rexit,
2215 959 2343 1027 quis
2375 966 2461 1015 est
2491 958 2587 1015 ille
2629 966 2909 1022 mortuus,
2938 967 2999 1014 ut
3037 970 3093 1015 et
3122 960 3469 1033 resurgeret?
3501 961 3603 1017 At-

2019 1049 2116 1120 qui
2165 1049 2526 1107 manil‘estum
2566 1060 2650 1107 est
2703 1051 3010 1108 secundum
3046 1066 3274 1107 carnem
3328 1059 3605 1108 mortuum

2019 1141 2259 1197 censeri.
2288 1140 2632 1198 Conclusum
2655 1143 2804 1198 enim
2837 1153 2923 1200 est
2961 1142 3019 1197 in
3054 1150 3286 1199 mortem
3318 1144 3605 1215 pnoprium

2019 1234 2143 1304 ejus
2169 1248 2376 1305 corpus
2399 1275 2417 1302 ,
2458 1243 2625 1305 atque
2656 1235 2859 1291 iterum
2887 1234 3088 1291 revixit
3121 1252 3137 1289 :
3168 1249 3377 1307 corpus
3400 1237 3606 1307 quippe

2019 1334 2140 1381 erat
2176 1327 2303 1383 vitae
2338 1328 2642 1384 secundum
2671 1338 2952 1391 naturam,
2978 1333 3147 1381 totam
3179 1326 3301 1396 ejus
3327 1326 3423 1397 qui
3450 1327 3508 1380 in
3535 1340 3609 1381 eo

2022 1417 2313 1485 habitavit,
2344 1428 2402 1476 et
2433 1418 2790 1477 ineﬂ'abiliter
2829 1417 2990 1489 763
3017 1425 3107 1473 est
3137 1418 3329 1473 unitus
3359 1417 3607 1487 proprie—

2021 1517 2188 1566 tatem
2234 1510 2527 1566 eontinens
2550 1548 2566 1575 ,
2616 1508 2724 1564 hoc
2755 1519 2840 1567 est
2867 1508 2976 1563 vim
3001 1517 3057 1564 et
3085 1507 3389 1564 ellicaciam
3421 1506 3605 1565 viviti-

2021 1616 2164 1658 cam.
2195 1600 2253 1658 Si
2284 1602 2413 1673 quis
2441 1615 2577 1671 ergo
2609 1600 2851 1667 dividat,
2887 1610 2939 1655 et
2969 1600 3202 1656 seorsim
3236 1614 3447 1670 ponens
3476 1614 3603 1655 car.

2020 1709 2148 1750 nem
2174 1732 2190 1760 ,
2243 1702 2298 1749 et
2333 1693 2430 1764 qui
2478 1693 2747 1749 habitavit
2796 1691 2854 1746 in
2897 1705 2962 1746 ea
3020 1691 3382 1761 corporaliter
3410 1729 3429 1756 ,
3465 1691 3608 1746 duos

324 1754 609 1864 iv‘ép’ﬂtav
657 1756 759 1828 τὴν
805 1757 1090 1822 ζωοποιόν.
1118 1763 1289 1817 Ὅταν
1335 1760 1428 1820 οὖν
1473 1784 1559 1832 τις
1597 1768 1768 1841 διέλῃ,
1821 1771 1916 1825 καλ⁵

2029 1784 2209 1839 dicere
2239 1782 2381 1839 tilios
2406 1780 2640 1846 audeat,
2670 1780 2813 1837 sciat
2840 1795 2902 1836 se
2934 1781 2990 1835 in
3018 1781 3195 1837 solam
3225 1795 3450 1835 carnem
3479 1795 3603 1836 cre-

326 1845 442 1910 θεὶς
489 1847 594 1901 ἀνά
629 1848 796 1919 μέρος
840 1852 938 1920 τήν
969 1868 1029 1905 τε
1086 1853 1265 1924 σάρκα
1301 1857 1394 1910 καὶ
1430 1857 1523 1913 τὸν
1563 1860 1918 1931 ὲνοικήσαντοι

324 1942 657 2011 σωματικῶς
685 1944 742 2013 εν
768 1944 928 2016 αὐτῇ,
956 1944 1049 2000 δύο
1080 1946 1323 2021 τολμήσῃ
1350 1949 1528 2020 λέγειν
1554 1954 1723 2019 υἱοὺς,
1752 1972 1916 2023 γινω-

324 2033 505 2086 σκέτω
525 2034 806 2089 πιστεύειν
822 2038 902 2099 είς
939 2036 1107 2109 μόνην
1138 2040 1235 2111 τὴν
1260 2041 1460 2113 σάρκα.
1494 2043 1783 2099 Πιστεύειν
1811 2046 1918 2120 γὰρ

322 2126 475 2195 ἡμᾶς
501 2128 560 2179 αί
599 2124 741 2182 θεῖαι
776 2127 1083 2184 διδάσκουσι
1118 2131 1333 2203 Γραφαὶ
1357 2135 1437 2199 είς
1459 2134 1550 2189 τὸν
1579 2137 1921 2209 σταυρωθέν-

323 2235 397 2272 τα
428 2236 485 2272 τε
510 2219 606 2274 καὶ
638 2220 997 2287 ἀποθανόντα,
1045 2226 1139 2280 καὶ
1179 2226 1550 2300 ἐγηγερμένον
1588 2230 1651 2283 ἐκ
1687 2230 1917 2303 νεκρῶν,

322 2309 421 2379 οὐχ
444 2308 521 2373 ὡς
549 2309 737 2383 ἕτερον
761 2311 889 2367 ὂντα
919 2313 1070 2385 παρὰ
1094 2313 1187 2368 τὸν
1221 2317 1278 2369 ὲν
1297 2317 1435 2388 αὐτῇ
1459 2316 1591 2372 Θεὸν
1606 2319 1800 2389 Λόγον,
1821 2322 1921 2393 οὐχ

322 2399 450 2453 ὅσον
481 2401 564 2465 εἰς
587 2400 776 2466 οὐσίας
794 2403 1100 2474 ταυτότητά
1128 2421 1295 2477 φημιο
1324 2407 1483 2478 σῶμα
1512 2408 1623 2481 γὰρ
1647 2410 1710 2464 τὸ
1735 2410 1917 2483 σῶμα,

324 2492 426 2545 καὶ
452 2491 515 2545 ού
548 2492 738 2562 Λόγος,
787 2495 834 2547 εί
863 2495 958 2549 καὶ
986 2495 1148 2568 σῶμα
1176 2497 1271 2551 τοῦ
1316 2499 1512 2569 Λόγου,
1544 2501 1662 2555 ἀλλ’
1689 2502 1813 2556 ὅσον
1838 2504 1918 2568 είς

325 2582 398 2634 τὸ
420 2581 520 2651 τῆς
553 2581 781 2654 ἀληθοῦς
811 2584 1057 2657 υίότητος
1089 2586 1302 2658 χρῆμα.
1331 2590 1395 2643 Ei
1424 2590 1482 2644 δέ
1520 2609 1598 2663 τῳ
1627 2591 1919 2664 δοκοίημεν

322 2674 433 2727 οὐκ
454 2673 654 2746 ἄριστα
677 2675 871 2747 λέγειν,
890 2679 1250 2735 ἐπιδεικνύτω
1280 2682 1570 2755 παρελθὼν
1592 2686 1685 2741 τὸν
1706 2688 1771 2743 ὲκ
1781 2688 1919 2744 Θεοῦ

323 2766 603 2822 τεθνεῶτα
642 2762 814 2840 Λᾶγον
843 2772 979 2826 καθὸ
1008 2777 1210 2828 νοεῖται
1237 2775 1392 2842 Θεὸς,
1426 2779 1565 2851 ὅπερ
1610 2780 1761 2837 ἐστὶν
1790 2782 1918 2838 ἀδύ-

324 2875 510 2925 νατον,
540 2860 745 2932 μᾶλλον
771 2862 942 2918 δὲκαὶ
973 2865 1132 2936 μόνον
1159 2860 1410 2938 ἐννοῆσαι
1442 2869 1721 2938 δυσσεϐὲς.

411 2950 514 3006 Ἐν
542 2950 620 3021 τῇ
650 2954 812 3023 οικίᾳ
869 2956 974 3011 τοῦ
1009 2958 1237 3026 Πατρός
1275 2977 1396 3029 μου
1470 2963 1653 3031 μοναί
1694 2967 1922 3021 πολλαί

325 3045 504 3099 εἰσιν·
543 3047 596 3100 ει
635 3046 706 3100 δὲ
740 3047 850 3118 μὴ,
892 3044 1066 3106 εἶπον
1125 3050 1203 3105 ἂν
1245 3052 1412 3122 ὑμῖν
1461 3053 1554 3110 ὅτι
1594 3059 1920 3128 πορεύομαι

324 3134 637 3205 ἑτοιμάσαι
666 3140 856 3193 τόπον
881 3140 1045 3211 ὑμῖν.
1069 3142 1180 3196 Kal
1202 3142 1312 3199 ἐὰν
1338 3145 1629 3214 πορευθῶ,
1651 3147 1917 3204 missor-

322 3224 501 3295 μάσω
536 3229 727 3283 τόπον
759 3231 919 3301 ὑμῖν,
959 3232 1147 3288 πάλιν
1188 3234 1457 3307 ἔρχομαι,
1515 3238 1615 3293 καί
1651 3234 1922 3310 παραλή-

328 3321 519 3388 ψομαι
546 3321 703 3391 ὑμᾶς
717 3323 847 3395 μετ’
874 3324 1158 3395 ἐμαυτοῦ,
1198 3328 1299 3383 ἵνα
1329 3326 1483 3384 ὅπου
1511 3329 1626 3401 ειμι
1652 3331 1789 3402 ἐγὼ,
1820 3332 1922 3388 καὶ

329 3408 505 3466 ὑμεῖς
538 3410 667 3466 ἦτε.

367 3410 759 3550 μῗξαᾷξιέίως
777 3485 958 3550 αὐτοῖς
985 3486 1045 3540 τὸ
1069 3485 1142 3559 μὴ
1176 3488 1373 3560 χρῆναι
1401 3491 1762 3563 ταράττεσθαι
1786 3491 1922 3545 διει-

331 3567 478 3635 πῶν,
514 3572 794 3629 πιστεύειν
821 3593 879 3629 τε
928 3576 1149 3648 μᾶλλον,
1203 3580 1297 3635 καὶ
1330 3580 1410 3645 είς
1462 3599 1523 3635 τε
1571 3582 1791 3654 Πατέρα
1830 3584 1923 3638 τὸν

328 3659 469 3715 Θεὸν
518 3665 616 3718 καὶ
648 3667 841 3721 ἑαυτὸν
874 3670 1157 3737 ἐπιτάξας,
1189 3672 1282 3725 καὶ
1320 3672 1625 3742 ἀναφανδὸν
1654 3675 1754 3748 ήδη
1789 3676 1925 3747 φησὶ

334 3755 813 3828 μικροψυχοῦντας
847 3761 1361 3834 παραμυθούμενος,
1398 3765 1475 3830 ὡς
1524 3766 1624 3820 οὐκ
1656 3765 1761 3832 ἔξω
1827 3784 1924 3837 με·

330 3841 492 3898 νοῦσι
530 3847 633 3919 τῆς
685 3849 838 3913 ὁσίας
895 3851 1089 3923 αὐλῆς,
1142 3852 1258 3906 ἀλλ’
1311 3854 1773 3925 ἐνοικισθήσονται
1824 3857 1923 3929 μὲν

332 3939 460 4001 ταῖς
489 3936 603 3992 ἀνω
643 3943 852 4010 μοναίς,
883 3945 942 3998 ὲν
973 3943 1030 3997 δὲ
1056 3946 1123 4016 τῇ
1153 3945 1263 4002 τῶν
1293 3946 1653 4016 πρωτοτόκων
1701 3948 1927 4022 Ἐκκλη-

333 4026 433 4098 σίᾳ
481 4028 576 4082 τὸν
630 4032 953 4103 μακραίωνα
1000 4035 1252 4106 τρίψουσι
1281 4036 1417 4108 βίον,
1460 4039 1555 4093 καὶ
1594 4041 1654 4094 ὲν
1709 4040 1929 4096 ἀτελευ-

332 4119 523 4189 τήτοις
548 4120 792 4215 λέσονται
831 4127 947 4189 τοῖς
991 4126 1237 4215 ἀγρθοίς.
1279 4128 1488 4194 Πολλὰς
1523 4148 1586 4200 γε
1629 4130 1735 4204 μὴν
1788 4127 1928 4188 εῐναί

333 4228 473 4281 φησι
505 4212 605 4278 τὰς
638 4215 808 4287 μονάς
845 4219 904 4272 ὲν
934 4221 1000 4291 τῇ
1033 4212 1125 4273 τοῦ
1158 4220 1368 4293 Πατρὸς
1415 4222 1579 4296 οἰκίᾳ,
1618 4223 1931 4297 πολυχώρη-

334 4302 432 4356 τόν
453 4320 579 4357 τινα
610 4305 878 4363 διδάσκων
907 4303 1045 4366 εῖναι
1073 4311 1166 4365 τὸν
1206 4311 1455 4383 οὐρανὸν,
1492 4314 1584 4367 καὶ
1611 4315 1931 4387 προσθήκης

334 4394 602 4467 οὐδεμιᾶς
628 4399 836 4454 δεῖσθαι
859 4402 1132 4467 παντελῶς
1153 4404 1253 4473 τὴν
1275 4404 1411 4476 παρ’
1432 4405 1599 4460 αὐτοῦ
1627 4407 1930 4480 γενομένην

339 4487 517 4541 κτίσιν
549 4491 630 4555 είς
655 4491 717 4545 τὸ
742 4491 1002 4547 δύνασθαι
1032 4493 1218 4549 λαϐεῖν
1237 4497 1363 4561 τοὺς
1387 4498 1717 4567 ἀγαπῶντας
1745 4500 1928 4556 αὐτόν.

340 4582 505 4648 Εἰκὸς
531 4585 613 4649 δὲ,
638 4587 723 4641 ὅτι
754 4587 850 4641 καὶ
876 4587 939 4642 τὸ
979 4588 1234 4662 διάφορον
1277 4590 1379 4661 τῆς
1404 4593 1589 4664 τιμῆς,
1617 4592 1695 4663 τῷ
1728 4592 1930 4658 πολλὰς

341 4673 483 4732 εἶναι
561 4678 746 4749 λέγειν
821 4680 920 4745 τὰς
982 4682 1170 4753 μονὰς,
1239 4683 1589 4755 ὑποσημῆναι
1661 4685 1932 4757 βούλεται,

342 4771 573 4825 ἑκάστου
624 4770 721 4828 τοῦ
764 4770 955 4843 διαζῇν
1023 4772 1349 4845 βουλομένου
1408 4776 1467 4829 ὲν
1526 4777 1718 4849 ἀρετῇ,
1770 4778 1935 4833 τόπον

339 4860 532 4932 ὥσπερ
576 4861 701 4916 τινά
745 4861 839 4915 τὸν
890 4862 1021 4917 ἴδιον
1058 4865 1495 4938 ἀποληψομένου,
1545 4868 1638 4922 καὶ
1674 4868 1773 4940 τὴν
1821 4871 1935 4937 τοῖς

340 4954 511 5007 αὐτοῦ
544 4954 863 5025 πρέπουσαν
912 4956 1297 5028 κατορθώμασι
1325 4958 1501 5025 δόξαν.
1539 4960 1602 5013 El
1634 4960 1708 5031 μὴ
1737 4960 1933 5015 πολλαὶ

336 5045 636 5117 τοιγαροῦν
681 5041 822 5117 ἦσαν
861 5047 919 5100 αἱ
952 5049 1104 5119 παρὰ
1138 5048 1215 5120 τῷ
1261 5048 1384 5121 Θεῷ
1410 5052 1504 5105 καὶ
1545 5051 1720 5124 Πατρὶ
1748 5051 1930 5123 μοναὶ,

336 5135 551 5209 ταύτης
583 5138 650 5191 ἂν
704 5137 890 5195 ἕνεκεν
914 5139 1016 5210 τῆς
1054 5141 1233 5205 αἰτίας
1266 5143 1750 5216 προαποδημήσειν
1800 5142 1927 5213 ἔφη,

337 5229 422 5291 ὡς
456 5226 702 5299 δηλονότι
753 5233 1147 5302 προετοιμάσαι
1175 5233 1245 5287 τὰ
1293 5234 1399 5288 τῶν
1452 5234 1622 5304 ἁγίων
1665 5235 1937 5305 ὲνδιαιτή-

343 5333 518 5390 ματα·
588 5321 792 5387 πολλὰς
856 5323 912 5378 δὲ
960 5323 1127 5389 οὔσας
1194 5325 1353 5391 εἰδὼς
1412 5327 1937 5399 προητοιμασμένας

336 5408 475 5482 ἤδη,
514 5413 607 5466 καὶ
632 5411 742 5466 τῶν
763 5414 1098 5484 ἀγαπώντων
1124 5416 1257 5471 Θεὸν
1288 5420 1686 5490 περιμενούσας
1710 5419 1810 5492 τὴν
1843 5418 1942 5490 ἀφ-

342 5503 482 5569 ιξιν,
524 5504 661 5575 Οὐχὶ
718 5505 923 5578 ταύτης
980 5507 1146 5564 ἕνεκα
1192 5510 1293 5579 τῆς
1326 5511 1505 5576 αἰτίας
1536 5512 1933 5584 ἀποδημήσων,

338 5592 541 5662 φησιν,
591 5593 730 5648 ἀλλά
782 5596 881 5666 τῆς
939 5597 1126 5654 ἀνόδου
1175 5603 1274 5673 τῆς
1305 5602 1438 5675 πρὸς
1480 5602 1539 5657 τὸ
1592 5602 1724 5670 ἀνω,
1769 5600 1936 5674 μονὴν

424 5705 472 5738 ³³
510 5704 671 5762 ηοω.
704 5724 757 5773 x,
788 5709 946 5766 8-10.

2023 1875 2174 1933 dere.
2217 1875 2428 1931 Divina:
2453 1875 2656 1946 quippe
2687 1873 2990 1942 Scriptura:
3017 1873 3246 1928 credere
3271 1888 3377 1930 nos
3404 1873 3609 1930 docent

2023 1969 2080 2023 in
2138 1966 2490 2033 cruciﬁxum,
2518 1973 2572 2022 et
2599 1974 2881 2020 mortuum
2901 2004 2919 2030 ,
2949 1973 3005 2019 et
3028 1963 3330 2020 excitatum
3357 1978 3426 2020 ex
3455 1978 3619 2021 ωσι-ι

2026 2060 2164 2123 tuis,
2190 2074 2304 2116 non
2332 2058 2496 2130 quasi
2535 2058 2681 2114 alius
2715 2058 2789 2115 sit
2823 2073 2855 2112 a
2889 2055 3003 2113 Deo
3032 2056 3214 2113 Verbo
3234 2056 3382 2127 quod
3421 2064 3508 2113 est
3550 2057 3609 2113 in

2023 2153 2178 2225 ipsa,
2228 2152 2373 2223 quod
2424 2153 2493 2207 ad
2554 2150 2883 2209 substantiae
2945 2149 3210 2207 nimirum
3262 2148 3608 2206 identitatem

2023 2253 2239 2318 spectat
2270 2264 2285 2302 :
2330 2259 2538 2316 corpus
2585 2246 2735 2300 enim
2776 2258 2983 2314 corpus
3013 2251 3131 2311 est,
3174 2257 3289 2299 non
3323 2241 3563 2298 Verbum
3588 2283 3607 2307 ,

2024 2339 2152 2396 licet
2185 2353 2388 2409 corpus
2416 2337 2491 2394 sit
2514 2336 2683 2395 Verbi
2706 2376 2721 2402 ,
2753 2335 2851 2393 sed
2877 2343 3147 2405 quantum
3183 2334 3253 2389 ad
3283 2333 3605 2389 ﬁliationem

2024 2439 2256 2500 spectat.
2305 2429 2464 2497 Quod
2506 2429 2653 2485 sicut
2694 2428 2878 2483 minus
2918 2433 3069 2482 recte
3103 2426 3252 2496 loqui
3281 2425 3605 2487 videamur,

2024 2521 2120 2577 Dei
2153 2519 2396 2577 Verbum
2436 2527 2716 2577 mortuum
2751 2533 2876 2575 esse
2913 2518 3259 2574 demonstret
3282 2557 3298 2579 ,
3334 2522 3607 2586 quatenus

2024 2612 2352 2684 intelligitur
2386 2610 2568 2667 Deus:
2601 2609 2748 2682 quod
2776 2617 2863 2667 est
2891 2608 3267 2680 lmpossibile,
3291 2609 3406 2665 imo
3438 2607 3608 2666 etiam

2022 2703 2268 2775 cogitatu
2300 2701 2554 2773 impium.

2092 2957 2235 3023 XIV,
2272 2960 2307 3017 2
2326 3003 2342 3027 ,
2383 2958 2437 3014 5.
2478 2957 2544 3013 In
2569 2959 2726 3014 domo
2752 2957 2935 3014 Patris
2962 2960 3064 3013 mei
3097 2961 3397 3014 mansiones
3424 2957 3609 3012 multa

2025 3063 2196 3116 sunt;
2225 3053 2272 3107 si
2306 3052 2620 3122 quominus.
2655 3052 2912 3107 dixissem
2959 3050 3103 3106 vobis
3135 3067 3154 3106 ε
3186 3052 3311 3120 quia
3343 3049 3478 3105 vado
3512 3066 3609 3119 pa-

2024 3161 2145 3199 rare
2174 3144 2316 3199 vobis
2341 3142 2539 3197 locum.
2569 3141 2635 3197 Et
2676 3143 2723 3197 si
2751 3142 2951 3205 abiero,
2978 3151 3027 3197 et
3067 3147 3432 3217 prwparavbro
3466 3140 3610 3195 vobis

2026 3237 2198 3291 locum
2222 3277 2236 3300 ,
2261 3236 2455 3289 iterum
2482 3236 2630 3290 venio
2651 3273 2666 3298 ,
2702 3244 2750 3288 et
2782 3235 3044 3303 accipiam
3078 3251 3167 3289 vos
3206 3232 3276 3289 ad
3315 3234 3571 3302 mcipsum
3591 3268 3611 3292 .

2024 3337 2081 3383 ut
2109 3328 2197 3384 ubi
2226 3344 2344 3383 sum
2364 3344 2491 3398 ego,
2527 3336 2578 3381 et
2610 3342 2698 3380 vos
2730 3326 2871 3381 sitis.

2097 3482 2400 3554 Postquam
2422 3483 2503 3538 eis
2532 3481 2795 3554 praecepit
2825 3494 2894 3536 ne
2921 3480 3278 3536 turbarentur
3297 3522 3312 3541 .
3350 3476 3449 3537 sed
3490 3494 3611 3535 cre-

2025 3574 2219 3630 derent
2243 3574 2427 3645 potius
2461 3573 2516 3628 in
2547 3572 2763 3628 Patrem
2794 3571 2962 3628 Deum
2981 3612 2997 3637 ,
3033 3578 3089 3626 et
3117 3569 3383 3643 seipsum,
3419 3577 3613 3642 aperte

2027 3667 2193 3723 modo
2221 3682 2318 3723 eos
2350 3666 2539 3721 animo
2569 3664 2887 3720 deficientes
2921 3663 3265 3730 consolatur,
3290 3663 3486 3719 dicens
3517 3676 3614 3718 eos

2025 3758 2352 3831 neutiquam
2382 3765 2538 3813 extra
2567 3763 2817 3814 sanctam
2856 3757 3040 3810 aulam
3076 3769 3436 3812 remansuros
3458 3797 3474 3824 ,
3516 3752 3613 3809 sed

2027 3852 2086 3908 in
2119 3865 2393 3922 supernas
2428 3849 2750 3905 mansiones
2788 3847 3254 3914 introducendos,
3308 3854 3363 3902 ct
3406 3847 3461 3900 in
3496 3844 3615 3916 pri-

2028 3941 2434 4013 mogenitorum
2465 3937 2713 3993 Ecclesia
2750 3951 3049 4008 perennem
3080 3937 3248 3991 vitam
3273 3942 3522 3999 acturos,
3549 3945 3648 4009 ac‘

2030 4035 2089 4089 in
2116 4031 2339 4089 aeternis
2365 4031 2526 4086 bonis
2560 4045 2881 4086 mansuros.
2923 4027 3097 4083 Porro
3131 4029 3338 4083 multas
3362 4023 3656 4082 mansio-'-

2029 4138 2130 4180 nes
2158 4124 2217 4178 in
2247 4122 2413 4177 domo
2443 4120 2628 4176 Patris
2652 4135 2774 4177 esse
2802 4120 2963 4187 dicit,
2992 4119 3156 4190 longe
3182 4118 3618 4190 capacissimum
3645 4111 3649 4117 ’

2032 4217 2233 4274 emlum
2275 4230 2397 4272 esse
2434 4214 2641 4270 docens
2664 4255 2681 4281 ,
2729 4227 2833 4268 nec
2866 4212 3189 4268 accessione
3218 4226 3449 4282 prorsus
3505 4210 3621 4265 ulla

2033 4325 2174 4381 opus
2209 4322 2334 4364 esse
2366 4314 2638 4361 creaturae
2670 4303 2739 4359 ab
2770 4303 2897 4375 ipso
2932 4301 3174 4359 condita
3208 4301 3276 4357 ad
3305 4299 3619 4371 suscipien-

2035 4402 2138 4458 dus
2183 4400 2280 4472 qui
2321 4397 2560 4469 diligunt
2595 4395 2803 4467 ipsum.
2850 4393 2989 4450 Cum
3038 4398 3225 4447 autem
3278 4390 3358 4445 ait
3408 4391 3623 4446 multas

2038 4509 2159 4551 esse
2188 4490 2528 4556 mansiones,
2559 4487 2823 4545 credibile
2846 4493 2932 4543 est
2959 4485 3192 4539 innuere
3220 4482 3360 4539 velle
3389 4481 3620 4538 honoris

2035 4582 2420 4642 excellentiam
2461 4595 2575 4651 quo
2612 4577 2897 4635 ornandus
2934 4582 3018 4631 est
3039 4573 3295 4645 quisquis
3324 4573 3381 4628 in
3415 4574 3621 4628 virtute

2039 4678 2237 4748 degere
2283 4673 2518 4737 statuit,
2561 4669 2849 4743 proprium
2885 4666 3178 4738 quemdam
3227 4664 3399 4722 veluti
3437 4665 3620 4721 locum

2038 4773 2548 4840 congruentemque
2588 4761 2706 4817 suis
2755 4759 2917 4815 factis
2977 4757 3210 4830 gloriam
3266 4764 3618 4827 recepturus.

2038 4860 2156 4916 Nisi
2184 4859 2370 4914 multae
2392 4857 2561 4928 igitur
2587 4860 2778 4910 essent
2806 4852 2915 4908 illa:
2942 4851 3087 4922 apud
3118 4848 3289 4905 Deum
3321 4858 3376 4906 et
3400 4847 3619 4903 Patrem

2040 4951 2378 5012 mansiones,
2410 4947 2554 5002 banc
2583 4945 2657 5001 ob
2685 4959 2935 5009 causam,
2969 4942 3291 5014 inquiebat,
3344 4941 3497 5012 prior
3526 4941 3622 4993 ab-

2040 5044 2179 5099 irem
2204 5042 2272 5097 ad
2304 5039 2552 5112 paranda
2585 5037 2847 5092 nimirum
2885 5035 3095 5091 sanctis
3123 5031 3438 5089 habitacula
3475 5048 3487 5084 :
3526 5028 3621 5085 sed

2043 5151 2167 5192 cum
2192 5134 2441 5190 noverim
2478 5130 2684 5185 multas
2710 5128 2824 5199 jam
2856 5142 2980 5184 esse
3004 5131 3360 5198 praeparatas,
3389 5136 3513 5191 quae
3538 5120 3624 5176 di-

2049 5225 2338 5297 ligentium
2373 5222 2545 5278 Deum
2594 5216 2886 5275 adventum
2935 5215 3343 5288 praestolamur,
3392 5211 3511 5269 Non
3550 5212 3625 5268 ob

2047 5318 2190 5372 hanc
2212 5329 2442 5370 causam
2474 5311 2755 5368 discedam
2779 5351 2795 5377 ,
2824 5309 3039 5379 inquit,
3073 5305 3169 5363 sed
3206 5313 3267 5361 ut
3309 5304 3518 5363 reditus
3566 5306 3625 5359 in

2048 5422 2343 5480 supernam
2390 5405 2537 5461 viam
2577 5402 2748 5459 veluti
2780 5399 3077 5472 quamdam
3127 5406 3184 5457 et
3227 5400 3409 5455 locum
3464 5399 3629 5454 vobis

2046 5508 2472 5575 praeparaturus,
2505 5505 2560 5553 ει
2592 5495 2738 5567 quod
2776 5494 3125 5551 inaccessum
3153 5493 3285 5549 olim
3316 5501 3437 5549 erat
3469 5505 3624 5545 cum-

2048 5595 2394 5668 planaturus.
2450 5590 2666 5647 lnvium
2711 5587 2917 5661 quippe
2966 5603 3198 5661 prorsus
3238 5593 3359 5644 erat
3420 5582 3637 5650 cmlum‘
