4042 6204
442 297 539 351 183

1420 293 1476 348 8.
1519 293 1794 349 CYlilLLl
1828 296 2302 353 ALEXANDRINI
2340 302 2660 360 ARCHIEP.

3588 307 3685 361 184

429 411 770 479 hominibus,
798 409 961 483 764
991 425 1164 481 neque
1199 411 1352 481 prius
1387 427 1628 483 unquam
1650 429 1778 470 caro
1809 431 1993 485 purum

2110 416 2295 490 ὥσπερ
2335 421 2476 483 τινὰ,
2532 423 2626 474 καὶ
2659 421 2822 475 τόπον
2859 425 3300 494 προευτρεπίσων
3333 425 3480 494 ὑμῖν,
3522 425 3612 479 καὶ
3632 427 3692 479 τὸ

428 505 584 561 illum
617 511 672 560 et
709 506 1121 560 sanctissimum
1167 506 1486 574 angelorum
1536 507 1715 560 locum
1745 508 2002 576 triverat,

427 597 528 653 sed
569 598 782 668 primus
805 613 1104 653 ascensum
1145 597 1212 652 ad
1253 597 1387 652 illud
1424 597 1681 653 Christus
1719 600 1878 654 nobis
1923 602 2007 654 in-

429 691 719 756 stauravit,
749 691 1083 760 modumque
1105 705 1172 746 eo
1204 690 1538 746 ascendendi
1571 691 1726 744 carni
1755 691 2002 759 tradidit,

428 783 704 853 primitias
739 784 910 839 veluti
933 783 1198 853 quasdam
1231 791 1574 837 mortuorum
1599 825 1613 848 ,
1658 791 1714 836 et
1761 784 1815 837 in
1860 793 2005 838 terra

421 874 726 944 jacentium
751 876 991 947 seipsum
1021 875 1254 930 on‘erens
1286 874 1396 930 Deo
1422 890 1486 928 ac
1516 874 1686 938 Patri,
1715 884 1770 930 et
1792 876 2005 946 primus

425 968 591 1022 homo
634 969 1019 1024 manifestatus
1069 969 1136 1022 iis
1177 971 1271 1036 qui
1316 968 1372 1021 in
1419 967 1562 1022 caalo
1596 976 1747 1021 sunt.
1793 968 2004 1023 Idcirco

428 1067 728 1128 augustum
773 1071 828 1114 et
872 1075 1126 1130 magnum
1172 1061 1304 1116 illud
1356 1061 1624 1117 adventus
1663 1077 1788 1117 cum
1835 1077 2003 1116 carne

427 1151 754 1220 mysterium
801 1152 1119 1223 ignorantes
1158 1154 1412 1209 ctelestes
1453 1154 1666 1224 angeli,
1698 1152 2004 1208 ascenden-

427 1253 536 1298 tem
571 1245 920 1299 mirabantur
947 1245 1207 1312 attoniti,
1258 1255 1312 1300 et
1355 1262 1499 1301 novo
1540 1255 1705 1316 atque
1739 1247 2000 1302 inusitato

428 1338 745 1405 spectaculo
793 1338 1000 1393 turbati
1045 1345 1254 1392 tantum
1295 1354 1400 1393 non
1441 1340 1595 1394 aiunt
1634 1357 1646 1394 :
1685 1358 1703 1389 ι
1740 1339 1875 1405 Quis
1917 1347 2003 1394 est

426 1430 531 1485 iste
556 1431 651 1500 qui
681 1431 831 1486 venit
863 1432 930 1487 de
966 1430 1136 1487 Edom
1161 1432 1252 1484 ⁸⁸⁸2
1289 1452 1306 1483 ι
1353 1432 1459 1487 hoc
1483 1440 1567 1488 est
1600 1433 1669 1488 de
1699 1441 1864 1488 terra.
1893 1432 1999 1487 Sed

425 1521 674 1590 ignaram
719 1522 1064 1578 admirabilis
1116 1525 1209 1579 Dei
1258 1539 1322 1579 ac
1364 1523 1547 1580 Patris
1583 1525 1865 1595 sapientize
1903 1540 1999 1578 su-

425 1629 652 1682 pernam
692 1613 837 1668 illam
873 1616 1282 1671 multitudinem
1319 1616 1562 1686 Spiritus
1601 1632 1709 1671 non
1751 1616 1995 1679 dimisit,

423 1704 678 1772 quinimo
702 1706 868 1776 jussit
897 1715 953 1760 ut
985 1707 1033 1762 ei
1068 1717 1325 1778 tanquam
1361 1709 1474 1780 regi
1513 1723 1578 1763 ac
1610 1709 1854 1765 universi
1894 1709 1998 1764 Do-

2110 514 2277 567 πάλαι
2329 514 2595 568 δύσϐατον
2640 516 2959 586 ἐξομαλιῶν.
3025 518 3261 581 Ἀὀατος
3307 517 3418 589 γάρ
3469 513 3537 588 ἦν
3593 519 3690 572 ἁν-

2109 606 2346 678 θρώττοις
2404 608 2684 672 παντελῶς
2739 611 2767 662 6
2814 611 3062 680 οὐρανὸς,
3125 611 3220 663 καὶ
3278 611 3340 662 ού
3407 612 3692 682 πεπάτηκε

2109 699 2372 769 πρότερον
2421 698 2639 754 πώποτε
2689 701 2824 772 σὰρξ
2854 703 2913 755 τὸ
2942 703 3181 773 καθαρὸν
3223 705 3398 756 ἐκεῖνο
3422 703 3513 754 καὶ
3559 703 3695 755 πάν-

2107 806 2272 857 αγνον
2327 790 2435 843 τῶν
2493 791 2740 859 ἀγγέλων
2787 794 3003 863 χωρίον,
3051 793 3349 846 ἐνεκαίνισε
3383 793 3438 845 δὲ
3481 791 3695 864 πρῶτος

2107 881 2238 950 ἡμῖν
2267 882 2362 951 τὴν
2397 884 2476 944 εἰς
2498 882 2658 935 αὑτὸν
2678 883 2865 936 ἄνοδον
2885 886 2913 937 6
2938 883 3191 955 Χριστὸς.
3208 885 3302 936 καὶ
3331 885 3530 954 τρόπον
3561 883 3691 936 ἔδων

2107 989 2200 1025 κεν
2227 973 2412 1026 ἀνόδου
2439 974 2538 1043 τῆς
2559 975 2638 1036 είς
2667 974 2895 1045 οὐρανὸν
2925 977 2989 1045 τῇ
3021 975 3478 1046 σαρκὶ,ἀπαρχὴν
3501 975 3692 1045 ὥσπερ

2105 1063 2225 1116 τινὰ
2250 1064 2355 1116 τῶν
2384 1065 2822 1135 κεκοιμημένων,
2839 1067 2930 1118 καὶ
2954 1067 3010 1118 ὲν
3031 1066 3133 1136 γῆς
3158 1066 3368 1136 χώματι
3402 1067 3690 1137 κειμένων,

2106 1155 2298 1206 ἑαυτὸν
2343 1155 2685 1226 ἀνακομίσας
2741 1156 2819 1227 τῷ
2856 1157 2974 1228 Θεῷ
3023 1158 3117 1209 καὶ
3156 1159 3349 1229 Πατρὶ,
3407 1159 3500 1210 καὶ
3534 1159 3690 1228 πρώ-

2103 1264 2194 1310 τος
2216 1246 2498 1318 ἄνθρωπος
2533 1249 2715 1318 ὀφθεὶς
2754 1253 2865 1314 τοῖς
2911 1253 2967 1304 ὲν
2997 1250 3230 1321 οὐρανῷ.
3263 1250 3552 1322 Τοιγάρτοι
3599 1253 3693 1304 καὶ

2103 1341 2165 1393 τὸ
2195 1343 2394 1394 σεπτὸν
2418 1343 2512 1394 καὶ
2544 1343 2685 1412 μέγα
2715 1342 2812 1414 τῆς
2855 1342 3150 1413 ἐπιδημίας
3177 1342 3280 1412 τῆς
3315 1342 3452 1412 μετά
3486 1343 3691 1412 σαρκὸς

2107 1435 2405 1505 μυστήριον
2438 1435 2537 1488 οὐκ
2556 1435 2753 1499 είδότες
2783 1436 2830 1489 οἱ
2862 1437 2982 1489 κατ’
3011 1436 3238 1507 οὐρανὸν
3256 1436 3407 1499 ὄντες
3443 1434 3687 1504 ἄγγελοι,

2103 1524 2320 1578 ἀνιόντα
2370 1525 2833 1597 κατετεθήπεσαν,
2880 1526 2972 1578 ἐπὶ
3010 1526 3067 1579 δὲ
3110 1524 3186 1596 τῷ
3223 1524 3356 1596 ξένῳ
3401 1525 3494 1578 καὶ
3531 1523 3688 1596 ἀήθει

2105 1619 2388 1689 πράγματι
2448 1617 2730 1689 μονονουχὶ
2773 1616 3219 1687 τεθορυϐημένοι,
3290 1616 3442 1685 φασί·
3510 1634 3528 1667 ι
3593 1615 3690 1678 Τίς

2103 1704 2258 1775 οὗτος
2283 1711 2310 1762 6
2351 1711 2786 1781 παραγενόμενος
2835 1709 2892 1775 ἐξ
2943 1709 3148 1779 Ἑδώμ;
3190 1728 3208 1759 ι
3242 1707 3388 1761 τοῦτ’
3424 1707 3590 1770 ἔστιν,
3627 1708 3692 1760 ὲκ

423 1797 575 1851 ιιιίιιο
606 1799 860 1854 caelestes
891 1807 1077 1870 portas
1100 1800 1398 1870 aperirent,
1431 1803 1784 1856 exclamans:
1823 1821 1842 1852 ι
1874 1800 1993 1856 Tol-

2104 1804 2226 1872 γῆς.
2268 1804 2408 1855 Ἀλλ’
2435 1805 2533 1856 οὐκ
2579 1803 2862 1856 ἀδίδακτον
2905 1800 3005 1870 τῆς
3033 1799 3127 1854 τοῦ
3169 1799 3304 1853 Θεοῦ
3352 1799 3447 1852 καὶ
3479 1799 3692 1867 Πατρὸς

424 1887 520 1941 lite
555 1899 763 1958 portas,
797 1890 1098 1960 principes,
1125 1905 1359 1953 vestras.
1391 1901 1445 1948 et
1475 1893 1788 1958 elevamini,
1827 1903 1998 1964 portae

421 1980 728 2045 aalernales,
777 1988 831 2034 et
867 1981 1116 2036 introibit
1152 1983 1263 2038 liex
1299 1984 1486 2054 gloriae
1523 1985 1592 2038 δι.
1634 2003 1652 2037 ι
1705 1985 1997 2039 Innovavit

421 2071 596 2134 igitur
634 2072 793 2127 nobis
827 2072 1095 2130 Dominus
1139 2083 1329 2130 noster
1357 2073 1520 2131 Jesus
1557 2075 1814 2134 Christus
1851 2079 1995 2132 viam

422 2169 700 2217 recentem
731 2178 795 2218 ac
823 2165 1024 2229 vivam,
1072 2173 1131 2218 ut
1158 2164 1362 2221 Paulus
1391 2166 1466 2220 ait
1489 2168 1558 2232 ",
1591 2182 1702 2221 non
1727 2167 1780 2221 in
1809 2178 1998 2223 sancta

422 2253 760 2319 manufacta,
791 2255 888 2310 sed
913 2255 967 2310 in
991 2256 1191 2312 cmlum
1217 2257 1392 2326 ipsum
1428 2257 1734 2328 ingressus,
1764 2270 1823 2314 ut
1851 2275 1998 2314 nunc

421 2357 608 2398 coram
652 2347 802 2399 vultu
853 2345 950 2401 Dei
1001 2363 1100 2418 pro
1149 2349 1310 2404 nobis
1357 2359 1640 2419 appareat.
1691 2349 1803 2406 Nec
1849 2351 1998 2406 enim

421 2436 672 2491 ascendit
707 2437 1002 2503 Christus,
1041 2449 1099 2493 ut
1146 2440 1390 2509 seipsum
1431 2441 1752 2510 conspectui
1791 2439 1886 2495 Dei
1934 2455 1998 2495 ac

421 2525 600 2584 Patris
633 2529 1011 2586 manifestat-et
1051 2554 1062 2586 :
1107 2541 1223 2586 erat
1258 2531 1495 2601 quippe,
1528 2539 1582 2588 et
1629 2541 1746 2597 est,
1783 2533 1998 2602 eritque

420 2635 639 2692 semper
673 2623 726 2676 in
760 2621 956 2687 Patre,
995 2633 1050 2678 et
1089 2624 1144 2678 in
1183 2625 1362 2680 oculis
1403 2625 1488 2680 sui
1522 2625 1836 2696 genitoris:
1881 2625 1998 2695 ipse

419 2712 567 2792 enim
609 2720 696 2768 est
743 2729 850 2783 quo
895 2730 1110 2784 semper
1146 2716 1382 2786 gaudet;
1425 2717 1521 2772 sed
1561 2716 1809 2772 ascendit
1855 2732 2002 2771 nunc

420 2805 577 2874 quasi
611 2805 776 2858 homo
825 2806 1050 2860 insolita
1095 2807 1334 2876 quadam
1383 2814 1437 2862 et
1483 2807 1751 2864 inusitata
1785 2809 2000 2862 ratione

420 2894 872 2963 conspiciendum
898 2911 957 2952 se
988 2897 1236 2966 praebens
1274 2897 1512 2954 Verbum
1547 2899 1695 2968 quod
1724 2899 1856 2954 olim
1897 2900 2000 2954 hu-

419 2987 683 3042 manitate
709 3002 945 3043 vacuum
981 2996 1122 3044 erat.
1155 2990 1326 3060 idque
1367 3001 1590 3061 propter
1619 3007 1758 3058 nos,
1810 3001 1863 3048 et
1901 3009 2000 3063 pro

420 3077 607 3142 nobis,
638 3085 697 3132 ut
722 3085 776 3133 et
807 3079 1067 3135 inventus
1097 3087 1156 3134 ut
1196 3080 1359 3135 homo
1384 3081 1451 3112 ⁸⁸²
1473 3121 1488 3145 ,
1527 3090 1787 3152 tanquam
1819 3081 1995 3140 Filius

417 3169 475 3224 in
507 3169 708 3225 virtute
733 3209 746 3230 .
795 3181 849 3226 et
885 3172 980 3242 qui
1013 3187 1137 3227 cum
1180 3187 1349 3229 carne
1389 3173 1562 3229 audiit
1604 3175 1658 3229 in
1708 3175 1946 3231 solidum
1979 3195 1992 3231 :

423 3279 443 3313 ι
485 3257 624 3316 Sede
654 3275 684 3314 a
717 3261 929 3320 dextris
964 3263 1100 3320 meis
1129 3264 1174 3295 ⁸¹
1198 3305 1212 3331 ,
1249 3284 1267 3317 ›
1317 3264 1599 3322 ﬁliationis
1628 3267 1860 3336 gloriam
1894 3269 1994 3322 toti

417 3351 660 3406 humano
685 3353 868 3423 generi
912 3369 1008 3424 per
1047 3355 1291 3426 seipsum
1325 3357 1622 3427 adoptione
1647 3360 1996 3416 transmitte-

416 3450 520 3499 ret.
558 3440 715 3499 Unus
761 3445 909 3500 enim
960 3457 1047 3502 est
1087 3461 1152 3501 ex
1201 3449 1362 3505 nobis
1389 3489 1404 3514 ,
1445 3450 1500 3504 in
1533 3461 1798 3521 quantum
1831 3451 1994 3508 homo

415 3535 690 3604 apparuit,
723 3550 754 3588 a
775 3534 982 3590 dextris
1010 3535 1101 3590 Dei
1133 3548 1188 3591 et
1214 3537 1416 3605 Patris,
1442 3539 1566 3595 licet
1588 3556 1753 3611 supra
1776 3556 1993 3596 onmem

415 3633 726 3680 creaturam
779 3627 851 3682 sit
877 3666 891 3690 ,
941 3636 996 3683 et
1033 3630 1528 3688 consubstantialis
1569 3649 1672 3689 suo
1716 3636 1990 3704 genitori,

411 3725 687 3787 quatenus
728 3718 934 3776 effulsit
960 3737 1026 3776 ex
1066 3722 1222 3792 ipso,
1259 3722 1402 3778 Deus
1434 3725 1503 3780 de
1535 3724 1645 3782 Deo
1669 3767 1684 3791 ,
1721 3734 1776 3782 ct
1805 3728 1991 3782 lumen

411 3806 481 3862 de
505 3821 634 3862 vero
655 3808 880 3865 lumine.
904 3810 1174 3882 Apparuit
1196 3813 1384 3882 itaque
1409 3821 1670 3884 tanquam
1701 3816 1868 3872 homo
1891 3832 1991 3888 pro

411 3899 572 3954 nobis
602 3899 791 3965 Patri,
818 3909 879 3956 ut
907 3918 1009 3958 nos
1039 3903 1134 3974 qui
1159 3905 1228 3960 ab
1254 3907 1372 3976 ejus
1396 3907 1552 3961 vultu
1585 3916 1811 3978 propter
1837 3916 1989 3964 vete-

409 4003 526 4044 rem
558 3993 1066 4060 pmvaricationem
1103 3997 1310 4065 repulsi
1334 3996 1637 4064 fueramus,
1666 4014 1866 4054 rursus
1899 4014 1990 4055 co-

411 4094 528 4134 ram
577 4079 735 4136 Patre
773 4083 1031 4152 sisteret;
1070 4086 1256 4154 sedit,
1313 4096 1370 4142 ut
1407 4087 1614 4154 Filius,
1661 4098 1720 4144 ut
1763 4097 1817 4144 et
1851 4106 1984 4158 nos,

409 4173 672 4237 tanquam
696 4169 814 4235 filii,
857 4188 956 4242 per
989 4189 1113 4229 eum
1149 4191 1602 4248 nuncuparcmur
1652 4193 1715 4234 ac
1743 4178 1834 4235 Dei
1869 4181 1982 4237 ﬁlii.

2107 1895 2436 1964 ἀξιαγάστου
2477 1896 2690 1965 σοφίας,
2718 1895 2815 1964 τὴν
2844 1894 2956 1948 ἄνω
2981 1893 3188 1964 πληθὺν
3215 1893 3391 1962 ἀφῆκε
3422 1891 3483 1944 τὸ
3523 1890 3694 1944 Πνεῦ-

2111 2006 2207 2058 μα,
2251 1989 2589 2043 διεκελεύετο
2609 1988 2664 2041 δὲ
2715 1987 2914 2057 μᾶλλον
2952 1987 3026 2050 ὡς
3059 1985 3270 2056 βασιλεῖ
3295 1983 3520 2038 καὶτῶν
3552 1983 3692 2037 δλων

2105 2081 2348 2154 Δεσπότῃ
2377 2080 2474 2144 τὰς
2499 2079 2784 2151 οὐρανίους
2806 2078 3115 2147 ἀνοιγνύναι
3152 2076 3323 2141 πύλας
3352 2076 3687 2146 ἀναφωνοῦν-

2112 2191 2131 2225 ι
2200 2175 2401 2242 Ἀρατε
2455 2171 2648 2236 πύλας,
2703 2173 2751 2224 oi
2817 2172 3095 2242 ἄρχοντες,
3144 2169 3319 2240 ὑμῶν,
3363 2170 3456 2222 καὶ
3516 2168 3693 2237 έπάρ⁶

2104 2262 2256 2331 θητε,
2277 2261 2442 2316 πύλαι
2470 2261 2700 2324 αἰώνιοι,
2735 2261 2827 2314 καὶ
2851 2259 3220 2314 εἰσελεύσεται
3247 2262 3274 2312 ὁ
3298 2258 3560 2320 Βασιλεὺς
3587 2257 3689 2326 τῆς

2101 2355 2279 2425 δόξης.
2325 2375 2342 2406 ι
2411 2353 2740 2408 Ἐνεκαίνισε
2806 2353 2984 2406 τοίνυν
3037 2354 3167 2424 ἡμῖν
3211 2352 3239 2404 6
3284 2351 3487 2414 Κύριος
3529 2350 3687 2422 ἡμῶν

2115 2443 2321 2512 Ἰησοῦς
2373 2443 2607 2514 Χριστὸς
2651 2443 2768 2496 όδὸν
2818 2443 3128 2513 πρόσφατον
3171 2442 3262 2496 καὶ
3307 2441 3510 2505 ζῶσαν,
3553 2440 3628 2501 ὡς
3657 2443 3686 2492 6

2103 2534 2314 2598 Παῦλός
2369 2552 2555 2605 φησιν,
2587 2535 2686 2587 οὐκ
2725 2535 2804 2597 είς
2835 2534 3187 2604 χειροποίητα
3228 2533 3357 2600 ἆγια
3407 2531 3682 2595 εἰσελθὼν,

2101 2627 2216 2680 ἀλλ’
2267 2627 2347 2690 εἰς
2397 2625 2558 2680 αὐτὸν
2597 2627 2689 2680 τὸν
2729 2626 2977 2698 οὐρανὸν,
3029 2626 3122 2679 νῦν
3172 2623 3568 2696 ἐμφανισθῆναι
3607 2624 3686 2695 τῷ

2099 2720 2379 2792 προσώπῳ
2397 2719 2490 2774 τοῦ
2545 2720 2681 2773 Θεοῦ
2718 2721 2858 2791 ὑπὲρ
2893 2719 3072 2791 ήμῶν.
3105 2719 3180 2773 Οὐ
3215 2720 3324 2790 γὰρ
3351 2718 3535 2771 ἑαυτὸν
3582 2718 3684 2787 ἑμ-

2099 2813 2338 2881 φανίσων
2386 2812 2464 2882 τῷ
2508 2811 2782 2884 προσώπῳ
2825 2812 2917 2865 τοῦ
2944 2810 3079 2864 Θεοῦ
3134 2810 3229 2864 καὶ
3259 2809 3468 2880 Πατρὸς
3491 2809 3686 2863 ἀναϐέ-

2099 2903 2268 2974 ϐηκεν
2294 2905 2321 2956 6
2350 2902 2603 2973 Χριστός·
2659 2897 2727 2972 ἦν
2777 2900 2904 2971 γάρ,
2961 2901 3055 2953 καὶ
3101 2899 3236 2965 ἔστι,
3278 2900 3372 2953 καὶ
3413 2899 3565 2952 ἐσται
3594 2899 3682 2952 διὰ

2099 2993 2319 3057 παντὸς,
2351 2996 2409 3046 ὲν
2440 2991 2637 3061 Πατρὶ,
2669 2992 2762 3045 καὶ
2791 2991 2850 3044 ἐν
2876 2991 3173 3062 ὀφθαλμοῖς
3204 2990 3294 3044 τοῦ
3329 2991 3460 3044 ίδίου
3485 2991 3682 3060 γεννήο

2025 3074 2068 3135 C
2097 3101 2272 3154 ιιτορος⁹
2306 3083 2467 3148 αὐτὸς
2490 3083 2595 3152 γάρ
2626 3085 2794 3144 ἐστιν,
2817 3075 2860 3150 ᾧ
2878 3082 3203 3154 προσκαίρει
3233 3081 3322 3134 διὰ
3343 3065 3561 3144 παντός·
3587 3083 3684 3133 ἀν-

2103 3175 2204 3246 έϐη
2232 3175 2289 3229 δὲ
2331 3173 2450 3239 νῦν,
2493 3174 2568 3238 ὼς
2603 3174 2887 3246 ἄνθρωπος
2942 3173 3224 3244 ἀσυνήθως
3273 3189 3333 3225 τε
3379 3172 3472 3225 καὶ
3517 3170 3684 3236 ξένως

2099 3263 2520 3335 ἐμφανισθῆναι,
2572 3267 2600 3318 6
2654 3265 2822 3318 πάλαι
2858 3263 3063 3334 γυμνὸς
3110 3261 3529 3334 ἀνθρωπὸτητος
3575 3263 3683 3318 Δό-

2098 3377 2212 3428 γος.
2244 3359 2320 3411 Δι’
2344 3360 2492 3429 ἡμᾶς
2533 3357 2588 3410 δὲ
2619 3357 2792 3420 τοῦτο,
2825 3357 2920 3410 καὶ
2951 3356 3092 3427 ὑπὲρ
3120 3355 3302 3426 ἡμῶν,
3345 3357 3432 3409 ἴνα
3487 3355 3580 3408 καὶ
3605 3355 3684 3419 ὼς

2098 3448 2382 3520 ἄνθρωπος
2409 3447 2672 3518 εὑρεθεὶς,
2716 3446 2792 3509 ὠς
2829 3446 2958 3508 Υἱὸς
2991 3447 3048 3499 ὲν
3095 3444 3344 3515 δυνάμει,
3399 3445 3492 3497 καὶ
3542 3444 3682 3514 μετά

2099 3541 2300 3610 σαρκὸς
2335 3538 2573 3601 ἀκούσας
2611 3537 2865 3603 καθόλου,
2902 3555 2920 3588 ι
2977 3536 3160 3590 Κάθου
3190 3538 3252 3590 ἐκ
3273 3534 3459 3602 δεξιῶν
3497 3553 3622 3605 μου,
3657 3555 3675 3588 ι

2096 3630 2194 3700 τῆς
2227 3627 2497 3691 υἱοθεσίας
2530 3627 2628 3697 τὴν
2650 3626 2828 3692 δόξαν,
2856 3627 2962 3696 ὅλῳ
3005 3627 3073 3680 δι’
3103 3627 3296 3680 ἑαυτοῦ
3332 3626 3680 3699 παραπέμψει

2093 3720 2172 3790 τῷ
2192 3720 2358 3788 γένει.
2397 3713 2490 3781 Εἷς
2528 3719 2634 3789 γάρ
2663 3719 2810 3770 ἐστιν
2844 3718 3020 3788 ἡμῶν,
3061 3718 3196 3771 καθὸ
3218 3717 3456 3788 πέφηνεν
3477 3717 3680 3788 ἄνθρω-

2095 3832 2216 3878 πος,
2240 3817 2302 3867 ἐκ
2325 3813 2515 3878 δεξιῶν
2539 3813 2634 3870 τοῦ
2661 3813 2797 3867 Θεοῦ
2821 3815 2913 3868 καὶ
2946 3815 3178 3885 Πατρὸς,
3207 3816 3255 3868 εί
3277 3815 3370 3868 καὶ
3397 3814 3536 3885 ὑπὲρ
3567 3816 3677 3867 πᾶ-

2095 3906 2194 3960 σάν
2235 3908 2381 3960 ἐστιν
2427 3907 2526 3977 τὴν
2575 3906 2773 3973 κτίσιν,
2808 3907 2902 3960 καὶ
2945 3906 3232 3977 ὀμοούσιος
3281 3907 3360 3976 τῷ
3402 3907 3516 3978 ἰδίῳ
3554 3923 3680 3975 γεν-

2092 4001 2299 4071 νήτορι,
2359 3999 2495 4052 καθὸ
2556 3999 2800 4070 πέφηνεν
2862 3999 2922 4064 ἐξ
2978 3999 3143 4052 αὐτοῦ
3208 4000 3339 4062 Θεὸς
3391 4002 3458 4052 ἐκ
3513 3999 3676 4063 Θεοῦ,

2091 4092 2184 4145 καὶ
2211 4091 2326 4160 φῶς
2342 4093 2405 4144 ὲκ
2429 4090 2602 4160 φωτὸς
2624 4091 2764 4144 κατά
2786 4091 3066 4162 ἀλήθειαν.
3098 4092 3448 4162 Ἐνεφανίσθη
3470 4092 3675 4156 τοίνυν,

2089 4189 2164 4250 ὡς
2194 4185 2477 4256 ἄνθρωπος
2529 4184 2667 4256 ὑπὲρ
2692 4183 2847 4254 ἡμῶν
2875 4185 2954 4256 τῷ
2996 4186 3190 4256 Πατρὶ,
3242 4185 3326 4238 ἵνα
3357 4187 3502 4255 ἡμᾶς
3545 4187 3676 4251 τοὺς

404 4256 642 4329 Ideoque
672 4259 876 4319 Paulus
927 4264 1021 4335 qui
1053 4268 1337 4324 contendit
1363 4268 1565 4326 habere
1595 4285 1655 4326 se
1702 4269 1985 4327 Christum

2095 4278 2152 4330 ὲκ
2194 4275 2488 4346 προσώπου
2574 4277 2852 4345 γεγονότας
2901 4277 2989 4330 διὰ
3047 4277 3146 4348 τὴν
3199 4277 3429 4348 ἀρχαίαν
3494 4281 3675 4348 παρά-

405 4350 721 4421 loqucntem
753 4355 807 4409 in
839 4358 1022 4426 seipso
1043 4359 1110 4423 “,
1140 4362 1454 4417 communia
1492 4378 1616 4418 esse
1637 4371 1849 4418 natura:
1880 4364 1984 4418 bu-

2095 4370 2281 4435 ΰασιν,
2356 4371 2526 4441 στήσῃ
2585 4369 2746 4422 πάλιν
2800 4368 2876 4432 ώς
2935 4370 2992 4422 ἐν
3049 4368 3327 4440 προσώπῳ
3397 4369 3490 4422 τοῦ
3553 4370 3674 4422 Πα-

404 4457 581 4497 mante
611 4443 817 4501 docens
847 4462 911 4502 ca
941 4464 1063 4518 qua:
1095 4465 1224 4519 erga
1244 4453 1425 4520 ipsum
1461 4454 1811 4520 peculiariter
1835 4454 1976 4512 facta

2095 4465 2228 4535 πρός·
2259 4463 2570 4529 κεκάθικεν,
2597 4462 2671 4526 ὡς
2694 4463 2840 4526 Υἱὸς,
2894 4462 2980 4514 ἵνα
3004 4462 3098 4514 καὶ
3118 4464 3299 4532 ἡμεῖς,
3349 4463 3425 4526 ὡς
3453 4462 3560 4515 υἱοὶ
3600 4459 3672 4516 δι’

404 4541 535 4587 sunt
572 4535 685 4601 ait,
719 4538 849 4606 quia
880 4547 934 4592 et
987 4557 1004 4588 ι
1039 4544 1503 4597 conresuscitavit
1541 4559 1674 4608 nos,
1705 4554 1758 4600 ct
1790 4562 1984 4602 conse-

402 4622 534 4677 dere
589 4623 718 4679 l‘ecit
763 4629 820 4681 in
871 4630 1194 4687 coelestibus
1238 4632 1290 4688 in
1336 4634 1562 4689 Christo
1591 4639 1656 4690 ⁵⁸.
1692 4657 1709 4689 ι
1747 4637 1984 4711 Propria

401 4729 640 4784 namque
668 4725 752 4771 est
793 4719 952 4791 765
982 4720 1206 4778 Christo
1233 4762 1250 4788 ,
1299 4735 1358 4779 ut
1390 4727 1694 4783 secundum
1730 4739 1982 4786 naturam
2032 4716 2036 4720 ’

401 4800 543 4856 Filio
568 4845 583 4870 ,
615 4819 914 4863 consessus
960 4809 1198 4881 dignitas
1246 4821 1304 4868 et
1343 4813 1553 4884 gloria,
1601 4833 1764 4888 quam
1801 4821 1851 4876 ei
1887 4823 1981 4878 uni

399 4904 769 4967 congruenter
794 4912 859 4952 ac
886 4913 1010 4955 vere
1043 4899 1388 4958 tribuendam
1415 4920 1538 4961 esse
1567 4907 1805 4966 dicimus
1833 4929 1847 4966 :
1879 4913 1975 4968 sed

399 4990 528 5058 quia
558 4990 859 5047 considens
889 4993 1067 5050 nostri
1099 4994 1299 5052 similis
1339 5007 1462 5066 εει,
1497 5012 1774 5071 quatenus
1810 5021 1978 5078 appa-

397 5082 510 5136 ruit
539 5083 738 5152 homo,
769 5083 1024 5156 Deusque
1063 5087 1226 5142 simul
1266 5089 1333 5144 de
1374 5089 1484 5147 Deo
1513 5092 1867 5164 intelligitur,
1906 5099 1974 5154 ad

395 5190 499 5230 nos
539 5178 705 5232 etiam
751 5179 1156 5249 quodammodo
1210 5181 1495 5253 dignitatis
1547 5187 1694 5244 illius
1742 5192 1971 5260 gratiam

396 5270 741 5324 transmittit.
793 5270 910 5327 Etsi
973 5274 1120 5328 enim
1173 5290 1293 5329 cum
1353 5292 1419 5332 co
1465 5277 1612 5336 Patri
1651 5287 1971 5342 consessuri

397 5371 506 5410 non
552 5359 727 5414 simus
794 5363 1111 5432 (quomodo
1167 5368 1316 5423 enim
1362 5384 1556 5428 servus
1610 5391 1851 5445 unquam
1901 5381 1969 5433 ad

392 5449 657 5517 aequalem
685 5466 809 5505 cum
839 5453 1062 5511 domino
1094 5458 1351 5516 honorem
1381 5465 1969 5537 ascendet?),verum-

393 5548 575 5597 tamen
627 5543 836 5598 sanctis
889 5544 1178 5618 discipulis
1235 5568 1490 5610 sessuros
1541 5574 1705 5628 super
1750 5562 1964 5621 thronis

461 5653 507 5750 1°
549 5652 653 5750 ξε.
679 5658 958 5750 $121!.“
995 5658 1049 5750 5“-
1080 5658 1220 5750 Posal.
1262 5681 1394 5721 χχιιι
1425 5710 1435 5731 ,
1470 5669 1515 5722 7.
1597 5672 1641 5704 ⁸⁸
1676 5671 1838 5730 Hebr.
1877 5691 1948 5742 ix,

2159 5678 2202 5709 ⁸³
2239 5677 2472 5750 Philipp.
2504 5694 2576 5742 ιι,
2621 5677 2668 5731 7.

391 5725 609 5792 κιιι,5.
679 5727 724 5759 ⁵⁸
784 5726 980 5798 Ephes.
1015 5731 1156 5794 “,6.

2083 4556 2247 4610 αὑτοῦ
2299 4554 2758 4626 χρηματίσωμεν,
2815 4553 2907 4605 καὶ
2977 4553 3142 4606 τέκνα
3213 4553 3369 4606 Θεοῦ.
3437 4553 3534 4606 Διά
3583 4569 3672 4607 τοι

2082 4648 2260 4713 τοῦτο,
2287 4647 2381 4700 καὶ
2413 4649 2441 4700 6
2490 4644 2718 4710 Παῦλος,
2771 4646 2799 4698 6
2831 4645 2922 4698 τὸν
2948 4645 3181 4716 Χριστὸν
3212 4644 3358 4714 ἔχειν
3403 4647 3459 4698 ὲν
3487 4645 3672 4714 ἑαυτῷ

2081 4741 2347 4796 λαλοῦντα
2385 4739 2805 4808 διατεινόμενος,
2849 4738 3002 4790 κοινά
3034 4740 3099 4808 τῇ
3147 4737 3308 4806 φύσει
3353 4740 3418 4807 τῇ
3453 4736 3660 4808 ἀνθρωο

2083 4831 2208 4903 πείᾳ
2231 4831 2311 4884 -τά
2348 4833 2428 4894 εἰς
2460 4830 2622 4883 αὑτὸν
2659 4828 2842 4892 ἰδικῶς
2877 4829 3140 4897 γεγονότα
3169 4829 3438 4882 διδάσκων
3470 4830 3661 4900 φησὶν,

2082 4925 2164 4978 ὅτι
2199 4925 2292 4978 καὶ
2325 4942 2344 4974 ι
2390 4923 2713 4992 Συνήγειρεν
2763 4921 2924 4991 ἡμᾶς,
2960 4921 3052 4974 καὶ
3095 4920 3446 4976 συνεκάθισεν
3469 4921 3527 4973 ὲν
3550 4923 3670 4984 τοῖς

2082 5013 2426 5084 ἐπουρανίοις
2477 5014 2532 5064 ἐν
2598 5010 2839 5082 Χριστῷ.
2881 5029 2899 5062 ι
2946 5011 3104 5065 Ἴδιον
3143 5013 3242 5082 μὲν
3279 5012 3386 5084 γὰρ
3427 5013 3502 5076 ὡς
3545 5012 3666 5082 ru;

2081 5105 2223 5159 κατά
2249 5104 2408 5173 φύσιν
2443 5102 2676 5173 ὑπάρχει
2700 5101 2919 5172 Χριστῷ
2946 5101 3006 5155 τὸ
3032 5101 3132 5172 τῆς
3152 5105 3463 5174 συνεδρείας
3492 5105 3664 5172 ἀξίω·-

2085 5215 2182 5267 μα,
2207 5197 2300 5250 καὶ
2319 5195 2416 5265 τὴν
2451 5194 2545 5248 τοῦ
2575 5193 2952 5263 συγκαθῆσθαι
2991 5195 3169 5260 δόξαν,
3219 5197 3366 5267 αὐτῷ
3416 5215 3472 5250 τε
3525 5215 3663 5268 πρε-

2081 5288 2291 5348 πάντως
2325 5284 2419 5337 καὶ
2453 5283 2598 5353 μόνῳ
2633 5282 2846 5354 ἀληθῶς
2900 5284 3218 5338 ἀνακεῖσθαι
3270 5290 3513 5358 φήσομεν
3537 5303 3548 5316 ·
3598 5287 3662 5339 τὸ

2078 5377 2132 5430 δὲ
2155 5375 2289 5438 ὅλως
2320 5373 2440 5426 καθ’
2466 5373 2613 5443 ἡμᾶς
2648 5371 2913 5444 ὑπάρχειν
2947 5371 3040 5426 τὸν
3077 5373 3483 5444 συνεδρεύοντα,
3521 5377 3660 5428 καθὸ

2075 5470 2313 5539 πέφηνεν
2355 5465 2637 5536 ἄνθρωπος
2663 5466 2800 5536 μετά
2841 5465 2934 5518 τοῦ
2989 5464 3222 5519 νοεῖσθαι
3261 5466 3352 5520 καὶ
3397 5467 3526 5520 Θεὸν
3591 5469 3660 5520 ἐκ

2068 5559 2225 5627 Θεοῦ,
2277 5558 2635 5629 παραπέμπει
2699 5575 2816 5622 πως
2866 5557 2962 5610 καὶ
3013 5559 3092 5620 εἰς
3128 5559 3275 5628 ἡμᾶς
3334 5559 3432 5626 τὴν
3467 5561 3532 5613 ὲκ
3559 5559 3655 5614 τοῦ

2747 5672 2810 5704 ⁸³”
2855 5671 2994 5728 Psal.
3031 5688 3138 5741 cn,
3179 5673 3223 5727 I.
3301 5673 3344 5705 ⁵³
3381 5672 3424 5726 ll
3453 5673 3578 5728 Cor.
