4042 6204
290 286 400 350 {85

1469 292 1534 348 IN
1558 291 1846 354 JOANNIS
1884 297 2334 358 EVANGELIL’M
2366 301 2494 358 LIB.
2526 304 2618 359 IX.

3462 300 3557 378 ise

293 404 607 477 ἀξιώματος
634 409 814 478 χάριν.
841 408 904 461 Ei
929 406 1037 479 7&9
1059 406 1155 462 καὶ
1186 407 1260 480 μὴ
1288 408 1437 481 αὐτῷ
1461 411 1871 484 συνεδρεύσομει

1990 417 2268 486 promisit.
2305 436 2324 469 ι
2361 418 2596 485 Quando
2652 421 2840 489 enim,
2902 423 3106 494 inquit,
3160 427 3336 486 Filius
3389 432 3566 490 ltomi-

291 496 371 569 τῷ
402 499 579 571 Πατρὶ⁵
611 498 753 568 (πῶς
774 498 885 570 7&9
907 499 969 552 τὸ
991 499 1200 564 δοῦλον,
1232 502 1314 564 είς
1348 500 1448 573 τὴν
1493 502 1620 575 ῐσην
1669 505 1747 575 τῷ
1795 506 1879 559 δε-

294 590 470 661 σπότῃ
525 591 692 661 τιμὴν
752 592 892 645 ἀνίοι
959 592 1090 645 ποτέ
1118 609 1133 658 ;
1161 592 1204 663 ),
1256 594 1385 647 ἀλλ’
1407 590 1503 650 οὖν
1528 614 1614 665 γε,
1654 597 1756 669 τὴν
1786 599 1879 652 ἐπὶ

294 683 499 754 θρόνων
533 682 747 736 κὰθισιν
791 686 902 747 τοῖς
949 684 1125 753 ἁγίοις
1167 687 1531 756 ἐπηγγείλατο
1588 689 1873 760 μαθηταῖς.

304 792 324 824 ι
348 775 513 828 Ὅταν
568 773 701 844 γὰρ,
769 775 958 846 φησὶν,
1004 778 1034 830 6
1083 776 1211 841 Υἱὸς
1239 777 1332 831 τοῦ
1356 779 1647 851 ἀνθρώπου
1677 783 1878 855 καθίσῃ

298 864 391 919 ἐπὶ
420 862 614 936 θρόνου
645 865 808 937 δόξης
838 867 1028 931 αὐτοῦ,
1047 869 1142 923 καὶ⁵
1170 869 1329 939 ὑμεῖς
1359 872 1651 928 καθίσεσθε
1678 875 1770 948 ἐπὶ
1784 873 1879 928 δὼ-

294 956 424 1008 δεκα
444 954 689 1027 θρόνους,
720 956 1000 1027 κρίνοντες
1036 958 1137 1023 τὰς
1169 959 1377 1014 δώδεκα
1425 962 1599 1031 φυλάς
1641 964 1736 1017 τοῦ
1783 965 1879 1018 Ἰσ-

295 1046 455 1117 ραήλ.
500 1065 518 1098 t
552 1046 762 1100 Οὐκοῦν
792 1048 1173 1121 ἀνοιχὴσομαι,
1221 1051 1407 1120 φησὶν,
1447 1054 1510 1107 οὐ
1547 1053 1715 1124 μονὰς
1750 1055 1877 1125 ὑμῖν

289 1138 601 1208 έτοιμάσων
634 1138 764 1208 (εἰσ)⁸
797 1138 906 1214 γὰρ
927 1142 1028 1213 ἤδη
1058 1143 1297 1214 πολλαὶ).
1333 1146 1427 1199 καὶ
1455 1146 1517 1199 τὸ
1547 1150 1879 1202 ὲπικαινοτοο

291 1231 515 1302 μεῖσθαι
543 1231 610 1300 τῇ
645 1231 820 1286 κτίσει
848 1234 1122 1304 περιττὸν,
1155 1238 1605 1309 προευτρεπίσων
1628 1239 1686 1293 δὲ
1711 1240 1876 1294 τόπον

288 1325 421 1394 ὑμῖν
473 1323 569 1377 τοῦ
620 1319 759 1378 εῖναι
787 1323 1046 1380 δύνασθαι
1083 1327 1267 1382 λοιπὸν
1312 1329 1515 1401 ἀναμὶξ
1565 1333 1680 1395 τοῖς
1701 1331 1877 1401 ἁγίοις

284 1415 543 1486 ἀγγέλοις
574 1417 702 1479 τοὺς
731 1416 891 1481 ὄντας
938 1420 1029 1472 ἐπὶ
1055 1420 1153 1491 τῆς
1179 1421 1301 1490 γῆς,
1336 1421 1425 1475 διὰ
1452 1423 1550 1491 τὴν
1576 1423 1877 1496 μεσολαϐή-

288 1525 461 1563 σασαν
488 1508 766 1581 ἁμαρτίαν
790 1526 806 1542 ο
829 1510 891 1563 οὐ
915 1509 1026 1581 γὰρ
1064 1511 1131 1567 ἂν
1158 1512 1359 1584 ἐμίχθη
1395 1517 1510 1579 τοῖς
1530 1514 1676 1569 οὕτω
1710 1515 1877 1589 βεϐήο

282 1601 397 1664 λοις
420 1603 454 1673 ἡ
481 1601 615 1670 ἀγία
640 1600 752 1655 τῶν
782 1603 895 1657 ἀνω
927 1602 1155 1673 πληθύς.
1191 1605 1564 1677 Κατορθώσας
1595 1606 1653 1660 δὲ
1693 1606 1870 1674 τοῦτο,

282 1693 379 1745 καὶ
414 1692 659 1762 συνάψας
695 1695 808 1756 τοῖς
851 1693 965 1747 ἄνω
993 1693 1063 1747 τὰ
1101 1694 1272 1757 κάτω,
1320 1696 1486 1749 τόπον
1524 1697 1582 1750 δὲ
1625 1697 1749 1762 δοὺς
1789 1700 1876 1754 ἁν·

1983 511 2067 565 nis
2105 511 2311 567 sederit
2343 512 2395 566 in
2426 513 2557 569 sede
2583 514 2891 585 majestatis
2925 533 3058 582 suae,
3092 520 3352 578 sedebitis
3382 534 3435 579 et
3468 543 3565 585 vos

1983 617 2148 672 super
2204 603 2435 660 thronos
2501 606 2835 672 duodecim,
2889 609 3210 679 iudicantes
3269 614 3564 675 duodecim

1984 695 2162 750 tribus
2203 695 2461 751 Israel".
2493 716 2512 749 ι
2551 696 2720 769 Igitur
2759 700 3043 756 discedam
3067 743 3082 766 .
3123 703 3323 775 inquit,
3351 723 3566 779 nequa-

1981 803 2142 858 quam
2196 788 2356 843 vobis
2408 791 2731 846 mansiones
2779 803 3124 863 paraturus:
3178 798 3363 853 multa:
3416 800 3564 855 enim

1981 891 2107 934 sunt
2131 922 2145 946 ,
2193 888 2250 934 et
2294 880 2501 951 aliquid
2535 883 2661 937 novi
2694 884 2858 940 rebus
2895 887 3096 942 creatis
3125 887 3326 944 addere
3355 900 3440 946 est
3466 906 3565 946 su-
3595 880 3606 893 ”

1978 969 2281 1042 periluum,
2328 973 2423 1028 sed
2466 983 2877 1045 pnrparaturus
2914 978 3069 1033 vobis
3104 979 3285 1034 locum
3308 1022 3323 1044 ,
3368 989 3427 1035 ut
3456 997 3562 1036 una

1979 1077 2104 1115 cum
2134 1063 2343 1119 sanctis
2380 1064 2594 1136 angelis
2622 1065 2846 1121 deruunt
2875 1084 3000 1124 esse
3026 1071 3276 1140 possitis,
3309 1073 3404 1143 qui
3437 1089 3564 1144 pro-

1979 1163 2097 1224 pter
2132 1165 2415 1225 peccatum
2443 1157 2589 1227 quod
2625 1172 2722 1213 vos
2750 1159 2822 1215 ab
2857 1160 2939 1217 eis
2969 1162 3212 1233 seiungit
3235 1205 3250 1230 ,
3283 1164 3466 1220 adhuc
3507 1166 3562 1220 in

1979 1252 2125 1299 terra
2167 1244 2364 1315 degitis
2416 1263 2430 1298 :
2486 1264 2586 1304 nec
2625 1250 2772 1305 enim
2814 1266 2938 1306 cum
2976 1261 3085 1307 tam
3117 1255 3349 1326 impuris
3372 1267 3563 1313 saneta

1979 1336 2224 1391 cmlitum
2264 1338 2464 1394 cohors
2491 1340 2813 1396 misceatur.
2843 1342 2998 1408 Quod
3030 1360 3154 1400 cum
3195 1363 3479 1420 peregero,
3510 1357 3564 1405 et

1978 1429 2195 1499 superis
2221 1428 2483 1485 inferiora
2515 1433 2884 1503 conjunxero,
2919 1438 3258 1509 modumque
3295 1456 3564 1500 ascensus

1977 1522 2030 1576 in
2060 1536 2356 1591 supernam
2390 1524 2672 1580 civitatem
2705 1527 2859 1583 vobis
2884 1529 3202 1597 tradidero,
3227 1533 3375 1588 circa
3406 1550 3565 1606 rege-

1977 1614 2285 1670 nerationis
2316 1627 2534 1687 tempus
2559 1617 2741 1672 denuo
2772 1630 3038 1686 revertar,
3066 1629 3121 1677 et
3156 1638 3436 1680 assumam
3464 1642 3564 1681 vos

1977 1720 2227 1768 mecum,
2274 1725 2292 1756 ι
2334 1716 2394 1760 ιιι
2440 1708 2532 1762 ubi
2574 1725 2696 1764 sum
2734 1724 2873 1781 ego,
2920 1722 2972 1766 et
3005 1728 3104 1769 vos
3144 1714 3290 1770 sitis.
3342 1734 3363 1768 ι
3401 1715 3563 1782 Quod

280 1786 405 1839 όδου
457 1785 558 1855 τῆς
584 1789 664 1850 είς
697 1785 795 1858 τὴν
846 1787 959 1842 ἄνω
1003 1787 1160 1841 πόλιν
1192 1789 1343 1859 ὑμῖν,
1390 1788 1552 1845 πάλιν
1593 1789 1869 1862 ἐπανήξω,

1974 1812 2099 1851 cum
2148 1805 2338 1853 nosset
2377 1797 2585 1855 Paulus
2609 1839 2624 1863 ,
2661 1799 2716 1854 in
2749 1801 2868 1857 suis
2899 1801 3159 1872 Epistolis
3191 1803 3274 1860 sic
3320 1805 3513 1861 scribit
3545 1824 3561 1861 :

276 1878 422 1932 κατά
452 1879 543 1932 τὸν
570 1878 671 1949 τῆς
693 1878 1116 1948 παλιγγενεσίας
1148 1880 1359 1951 καιρὸν,
1405 1881 1500 1935 καὶ
1550 1882 1874 1953 παραλήψοο-

279 1988 381 2039 μαι
416 1971 562 2042 ὑμᾶς
587 1971 705 2040 μεθ’
728 1970 949 2038 ἑαυτοῦ,
986 1991 1004 2022 ι
1036 1972 1124 2024 ἵνα
1156 1972 1289 2025 ὅπου
1316 1972 1430 2043 είμὶ
1456 1972 1586 2042 ἐγὼ,
1612 1973 1872 2046 καὶὺμεῖς

273 2056 398 2134 ἦτε.
441 2082 461 2115 t
501 2065 568 2116 Ὃ
602 2063 700 2117 καὶ
733 2064 916 2127 συνεὶς
952 2064 980 2116 6
1008 2063 1223 2127 Παῦλος
1265 2066 1325 2118 ὲν
1349 2065 1579 2130 οἰκείαις
1619 2068 1869 2122 Ἐπιστο-

1980 1908 2000 1942 ‹
2032 1888 2146 1945 Hoc
2181 1891 2329 1946 enim
2366 1891 2523 1948 vobis
2553 1892 2793 1949 dicimus
2833 1894 2887 1948 in
2927 1895 3095 1950 verbo
3127 1894 3390 1964 Domini,
3434 1897 3565 1967 quia

1970 1998 2073 2036 nos
2099 2023 2113 2046 ,
2150 1983 2246 2053 qui
2271 1984 2508 2040 vivimus
2534 2024 2549 2050 ,
2583 1986 2679 2055 qui
2702 1987 2915 2041 residui
2948 2002 3143 2043 sumus
3174 1988 3229 2042 in
3261 1987 3562 2043 adventum

1967 2073 2225 2139 Domini,
2277 2092 2388 2131 non
2445 2078 2847 2147 praeveniemus
2899 2093 2996 2136 eos
3049 2079 3145 2150 qui
3188 2079 3560 2135 dormierunt.

271 2154 414 2219 λαῖς,
451 2153 596 2208 οὕτω
620 2154 755 2229 φησί
783 2173 797 2189 ·
833 2174 851 2206 ι
882 2155 1052 2209 Τοῦτο
1076 2156 1186 2228 γὰρ
1211 2158 1340 2228 ὑμῖν
1376 2157 1608 2230 λέγομεν
1630 2160 1689 2213 ὲν
1721 2161 1863 2233 λόγῳ

1973 2165 2232 2233 Quoniam
2260 2168 2377 2237 ipse
2402 2167 2669 2223 Dominus
2699 2170 2757 2224 in
2784 2170 2945 2240 jussu
2972 2180 3026 2227 et
3058 2173 3116 2227 in
3149 2187 3288 2228 voce
3324 2172 3565 2227 archan-

273 2246 504 2312 Κυρίου,
530 2246 611 2299 ὅτι
639 2248 799 2317 ἡμεῖς
823 2247 871 2299 οί
892 2244 1115 2313 ζῶντες,
1173 2249 1223 2302 οί
1283 2249 1728 2321 περιλειπόμενοι
1780 2254 1863 2317 είς

270 2336 372 2407 τὴν
398 2338 700 2409 παρουσίαν
719 2337 814 2392 τοῦ
839 2339 1063 2411 Κυρίου,
1092 2340 1153 2393 οὐ
1191 2340 1266 2412 μὴ
1294 2342 1573 2414 φθάσομεν
1607 2345 1733 2406 τοὺς
1746 2362 1862 2399 κοι-

274 2429 573 2500 μηθέντας.
600 2432 722 2484 Ὅτι
745 2431 906 2495 αὐτὸς
929 2433 957 2484 6
986 2433 1193 2504 Κύριος
1218 2435 1275 2488 ὲν
1299 2434 1653 2505 κελεύσματι,
1675 2439 1732 2490 ὲν
1754 2454 1866 2505 φω-

268 2524 341 2592 νῇ
367 2522 732 2592 ἀρχαγγέλου,
775 2524 869 2576 καὶ
900 2526 958 2577 ὲν
1000 2524 1263 2594 σάλπιγγι
1308 2526 1443 2580 Θεοῦ
1490 2528 1863 2599 καταϐήσεται

267 2613 391 2666 ἀπὸ
414 2613 665 2684 οὐρανοῦ,
688 2616 775 2668 καὶ
800 2616 849 2669 oi
876 2615 1060 2686 νεκροὶ
1090 2618 1150 2671 ὲν
1190 2617 1412 2689 Χριστῷ
1463 2619 1863 2689 ἀναστήσονται

1969 2260 2108 2330 geli,
2137 2267 2191 2315 et
2225 2260 2281 2315 in
2318 2261 2446 2315 tuba
2483 2260 2577 2317 Dei
2609 2261 2903 2318 descendet
2947 2263 3017 2319 de
3049 2264 3191 2320 caelo
3220 2283 3233 2317 :
3270 2272 3323 2320 et
3359 2264 3559 2319 mortui

1969 2351 2064 2420 qui
2098 2351 2150 2404 in
2178 2350 2405 2406 Christo
2440 2360 2569 2407 sunt
2607 2361 2904 2423 resurgent
2938 2353 3124 2424 primi.
3173 2353 3384 2410 Deinde
3423 2370 3561 2420 nos,

1971 2441 2063 2510 qui
2118 2442 2357 2496 vivimus
2387 2484 2401 2505 ,
2451 2442 2545 2511 qui
2594 2443 3004 2511 relinquimur,
3062 2445 3230 2500 simul
3278 2444 3564 2514 rapiemur

1970 2547 2094 2587 cum
2137 2533 2246 2587 illis
2282 2534 2335 2587 in
2370 2534 2615 2590 nubibus
2641 2534 2863 2589 obviam
2889 2536 3113 2591 Christo
3138 2537 3192 2590 in
3223 2551 3373 2604 aera,
3400 2544 3454 2591 et
3481 2535 3564 2591 sic

1971 2636 2191 2693 semper
2222 2639 2347 2679 cum
2380 2625 2614 2681 Domino
2643 2627 2853 2682 erimus
2878 2626 2947 2681 ⁸⁷.
2986 2646 3004 2679 t

268 2705 516 2776 πρῶτον.
556 2709 781 2762 Ἔπειτα
817 2710 980 2780 ἡμεῖς
1019 2712 1066 2763 οί
1109 2709 1332 2775 ζῶντες,
1373 2713 1422 2765 οί
1460 2713 1925 2786 περιλειπόμενοι,
1959 2716 2075 2787 ἅμα
2136 2718 2233 2772 σὺν
2293 2720 2478 2784 αὐτοῖς
2553 2721 2992 2792 ἁρπαγησόμεθα
3034 2723 3091 2777 ἐν
3140 2721 3414 2793 νεφέλαις,
3481 2723 3561 2786 είς

269 2799 580 2871 ἀπάντησιν
609 2802 702 2855 τοῦ
734 2803 941 2874 Κυρίου
979 2804 1059 2867 είς
1094 2804 1256 2875 ἀέρα,
1297 2805 1393 2858 καὶ
1441 2805 1586 2858 οῦτω
1634 2807 1863 2861 πάντοτε
1907 2807 2004 2861 σὺν
2036 2809 2222 2881 Κυρίῳ
2256 2812 2533 2884 ἐσόμεθα.·
2556 2832 2575 2865 t

343 2895 452 2950 Kal
483 2895 635 2951 ὅπου
674 2896 791 2967 ἐγὼ
818 2896 1026 2968 ὑπάγω
1059 2898 1280 2964 οἴδατε,
1305 2898 1407 2953 καὶ
1446 2898 1562 2970 τὴν
1594 2899 1742 2955 ὁδὸν
1771 2901 1860 2955 ol-

271 2990 439 3047 δατε.

346 3059 803 3157 Προαποδημήσω
855 3084 955 3156 μὲν
1022 3083 1237 3155 ἔγωγε,
1293 3086 1493 3158 φησὶν,
1568 3086 1873 3158 ὲτοιμὰσων
1900 3086 1943 3142 C

271 3178 402 3247 ὑμῖν
441 3177 543 3248 τῆς
596 3177 785 3231 ἀνόδου
828 3178 994 3231 τόπον
1041 3178 1140 3249 τῆς
1202 3181 1283 3243 είς
1337 3179 1620 3252 οὐρανοὺςο
1662 3178 1777 3233 ἀλλ’
1822 3181 1871 3233 εί

272 3268 553 3341 βούλεσθε,
597 3269 691 3323 καὶ
735 3269 889 3339 φίλον
936 3271 1066 3341 ὑμῖν
1094 3271 1154 3324 τὸ
1184 3272 1241 3324 ὲν
1284 3272 1525 3335 ἐκείναις
1568 3271 1871 3325 καταλῦσαι

270 3363 394 3425 ταῖς
424 3363 637 3432 μοναίς,
673 3361 767 3414 καὶ
812 3362 941 3430 περὶ
991 3362 1187 3416 πολλοῦ
1222 3362 1523 3435 πεποίησθε
1564 3363 1614 3417 τὸ
1650 3365 1737 3427 είς
1771 3363 1871 3435 τὴν

270 3454 387 3508 ἄνω
423 3454 677 3524 γενέσθαι
715 3455 905 3517 πόλιν,
949 3457 1043 3510 καὶ
1080 3458 1195 3520 τοῖς
1232 3457 1408 3526 ἁγίοις
1452 3455 1870 3526 συναυλισθῆναι

271 3549 606 3618 πνεύμασιν,
663 3549 848 3604 οἴδατε
905 3548 1003 3622 τὴν
1045 3550 1184 3614 ὁδὸν,
1232 3549 1379 3603 τοῦτ’
1427 3549 1596 3613 ἐστιν,
1627 3548 1747 3619 ἐμέ.
1789 3550 1870 3601 Δι’

270 3641 409 3713 ἐμοῦ
432 3644 543 3715 γὰρ
580 3642 821 3706 πάντως,
846 3643 941 3696 καὶ⁴
972 3643 1033 3696 οὐ
1063 3642 1129 3695 δι’
1164 3642 1353 3708 ἑτέρου
1371 3641 1535 3707 τινος,
1568 3642 1666 3713 τὴν
1698 3640 1871 3704 οὕτως

269 3733 605 3802 ἀξιάγαστον
639 3733 1063 3804 ἀποκερδανεῖτε
1089 3733 1268 3805 χάριν·
1297 3733 1358 3787 οὐ
1388 3734 1498 3805 7&9
1528 3733 1716 3806 ἕτερος
1739 3734 1869 3804 ὑμῖν

269 3823 477 3891 ἀνοίξει
514 3824 645 3887 τοὺς
686 3824 970 3895 οὐρανοὺς,
1018 3824 1140 3877 οὐδὲ
1185 3824 1349 3895 βατὸν
1407 3824 1681 3892 ἀποδείξει
1731 3824 1865 3878 ποτὲ

266 3916 330 3970 τὺ
363 3914 647 3979 παντελῶς
680 3915 899 3979 ἀστιὸἐς
930 3933 991 3968 τε
1025 3916 1121 3969 καὶ
1160 3915 1327 3987 ἄηθες
1356 3917 1469 3978 τοῖς
1497 3916 1606 3969 ἀπὸ
1641 3917 1743 3986 τῆς
1764 3916 1868 3987 γῆς

269 4007 495 4080 χωρίον,
527 4009 578 4061 εί
621 4007 697 4079 μὴ
729 4007 889 4077 μόνος
932 4006 1064 4076 ἐγὼ,
1099 4007 1195 4060 καὶ
1220 4007 1425 4079 ἀληθὴς
1448 4008 1477 4059 6
1525 4007 1719 4076 Λόγος.
1766 4007 1867 4060 Διά

270 4101 382 4171 γὰρ
417 4117 504 4153 τοι
539 4101 724 4161 τοῦτο,
755 4100 850 4154 καὶ
881 4098 909 4150 6
956 4101 1241 4173 προφήτης
1295 4099 1568 4172 Ἱερεμίας
1608 4100 1664 4153 ὲν
1696 4098 1868 4153 Πνεῦ-

275 4208 429 4262 ματι,
456 4189 663 4261 ταύτην
691 4191 839 4261 ἡμᾶς
861 4188 959 4261 τὴν
986 4190 1102 4243 ὁδὸν
1118 4191 1200 4243 ὅτι
1248 4189 1485 4261 μάλιστα
1510 4187 1691 4261 ζητεῖν
1720 4206 1867 4261 παρ-

273 4280 582 4346 εκελεύετο,
612 4280 808 4349 λέγων·
853 4299 872 4332 ι
902 4281 1074 4351 Στῆτε
1102 4280 1194 4333 ἐπὶ
1213 4281 1332 4343 ταῖς
1356 4279 1514 4346 ὁδοῖς,
1540 4279 1635 4332 καὶ
1658 4278 1866 4350 ἐρωτή-

275 4391 405 4428 σατε
438 4374 662 4445 τρίὸους
701 4374 907 4444 Κυρίου
948 4372 1221 4436 αἰωνίους,
1244 4372 1339 4425 καὶ
1377 4371 1515 4424 ἴδετε
1545 4369 1672 4423 ποία
1718 4370 1866 4423 ἐστὶν

2040 2903 2157 2959 XIV
2224 2907 2277 2961 4.
2312 2906 2381 2960 Et
2408 2924 2509 2978 quo
2535 2924 2630 2979 ego
2654 2907 2788 2963 vado
2816 2949 2831 2974 ,
2868 2910 3041 2975 scitis,
3068 2918 3118 2964 ct
3149 2911 3289 2965 viam
3316 2911 3487 2967 scitis.

2063 3085 2351 3143 Discedam
2380 3103 2482 3159 ego
2509 3089 2731 3161 quidem
2769 3089 3015 3161 primus,
3063 3092 3240 3163 nquit,
3270 3103 3329 3147 ut
3353 3107 3564 3164 praepa-

1972 3196 2085 3236 rem
2116 3180 2273 3234 vobis
2306 3180 2488 3235 locum
2520 3195 2790 3237 ascensus
2821 3184 2877 3236 in
2912 3183 3084 3239 cmlos
3111 3202 3125 3239 :
3162 3184 3256 3240 sed
3291 3186 3335 3240 si
3374 3185 3429 3240 in
3453 3185 3565 3241 illis

1973 3272 2360 3328 mansionibus
2397 3274 2605 3327 morari
2636 3288 2735 3329 vos
2763 3274 2947 3342 juvat,
2972 3283 3028 3331 et
3066 3276 3121 3330 iu
3158 3292 3452 3346 supernam
3485 3279 3564 3332 ci-

1971 3365 2194 3419 vitatem
2238 3365 2452 3435 ingredi
2486 3365 2709 3435 plurimi
2740 3365 2985 3433 ducitis,
3024 3383 3089 3423 ac
3116 3384 3225 3423 una
3264 3383 3392 3423 cum
3435 3385 3564 3425 san-

1971 3457 2081 3510 ctis
2116 3455 2408 3527 spiritibus
2433 3455 2704 3513 diversari
2727 3499 2741 3524 ,
2774 3458 2918 3513 viam
2946 3499 2959 3521 ,
3002 3459 3053 3514 id
3093 3468 3179 3515 est
3204 3476 3324 3527 me,
3357 3463 3558 3518 nostis.

1971 3545 2074 3602 Per
2115 3562 2200 3603 me
2228 3547 2374 3602 enim
2405 3548 2596 3618 utique
2618 3588 2632 3610 .
2666 3562 2731 3604 ac
2762 3564 2870 3603 non
2901 3564 2998 3620 per
3034 3550 3203 3605 alium
3242 3552 3417 3607 ullum
3450 3561 3559 3606 tam

1971 3638 2357 3695 admirabilem
2415 3643 2652 3713 gratiam
2707 3644 3189 3709 cnnsequemini:
3253 3660 3356 3700 nec
3413 3645 3560 3701 enim

1970 3732 2111 3788 alius
2133 3732 2293 3788 vobis
2318 3734 2492 3790 caelos
2517 3734 2749 3806 aperiet,
2775 3743 2869 3790 aut
2896 3736 3241 3791 inaccessum
3267 3744 3322 3792 ct
3353 3737 3559 3791 invium

1970 3825 2133 3894 plane
2165 3827 2407 3883 terrenis
2434 3827 2643 3893 locum,
2674 3842 2906 3883 accessu
2935 3827 3150 3883 facilem
3182 3828 3371 3883 reddet
3397 3869 3412 3892 ,
3452 3829 3560 3885 nisi

1970 3917 2135 3989 766
2174 3933 2281 3989 ego
2313 3918 2494 3973 solum
2529 3933 2593 3973 ac
2624 3935 2816 3973 verum
2854 3917 3097 3974 Verbum
3120 3962 3133 3987 ,
3161 3919 3396 3991 ideoque
3428 3935 3559 3991 pro-

1968 4011 2133 4081 pheta
2170 4010 2441 4066 Jeremias
2476 4010 2530 4064 in
2576 4009 2784 4081 Spiritu
2822 4012 2963 4067 hanc
2997 4027 3100 4069 nos
3135 4014 3376 4070 maxime
3415 4013 3558 4067 viam

1966 4115 2211 4170 quaerere
2234 4100 2463 4170 jubebat
2488 4140 2504 4165 ,
2544 4099 2737 4156 dicens
2768 4120 2782 4157 :
2845 4120 2862 4154 ι
2903 4102 3057 4158 State
3095 4119 3263 4174 super
3298 4105 3457 4170 vias,
3495 4113 3552 4158 et

1965 4192 2168 4255 videte,
2196 4198 2249 4246 et
2276 4192 2617 4263 interrogate
2654 4192 2885 4247 semitas
2917 4193 3132 4247 Domini
3166 4210 3289 4264 quae
3323 4209 3354 4248 a
3385 4208 3561 4248 sarcu-

1968 4285 2020 4341 lo
2048 4303 2062 4341 :
2087 4292 2142 4340 et
2170 4283 2348 4340 videte
2376 4283 2561 4353 qualis
2588 4292 2673 4338 est
2697 4284 2785 4337 via
2815 4283 2980 4349 bona,
3005 4295 3059 4339 et
3081 4285 3360 4340 ambulate
3391 4285 3444 4338 in
3469 4299 3558 4349 ea,

1967 4384 2021 4432 et
2058 4375 2353 4431 invenietis
2406 4375 2843 4444 purificationem
2881 4376 3174 4431 animabus
3219 4380 3421 4432 vestris
3441 4376 3507 4430 ⁸⁸.
3536 4396 3554 4429 ι

274 4467 308 4536 ἡ
332 4465 450 4529 ὁδὸς
482 4468 517 4536 ἡ
542 4464 743 4536 ἀγαθὴ,
789 4466 882 4518 καὶ
913 4463 1157 4534 βαδίζετε
1196 4465 1254 4518 ἐν
1275 4464 1434 4535 αὐτῇ,
1467 4463 1562 4517 καὶ
1598 4463 1860 4534 εὑρήσετε

1973 4465 2080 4521 Viae
2107 4464 2377 4536 siquidem
2406 4479 2471 4519 ac
2495 4464 2707 4519 semitae
2729 4463 2969 4530 Domini,
2994 4465 3301 4521 secundum
3324 4465 3562 4537 prophe-

275 4557 544 4627 ἁγνισμὸν
569 4559 691 4618 ταῖς
722 4555 921 4627 ψυχαῖς
942 4555 1115 4627 ὑμῶν.
1161 4574 1179 4606 t
1225 4554 1367 4608 Ὀδοὶ
1391 4552 1493 4626 μὲν
1523 4553 1633 4624 γὰρ
1657 4553 1863 4623 Κυρίου

276 4650 371 4704 καὶ
406 4648 610 4722 τρίόοι,
658 4649 800 4702 κατὰ
840 4648 930 4703 τὸν
987 4649 1299 4720 προφήτην,
1347 4646 1417 4700 τά
1461 4647 1703 4719 σωτήρια
1754 4644 1864 4698 τῶν

274 4740 446 4810 ἁγίων
493 4741 791 4813 προφητῶν
833 4741 1263 4811 συγγράμματα⁸
1308 4738 1426 4793 ἀλλ’
1466 4739 1638 4803 εἴτις
1680 4738 1867 4802 αὐτοῖς

270 4832 366 4886 τὸν
399 4832 527 4886 νοῦν
567 4833 906 4903 ἐπιστήσειε,
945 4834 1045 4902 τὴν
1076 4832 1196 4886 ὁδὸν
1239 4831 1461 4905 εὑρήσει
1506 4831 1605 4904 τὴν
1629 4830 1862 4903 ἀγαθὴν,

272 4926 418 4980 τοῦτ’
471 4924 591 4978 ἐστι
635 4924 889 4996 Χριστὸν,
937 4925 1004 4978 δι’
1044 4919 1106 4979 οῦ
1148 4925 1243 4979 καὶ
1286 4927 1315 4979 6
1360 4924 1563 4988 τέλειος
1605 4924 1869 4995 ἀγνισμδς

269 5021 396 5082 ταῖς
429 5018 730 5089 ἡμετέραις
772 5017 971 5088 ψυχαῖς
1003 5017 1303 5086 ἐγγίνεται.
1353 5015 1721 5086 Δικαιούμεθα
1759 5015 1870 5086 7&9

270 5105 365 5161 διὰ
412 5105 514 5176 τῆς
556 5107 817 5174 πίστεως,
858 5108 952 5160 καὶ
986 5107 1136 5170 θείας
1176 5106 1613 5177 ἁναδεικνύμεθα
1654 5105 1870 5176 φύσεως

272 5201 527 5253 κοινωνοὶ⁵
566 5203 632 5271 τῇ
687 5199 904 5271 μεθέξει
959 5199 1053 5254 τοῦ
1098 5199 1253 5268 ἁγίου
1306 5199 1645 5271 Πνεῦματος.
1713 5199 1872 5254 Ἀλλὰ

272 5294 372 5346 καὶ
408 5292 573 5356 αὐτὸς
628 5292 658 5344 6
717 5292 1231 5365 μεγαλοφωνότατος
1283 5293 1570 5365 προφήτης
1638 5291 1867 5356 Ἡσαΐας

268 5387 454 5450 οὕτως
489 5387 622 5457 ἡμῖν
641 5386 735 5440 τὸν
754 5386 989 5458 Χριστὸν
1014 5387 1357 5458 διεκήρυττε,
1388 5386 1583 5455 λέγων’
1616 5404 1635 5437 ι
1670 5385 1866 5441 Ἔσται

266 5480 395 5536 ἆκεῖ
451 5476 569 5540 ὁδὸς
631 5478 868 5549 καθαρὰ,
918 5479 1013 5532 καὶ
1060 5478 1176 5542 ὁδὸς
1228 5477 1362 5547 ἁγία
1427 5477 1783 5550 κληθήσεται.
1841 5496 1861 5530 t

280 5566 343 5626 Ἐ
350 5568 450 5624 ⁷ιεῖ
468 5568 527 5622 δὲ
540 5570 658 5625 ποῦ
679 5586 866 5642 φησιν,
885 5571 943 5625 ὲν
963 5571 1076 5634 τοῖς
1100 5570 1315 5641 χρόνοις
1335 5569 1578 5641 δηλονότι
1601 5570 1702 5640 τῆς
1730 5567 1868 5642 μετά

1966 4567 2099 4624 tam,
2130 4568 2260 4614 sunt
2287 4557 2567 4613 salutares
2592 4557 2991 4628 praphctarum
3025 4559 3148 4613 libri
3186 4579 3198 4615 :
3231 4559 3326 4615 sed
3361 4560 3407 4614 si
3435 4560 3559 4631 quis

1966 4650 2050 4709 eis
2079 4651 2323 4705 animum
2344 4650 2698 4720 applicuerit,
2718 4650 2861 4704 viam
2882 4649 3126 4705 inveniet
3142 4650 3370 4713 bonam,
3402 4650 3453 4705 id
3474 4657 3562 4706 est

1967 4742 2250 4800 Christum
2273 4782 2287 4807 ,
2320 4757 2418 4813 per
2440 4758 2604 4812 quem
2650 4746 2709 4798 'et
2755 4742 2997 4811 perfecta
3036 4742 3407 4799 sanctiﬁcatio
3435 4742 3561 4798 ani-

1971 4833 2167 4888 mabus
2192 4834 2400 4890 nostris
2425 4834 2660 4888 inditur.
2684 4831 3067 4890 Justiftcamur
3088 4835 3230 4890 enim
3253 4851 3350 4906 per
3372 4835 3559 4899 tldem,

1973 4935 2028 4984 et
2058 4927 2258 4983 divinae
2284 4936 2575 4984 consortes
2597 4935 2813 4982 natura:
2840 4928 3128 4984 reddimur
3147 4931 3192 4962 "
3213 4970 3230 4997 ,
3267 4929 3562 4999 participa-

1972 5022 2124 5078 tione
2161 5021 2341 5077 sancti
2377 5020 2645 5091 Spiritus.
2680 5020 2787 5076 Sed
2819 5033 2876 5077 ct
2911 5023 3032 5093 ipse
3064 5038 3260 5093 magna
3290 5037 3424 5077 voce
3450 5021 3560 5076 cla-

1974 5129 2133 5169 mans
2180 5113 2354 5170 Isaias
2403 5114 2669 5184 propheta
2722 5114 2828 5169 hoc
2874 5112 3040 5170 medo
3076 5115 3238 5169 nobis
3276 5112 3558 5168 Christum

1974 5206 2356 5277 praedicabat:
2419 5224 2437 5257 ι
2473 5204 2587 5260 Erit
2631 5206 2707 5261 ibi
2757 5207 2847 5262 via
2884 5208 3087 5261 munda
3111 5246 3127 5270 ,
3166 5216 3221 5261 et
3243 5205 3330 5260 via
3367 5213 3560 5261 saneta

1975 5298 2267 5354 vocabitur
2297 5298 2364 5352 ⁸ο.
2395 5316 2414 5349 t
2469 5298 2556 5352 Ibi
2585 5313 2718 5354 vero
2742 5314 2843 5369 pro
2868 5298 3157 5369 aliquando
3187 5300 3388 5363 sumit,
3422 5309 3561 5356 tem-

1977 5390 2205 5461 poribus
2238 5389 2498 5445 nimirum
2531 5391 2935 5448 incarnationis
2958 5392 3261 5464 Unigeniti.
3287 5392 3387 5448 Via
3412 5394 3558 5448 enitn

1977 5482 2139 5539 nobis
2170 5481 2318 5537 facta
2344 5491 2429 5538 est
2455 5498 2592 5554 pura
2621 5491 2673 5538 et
2705 5492 2930 5550 sancta,
2962 5501 3059 5555 per
3091 5502 3256 5558 quam
3280 5488 3370 5558 qui
3409 5488 3557 5540 ince-

1975 5573 2149 5641 dunt,
2191 5581 2509 5629 sanctorum
2552 5570 2893 5643 splendidam
2924 5576 3203 5633 civitatem
3236 5592 3300 5631 ac
3331 5576 3556 5631 liberant

340 5744 393 5778 "
449 5708 644 5807 manu.
697 5766 810 5818 xu,
851 5752 940 5810 es.
1019 5752 1064 5785 στ
1107 5751 1353 5808 lThcss.
1406 5751 1708 5819 Ityli-16.
1788 5749 1833 5781 η

1973 5765 2068 5807 cm.
2104 5765 2178 5820 vt,
2231 5748 2319 5806 16.
2396 5750 2441 5785 ⁸ο
2479 5748 2520 5804 ΙΙ
2559 5749 2704 5810 Pctr.
2749 5767 2795 5819 ι,
2833 5751 2884 5809 4.
2925 5754 2969 5788 θ’
3008 5755 3114 5813 lsa.
3165 5772 3329 5818 xxxv.
3361 5754 3414 5808 8.
