4042 6204
489 242 587 296 187

1473 248 1530 305 S.
1573 249 1851 306 CYRILLI
1886 251 2358 331 ALEXANQRINI
2392 251 2710 310 ARCIIIEP.

3492 254 3721 311 ’188

482 354 784 413 Jerusalem
832 357 1072 419 definitis
1110 362 1280 420 visuri
1329 372 1459 421 sunt
1509 367 1870 436 temporibus.
1906 366 2047 434 Quin

2159 369 2357 442 σαρκὸς
2390 369 2699 439 οἰκονομίας
2732 366 2825 422 τοῦ
2864 365 3217 435 Μονογενοῦς.
3261 366 3410 430 Ὀδδς
3449 367 3558 439 γὰρ
3588 370 3724 441 ἡμῖν

481 452 536 499 et
569 444 685 515 ipse
712 462 907 504 rursus
938 449 1157 509 divinus
1179 452 1469 510 Psalmista
1496 462 1755 525 tanquam
1791 455 1856 510 ad
1882 453 2052 510 Deum

481 534 702 592 Patrem
756 538 873 594 ait:
921 558 939 591 ι
973 539 1168 613 Legem
1218 558 1358 613 pone
1380 545 1534 609 mihi,
1568 544 1818 610 Domine,
1867 546 1922 600 in
1966 547 2055 601 via

480 637 571 682 tua
597 628 662 681 οι.
689 648 708 681 ι
739 628 903 702 Cupit
953 634 1098 687 enim
1150 633 1355 690 Christi
1409 636 1620 706 legibus
1666 636 1910 701 erudiri,
1944 653 2053 692 non

483 719 743 789 ignorans
791 722 858 776 ad
906 739 1200 795 supernam
1254 727 1530 782 civitatem
1583 744 1642 783 se
1688 744 2052 785 ascensurum

483 812 529 865 si
565 828 661 882 per
689 817 1057 885 evangelicam
1103 817 1407 872 doctrinam
1440 826 1588 875 recta
1630 835 1733 890 per
1770 836 1933 877 omne
1961 821 2056 876 bo-

483 918 613 956 num
646 901 875 958 feratur.
916 904 1142 961 DilIicile
1197 923 1305 962 non
1348 917 1433 963 est
1474 908 1581 962 alia
1621 924 1844 979 quoque
1884 911 2055 965 multa

483 1000 551 1047 ex
592 994 873 1063 prophetis
911 995 966 1049 in
1020 997 1259 1051 medium
1302 997 1499 1053 alierre
1546 999 1866 1054 testimonia
1895 1040 1910 1066 ,
1960 1014 2057 1069 per

484 1098 606 1152 quae
629 1083 756 1137 licet
781 1099 1081 1157 agnoscere
1104 1088 1245 1142 viam
1270 1097 1520 1144 sanctam
1549 1088 1736 1145 Jesum
1763 1104 1886 1145 esse
1912 1105 2055 1142 nun-

484 1185 743 1245 cupatum
780 1195 793 1232 :
831 1177 925 1233 sed
955 1194 1063 1233 non
1096 1188 1179 1235 est
1204 1196 1429 1236 necesse
1454 1223 1468 1247 ,
1515 1187 1575 1235 ut
1605 1188 1759 1251 puto,
1789 1180 1860 1237 de
1894 1180 2057 1237 rebus

485 1266 621 1322 adeo
648 1270 947 1339 perspicuis
968 1271 1198 1325 multum
1223 1271 1499 1328 laborare.
1526 1273 1691 1327 Scitis
1720 1287 1853 1343 ergo
1885 1272 2053 1337 viam,

485 1373 581 1427 per
603 1374 767 1428 quam
798 1360 1150 1425 ascenderis,
1186 1363 1397 1433 inquit,
1441 1372 1496 1419 et
1531 1363 1639 1435 ipsi
1670 1363 1739 1419 ad
1777 1379 2057 1435 supernas

485 1451 823 1517 mansiones,
853 1453 991 1506 nihil
1022 1453 1170 1508 aliud
1203 1454 1454 1510 indicans
1481 1469 1645 1524 quam
1669 1454 1907 1526 plurima
1934 1470 2059 1510 esse

482 1555 654 1611 eaque
694 1543 957 1612 praeclara
996 1545 1139 1615 apud
1174 1543 1346 1600 Deum
1381 1560 1446 1600 ac
1481 1544 1700 1601 Patrem
1736 1544 2014 1601 domicilia
2039 1585 2055 1613 ,

481 1639 535 1685 et
575 1632 733 1704 prius
779 1636 1073 1690 ascendam
1127 1636 1342 1704 locum,
1383 1637 1529 1691 viain
1566 1636 1725 1693 vobis
1760 1646 2056 1708 paraturus

2155 459 2345 527 γέγονε
2388 458 2605 530 καθαρὰ
2638 457 2731 512 καὶ
2764 459 2913 528 ἁγία,
2963 458 3030 512 δι’
3067 452 3135 527 ἧς
3182 459 3231 511 οί
3275 457 3580 528 βαδίζοντες
3624 460 3726 531 τὴν

2154 550 2412 622 λαμπρὰν
2453 550 2561 604 τῶν
2604 550 2776 619 ἁγίων
2801 549 3114 604 καλλίπολιν
3152 550 3246 604 καὶ
3289 550 3389 620 τὴν
3431 550 3727 621 ἐλευθέραν

2166 640 2520 713 Ἰερουσαλὴμ
2540 642 2597 695 ἐν
2617 645 2730 705 τοῖς
2754 641 3078 714 ὡρισμένοις
3106 640 3326 711 ὄψονται
3356 642 3586 713 χρόνοις.
3612 643 3730 697 Καὶ

2156 734 2316 797 αὐτὸς
2366 733 2424 788 δέ
2454 733 2614 789 πάλιν
2639 736 2668 789 ό
2707 733 2991 796 Θεσπέσιος
3022 735 3150 804 ἡμῖν
3180 732 3453 803 Μελῳδὸς,
3476 732 3551 795 ὡς
3588 733 3728 805 πρὸς

2155 825 2287 880 Θεὸν
2320 827 2542 899 Πατέρα
2566 826 2719 898 φησί’
2764 845 2783 879 ι
2825 825 3204 898 Νομοθέτησόν
3234 843 3323 896 με,
3354 825 3546 896 Κύριε,
3575 828 3633 879 ἐν
3656 829 3725 896 τῇ

2154 916 2258 988 ὀδῷ
2292 935 2410 971 σου.
2442 937 2461 969 ι
2504 919 2790 990 Ἐπιθυμεῖ
2814 918 2922 992 γὰρ
2963 920 3075 982 τοῖς
3101 917 3191 971 διὰ
3214 917 3451 989 Χριστοῦ
3478 918 3729 972 παιδεύε-

2158 1009 2282 1063 σθαι
2320 1010 2525 1082 νόμοις,
2548 1012 2650 1065 οὐκ
2682 1011 2955 1081 ἁγνόησας
2981 1028 3066 1075 τις
3097 1011 3179 1064 ὅτι
3209 1009 3304 1064 καὶ
3333 1009 3471 1081 πρὸς
3493 1010 3594 1081 τήν
3614 1011 3729 1064 dvo)

2157 1099 2419 1170 βαδιεῖται
2465 1102 2639 1170 πόλιν,
2686 1101 2773 1155 διὰ
2812 1102 2911 1174 τῆς
2968 1100 3331 1171 εὐαηελικῆς
3364 1100 3728 1165 παιδεύσεως,

2157 1193 2278 1244 κατ’
2300 1190 2428 1245 εὐθὺ
2461 1192 2657 1256 παντὸς
2677 1192 2970 1265 ἐρχόμενος
2988 1187 3216 1260 ἀγαθοῦ.
3245 1190 3356 1245 Καὶ
3374 1192 3731 1261 παρενεγκεῖν

2161 1279 2259 1352 μὲν
2289 1279 2350 1334 οὐ
2381 1278 2636 1351 χαλεπὸν,
2666 1281 2760 1334 καὶ
2794 1278 2986 1352 ἐτέρας
3009 1278 3090 1332 ἔτι
3118 1278 3319 1343 πολλὰς
3348 1280 3412 1332 ἐκ
3438 1278 3731 1351 προφητῶν

2161 1371 2487 1443 μαρτυρίας,
2528 1370 2595 1424 δι’
2626 1364 2702 1425 ὧν
2727 1370 2793 1425 ἂν
2822 1369 3090 1440 εἰδείημεν
3120 1368 3237 1423 ὁδὸν
3264 1369 3365 1439 τὴν
3406 1370 3565 1438 ἁγίαν
3595 1370 3731 1424 ἀποο

2158 1461 2491 1532 κεκλημένον
2536 1460 2628 1515 τὸν
2668 1460 2895 1533 Ἰησοῦν,
2929 1460 3044 1516 ἀλλ’
3075 1459 3249 1527 οὐδὲν,
3271 1456 3446 1532 οἶμαι,
3469 1459 3531 1513 τὸ
3565 1461 3737 1529 ἀναγ-

2159 1555 2312 1607 καῖον
2352 1555 2465 1618 τοῖς
2494 1551 2638 1607 οὕτω
2682 1553 2869 1626 σαφῶς
2901 1553 3256 1626 ὲγκειμένοις,
3297 1554 3377 1616 είς
3412 1551 3597 1622 ὄνησιν
3636 1553 3735 1604 ἐπ-

2161 1642 2522 1713 αγωνίζεσθαι
2547 1646 2771 1716 σφόδρα.
2792 1646 2936 1699 ’Ῑστε
2972 1643 3154 1697 τοίνυν
3180 1642 3281 1714 τήν
3300 1642 3438 1708 ὁδὸν,
3468 1642 3535 1696 δι’
3567 1636 3634 1714 ἧς
3664 1642 3733 1695 ἂν

482 1738 594 1792 quo
637 1725 809 1781 libere
852 1735 907 1782 et
941 1726 1215 1798 intrepide
1245 1728 1457 1784 versari
1495 1727 1548 1784 in
1588 1728 1701 1785 illis
1741 1729 2060 1801 regionibus

2164 1735 2317 1802 ίοιτε,
2353 1737 2488 1807 φησί
2511 1779 2526 1804 ,
2571 1737 2663 1792 καὶ
2717 1736 2872 1791 αὐτοί
2914 1736 3053 1807 πρὸς
3098 1733 3198 1798 τὰς
3239 1735 3352 1790 ἄνω
3402 1732 3570 1804 μονὰς
3610 1732 3735 1805 (ἤδη

483 1814 733 1882 possitis.
769 1813 933 1873 Scitis
973 1832 1102 1872 vero
1126 1858 1141 1883 ,
1191 1818 1406 1890 inquit,
1461 1820 1737 1875 neminem
1766 1835 1863 1892 per
1891 1822 2059 1876 alium

483 1910 645 1973 quam
694 1921 789 1977 per
840 1923 926 1965 me
965 1925 1136 1965 unum
1168 1925 1232 1969 eo
1266 1911 1565 1967 ascendere
1591 1928 1837 1985 unquam
1871 1929 2056 1985 posse.

483 1997 684 2065 Quare,
729 2000 773 2055 si
818 2001 942 2071 quis
970 2002 1038 2057 ab
1078 2018 1266 2058 amore
1294 2002 1504 2060 Christi
1537 2004 1870 2063 deturbatus
1899 2049 1915 2074 ,
1964 2016 2060 2063 aut

482 2088 728 2158 profanis
778 2107 978 2148 vocum
1038 2095 1380 2152 novitatibus
1423 2098 1498 2165 “,
1544 2106 1599 2154 et
1638 2099 2059 2171 peregrinorum

482 2183 873 2240 vocabulorum
927 2187 1337 2259 impuritatibus
1391 2191 1783 2262 sycophantias
1840 2192 2058 2264 paranti

482 2273 805 2342 adhaerens,
841 2277 1170 2337 ineﬂ‘abilem
1204 2290 1258 2337 et
1288 2283 1902 2354 incomprehensibilem
1937 2286 2058 2357 ejus

481 2372 734 2421 naturam
772 2369 920 2425 inter
952 2386 1141 2430 servos
1172 2374 1404 2430 collocet
1429 2416 1444 2440 ,
1495 2387 1590 2432 aut
1632 2378 1862 2434 liberum
1905 2388 1959 2435 et
1992 2397 2058 2436 ex

482 2457 644 2528 767
677 2458 858 2517 Patris
886 2464 1198 2520 substantia
1230 2466 1471 2537 genitum
1506 2466 1746 2525 Verbum
1782 2471 2059 2528 creaturis

481 2550 823 2617 adnumeret,
860 2562 953 2609 aut
984 2556 1093 2612 alio
1130 2559 1333 2628 quovis
1367 2559 1533 2616 modo
1559 2561 1747 2627 violet,
1793 2564 2058 2636 intelligat

481 2658 542 2697 se
576 2643 719 2699 viam
761 2646 829 2701 ad
863 2663 1102 2719 superna
1135 2651 1448 2709 tendentem
1488 2652 1795 2723 perdidisse
1820 2695 1836 2720 ,
1888 2662 1944 2710 et
1988 2656 2059 2712 ab

482 2734 600 2789 arvi
630 2736 802 2791 sulcis
832 2739 1122 2797 aberrasse
1142 2783 1157 2805 ,
1189 2751 1252 2797 ut
1291 2758 1321 2797 a
1351 2743 1593 2813 quodam
1625 2744 1895 2814 scriptum
1930 2755 2013 2802 est
2038 2788 2055 2815 ,

482 2832 538 2877 et
581 2838 773 2892 pcenas
819 2826 872 2880 in
918 2826 1111 2885 inferis
1152 2829 1483 2902 degentibus
1531 2832 1748 2887 debitas
1788 2833 2056 2890 luiturum

481 2928 625 2970 esse.
670 2916 939 2983 Quocirca
964 2921 1414 2991 sapientissimus
1447 2922 1653 2981 Paulus
1688 2942 1784 2984 eos
1822 2928 1917 2999 qui
1948 2943 2058 2998 prae

483 3005 742 3060 vecordia
774 3008 973 3064 nolunt
1002 3011 1057 3066 in
1086 3011 1308 3069 Christo
1339 3013 1560 3083 vivere,
1607 3017 1703 3073 sed
1738 3019 1805 3073 ad
1851 3020 2057 3090 legales

2161 1827 2318 1882 τοῦτο
2345 1828 2693 1901 παραδηλῶν,
2723 1829 2817 1883 καὶ
2849 1828 3036 1900 ἕτερον
3068 1826 3239 1892 οὐδὲν,
3262 1826 3296 1897 ἢ
3322 1826 3404 1880 ὅτι
3439 1824 3610 1880 πολλὰ
3634 1825 3734 1895 μὲν

2160 1919 2301 1987 λίαν,
2330 1921 2426 1976 καὶ
2462 1921 2713 1992 εὐπρεπῆ
2748 1921 2818 1975 τὰ
2838 1919 2988 1992 παρά
3026 1917 3145 1990 Θεῷ
3175 1919 3268 1972 καὶ
3294 1918 3468 1988 Πατρί
3500 1915 3735 1971 καταλύ-

2163 2010 2356 2083 ματα),
2373 2012 2468 2067 καὶ
2492 2012 2655 2067 τόπον
2680 2011 2809 2082 ὑμῖν
2842 2008 3154 2080 παρρησίας
3176 2006 3268 2062 τοῦ
3295 2008 3387 2061 καί
3410 2009 3467 2061 ἐν
3506 2006 3735 2069 ἐκείνοις

2160 2102 2411 2172 γενέσθαι
2460 2106 2572 2167 τοῖς
2621 2103 2841 2174 χωρίοις
2900 2099 3207 2170 ἐτοιμάσων
3259 2097 3735 2170 προαναϐήσομαι.

2161 2193 2307 2263 Πλὴν
2360 2193 2495 2260 ίστε,
2540 2193 2725 2266 φησὶν,
2757 2192 2832 2256 ὼς
2852 2192 2951 2245 οὐκ
2976 2190 3041 2245 άν
3078 2207 3160 2253 τις
3185 2188 3234 2242 δι
3286 2188 3475 2259 ἐτέρου
3504 2188 3648 2252 τινὸς
3675 2186 3738 2241 τὸ

2160 2290 2339 2341 ἐκεῖσε
2367 2285 2618 2355 γενέσθαι
2660 2284 2836 2348 λάϐοι,
2864 2282 3004 2355 πλήν
3022 2282 3086 2335 δι’
3115 2281 3247 2352 ἐμοῦ
3283 2282 3379 2334 καὶ
3423 2279 3602 2351 μόνον.
3626 2279 3737 2332 Οὐ⁴

2161 2378 2289 2433 κοῦν
2327 2377 2382 2432 εί
2401 2395 2485 2442 τις
2507 2376 2729 2431 ἐκπέσοι
2761 2374 2856 2431 τοῦ
2882 2373 3198 2444 ἀγαπᾶσθαι
3228 2372 3380 2445 παρὰ
3413 2369 3671 2444 Χριστοῦ,
3701 2369 3737 2440 ἢ

2162 2471 2408 2543 βεϐήλοις
2434 2468 2813 2540 κενοφωνίαις,
2854 2469 2948 2522 καὶ
2974 2465 3280 2521 ἀλλοκότων
3309 2464 3565 2535 ῥημάτων
3598 2462 3738 2517 ἀκα-

2161 2561 2227 2616 θα
2236 2563 2412 2635 ρσίαις
2430 2560 2710 2632 προσέχων
2725 2561 3080 2630 συκοφαντεῖν
3100 2556 3361 2630 ἑλομένῳ,
3383 2554 3482 2627 τὴν
3501 2555 3738 2625 ἄρρητον

2160 2654 2324 2709 αὐτοῦ
2348 2654 2442 2707 καὶ
2473 2651 2832 2724 ἁπερινόητον
2875 2649 3036 2721 φύσιν
3062 2649 3138 2714 ὡς
3161 2649 3219 2704 ἐν
3246 2646 3448 2709 δούλοις
3477 2644 3739 2699 κατατάτ·

2159 2764 2262 2813 τει,
2296 2746 2530 2808 καὶτοῖς
2579 2743 2894 2813 γενομένοις
2948 2739 3279 2813 καταριθμεῖ
3320 2738 3413 2790 τὸν
3456 2734 3739 2806 ἐλεύθερον

2158 2838 2253 2891 καὶ
2294 2838 2357 2890 ἐκ
2401 2836 2501 2906 τῆς
2546 2834 2735 2899 οὐσίας
2778 2833 2872 2887 τοῦ
2909 2832 3122 2904 Πατρὸς
3154 2830 3482 2901 γεννηθέντα
3527 2828 3737 2896 Λόγον,

2158 2931 2327 3000 ήγουν
2358 2927 2479 2982 καθ’
2503 2926 2691 2997 ἕτερόν
2726 2943 2849 2979 τινα
2876 2926 3137 2996 λυπήσειε
3169 2922 3389 2994 τρόπον,
3422 2918 3743 2988 γινωσκέτω

2162 3019 2348 3075 λοιπὺν
2390 3019 2491 3091 τῆς
2527 3020 2665 3091 πρὸς
2690 3019 2752 3072 τὸ
2783 3018 2895 3074 ἄνω
2918 3017 3144 3089 πορείας
3176 3016 3275 3086 τὴν
3304 3012 3422 3068 ὁδὸν
3446 3010 3739 3074 ἀπολέσας,

485 3096 710 3153 umbras
750 3097 1012 3169 redeunt,
1072 3104 1283 3162 alienos
1316 3103 1493 3161 factos
1525 3122 1648 3163 esse
1691 3116 1746 3163 et
1784 3124 1815 3163 a
1853 3109 2057 3165 Christi

2163 3112 2257 3165 καὶ
2276 3110 2688 3182 πεπλανημένος
2711 3110 2808 3180 μὲν
2825 3108 2915 3163 τοῦ
2943 3108 3070 3162 ἰδίου
3084 3106 3350 3178 γεωργίου
3372 3105 3498 3168 τοὺς
3514 3103 3708 3168 ἄξονας
3725 3144 3742 3169 ,

483 3187 659 3258 gratia
690 3190 963 3249 excidisse
1003 3195 1079 3249 ait
1125 3211 1190 3250 ex
1229 3212 1296 3253 eo
1353 3197 1499 3269 quod
1545 3199 1737 3255 volunt
1764 3201 2057 3271 iustificari

2165 3201 2308 3257 κατὰ
2330 3202 2390 3256 τὸ
2423 3201 2712 3274 εἰρημένον
2741 3200 2845 3256 ὐπό
2888 3217 3050 3266 τινος,
3078 3199 3287 3269 ὑφέξων
3320 3196 3377 3251 δὲ
3408 3195 3623 3258 πάντως
3644 3193 3744 3266 τὴν

482 3293 549 3333 ex
616 3279 733 3352 lege
766 3282 831 3338 “.
873 3281 1347 3352 Quemadmodum
1389 3291 1534 3344 enim
1576 3291 1622 3346 is
1661 3292 1751 3362 qui
1787 3307 1817 3347 a
1848 3293 1977 3347 trita
2006 3303 2060 3348 et

2163 3294 2276 3357 τοῖς
2307 3293 2457 3347 κάτω
2487 3292 2704 3364 μένουσι
2726 3293 3040 3367 πρέπουσαν
3068 3291 3242 3362 δίκην.
3269 3289 3365 3343 Διὰ
3402 3288 3558 3343 τοῦτο
3591 3288 3686 3341 καὶ
3713 3293 3744 3339 ο

482 3379 631 3427 recta
655 3373 743 3429 via
772 3376 1014 3443 excidit,
1047 3381 1267 3449 erroris
1294 3382 1521 3437 omnino
1556 3381 1758 3438 damna
1790 3400 2059 3455 passurus

2168 3384 2476 3455 σοφώτατος
2507 3384 2716 3449 Παῦλος
2740 3386 2866 3449 τοὺς
2902 3383 3317 3457 ἀρνησαμένους
3350 3385 3414 3436 ἐκ
3455 3377 3745 3452 φρενοϐλα-

481 3473 568 3519 est
613 3484 627 3519 :
681 3465 761 3520 sic
809 3469 901 3537 qui
936 3470 1221 3540 repudiata
1252 3470 1697 3543 Christijustitia
1730 3476 2060 3547 evangelica:

2167 3476 2314 3540 ϐείας
2354 3475 2414 3529 τὸ
2451 3476 2510 3529 ἐν
2548 3476 2770 3548 Χριστῷ
2811 3475 3214 3540 πολιτεύεσθαι,
3250 3470 3745 3543 παλινδρομοῦντας

481 3558 923 3615 conversationis
964 3560 1276 3615 doctrinam
1312 3562 1448 3618 nihil
1477 3562 1689 3619 faciunt
1714 3604 1728 3628 ,
1764 3581 2056 3637 supernam

2168 3566 2226 3620 δὲ
2256 3566 2393 3638 πρὸς
2429 3567 2528 3632 τὰς
2558 3569 2622 3622 ἐκ
2652 3567 2817 3639 νόμου
2845 3567 3024 3632 σκιὰς,
3053 3563 3528 3638 ἀπηλλοτριῶσθαί
3577 3577 3744 3631 φησιν

482 3648 763 3702 civitatem
800 3664 910 3705 non
947 3650 1253 3719 videbunt,
1295 3670 1476 3724 neque
1512 3671 1681 3725 porro
1723 3657 1889 3713 etiam
1932 3674 2058 3715 cum

2166 3657 2273 3712 ἀπὸ
2322 3658 2559 3729 Χριστοῦ
2607 3659 2703 3712 καί
2744 3660 2843 3731 τῆς
2885 3660 3105 3731 χάριτος
3166 3660 3454 3721 ἐκπεσεῖν,
3507 3654 3594 3708 διὰ
3645 3653 3742 3706 τοῦ

482 3740 692 3795 sanctis
732 3742 936 3799 vivent.
972 3742 1074 3799 Via
1100 3747 1248 3801 enim
1278 3763 1401 3818 quae
1431 3748 1565 3803 illuc
1590 3748 1763 3816 ducit,
1800 3749 2056 3809 Christus

2164 3749 2503 3807 δικαιοῦσθαι
2528 3750 2704 3821 φιλεῖν
2726 3754 2789 3805 ἐκ
2814 3752 3218 3825 νόμου.”ονπερ
3241 3752 3349 3823 γὰρ
3369 3749 3569 3822 τρόπον
3594 3749 3623 3801 ὁ
3642 3744 3743 3815 τῆς

480 3847 627 3889 unus
662 3841 767 3890 est.
2161 3841 2537 3914 τετριμμένης
2587 3860 2647 3898 τε
2697 3843 2793 3899 καὶ
2831 3845 3041 3908 εὐθείας
3078 3844 3357 3898 ἐκπίπτων
3401 3839 3543 3905 ὁδοῦ,
3577 3838 3645 3892 τὰ
3676 3839 3745 3891 ἐκ

477 3925 574 3980 τοῦ
618 3929 921 3985 πλανᾶσθαι
970 3930 1186 3996 πάντως
1211 3933 1575 4004 ὐποστήσεται
1620 3933 1812 4007 βλάϐη·
1858 3934 2051 4003 οὕτως,
2090 3935 2265 4008 οἶμαι,
2290 3937 2389 3991 κα)⁸
2419 3937 2519 4008 οὐχ
2545 3938 2768 4009 ἑτέρως,
2807 3938 2856 3991 οἰ
2893 3937 2992 4009 τὴν
3051 3939 3110 3991 ἐν
3150 3936 3370 4009 Χριστῷ
3398 3929 3745 4000 δικαιοσύνην

479 4022 905 4093 παρωσάμενοι,
958 4025 1052 4078 καὶ
1109 4025 1207 4096 τῆς
1244 4025 1603 4098 εὐαγγελικῆς
1646 4028 1918 4093 πολιτείας
1959 4030 2059 4102 τὴν
2098 4032 2381 4086 παίδευσιν
2423 4032 2481 4086 ἐν
2546 4030 2624 4101 τῷ
2688 4029 2878 4102 μηδενὶ
2926 4027 3251 4093 τεθεικότες,
3288 4028 3386 4100 τήν
3426 4026 3537 4081 ἄνω
3588 4022 3746 4077 πόλιν

477 4113 578 4166 οὐκ
648 4112 889 4182 ϐψονται,
928 4115 1042 4170 ἀλλ’
1085 4117 1204 4171 οὐδὲ
1242 4121 1352 4182 τοῖς
1391 4119 1567 4188 ἁγίοις
1608 4121 2090 4192 συνδιαιτήσονται.
2143 4123 2293 4190 Ὁδὸς
2331 4124 2440 4197 γὰρ
2479 4124 2514 4193 ὴ
2559 4121 2695 4194 πρὸς
2740 4120 2896 4175 τοῦτο
2963 4120 3284 4192 κομίζουσα,
3326 4120 3482 4192 μόνος
3529 4116 3676 4170 ἐστὶν
3715 4116 3745 4168 ὁ

477 4206 735 4277 Χριστός.

548 4298 691 4368 XIV,
725 4298 851 4369 5,6.
877 4299 1018 4356 Dicit
1040 4302 1087 4357 ei
1121 4302 1348 4359 Thomas
1376 4321 1393 4359 :
1421 4304 2051 4377 Dominenzescimus‘quo

2225 4298 2395 4369 Λέγει
2426 4296 2586 4363 αὐτῷ
2614 4295 2838 4368 Θωμᾶς’
2877 4298 2998 4350 Οὐκ
3041 4296 3287 4365 οἴδαμεν
3311 4295 3429 4349 ποῦ
3470 4294 3739 4366 ὑπάγεις,

479 4386 651 4452 uadis,
694 4396 743 4440 et
794 4390 1055 4459 quomodo
1094 4408 1374 4458 possumus
1433 4395 1570 4446 viam
1612 4396 1795 4451 scire?
1836 4394 1978 4449 Dicit
2015 4397 2060 4451 ei

2169 4389 2415 4456 καὶπῶς
2452 4390 2700 4459 οῖδαμεν
2743 4389 2858 4456 τὴν
2912 4388 3095 4454 ὀδόν;
3133 4391 3303 4457 Λέγει
3355 4386 3516 4454 αὑτῷ
3551 4392 3586 4442 d
3641 4391 3747 4457 ἰη-

479 4475 639 4531 Jesus
666 4465 834 4550 :‘Ego
879 4497 995 4534 sum
1032 4483 1150 4546 via,
1191 4492 1240 4535 et
1271 4484 1462 4538 veritas
1490 4523 1505 4549 ,
1549 4494 1599 4538 et
1634 4488 1778 4541 vita:
1822 4498 1871 4542 et
1911 4505 2060 4543 nemo

2167 4482 2338 4547 σοῦς·
2375 4480 2514 4549 Ἐγώ
2541 4482 2657 4548 εἰμι
2689 4481 2727 4548 ἡ
2752 4478 2912 4545 ὁδὸς,
2935 4478 3035 4532 καί
3064 4480 3102 4547 ἡ
3125 4478 3395 4547 ἀλήθεια,
3428 4478 3523 4531 καὶ
3543 4480 3578 4545 ἡ
3609 4476 3743 4543 (ani-

483 4568 621 4620 venit
655 4566 725 4621 ad
764 4567 1000 4634 Patrem,
1043 4571 1148 4625 nisi
1181 4587 1273 4641 per
1306 4589 1405 4627 me.

2168 4573 2370 4638 οὐδεὶς
2422 4572 2659 4641 ἔρχεται
2723 4572 2872 4639 πρὸς
2941 4570 3049 4625 τόν
3109 4569 3375 4638 Πατέρα,
3428 4571 3482 4622 ει
3533 4567 3620 4639 μὴ
3670 4567 3748 4621 δι’

2166 4665 2337 4736 ἐμοῦ.

555 4745 836 4802 Christum
882 4748 1000 4804 suis
1044 4748 1335 4822 discipulis
1378 4752 1621 4808 nondum
1664 4763 1850 4826 aperte
1877 4754 2060 4812 dicere

2232 4754 2400 4808 Οὔπω
2454 4753 2755 4827 διαρρήδην
2807 4755 2985 4807 εἰπεῖν
3037 4752 3355 4824 ἐθελήσαντι
3400 4752 3479 4823 τῷ
3525 4750 3749 4822 Χριστῷ

483 4839 755 4895 volentem
792 4840 858 4895 ad
895 4841 1063 4896 caelos
1096 4858 1155 4898 se
1199 4859 1591 4911 ascensurum,
1628 4854 1680 4902 et
1726 4847 1791 4901 ad
1836 4846 2057 4903 Patrem

2159 4849 2271 4910 τοῖς
2304 4845 2496 4899 ἑαυτοῦ
2540 4845 2828 4916 μαθηταῖς,
2862 4845 2944 4898 ὃτι
2974 4844 3238 4913 βαδιεῖται
3280 4843 3416 4915 πρὸς
3462 4842 3560 4912 τὴν
3608 4844 3746 4906 ἄνω,

486 4931 854 5003 migraturum
880 4974 896 4998 ,
933 4931 1029 4987 sed
1057 4933 1405 5006 tenigmatice
1439 4936 1619 4991 adhuc
1647 4946 1701 4991 et
1736 4938 1906 4992 multa
1932 4953 2057 4992 cum

2159 4937 2253 4991 καὶ
2302 4936 2643 5007 ἁποδημήσει
2701 4936 2838 5006 πρὸς
2894 4936 2985 4989 τὸν
3030 4935 3284 5006 Πατέρα,
3330 4934 3751 5004 αἰνιγματωδῶς

487 5022 732 5093 emphasi
767 5039 882 5080 rem
912 5025 1315 5097 significantem
1343 5027 1583 5083 Thomas
1615 5026 1921 5099 discipulus
1950 5029 2057 5083 sci-

2159 5044 2220 5097 γε
2265 5025 2370 5098 μὴν
2416 5025 2497 5078 ἔτι
2550 5026 2644 5078 καὶ
2689 5026 2778 5079 διὰ
2814 5025 3025 5079 πολλῶν
3073 5027 3365 5097 ἐμφάσεων
3406 5026 3466 5078 τὸ
3513 5027 3752 5097 πρᾶγμα

488 5118 741 5182 scitatur,
770 5128 824 5173 et
844 5126 1261 5189 argumentatur
1289 5118 1695 5189 quodammodo
1719 5127 1931 5174 tantum
1952 5135 2060 5174 non

2175 5117 2515 5187 σημαίνοντι,
2573 5116 2937 5186 προσεκόμισε
2992 5115 3089 5188 τὴν
3143 5116 3332 5169 πεῦσιν
3386 5117 3415 5168 ό
3475 5114 3748 5186 μαθητήςο

487 5208 652 5262 etiam
693 5223 893 5281 cogens
939 5210 1175 5265 invitum
1229 5209 1412 5267 dicere
1450 5227 1688 5281 quonam
1723 5211 1945 5267 demum
1993 5212 2060 5266 sit

2173 5211 2374 5280 Θωμᾶς
2406 5209 2460 5261 δὲ
2477 5204 2543 5279 ἦν
2560 5203 2734 5272 οὗτος*
2759 5210 2853 5262 καὶ
2893 5208 3281 5262 συναναπλέκει
3315 5207 3433 5261 τινὰ
3463 5207 3747 5277 λογισμὸν,

486 5298 772 5364 abiturus,
807 5311 861 5356 et
899 5319 1009 5373 quo
1044 5302 1234 5358 tendat
1264 5303 1413 5358 illius
1457 5302 1744 5359 discessus
1784 5304 1910 5360 iter.
1954 5301 2060 5358 Nec

2176 5298 2459 5372 μονονουχί
2501 5298 2595 5351 καὶ
2635 5298 2733 5368 οὐχ
2756 5298 2967 5353 ’ἑκόντα
3003 5299 3178 5367 λέγειν
3207 5297 3613 5371 ἐκϐιαζόμενος,
3652 5300 3753 5352 καὶ

488 5389 632 5444 (nim
668 5391 896 5457 scimus,
925 5394 1123 5465 inquit,
1155 5409 1266 5465 quo
1290 5394 1445 5450 vadis
1479 5412 1493 5449 :
1529 5402 1583 5449 et
1611 5394 1885 5465 quomodo
1919 5394 2060 5449 viam

2171 5393 2295 5446 ὅποι
2321 5390 2450 5444 ποτὲ
2488 5390 2834 5461 πορεύσεται,
2863 5393 2955 5445 καὶ
2982 5385 3043 5444 οὗ
3076 5392 3175 5461 τῆς
3210 5391 3517 5462 ἀποδημίας
3561 5393 3595 5464 ή
3628 5390 3752 5457 όδδς

491 5482 861 5540 sciverimus?
891 5483 951 5539 Et
985 5501 1113 5542 vero
1146 5486 1371 5542 nimiam
1403 5485 1783 5543 curiositatem
1811 5485 2060 5555 discipuli

2174 5481 2525 5538 συντείνεται.
2571 5483 2647 5538 Οὐ
2684 5482 2793 5556 γὰρ
2825 5484 3000 5554 ἴσμεν,
3028 5481 3153 5555 ἔφη,
3190 5482 3294 5535 ποῦ
3328 5484 3582 5553 ὑπάγεις,
3630 5476 3754 5537 εἶτα

602 5674 644 5706 θ’
680 5673 821 5731 Psul.
852 5688 1001 5741 xxvt,
1038 5672 1122 5728 ιι.
1199 5671 1241 5704 ‘i
1266 5672 1283 5728 Ι
1311 5669 1454 5728 Tim.
1480 5685 1555 5737 γι,
1586 5669 1675 5727 20.
1753 5670 1800 5703 ⁸³
1827 5668 2005 5728 Galat.
2038 5686 2089 5737 ν,
2129 5673 2171 5726 ⁸.
