4042 6204
230 331 340 388 189

1283 316 1348 371 IN
1378 314 1666 373 JOANNIS
1707 310 2164 372 EVANGELIUM
2194 311 2326 370 LIB.
2364 313 2460 370 IX.

3396 288 3513 363 ωδ

225 439 355 505 πῶς
403 437 472 493 ἂν
522 436 801 508 εἰδείημεν
855 436 955 509 τὴν
1004 436 1163 503 ὀδόν;
1218 436 1333 492 Καὶ
1382 436 1443 490 τὸ
1481 435 1579 507 μὲν
1626 433 1827 505 σφόδρα

1930 430 2192 490 Christus
2236 432 2496 489 amolitur
2538 450 2551 487 :
2605 446 2708 488 nec
2751 429 2898 486 enim
2937 428 3234 501 respondet
3279 428 3345 485 ad
3388 429 3511 500 ejus

225 533 531 605 περίεργον
554 529 649 585 τοῦ
680 529 925 601 μαθητοῦ
957 527 1291 601 παρελαύνει
1323 528 1580 601 Χριστός·
1618 528 1679 581 οὐ
1718 525 1828 598 γὰρ

226 623 594 692 ἀποκρίνεταί
626 640 679 675 τι
717 621 857 692 πρὸς
887 622 1024 689 ὅπερ
1053 621 1247 693 ἧθελεν
1281 622 1465 688 αὐτὸς,
1495 621 1611 675 ἀλλ’
1652 621 1829 673 ἐκεῖνο

226 718 302 787 τῇ
344 714 449 786 ἰδίᾳ
482 712 682 784 γνώσει
720 715 985 785 τηρήσας,
1017 713 1114 766 καὶ
1147 713 1327 785 καιρῷ
1370 712 1569 784 μᾶλλον
1607 711 1827 776 ἀναθεὶς

229 807 313 879 τῷ
352 806 790 878 πρεπωδεστέρῳ
828 805 1220 861 διεκκαλύπτει
1259 806 1573 878 χρησίμως,
1600 806 1738 877 ὅπερ
1759 800 1827 877 ἦν

234 899 423 962 αὐτοῖς
466 898 769 966 ἀναγκαῖον
816 900 897 962 είς
950 897 1209 969 μάθησιν.
1270 897 1412 967 Ἐγὼ
1459 898 1640 952 τοίνυν
1685 896 1823 966 εἰμὶ,

237 987 424 1058 φησιν,
459 988 493 1059 ἡ
534 986 673 1051 ὁδὸς,
715 986 827 1055 ἐγὼ
856 989 890 1057 ἡ
925 986 1173 1057 ἀλήθεια,
1213 987 1325 1057 ἐγὼ
1358 989 1392 1058 ἡ
1430 987 1563 1058 ζωή.
1598 986 1711 1041 Καὶ
1744 987 1827 1040 ὅτι

239 1077 340 1146 μὲν
369 1077 578 1149 ἀληθὴς
598 1077 727 1150 περὶ
755 1077 950 1131 ἑαυτοῦ
969 1078 1141 1132 ταῦτα
1164 1078 1336 1148 λέγων
1356 1081 1384 1132 ὁ
1404 1081 1627 1151 Κύριος,
1650 1079 1827 1144 οὐδεὶς

237 1170 348 1234 ἂν,
399 1162 578 1237 οἶμαι,
622 1169 730 1223 τῶν
784 1170 1192 1241 εὐφρονοῦντων
1249 1172 1500 1245 ἐνδοιάση
1583 1172 1825 1230 πώποτε.

235 1257 386 1331 Πλὴν
432 1261 612 1314 ἐκεῖνο
644 1261 754 1314 δεῖν
805 1262 1175 1333 ὑπολαμὸάνω
1212 1263 1446 1334 ζητῆσαι
1476 1264 1825 1334 φιλομαθῶς⁶

236 1350 331 1403 τοῦ
359 1350 470 1420 γὰρ
493 1351 558 1422 δὴ
576 1353 759 1423 χάριν,
782 1354 959 1408 καίτοι
982 1356 1119 1425 φῶς,
1139 1355 1235 1409 καὶ
1253 1356 1437 1426 σοφία,
1464 1358 1558 1412 καὶ
1575 1356 1825 1427 δύναμις,

238 1442 333 1494 καὶ
367 1443 579 1514 ἑτέροις
608 1444 665 1497 δὲ
696 1445 841 1509 ὅσοις
871 1448 1099 1517 ὀνόμασι
1131 1447 1284 1520 παρά
1310 1450 1430 1513 ταῖς
1450 1448 1829 1515 θεοπνεύστοις

240 1534 631 1605 ὠνομασμένος
650 1536 689 1588 Γ
695 1540 917 1607 ραφαίς,
947 1538 1347 1611 ὲξειλεγμένοις
1363 1540 1554 1614 ὥσπερ
1575 1541 1709 1606 τισὶ,
1733 1542 1829 1596 καὶ

240 1626 374 1679 πολὺ
401 1626 522 1679 λίαν
552 1627 768 1697 ἔχουσιν
786 1628 915 1684 ὄντα
939 1629 1118 1699 λόγον,
1149 1631 1348 1702 χρῆται
1378 1633 1515 1704 πρὸς
1541 1633 1603 1688 τὸ
1630 1632 1825 1704 παρὸν,

241 1720 356 1773 ὁδὸν
410 1719 633 1784 ἑαυτὸν,
684 1721 777 1775 καὶ
831 1721 1114 1794 ἀλήθειαν,
1158 1725 1251 1777 καὶ
1303 1723 1450 1795 ζωὴν
1485 1723 1822 1787 ἀποκαλῶνς

1929 525 2171 591 libitum,
2204 525 2301 583 sed
2333 524 2467 581 illud
2491 539 2607 580 suae
2651 522 2956 594 cognitioni
2982 534 3275 577 reservans
3299 559 3315 584 ,
3345 522 3508 591 quin-

1928 613 2040 669 imo
2082 614 2317 686 tempori
2365 613 2746 686 opportuniori
2784 610 3033 666 tribuens
3062 650 3079 678 ,
3123 609 3512 680 percommode

1926 709 2155 778 exponit
2172 707 2225 761 id
2245 707 2393 778 quod
2412 707 2480 761 ad
2504 705 2860 777 disciplinam
2879 712 2964 761 est
2979 703 3379 759 necessarium.
3400 701 3512 771 Ego

1927 796 2118 867 igitur,
2151 796 2351 867 inquit,
2390 811 2512 852 sum
2545 795 2656 857 via,
2688 810 2789 865 ego
2818 793 3046 858 veritas,
3079 808 3180 862 ego
3207 791 3343 846 vita.
3379 789 3513 856 Quae

1927 886 2149 957 quidem
2179 900 2306 940 vere
2341 884 2409 940 de
2449 884 2630 955 seipso
2669 882 2959 936 Dominum
2989 880 3211 943 dicere,
3246 892 3428 942 nemo,
3453 884 3513 929 ut

1926 992 2075 1043 reor,
2111 991 2285 1031 sanus
2326 976 2381 1031 in
2415 975 2642 1030 dubium
2682 989 2922 1044 unquam
2954 970 3318 1028 revocaverit.
3359 968 3513 1035 Quaa-

1926 1068 2162 1125 rendum
2213 1068 2574 1122 nihilominus
2615 1066 2864 1123 studiose
2912 1063 3181 1127 arbitror,
3230 1076 3398 1133 quam
3441 1060 3510 1115 ob

1927 1177 2176 1226 causam,
2210 1175 2336 1216 cum
2368 1162 2485 1225 lux,
2524 1169 2579 1215 et
2613 1159 2887 1230 sapientia
2908 1197 2924 1223 ,
2963 1167 3021 1212 et
3046 1156 3248 1222 virtus,
3275 1156 3513 1226 aliisque

1928 1251 2248 1311 istiusmodi
2294 1252 2620 1309 nominibus
2649 1251 2796 1321 apud
2834 1251 3153 1320 Scripturas
3182 1249 3399 1304 divinas
3438 1248 3514 1305 sit

1926 1352 2318 1415 nuncupatus,
2367 1344 2591 1400 eximiis
2638 1357 2789 1399 nunc
2842 1342 3013 1398 veluti
3060 1340 3392 1411 quibusdam
3444 1354 3512 1395 ac

1927 1436 2227 1508 praecipuis
2258 1441 2471 1498 utatur,
2513 1434 2758 1503 seipsum
2795 1433 2962 1497 viam,
3000 1440 3057 1487 et
3085 1432 3411 1495 veritatem,
3447 1446 3513 1486 ac

1926 1531 2097 1588 vitam
2128 1528 2449 1584 nominans.
2479 1527 2641 1581 Altus
2669 1524 2843 1590 enim,
2876 1523 3214 1587 utarhitror,
3235 1536 3339 1578 nec
3368 1524 3511 1577 mul-

1929 1632 2046 1678 tum
2073 1621 2354 1693 explicata
2387 1618 2573 1675 facilis
2600 1626 2688 1674 est
2712 1615 2984 1673 sermonis
3017 1616 3182 1671 istius
3221 1630 3419 1670 sensus
3457 1622 3512 1669 et

1931 1713 2075 1768 ratio
2110 1731 2125 1767 :
2166 1710 2333 1781 768
2368 1708 2541 1764 nihilo
2571 1716 2753 1763 tamen
2780 1706 2966 1761 minus
3006 1704 3074 1759 ad
3112 1704 3266 1759 illum
3299 1711 3384 1760 est
3417 1718 3516 1773 ag-

243 1812 441 1866 Βαθεῖα
471 1813 582 1885 γὰρ
623 1813 700 1878 ὡς
750 1806 988 1885 ἐγῷμαι,
1025 1814 1120 1870 καὶ
1152 1815 1213 1868 οὐ
1247 1814 1368 1869 λίαν
1408 1794 1751 1879 νεὺκάτοπτος
1792 1817 1824 1887 ἡ

1934 1802 2314 1876 grediendum.
2342 1798 2528 1855 Dicam
2569 1800 2717 1853 enim
2746 1796 2894 1868 quod
2928 1795 3063 1850 mihi
3093 1794 3242 1850 venit
3276 1794 3332 1849 in
3359 1809 3514 1850 meu-

241 1904 333 1960 τοῦ
379 1906 541 1976 λόγου
580 1905 833 1978 δύναμις·
863 1907 965 1961 οὐκ
997 1906 1258 1979 ὀκνητέον
1290 1908 1336 1960 δ’
1364 1903 1458 1963 οὖν
1494 1910 1644 1979 ὅμως
1688 1908 1827 1979 πρὸς

242 1998 337 2071 τὴν
382 2000 719 2071 ἐγχείρησιν.
772 1999 911 2070 Ἐρῶ
938 1999 1047 2071 γὰρ
1089 2000 1228 2072 ὅπερ
1257 2001 1338 2064 είς
1368 2000 1508 2072 ἐμὴν
1546 2000 1827 2054 ἀναϐαίνει

242 2089 497 2154 διάνοιαν,
539 2092 712 2161 ἐφιεὶς
749 2091 995 2162 δηλονότι
1035 2091 1105 2147 τὰ
1132 2092 1343 2164 ἀμείνω
1373 2095 1515 2146 νοεῖν
1546 2094 1659 2156 τοῖς
1689 2092 1826 2146 θεω-

246 2185 355 2252 ρεῖν
407 2182 658 2237 εἰωθόσιν
706 2182 1136 2253 ὀξυωπέστερον.
1180 2185 1280 2240 Διά
1324 2184 1491 2255 τριῶν
1536 2183 1828 2256 τοιγαροῦν

246 2277 585 2346 πραγμάτων
636 2278 758 2340 ταῖς
785 2278 898 2330 ἄνω
936 2278 1033 2331 καὶ
1066 2276 1240 2341 θείαις
1269 2276 1670 2348 προσϐαλοῦσιν
1708 2276 1825 2349 [γρ.

244 2365 680 2439 προσϐαλοῦμεν]
708 2368 922 2431 αὐλαῖς,
949 2370 1043 2423 καὶ
1069 2370 1150 2432 είς
1181 2369 1281 2439 τὴν
1313 2368 1423 2421 τῶν
1464 2368 1829 2442 πρωτοτόκων

253 2458 582 2531 Ἐκκλησίαν
610 2459 1019 2532 ἀναϐησόμεθα·
1050 2459 1139 2514 διὰ
1167 2460 1421 2531 πράξεως
1448 2459 1510 2529 δή
1542 2477 1708 2531 φημι,
1726 2458 1827 2528 τῆς

240 2550 385 2606 κατὰ
416 2552 671 2622 ποικίλην
705 2551 924 2623 ἀρετὴν,
956 2551 1052 2605 καὶ
1077 2550 1316 2615 πίστεως
1337 2552 1436 2621 τῆς
1469 2552 1527 2607 ἐν
1552 2550 1827 2622 ὀρθότητι,

240 2642 335 2698 καὶ
370 2641 591 2706 ἐλπίδος
631 2643 726 2714 τῆς
755 2643 815 2696 ἐν
854 2641 992 2713 ζωῇ.
1017 2637 1147 2714 'A9’
1188 2636 1282 2695 οὖν
1319 2641 1509 2712 ἔτερος
1551 2642 1683 2713 ἡμῖν
1733 2640 1830 2696 τοῦ

239 2732 500 2789 δύνασθαι
532 2734 752 2789 τοιαῦτα
780 2734 916 2807 δρᾷν
945 2735 1232 2806 γενήσεται
1282 2735 1539 2805 χορηγὸς,
1574 2735 1607 2805 ἢ
1636 2734 1832 2806 πρόξε-

239 2844 345 2892 νος,
398 2827 434 2898 ἢ
478 2827 648 2891 αίτία,
692 2826 726 2897 ἢ
780 2827 1054 2898 πρόφασις
1092 2825 1244 2896 παρὰ
1284 2825 1377 2880 τὸν
1420 2825 1628 2899 Κύριον
1669 2827 1831 2899 ἡμῶν

253 2918 457 2991 Ἰησοῦν
479 2920 573 2973 τὸν
603 2919 872 2990 Χριστόν;
904 2920 977 2973 υὺ
1008 2918 1106 2991 μὲν
1130 2914 1245 2974 οὖν.
1276 2919 1369 2990 Μὴ
1411 2918 1521 2990 γάρ
1551 2937 1634 2973 τοι
1667 2919 1832 2990 νομί-

243 3028 356 3082 σῃς.
388 3010 560 3074 Αὐτὸς
591 3015 701 3081 γὰρ
750 3012 883 3081 ἡμῖν
917 3009 1309 3081 νενομοτέθηκε
1352 3010 1421 3064 τὰ
1470 3012 1611 3084 ὑπὲρ
1641 3010 1830 3082 νόμον,

241 3102 396 3166 αὐτὸς
430 3101 680 3168 ὑπέδειξε
714 3100 815 3172 τὴν
844 3102 982 3168 ὁδὸν,
1007 3103 1074 3174 ἢν
1099 3101 1184 3168 ἀν,
1211 3096 1405 3172 cluat;
1423 3103 1509 3167 τις
1529 3103 1713 3167 καλῶς
1744 3105 1827 3167 είς

1929 1904 2074 1960 tem,
2130 1891 2424 1965 cogitanda
2464 1891 2725 1946 nimirum
2785 1888 3015 1947 meliora
3072 1885 3391 1956 relinquens
3445 1885 3515 1940 iis

1928 1990 2133 2059 quibus
2177 1986 2390 2042 acutior
2414 1984 2497 2041 vis
2537 1992 2624 2039 est
2650 1982 2873 2053 ingenii.
2908 1979 3110 2037 Tribus
3145 1979 3315 2051 igitur
3350 1978 3516 2034 rebus

1927 2083 1996 2139 ad
2027 2095 2297 2151 supernas
2330 2093 2395 2133 ac
2432 2075 2650 2132 divinas
2685 2073 3004 2130 mansiones
3035 2071 3333 2136 enitemur,
3363 2079 3420 2125 et
3453 2069 3515 2124 in

1930 2173 2424 2245 primogenitorum
2452 2167 2938 2240 congregationem
2972 2163 3338 2222 ascendemus
3371 2181 3386 2218 :
3418 2177 3516 2233 per

1931 2267 2206 2323 actionem
2233 2264 2448 2321 scilicet
2471 2262 2693 2319 virtutis
2719 2262 2947 2323 variam,
2974 2274 3070 2329 per
3093 2257 3254 2313 ﬁdem
3283 2263 3513 2317 rectam,
3578 2272 3595 2291 κ

1931 2368 1986 2415 ει
2020 2372 2171 2429 spem
2198 2356 2343 2412 vitae.
2377 2356 2449 2409 At
2480 2352 2608 2423 quis
2636 2351 2779 2406 alius
2814 2350 2978 2405 nobis
3007 2363 3199 2403 eorum
3231 2345 3516 2401 faciendo-

1930 2467 2054 2507 rum
2081 2451 2329 2520 largitor,
2357 2463 2451 2503 seu
2478 2446 2754 2516 pararius,
2793 2443 2910 2498 sive
2929 2455 3098 2496 causa
3123 2440 3310 2505 fuerit,
3347 2453 3513 2508 quam

1934 2543 2203 2598 Dominus
2228 2549 2415 2595 noster
2444 2538 2606 2594 Jesus
2635 2534 2940 2592 Christus?
2977 2532 3151 2587 Nemo
3182 2546 3338 2588 sane.
3370 2531 3515 2585 Cave

1932 2634 1987 2690 id
2033 2631 2349 2688 existimes.
2403 2627 2526 2699 Ipse
2563 2626 2767 2696 quippe
2799 2623 2960 2679 nobis
2993 2624 3139 2693 leges
3173 2622 3359 2692 posuit
3394 2636 3518 2692 quae

1934 2734 2066 2785 sunt
2098 2739 2267 2795 supra
2288 2723 2484 2790 legem,
2515 2720 2637 2792 ipse
2654 2720 2795 2773 viam
2826 2715 3178 2779 monstravit,
3204 2727 3368 2783 quam
3390 2728 3519 2782 pru-

1932 2819 2002 2875 be
2042 2816 2314 2872 actionem
2353 2810 2617 2875 virtutis,
2653 2818 2707 2865 et
2743 2809 3042 2863 incitatum
3082 2820 3147 2860 ac
3200 2812 3513 2874 promptum

1936 2909 1992 2963 in
2032 2905 2347 2963 actionibus
2382 2916 2503 2972 qua:
2542 2907 2674 2957 sunt
2724 2896 3032 2956 secundum
3073 2895 3353 2951 Christum
3398 2904 3517 2948 stu-

1937 2998 2087 3055 dium
2127 2995 2439 3065 intelligere
2470 3005 2789 3064 possumus.
2820 2988 2993 3060 Igitur
3016 2986 3137 3058 ipse
3163 2993 3250 3041 est
3269 2983 3512 3048 veritas,

1938 3092 2057 3165 ipse
2088 3090 2209 3155 via,
2249 3088 2357 3143 hoc
2386 3093 2507 3151 est,
2542 3098 2674 3140 vera
2708 3081 2831 3137 ﬁdei
2869 3080 3058 3152 regula
3084 3121 3099 3147 ,
3140 3087 3196 3134 et
3223 3076 3515 3147 inculpatae

241 3193 335 3263 τὴν
376 3194 498 3246 κατ’
542 3169 828 3264 ἐνέργειαν
874 3169 1076 3263 ἀρετήν
1139 3169 1450 3258 ὲκδέξαιτο,
1506 3194 1601 3247 καὶ
1654 3194 1715 3248 τὸ
1765 3196 1823 3249 ὲν

1930 3183 1997 3239 de
2032 3182 2146 3238 Deo
2181 3180 2478 3237 sententia:
2499 3190 2680 3232 canon
2728 3183 2783 3229 et
2825 3172 3087 3229 amussis.
3115 3169 3252 3225 Nam
3300 3169 3347 3227 si
3388 3183 3516 3224 vere

244 3285 472 3357 πράξεσι
500 3287 621 3348 ταῖς
652 3284 795 3339 κατὰ
822 3285 1078 3355 Χριστὸν,
1111 3283 1426 3339 διαδατικόν
1468 3301 1528 3339 τε
1559 3287 1652 3340 καὶ
1687 3286 1823 3359 πρό-

244 3377 428 3447 θυμον.
463 3370 676 3431 Οὐκοῦν
718 3375 878 3440 αὐτός
915 3376 1065 3429 ἐστιν
1107 3377 1140 3448 ή
1182 3375 1428 3448 ἀλήθεια,
1482 3377 1645 3448 αὐτός
1678 3379 1825 3433 ἐστιν

239 3470 271 3539 η
299 3469 437 3533 ὁδὸς,
488 3467 633 3522 τοῦτ’
663 3468 835 3535 ἐστιν,
866 3470 894 3522 ὁ
928 3468 1136 3540 ἀληθὴς
1163 3471 1264 3541 τῆς
1288 3470 1527 3534 πίστεως
1553 3470 1699 3541 ὄρος.
1732 3468 1825 3524 καὶ

241 3560 268 3612 ό
287 3559 386 3631 τῆς
417 3559 695 3625 ἀπλανοῦς
730 3561 861 3632 περὶ
892 3560 1026 3615 Θεοῦ
1073 3561 1379 3633 διαλήψεως
1423 3562 1603 3616 κανών
1634 3580 1694 3616 τε
1727 3561 1825 3615 καὶ

244 3650 476 3724 στάθμη.
527 3653 889 3716 Πιστεύοντες
929 3655 1040 3726 γὰρ
1086 3655 1167 3717 είς
1221 3654 1348 3709 Υἱὸν
1398 3654 1637 3724 ἀληθῶς,
1678 3653 1823 3708 τοῦτ’

244 3742 404 3807 ἔστιν,
435 3743 499 3807 ἐξ
535 3744 708 3813 αὐτῆς
751 3744 1082 3814 γεννηθέντα
1108 3743 1208 3817 τῆς
1237 3744 1425 3807 οὐσίας
1447 3743 1540 3799 τοῦ
1567 3743 1701 3799 Θεοῦ
1730 3745 1824 3798 καὶ

243 3835 476 3906 Πατρὸς,
513 3836 575 3889 οὐ
614 3834 787 3900 νόθον,
810 3835 869 3888 οὐ
900 3835 1267 3907 ψευδώνυμον,
1302 3836 1417 3890 ἀλλ’
1448 3835 1567 3889 οὐδὲ
1601 3836 1821 3906 κτίσμα,

241 3924 537 3997 ἧποίημα,
577 3925 640 3980 τὸ
671 3928 773 3998 τῆς
814 3925 1049 3999 ἀληθοῦς
1098 3926 1336 3990 πίστεως
1395 3926 1824 3999 περικεισόμεθα

242 4019 523 4091 καύχημα.
567 4019 626 4073 '0
656 4019 766 4091 γάρ
799 4021 879 4084 είς
908 4019 1035 4073 Υἰδν
1063 4019 1510 4091 παραδεξάμενος
1550 4018 1642 4072 τὸν
1673 4018 1822 4082 Υἱὸν,

242 4112 612 4183 διωμολόγηκε
652 4114 873 4173 πάντως
925 4112 1019 4167 καὶ
1072 4112 1165 4167 τὸν
1224 4112 1285 4177 ἐξ
1325 4106 1495 4183 οὗπερ
1544 4111 1682 4175 ἐστι,
1732 4110 1826 4165 καὶ

250 4204 468 4275 Πατέρα
498 4205 591 4259 τὸν
613 4204 746 4258 Θεὸν
780 4200 890 4259 οἶδέ
915 4221 976 4258 τε
1025 4204 1118 4258 καὶ
1145 4203 1379 4273 δέξεται.
1410 4204 1580 4269 Αὐτὸς
1607 4220 1827 4275 τοιγαρ-

245 4295 334 4350 οῦν
363 4297 397 4367 ὴ
420 4295 651 4367 ἀλήθειά
677 4298 848 4362 ἐστιν,
875 4296 1037 4360 αὐτός
1060 4297 1208 4350 ἐστιν
1235 4299 1268 4367 ὴ
1297 4295 1410 4369 ζωή
1432 4313 1446 4329 ο
1485 4297 1545 4350 οὐ
1575 4297 1682 4367 γάρ
1703 4296 1825 4351 ’ἐτε-

248 4405 336 4460 ρος
362 4391 499 4460 ἡμῖν
526 4390 968 4461 ἀποκαταστήσει
1006 4388 1105 4459 τὴν
1142 4390 1202 4442 ὲν
1234 4388 1415 4443 ἐλπίσι
1442 4388 1609 4459 ζωὴν,
1639 4388 1737 4460 τὴν
1764 4389 1823 4440 ὲν

246 4480 521 4552 ἀφθαρσίᾳ
557 4480 825 4552 δηλονότι,
857 4482 950 4534 καὶ
976 4480 1362 4552 μακαριότητι,
1402 4480 1497 4534 καὶ
1525 4479 1780 4550 ἁγιασμῷ
1810 4495 1824 4509 ⁸

1930 3275 2209 3332 credimus
2252 3274 2309 3327 in
2355 3270 2557 3325 Filium
2579 3307 2596 3333 ,
2639 3266 2696 3322 id
2726 3273 2811 3321 est
2850 3265 2905 3319 in
2940 3279 3066 3319 eum
3106 3264 3200 3333 qui
3230 3277 3298 3317 ex
3324 3260 3420 3316 Dei
3449 3275 3515 3315 ac

1925 3367 2108 3424 Patris
2157 3366 2381 3436 genitus
2429 3370 2515 3418 est
2558 3360 2891 3423 substantia,
2936 3371 3048 3410 non
3089 3354 3362 3425 spuriunt,
3401 3367 3514 3407 non

1927 3460 2070 3516 falso
2097 3458 2440 3513 nominatum
2462 3494 2479 3519 ,
2518 3453 2615 3510 sed
2651 3466 2830 3521 neque
2861 3455 3180 3503 creaturam
3211 3452 3304 3499 aut
3335 3444 3514 3499 factu-

1926 3568 2042 3608 ram
2084 3565 2228 3606 νει-ιε
2259 3548 2378 3604 ﬁdei
2420 3547 2593 3617 gloria
2640 3542 2985 3599 ornabimus.
3016 3537 3152 3594 Nam
3187 3537 3280 3608 qui
3309 3534 3512 3590 Filium

1925 3645 1981 3700 in
2009 3657 2140 3698 vero
2172 3637 2493 3713 signiﬁcatu
2538 3636 2790 3707 ceperit,
2826 3634 3030 3688 fatetur
3058 3632 3251 3701 utique
3285 3639 3342 3685 et
3385 3642 3514 3683 eum

1924 3753 1995 3793 ex
2017 3751 2128 3807 quo
2156 3741 2282 3800 est,
2317 3731 2654 3800 Patremque
2700 3726 2871 3781 Deum
2911 3724 3165 3795 agnoscit
3211 3730 3266 3778 et
3312 3720 3512 3776 credit.

1925 3829 2047 3901 Ipse
2070 3830 2290 3899 itaque,
2324 3825 2535 3881 veritas
2567 3831 2651 3877 est
2671 3860 2687 3886 ,
2718 3821 2841 3890 ipse
2870 3825 2954 3873 est
2981 3816 3094 3872 vita
3123 3833 3136 3870 :
3171 3828 3335 3870 nemo
3365 3812 3514 3868 enim

1924 3926 2094 3981 vitam
2138 3936 2301 3993 quam
2358 3931 2647 3989 speramus
2685 3910 3102 3982 incorruptione
3149 3907 3413 3962 nimirum
3460 3914 3515 3961 et

1924 4012 2270 4071 beatitudine
2329 4023 2396 4064 ac
2451 4003 2888 4061 sanctiﬁcatione
2945 4004 3289 4054 constantem
3354 3996 3515 4051 nobis

1927 4113 2125 4179 praeter
2159 4117 2283 4159 eum
2322 4100 2582 4156 restituet
2614 4114 2628 4150 :
2675 4095 2796 4164 ipse
2821 4091 2970 4148 enim
3000 4105 3104 4146 nos
3132 4089 3408 4154 suscitat,
3458 4093 3513 4141 et

1927 4178 2019 4271 qui
2050 4194 2250 4252 mortui
2277 4206 2471 4248 sumus
2499 4196 2724 4260 propter
2752 4193 2912 4241 vetus
2941 4182 3325 4243 maledictum,
3355 4180 3425 4271 ad
3457 4178 3512 4233 id

1928 4264 2072 4361 quod
2105 4284 2263 4341 initio
2292 4294 2537 4342 eramus,
2561 4276 2747 4331 denuo
2777 4271 3084 4328 revocabit.
3105 4266 3305 4322 Omnia
3343 4264 3516 4361 igitur

1929 4353 2093 4436 nobis
2124 4377 2181 4431 in
2212 4374 2335 4445 ipso
2356 4409 2372 4434 ,
2401 4377 2457 4425 et
2487 4382 2586 4438 per
2616 4366 2801 4435 ipsum
2830 4360 3095 4432 praeclara
3124 4365 3288 4426 atque
3312 4353 3515 4409 eximia

1930 4480 1984 4530 et
2012 4470 2344 4529 exstiterunt
2368 4463 2505 4534 jam,
2541 4466 2597 4516 et
2629 4473 2798 4530 porro
2831 4453 3150 4511 exstabunt.
3188 4448 3295 4505 Sed
3317 4447 3515 4504 obser-

249 4540 407 4637 αῦτὺς
438 4540 549 4645 γάρ
581 4540 728 4645 ημᾶς
761 4540 988 4643 ἐγείρει,
1013 4574 1108 4627 καὶ
1131 4540 1363 4641 νεκροὺς
1388 4540 1709 4642 γεγονότας,-
1737 4540 1826 4627 όιά

1932 4582 1999 4623 va
2023 4604 2038 4630 ,
2072 4575 2260 4633 quaeso
2281 4600 2296 4625 ,
2336 4571 2504 4628 quam
2559 4560 2686 4623 apte
2726 4548 2791 4603 ad
2825 4544 3170 4617 propositum
3212 4542 3318 4597 ista
3350 4540 3521 4610 perti-

246 4666 342 4737 τὴν
369 4666 605 4739 ἀρχαίαν
652 4668 813 4737 ἀρὰν,
848 4666 1171 4737 ἀνακομίσει
1199 4666 1362 4720 πάλιν
1394 4667 1473 4729 είς
1518 4665 1656 4737 ὅπερ
1685 4661 1825 4737 ἦμεν

246 4759 304 4812 ἐν
323 4760 540 4830 ἀρχαῖς.
573 4757 826 4812 ’Δτιαντα
845 4757 1026 4811 τοίνυν
1056 4759 1187 4829 ημῖν
1214 4758 1272 4810 ὲν
1300 4755 1470 4827 αὐτῷ,
1499 4758 1594 4811 καὶ
1632 4758 1699 4812 δι’
1731 4758 1827 4810 αὺ-

239 4853 338 4908 τοῦ
369 4853 438 4906 τὰ
468 4851 734 4905 κάλλιστά
764 4868 825 4904 τε
854 4851 949 4904 καὶ
989 4849 1244 4921 ἐξαίρετα
1274 4849 1487 4920 πέφηνέ
1514 4866 1573 4902 τε
1607 4849 1707 4922 ήδη
1734 4850 1829 4903 καὶ

240 4948 559 5019 γενήσεται.
597 4947 706 5003 Καὶ
734 4946 837 5016 δρα
865 4962 958 5017 μοι
984 4944 1167 5011 πάλιν,
1204 4944 1372 5016 ὅτιτῇ
1394 4945 1503 4998 τῶν
1528 4944 1828 5016 προκειμέ-

242 5057 351 5093 νων
399 5038 608 5109 θεωρίᾳ.
651 5037 786 5090 πολὺ
833 5037 900 5109 δὴ
942 5037 1168 5108 πρέπων
1214 5037 1361 5090 ἐστὶν
1403 5039 1432 5091 ὁ
1465 5035 1835 5109 περὶτούτων

239 5132 425 5200 λόγος.
471 5127 869 5193 Ἐνδοιὰζοντός
920 5146 978 5183 τε
1012 5130 1119 5200 γὰρ
1167 5128 1248 5183 ἔτι
1291 5127 1387 5181 τοῦ
1420 5128 1686 5200 μαθητοῦ,
1740 5128 1839 5183 καὶ

241 5226 555 5293 φάσκοντος
575 5264 590 5289 ,
638 5242 657 5275 ι
693 5223 817 5288 Πῶς
847 5223 1068 5292 οἴδαμεν
1103 5221 1203 5294 τὴν
1233 5221 1382 5289 ὁδόν;
1414 5240 1435 5273 ι
1470 5222 1558 5276 διά
1590 5221 1837 5293 βραχέων

238 5315 470 5381 ἔδειξεν,
506 5316 583 5380 ὡς
611 5316 845 5387 ἐπείπερ
876 5315 1067 5368 εἰδεῖεν
1097 5313 1205 5369 τῶν
1243 5315 1325 5378 είς
1347 5314 1409 5367 τὸ
1450 5314 1561 5369 ἄνω
1588 5312 1835 5383 διακομί-

235 5409 358 5473 ζειν
405 5406 703 5462 ὲθελόντων
743 5406 963 5477 ἀγαθῶν
1003 5405 1178 5459 αἴτιόν
1223 5422 1282 5459 τε
1313 5406 1408 5460 καὶ
1440 5405 1695 5477 χορηγὸν,
1738 5405 1835 5458 καὶ

234 5500 518 5572 πρύτανιν
552 5499 820 5573 ὑπάρχειν
862 5498 1044 5563 αὑτὸν,
1081 5498 1297 5562 οὐδενὸς
1323 5498 1507 5562 αὐτοῖς
1547 5498 1628 5551 ἐτι
1651 5498 1833 5570 δεήσει

234 5592 385 5662 πρὸς
414 5591 477 5644 τὸ
503 5590 704 5644 εἰδέναι
726 5591 826 5662 τὴν
859 5591 997 5646 ὁδόν.
1035 5590 1257 5662 Ἐπειδὴ
1291 5591 1348 5646 δὲ
1378 5589 1554 5662 τούτῳ
1593 5591 1832 5662 συνῆπτε

233 5685 318 5746 τὸ,
359 5672 621 5744 ι⁶οὐδεὶς
672 5680 891 5753 ἔρχεται
943 5682 1081 5755 πρὸς
1131 5682 1223 5735 τὸν
1267 5680 1507 5753 Πατέρα,
1552 5682 1601 5735 εἰ
1649 5680 1725 5753 μὴ
1767 5680 1834 5734 δι’

235 5775 404 5847 ἰμοῦ.
443 5793 464 5827 ι
499 5774 633 5847 φέρε
659 5773 724 5845 δή
750 5791 803 5828 τι
850 5775 942 5831 καὶ
974 5774 1110 5845 πρὸς
1140 5773 1274 5831 αὐτὸ
1304 5773 1572 5846 λέγωμεν,
1600 5773 1710 5830 τῶν
1725 5774 1835 5846 ’ρη-

302 5869 353 5902 ⁸⁸
376 5866 553 5924 ιενὶι.
579 5883 693 5937 xrx,
722 5867 775 5923 2.

1932 4663 2120 4713 neant.
2166 4650 2493 4719 Ambigente
2520 4643 2725 4714 quippe
2757 4640 3057 4694 etiamnum
3087 4634 3361 4704 discipulo
3394 4672 3408 4695 ,
3453 4646 3520 4687 ac

1929 4752 2165 4808 dicente,
2201 4761 2221 4796 ι
2260 4738 2552 4808 Quomodo
2585 4747 2884 4806 possumus
2917 4730 3065 4785 viam
3094 4727 3287 4784 scire?
3317 4745 3337 4779 ι
3380 4740 3521 4795 pau—

1930 4842 2013 4898 cis
2050 4834 2295 4894 ostendit
2319 4872 2335 4898 ,
2371 4829 2523 4901 quod
2548 4828 2596 4884 si
2621 4829 2831 4883 scirent
2855 4823 3127 4879 bonorum
3156 4834 3284 4889 quae
3310 4818 3378 4871 ad
3407 4830 3521 4901 cu:-

1930 4892 2016 4987 is;
2062 4892 2716 4999 perducunt'auctorem
2764 4929 2826 4970 se
2879 4918 2934 4971 et
2990 4909 3309 4979 largitorem
3353 4892 3525 4973 atque

1935 4996 2346 5080 distributorem
2378 5027 2502 5069 esse
2526 5049 2541 5075 ,
2577 5007 2850 5076 nihiljam
2883 5005 2966 5061 eis
2998 5001 3068 5057 ad
3106 5000 3212 5056 viae
3246 4996 3521 5068 cognitio-

1938 5132 2061 5175 nem
2098 5113 2333 5168 deesset.
2372 5104 2514 5172 Quia
2556 5116 2689 5159 vero
2733 5099 2863 5155 huic
2913 5096 3241 5168 subjunxit,
3292 5110 3312 5144 ι
3345 5088 3522 5145 Nemo

1937 5207 2091 5265 venit
2122 5203 2192 5259 ad
2224 5199 2445 5255 Patrem
2471 5236 2488 5260 ,
2540 5193 2648 5250 nisi
2698 5206 2797 5264 per
2844 5206 2970 5246 me:
3032 5206 3052 5239 ι
3098 5184 3333 5256 agedum
3363 5189 3421 5237 et
3449 5180 3517 5236 ad

1940 5301 2077 5357 illud
2107 5288 2306 5355 eorum
2354 5306 2477 5363 quae
2525 5289 2632 5345 dici
2675 5286 2879 5342 debent
2904 5280 3163 5354 quiddam
3192 5277 3517 5340 afferamus,

1939 5393 2096 5466 prius
2135 5386 2478 5458 inquirentes
2514 5377 2792 5451 quomodo
2822 5375 2891 5429 ad
2930 5372 3148 5428 Patrem
3181 5372 3303 5442 quis
3332 5370 3518 5429 vadat.

1940 5464 2165 5544 Duobus
2186 5482 2354 5552 igitur
2385 5476 2563 5532 modis
2589 5472 2657 5527 ad
2686 5485 2811 5526 eum
2834 5466 3190 5540 pervenimus
3219 5485 3233 5521 :
3265 5473 3359 5521 aut
3374 5464 3519 5520 enim

1941 5578 2122 5639 sancti
2166 5572 2349 5631 eﬁ'ecti
2396 5573 2668 5640 quantum
2714 5561 2821 5619 fert
2864 5569 3081 5617 natura:
3122 5561 3373 5616 humana:
3405 5570 3522 5612 me-

1941 5671 2213 5730 diocritas
2240 5706 2254 5732 ,
2300 5672 2563 5734 tanquam
2615 5663 2810 5714 sancto
2865 5654 2980 5712 Deo
3025 5653 3518 5726 conglutinamur:

1950 5790 1968 5826 ι
1994 5762 2184 5826 Sancti
2219 5757 2367 5818 enim
2402 5753 2578 5823 eritis,
2616 5750 2820 5823 inquit,
2854 5750 2986 5821 quia
3011 5763 3113 5822 ego
3133 5751 3356 5804 sanctus
3378 5739 3458 5805 ‘l;
3495 5755 3550 5803 ι,
