4042 6204
446 246 540 301 ίἭ

1436 247 1474 302 S
1543 247 1812 305 CYIULLI
1853 247 2327 304 ALEXANDRINI
2363 248 2682 305 ARCHIEP.

3608 244 3711 298 19?.

438 378 534 423 aut
579 369 645 422 ad
706 367 884 423 I’atris
940 369 1312 438 cognitionem
1364 387 1488 440 qua:
1529 370 1631 426 ﬁdo
1670 381 1723 427 et
1770 382 2019 426 contem-

2136 373 2382 443 ὶήσεσθαι
2433 371 2773 442 μελλόντων,
2829 369 3006 420 ἐκεῖνο
3053 362 3581 436 προερευνήσαντες,
3651 361 3718 414 τὸ

437 462 674 532 plationc
720 461 882 530 769
921 469 1138 516 constat
1166 460 1438 525 vadimus,
1471 478 1592 532 qua:
1623 464 1770 518 velut
1804 464 1858 517 in
1891 480 2019 534 spe-

437 553 564 607 culo
593 561 676 606 est
699 562 753 604 et
781 551 1092 620 aenigmate,
1117 552 1262 604 sicut
1285 552 1556 621 scriptum
1585 561 1672 608 est
1691 555 1758 608 ⁸⁵.
1790 553 1896 607 Sed
1923 569 2022 608 nec

439 652 665 700 sanctus
692 643 816 712 quis
849 657 1090 711 unquam
1121 641 1289 696 fuerit
1315 682 1329 704 ,
1379 645 1487 698 nisi
1516 661 1640 699 eum
1677 661 1904 715 prorsus
1930 646 2024 702 de-

438 739 675 792 ducen-te
710 734 931 790 Christo
955 775 968 798 ,
1013 750 1114 788 nec
1153 735 1256 802 ipsi
1293 734 1405 791 Deo
1440 753 1504 790 ac
1539 736 1685 792 Patri
1723 736 2025 808 conjunge-

437 839 548 893 tur,
576 828 680 882 nisi
714 826 986 880 mediante
1009 826 1235 881 Christo
1267 845 1280 881 :
1317 827 1592 884 mediator
1617 830 1762 883 enim
1804 841 1889 885 est
1930 829 2023 885 Dei

438 930 494 973 et
527 919 812 973 hominum
837 919 881 949 “
916 933 1012 987 per
1042 919 1289 988 scipsum
1317 963 1331 985 ,
1383 928 1436 974 et
1467 920 1520 973 in
1557 920 1741 992 seipso
1775 921 2027 974 humani-

441 1024 607 1067 tatem
645 1011 757 1067 Deo
785 1011 1148 1081 conjungens.
1179 1010 1248 1065 Ut
1277 1012 1421 1066 enim
1456 1012 1638 1068 editus
1662 1028 1725 1067 ex
1768 1014 2027 1067 substan-

443 1105 516 1157 tia
550 1103 643 1157 Dei
679 1117 743 1156 ac
770 1101 974 1164 Patris,
1010 1113 1282 1170 quatenus
1315 1100 1554 1156 Verbum
1585 1112 1670 1156 est
1695 1141 1709 1164 ,
1742 1117 1806 1155 ac
1845 1098 2029 1171 splen-

443 1197 544 1250 dor
571 1237 585 1260 ,
617 1203 672 1250 et
721 1196 1006 1249 character
1044 1195 1110 1260 ⁸⁷,
1147 1208 1317 1247 unum
1359 1201 1444 1249 est
1489 1208 1617 1246 cum
1668 1192 1829 1246 Patre
1882 1200 2029 1247 totus

444 1287 720 1343 cxsistens
752 1287 805 1340 in
834 1287 1014 1355 seipso
1043 1329 1057 1352 ,
1098 1292 1153 1339 et
1182 1285 1359 1354 ipsum
1392 1285 1602 1339 habens
1643 1285 1698 1338 in
1727 1284 1910 1354 seipso
1933 1285 1978 1316 ⁵⁸
2013 1303 2026 1338 :

443 1384 722 1446 quatenus
784 1383 964 1428 autem
1021 1373 1202 1428 factus
1249 1382 1334 1428 est
1389 1373 1554 1428 homo
1603 1373 1768 1428 sicuti
1833 1389 1935 1429 nos
1962 1373 2029 1441 θ’,

444 1483 636 1523 exsors
688 1475 869 1521 tamen
913 1466 1120 1536 peccati
1171 1465 1494 1520 hominibus
1530 1465 1894 1535 conjungitur
1921 1509 1935 1532 ,
1978 1473 2032 1520 et

448 1558 861 1613 interliminium
909 1557 1079 1612 veluti
1127 1554 1406 1626 quoddam
1458 1553 1661 1609 factum
1711 1565 1826 1620 est,
1855 1555 2032 1609 conti-

445 1667 584 1705 nens
618 1651 675 1704 in
710 1651 893 1718 scipso
922 1664 1045 1718 quae
1084 1648 1151 1701 ad
1181 1648 1447 1701 unitatem
1485 1654 1540 1701 et
1571 1645 1867 1700 amicitiam
1897 1663 2027 1701 con~

2126 466 2243 528 πῶς
2270 464 2335 518 ἄν
2365 481 2450 526 τις
2485 464 2554 515 ίοι
2589 460 2726 531 πρὸς
2769 459 2858 512 τὸν
2890 457 3129 526 Πατέρα.
3185 452 3489 525 Ἐρχόμεθα
3533 453 3719 508 τοίνυν

2125 557 2266 610 κατὰ
2299 556 2392 608 δύο
2439 553 2693 626 τρόπους·
2723 551 2756 622 ἢ
2785 551 2892 620 γὰρ
2946 549 3090 618 ἆγιοι
3137 546 3420 615 γεγονότες
3456 546 3601 600 κατά
3649 563 3718 614 γε

2125 650 2185 703 τὸ
2207 649 2414 722 πρέπον
2441 649 2508 718 τῇ
2530 645 2908 718 ὰνθρωπὸτητι
2937 642 3156 715 μέτρον,
3183 641 3256 704 ὡς
3283 640 3420 710 ἁγίῳ
3444 639 3563 711 Θεῷ
3585 639 3716 692 κολ-

2125 738 2365 809 λώμεθα·
2398 758 2416 790 ι
2460 737 2642 805 ’Ἅγιοι
2666 737 2775 805 γὰρ
2797 731 3005 789 ἔσεσθε.
3037 733 3223 802 φησὶν,
3255 732 3336 783 ὅτι
3360 731 3472 800 ἐγὼ
3495 731 3708 800 ἆγιος’›

2125 833 2292 902 ἤγουν
2321 830 2412 884 ἐπὶ
2451 828 2551 899 τὴν
2582 826 2676 880 τοῦ
2703 825 2916 898 Πατρὸς
2949 824 3152 892 γνῶσιν
3184 823 3282 893 τὴν
3307 823 3383 887 ὡς
3436 825 3493 876 ἐν
3533 817 3716 876 τὶίστει

2127 924 2222 976 καὶ
2263 921 2466 992 θεωρίᾳ
2493 920 2802 991 βαδίζομεν,
2839 921 2904 988 τῇ
2941 916 3016 980 ὡς
3041 919 3098 970 ἐν
3137 916 3387 986 ἐσόπτρῳ
3423 916 3516 968 καὶ
3544 915 3720 982 αίνίγ-

2133 1032 2282 1086 ματι,
2322 1013 2465 1066 καθὰ
2490 1013 2819 1085 γέγραπται.
2875 1010 3014 1062 Ἀλλ’
3047 1010 3146 1062 οὐκ
3190 1011 3254 1064 ἄν
3301 1026 3384 1073 τις
3435 1009 3589 1077 ἆγιος
3629 1009 3716 1076 εἴη

2131 1105 2283 1168 ποτὲ,
2331 1106 2425 1158 καὶ
2461 1104 2549 1157 διὰ
2582 1103 2853 1166 πολιτείας
2887 1103 3006 1172 ἣξει
3052 1101 3154 1170 τῆς
3196 1101 3316 1154 κατ’
3365 1101 3588 1172 ἀρετὴν,
3640 1103 3717 1171 μὴ

2130 1197 2249 1266 οὐχὶ
2282 1194 2639 1264 ποδηγοῦντος
2664 1192 2826 1246 αὐτὸν
2855 1192 2934 1254 εἰς
2961 1190 3176 1244 ἅπαντα
3199 1191 3292 1244 τοῦ
3319 1189 3578 1260 Χριστοῦ,
3607 1186 3721 1242 of»?

2133 1287 2200 1340 ἂν
2239 1285 2389 1356 αὐτῷ
2423 1285 2746 1338 συνάπτοιτο
2775 1281 2853 1353 τῷ
2907 1280 3026 1351 Θεῷ
3082 1281 3177 1334 καί⁵
3229 1281 3429 1352 Πατρῖ,
3478 1281 3553 1350 μὴ
3596 1280 3721 1351 οὐχὶ

2135 1378 2354 1439 πάντως
2378 1373 2752 1446 μεσιτεύοντος
2782 1373 2874 1426 τοῦ
2902 1371 3163 1442 Χριστοῦ
3194 1372 3424 1442 μεσίτης
3458 1371 3567 1441 γάρ
3597 1372 3718 1423 ἐστι

2132 1471 2268 1525 Θεοῦ
2310 1471 2405 1526 καὶ
2443 1467 2766 1540 ἀνθρώπων,
2797 1465 2865 1520 δι’
2909 1462 3128 1529 ἐαυτοῦ,
3159 1463 3254 1516 καὶ
3295 1465 3352 1515 ἐν
3393 1460 3542 1532 αὑτῷ
3598 1477 3721 1514 συν·

2133 1565 2321 1619 ἀπτων
2355 1562 2454 1635 τὴν
2497 1560 2895 1634 άνθρωπότητα
2928 1557 3006 1628 τῷ
3035 1555 3175 1627 Θεῷ.
3239 1555 3326 1618 Ὠς
3355 1554 3448 1624 μὲν
3479 1552 3586 1625 γὰρ
3626 1555 3722 1606 ἐκ·

2135 1656 2398 1727 πεφυκὼς
2425 1656 2525 1726 τῆς
2563 1653 2751 1716 οὐσίας
2782 1650 2876 1704 τοῦ
2909 1648 3044 1703 Θεοῦ
3077 1649 3174 1701 καὶ
3209 1645 3445 1717 Πατρὺς,
3548 1643 3721 1714 Λόγος

446 1750 700 1795 currunt.
740 1739 912 1794 Nemo
945 1741 1113 1810 igitur
1161 1737 1228 1792 ad
1276 1738 1492 1794 Patrem
1527 1739 1746 1804 veniet,
1803 1738 1907 1792 hoc
1947 1747 2032 1793 est

2136 1747 2273 1812 tari,
2307 1748 2402 1801 καὶ
2440 1745 2804 1814 ἀπαύγασμα,
2852 1741 2948 1794 καὶ
2993 1738 3300 1810 χαρακτὴρ,
3341 1737 3401 1790 ἐν
3428 1737 3545 1788 ἐστι
3583 1734 3722 1805 πρὸς

447 1833 644 1887 divinae
671 1846 906 1887 consors
939 1831 1030 1886 lict
1058 1840 1273 1885 natura!
1295 1831 1364 1897 "°,
1401 1830 1508 1884 nisi
1536 1845 1636 1900 per
1660 1829 1839 1886 solum
1871 1827 2033 1884 Chri-

445 1934 614 1980 stum.
646 1924 764 1981 Nisi
793 1926 938 1980 enim
978 1923 1156 1978 factus
1193 1924 1359 1977 homo
1388 1921 1747 1978 mediatorem
1789 1937 1849 1977 se
1888 1936 2025 1992 pra:-

449 2018 683 2082 buisset,
717 2033 1000 2086 nunquam
1032 2032 1096 2072 eo
1132 2015 1413 2070 felicitatis
1469 2014 1710 2084 provecti
1745 2027 1995 2069 essemus
2016 2055 2031 2079 ,

450 2110 547 2165 sed
589 2120 641 2165 ct
677 2110 724 2165 si
762 2110 888 2179 quis
938 2109 1006 2163 ad
1065 2107 1325 2174 Patrem,
1369 2122 1468 2177 per
1517 2105 2034 2175 contemplationem

453 2202 573 2256 ﬁdei
609 2201 904 2267 videlicet,
949 2211 1004 2254 et
1041 2199 1186 2269 piam
1229 2199 1598 2269 cognitionem
1641 2197 1892 2263 venerit,
1941 2211 2036 2266 per

452 2291 631 2356 ipsum
660 2289 852 2344 itidem
871 2292 1218 2344 Servatorem
1248 2297 1500 2343 nostrum
1527 2287 1806 2342 Christum
1832 2289 2035 2342 veniet.

451 2382 608 2447 Quod
638 2382 784 2436 enim
821 2382 984 2436 modo
1027 2381 1278 2436 dicebam
1309 2423 1324 2446 ,
1377 2387 1624 2449 repetam
1661 2381 1840 2433 denuo
1867 2421 1880 2444 ,
1910 2393 2038 2432 cum

451 2474 561 2525 alia
611 2488 720 2528 non
758 2475 830 2528 sit
872 2472 1297 2542 philosophandi
1330 2473 1492 2526 ratio.
1532 2470 1590 2525 Si
1621 2472 1746 2540 quis
1779 2470 1922 2525 enim
1953 2469 2041 2523 Fi-

452 2562 587 2616 lium
619 2568 678 2616 ut
705 2577 828 2617 vere
847 2555 1057 2615 Filium
1084 2561 1337 2629 suscipit,
1374 2561 1422 2616 is
1455 2560 1522 2614 ad
1553 2561 1918 2632 cognitionem
1944 2560 2040 2614 Dei

452 2669 516 2708 ac
543 2652 722 2709 Patris
752 2653 1027 2708 ascendit.
1063 2652 1174 2708 Nec
1200 2654 1347 2709 enim
1376 2652 1650 2708 exsisterc
1684 2651 1852 2706 Filius
1875 2653 2036 2706 intel-

452 2744 640 2812 ligitur
660 2786 675 2809 ,
706 2744 812 2797 nisi
847 2744 1076 2798 omnino
1103 2745 1264 2796 simul
1301 2743 1648 2814 intelligatur
1676 2743 1725 2798 is
1759 2758 1790 2796 a
1819 2757 1928 2812 quo
1956 2750 2042 2797 est

452 2832 691 2903 genitus.
723 2831 980 2901 COgnitio
1013 2833 1286 2899 siquidem
1318 2832 1444 2886 Filii
1478 2848 1602 2886 cum
1633 2831 1813 2888 Patris
1853 2833 2043 2903 cogni-

457 2926 606 2978 tione
627 2923 929 2987 concurrit,
967 2923 1142 2978 Patris
1161 2940 1289 2978 vero
1311 2926 1552 2995 cognitio
1569 2941 1692 2980 cum
1731 2925 2044 2996 cognitione

2130 1839 2222 1894 τὸν
2251 1839 2494 1908 Πατέρα,
2528 1837 2650 1900 ὅλος
2688 1834 2766 1888 ὢν
2797 1835 2855 1887 ἐν
2884 1831 3083 1902 ἐαυτῷ,
3114 1829 3210 1884 καὶ
3265 1828 3402 1899 ἔχων
3451 1826 3614 1881 αὑτὸν
3663 1827 3728 1880 ἐν

2132 1929 2330 2001 ἐαυτῷσ
2436 1929 2494 1982 δὲ
2531 1927 2755 1996 γέγονεν
2783 1919 3069 1994 ἄνθρωπος
3113 1919 3238 1974 καθ’
3265 1921 3432 1990 ἡμᾶς,
3469 1918 3594 1988 δίχα
3623 1917 3726 1988 τῆς

2131 2023 2290 2093 ἡμῶν
2322 2021 2596 2092 ἁμαρτίας
2647 2017 2977 2071 συνάπτεται
3031 2017 3141 2078 τοῖς
3187 2014 3280 2066 ἐπὶ
3338 2012 3440 2082 τῆς
3466 2011 3589 2081 γῆς,
3624 2009 3723 2064 καὶ

2138 2109 2386 2181 μεθόριον
2419 2109 2608 2179 ὥσπερ
2625 2125 2676 2160 τι
2708 2106 2919 2176 γέγονε,
2950 2105 3188 2174 συνέχων
3211 2104 3268 2156 ἐν
3298 2100 3473 2172 ἐαυτῷ
3498 2101 3567 2153 τὰ
3589 2099 3726 2172 πρὸς

2136 2201 2362 2272 ἑνότητα
2429 2199 2524 2254 καὶ
2573 2199 2756 2268 φιλίαν
2819 2197 3316 2268 συνδεδραμηκότα.
3386 2193 3576 2254 Οὐδεὶς
3629 2187 3726 2244 οῦν

2135 2292 2254 2362 ἥξει
2285 2292 2420 2364 πρὸς
2443 2291 2533 2345 τὸν
2566 2289 2807 2361 Πατέρα,
2835 2288 2978 2342 τοῦτ’
3005 2287 3142 2354 ἐστι,
3169 2287 3320 2350 θείας
3341 2282 3728 2353 άναδειχθήσε-

2135 2403 2223 2439 ται
2258 2385 2473 2454 φύσεως
2519 2383 2792 2446 κοινωνὸς,
2825 2384 2872 2435 εί
2921 2382 2994 2453 μὴ
3043 2381 3132 2435 διὰ
3160 2378 3397 2452 Χριστοῦ
3439 2377 3618 2448 μόνου.
3661 2375 3730 2427 El

2139 2476 2215 2548 μὴ
2255 2475 2364 2545 γὰρ
2394 2474 2714 2546 ἐμεσίτευσε
2752 2475 3043 2544 γενόμενος
3075 2472 3380 2544 ἄνθρωπος,
3421 2470 3520 2523 οὐκ
3551 2468 3618 2522 ἂν
3645 2468 3730 2530 είς

2141 2567 2298 2621 τοῦτο
2335 2567 2740 2638 μακαριότητος
2772 2564 2986 2637 atpoqu
3023 2565 3092 2618 τὰ
3121 2565 3244 2618 καθ’
3268 2566 3435 2633 ἡμᾶς,
3459 2560 3593 2614 ἀλλά
3632 2560 3731 2612 καὶ

2145 2657 2302 2722 εἴτις
2327 2657 2395 2711 ῖοι
2425 2657 2560 2728 πρὸς
2585 2657 2675 2710 τὸν
2706 2657 2926 2729 Πατέρα
2949 2656 3037 2709 διὰ
3068 2654 3321 2729 θεωρίας,
3341 2653 3436 2723 τῆς
3464 2653 3520 2704 ἐν
3546 2651 3734 2703 πίστει

2146 2750 2311 2820 φημὶ,
2342 2749 2435 2802 καὶ
2457 2748 2658 2817 γνώσει
2695 2752 2761 2821 τῇ
2786 2749 2905 2803 κατ’
2933 2747 3238 2810 εὐσέϐειαν,
3267 2746 3334 2799 δι’
3366 2742 3528 2798 αὑτοῦ
3567 2741 3734 2795 πάλιν

2145 2841 2264 2912 ἥξει
2301 2840 2395 2894 τοῦ
2433 2841 2684 2912 Σωτῆρος
2731 2840 2888 2910 ἡμῶν
2918 2838 3180 2911 Χριστοῦ.
3215 2839 3395 2908 Ὅπερ
3448 2835 3558 2904 γὰρ
3595 2832 3735 2902 ἔφην

2145 2932 2367 3004 ἀρτίως,
2403 2931 2514 3002 ἐρῶ
2538 2932 2602 3003 δὴ
2631 2932 2811 3000 πάλιν,
2839 2931 2937 3002 οὐχ
2966 2931 3167 3000 ἑτέρως
3197 2929 3412 3000 ἔχοντος
3447 2926 3540 2980 τοῦ
3573 2925 3734 2992 λόγου

455 3014 601 3070 Filii.
665 3017 939 3081 Quocirca
967 3031 1102 3070 vere
1159 3017 1406 3086 loquitur
1436 3017 1722 3085 Dominus,
1775 3035 1898 3073 cum
1925 3020 1999 3073 ait
2027 3039 2036 3074 :

2147 3021 2324 3096 οἷμον.
2363 3024 2805 3096 Προσδεξάμενος
2827 3025 2935 3096 γάρ
2961 3041 3044 3088 τις
3078 3023 3168 3076 τὸν
3196 3022 3326 3075 Υίὸν
3347 3021 3427 3083 είς
3460 3018 3588 3072 Υίὸν
3607 3019 3739 3089 αλη-

461 3106 661 3163 «Νοιηο
681 3108 912 3162 venitad
932 3107 1166 3170 Patrem,
1189 3108 1294 3163 nisi
1320 3124 1413 3178 per
1446 3124 1585 3172 me,»
1622 3111 1749 3180 quia
1780 3113 2047 3169 naturalis

455 3215 508 3255 ct
536 3200 916 3255 substantialis
944 3200 1122 3270 imago
1149 3198 1242 3254 Dei
1260 3215 1324 3254 ac
1343 3200 1526 3256 Patris
1544 3211 1627 3257 est
1654 3201 1906 3271 Filius“,
1933 3219 2041 3259 non

459 3301 640 3347 autem
666 3300 722 3345 ut
754 3292 930 3346 visum
949 3298 1031 3345 est
1053 3291 1333 3349 nonnullis
1357 3293 1616 3348 ascititiis
1634 3294 2043 3363 dignationibus

461 3384 841 3439 conformatus
885 3391 971 3439 est
1017 3382 1085 3436 ad
1134 3399 1257 3436 eum
1288 3427 1303 3450 ,
1355 3400 1478 3438 cum
1515 3386 1718 3456 aliquid
1767 3387 1917 3442 aliud
1975 3389 2045 3444 ab

458 3491 526 3531 co
554 3476 854 3532 secundum
885 3475 1251 3530 substantiam
1278 3475 1621 3546 intelligatur
1659 3485 1713 3531 et
1745 3479 1838 3532 sit.

2157 3118 2284 3181 θῶς,
2325 3118 2418 3170 ἐπὶ
2439 3118 2539 3188 τὴν
2579 3116 2672 3170 τοῦ
2701 3117 2838 3171 Θεοῦ
2863 3118 2959 3170 καί
2984 3116 3196 3188 Πατρὸς
3229 3114 3482 3184 ἀφίξεται
3510 3111 3734 3181 γνῶσιν.

2141 3210 2278 3264 Οὐδέ
2326 3211 2435 3281 γὰρ
2475 3211 2601 3274 Υἱὸς
2645 3211 2911 3281 ὑπάρχειν
2956 3211 3148 3270 νοοῖτο,
3208 3207 3282 3279 μὴ
3349 3207 3470 3276 οὐχὶ
3519 3205 3739 3268 πάντως

2144 3303 2609 3374 συνεισδεχθέντος
2637 3303 2786 3374 αὐτῷ
2818 3305 2911 3356 τοῦ
2933 3303 3187 3366 τεκόντος
3203 3301 3384 3355 αὐτόν,
3418 3297 3739 3369 Συνειστρέ-

2143 3411 2226 3464 χει
2273 3395 2384 3466 γὰρ
2422 3395 2536 3466 Υἰῷ
2585 3395 2683 3466 μὲν
2710 3397 2744 3466 ἡ
2778 3396 2908 3467 περὶ
2951 3394 3164 3465 Πατρός
3213 3393 3440 3462 γνῶσις,
3474 3391 3649 3462 Πατρὶ
3679 3388 3739 3441 δέ

2145 3478 2212 3536 αὖ
2249 3483 2412 3537 πάλιν
2445 3486 2479 3553 ἠ
2507 3485 2638 3555 περὶ
2685 3483 2841 3538 Υίοῦ.
2885 3482 3096 3537 Οὐκοῦν
3135 3481 3343 3553 ἀληθὴς
3367 3483 3396 3534 ὁ
3422 3479 3624 3550 Κύριος
3652 3477 3742 3530 λέ-

462 3582 594 3636 γων·
644 3584 661 3614 ⁸
701 3565 891 3628 Οὐδεὶς
935 3564 1153 3636 ἔρχεται
1192 3565 1330 3634 πρὸς
1380 3565 1471 3618 τὸν
1514 3567 1754 3637 Πατέρα,
1813 3569 1861 3620 εί
1904 3567 1980 3637 μὴ
2030 3569 2096 3622 δι’
2134 3572 2289 3642 ἐμοῦ,
2335 3593 2352 3624 ι
2396 3573 2478 3627 ὅτι
2508 3574 2713 3646 φυσικὴ
2773 3575 2866 3628 καὶ
2909 3573 3172 3644 οὑσιὼδης
3237 3571 3400 3625 εἰκὼν
3464 3568 3559 3622 τοῦ
3596 3566 3735 3620 Θεοῦ

463 3655 558 3706 καὶ
604 3653 817 3724 Πατρός
874 3655 1018 3706 ἐστιν
1066 3655 1093 3706 ὁ
1146 3653 1306 3716 Υἱὸς,
1357 3653 1452 3707 καὶ
1506 3655 1566 3707 οὐ
1612 3656 1864 3726 καθάπερ
1913 3656 2060 3724 ἕδοξέ
2094 3679 2256 3727 τισιν,
2306 3666 2563 3727 ἐπακτοῖς
2614 3664 2890 3737 ἀξιώμασι
2936 3665 3294 3737 μεμόρφωται
3344 3662 3480 3734 πρὸς
3544 3656 3730 3713 αὑτὸν.

462 3744 649 3816 ἕτερόν
685 3761 736 3798 τι
782 3743 902 3798 κατ’
969 3744 1156 3797 οὐσίαν
1199 3744 1481 3815 ὑπάρχων,
1534 3745 1628 3798 καὶ
1683 3746 1994 3818 νοούμενος.

537 3837 677 3893 XIV.
721 3841 773 3893 7.
815 3838 876 3895 Si
925 3841 1306 3910 cognovissetis
1345 3857 1426 3894 me
1457 3884 1471 3906 ,
1507 3851 1558 3896 et
1608 3841 1829 3898 Patrem
1873 3861 2047 3899 meum

463 3932 643 4001 utique
675 3932 1071 4002 cognovissetis.
1413 3925 1422 3936 Χ

539 4023 894 4079 Existimabit
936 4024 1124 4081 forsan
1165 4026 1370 4097 aliquis
1413 4026 1593 4098 ipsum
1631 4037 1823 4084 contra
1859 4044 1919 4086 se
1953 4028 2048 4084 Fi-

468 4118 599 4170 lium
631 4115 926 4170 disserere.
971 4115 1081 4172 Sed
1121 4133 1232 4172 non
1275 4119 1348 4172 ita
1386 4135 1473 4174 res
1512 4127 1615 4175 est.
1641 4119 1753 4176 Nec
1781 4122 1927 4176 enim
1958 4137 2054 4176 va-

464 4225 594 4264 num
651 4207 857 4278 aliquid
898 4218 994 4263 aut
1033 4225 1503 4280 supervacaneum
1545 4227 1789 4283 unquam
1847 4221 2042 4283 protu-

2215 3847 2282 3899 Εί
2305 3847 2616 3916 ἐγνώκειτέ
2633 3866 2730 3918 με,
2755 3847 2855 3902 καὶ
2871 3847 2978 3901 τὸν
2993 3845 3223 3915 Πατέρα
3249 3863 3368 3915 μου
3414 3844 3492 3899 ἂν
3517 3844 3740 3913 ᾔδειτε.

2223 4026 2392 4081 Αὐτὸν
2448 4028 2515 4099 δὴ
2548 4028 2671 4084 καθ’
2712 4026 2907 4082 ἐαυτοῦ
2944 4027 3077 4096 φαίη
3110 4043 3196 4089 τις
3227 4024 3294 4079 ἂν
3329 4023 3460 4087 ἴσως
3505 4024 3601 4076 καὶ
3625 4025 3743 4095 οἰη-

2155 4117 2272 4188 θείη
2302 4119 2461 4190 τυχὸν
2489 4118 2832 4188 διαλέγεσθαι
2884 4118 2974 4171 τὸν
2999 4116 3150 4170 Υἱόν.
3179 4117 3332 4186 Ἔχει
3355 4114 3412 4167 δέ
3429 4114 3528 4185 οὐχ
3545 4113 3742 4176 οὕτως.

2161 4210 2236 4262 Οὐ
2282 4211 2391 4280 γὰρ
2441 4212 2506 4265 ἄν
2557 4229 2609 4264 τι
2655 4211 2762 4265 τῶν
2817 4210 3038 4264 είκαίων
3087 4207 3384 4278 ἐφθέγξατο
3423 4206 3520 4261 καὶ
3555 4224 3746 4277 περιτ-

465 4301 622 4362 .erit,
659 4301 886 4356 tametsi
924 4316 990 4357 ex
1029 4316 1096 4356 eo
1130 4303 1276 4371 quod
1325 4319 1435 4356 non
1485 4303 1780 4358 admodum
1831 4305 2036 4374 possinl

2158 4303 2286 4367 τῶν,
2320 4305 2368 4356 εί
2399 4306 2492 4358 καὶ
2529 4305 2610 4358 ὅτι
2659 4305 2894 4374 μάλιστα
2930 4302 3019 4357 διὰ
3043 4302 3103 4355 τὺ
3141 4301 3215 4372 μὴ
3249 4301 3457 4372 σφόδρα
3480 4298 3746 4353 δύνασθαί

464 4392 712 4445 nonnulli
749 4409 876 4462 qua:
913 4392 1174 4446 dicuntur
1217 4395 1483 4463 assequi,
1522 4397 1824 4452 utilissime
1864 4413 2045 4468 quan-

463 4483 642 4550 doque
683 4483 904 4550 repetit.
947 4482 1015 4534 Et
1057 4483 1278 4551 quidem
1318 4500 1426 4538 non
1469 4499 1663 4553 parum
1705 4503 1805 4543 nos
1838 4490 1928 4545 hic
1955 4491 2049 4560 ju-

462 4579 590 4636 vat,
629 4571 757 4625 dum
793 4573 907 4626 haac
943 4572 1222 4642 prioribus
1258 4574 1529 4644 adiungit.
1571 4574 1708 4631 Nam
1742 4579 1871 4647 quia
1901 4579 2048 4634 Tho-

463 4675 582 4717 mas
645 4661 1044 4716 sciscitabatur
1091 4674 1348 4732 ‘quonam
1400 4666 1659 4724 abiturus
1705 4677 1891 4736 esset,
1952 4681 2048 4725 aut

462 4752 742 4823 quomodo
781 4755 1060 4825 cognituri
1093 4763 1283 4811 essent
1319 4758 1462 4812 viam
1486 4800 1500 4824 ,
1545 4760 1868 4830 ignorantes
1907 4779 2048 4834 quo-

464 4859 590 4898 nam
650 4855 798 4900 esset
847 4846 1135 4914 abiturus,
1191 4851 1511 4907 necessario
1557 4853 1846 4924 subjecit:
1886 4877 1904 4909 ‹
1937 4857 2050 4928 Ego

466 4951 586 4990 sum
630 4937 718 4991 via
742 4977 757 5002 ,
797 4945 853 4994 et
883 4940 1034 5004 vita,
1080 4950 1134 4995 et
1169 4943 1396 5000 veritas.
1433 4963 1451 4996 ι
1485 4945 1587 5001 Et:
1624 4965 1642 4998 ι
1685 4947 1859 5004 Nemo
1899 4951 2050 5005 venit

466 5027 534 5082 ad
572 5027 820 5095 Patrem,
857 5030 1020 5101 770
1052 5033 1158 5088 nisi
1199 5049 1295 5104 per
1331 5050 1418 5091 me
1443 5054 1457 5103 ;
1487 5056 1504 5089 ι
1535 5038 1667 5093 hinc
1707 5041 2040 5107 ostendens,

467 5116 515 5170 si
547 5119 674 5186 quis
709 5121 840 5176 velit
878 5136 1045 5176 nosse
1070 5121 1214 5175 viam
1256 5139 1352 5192 per
1390 5141 1558 5196 quam
1611 5139 1700 5184 eat
1753 5129 1821 5184 ad
1871 5130 2041 5184 vitam

468 5213 730 5262 mternam
752 5248 768 5272 ,
795 5209 1004 5266 Christi
1031 5213 1408 5282 cognitionem
1454 5217 1504 5271 ci
1535 5220 1861 5288 cumprimis
1893 5221 2044 5276 cordi

469 5310 593 5351 esse
639 5298 864 5357 debere.
915 5301 1025 5358 Sed
1071 5305 1201 5375 quia
1254 5309 1508 5363 nonnulli
1539 5308 1826 5368 Judaicum
1865 5315 2050 5384 potius

470 5401 639 5456 quam
669 5392 1054 5461 evangelicum
1097 5409 1394 5467 sequentes
1441 5399 1756 5456 institutum
1789 5405 1891 5458 sibi
1929 5421 2053 5475 per-

474 5480 695 5534 suasuri
731 5490 891 5536 erant
916 5483 1166 5541 sullicere
1193 5488 1260 5541 ad
1296 5497 1508 5545 rectam
1535 5490 1693 5546 [idem
1725 5509 1895 5546 unum
1926 5494 2053 5548 uni.

544 5595 630 5676 οξΙ
665 5596 922 5676 (_‘.or_._ititt
948 5639 961 5659 ,
1002 5601 1124 5676 12.Δ
1170 5605 1213 5634 εί
1248 5606 1286 5659 ll
1321 5607 1460 5663 Tim.
1500 5625 1535 5664 ll
1561 5649 1574 5676 ,
1615 5609 1664 5664 5.

475 5680 512 5730 ι,
552 5666 604 5723 ﬁ.
682 5671 723 5701 "
763 5668 804 5724 ll
839 5669 962 5726 Cor.
1001 5688 1072 5736 Iv,
1109 5673 1151 5727 ί.

1723 5609 1766 5640 ⁸⁷
1809 5608 1972 5665 llebr.
2013 5627 2063 5678 ι,
2092 5611 2144 5667 5.
2223 5613 2267 5643 θ’
2295 5610 2451 5668 Joan.
2497 5627 2607 5678 xw,
2647 5611 2733 5666 ll.
2808 5611 2850 5640 ⁶⁹
2878 5607 3110 5678 Philipp.
3139 5622 3176 5660 ll
3203 5645 3216 5672 ,
3251 5605 3301 5660 7.

2159 4413 2308 4460 τινας
2362 4399 2476 4460 τοῖς
2516 4396 2833 4466 λεγομένοις
2901 4393 3240 4457 ἀκολουθεῖν,
3308 4391 3742 4463 χρησιμωτάτην

2154 4485 2266 4539 ἔσθ’
2297 4487 2385 4540 ὅτε
2443 4488 2674 4539 ποιεῖται
2734 4483 2832 4555 τὴν
2887 4482 3250 4554 ἐπανάληψιν.
3293 4483 3439 4553 Πλὴν
3471 4481 3528 4533 ἐν
3556 4497 3620 4548 γε
3661 4479 3745 4549 τῷ

2155 4576 2383 4648 πάροντι
2412 4575 2545 4630 πολὺ
2576 4576 2641 4644 δὴ
2667 4574 2786 4629 λίαν
2801 4573 3040 4644 ὀνίνησιν
3067 4574 3236 4644 ἡμᾶς,
3256 4571 3418 4625 ταυτί⁸
3442 4573 3557 4634 τοῖς
3595 4568 3743 4640 πρώ-

2153 4686 2269 4730 τοις
2294 4665 2696 4738 προσενεγκὼν.
2737 4666 2955 4736 Ἐπειδὴ
3002 4664 3111 4735 γὰρ
3145 4663 3534 4718 διεπυνθάνετο
3563 4663 3592 4714 ό
3620 4660 3745 4713 Θω-

2159 4761 2285 4830 μᾶς,
2327 4758 2437 4812 Ποῦ
2484 4760 2594 4829 γὰρ
2631 4757 2930 4830 ἀπελεύσῃ,
2998 4755 3195 4824 λέγων,
3252 4756 3285 4826 ἢ
3333 4755 3453 4818 πῶς
3485 4755 3552 4807 ἂν
3579 4753 3746 4824 ἡμεῖς

2155 4848 2431 4920 είδείημεν
2464 4849 2562 4921 τὴν
2595 4848 2735 4913 ὁδὸν,
2768 4847 2830 4900 τὸ
2848 4847 2970 4900 ὅποι
2999 4845 3129 4898 ποτέ
3160 4844 3316 4916 βαδιῇ
3350 4845 3424 4916 μὴ
3455 4842 3748 4912 γινώσκον⁸

2154 4959 2267 5007 τες,
2300 4941 2616 5010 ἀναγκαίως
2667 4939 2909 5008 ἔφασκεν
2933 4954 2947 4968 ο
2989 4957 3008 4989 ι
3049 4935 3191 5004 Ἐγώ
3245 4938 3360 5007 είμι
3400 4937 3434 5006 ἡ
3466 4934 3605 4998 ὁδὸς,
3648 4933 3749 4986 καὶ

2157 5036 2190 5104 ἡ
2215 5032 2350 5103 ζωὴ,
2404 5033 2500 5086 καὶ
2556 5032 2590 5101 ἡ
2637 5029 2885 5101 ἀλήθεια,
2918 5047 2935 5079 ι
2993 5029 3088 5083 καὶ
3126 5030 3208 5082 ὅτι
3245 5047 3264 5078 ι
3301 5027 3492 5090 Οὐδείς
3521 5025 3745 5098 ἔρχεται

2149 5125 2285 5197 πρὸς
2316 5125 2407 5179 τὸν
2441 5123 2680 5194 Πατέρα,
2699 5124 2747 5175 εί
2776 5122 2849 5192 μὴ
2881 5120 2946 5175 δι’
2967 5120 3124 5191 ἐμοῦ·
3151 5139 3169 5171 ι
3214 5118 3429 5181 δεικνὺς
3451 5114 3742 5180 ἐντεῦθεν,

2151 5218 2228 5282 ὡς
2262 5219 2420 5288 εἴπερ
2452 5233 2535 5280 τις
2561 5215 2805 5287 βούλοιτο
2831 5215 2930 5287 τὴν
2973 5215 3091 5269 ὁδὸν
3136 5213 3361 5274 εἰδέναι,
3393 5211 3460 5264 δι’
3489 5205 3557 5281 ἧς
3592 5209 3660 5263 ἂν
3691 5212 3748 5281 [ῃ

2155 5309 2293 5381 πρὸς
2324 5307 2468 5379 ζωὴν
2494 5308 2590 5379 τὴν
2620 5307 2858 5373 αἰώνιον,
2909 5306 3274 5376 φιλονεικήσει
3316 5304 3381 5375 δὴ
3413 5303 3634 5365 πάντως
3667 5304 3751 5354 εἰ-

2158 5402 2306 5455 δέναι
2345 5400 2597 5471 Χριστόν.
2631 5400 2933 5472 Ἐπειδὴδέ
2975 5395 3043 5470 ἦν
3075 5415 3227 5460 τινας
3253 5395 3402 5459 εἰκὸς
3447 5394 3750 5461 Ἰουδαῖκήν

2160 5512 2282 5548 τινα
2315 5494 2538 5565 μᾶλλον,
2562 5494 2730 5564 ἤγουν
2761 5490 3120 5562 εὐαγγελικὴν
3148 5487 3570 5560 ἐπιτηδεύοντας
3616 5484 3746 5537 παί-

3407 5603 3452 5634 "
3508 5598 3550 5656 ll
3593 5597 3741 5655 Petr.
