  <div class='ocr_page' id='page_1' title='image "/cluster/home/n/w/nwhite01/storage/ocr_20150623/74/hvd.32044048207120/102.png"; bbox 0 0 4042 6204; ppageno 0'>
   <div class='ocr_carea' id='block_1_1' title="bbox 1373 253 1861 320">
    <p class='ocr_par' dir='ltr' id='par_1_1' title="bbox 1373 253 1858 313">
     <span class='ocr_line' id='line_1_1' title="bbox 1373 253 1858 313; baseline 0.01 -5"><span class='ocrx_word' id='word_1_1' title='bbox 1373 255 1434 310; x_wconf 77' lang='grc' dir='ltr'><strong>ΙΝ</strong></span> <span class='ocrx_word' id='word_1_2' title='bbox 1461 253 1747 313; x_wconf 74' lang='lat' dir='ltr'><strong>JUANNIS</strong></span> <span class='ocrx_word' id='word_1_3' title='bbox 1774 255 1858 313; x_wconf 80' lang='lat' dir='ltr'><strong>EV</strong></span> 
     </span>
    </p>
   </div>
   <div class='ocr_carea' id='block_1_2' title="bbox 1965 253 3554 320">
    <p class='ocr_par' dir='ltr' id='par_1_2' title="bbox 1965 255 3554 320">
     <span class='ocr_line' id='line_1_2' title="bbox 1965 255 3554 320; baseline 0.004 -8"><span class='ocrx_word' id='word_1_4' title='bbox 1965 255 2217 315; x_wconf 80' lang='lat' dir='ltr'><strong>GELIUM</strong></span> <span class='ocrx_word' id='word_1_5' title='bbox 2257 260 2384 317; x_wconf 76' lang='grc' dir='ltr'>ιιιι.</span> <span class='ocrx_word' id='word_1_6' title='bbox 2432 263 2522 320; x_wconf 77' lang='lat' dir='ltr'><strong>IX.</strong></span> <span class='ocrx_word' id='word_1_7' title='bbox 3456 267 3554 318; x_wconf 74' lang='grc'><strong>194</strong></span> 
     </span>
    </p>
   </div>
   <div class='ocr_carea' id='block_1_3' title="bbox 267 367 1861 452">
    <p class='ocr_par' dir='ltr' id='par_1_3' title="bbox 267 368 1861 446">
     <span class='ocr_line' id='line_1_3' title="bbox 267 368 1861 446; baseline 0 -21"><span class='ocrx_word' id='word_1_8' title='bbox 267 373 478 434; x_wconf 74' lang='grc' dir='ltr'>δειισιν,</span> <span class='ocrx_word' id='word_1_9' title='bbox 505 368 760 442; x_wconf 76' lang='grc' dir='ltr'>ἐξαρκεῖν</span> <span class='ocrx_word' id='word_1_10' title='bbox 791 371 1000 426; x_wconf 81' lang='grc' dir='ltr'>οἴεσθαι</span> <span class='ocrx_word' id='word_1_11' title='bbox 1031 373 1166 444; x_wconf 75' lang='grc' dir='ltr'>πρὸς</span> <span class='ocrx_word' id='word_1_12' title='bbox 1194 373 1252 425; x_wconf 85' lang='grc' dir='ltr'>τὸ</span> <span class='ocrx_word' id='word_1_13' title='bbox 1276 373 1552 427; x_wconf 84' lang='grc' dir='ltr'><strong>πιστεύειν</strong></span> <span class='ocrx_word' id='word_1_14' title='bbox 1578 374 1754 446; x_wconf 82' lang='grc' dir='ltr'>ὀρθῶς</span> <span class='ocrx_word' id='word_1_15' title='bbox 1777 374 1861 445; x_wconf 60' lang='lat' dir='ltr'><strong>rip</strong></span> 
     </span>
    </p>
   </div>
   <div class='ocr_carea' id='block_1_4' title="bbox 1965 367 3556 452">
    <p class='ocr_par' dir='ltr' id='par_1_4' title="bbox 1980 367 3556 452">
     <span class='ocr_line' id='line_1_4' title="bbox 1980 367 3556 452; baseline 0.003 -22"><span class='ocrx_word' id='word_1_16' title='bbox 1980 377 2125 433; x_wconf 82' lang='lat' dir='ltr'><strong>versi</strong></span> <span class='ocrx_word' id='word_1_17' title='bbox 2176 377 2342 434; x_wconf 90' lang='lat' dir='ltr'><strong>Deum</strong></span> <span class='ocrx_word' id='word_1_18' title='bbox 2391 367 2677 446; x_wconf 77' lang='lat' dir='ltr'><strong>conﬁteri,</strong></span> <span class='ocrx_word' id='word_1_19' title='bbox 2713 395 2953 450; x_wconf 90' lang='lat' dir='ltr'><strong>eumque</strong></span> <span class='ocrx_word' id='word_1_20' title='bbox 2995 394 3324 452; x_wconf 83' lang='lat' dir='ltr'><strong>agnoscere,</strong></span> <span class='ocrx_word' id='word_1_21' title='bbox 3376 395 3556 449; x_wconf 80' lang='lat' dir='ltr'><strong>neque</strong></span> 
     </span>
    </p>
   </div>
   <div class='ocr_carea' id='block_1_5' title="bbox 269 462 1861 537">
    <p class='ocr_par' dir='ltr' id='par_1_5' title="bbox 269 462 1861 537">
     <span class='ocr_line' id='line_1_5' title="bbox 269 462 1861 537; baseline 0.004 -23"><span class='ocrx_word' id='word_1_22' title='bbox 269 464 317 515; x_wconf 86' lang='grc' dir='ltr'><strong>εί</strong></span> <span class='ocrx_word' id='word_1_23' title='bbox 329 480 357 524; x_wconf 86' lang='grc' dir='ltr'><strong>ς</strong></span> <span class='ocrx_word' id='word_1_24' title='bbox 389 462 488 516; x_wconf 76' lang='grc' dir='ltr'><strong>ἕνα</strong></span> <span class='ocrx_word' id='word_1_25' title='bbox 517 463 629 515; x_wconf 88' lang='grc' dir='ltr'><strong>τῶν</strong></span> <span class='ocrx_word' id='word_1_26' title='bbox 663 464 800 516; x_wconf 81' lang='grc' dir='ltr'>ὅλων</span> <span class='ocrx_word' id='word_1_27' title='bbox 832 464 964 516; x_wconf 74' lang='grc' dir='ltr'>Θεὸν</span> <span class='ocrx_word' id='word_1_28' title='bbox 1010 465 1303 534; x_wconf 80' lang='grc' dir='ltr'>ὁμολογίαν</span> <span class='ocrx_word' id='word_1_29' title='bbox 1324 483 1383 518; x_wconf 88' lang='grc' dir='ltr'><strong>τε</strong></span> <span class='ocrx_word' id='word_1_30' title='bbox 1425 468 1518 519; x_wconf 71' lang='grc' dir='ltr'>καὶ</span> <span class='ocrx_word' id='word_1_31' title='bbox 1552 467 1774 536; x_wconf 90' lang='grc' dir='ltr'>γνῶσιν,</span> <span class='ocrx_word' id='word_1_32' title='bbox 1804 466 1861 537; x_wconf 69' lang='grc' dir='ltr'><strong>μί</strong></span> 
     </span>
    </p>
   </div>
   <div class='ocr_carea' id='block_1_6' title="bbox 1965 462 3556 537">
    <p class='ocr_par' dir='ltr' id='par_1_6' title="bbox 1979 469 3556 536">
     <span class='ocr_line' id='line_1_6' title="bbox 1979 469 3556 536; baseline 0.006 -16"><span class='ocrx_word' id='word_1_33' title='bbox 1979 483 2146 536; x_wconf 89' lang='lat' dir='ltr'><strong>porro</strong></span> <span class='ocrx_word' id='word_1_34' title='bbox 2173 469 2240 524; x_wconf 89' lang='lat' dir='ltr'><strong>de</strong></span> <span class='ocrx_word' id='word_1_35' title='bbox 2288 479 2482 525; x_wconf 88' lang='lat' dir='ltr'><strong>sancta</strong></span> <span class='ocrx_word' id='word_1_36' title='bbox 2540 480 2596 526; x_wconf 86' lang='lat' dir='ltr'><strong>et</strong></span> <span class='ocrx_word' id='word_1_37' title='bbox 2651 472 3122 526; x_wconf 85' lang='lat' dir='ltr'><strong>consubstantiali</strong></span> <span class='ocrx_word' id='word_1_38' title='bbox 3157 471 3432 529; x_wconf 88' lang='lat' dir='ltr'><strong>Trinitate</strong></span> <span class='ocrx_word' id='word_1_39' title='bbox 3457 475 3556 528; x_wconf 88' lang='lat' dir='ltr'><strong>do-</strong></span> 
     </span>
    </p>
   </div>
   <div class='ocr_carea' id='block_1_7' title="bbox 277 555 1861 633">
    <p class='ocr_par' dir='ltr' id='par_1_7' title="bbox 277 555 1861 631">
     <span class='ocr_line' id='line_1_7' title="bbox 277 555 1861 631; baseline 0.006 -26"><span class='ocrx_word' id='word_1_40' title='bbox 277 556 388 626; x_wconf 84' lang='grc' dir='ltr'>μὴν</span> <span class='ocrx_word' id='word_1_41' title='bbox 411 555 732 624; x_wconf 79' lang='grc' dir='ltr'><strong>ἐπείγεσθαι</strong></span> <span class='ocrx_word' id='word_1_42' title='bbox 770 557 962 627; x_wconf 78' lang='grc' dir='ltr'>μαθεῖν</span> <span class='ocrx_word' id='word_1_43' title='bbox 1007 558 1098 610; x_wconf 83' lang='grc' dir='ltr'><strong>τὸν</strong></span> <span class='ocrx_word' id='word_1_44' title='bbox 1132 559 1261 630; x_wconf 78' lang='grc' dir='ltr'>περὶ</span> <span class='ocrx_word' id='word_1_45' title='bbox 1294 560 1394 630; x_wconf 82' lang='grc' dir='ltr'><strong>τῆς</strong></span> <span class='ocrx_word' id='word_1_46' title='bbox 1425 561 1586 629; x_wconf 82' lang='grc' dir='ltr'><strong>ἁγίας</strong></span> <span class='ocrx_word' id='word_1_47' title='bbox 1621 560 1715 614; x_wconf 74' lang='grc' dir='ltr'><strong>καὶ</strong></span> <span class='ocrx_word' id='word_1_48' title='bbox 1747 561 1861 631; x_wconf 83' lang='grc' dir='ltr'>ὁμο-</span> 
     </span>
    </p>
   </div>
   <div class='ocr_carea' id='block_1_8' title="bbox 1965 555 3556 633">
    <p class='ocr_par' dir='ltr' id='par_1_8' title="bbox 1977 560 3556 633">
     <span class='ocr_line' id='line_1_8' title="bbox 1977 560 3556 633; baseline 0.002 -19"><span class='ocrx_word' id='word_1_49' title='bbox 1977 560 2209 614; x_wconf 90' lang='lat' dir='ltr'><strong>ctriuam</strong></span> <span class='ocrx_word' id='word_1_50' title='bbox 2239 577 2362 616; x_wconf 89' lang='lat' dir='ltr'><strong>esse</strong></span> <span class='ocrx_word' id='word_1_51' title='bbox 2393 563 2698 617; x_wconf 81' lang='lat' dir='ltr'><strong>curandam</strong></span> <span class='ocrx_word' id='word_1_52' title='bbox 2718 605 2734 631; x_wconf 87' lang='lat'><strong>,</strong></span> <span class='ocrx_word' id='word_1_53' title='bbox 2781 564 3102 619; x_wconf 88' lang='lat' dir='ltr'><strong>necessario</strong></span> <span class='ocrx_word' id='word_1_54' title='bbox 3147 563 3556 633; x_wconf 83' lang='lat' dir='ltr'><strong>quodammodo</strong></span> 
     </span>
    </p>
   </div>
   <div class='ocr_carea' id='block_1_9' title="bbox 275 649 1861 728">
    <p class='ocr_par' dir='ltr' id='par_1_9' title="bbox 275 649 1861 725">
     <span class='ocr_line' id='line_1_9' title="bbox 275 649 1861 725; baseline 0.003 -24"><span class='ocrx_word' id='word_1_55' title='bbox 275 650 466 702; x_wconf 89' lang='grc' dir='ltr'>ουσίου</span> <span class='ocrx_word' id='word_1_56' title='bbox 526 649 761 719; x_wconf 84' lang='grc' dir='ltr'>Τριάδος</span> <span class='ocrx_word' id='word_1_57' title='bbox 791 650 970 718; x_wconf 85' lang='grc' dir='ltr'>λόγον,</span> <span class='ocrx_word' id='word_1_58' title='bbox 1007 651 1332 719; x_wconf 87' lang='grc' dir='ltr'>’ἀναγκαίως</span> <span class='ocrx_word' id='word_1_59' title='bbox 1365 653 1648 706; x_wconf 81' lang='grc' dir='ltr'><strong>ἀποκλείει</strong></span> <span class='ocrx_word' id='word_1_60' title='bbox 1674 654 1861 725; x_wconf 62' lang='grc' dir='ltr'>τρόποι</span> 
     </span>
    </p>
   </div>
   <div class='ocr_carea' id='block_1_10' title="bbox 1965 649 3553 728">
    <p class='ocr_par' dir='ltr' id='par_1_10' title="bbox 1975 650 3553 728">
     <span class='ocr_line' id='line_1_10' title="bbox 1975 650 3553 728; baseline 0.003 -22"><span class='ocrx_word' id='word_1_61' title='bbox 1975 650 2236 708; x_wconf 76' lang='lat' dir='ltr'><strong>Christus</strong></span> <span class='ocrx_word' id='word_1_62' title='bbox 2263 654 2426 709; x_wconf 88' lang='lat' dir='ltr'><strong>etiam</strong></span> <span class='ocrx_word' id='word_1_63' title='bbox 2465 655 2551 711; x_wconf 92' lang='lat' dir='ltr'><strong>his</strong></span> <span class='ocrx_word' id='word_1_64' title='bbox 2585 656 2678 725; x_wconf 90' lang='lat' dir='ltr'><strong>qui</strong></span> <span class='ocrx_word' id='word_1_65' title='bbox 2717 656 2801 711; x_wconf 91' lang='lat' dir='ltr'><strong>sic</strong></span> <span class='ocrx_word' id='word_1_66' title='bbox 2841 657 3116 712; x_wconf 86' lang='lat' dir='ltr'><strong>sentirent</strong></span> <span class='ocrx_word' id='word_1_67' title='bbox 3157 656 3252 712; x_wconf 87' lang='lat' dir='ltr'><strong>Dei</strong></span> <span class='ocrx_word' id='word_1_68' title='bbox 3280 657 3553 728; x_wconf 87' lang='lat' dir='ltr'><strong>cognitio-</strong></span> 
     </span>
    </p>
   </div>
   <div class='ocr_carea' id='block_1_11' title="bbox 274 256 387 311">
    <p class='ocr_par' dir='ltr' id='par_1_11' title="bbox 274 256 387 311">
     <span class='ocr_line' id='line_1_11' title="bbox 274 256 387 311; baseline 0.044 -4"><span class='ocrx_word' id='word_1_69' title='bbox 274 256 387 311; x_wconf 58' lang='lat'><strong>1&#39;93</strong></span> 
     </span>
    </p>
   </div>
   <div class='ocr_carea' id='block_1_12' title="bbox 280 740 1868 817">
    <p class='ocr_par' dir='ltr' id='par_1_12' title="bbox 280 740 1868 817">
     <span class='ocr_line' id='line_1_12' title="bbox 280 740 1868 817; baseline 0.004 -25"><span class='ocrx_word' id='word_1_70' title='bbox 280 740 407 792; x_wconf 66' lang='grc' dir='ltr'>τινὰ</span> <span class='ocrx_word' id='word_1_71' title='bbox 448 740 682 810; x_wconf 79' lang='grc' dir='ltr'>Χριστὸς</span> <span class='ocrx_word' id='word_1_72' title='bbox 737 741 964 804; x_wconf 77' lang='grc' dir='ltr'>καὶτοῖς</span> <span class='ocrx_word' id='word_1_73' title='bbox 1011 742 1154 795; x_wconf 79' lang='grc' dir='ltr'>οὕτω</span> <span class='ocrx_word' id='word_1_74' title='bbox 1181 741 1465 808; x_wconf 79' lang='grc' dir='ltr'>δοξάζουσι</span> <span class='ocrx_word' id='word_1_75' title='bbox 1484 746 1580 815; x_wconf 81' lang='grc' dir='ltr'><strong>τὴν</strong></span> <span class='ocrx_word' id='word_1_76' title='bbox 1610 746 1739 817; x_wconf 78' lang='grc' dir='ltr'>περὶ</span> <span class='ocrx_word' id='word_1_77' title='bbox 1775 745 1868 799; x_wconf 86' lang='grc' dir='ltr'><strong>τοῦ</strong></span> 
     </span>
    </p>
   </div>
   <div class='ocr_carea' id='block_1_13' title="bbox 283 832 1872 910">
    <p class='ocr_par' dir='ltr' id='par_1_13' title="bbox 283 832 1872 910">
     <span class='ocr_line' id='line_1_13' title="bbox 283 832 1872 910; baseline 0.006 -26"><span class='ocrx_word' id='word_1_78' title='bbox 283 832 420 885; x_wconf 78' lang='grc' dir='ltr'>Θεοῦ</span> <span class='ocrx_word' id='word_1_79' title='bbox 455 833 679 901; x_wconf 84' lang='grc' dir='ltr'>γνῶσιν,</span> <span class='ocrx_word' id='word_1_80' title='bbox 720 833 869 904; x_wconf 81' lang='grc' dir='ltr'>εἰμὴ</span> <span class='ocrx_word' id='word_1_81' title='bbox 900 835 994 887; x_wconf 75' lang='grc' dir='ltr'><strong>καὶ</strong></span> <span class='ocrx_word' id='word_1_82' title='bbox 1040 836 1204 888; x_wconf 82' lang='grc' dir='ltr'>αὑτὸν</span> <span class='ocrx_word' id='word_1_83' title='bbox 1249 836 1521 907; x_wconf 79' lang='grc' dir='ltr'>βούλοιντο</span> <span class='ocrx_word' id='word_1_84' title='bbox 1571 840 1872 910; x_wconf 85' lang='grc' dir='ltr'>παραδέχε-</span> 
     </span>
    </p>
   </div>
   <div class='ocr_carea' id='block_1_14' title="bbox 286 923 1869 1003">
    <p class='ocr_par' dir='ltr' id='par_1_14' title="bbox 286 923 1869 1003">
     <span class='ocr_line' id='line_1_14' title="bbox 286 923 1869 1003; baseline 0.006 -27"><span class='ocrx_word' id='word_1_85' title='bbox 286 923 433 977; x_wconf 88' lang='grc' dir='ltr'>σθαι.</span> <span class='ocrx_word' id='word_1_86' title='bbox 466 924 566 977; x_wconf 80' lang='grc' dir='ltr'>Διά</span> <span class='ocrx_word' id='word_1_87' title='bbox 643 924 752 996; x_wconf 78' lang='grc' dir='ltr'>γὰρ</span> <span class='ocrx_word' id='word_1_88' title='bbox 794 925 924 978; x_wconf 84' lang='grc' dir='ltr'>Υίοῦ</span> <span class='ocrx_word' id='word_1_89' title='bbox 961 928 1246 998; x_wconf 81' lang='grc' dir='ltr'>προσιτέον</span> <span class='ocrx_word' id='word_1_90' title='bbox 1286 929 1364 1000; x_wconf 83' lang='grc' dir='ltr'>τῷ</span> <span class='ocrx_word' id='word_1_91' title='bbox 1395 929 1515 1002; x_wconf 81' lang='grc' dir='ltr'>Θεῷ</span> <span class='ocrx_word' id='word_1_92' title='bbox 1543 931 1637 984; x_wconf 73' lang='grc' dir='ltr'><strong>καὶ</strong></span> <span class='ocrx_word' id='word_1_93' title='bbox 1677 931 1869 1003; x_wconf 90' lang='grc' dir='ltr'>Πατρί.</span> 
     </span>
    </p>
   </div>
   <div class='ocr_carea' id='block_1_15' title="bbox 296 1017 1872 1095">
    <p class='ocr_par' dir='ltr' id='par_1_15' title="bbox 296 1017 1872 1095">
     <span class='ocr_line' id='line_1_15' title="bbox 296 1017 1872 1095; baseline 0.004 -26"><span class='ocrx_word' id='word_1_94' title='bbox 296 1017 600 1086; x_wconf 78' lang='grc' dir='ltr'>’Δναλόγως</span> <span class='ocrx_word' id='word_1_95' title='bbox 625 1018 736 1088; x_wconf 84' lang='grc' dir='ltr'>γὰρ</span> <span class='ocrx_word' id='word_1_96' title='bbox 789 1022 854 1088; x_wconf 84' lang='grc' dir='ltr'>τῇ</span> <span class='ocrx_word' id='word_1_97' title='bbox 908 1019 1003 1072; x_wconf 85' lang='grc' dir='ltr'><strong>τοῦ</strong></span> <span class='ocrx_word' id='word_1_98' title='bbox 1044 1021 1384 1092; x_wconf 81' lang='grc' dir='ltr'>γεννήματος</span> <span class='ocrx_word' id='word_1_99' title='bbox 1415 1021 1636 1095; x_wconf 81' lang='grc' dir='ltr'>θεωρίᾳ,</span> <span class='ocrx_word' id='word_1_100' title='bbox 1662 1024 1757 1076; x_wconf 72' lang='grc' dir='ltr'>καὶ</span> <span class='ocrx_word' id='word_1_101' title='bbox 1785 1025 1872 1076; x_wconf 83' lang='grc' dir='ltr'><strong>ἐπ’</strong></span> 
     </span>
    </p>
   </div>
   <div class='ocr_carea' id='block_1_16' title="bbox 280 1107 1872 1183">
    <p class='ocr_par' dir='ltr' id='par_1_16' title="bbox 280 1107 1872 1183">
     <span class='ocr_line' id='line_1_16' title="bbox 280 1107 1872 1183; baseline 0.006 -22"><span class='ocrx_word' id='word_1_102' title='bbox 280 1109 444 1162; x_wconf 74' lang='grc' dir='ltr'>αὑτὸν</span> <span class='ocrx_word' id='word_1_103' title='bbox 472 1107 677 1179; x_wconf 76' lang='grc' dir='ltr'>ἥξομεν</span> <span class='ocrx_word' id='word_1_104' title='bbox 699 1111 790 1162; x_wconf 78' lang='grc' dir='ltr'><strong>τὸν</strong></span> <span class='ocrx_word' id='word_1_105' title='bbox 817 1111 1142 1181; x_wconf 82' lang='grc' dir='ltr'>Γεννήτορα.</span> <span class='ocrx_word' id='word_1_106' title='bbox 1165 1113 1238 1164; x_wconf 85' lang='grc' dir='ltr'><strong>Οὐ</strong></span> <span class='ocrx_word' id='word_1_107' title='bbox 1263 1113 1371 1183; x_wconf 82' lang='grc' dir='ltr'>γὰρ</span> <span class='ocrx_word' id='word_1_108' title='bbox 1401 1113 1570 1178; x_wconf 76' lang='grc' dir='ltr'>ἔστιν,</span> <span class='ocrx_word' id='word_1_109' title='bbox 1591 1117 1692 1170; x_wconf 87' lang='grc' dir='ltr'><strong>οὑκ</strong></span> <span class='ocrx_word' id='word_1_110' title='bbox 1726 1115 1872 1170; x_wconf 75' lang='grc' dir='ltr'>ἔστιν</span> 
     </span>
    </p>
   </div>
   <div class='ocr_carea' id='block_1_17' title="bbox 279 1201 1866 1275">
    <p class='ocr_par' dir='ltr' id='par_1_17' title="bbox 279 1201 1866 1275">
     <span class='ocr_line' id='line_1_17' title="bbox 279 1201 1866 1275; baseline 0.005 -19"><span class='ocrx_word' id='word_1_111' title='bbox 279 1201 634 1273; x_wconf 81' lang='grc' dir='ltr'>ἀμφιϐαλεῖν,</span> <span class='ocrx_word' id='word_1_112' title='bbox 685 1203 766 1255; x_wconf 85' lang='grc' dir='ltr'>ὅτι</span> <span class='ocrx_word' id='word_1_113' title='bbox 821 1203 915 1256; x_wconf 78' lang='grc' dir='ltr'><strong>τὸν</strong></span> <span class='ocrx_word' id='word_1_114' title='bbox 952 1204 1078 1258; x_wconf 84' lang='grc' dir='ltr'>Υίόν</span> <span class='ocrx_word' id='word_1_115' title='bbox 1144 1223 1228 1269; x_wconf 89' lang='grc' dir='ltr'><strong>τις</strong></span> <span class='ocrx_word' id='word_1_116' title='bbox 1258 1205 1558 1275; x_wconf 80' lang='grc' dir='ltr'>ὑφεστάναι</span> <span class='ocrx_word' id='word_1_117' title='bbox 1593 1211 1866 1266; x_wconf 78' lang='grc' dir='ltr'>πιστεύων</span> 
     </span>
    </p>
   </div>
   <div class='ocr_carea' id='block_1_18' title="bbox 278 1291 1868 1370">
    <p class='ocr_par' dir='ltr' id='par_1_18' title="bbox 278 1291 1868 1370">
     <span class='ocr_line' id='line_1_18' title="bbox 278 1291 1868 1370; baseline 0.003 -25"><span class='ocrx_word' id='word_1_118' title='bbox 278 1292 452 1355; x_wconf 76' lang='grc' dir='ltr'>οὕτως</span> <span class='ocrx_word' id='word_1_119' title='bbox 481 1292 556 1355; x_wconf 84' lang='grc' dir='ltr'>ὡς</span> <span class='ocrx_word' id='word_1_120' title='bbox 581 1292 730 1354; x_wconf 79' lang='grc' dir='ltr'>Υίὺν,</span> <span class='ocrx_word' id='word_1_121' title='bbox 760 1291 852 1344; x_wconf 79' lang='grc' dir='ltr'><strong>τὸν</strong></span> <span class='ocrx_word' id='word_1_122' title='bbox 908 1294 972 1346; x_wconf 84' lang='grc' dir='ltr'>ὲκ</span> <span class='ocrx_word' id='word_1_123' title='bbox 1015 1293 1113 1363; x_wconf 81' lang='grc' dir='ltr'><strong>τῆς</strong></span> <span class='ocrx_word' id='word_1_124' title='bbox 1161 1293 1348 1356; x_wconf 83' lang='grc' dir='ltr'>οὐσίας</span> <span class='ocrx_word' id='word_1_125' title='bbox 1377 1295 1520 1365; x_wconf 83' lang='grc' dir='ltr'>φημὶ</span> <span class='ocrx_word' id='word_1_126' title='bbox 1552 1295 1646 1348; x_wconf 90' lang='grc' dir='ltr'><strong>τοῦ</strong></span> <span class='ocrx_word' id='word_1_127' title='bbox 1675 1299 1868 1370; x_wconf 82' lang='grc' dir='ltr'>γεννή-</span> 
     </span>
    </p>
   </div>
   <div class='ocr_carea' id='block_1_19' title="bbox 282 1384 1866 1458">
    <p class='ocr_par' dir='ltr' id='par_1_19' title="bbox 282 1384 1866 1458">
     <span class='ocr_line' id='line_1_19' title="bbox 282 1384 1866 1458; baseline 0.003 -21"><span class='ocrx_word' id='word_1_128' title='bbox 282 1401 495 1446; x_wconf 82' lang='grc' dir='ltr'>σαντος,</span> <span class='ocrx_word' id='word_1_129' title='bbox 532 1384 738 1437; x_wconf 80' lang='grc' dir='ltr'>εἵσεται</span> <span class='ocrx_word' id='word_1_130' title='bbox 770 1384 832 1455; x_wconf 84' lang='grc' dir='ltr'><strong>δὴ</strong></span> <span class='ocrx_word' id='word_1_131' title='bbox 883 1386 1102 1448; x_wconf 88' lang='grc' dir='ltr'>πάντως</span> <span class='ocrx_word' id='word_1_132' title='bbox 1144 1387 1238 1439; x_wconf 71' lang='grc' dir='ltr'>καὶ</span> <span class='ocrx_word' id='word_1_133' title='bbox 1272 1386 1362 1439; x_wconf 83' lang='grc' dir='ltr'><strong>τὸν</strong></span> <span class='ocrx_word' id='word_1_134' title='bbox 1418 1386 1657 1458; x_wconf 81' lang='grc' dir='ltr'>Πατέρα.</span> <span class='ocrx_word' id='word_1_135' title='bbox 1710 1389 1866 1443; x_wconf 86' lang='grc' dir='ltr'>Κατά</span> 
     </span>
    </p>
   </div>
   <div class='ocr_carea' id='block_1_20' title="bbox 284 1471 1864 1549">
    <p class='ocr_par' dir='ltr' id='par_1_20' title="bbox 284 1471 1864 1549">
     <span class='ocr_line' id='line_1_20' title="bbox 284 1471 1864 1549; baseline 0.003 -21"><span class='ocrx_word' id='word_1_136' title='bbox 284 1475 380 1544; x_wconf 81' lang='grc' dir='ltr'><strong>μὲν</strong></span> <span class='ocrx_word' id='word_1_137' title='bbox 423 1471 519 1528; x_wconf 85' lang='grc' dir='ltr'><strong>οῦν</strong></span> <span class='ocrx_word' id='word_1_138' title='bbox 563 1474 662 1546; x_wconf 79' lang='grc' dir='ltr'>τὴν</span> <span class='ocrx_word' id='word_1_139' title='bbox 709 1475 1088 1546; x_wconf 86' lang='grc' dir='ltr'>ἁπλουστέραν</span> <span class='ocrx_word' id='word_1_140' title='bbox 1139 1478 1233 1530; x_wconf 69' lang='grc' dir='ltr'><strong>καὶ</strong></span> <span class='ocrx_word' id='word_1_141' title='bbox 1267 1478 1602 1549; x_wconf 85' lang='grc' dir='ltr'>ἀπερίεργον</span> <span class='ocrx_word' id='word_1_142' title='bbox 1641 1479 1864 1548; x_wconf 90' lang='grc' dir='ltr'>γνῶσιν,</span> 
     </span>
    </p>
   </div>
   <div class='ocr_carea' id='block_1_21' title="bbox 278 1565 1865 1643">
    <p class='ocr_par' dir='ltr' id='par_1_21' title="bbox 278 1565 1865 1643">
     <span class='ocr_line' id='line_1_21' title="bbox 278 1565 1865 1643; baseline 0.003 -23"><span class='ocrx_word' id='word_1_143' title='bbox 278 1565 452 1630; x_wconf 73' lang='grc' dir='ltr'>οὕτως</span> <span class='ocrx_word' id='word_1_144' title='bbox 481 1566 547 1620; x_wconf 81' lang='grc' dir='ltr'>ἄν</span> <span class='ocrx_word' id='word_1_145' title='bbox 582 1583 665 1630; x_wconf 88' lang='grc' dir='ltr'><strong>τις</strong></span> <span class='ocrx_word' id='word_1_146' title='bbox 691 1565 903 1637; x_wconf 78' lang='grc' dir='ltr'>οἰηθείη</span> <span class='ocrx_word' id='word_1_147' title='bbox 937 1567 1102 1638; x_wconf 81' lang='grc' dir='ltr'>τυχὸν</span> <span class='ocrx_word' id='word_1_148' title='bbox 1128 1567 1392 1640; x_wconf 77' lang='grc' dir='ltr'>λαλῆσαι·</span> <span class='ocrx_word' id='word_1_149' title='bbox 1424 1572 1472 1624; x_wconf 88' lang='grc' dir='ltr'><strong>εί</strong></span> <span class='ocrx_word' id='word_1_150' title='bbox 1495 1571 1551 1624; x_wconf 88' lang='grc' dir='ltr'>δέ</span> <span class='ocrx_word' id='word_1_151' title='bbox 1584 1589 1662 1642; x_wconf 85' lang='grc' dir='ltr'>τῳ</span> <span class='ocrx_word' id='word_1_152' title='bbox 1683 1571 1865 1643; x_wconf 85' lang='grc' dir='ltr'>δοκοίη</span> 
     </span>
    </p>
   </div>
   <div class='ocr_carea' id='block_1_22' title="bbox 1980 745 3556 819">
    <p class='ocr_par' dir='ltr' id='par_1_22' title="bbox 1980 745 3556 819">
     <span class='ocr_line' id='line_1_22' title="bbox 1980 745 3556 819; baseline 0.003 -22"><span class='ocrx_word' id='word_1_153' title='bbox 1980 760 2103 798; x_wconf 91' lang='lat' dir='ltr'><strong>nem</strong></span> <span class='ocrx_word' id='word_1_154' title='bbox 2135 745 2494 811; x_wconf 87' lang='lat' dir='ltr'><strong>intercludit,</strong></span> <span class='ocrx_word' id='word_1_155' title='bbox 2527 748 2638 802; x_wconf 84' lang='lat' dir='ltr'><strong>nisi</strong></span> <span class='ocrx_word' id='word_1_156' title='bbox 2671 756 2726 802; x_wconf 91' lang='lat' dir='ltr'><strong>et</strong></span> <span class='ocrx_word' id='word_1_157' title='bbox 2776 764 2836 803; x_wconf 91' lang='lat' dir='ltr'><strong>se</strong></span> <span class='ocrx_word' id='word_1_158' title='bbox 2882 749 3170 819; x_wconf 86' lang='lat' dir='ltr'><strong>suscipere</strong></span> <span class='ocrx_word' id='word_1_159' title='bbox 3210 749 3404 802; x_wconf 89' lang='lat' dir='ltr'><strong>velint.</strong></span> <span class='ocrx_word' id='word_1_160' title='bbox 3449 745 3556 802; x_wconf 90' lang='lat' dir='ltr'><strong>Per</strong></span> 
     </span>
    </p>
   </div>
   <div class='ocr_carea' id='block_1_23' title="bbox 1974 835 3551 909">
    <p class='ocr_par' dir='ltr' id='par_1_23' title="bbox 1974 835 3551 909">
     <span class='ocr_line' id='line_1_23' title="bbox 1974 835 3551 909; baseline 0.004 -20"><span class='ocrx_word' id='word_1_161' title='bbox 1974 835 2170 890; x_wconf 85' lang='lat' dir='ltr'><strong>Filium</strong></span> <span class='ocrx_word' id='word_1_162' title='bbox 2195 838 2400 909; x_wconf 88' lang='lat' dir='ltr'><strong>quippe</strong></span> <span class='ocrx_word' id='word_1_163' title='bbox 2431 839 2498 893; x_wconf 90' lang='lat' dir='ltr'><strong>ad</strong></span> <span class='ocrx_word' id='word_1_164' title='bbox 2523 838 2694 894; x_wconf 90' lang='lat' dir='ltr'><strong>Deum</strong></span> <span class='ocrx_word' id='word_1_165' title='bbox 2723 848 2775 895; x_wconf 91' lang='lat' dir='ltr'><strong>et</strong></span> <span class='ocrx_word' id='word_1_166' title='bbox 2796 841 3014 896; x_wconf 82' lang='lat' dir='ltr'><strong>Patrem</strong></span> <span class='ocrx_word' id='word_1_167' title='bbox 3039 851 3123 896; x_wconf 90' lang='lat' dir='ltr'><strong>est</strong></span> <span class='ocrx_word' id='word_1_168' title='bbox 3155 839 3551 896; x_wconf 89' lang='lat' dir='ltr'><strong>accedendum.</strong></span> 
     </span>
    </p>
   </div>
   <div class='ocr_carea' id='block_1_24' title="bbox 1972 926 3550 1002">
    <p class='ocr_par' dir='ltr' id='par_1_24' title="bbox 1972 926 3550 1002">
     <span class='ocr_line' id='line_1_24' title="bbox 1972 926 3550 1002; baseline 0.001 -22"><span class='ocrx_word' id='word_1_169' title='bbox 1972 926 2094 982; x_wconf 89' lang='lat' dir='ltr'><strong>Filii</strong></span> <span class='ocrx_word' id='word_1_170' title='bbox 2146 945 2387 1000; x_wconf 83' lang='lat' dir='ltr'><strong>namque</strong></span> <span class='ocrx_word' id='word_1_171' title='bbox 2412 931 2727 1002; x_wconf 77' lang='lat' dir='ltr'><strong>cognitione</strong></span> <span class='ocrx_word' id='word_1_172' title='bbox 2763 940 2820 986; x_wconf 90' lang='lat' dir='ltr'><strong>et</strong></span> <span class='ocrx_word' id='word_1_173' title='bbox 2863 932 3331 1002; x_wconf 88' lang='lat' dir='ltr'><strong>contemplatione</strong></span> <span class='ocrx_word' id='word_1_174' title='bbox 3381 930 3550 986; x_wconf 87' lang='lat' dir='ltr'><strong>etiam</strong></span> 
     </span>
    </p>
   </div>
   <div class='ocr_carea' id='block_1_25' title="bbox 1971 1019 3552 1088">
    <p class='ocr_par' dir='ltr' id='par_1_25' title="bbox 1971 1019 3552 1088">
     <span class='ocr_line' id='line_1_25' title="bbox 1971 1019 3552 1088; baseline 0.003 -16"><span class='ocrx_word' id='word_1_175' title='bbox 1971 1019 2036 1072; x_wconf 90' lang='lat' dir='ltr'><strong>ad</strong></span> <span class='ocrx_word' id='word_1_176' title='bbox 2088 1019 2266 1088; x_wconf 90' lang='lat' dir='ltr'><strong>ipsum</strong></span> <span class='ocrx_word' id='word_1_177' title='bbox 2320 1019 2536 1075; x_wconf 90' lang='lat' dir='ltr'><strong>Patrem</strong></span> <span class='ocrx_word' id='word_1_178' title='bbox 2587 1022 2755 1077; x_wconf 90' lang='lat' dir='ltr'><strong>simili</strong></span> <span class='ocrx_word' id='word_1_179' title='bbox 2815 1022 3030 1078; x_wconf 86' lang='lat' dir='ltr'><strong>ratione</strong></span> <span class='ocrx_word' id='word_1_180' title='bbox 3080 1023 3388 1078; x_wconf 87' lang='lat' dir='ltr'><strong>veniemus.</strong></span> <span class='ocrx_word' id='word_1_181' title='bbox 3437 1021 3552 1077; x_wconf 83' lang='lat' dir='ltr'><strong>Nec</strong></span> 
     </span>
    </p>
   </div>
   <div class='ocr_carea' id='block_1_26' title="bbox 1971 1111 3550 1184">
    <p class='ocr_par' dir='ltr' id='par_1_26' title="bbox 1971 1111 3550 1184">
     <span class='ocr_line' id='line_1_26' title="bbox 1971 1111 3550 1184; baseline 0 -18"><span class='ocrx_word' id='word_1_182' title='bbox 1971 1112 2118 1166; x_wconf 90' lang='lat' dir='ltr'><strong>enim</strong></span> <span class='ocrx_word' id='word_1_183' title='bbox 2155 1111 2402 1182; x_wconf 82' lang='lat' dir='ltr'><strong>profecto</strong></span> <span class='ocrx_word' id='word_1_184' title='bbox 2439 1113 2804 1168; x_wconf 87' lang='lat' dir='ltr'><strong>dubitandum</strong></span> <span class='ocrx_word' id='word_1_185' title='bbox 2847 1123 2962 1178; x_wconf 89' lang='lat' dir='ltr'><strong>est,</strong></span> <span class='ocrx_word' id='word_1_186' title='bbox 2999 1114 3316 1184; x_wconf 88' lang='lat' dir='ltr'><strong>quicunque</strong></span> <span class='ocrx_word' id='word_1_187' title='bbox 3349 1112 3550 1166; x_wconf 84' lang='lat' dir='ltr'><strong>Filium</strong></span> 
     </span>
    </p>
   </div>
   <div class='ocr_carea' id='block_1_27' title="bbox 1982 1204 3550 1278">
    <p class='ocr_par' dir='ltr' id='par_1_27' title="bbox 1982 1204 3550 1278">
     <span class='ocr_line' id='line_1_27' title="bbox 1982 1204 3550 1278; baseline 0.001 -20"><span class='ocrx_word' id='word_1_188' title='bbox 1982 1204 2292 1261; x_wconf 81' lang='lat' dir='ltr'><strong>subsistere</strong></span> <span class='ocrx_word' id='word_1_189' title='bbox 2340 1207 2554 1274; x_wconf 84' lang='lat' dir='ltr'><strong>credit,</strong></span> <span class='ocrx_word' id='word_1_190' title='bbox 2603 1217 2662 1262; x_wconf 94' lang='lat' dir='ltr'><strong>ut</strong></span> <span class='ocrx_word' id='word_1_191' title='bbox 2710 1223 2838 1263; x_wconf 86' lang='lat' dir='ltr'><strong>vere</strong></span> <span class='ocrx_word' id='word_1_192' title='bbox 2882 1207 3121 1272; x_wconf 87' lang='lat' dir='ltr'><strong>Filium,</strong></span> <span class='ocrx_word' id='word_1_193' title='bbox 3167 1223 3232 1263; x_wconf 76' lang='lat' dir='ltr'><strong>ex</strong></span> <span class='ocrx_word' id='word_1_194' title='bbox 3280 1207 3550 1278; x_wconf 80' lang='lat' dir='ltr'><strong>genitoris</strong></span> 
     </span>
    </p>
   </div>
   <div class='ocr_carea' id='block_1_28' title="bbox 1973 1300 3549 1371">
    <p class='ocr_par' dir='ltr' id='par_1_28' title="bbox 1973 1300 3549 1371">
     <span class='ocr_line' id='line_1_28' title="bbox 1973 1300 3549 1371; baseline 0 -19"><span class='ocrx_word' id='word_1_195' title='bbox 1973 1314 2168 1368; x_wconf 83' lang='lat' dir='ltr'><strong>nempe</strong></span> <span class='ocrx_word' id='word_1_196' title='bbox 2198 1300 2508 1354; x_wconf 80' lang='lat' dir='ltr'><strong>substantia</strong></span> <span class='ocrx_word' id='word_1_197' title='bbox 2531 1341 2546 1365; x_wconf 91' lang='lat'><strong>,</strong></span> <span class='ocrx_word' id='word_1_198' title='bbox 2579 1301 2806 1355; x_wconf 89' lang='lat' dir='ltr'><strong>omnino</strong></span> <span class='ocrx_word' id='word_1_199' title='bbox 2840 1302 3194 1371; x_wconf 90' lang='lat' dir='ltr'><strong>cogniturum</strong></span> <span class='ocrx_word' id='word_1_200' title='bbox 3225 1307 3279 1355; x_wconf 86' lang='lat' dir='ltr'><strong>et</strong></span> <span class='ocrx_word' id='word_1_201' title='bbox 3307 1301 3549 1354; x_wconf 86' lang='lat' dir='ltr'><strong>Patrem.</strong></span> 
     </span>
    </p>
   </div>
   <div class='ocr_carea' id='block_1_29' title="bbox 1975 1387 3552 1463">
    <p class='ocr_par' dir='ltr' id='par_1_29' title="bbox 1975 1387 3552 1463">
     <span class='ocr_line' id='line_1_29' title="bbox 1975 1387 3552 1463; baseline 0.004 -23"><span class='ocrx_word' id='word_1_202' title='bbox 1975 1387 2038 1442; x_wconf 71' lang='lat' dir='ltr'><strong>[St</strong></span> <span class='ocrx_word' id='word_1_203' title='bbox 2069 1391 2182 1444; x_wconf 73' lang='lat' dir='ltr'><strong>haec</strong></span> <span class='ocrx_word' id='word_1_204' title='bbox 2217 1391 2438 1460; x_wconf 86' lang='lat' dir='ltr'><strong>quidem</strong></span> <span class='ocrx_word' id='word_1_205' title='bbox 2470 1391 2535 1446; x_wconf 89' lang='lat' dir='ltr'><strong>de</strong></span> <span class='ocrx_word' id='word_1_206' title='bbox 2567 1392 2890 1461; x_wconf 86' lang='lat' dir='ltr'><strong>simpliciori</strong></span> <span class='ocrx_word' id='word_1_207' title='bbox 2926 1407 3029 1448; x_wconf 92' lang='lat' dir='ltr'><strong>uec</strong></span> <span class='ocrx_word' id='word_1_208' title='bbox 3057 1392 3329 1462; x_wconf 80' lang='lat' dir='ltr'><strong>exquisita</strong></span> <span class='ocrx_word' id='word_1_209' title='bbox 3357 1395 3552 1463; x_wconf 83' lang='lat' dir='ltr'><strong>cogni-</strong></span> 
     </span>
    </p>
   </div>
   <div class='ocr_carea' id='block_1_30' title="bbox 1970 1483 3549 1557">
    <p class='ocr_par' dir='ltr' id='par_1_30' title="bbox 1970 1483 3549 1557">
     <span class='ocr_line' id='line_1_30' title="bbox 1970 1483 3549 1557; baseline 0.003 -22"><span class='ocrx_word' id='word_1_210' title='bbox 1970 1483 2117 1537; x_wconf 86' lang='lat' dir='ltr'><strong>tione</strong></span> <span class='ocrx_word' id='word_1_211' title='bbox 2143 1483 2356 1538; x_wconf 91' lang='lat' dir='ltr'><strong>dictum</strong></span> <span class='ocrx_word' id='word_1_212' title='bbox 2385 1499 2548 1554; x_wconf 83' lang='lat' dir='ltr'><strong>putes</strong></span> <span class='ocrx_word' id='word_1_213' title='bbox 2577 1505 2588 1541; x_wconf 92' lang='lat'>:</span> <span class='ocrx_word' id='word_1_214' title='bbox 2623 1486 2768 1556; x_wconf 91' lang='lat' dir='ltr'><strong>quod</strong></span> <span class='ocrx_word' id='word_1_215' title='bbox 2799 1487 2844 1541; x_wconf 90' lang='lat' dir='ltr'><strong>si</strong></span> <span class='ocrx_word' id='word_1_216' title='bbox 2872 1489 2998 1557; x_wconf 86' lang='lat' dir='ltr'><strong>quis</strong></span> <span class='ocrx_word' id='word_1_217' title='bbox 3033 1487 3292 1542; x_wconf 88' lang='lat' dir='ltr'><strong>subtilem</strong></span> <span class='ocrx_word' id='word_1_218' title='bbox 3323 1503 3549 1542; x_wconf 85' lang='lat' dir='ltr'><strong>sensum</strong></span> 
     </span>
    </p>
   </div>
   <div class='ocr_carea' id='block_1_31' title="bbox 1975 1571 3552 1645">
    <p class='ocr_par' dir='ltr' id='par_1_31' title="bbox 1975 1571 3552 1645">
     <span class='ocr_line' id='line_1_31' title="bbox 1975 1571 3552 1645; baseline 0.004 -21"><span class='ocrx_word' id='word_1_219' title='bbox 1975 1571 2279 1641; x_wconf 90' lang='lat' dir='ltr'><strong>inquirere,</strong></span> <span class='ocrx_word' id='word_1_220' title='bbox 2319 1582 2373 1627; x_wconf 92' lang='lat' dir='ltr'><strong>et</strong></span> <span class='ocrx_word' id='word_1_221' title='bbox 2409 1591 2498 1629; x_wconf 90' lang='lat' dir='ltr'><strong>res</strong></span> <span class='ocrx_word' id='word_1_222' title='bbox 2535 1575 2684 1644; x_wconf 87' lang='lat' dir='ltr'><strong>ipsas</strong></span> <span class='ocrx_word' id='word_1_223' title='bbox 2720 1577 2960 1645; x_wconf 87' lang='lat' dir='ltr'><strong>penitius</strong></span> <span class='ocrx_word' id='word_1_224' title='bbox 2989 1577 3232 1632; x_wconf 85' lang='lat' dir='ltr'><strong>serutari</strong></span> <span class='ocrx_word' id='word_1_225' title='bbox 3270 1577 3427 1641; x_wconf 85' lang='lat' dir='ltr'><strong>velit,</strong></span> <span class='ocrx_word' id='word_1_226' title='bbox 3461 1577 3552 1631; x_wconf 84' lang='lat' dir='ltr'><strong>Fi-</strong></span> 
     </span>
    </p>
   </div>
   <div class='ocr_carea' id='block_1_32' title="bbox 280 1658 1861 1739">
    <p class='ocr_par' dir='ltr' id='par_1_32' title="bbox 280 1658 1861 1737">
     <span class='ocr_line' id='line_1_32' title="bbox 280 1658 1861 1737; baseline 0.006 -27"><span class='ocrx_word' id='word_1_227' title='bbox 280 1660 373 1711; x_wconf 75' lang='grc' dir='ltr'><strong>καὶ</strong></span> <span class='ocrx_word' id='word_1_228' title='bbox 393 1658 482 1711; x_wconf 73' lang='grc' dir='ltr'><strong>διὰ</strong></span> <span class='ocrx_word' id='word_1_229' title='bbox 503 1658 718 1712; x_wconf 79' lang='grc' dir='ltr'>λεπτῶν</span> <span class='ocrx_word' id='word_1_230' title='bbox 739 1658 1000 1732; x_wconf 79' lang='grc' dir='ltr'>ἔρχεσθαι</span> <span class='ocrx_word' id='word_1_231' title='bbox 1029 1662 1338 1733; x_wconf 83' lang='grc' dir='ltr'>νοημάτων,</span> <span class='ocrx_word' id='word_1_232' title='bbox 1361 1662 1435 1727; x_wconf 84' lang='grc' dir='ltr'>ὡς</span> <span class='ocrx_word' id='word_1_233' title='bbox 1468 1665 1559 1717; x_wconf 72' lang='grc' dir='ltr'><strong>καὶ</strong></span> <span class='ocrx_word' id='word_1_234' title='bbox 1588 1665 1674 1717; x_wconf 76' lang='grc' dir='ltr'><strong>ἐπ’</strong></span> <span class='ocrx_word' id='word_1_235' title='bbox 1695 1665 1861 1737; x_wconf 74' lang='grc' dir='ltr'>αὑτὴν</span> 
     </span>
    </p>
   </div>
   <div class='ocr_carea' id='block_1_33' title="bbox 1965 1658 3551 1739">
    <p class='ocr_par' dir='ltr' id='par_1_33' title="bbox 1972 1663 3551 1739">
     <span class='ocr_line' id='line_1_33' title="bbox 1972 1663 3551 1739; baseline 0.006 -24"><span class='ocrx_word' id='word_1_236' title='bbox 1972 1663 2105 1718; x_wconf 90' lang='lat' dir='ltr'><strong>lium</strong></span> <span class='ocrx_word' id='word_1_237' title='bbox 2137 1681 2265 1720; x_wconf 87' lang='lat' dir='ltr'><strong>vere</strong></span> <span class='ocrx_word' id='word_1_238' title='bbox 2295 1666 2443 1736; x_wconf 91' lang='lat' dir='ltr'><strong>loqui</strong></span> <span class='ocrx_word' id='word_1_239' title='bbox 2479 1682 2675 1722; x_wconf 90' lang='lat' dir='ltr'><strong>rursus</strong></span> <span class='ocrx_word' id='word_1_240' title='bbox 2702 1669 3026 1736; x_wconf 90' lang='lat' dir='ltr'><strong>comperiet.</strong></span> <span class='ocrx_word' id='word_1_241' title='bbox 3081 1668 3292 1722; x_wconf 81' lang='lat' dir='ltr'><strong>Natura</strong></span> <span class='ocrx_word' id='word_1_242' title='bbox 3346 1669 3551 1739; x_wconf 88' lang='lat' dir='ltr'><strong>quippe</strong></span> 
     </span>
    </p>
   </div>
   <div class='ocr_carea' id='block_1_34' title="bbox 281 1751 1870 1828">
    <p class='ocr_par' dir='ltr' id='par_1_34' title="bbox 281 1751 1870 1828">
     <span class='ocr_line' id='line_1_34' title="bbox 281 1751 1870 1828; baseline 0.006 -26"><span class='ocrx_word' id='word_1_243' title='bbox 281 1751 388 1803; x_wconf 88' lang='grc' dir='ltr'><strong>τῶν</strong></span> <span class='ocrx_word' id='word_1_244' title='bbox 424 1754 765 1822; x_wconf 83' lang='grc' dir='ltr'>πραγμάτων</span> <span class='ocrx_word' id='word_1_245' title='bbox 829 1754 1021 1808; x_wconf 77' lang='grc' dir='ltr'>ἐλάσαι</span> <span class='ocrx_word' id='word_1_246' title='bbox 1077 1755 1178 1827; x_wconf 82' lang='grc' dir='ltr'>τὴν</span> <span class='ocrx_word' id='word_1_247' title='bbox 1239 1753 1490 1824; x_wconf 75' lang='grc' dir='ltr'>βάσανον,</span> <span class='ocrx_word' id='word_1_248' title='bbox 1539 1755 1870 1828; x_wconf 85' lang='grc' dir='ltr'>ἀληθεύοντα</span> 
     </span>
    </p>
   </div>
   <div class='ocr_carea' id='block_1_35' title="bbox 283 1842 1866 1917">
    <p class='ocr_par' dir='ltr' id='par_1_35' title="bbox 283 1842 1866 1917">
     <span class='ocr_line' id='line_1_35' title="bbox 283 1842 1866 1917; baseline 0.002 -23"><span class='ocrx_word' id='word_1_249' title='bbox 283 1842 442 1896; x_wconf 80' lang='grc' dir='ltr'>πάλιν</span> <span class='ocrx_word' id='word_1_250' title='bbox 504 1843 730 1914; x_wconf 83' lang='grc' dir='ltr'>εὑρήσει</span> <span class='ocrx_word' id='word_1_251' title='bbox 788 1843 880 1896; x_wconf 82' lang='grc' dir='ltr'><strong>τόν</strong></span> <span class='ocrx_word' id='word_1_252' title='bbox 931 1843 1082 1901; x_wconf 84' lang='grc' dir='ltr'>Υίόν.</span> <span class='ocrx_word' id='word_1_253' title='bbox 1128 1843 1344 1914; x_wconf 86' lang='grc' dir='ltr'>Διανοίᾳ</span> <span class='ocrx_word' id='word_1_254' title='bbox 1388 1843 1487 1914; x_wconf 82' lang='grc' dir='ltr'>μὲν</span> <span class='ocrx_word' id='word_1_255' title='bbox 1528 1843 1636 1916; x_wconf 84' lang='grc' dir='ltr'>γὰρ</span> <span class='ocrx_word' id='word_1_256' title='bbox 1680 1845 1866 1917; x_wconf 81' lang='grc' dir='ltr'>ἁπάσῃ</span> 
     </span>
    </p>
   </div>
   <div class='ocr_carea' id='block_1_36' title="bbox 280 1925 1867 2008">
    <p class='ocr_par' dir='ltr' id='par_1_36' title="bbox 280 1925 1867 2008">
     <span class='ocr_line' id='line_1_36' title="bbox 280 1925 1867 2008; baseline 0.004 -22"><span class='ocrx_word' id='word_1_257' title='bbox 280 1934 560 1999; x_wconf 82' lang='grc' dir='ltr'>παντελῶς</span> <span class='ocrx_word' id='word_1_258' title='bbox 610 1936 895 2008; x_wconf 83' lang='grc' dir='ltr'>ἀχώρητος</span> <span class='ocrx_word' id='word_1_259' title='bbox 936 1938 964 2008; x_wconf 69' lang='grc' dir='ltr'>ἡ</span> <span class='ocrx_word' id='word_1_260' title='bbox 1012 1925 1132 1990; x_wconf 81' lang='grc' dir='ltr'>θεία</span> <span class='ocrx_word' id='word_1_261' title='bbox 1191 1937 1354 2006; x_wconf 80' lang='grc' dir='ltr'>φύσις</span> <span class='ocrx_word' id='word_1_262' title='bbox 1383 1937 1522 2000; x_wconf 70' lang='grc' dir='ltr'>ἐστὶ,</span> <span class='ocrx_word' id='word_1_263' title='bbox 1547 1940 1640 1991; x_wconf 57' lang='grc' dir='ltr'><strong>καὶ⁴</strong></span> <span class='ocrx_word' id='word_1_264' title='bbox 1666 1938 1719 1992; x_wconf 87' lang='grc' dir='ltr'><strong>τί</strong></span> <span class='ocrx_word' id='word_1_265' title='bbox 1746 1939 1867 1993; x_wconf 84' lang='grc' dir='ltr'>κατ’</span> 
     </span>
    </p>
   </div>
   <div class='ocr_carea' id='block_1_37' title="bbox 277 2027 1870 2104">
    <p class='ocr_par' dir='ltr' id='par_1_37' title="bbox 277 2027 1870 2104">
     <span class='ocr_line' id='line_1_37' title="bbox 277 2027 1870 2104; baseline 0.004 -25"><span class='ocrx_word' id='word_1_266' title='bbox 277 2027 467 2080; x_wconf 74' lang='grc' dir='ltr'>οὐσίαν</span> <span class='ocrx_word' id='word_1_267' title='bbox 501 2029 528 2080; x_wconf 86' lang='grc' dir='ltr'><strong>ό</strong></span> <span class='ocrx_word' id='word_1_268' title='bbox 551 2027 662 2081; x_wconf 91' lang='grc' dir='ltr'><strong>τῶν</strong></span> <span class='ocrx_word' id='word_1_269' title='bbox 690 2029 831 2082; x_wconf 82' lang='grc' dir='ltr'>ὅλων</span> <span class='ocrx_word' id='word_1_270' title='bbox 881 2029 1267 2101; x_wconf 86' lang='grc' dir='ltr'>Γενεσιουργὸς</span> <span class='ocrx_word' id='word_1_271' title='bbox 1319 2029 1525 2101; x_wconf 84' lang='grc' dir='ltr'>τολμᾷν</span> <span class='ocrx_word' id='word_1_272' title='bbox 1546 2030 1681 2095; x_wconf 76' lang='grc' dir='ltr'>ὅλως</span> <span class='ocrx_word' id='word_1_273' title='bbox 1714 2049 1870 2104; x_wconf 89' lang='grc' dir='ltr'>περι-</span> 
     </span>
    </p>
   </div>
   <div class='ocr_carea' id='block_1_38' title="bbox 279 2117 1865 2192">
    <p class='ocr_par' dir='ltr' id='par_1_38' title="bbox 279 2117 1865 2192">
     <span class='ocr_line' id='line_1_38' title="bbox 279 2117 1865 2192; baseline 0.004 -23"><span class='ocrx_word' id='word_1_274' title='bbox 279 2117 632 2187; x_wconf 83' lang='grc' dir='ltr'>εργάζεσθαι,</span> <span class='ocrx_word' id='word_1_275' title='bbox 691 2119 1121 2190; x_wconf 75' lang='grc' dir='ltr'>φρενοϐλαϐείας</span> <span class='ocrx_word' id='word_1_276' title='bbox 1162 2119 1383 2192; x_wconf 87' lang='grc' dir='ltr'>ἁπάσης</span> <span class='ocrx_word' id='word_1_277' title='bbox 1413 2120 1689 2188; x_wconf 80' lang='grc' dir='ltr'>ἀπόδειξιν</span> <span class='ocrx_word' id='word_1_278' title='bbox 1732 2121 1865 2192; x_wconf 77' lang='grc' dir='ltr'>ἔχει.</span> 
     </span>
    </p>
   </div>
   <div class='ocr_carea' id='block_1_39' title="bbox 278 2208 1866 2280">
    <p class='ocr_par' dir='ltr' id='par_1_39' title="bbox 278 2208 1866 2280">
     <span class='ocr_line' id='line_1_39' title="bbox 278 2208 1866 2280; baseline 0.004 -20"><span class='ocrx_word' id='word_1_279' title='bbox 278 2208 426 2280; x_wconf 77' lang='grc' dir='ltr'>Πλὴν</span> <span class='ocrx_word' id='word_1_280' title='bbox 470 2209 586 2262; x_wconf 77' lang='grc' dir='ltr'>ἐστι</span> <span class='ocrx_word' id='word_1_281' title='bbox 629 2227 747 2274; x_wconf 87' lang='grc' dir='ltr'><strong>πως</strong></span> <span class='ocrx_word' id='word_1_282' title='bbox 778 2212 930 2280; x_wconf 81' lang='grc' dir='ltr'>ἡμᾶς</span> <span class='ocrx_word' id='word_1_283' title='bbox 978 2229 1122 2274; x_wconf 88' lang='grc' dir='ltr'>τινα,</span> <span class='ocrx_word' id='word_1_284' title='bbox 1167 2211 1243 2275; x_wconf 84' lang='grc' dir='ltr'><strong>ὡς</strong></span> <span class='ocrx_word' id='word_1_285' title='bbox 1277 2212 1336 2264; x_wconf 82' lang='grc' dir='ltr'><strong>ὲν</strong></span> <span class='ocrx_word' id='word_1_286' title='bbox 1369 2214 1548 2276; x_wconf 84' lang='grc' dir='ltr'>σκιαῖς</span> <span class='ocrx_word' id='word_1_287' title='bbox 1607 2214 1700 2267; x_wconf 73' lang='grc' dir='ltr'><strong>καὶ</strong></span> <span class='ocrx_word' id='word_1_288' title='bbox 1727 2214 1866 2266; x_wconf 85' lang='grc' dir='ltr'>αἰνί-</span> 
     </span>
    </p>
   </div>
   <div class='ocr_carea' id='block_1_40' title="bbox 278 2301 1864 2380">
    <p class='ocr_par' dir='ltr' id='par_1_40' title="bbox 278 2301 1864 2380">
     <span class='ocr_line' id='line_1_40' title="bbox 278 2301 1864 2380; baseline 0.004 -26"><span class='ocrx_word' id='word_1_289' title='bbox 278 2301 886 2374; x_wconf 78' lang='grc' dir='ltr'>γμασιν,ἐρανίζεσθαι</span> <span class='ocrx_word' id='word_1_290' title='bbox 941 2304 1168 2372; x_wconf 91' lang='grc' dir='ltr'>γνῶσιν,</span> <span class='ocrx_word' id='word_1_291' title='bbox 1218 2307 1526 2376; x_wconf 85' lang='grc' dir='ltr'>κάτοπτρον</span> <span class='ocrx_word' id='word_1_292' title='bbox 1579 2307 1769 2380; x_wconf 86' lang='grc' dir='ltr'>ῶσπερ</span> <span class='ocrx_word' id='word_1_293' title='bbox 1811 2325 1864 2360; x_wconf 90' lang='grc' dir='ltr'><strong>τι</strong></span> 
     </span>
    </p>
   </div>
   <div class='ocr_carea' id='block_1_41' title="bbox 275 2392 1864 2469">
    <p class='ocr_par' dir='ltr' id='par_1_41' title="bbox 275 2392 1864 2469">
     <span class='ocr_line' id='line_1_41' title="bbox 275 2392 1864 2469; baseline 0.003 -24"><span class='ocrx_word' id='word_1_294' title='bbox 275 2393 680 2464; x_wconf 80' lang='grc' dir='ltr'>παρατιθέντας</span> <span class='ocrx_word' id='word_1_295' title='bbox 723 2392 802 2463; x_wconf 83' lang='grc' dir='ltr'>τῷ</span> <span class='ocrx_word' id='word_1_296' title='bbox 853 2393 935 2447; x_wconf 84' lang='grc' dir='ltr'><strong>νοῒ</strong></span> <span class='ocrx_word' id='word_1_297' title='bbox 968 2394 1076 2448; x_wconf 89' lang='grc' dir='ltr'><strong>τῶν</strong></span> <span class='ocrx_word' id='word_1_298' title='bbox 1107 2395 1337 2450; x_wconf 80' lang='grc' dir='ltr'>ἐνόντων</span> <span class='ocrx_word' id='word_1_299' title='bbox 1374 2395 1864 2469; x_wconf 84' lang='grc' dir='ltr'>πλεονεκτημάτων</span> 
     </span>
    </p>
   </div>
   <div class='ocr_carea' id='block_1_42' title="bbox 272 2481 1864 2559">
    <p class='ocr_par' dir='ltr' id='par_1_42' title="bbox 272 2481 1864 2559">
     <span class='ocr_line' id='line_1_42' title="bbox 272 2481 1864 2559; baseline 0.004 -23"><span class='ocrx_word' id='word_1_300' title='bbox 272 2487 340 2554; x_wconf 84' lang='grc' dir='ltr'>τῇ</span> <span class='ocrx_word' id='word_1_301' title='bbox 363 2483 462 2537; x_wconf 83' lang='grc' dir='ltr'><strong>τοῦ</strong></span> <span class='ocrx_word' id='word_1_302' title='bbox 491 2485 626 2538; x_wconf 80' lang='grc' dir='ltr'>Υἱοῦ</span> <span class='ocrx_word' id='word_1_303' title='bbox 651 2485 807 2555; x_wconf 79' lang='grc' dir='ltr'>φύσει</span> <span class='ocrx_word' id='word_1_304' title='bbox 858 2487 949 2540; x_wconf 84' lang='grc' dir='ltr'><strong>τὸν</strong></span> <span class='ocrx_word' id='word_1_305' title='bbox 984 2487 1305 2556; x_wconf 88' lang='grc' dir='ltr'>κατάλογον.</span> <span class='ocrx_word' id='word_1_306' title='bbox 1348 2489 1438 2554; x_wconf 81' lang='grc' dir='ltr'>Ἐξ</span> <span class='ocrx_word' id='word_1_307' title='bbox 1465 2481 1538 2543; x_wconf 80' lang='grc' dir='ltr'>ὧν</span> <span class='ocrx_word' id='word_1_308' title='bbox 1555 2491 1664 2559; x_wconf 90' lang='grc' dir='ltr'><strong>γάρ</strong></span> <span class='ocrx_word' id='word_1_309' title='bbox 1715 2491 1864 2543; x_wconf 81' lang='grc' dir='ltr'>ἐστιν</span> 
     </span>
    </p>
   </div>
   <div class='ocr_carea' id='block_1_43' title="bbox 272 2572 1865 2654">
    <p class='ocr_par' dir='ltr' id='par_1_43' title="bbox 272 2572 1865 2654">
     <span class='ocr_line' id='line_1_43' title="bbox 272 2572 1865 2654; baseline 0.004 -25"><span class='ocrx_word' id='word_1_310' title='bbox 272 2576 471 2638; x_wconf 72' lang='grc' dir='ltr'>αὐτὸς,</span> <span class='ocrx_word' id='word_1_311' title='bbox 503 2575 678 2642; x_wconf 75' lang='grc' dir='ltr'>καὶὲξ</span> <span class='ocrx_word' id='word_1_312' title='bbox 707 2572 777 2632; x_wconf 80' lang='grc' dir='ltr'><strong>ὧν</strong></span> <span class='ocrx_word' id='word_1_313' title='bbox 811 2577 1070 2649; x_wconf 79' lang='grc' dir='ltr'>εἴργασαι</span> <span class='ocrx_word' id='word_1_314' title='bbox 1099 2577 1213 2651; x_wconf 50' lang='lat' dir='ltr'><strong>np.</strong></span> <span class='ocrx_word' id='word_1_315' title='bbox 1246 2579 1556 2653; x_wconf 64' lang='grc' dir='ltr'>εἴργασται]</span> <span class='ocrx_word' id='word_1_316' title='bbox 1577 2582 1865 2654; x_wconf 88' lang='grc' dir='ltr'>γενόμενος</span> 
     </span>
    </p>
   </div>
   <div class='ocr_carea' id='block_1_44' title="bbox 271 2667 1860 2745">
    <p class='ocr_par' dir='ltr' id='par_1_44' title="bbox 271 2667 1860 2745">
     <span class='ocr_line' id='line_1_44' title="bbox 271 2667 1860 2745; baseline 0.004 -24"><span class='ocrx_word' id='word_1_317' title='bbox 271 2667 596 2738; x_wconf 77' lang='grc' dir='ltr'>ἄνθρωπος,</span> <span class='ocrx_word' id='word_1_318' title='bbox 652 2671 740 2722; x_wconf 81' lang='grc' dir='ltr'>καὶ</span> <span class='ocrx_word' id='word_1_319' title='bbox 779 2671 885 2741; x_wconf 87' lang='grc' dir='ltr'><strong>πρὸ</strong></span> <span class='ocrx_word' id='word_1_320' title='bbox 913 2671 1016 2741; x_wconf 84' lang='grc' dir='ltr'><strong>τῆς</strong></span> <span class='ocrx_word' id='word_1_321' title='bbox 1056 2673 1546 2745; x_wconf 85' lang='grc' dir='ltr'>ὲνανθρωπήσεως,</span> <span class='ocrx_word' id='word_1_322' title='bbox 1586 2675 1860 2743; x_wconf 79' lang='grc' dir='ltr'>ἀναλόγως</span> 
     </span>
    </p>
   </div>
   <div class='ocr_carea' id='block_1_45' title="bbox 273 2759 1862 2837">
    <p class='ocr_par' dir='ltr' id='par_1_45' title="bbox 273 2759 1862 2837">
     <span class='ocr_line' id='line_1_45' title="bbox 273 2759 1862 2837; baseline 0.005 -25"><span class='ocrx_word' id='word_1_323' title='bbox 273 2759 341 2813; x_wconf 81' lang='grc' dir='ltr'><strong>ἀν</strong></span> <span class='ocrx_word' id='word_1_324' title='bbox 366 2777 450 2823; x_wconf 88' lang='grc' dir='ltr'><strong>τις</strong></span> <span class='ocrx_word' id='word_1_325' title='bbox 474 2761 567 2814; x_wconf 80' lang='grc' dir='ltr'>ἐπὶ</span> <span class='ocrx_word' id='word_1_326' title='bbox 594 2761 692 2833; x_wconf 81' lang='grc' dir='ltr'>τὴν</span> <span class='ocrx_word' id='word_1_327' title='bbox 719 2761 814 2816; x_wconf 88' lang='grc' dir='ltr'><strong>τοῦ</strong></span> <span class='ocrx_word' id='word_1_328' title='bbox 838 2762 1089 2826; x_wconf 86' lang='grc' dir='ltr'>τεκόντος</span> <span class='ocrx_word' id='word_1_329' title='bbox 1123 2764 1286 2818; x_wconf 84' lang='grc' dir='ltr'>αὑτὸν</span> <span class='ocrx_word' id='word_1_330' title='bbox 1316 2765 1551 2837; x_wconf 85' lang='grc' dir='ltr'>θεωρίαν</span> <span class='ocrx_word' id='word_1_331' title='bbox 1579 2766 1720 2820; x_wconf 91' lang='grc' dir='ltr'>ἀνίοι</span> <span class='ocrx_word' id='word_1_332' title='bbox 1752 2766 1862 2819; x_wconf 87' lang='grc' dir='ltr'>λοι·</span> 
     </span>
    </p>
   </div>
   <div class='ocr_carea' id='block_1_46' title="bbox 276 2851 1860 2925">
    <p class='ocr_par' dir='ltr' id='par_1_46' title="bbox 276 2851 1860 2925">
     <span class='ocr_line' id='line_1_46' title="bbox 276 2851 1860 2925; baseline 0.003 -23"><span class='ocrx_word' id='word_1_333' title='bbox 276 2851 400 2905; x_wconf 84' lang='grc' dir='ltr'><strong>πὸν.</strong></span> <span class='ocrx_word' id='word_1_334' title='bbox 421 2852 564 2924; x_wconf 84' lang='grc' dir='ltr'>Ὀρα</span> <span class='ocrx_word' id='word_1_335' title='bbox 576 2853 686 2924; x_wconf 82' lang='grc' dir='ltr'><strong>γάρ</strong></span> <span class='ocrx_word' id='word_1_336' title='bbox 717 2869 808 2923; x_wconf 88' lang='grc' dir='ltr'><strong>μοι</strong></span> <span class='ocrx_word' id='word_1_337' title='bbox 830 2853 928 2925; x_wconf 82' lang='grc' dir='ltr'>τὴν</span> <span class='ocrx_word' id='word_1_338' title='bbox 951 2851 1178 2908; x_wconf 81' lang='grc' dir='ltr'>ἐνοῦσαν</span> <span class='ocrx_word' id='word_1_339' title='bbox 1204 2853 1354 2924; x_wconf 82' lang='grc' dir='ltr'>αὐτῷ</span> <span class='ocrx_word' id='word_1_340' title='bbox 1379 2853 1536 2918; x_wconf 79' lang='grc' dir='ltr'>δόξαν</span> <span class='ocrx_word' id='word_1_341' title='bbox 1561 2871 1622 2906; x_wconf 90' lang='grc' dir='ltr'><strong>τε</strong></span> <span class='ocrx_word' id='word_1_342' title='bbox 1653 2855 1747 2908; x_wconf 80' lang='grc' dir='ltr'>καὶ</span> <span class='ocrx_word' id='word_1_343' title='bbox 1771 2855 1860 2910; x_wconf 87' lang='grc' dir='ltr'>δύ-</span> 
     </span>
    </p>
   </div>
   <div class='ocr_carea' id='block_1_47' title="bbox 275 2943 1856 3014">
    <p class='ocr_par' dir='ltr' id='par_1_47' title="bbox 275 2943 1856 3014">
     <span class='ocr_line' id='line_1_47' title="bbox 275 2943 1856 3014; baseline 0.003 -19"><span class='ocrx_word' id='word_1_344' title='bbox 275 2959 461 3014; x_wconf 78' lang='grc' dir='ltr'>ναμιν’</span> <span class='ocrx_word' id='word_1_345' title='bbox 486 2943 650 3012; x_wconf 83' lang='grc' dir='ltr'>βλέπε</span> <span class='ocrx_word' id='word_1_346' title='bbox 665 2943 766 3014; x_wconf 84' lang='grc' dir='ltr'>τὴν</span> <span class='ocrx_word' id='word_1_347' title='bbox 796 2945 882 3011; x_wconf 82' lang='grc' dir='ltr'>ἐφ’</span> <span class='ocrx_word' id='word_1_348' title='bbox 900 2943 1105 2999; x_wconf 75' lang='grc' dir='ltr'>ἅπασιν</span> <span class='ocrx_word' id='word_1_349' title='bbox 1128 2944 1569 3013; x_wconf 86' lang='grc' dir='ltr'>ἀπαραπόδιστον</span> <span class='ocrx_word' id='word_1_350' title='bbox 1589 2945 1856 3009; x_wconf 77' lang='grc' dir='ltr'>ἐξουσίαν.</span> 
     </span>
    </p>
   </div>
   <div class='ocr_carea' id='block_1_48' title="bbox 1971 1755 3547 1830">
    <p class='ocr_par' dir='ltr' id='par_1_48' title="bbox 1971 1755 3547 1830">
     <span class='ocr_line' id='line_1_48' title="bbox 1971 1755 3547 1830; baseline 0.004 -21"><span class='ocrx_word' id='word_1_351' title='bbox 1971 1755 2152 1810; x_wconf 85' lang='lat' dir='ltr'><strong>divina</strong></span> <span class='ocrx_word' id='word_1_352' title='bbox 2185 1758 2389 1812; x_wconf 87' lang='lat' dir='ltr'><strong>nullius</strong></span> <span class='ocrx_word' id='word_1_353' title='bbox 2417 1759 2637 1828; x_wconf 87' lang='lat' dir='ltr'><strong>ingenio</strong></span> <span class='ocrx_word' id='word_1_354' title='bbox 2663 1774 2894 1828; x_wconf 88' lang='lat' dir='ltr'><strong>prorsus</strong></span> <span class='ocrx_word' id='word_1_355' title='bbox 2919 1760 3309 1830; x_wconf 81' lang='lat' dir='ltr'><strong>comprehendi</strong></span> <span class='ocrx_word' id='word_1_356' title='bbox 3336 1767 3547 1830; x_wconf 88' lang='lat' dir='ltr'><strong>potest,</strong></span> 
     </span>
    </p>
   </div>
   <div class='ocr_carea' id='block_1_49' title="bbox 1969 1849 3547 1918">
    <p class='ocr_par' dir='ltr' id='par_1_49' title="bbox 1969 1849 3547 1918">
     <span class='ocr_line' id='line_1_49' title="bbox 1969 1849 3547 1918; baseline 0.003 -16"><span class='ocrx_word' id='word_1_357' title='bbox 1969 1855 2022 1903; x_wconf 87' lang='lat' dir='ltr'><strong>et</strong></span> <span class='ocrx_word' id='word_1_358' title='bbox 2054 1849 2185 1918; x_wconf 89' lang='lat' dir='ltr'><strong>quid</strong></span> <span class='ocrx_word' id='word_1_359' title='bbox 2216 1849 2522 1904; x_wconf 86' lang='lat' dir='ltr'><strong>secundum</strong></span> <span class='ocrx_word' id='word_1_360' title='bbox 2561 1851 2939 1906; x_wconf 84' lang='lat' dir='ltr'><strong>substantiam</strong></span> <span class='ocrx_word' id='word_1_361' title='bbox 2973 1853 3046 1907; x_wconf 90' lang='lat' dir='ltr'><strong>sit</strong></span> <span class='ocrx_word' id='word_1_362' title='bbox 3081 1868 3263 1906; x_wconf 89' lang='lat' dir='ltr'><strong>rerum</strong></span> <span class='ocrx_word' id='word_1_363' title='bbox 3300 1853 3547 1907; x_wconf 82' lang='lat' dir='ltr'><strong>omnium</strong></span> 
     </span>
    </p>
   </div>
   <div class='ocr_carea' id='block_1_50' title="bbox 1970 1943 3550 2016">
    <p class='ocr_par' dir='ltr' id='par_1_50' title="bbox 1970 1943 3550 2016">
     <span class='ocr_line' id='line_1_50' title="bbox 1970 1943 3550 2016; baseline 0.004 -22"><span class='ocrx_word' id='word_1_364' title='bbox 1970 1951 2165 1996; x_wconf 84' lang='lat' dir='ltr'><strong>auctor</strong></span> <span class='ocrx_word' id='word_1_365' title='bbox 2193 1943 2434 1998; x_wconf 87' lang='lat' dir='ltr'><strong>scrutari</strong></span> <span class='ocrx_word' id='word_1_366' title='bbox 2463 1945 2625 2012; x_wconf 82' lang='lat' dir='ltr'><strong>plane</strong></span> <span class='ocrx_word' id='word_1_367' title='bbox 2653 1944 2890 2010; x_wconf 88' lang='lat' dir='ltr'><strong>audere,</strong></span> <span class='ocrx_word' id='word_1_368' title='bbox 2919 1954 3181 2000; x_wconf 81' lang='lat' dir='ltr'><strong>extremae</strong></span> <span class='ocrx_word' id='word_1_369' title='bbox 3212 1946 3435 2016; x_wconf 88' lang='lat' dir='ltr'><strong>signum</strong></span> <span class='ocrx_word' id='word_1_370' title='bbox 3464 1957 3550 2001; x_wconf 87' lang='lat' dir='ltr'><strong>est</strong></span> 
     </span>
    </p>
   </div>
   <div class='ocr_carea' id='block_1_51' title="bbox 1968 2032 3548 2108">
    <p class='ocr_par' dir='ltr' id='par_1_51' title="bbox 1968 2032 3548 2108">
     <span class='ocr_line' id='line_1_51' title="bbox 1968 2032 3548 2108; baseline 0.004 -23"><span class='ocrx_word' id='word_1_371' title='bbox 1968 2032 2277 2088; x_wconf 61' lang='lat' dir='ltr'><strong>dementia).</strong></span> <span class='ocrx_word' id='word_1_372' title='bbox 2299 2033 2689 2090; x_wconf 77' lang='lat' dir='ltr'><strong>Verumtamen</strong></span> <span class='ocrx_word' id='word_1_373' title='bbox 2704 2037 3081 2107; x_wconf 84' lang='lat' dir='ltr'><strong>cognitionem</strong></span> <span class='ocrx_word' id='word_1_374' title='bbox 3108 2039 3404 2108; x_wconf 86' lang='lat' dir='ltr'><strong>quamdam</strong></span> <span class='ocrx_word' id='word_1_375' title='bbox 3427 2045 3548 2092; x_wconf 85' lang='lat' dir='ltr'><strong>tan-</strong></span> 
     </span>
    </p>
   </div>
   <div class='ocr_carea' id='block_1_52' title="bbox 1967 2127 3548 2201">
    <p class='ocr_par' dir='ltr' id='par_1_52' title="bbox 1967 2127 3548 2201">
     <span class='ocr_line' id='line_1_52' title="bbox 1967 2127 3548 2201; baseline 0.006 -25"><span class='ocrx_word' id='word_1_376' title='bbox 1967 2138 2130 2193; x_wconf 88' lang='lat' dir='ltr'><strong>quam</strong></span> <span class='ocrx_word' id='word_1_377' title='bbox 2160 2127 2214 2178; x_wconf 92' lang='lat' dir='ltr'><strong>in</strong></span> <span class='ocrx_word' id='word_1_378' title='bbox 2253 2127 2464 2181; x_wconf 85' lang='lat' dir='ltr'><strong>umbris</strong></span> <span class='ocrx_word' id='word_1_379' title='bbox 2509 2137 2563 2181; x_wconf 90' lang='lat' dir='ltr'><strong>et</strong></span> <span class='ocrx_word' id='word_1_380' title='bbox 2609 2127 2923 2198; x_wconf 65' lang='lat' dir='ltr'><strong>aenigmatis</strong></span> <span class='ocrx_word' id='word_1_381' title='bbox 2959 2145 3291 2200; x_wconf 90' lang='lat' dir='ltr'><strong>comparare</strong></span> <span class='ocrx_word' id='word_1_382' title='bbox 3344 2146 3548 2201; x_wconf 87' lang='lat' dir='ltr'><strong>possu-</strong></span> 
     </span>
    </p>
   </div>
   <div class='ocr_carea' id='block_1_53' title="bbox 1968 2218 3547 2293">
    <p class='ocr_par' dir='ltr' id='par_1_53' title="bbox 1968 2218 3547 2293">
     <span class='ocr_line' id='line_1_53' title="bbox 1968 2218 3547 2293; baseline 0.006 -25"><span class='ocrx_word' id='word_1_383' title='bbox 1968 2230 2090 2270; x_wconf 91' lang='lat' dir='ltr'><strong>mus</strong></span> <span class='ocrx_word' id='word_1_384' title='bbox 2111 2256 2126 2281; x_wconf 91' lang='lat'><strong>,</strong></span> <span class='ocrx_word' id='word_1_385' title='bbox 2163 2218 2448 2286; x_wconf 89' lang='lat' dir='ltr'><strong>speculum</strong></span> <span class='ocrx_word' id='word_1_386' title='bbox 2481 2218 2652 2274; x_wconf 90' lang='lat' dir='ltr'><strong>veluti</strong></span> <span class='ocrx_word' id='word_1_387' title='bbox 2689 2220 2969 2290; x_wconf 87' lang='lat' dir='ltr'><strong>quoddam</strong></span> <span class='ocrx_word' id='word_1_388' title='bbox 3004 2224 3176 2276; x_wconf 90' lang='lat' dir='ltr'><strong>menti</strong></span> <span class='ocrx_word' id='word_1_389' title='bbox 3206 2231 3547 2293; x_wconf 88' lang='lat' dir='ltr'><strong>opponentes</strong></span> 
     </span>
    </p>
   </div>
   <div class='ocr_carea' id='block_1_54' title="bbox 1965 2308 3547 2383">
    <p class='ocr_par' dir='ltr' id='par_1_54' title="bbox 1965 2308 3547 2383">
     <span class='ocr_line' id='line_1_54' title="bbox 1965 2308 3547 2383; baseline 0.002 -21"><span class='ocrx_word' id='word_1_390' title='bbox 1965 2323 2059 2362; x_wconf 88' lang='lat' dir='ltr'><strong>eas</strong></span> <span class='ocrx_word' id='word_1_391' title='bbox 2090 2324 2212 2378; x_wconf 74' lang='lat' dir='ltr'><strong>quae</strong></span> <span class='ocrx_word' id='word_1_392' title='bbox 2245 2308 2368 2364; x_wconf 85' lang='lat' dir='ltr'><strong>Filii</strong></span> <span class='ocrx_word' id='word_1_393' title='bbox 2406 2318 2618 2366; x_wconf 68' lang='lat' dir='ltr'><strong>natura:</strong></span> <span class='ocrx_word' id='word_1_394' title='bbox 2654 2312 2882 2379; x_wconf 90' lang='lat' dir='ltr'><strong>insunt,</strong></span> <span class='ocrx_word' id='word_1_395' title='bbox 2917 2315 3333 2383; x_wconf 66' lang='lat' dir='ltr'><strong>praerogativas.</strong></span> <span class='ocrx_word' id='word_1_396' title='bbox 3368 2314 3446 2368; x_wconf 79' lang='lat' dir='ltr'><strong>Ex</strong></span> <span class='ocrx_word' id='word_1_397' title='bbox 3478 2330 3547 2369; x_wconf 81' lang='lat' dir='ltr'><strong>eo</strong></span> 
     </span>
    </p>
   </div>
   <div class='ocr_carea' id='block_1_55' title="bbox 1967 2400 3546 2476">
    <p class='ocr_par' dir='ltr' id='par_1_55' title="bbox 1967 2400 3546 2476">
     <span class='ocr_line' id='line_1_55' title="bbox 1967 2400 3546 2476; baseline 0.005 -22"><span class='ocrx_word' id='word_1_398' title='bbox 1967 2400 2113 2454; x_wconf 88' lang='lat' dir='ltr'><strong>enim</strong></span> <span class='ocrx_word' id='word_1_399' title='bbox 2167 2401 2316 2471; x_wconf 91' lang='lat' dir='ltr'><strong>quod</strong></span> <span class='ocrx_word' id='word_1_400' title='bbox 2371 2411 2455 2458; x_wconf 89' lang='lat' dir='ltr'><strong>est</strong></span> <span class='ocrx_word' id='word_1_401' title='bbox 2506 2403 2656 2472; x_wconf 90' lang='lat' dir='ltr'><strong>ipse,</strong></span> <span class='ocrx_word' id='word_1_402' title='bbox 2693 2412 2746 2458; x_wconf 90' lang='lat' dir='ltr'><strong>et</strong></span> <span class='ocrx_word' id='word_1_403' title='bbox 2776 2420 2840 2459; x_wconf 84' lang='lat' dir='ltr'><strong>ex</strong></span> <span class='ocrx_word' id='word_1_404' title='bbox 2879 2405 2948 2461; x_wconf 91' lang='lat' dir='ltr'><strong>iis</strong></span> <span class='ocrx_word' id='word_1_405' title='bbox 2982 2421 3105 2476; x_wconf 78' lang='lat' dir='ltr'><strong>quae</strong></span> <span class='ocrx_word' id='word_1_406' title='bbox 3141 2407 3259 2476; x_wconf 88' lang='lat' dir='ltr'><strong>ipse</strong></span> <span class='ocrx_word' id='word_1_407' title='bbox 3286 2416 3546 2476; x_wconf 88' lang='lat' dir='ltr'><strong>operatus</strong></span> 
     </span>
    </p>
   </div>
   <div class='ocr_carea' id='block_1_56' title="bbox 1964 2492 3546 2563">
    <p class='ocr_par' dir='ltr' id='par_1_56' title="bbox 1964 2492 3546 2563">
     <span class='ocr_line' id='line_1_56' title="bbox 1964 2492 3546 2563; baseline 0.005 -19"><span class='ocrx_word' id='word_1_408' title='bbox 1964 2499 2085 2554; x_wconf 91' lang='lat' dir='ltr'><strong>est,</strong></span> <span class='ocrx_word' id='word_1_409' title='bbox 2117 2503 2404 2563; x_wconf 87' lang='lat' dir='ltr'><strong>postquam</strong></span> <span class='ocrx_word' id='word_1_410' title='bbox 2439 2492 2618 2549; x_wconf 82' lang='lat' dir='ltr'><strong>factus</strong></span> <span class='ocrx_word' id='word_1_411' title='bbox 2649 2495 2813 2550; x_wconf 91' lang='lat' dir='ltr'><strong>homo</strong></span> <span class='ocrx_word' id='word_1_412' title='bbox 2843 2505 2928 2552; x_wconf 92' lang='lat' dir='ltr'><strong>est</strong></span> <span class='ocrx_word' id='word_1_413' title='bbox 2950 2535 2965 2560; x_wconf 92' lang='lat'><strong>,</strong></span> <span class='ocrx_word' id='word_1_414' title='bbox 3013 2507 3068 2552; x_wconf 89' lang='lat' dir='ltr'><strong>et</strong></span> <span class='ocrx_word' id='word_1_415' title='bbox 3111 2509 3242 2552; x_wconf 87' lang='lat' dir='ltr'><strong>ante</strong></span> <span class='ocrx_word' id='word_1_416' title='bbox 3285 2498 3546 2552; x_wconf 83' lang='lat' dir='ltr'><strong>incarna-</strong></span> 
     </span>
    </p>
   </div>
   <div class='ocr_carea' id='block_1_57' title="bbox 1964 2582 3623 2656">
    <p class='ocr_par' dir='ltr' id='par_1_57' title="bbox 1964 2582 3623 2656">
     <span class='ocr_line' id='line_1_57' title="bbox 1964 2582 3623 2656; baseline 0.004 -20"><span class='ocrx_word' id='word_1_417' title='bbox 1964 2582 2170 2637; x_wconf 89' lang='lat' dir='ltr'><strong>tionem</strong></span> <span class='ocrx_word' id='word_1_418' title='bbox 2192 2625 2206 2649; x_wconf 93' lang='lat'><strong>,</strong></span> <span class='ocrx_word' id='word_1_419' title='bbox 2234 2585 2300 2637; x_wconf 90' lang='lat' dir='ltr'><strong>ad</strong></span> <span class='ocrx_word' id='word_1_420' title='bbox 2327 2583 2583 2637; x_wconf 87' lang='lat' dir='ltr'><strong>notitiam</strong></span> <span class='ocrx_word' id='word_1_421' title='bbox 2607 2595 2659 2638; x_wconf 88' lang='lat' dir='ltr'><strong>et</strong></span> <span class='ocrx_word' id='word_1_422' title='bbox 2681 2587 3203 2656; x_wconf 90' lang='lat' dir='ltr'><strong>contemplationem</strong></span> <span class='ocrx_word' id='word_1_423' title='bbox 3249 2588 3430 2644; x_wconf 87' lang='lat' dir='ltr'><strong>Patris</strong></span> <span class='ocrx_word' id='word_1_424' title='bbox 3463 2591 3542 2644; x_wconf 89' lang='lat' dir='ltr'><strong>si-</strong></span> <span class='ocrx_word' id='word_1_425' title='bbox 3621 2589 3623 2591; x_wconf 81' lang='grc'><em>’</em></span> 
     </span>
    </p>
   </div>
   <div class='ocr_carea' id='block_1_58' title="bbox 1964 2674 3540 2745">
    <p class='ocr_par' dir='ltr' id='par_1_58' title="bbox 1964 2674 3540 2745">
     <span class='ocr_line' id='line_1_58' title="bbox 1964 2674 3540 2745; baseline 0.004 -17"><span class='ocrx_word' id='word_1_426' title='bbox 1964 2674 2076 2728; x_wconf 92' lang='lat' dir='ltr'><strong>mili</strong></span> <span class='ocrx_word' id='word_1_427' title='bbox 2138 2677 2350 2730; x_wconf 85' lang='lat' dir='ltr'><strong>ratione</strong></span> <span class='ocrx_word' id='word_1_428' title='bbox 2398 2678 2616 2732; x_wconf 90' lang='lat' dir='ltr'><strong>demum</strong></span> <span class='ocrx_word' id='word_1_429' title='bbox 2669 2678 2962 2735; x_wconf 90' lang='lat' dir='ltr'><strong>ascendes.</strong></span> <span class='ocrx_word' id='word_1_430' title='bbox 3015 2676 3154 2734; x_wconf 82' lang='lat' dir='ltr'><strong>Vide</strong></span> <span class='ocrx_word' id='word_1_431' title='bbox 3201 2679 3352 2733; x_wconf 87' lang='lat' dir='ltr'><strong>enim</strong></span> <span class='ocrx_word' id='word_1_432' title='bbox 3384 2680 3540 2745; x_wconf 91' lang='lat' dir='ltr'><strong>mihi,</strong></span> 
     </span>
    </p>
   </div>
   <div class='ocr_carea' id='block_1_59' title="bbox 1963 2768 3541 2843">
    <p class='ocr_par' dir='ltr' id='par_1_59' title="bbox 1963 2768 3541 2843">
     <span class='ocr_line' id='line_1_59' title="bbox 1963 2768 3541 2843; baseline 0.003 -23"><span class='ocrx_word' id='word_1_433' title='bbox 1963 2782 2151 2835; x_wconf 65' lang='lat' dir='ltr'><strong>quaeso</strong></span> <span class='ocrx_word' id='word_1_434' title='bbox 2173 2807 2186 2832; x_wconf 94' lang='lat'><strong>,</strong></span> <span class='ocrx_word' id='word_1_435' title='bbox 2223 2768 2453 2843; x_wconf 81' lang='lat' dir='ltr'><strong>gloriam</strong></span> <span class='ocrx_word' id='word_1_436' title='bbox 2487 2769 2608 2839; x_wconf 89' lang='lat' dir='ltr'><strong>ejus</strong></span> <span class='ocrx_word' id='word_1_437' title='bbox 2640 2785 2704 2825; x_wconf 89' lang='lat' dir='ltr'><strong>ac</strong></span> <span class='ocrx_word' id='word_1_438' title='bbox 2743 2771 2997 2824; x_wconf 87' lang='lat' dir='ltr'><strong>virtutem</strong></span> <span class='ocrx_word' id='word_1_439' title='bbox 3030 2789 3043 2822; x_wconf 90' lang='lat'><strong>:</strong></span> <span class='ocrx_word' id='word_1_440' title='bbox 3077 2770 3200 2824; x_wconf 86' lang='lat' dir='ltr'><strong>vide</strong></span> <span class='ocrx_word' id='word_1_441' title='bbox 3229 2786 3541 2840; x_wconf 80' lang='lat' dir='ltr'><strong>supremam</strong></span> 
     </span>
    </p>
   </div>
   <div class='ocr_carea' id='block_1_60' title="bbox 1963 2853 3544 2930">
    <p class='ocr_par' dir='ltr' id='par_1_60' title="bbox 1963 2853 3544 2930">
     <span class='ocr_line' id='line_1_60' title="bbox 1963 2853 3544 2930; baseline 0.003 -18"><span class='ocrx_word' id='word_1_442' title='bbox 1963 2857 2017 2912; x_wconf 87' lang='lat' dir='ltr'><strong>in</strong></span> <span class='ocrx_word' id='word_1_443' title='bbox 2051 2860 2308 2913; x_wconf 90' lang='lat' dir='ltr'><strong>omnibus</strong></span> <span class='ocrx_word' id='word_1_444' title='bbox 2344 2859 2510 2914; x_wconf 88' lang='lat' dir='ltr'><strong>rebus</strong></span> <span class='ocrx_word' id='word_1_445' title='bbox 2547 2853 2898 2930; x_wconf 82' lang='lat' dir='ltr'><strong>potestatem.</strong></span> <span class='ocrx_word' id='word_1_446' title='bbox 2949 2859 3090 2927; x_wconf 87' lang='lat' dir='ltr'><strong>Quid</strong></span> <span class='ocrx_word' id='word_1_447' title='bbox 3124 2861 3293 2926; x_wconf 91' lang='lat' dir='ltr'><strong>enim,</strong></span> <span class='ocrx_word' id='word_1_448' title='bbox 3347 2860 3544 2916; x_wconf 88' lang='lat' dir='ltr'><strong>amabo</strong></span> 
     </span>
    </p>
   </div>
   <div class='ocr_carea' id='block_1_61' title="bbox 1963 2954 3540 3021">
    <p class='ocr_par' dir='ltr' id='par_1_61' title="bbox 1963 2954 3540 3021">
     <span class='ocr_line' id='line_1_61' title="bbox 1963 2954 3540 3021; baseline 0.001 -17"><span class='ocrx_word' id='word_1_449' title='bbox 1963 2958 2055 3016; x_wconf 90' lang='lat' dir='ltr'><strong>te,</strong></span> <span class='ocrx_word' id='word_1_450' title='bbox 2111 2958 2223 3004; x_wconf 90' lang='lat' dir='ltr'><strong>tam</strong></span> <span class='ocrx_word' id='word_1_451' title='bbox 2275 2967 2442 3021; x_wconf 88' lang='lat' dir='ltr'><strong>supra</strong></span> <span class='ocrx_word' id='word_1_452' title='bbox 2499 2954 2810 3008; x_wconf 89' lang='lat' dir='ltr'><strong>orationem</strong></span> <span class='ocrx_word' id='word_1_453' title='bbox 2860 2968 3078 3009; x_wconf 93' lang='lat' dir='ltr'><strong>omnem</strong></span> <span class='ocrx_word' id='word_1_454' title='bbox 3130 2960 3214 3008; x_wconf 90' lang='lat' dir='ltr'><strong>est</strong></span> <span class='ocrx_word' id='word_1_455' title='bbox 3263 2954 3540 3021; x_wconf 90' lang='lat' dir='ltr'><strong>positum,</strong></span> 
     </span>
    </p>
   </div>
   <div class='ocr_carea' id='block_1_62' title="bbox 279 3035 1861 3113">
    <p class='ocr_par' dir='ltr' id='par_1_62' title="bbox 279 3035 1859 3109">
     <span class='ocr_line' id='line_1_62' title="bbox 279 3035 1859 3109; baseline 0.003 -21"><span class='ocrx_word' id='word_1_456' title='bbox 279 3035 344 3088; x_wconf 90' lang='grc' dir='ltr'>Τί</span> <span class='ocrx_word' id='word_1_457' title='bbox 375 3036 507 3106; x_wconf 77' lang='grc' dir='ltr'>γάρ,</span> <span class='ocrx_word' id='word_1_458' title='bbox 535 3037 659 3090; x_wconf 88' lang='grc' dir='ltr'>είπέ</span> <span class='ocrx_word' id='word_1_459' title='bbox 693 3053 804 3106; x_wconf 89' lang='grc' dir='ltr'>μοι,</span> <span class='ocrx_word' id='word_1_460' title='bbox 833 3037 930 3090; x_wconf 76' lang='grc' dir='ltr'><strong>καὶ</strong></span> <span class='ocrx_word' id='word_1_461' title='bbox 957 3037 1064 3091; x_wconf 85' lang='grc' dir='ltr'><strong>τῶν</strong></span> <span class='ocrx_word' id='word_1_462' title='bbox 1087 3036 1226 3107; x_wconf 82' lang='grc' dir='ltr'>ὑπὲρ</span> <span class='ocrx_word' id='word_1_463' title='bbox 1250 3037 1407 3104; x_wconf 90' lang='grc' dir='ltr'>λόγον</span> <span class='ocrx_word' id='word_1_464' title='bbox 1435 3037 1859 3109; x_wconf 83' lang='grc' dir='ltr'>οὑκ”ὲλευθέροις</span> 
     </span>
    </p>
   </div>
   <div class='ocr_carea' id='block_1_63' title="bbox 1965 3035 3544 3113">
    <p class='ocr_par' dir='ltr' id='par_1_63' title="bbox 1965 3044 3544 3113">
     <span class='ocr_line' id='line_1_63' title="bbox 1965 3044 3544 3113; baseline 0.003 -17"><span class='ocrx_word' id='word_1_465' title='bbox 1965 3044 2110 3113; x_wconf 91' lang='lat' dir='ltr'><strong>quod</strong></span> <span class='ocrx_word' id='word_1_466' title='bbox 2159 3044 2335 3099; x_wconf 88' lang='lat' dir='ltr'><strong>libero</strong></span> <span class='ocrx_word' id='word_1_467' title='bbox 2379 3053 2514 3098; x_wconf 89' lang='lat' dir='ltr'><strong>nutu</strong></span> <span class='ocrx_word' id='word_1_468' title='bbox 2567 3044 2772 3100; x_wconf 83' lang='lat' dir='ltr'><strong>fecisse</strong></span> <span class='ocrx_word' id='word_1_469' title='bbox 2822 3061 2929 3100; x_wconf 93' lang='lat' dir='ltr'><strong>non</strong></span> <span class='ocrx_word' id='word_1_470' title='bbox 2973 3054 3264 3109; x_wconf 88' lang='lat' dir='ltr'><strong>cernatur,</strong></span> <span class='ocrx_word' id='word_1_471' title='bbox 3317 3052 3373 3100; x_wconf 90' lang='lat' dir='ltr'><strong>et</strong></span> <span class='ocrx_word' id='word_1_472' title='bbox 3415 3054 3544 3100; x_wconf 90' lang='lat' dir='ltr'><strong>ante</strong></span> 
     </span>
    </p>
   </div>
   <div class='ocr_carea' id='block_1_64' title="bbox 278 3127 1860 3200">
    <p class='ocr_par' dir='ltr' id='par_1_64' title="bbox 278 3127 1860 3200">
     <span class='ocr_line' id='line_1_64' title="bbox 278 3127 1860 3200; baseline 0 -16"><span class='ocrx_word' id='word_1_473' title='bbox 278 3127 513 3198; x_wconf 80' lang='grc' dir='ltr'>νεύμασι</span> <span class='ocrx_word' id='word_1_474' title='bbox 556 3128 912 3199; x_wconf 85' lang='grc' dir='ltr'>κατορθώσας</span> <span class='ocrx_word' id='word_1_475' title='bbox 950 3129 1167 3199; x_wconf 80' lang='grc' dir='ltr'>ὁρᾶται,</span> <span class='ocrx_word' id='word_1_476' title='bbox 1222 3129 1316 3182; x_wconf 76' lang='grc' dir='ltr'>καὶ</span> <span class='ocrx_word' id='word_1_477' title='bbox 1361 3128 1467 3200; x_wconf 85' lang='grc' dir='ltr'><strong>πρὸ</strong></span> <span class='ocrx_word' id='word_1_478' title='bbox 1508 3129 1729 3200; x_wconf 77' lang='grc' dir='ltr'>σαρκὸς,</span> <span class='ocrx_word' id='word_1_479' title='bbox 1764 3131 1860 3184; x_wconf 78' lang='grc' dir='ltr'>καὶ</span> 
     </span>
    </p>
   </div>
   <div class='ocr_carea' id='block_1_65' title="bbox 283 3219 1861 3290">
    <p class='ocr_par' dir='ltr' id='par_1_65' title="bbox 283 3219 1861 3290">
     <span class='ocr_line' id='line_1_65' title="bbox 283 3219 1861 3290; baseline 0.001 -18"><span class='ocrx_word' id='word_1_480' title='bbox 283 3219 420 3289; x_wconf 82' lang='grc' dir='ltr'><strong>μετά</strong></span> <span class='ocrx_word' id='word_1_481' title='bbox 488 3220 728 3290; x_wconf 85' lang='grc' dir='ltr'>σαρκός;</span> <span class='ocrx_word' id='word_1_482' title='bbox 792 3219 932 3272; x_wconf 83' lang='grc' dir='ltr'>Ἀλλ’</span> <span class='ocrx_word' id='word_1_483' title='bbox 972 3222 1000 3272; x_wconf 82' lang='grc' dir='ltr'><strong>ὁ</strong></span> <span class='ocrx_word' id='word_1_484' title='bbox 1046 3220 1300 3284; x_wconf 88' lang='grc' dir='ltr'>τοσοῦτος</span> <span class='ocrx_word' id='word_1_485' title='bbox 1352 3221 1486 3290; x_wconf 74' lang='grc' dir='ltr'>ἡμῖν</span> <span class='ocrx_word' id='word_1_486' title='bbox 1554 3220 1621 3272; x_wconf 88' lang='grc' dir='ltr'><strong>δι’</strong></span> <span class='ocrx_word' id='word_1_487' title='bbox 1683 3221 1861 3274; x_wconf 88' lang='grc' dir='ltr'>αὑτῶν</span> 
     </span>
    </p>
   </div>
   <div class='ocr_carea' id='block_1_66' title="bbox 277 3309 1862 3384">
    <p class='ocr_par' dir='ltr' id='par_1_66' title="bbox 277 3309 1862 3384">
     <span class='ocr_line' id='line_1_66' title="bbox 277 3309 1862 3384; baseline 0.003 -22"><span class='ocrx_word' id='word_1_488' title='bbox 277 3309 466 3380; x_wconf 72' lang='grc' dir='ltr'>ὀφθεὶς</span> <span class='ocrx_word' id='word_1_489' title='bbox 517 3311 882 3382; x_wconf 84' lang='grc' dir='ltr'>πραγμάτων,</span> <span class='ocrx_word' id='word_1_490' title='bbox 924 3328 942 3361; x_wconf 74' lang='grc' dir='ltr'><strong>ι</strong></span> <span class='ocrx_word' id='word_1_491' title='bbox 985 3309 1144 3380; x_wconf 83' lang='grc' dir='ltr'>Ἐγὼ,</span> <span class='ocrx_word' id='word_1_492' title='bbox 1177 3312 1331 3382; x_wconf 67' lang='grc' dir='ltr'>φησι,</span> <span class='ocrx_word' id='word_1_493' title='bbox 1390 3313 1484 3365; x_wconf 77' lang='grc' dir='ltr'><strong>καὶ</strong></span> <span class='ocrx_word' id='word_1_494' title='bbox 1513 3313 1541 3365; x_wconf 87' lang='grc' dir='ltr'>ὁ</span> <span class='ocrx_word' id='word_1_495' title='bbox 1586 3312 1774 3384; x_wconf 80' lang='grc' dir='ltr'>Πατὴρ</span> <span class='ocrx_word' id='word_1_496' title='bbox 1803 3313 1862 3366; x_wconf 76' lang='grc' dir='ltr'>ἓν</span> 
     </span>
    </p>
   </div>
   <div class='ocr_carea' id='block_1_67' title="bbox 272 3403 1860 3477">
    <p class='ocr_par' dir='ltr' id='par_1_67' title="bbox 272 3403 1860 3477">
     <span class='ocr_line' id='line_1_67' title="bbox 272 3403 1860 3477; baseline 0.002 -21"><span class='ocrx_word' id='word_1_497' title='bbox 272 3404 440 3473; x_wconf 68' lang='grc' dir='ltr'>ἐσμεν</span> <span class='ocrx_word' id='word_1_498' title='bbox 460 3419 475 3433; x_wconf 88' lang='grc'><strong>·</strong></span> <span class='ocrx_word' id='word_1_499' title='bbox 507 3405 536 3457; x_wconf 89' lang='grc' dir='ltr'><strong>ό</strong></span> <span class='ocrx_word' id='word_1_500' title='bbox 558 3403 819 3474; x_wconf 75' lang='grc' dir='ltr'>ἑωρακὼς</span> <span class='ocrx_word' id='word_1_501' title='bbox 854 3405 974 3474; x_wconf 80' lang='grc' dir='ltr'>ἐμὲ,</span> <span class='ocrx_word' id='word_1_502' title='bbox 1009 3403 1223 3476; x_wconf 80' lang='grc' dir='ltr'>ἑώρακε</span> <span class='ocrx_word' id='word_1_503' title='bbox 1248 3406 1339 3459; x_wconf 85' lang='grc' dir='ltr'><strong>τὸν</strong></span> <span class='ocrx_word' id='word_1_504' title='bbox 1369 3405 1610 3477; x_wconf 85' lang='grc' dir='ltr'>Πατέρα.</span> <span class='ocrx_word' id='word_1_505' title='bbox 1639 3423 1656 3456; x_wconf 78' lang='grc' dir='ltr'><strong>ι</strong></span> <span class='ocrx_word' id='word_1_506' title='bbox 1697 3405 1860 3460; x_wconf 83' lang='grc' dir='ltr'>Ἰτέον</span> 
     </span>
    </p>
   </div>
   <div class='ocr_carea' id='block_1_68' title="bbox 275 3492 1861 3570">
    <p class='ocr_par' dir='ltr' id='par_1_68' title="bbox 275 3492 1861 3570">
     <span class='ocr_line' id='line_1_68' title="bbox 275 3492 1861 3570; baseline 0.001 -20"><span class='ocrx_word' id='word_1_507' title='bbox 275 3492 371 3551; x_wconf 83' lang='grc' dir='ltr'><strong>οῦν</strong></span> <span class='ocrx_word' id='word_1_508' title='bbox 388 3495 500 3568; x_wconf 81' lang='grc' dir='ltr'><strong>ἀρα</strong></span> <span class='ocrx_word' id='word_1_509' title='bbox 528 3495 675 3552; x_wconf 78' lang='grc' dir='ltr'>κατὰ</span> <span class='ocrx_word' id='word_1_510' title='bbox 701 3497 800 3569; x_wconf 81' lang='grc' dir='ltr'>τὴν</span> <span class='ocrx_word' id='word_1_511' title='bbox 837 3498 931 3552; x_wconf 90' lang='grc' dir='ltr'><strong>τοῦ</strong></span> <span class='ocrx_word' id='word_1_512' title='bbox 973 3497 1336 3570; x_wconf 83' lang='grc' dir='ltr'>προκειμένου</span> <span class='ocrx_word' id='word_1_513' title='bbox 1372 3498 1600 3567; x_wconf 87' lang='grc' dir='ltr'>δύναμιν</span> <span class='ocrx_word' id='word_1_514' title='bbox 1632 3497 1740 3552; x_wconf 85' lang='grc' dir='ltr'>ἀπὸ</span> <span class='ocrx_word' id='word_1_515' title='bbox 1763 3498 1861 3568; x_wconf 83' lang='grc' dir='ltr'>τῆς</span> 
     </span>
    </p>
   </div>
   <div class='ocr_carea' id='block_1_69' title="bbox 276 3587 1860 3661">
    <p class='ocr_par' dir='ltr' id='par_1_69' title="bbox 276 3587 1860 3661">
     <span class='ocr_line' id='line_1_69' title="bbox 276 3587 1860 3661; baseline 0.001 -21"><span class='ocrx_word' id='word_1_516' title='bbox 276 3587 487 3652; x_wconf 77' lang='grc' dir='ltr'>εἰκόνος</span> <span class='ocrx_word' id='word_1_517' title='bbox 513 3587 608 3640; x_wconf 75' lang='grc' dir='ltr'>ἐπὶ</span> <span class='ocrx_word' id='word_1_518' title='bbox 655 3587 716 3641; x_wconf 87' lang='grc' dir='ltr'><strong>τὸ</strong></span> <span class='ocrx_word' id='word_1_519' title='bbox 767 3589 1098 3659; x_wconf 76' lang='grc' dir='ltr'>ἀρχέτυπον,</span> <span class='ocrx_word' id='word_1_520' title='bbox 1127 3589 1221 3642; x_wconf 77' lang='grc' dir='ltr'>καὶ</span> <span class='ocrx_word' id='word_1_521' title='bbox 1249 3589 1356 3642; x_wconf 88' lang='grc' dir='ltr'><strong>άπὸ</strong></span> <span class='ocrx_word' id='word_1_522' title='bbox 1383 3588 1478 3642; x_wconf 90' lang='grc' dir='ltr'><strong>τοῦ</strong></span> <span class='ocrx_word' id='word_1_523' title='bbox 1511 3589 1860 3661; x_wconf 83' lang='grc' dir='ltr'>χαρακτῆρος</span> 
     </span>
    </p>
   </div>
   <div class='ocr_carea' id='block_1_70' title="bbox 278 3674 1855 3752">
    <p class='ocr_par' dir='ltr' id='par_1_70' title="bbox 278 3674 1855 3752">
     <span class='ocr_line' id='line_1_70' title="bbox 278 3674 1855 3752; baseline 0.001 -20"><span class='ocrx_word' id='word_1_524' title='bbox 278 3680 364 3732; x_wconf 74' lang='grc' dir='ltr'><strong>ἐπ’</strong></span> <span class='ocrx_word' id='word_1_525' title='bbox 393 3681 605 3733; x_wconf 80' lang='grc' dir='ltr'>ἐκεῖνον</span> <span class='ocrx_word' id='word_1_526' title='bbox 622 3679 687 3750; x_wconf 81' lang='grc' dir='ltr'><strong>δὴ</strong></span> <span class='ocrx_word' id='word_1_527' title='bbox 709 3680 924 3744; x_wconf 81' lang='grc' dir='ltr'>πάντως</span> <span class='ocrx_word' id='word_1_528' title='bbox 951 3674 1012 3733; x_wconf 84' lang='grc' dir='ltr'><strong>οῦ</strong></span> <span class='ocrx_word' id='word_1_529' title='bbox 1039 3681 1135 3734; x_wconf 58' lang='grc' dir='ltr'><strong>καὶ⁸</strong></span> <span class='ocrx_word' id='word_1_530' title='bbox 1165 3681 1280 3733; x_wconf 76' lang='grc' dir='ltr'>ἔστι</span> <span class='ocrx_word' id='word_1_531' title='bbox 1315 3680 1622 3752; x_wconf 83' lang='grc' dir='ltr'>χαρακτὴρ,</span> <span class='ocrx_word' id='word_1_532' title='bbox 1654 3680 1751 3734; x_wconf 73' lang='grc' dir='ltr'><strong>καὶ</strong></span> <span class='ocrx_word' id='word_1_533' title='bbox 1770 3681 1855 3744; x_wconf 87' lang='grc' dir='ltr'><strong>οὑ,</strong></span> 
     </span>
    </p>
   </div>
   <div class='ocr_carea' id='block_1_71' title="bbox 275 3772 1858 3844">
    <p class='ocr_par' dir='ltr' id='par_1_71' title="bbox 275 3772 1858 3844">
     <span class='ocr_line' id='line_1_71' title="bbox 275 3772 1858 3844; baseline -0.003 -16"><span class='ocrx_word' id='word_1_534' title='bbox 275 3775 419 3828; x_wconf 81' lang='grc' dir='ltr'>κατά</span> <span class='ocrx_word' id='word_1_535' title='bbox 439 3791 594 3836; x_wconf 86' lang='grc' dir='ltr'>τινας</span> <span class='ocrx_word' id='word_1_536' title='bbox 627 3773 738 3826; x_wconf 90' lang='grc' dir='ltr'><strong>τῶν</strong></span> <span class='ocrx_word' id='word_1_537' title='bbox 765 3773 1092 3844; x_wconf 74' lang='grc' dir='ltr'>ἑτερόδοξεῖν</span> <span class='ocrx_word' id='word_1_538' title='bbox 1139 3772 1432 3838; x_wconf 74' lang='grc' dir='ltr'>εἰωθότων,</span> <span class='ocrx_word' id='word_1_539' title='bbox 1471 3775 1728 3836; x_wconf 77' lang='grc' dir='ltr'>ἐπακτοῖς</span> <span class='ocrx_word' id='word_1_540' title='bbox 1747 3789 1858 3825; x_wconf 90' lang='grc' dir='ltr'>τισι</span> 
     </span>
    </p>
   </div>
   <div class='ocr_carea' id='block_1_72' title="bbox 275 3861 1858 3934">
    <p class='ocr_par' dir='ltr' id='par_1_72' title="bbox 275 3861 1858 3934">
     <span class='ocr_line' id='line_1_72' title="bbox 275 3861 1858 3934; baseline -0.001 -18"><span class='ocrx_word' id='word_1_541' title='bbox 275 3864 370 3918; x_wconf 76' lang='grc' dir='ltr'>καὶ</span> <span class='ocrx_word' id='word_1_542' title='bbox 392 3866 506 3928; x_wconf 88' lang='grc' dir='ltr'>τοῖς</span> <span class='ocrx_word' id='word_1_543' title='bbox 531 3863 732 3928; x_wconf 71' lang='grc' dir='ltr'>ἔξωθεν</span> <span class='ocrx_word' id='word_1_544' title='bbox 769 3861 1046 3932; x_wconf 79' lang='grc' dir='ltr'>ἀξιώμασι</span> <span class='ocrx_word' id='word_1_545' title='bbox 1088 3861 1518 3934; x_wconf 77' lang='grc' dir='ltr'>σχηματίζεσθαί</span> <span class='ocrx_word' id='word_1_546' title='bbox 1560 3879 1740 3932; x_wconf 87' lang='grc' dir='ltr'>φαμεν</span> <span class='ocrx_word' id='word_1_547' title='bbox 1766 3862 1858 3916; x_wconf 80' lang='grc' dir='ltr'><strong>τὸν</strong></span> 
     </span>
    </p>
   </div>
   <div class='ocr_carea' id='block_1_73' title="bbox 277 3955 1858 4029">
    <p class='ocr_par' dir='ltr' id='par_1_73' title="bbox 277 3955 1858 4029">
     <span class='ocr_line' id='line_1_73' title="bbox 277 3955 1858 4029; baseline 0 -21"><span class='ocrx_word' id='word_1_548' title='bbox 277 3957 401 4010; x_wconf 82' lang='grc' dir='ltr'>Υἱδν</span> <span class='ocrx_word' id='word_1_549' title='bbox 422 3957 562 4029; x_wconf 79' lang='grc' dir='ltr'>πρὸς</span> <span class='ocrx_word' id='word_1_550' title='bbox 583 3957 674 4011; x_wconf 76' lang='grc' dir='ltr'>τὸν</span> <span class='ocrx_word' id='word_1_551' title='bbox 702 3957 942 4028; x_wconf 83' lang='grc' dir='ltr'>Πατέρα,</span> <span class='ocrx_word' id='word_1_552' title='bbox 977 3955 1118 4021; x_wconf 81' lang='grc' dir='ltr'>οὑδὲ,</span> <span class='ocrx_word' id='word_1_553' title='bbox 1148 3955 1401 4025; x_wconf 86' lang='grc' dir='ltr'>καθάπερ</span> <span class='ocrx_word' id='word_1_554' title='bbox 1425 3957 1537 4018; x_wconf 83' lang='grc' dir='ltr'>τοῖς</span> <span class='ocrx_word' id='word_1_555' title='bbox 1568 3955 1858 4026; x_wconf 87' lang='grc' dir='ltr'>πλανωμέ-</span> 
     </span>
    </p>
   </div>
   <div class='ocr_carea' id='block_1_74' title="bbox 275 4046 1853 4118">
    <p class='ocr_par' dir='ltr' id='par_1_74' title="bbox 275 4046 1853 4118">
     <span class='ocr_line' id='line_1_74' title="bbox 275 4046 1853 4118; baseline -0.003 -15"><span class='ocrx_word' id='word_1_556' title='bbox 275 4068 386 4113; x_wconf 83' lang='grc' dir='ltr'>νοις</span> <span class='ocrx_word' id='word_1_557' title='bbox 419 4051 589 4114; x_wconf 88' lang='grc' dir='ltr'>δοκεῖ,</span> <span class='ocrx_word' id='word_1_558' title='bbox 620 4049 783 4102; x_wconf 74' lang='grc' dir='ltr'>εἰκὼν</span> <span class='ocrx_word' id='word_1_559' title='bbox 813 4047 951 4103; x_wconf 80' lang='grc' dir='ltr'>εἶναι</span> <span class='ocrx_word' id='word_1_560' title='bbox 975 4048 1194 4118; x_wconf 85' lang='grc' dir='ltr'>λέγεται</span> <span class='ocrx_word' id='word_1_561' title='bbox 1211 4047 1306 4102; x_wconf 86' lang='grc' dir='ltr'><strong>τοῦ</strong></span> <span class='ocrx_word' id='word_1_562' title='bbox 1328 4046 1462 4100; x_wconf 90' lang='grc' dir='ltr'>Θεοῦ</span> <span class='ocrx_word' id='word_1_563' title='bbox 1497 4047 1592 4100; x_wconf 76' lang='grc' dir='ltr'>καὶ</span> <span class='ocrx_word' id='word_1_564' title='bbox 1622 4047 1853 4117; x_wconf 78' lang='grc' dir='ltr'>Πατρὸς,</span> 
     </span>
    </p>
   </div>
   <div class='ocr_carea' id='block_1_75' title="bbox 275 4137 1852 4212">
    <p class='ocr_par' dir='ltr' id='par_1_75' title="bbox 275 4137 1852 4212">
     <span class='ocr_line' id='line_1_75' title="bbox 275 4137 1852 4212; baseline -0.002 -19"><span class='ocrx_word' id='word_1_565' title='bbox 275 4141 350 4205; x_wconf 82' lang='grc' dir='ltr'>ὡς</span> <span class='ocrx_word' id='word_1_566' title='bbox 378 4142 519 4212; x_wconf 74' lang='grc' dir='ltr'>ἔχων</span> <span class='ocrx_word' id='word_1_567' title='bbox 559 4139 724 4194; x_wconf 85' lang='grc' dir='ltr'>αὑτοῦ</span> <span class='ocrx_word' id='word_1_568' title='bbox 749 4141 849 4212; x_wconf 80' lang='grc' dir='ltr'><strong>τὴν</strong></span> <span class='ocrx_word' id='word_1_569' title='bbox 870 4139 1049 4205; x_wconf 78' lang='grc' dir='ltr'>δόξαν,</span> <span class='ocrx_word' id='word_1_570' title='bbox 1093 4140 1196 4210; x_wconf 88' lang='grc' dir='ltr'><strong>τὴν</strong></span> <span class='ocrx_word' id='word_1_571' title='bbox 1232 4138 1482 4210; x_wconf 87' lang='grc' dir='ltr'>δύναμιν,</span> <span class='ocrx_word' id='word_1_572' title='bbox 1504 4139 1601 4210; x_wconf 80' lang='grc' dir='ltr'>τὴν</span> <span class='ocrx_word' id='word_1_573' title='bbox 1642 4137 1852 4206; x_wconf 82' lang='grc' dir='ltr'>σοφίαν,</span> 
     </span>
    </p>
   </div>
   <div class='ocr_carea' id='block_1_76' title="bbox 276 4229 1857 4304">
    <p class='ocr_par' dir='ltr' id='par_1_76' title="bbox 276 4229 1857 4304">
     <span class='ocr_line' id='line_1_76' title="bbox 276 4229 1857 4304; baseline -0.001 -19"><span class='ocrx_word' id='word_1_574' title='bbox 276 4232 493 4303; x_wconf 78' lang='grc' dir='ltr'>φύσεώς</span> <span class='ocrx_word' id='word_1_575' title='bbox 516 4249 580 4301; x_wconf 87' lang='grc' dir='ltr'><strong>γε</strong></span> <span class='ocrx_word' id='word_1_576' title='bbox 607 4232 715 4302; x_wconf 82' lang='grc' dir='ltr'>μὴν</span> <span class='ocrx_word' id='word_1_577' title='bbox 751 4232 944 4301; x_wconf 82' lang='grc' dir='ltr'>ἐτέρας</span> <span class='ocrx_word' id='word_1_578' title='bbox 970 4231 1254 4304; x_wconf 85' lang='grc' dir='ltr'>ὑπάρχων.</span> <span class='ocrx_word' id='word_1_579' title='bbox 1281 4230 1467 4284; x_wconf 88' lang='grc' dir='ltr'>Ταῦτα</span> <span class='ocrx_word' id='word_1_580' title='bbox 1490 4230 1598 4302; x_wconf 82' lang='grc' dir='ltr'>γὰρ</span> <span class='ocrx_word' id='word_1_581' title='bbox 1634 4229 1857 4284; x_wconf 73' lang='grc' dir='ltr'>ἐκείνων</span> 
     </span>
    </p>
   </div>
   <div class='ocr_carea' id='block_1_77' title="bbox 275 4321 1858 4396">
    <p class='ocr_par' dir='ltr' id='par_1_77' title="bbox 275 4321 1858 4396">
     <span class='ocr_line' id='line_1_77' title="bbox 275 4321 1858 4396; baseline -0.002 -19"><span class='ocrx_word' id='word_1_582' title='bbox 275 4325 343 4378; x_wconf 78' lang='grc' dir='ltr'><strong>τὰ</strong></span> <span class='ocrx_word' id='word_1_583' title='bbox 377 4325 694 4396; x_wconf 84' lang='grc' dir='ltr'>ληρήματα,</span> <span class='ocrx_word' id='word_1_584' title='bbox 723 4323 818 4376; x_wconf 72' lang='grc' dir='ltr'>καὶ</span> <span class='ocrx_word' id='word_1_585' title='bbox 845 4324 878 4392; x_wconf 85' lang='grc' dir='ltr'><strong>ἡ</strong></span> <span class='ocrx_word' id='word_1_586' title='bbox 916 4323 1337 4394; x_wconf 80' lang='grc' dir='ltr'>κεκομψευμένη</span> <span class='ocrx_word' id='word_1_587' title='bbox 1359 4321 1615 4394; x_wconf 87' lang='grc' dir='ltr'>φλυαρία,</span> <span class='ocrx_word' id='word_1_588' title='bbox 1658 4321 1858 4392; x_wconf 79' lang='grc' dir='ltr'>μᾶλλον</span> 
     </span>
    </p>
   </div>
   <div class='ocr_carea' id='block_1_78' title="bbox 1966 3136 3544 3206">
    <p class='ocr_par' dir='ltr' id='par_1_78' title="bbox 1966 3136 3544 3206">
     <span class='ocr_line' id='line_1_78' title="bbox 1966 3136 3544 3206; baseline 0.003 -20"><span class='ocrx_word' id='word_1_589' title='bbox 1966 3148 2221 3196; x_wconf 87' lang='lat' dir='ltr'><strong>carnem,</strong></span> <span class='ocrx_word' id='word_1_590' title='bbox 2275 3142 2330 3188; x_wconf 91' lang='lat' dir='ltr'><strong>et</strong></span> <span class='ocrx_word' id='word_1_591' title='bbox 2377 3150 2500 3188; x_wconf 80' lang='lat' dir='ltr'><strong>cum</strong></span> <span class='ocrx_word' id='word_1_592' title='bbox 2549 3136 2765 3190; x_wconf 86' lang='lat' dir='ltr'><strong>carne?</strong></span> <span class='ocrx_word' id='word_1_593' title='bbox 2807 3137 2877 3190; x_wconf 90' lang='lat' dir='ltr'><strong>At</strong></span> <span class='ocrx_word' id='word_1_594' title='bbox 2923 3138 3016 3206; x_wconf 91' lang='lat' dir='ltr'><strong>qui</strong></span> <span class='ocrx_word' id='word_1_595' title='bbox 3057 3144 3272 3190; x_wconf 92' lang='lat' dir='ltr'><strong>tantum</strong></span> <span class='ocrx_word' id='word_1_596' title='bbox 3315 3150 3376 3191; x_wconf 88' lang='lat' dir='ltr'><strong>se</strong></span> <span class='ocrx_word' id='word_1_597' title='bbox 3417 3151 3544 3191; x_wconf 86' lang='lat' dir='ltr'><strong>esse</strong></span> 
     </span>
    </p>
   </div>
   <div class='ocr_carea' id='block_1_79' title="bbox 1965 3225 3544 3298">
    <p class='ocr_par' dir='ltr' id='par_1_79' title="bbox 1965 3225 3544 3298">
     <span class='ocr_line' id='line_1_79' title="bbox 1965 3225 3544 3298; baseline 0.003 -20"><span class='ocrx_word' id='word_1_598' title='bbox 1965 3225 2102 3294; x_wconf 93' lang='lat' dir='ltr'><strong>ipsis</strong></span> <span class='ocrx_word' id='word_1_599' title='bbox 2150 3225 2412 3294; x_wconf 89' lang='lat' dir='ltr'><strong>operibus</strong></span> <span class='ocrx_word' id='word_1_600' title='bbox 2461 3227 2650 3281; x_wconf 90' lang='lat' dir='ltr'><strong>docuit</strong></span> <span class='ocrx_word' id='word_1_601' title='bbox 2689 3247 2700 3281; x_wconf 89' lang='lat'><strong>:</strong></span> <span class='ocrx_word' id='word_1_602' title='bbox 2741 3247 2758 3278; x_wconf 77' lang='grc' dir='ltr'><strong>ι</strong></span> <span class='ocrx_word' id='word_1_603' title='bbox 2797 3227 2942 3296; x_wconf 85' lang='lat' dir='ltr'><strong>Ego,</strong></span> <span class='ocrx_word' id='word_1_604' title='bbox 2993 3228 3205 3298; x_wconf 90' lang='lat' dir='ltr'><strong>inquit,</strong></span> <span class='ocrx_word' id='word_1_605' title='bbox 3258 3235 3313 3283; x_wconf 88' lang='lat' dir='ltr'><strong>et</strong></span> <span class='ocrx_word' id='word_1_606' title='bbox 3380 3227 3544 3282; x_wconf 89' lang='lat' dir='ltr'><strong>Pater</strong></span> 
     </span>
    </p>
   </div>
   <div class='ocr_carea' id='block_1_80' title="bbox 1977 3319 3536 3388">
    <p class='ocr_par' dir='ltr' id='par_1_80' title="bbox 1977 3319 3536 3388">
     <span class='ocr_line' id='line_1_80' title="bbox 1977 3319 3536 3388; baseline 0.001 -16"><span class='ocrx_word' id='word_1_607' title='bbox 1977 3332 2146 3372; x_wconf 91' lang='lat' dir='ltr'><strong>unum</strong></span> <span class='ocrx_word' id='word_1_608' title='bbox 2177 3331 2372 3372; x_wconf 90' lang='lat' dir='ltr'><strong>sumus</strong></span> <span class='ocrx_word' id='word_1_609' title='bbox 2402 3319 2468 3384; x_wconf 78' lang='lat'><strong>7&#39;;</strong></span> <span class='ocrx_word' id='word_1_610' title='bbox 2500 3319 2591 3388; x_wconf 92' lang='lat' dir='ltr'><strong>qui</strong></span> <span class='ocrx_word' id='word_1_611' title='bbox 2623 3319 2771 3372; x_wconf 87' lang='lat' dir='ltr'><strong>videt</strong></span> <span class='ocrx_word' id='word_1_612' title='bbox 2803 3335 2911 3385; x_wconf 89' lang='lat' dir='ltr'><strong>me,</strong></span> <span class='ocrx_word' id='word_1_613' title='bbox 2942 3319 3154 3373; x_wconf 84' lang='lat' dir='ltr'><strong>videtet</strong></span> <span class='ocrx_word' id='word_1_614' title='bbox 3178 3319 3396 3375; x_wconf 84' lang='lat' dir='ltr'><strong>Patrem</strong></span> <span class='ocrx_word' id='word_1_615' title='bbox 3421 3322 3490 3376; x_wconf 74' lang='grc'><strong>⁷³.</strong></span> <span class='ocrx_word' id='word_1_616' title='bbox 3516 3341 3536 3374; x_wconf 71' lang='grc' dir='ltr'><strong>ι</strong></span> 
     </span>
    </p>
   </div>
   <div class='ocr_carea' id='block_1_81' title="bbox 1966 3407 3543 3480">
    <p class='ocr_par' dir='ltr' id='par_1_81' title="bbox 1966 3407 3543 3480">
     <span class='ocr_line' id='line_1_81' title="bbox 1966 3407 3543 3480; baseline 0.002 -19"><span class='ocrx_word' id='word_1_617' title='bbox 1966 3407 2218 3463; x_wconf 87' lang='lat' dir='ltr'><strong>Eundum</strong></span> <span class='ocrx_word' id='word_1_618' title='bbox 2250 3409 2460 3479; x_wconf 89' lang='lat' dir='ltr'><strong>itaque,</strong></span> <span class='ocrx_word' id='word_1_619' title='bbox 2493 3410 2537 3464; x_wconf 92' lang='lat' dir='ltr'><strong>si</strong></span> <span class='ocrx_word' id='word_1_620' title='bbox 2590 3410 2694 3464; x_wconf 86' lang='lat' dir='ltr'><strong>loci</strong></span> <span class='ocrx_word' id='word_1_621' title='bbox 2742 3410 2906 3479; x_wconf 91' lang='lat' dir='ltr'><strong>hujus</strong></span> <span class='ocrx_word' id='word_1_622' title='bbox 2948 3411 3055 3464; x_wconf 83' lang='lat' dir='ltr'><strong>vim</strong></span> <span class='ocrx_word' id='word_1_623' title='bbox 3091 3418 3440 3480; x_wconf 88' lang='lat' dir='ltr'><strong>spectemus,</strong></span> <span class='ocrx_word' id='word_1_624' title='bbox 3472 3413 3543 3465; x_wconf 90' lang='lat' dir='ltr'><strong>ab</strong></span> 
     </span>
    </p>
   </div>
   <div class='ocr_carea' id='block_1_82' title="bbox 1960 3499 3538 3572">
    <p class='ocr_par' dir='ltr' id='par_1_82' title="bbox 1960 3499 3538 3572">
     <span class='ocr_line' id='line_1_82' title="bbox 1960 3499 3538 3572; baseline 0.001 -18"><span class='ocrx_word' id='word_1_625' title='bbox 1960 3499 2198 3569; x_wconf 81' lang='lat' dir='ltr'><strong>imagine</strong></span> <span class='ocrx_word' id='word_1_626' title='bbox 2227 3500 2292 3554; x_wconf 89' lang='lat' dir='ltr'><strong>ad</strong></span> <span class='ocrx_word' id='word_1_627' title='bbox 2325 3501 2715 3572; x_wconf 89' lang='lat' dir='ltr'><strong>archetypum,</strong></span> <span class='ocrx_word' id='word_1_628' title='bbox 2751 3507 2808 3554; x_wconf 89' lang='lat' dir='ltr'><strong>et</strong></span> <span class='ocrx_word' id='word_1_629' title='bbox 2835 3515 2865 3554; x_wconf 90' lang='lat' dir='ltr'><strong>a</strong></span> <span class='ocrx_word' id='word_1_630' title='bbox 2897 3501 3223 3556; x_wconf 87' lang='lat' dir='ltr'><strong>charactere</strong></span> <span class='ocrx_word' id='word_1_631' title='bbox 3261 3500 3330 3555; x_wconf 91' lang='lat' dir='ltr'><strong>ad</strong></span> <span class='ocrx_word' id='word_1_632' title='bbox 3381 3502 3538 3555; x_wconf 90' lang='lat' dir='ltr'><strong>illum</strong></span> 
     </span>
    </p>
   </div>
   <div class='ocr_carea' id='block_1_83' title="bbox 1959 3593 3538 3664">
    <p class='ocr_par' dir='ltr' id='par_1_83' title="bbox 1959 3593 3538 3664">
     <span class='ocr_line' id='line_1_83' title="bbox 1959 3593 3538 3664; baseline 0 -16"><span class='ocrx_word' id='word_1_633' title='bbox 1959 3593 2120 3663; x_wconf 85' lang='lat' dir='ltr'><strong>cujus</strong></span> <span class='ocrx_word' id='word_1_634' title='bbox 2149 3601 2204 3648; x_wconf 91' lang='lat' dir='ltr'><strong>et</strong></span> <span class='ocrx_word' id='word_1_635' title='bbox 2235 3601 2320 3650; x_wconf 90' lang='lat' dir='ltr'><strong>est</strong></span> <span class='ocrx_word' id='word_1_636' title='bbox 2353 3594 2642 3649; x_wconf 81' lang='lat' dir='ltr'><strong>character</strong></span> <span class='ocrx_word' id='word_1_637' title='bbox 2669 3613 2684 3662; x_wconf 87' lang='lat'><strong>;</strong></span> <span class='ocrx_word' id='word_1_638' title='bbox 2722 3609 2902 3664; x_wconf 90' lang='lat' dir='ltr'><strong>neque</strong></span> <span class='ocrx_word' id='word_1_639' title='bbox 2935 3601 3120 3648; x_wconf 92' lang='lat' dir='ltr'><strong>tamen</strong></span> <span class='ocrx_word' id='word_1_640' title='bbox 3167 3610 3236 3650; x_wconf 82' lang='lat' dir='ltr'><strong>ex</strong></span> <span class='ocrx_word' id='word_1_641' title='bbox 3267 3609 3538 3664; x_wconf 92' lang='lat' dir='ltr'><strong>quorum-</strong></span> 
     </span>
    </p>
   </div>
   <div class='ocr_carea' id='block_1_84' title="bbox 1959 3687 3540 3745">
    <p class='ocr_par' dir='ltr' id='par_1_84' title="bbox 1959 3687 3540 3745">
     <span class='ocr_line' id='line_1_84' title="bbox 1959 3687 3540 3745; baseline -0.001 -3"><span class='ocrx_word' id='word_1_642' title='bbox 1959 3687 2082 3742; x_wconf 87' lang='lat' dir='ltr'><strong>dam</strong></span> <span class='ocrx_word' id='word_1_643' title='bbox 2113 3687 2496 3743; x_wconf 73' lang='lat' dir='ltr'><strong>hrereticorum</strong></span> <span class='ocrx_word' id='word_1_644' title='bbox 2526 3689 2806 3745; x_wconf 81' lang='lat' dir='ltr'><strong>sententia</strong></span> <span class='ocrx_word' id='word_1_645' title='bbox 2836 3688 3156 3743; x_wconf 89' lang='lat' dir='ltr'><strong>adventitiis</strong></span> <span class='ocrx_word' id='word_1_646' title='bbox 3176 3688 3462 3743; x_wconf 91' lang='lat' dir='ltr'><strong>nonnullis</strong></span> <span class='ocrx_word' id='word_1_647' title='bbox 3484 3694 3540 3742; x_wconf 87' lang='lat' dir='ltr'><strong>et</strong></span> 
     </span>
    </p>
   </div>
   <div class='ocr_carea' id='block_1_85' title="bbox 1958 3777 3540 3851">
    <p class='ocr_par' dir='ltr' id='par_1_85' title="bbox 1958 3777 3540 3851">
     <span class='ocr_line' id='line_1_85' title="bbox 1958 3777 3540 3851; baseline -0.001 -16"><span class='ocrx_word' id='word_1_648' title='bbox 1958 3782 2305 3836; x_wconf 84' lang='lat' dir='ltr'><strong>extrinsecus</strong></span> <span class='ocrx_word' id='word_1_649' title='bbox 2351 3782 2654 3850; x_wconf 86' lang='lat' dir='ltr'><strong>assumptis</strong></span> <span class='ocrx_word' id='word_1_650' title='bbox 2689 3781 3054 3851; x_wconf 78' lang='lat' dir='ltr'><strong>dignitatibus</strong></span> <span class='ocrx_word' id='word_1_651' title='bbox 3096 3778 3292 3834; x_wconf 87' lang='lat' dir='ltr'><strong>Filium</strong></span> <span class='ocrx_word' id='word_1_652' title='bbox 3327 3779 3394 3833; x_wconf 91' lang='lat' dir='ltr'><strong>ad</strong></span> <span class='ocrx_word' id='word_1_653' title='bbox 3437 3777 3540 3833; x_wconf 81' lang='lat' dir='ltr'><strong>Pa-</strong></span> 
     </span>
    </p>
   </div>
   <div class='ocr_carea' id='block_1_86' title="bbox 1957 3870 3538 3940">
    <p class='ocr_par' dir='ltr' id='par_1_86' title="bbox 1957 3870 3538 3940">
     <span class='ocr_line' id='line_1_86' title="bbox 1957 3870 3538 3940; baseline -0.001 -16"><span class='ocrx_word' id='word_1_654' title='bbox 1957 3878 2094 3925; x_wconf 90' lang='lat' dir='ltr'><strong>trem</strong></span> <span class='ocrx_word' id='word_1_655' title='bbox 2111 3870 2448 3924; x_wconf 81' lang='lat' dir='ltr'><strong>coul‘ormari</strong></span> <span class='ocrx_word' id='word_1_656' title='bbox 2469 3871 2728 3936; x_wconf 90' lang='lat' dir='ltr'><strong>dicimus,</strong></span> <span class='ocrx_word' id='word_1_657' title='bbox 2756 3885 2952 3940; x_wconf 89' lang='lat' dir='ltr'><strong>neque,</strong></span> <span class='ocrx_word' id='word_1_658' title='bbox 2979 3876 3037 3924; x_wconf 91' lang='lat' dir='ltr'><strong>ut</strong></span> <span class='ocrx_word' id='word_1_659' title='bbox 3063 3870 3304 3923; x_wconf 65' lang='lat' dir='ltr'><strong>haeretici</strong></span> <span class='ocrx_word' id='word_1_660' title='bbox 3325 3877 3538 3940; x_wconf 88' lang='lat' dir='ltr'><strong>putant,</strong></span> 
     </span>
    </p>
   </div>
   <div class='ocr_carea' id='block_1_87' title="bbox 1957 3958 3538 4030">
    <p class='ocr_par' dir='ltr' id='par_1_87' title="bbox 1957 3958 3538 4030">
     <span class='ocr_line' id='line_1_87' title="bbox 1957 3958 3538 4030; baseline -0.001 -18"><span class='ocrx_word' id='word_1_661' title='bbox 1957 3960 2136 4030; x_wconf 82' lang='lat' dir='ltr'><strong>imago</strong></span> <span class='ocrx_word' id='word_1_662' title='bbox 2171 3959 2268 4014; x_wconf 90' lang='lat' dir='ltr'><strong>Dei</strong></span> <span class='ocrx_word' id='word_1_663' title='bbox 2299 3975 2364 4014; x_wconf 88' lang='lat' dir='ltr'><strong>ac</strong></span> <span class='ocrx_word' id='word_1_664' title='bbox 2385 3958 2566 4015; x_wconf 89' lang='lat' dir='ltr'><strong>Patris</strong></span> <span class='ocrx_word' id='word_1_665' title='bbox 2601 3975 2725 4015; x_wconf 80' lang='lat' dir='ltr'><strong>esse</strong></span> <span class='ocrx_word' id='word_1_666' title='bbox 2761 3959 2990 4025; x_wconf 87' lang='lat' dir='ltr'><strong>dicitur,</strong></span> <span class='ocrx_word' id='word_1_667' title='bbox 3023 3967 3290 4028; x_wconf 88' lang='lat' dir='ltr'><strong>tanquam</strong></span> <span class='ocrx_word' id='word_1_668' title='bbox 3315 3959 3408 4028; x_wconf 91' lang='lat' dir='ltr'><strong>qui</strong></span> <span class='ocrx_word' id='word_1_669' title='bbox 3437 3959 3538 4012; x_wconf 92' lang='lat' dir='ltr'><strong>ha-</strong></span> 
     </span>
    </p>
   </div>
   <div class='ocr_carea' id='block_1_88' title="bbox 1955 4047 3542 4118">
    <p class='ocr_par' dir='ltr' id='par_1_88' title="bbox 1955 4047 3542 4118">
     <span class='ocr_line' id='line_1_88' title="bbox 1955 4047 3542 4118; baseline -0.001 -16"><span class='ocrx_word' id='word_1_670' title='bbox 1955 4049 2082 4102; x_wconf 88' lang='lat' dir='ltr'><strong>beat</strong></span> <span class='ocrx_word' id='word_1_671' title='bbox 2112 4048 2236 4118; x_wconf 89' lang='lat' dir='ltr'><strong>ejus</strong></span> <span class='ocrx_word' id='word_1_672' title='bbox 2270 4048 2504 4118; x_wconf 81' lang='lat' dir='ltr'><strong>gloriam</strong></span> <span class='ocrx_word' id='word_1_673' title='bbox 2525 4088 2542 4115; x_wconf 92' lang='lat'><strong>,</strong></span> <span class='ocrx_word' id='word_1_674' title='bbox 2575 4049 2836 4104; x_wconf 87' lang='lat' dir='ltr'><strong>virtutem</strong></span> <span class='ocrx_word' id='word_1_675' title='bbox 2859 4087 2874 4113; x_wconf 89' lang='lat'><strong>,</strong></span> <span class='ocrx_word' id='word_1_676' title='bbox 2917 4048 3285 4117; x_wconf 88' lang='lat' dir='ltr'><strong>sapientiam,</strong></span> <span class='ocrx_word' id='word_1_677' title='bbox 3318 4047 3413 4102; x_wconf 88' lang='lat' dir='ltr'><strong>sed</strong></span> <span class='ocrx_word' id='word_1_678' title='bbox 3454 4047 3542 4101; x_wconf 83' lang='lat' dir='ltr'><strong>al-</strong></span> 
     </span>
    </p>
   </div>
   <div class='ocr_carea' id='block_1_89' title="bbox 1958 4137 3540 4208">
    <p class='ocr_par' dir='ltr' id='par_1_89' title="bbox 1958 4137 3540 4208">
     <span class='ocr_line' id='line_1_89' title="bbox 1958 4137 3540 4208; baseline 0.002 -16"><span class='ocrx_word' id='word_1_679' title='bbox 1958 4140 2131 4194; x_wconf 89' lang='lat' dir='ltr'><strong>terius</strong></span> <span class='ocrx_word' id='word_1_680' title='bbox 2165 4146 2346 4193; x_wconf 87' lang='lat' dir='ltr'><strong>tamen</strong></span> <span class='ocrx_word' id='word_1_681' title='bbox 2376 4139 2450 4194; x_wconf 92' lang='lat' dir='ltr'><strong>sit</strong></span> <span class='ocrx_word' id='word_1_682' title='bbox 2480 4147 2710 4193; x_wconf 56' lang='lat' dir='ltr'><strong>naturae.</strong></span> <span class='ocrx_word' id='word_1_683' title='bbox 2752 4139 2846 4194; x_wconf 68' lang='lat' dir='ltr'><strong>lla:</strong></span> <span class='ocrx_word' id='word_1_684' title='bbox 2889 4149 3020 4194; x_wconf 89' lang='lat' dir='ltr'><strong>sunt</strong></span> <span class='ocrx_word' id='word_1_685' title='bbox 3067 4139 3215 4193; x_wconf 86' lang='lat' dir='ltr'><strong>enim</strong></span> <span class='ocrx_word' id='word_1_686' title='bbox 3257 4137 3540 4208; x_wconf 83' lang='lat' dir='ltr'><strong>elegantes</strong></span> 
     </span>
    </p>
   </div>
   <div class='ocr_carea' id='block_1_90' title="bbox 1957 4226 3538 4299">
    <p class='ocr_par' dir='ltr' id='par_1_90' title="bbox 1957 4226 3538 4299">
     <span class='ocr_line' id='line_1_90' title="bbox 1957 4226 3538 4299; baseline -0.002 -16"><span class='ocrx_word' id='word_1_687' title='bbox 1957 4229 2178 4284; x_wconf 87' lang='lat' dir='ltr'><strong>illorum</strong></span> <span class='ocrx_word' id='word_1_688' title='bbox 2225 4243 2422 4299; x_wconf 68' lang='lat' dir='ltr'><strong>nugae,</strong></span> <span class='ocrx_word' id='word_1_689' title='bbox 2465 4229 2576 4283; x_wconf 92' lang='lat' dir='ltr'><strong>imo</strong></span> <span class='ocrx_word' id='word_1_690' title='bbox 2623 4243 2754 4282; x_wconf 88' lang='lat' dir='ltr'><strong>vero</strong></span> <span class='ocrx_word' id='word_1_691' title='bbox 2789 4227 3039 4296; x_wconf 89' lang='lat' dir='ltr'><strong>impietas</strong></span> <span class='ocrx_word' id='word_1_692' title='bbox 3069 4226 3139 4280; x_wconf 87' lang='lat' dir='ltr'><strong>ad</strong></span> <span class='ocrx_word' id='word_1_693' title='bbox 3183 4227 3538 4282; x_wconf 89' lang='lat' dir='ltr'><strong>evertendam</strong></span> 
     </span>
    </p>
   </div>
   <div class='ocr_carea' id='block_1_91' title="bbox 1959 4316 3539 4392">
    <p class='ocr_par' dir='ltr' id='par_1_91' title="bbox 1959 4316 3539 4392">
     <span class='ocr_line' id='line_1_91' title="bbox 1959 4316 3539 4392; baseline -0.002 -17"><span class='ocrx_word' id='word_1_694' title='bbox 1959 4321 2116 4392; x_wconf 80' lang='grc'><strong>77],</strong></span> <span class='ocrx_word' id='word_1_695' title='bbox 2165 4320 2695 4390; x_wconf 90' lang='lat' dir='ltr'><strong>convellendamque</strong></span> <span class='ocrx_word' id='word_1_696' title='bbox 2736 4316 2860 4372; x_wconf 88' lang='lat' dir='ltr'><strong>Filii</strong></span> <span class='ocrx_word' id='word_1_697' title='bbox 2903 4317 3539 4373; x_wconf 78' lang='lat' dir='ltr'><strong>consubstantialitatem</strong></span> 
     </span>
    </p>
   </div>
   <div class='ocr_carea' id='block_1_92' title="bbox 279 4408 1861 4488">
    <p class='ocr_par' dir='ltr' id='par_1_92' title="bbox 279 4414 1856 4488">
     <span class='ocr_line' id='line_1_92' title="bbox 279 4414 1856 4488; baseline -0.002 -19"><span class='ocrx_word' id='word_1_698' title='bbox 279 4417 334 4469; x_wconf 76' lang='grc' dir='ltr'><strong>δὲ</strong></span> <span class='ocrx_word' id='word_1_699' title='bbox 374 4415 705 4479; x_wconf 77' lang='grc' dir='ltr'>δυσσέϐεια,</span> <span class='ocrx_word' id='word_1_700' title='bbox 767 4414 903 4486; x_wconf 77' lang='grc' dir='ltr'>πρὸς</span> <span class='ocrx_word' id='word_1_701' title='bbox 983 4415 1298 4488; x_wconf 80' lang='grc' dir='ltr'>ἀνατροπὴν</span> <span class='ocrx_word' id='word_1_702' title='bbox 1365 4414 1715 4484; x_wconf 86' lang='grc' dir='ltr'>ὲπινοηθεῖσα</span> <span class='ocrx_word' id='word_1_703' title='bbox 1764 4414 1856 4467; x_wconf 81' lang='grc' dir='ltr'>καὶ</span> 
     </span>
    </p>
   </div>
   <div class='ocr_carea' id='block_1_93' title="bbox 1965 4408 3540 4488">
    <p class='ocr_par' dir='ltr' id='par_1_93' title="bbox 1965 4408 3540 4483">
     <span class='ocr_line' id='line_1_93' title="bbox 1965 4408 3540 4483; baseline -0.001 -17"><span class='ocrx_word' id='word_1_704' title='bbox 1965 4413 2221 4477; x_wconf 86' lang='lat' dir='ltr'><strong>inventa,</strong></span> <span class='ocrx_word' id='word_1_705' title='bbox 2278 4411 2426 4483; x_wconf 89' lang='lat' dir='ltr'><strong>quod</strong></span> <span class='ocrx_word' id='word_1_706' title='bbox 2483 4427 2650 4465; x_wconf 91' lang='lat' dir='ltr'><strong>unum</strong></span> <span class='ocrx_word' id='word_1_707' title='bbox 2701 4421 2786 4467; x_wconf 90' lang='lat' dir='ltr'><strong>est</strong></span> <span class='ocrx_word' id='word_1_708' title='bbox 2833 4424 3024 4465; x_wconf 86' lang='lat' dir='ltr'><strong>eorum</strong></span> <span class='ocrx_word' id='word_1_709' title='bbox 3076 4409 3308 4478; x_wconf 91' lang='lat' dir='ltr'><strong>impium</strong></span> <span class='ocrx_word' id='word_1_710' title='bbox 3341 4415 3396 4464; x_wconf 89' lang='lat' dir='ltr'><strong>et</strong></span> <span class='ocrx_word' id='word_1_711' title='bbox 3431 4408 3540 4465; x_wconf 86' lang='lat' dir='ltr'><strong>Deo</strong></span> 
     </span>
    </p>
   </div>
   <div class='ocr_carea' id='block_1_94' title="bbox 283 4505 1857 4578">
    <p class='ocr_par' dir='ltr' id='par_1_94' title="bbox 283 4505 1857 4578">
     <span class='ocr_line' id='line_1_94' title="bbox 283 4505 1857 4578; baseline -0.001 -17"><span class='ocrx_word' id='word_1_712' title='bbox 283 4510 601 4578; x_wconf 83' lang='grc' dir='ltr'>καθαίρεσιν</span> <span class='ocrx_word' id='word_1_713' title='bbox 629 4507 732 4578; x_wconf 78' lang='grc' dir='ltr'><strong>τῆς</strong></span> <span class='ocrx_word' id='word_1_714' title='bbox 767 4507 1183 4576; x_wconf 84' lang='grc' dir='ltr'>ὁμοουσιότητος</span> <span class='ocrx_word' id='word_1_715' title='bbox 1219 4505 1314 4560; x_wconf 90' lang='grc' dir='ltr'><strong>τοῦ</strong></span> <span class='ocrx_word' id='word_1_716' title='bbox 1355 4506 1505 4572; x_wconf 79' lang='grc' dir='ltr'>ΥΞοῦ,</span> <span class='ocrx_word' id='word_1_717' title='bbox 1528 4505 1744 4574; x_wconf 88' lang='grc' dir='ltr'>κατάγε</span> <span class='ocrx_word' id='word_1_718' title='bbox 1764 4505 1857 4559; x_wconf 81' lang='grc' dir='ltr'><strong>τὸν</strong></span> 
     </span>
    </p>
   </div>
   <div class='ocr_carea' id='block_1_95' title="bbox 285 4597 1860 4669">
    <p class='ocr_par' dir='ltr' id='par_1_95' title="bbox 285 4597 1860 4669">
     <span class='ocr_line' id='line_1_95' title="bbox 285 4597 1860 4669; baseline 0 -18"><span class='ocrx_word' id='word_1_719' title='bbox 285 4601 340 4652; x_wconf 80' lang='grc' dir='ltr'>ὲν</span> <span class='ocrx_word' id='word_1_720' title='bbox 361 4601 541 4664; x_wconf 76' lang='grc' dir='ltr'>αὐτοῖς</span> <span class='ocrx_word' id='word_1_721' title='bbox 561 4600 778 4653; x_wconf 87' lang='grc' dir='ltr'>ἀνόσιόν</span> <span class='ocrx_word' id='word_1_722' title='bbox 804 4616 864 4652; x_wconf 89' lang='grc' dir='ltr'><strong>τε</strong></span> <span class='ocrx_word' id='word_1_723' title='bbox 903 4598 1000 4652; x_wconf 73' lang='grc' dir='ltr'><strong>καὶ</strong></span> <span class='ocrx_word' id='word_1_724' title='bbox 1023 4597 1294 4669; x_wconf 86' lang='grc' dir='ltr'>θεομάχον</span> <span class='ocrx_word' id='word_1_725' title='bbox 1334 4599 1556 4653; x_wconf 82' lang='grc' dir='ltr'>σκοπόν.</span> <span class='ocrx_word' id='word_1_726' title='bbox 1601 4598 1739 4651; x_wconf 87' lang='grc' dir='ltr'>Ἀλλ’</span> <span class='ocrx_word' id='word_1_727' title='bbox 1782 4599 1860 4662; x_wconf 86' lang='grc' dir='ltr'>ὠς</span> 
     </span>
    </p>
   </div>
   <div class='ocr_carea' id='block_1_96' title="bbox 285 4689 1858 4763">
    <p class='ocr_par' dir='ltr' id='par_1_96' title="bbox 285 4689 1858 4763">
     <span class='ocr_line' id='line_1_96' title="bbox 285 4689 1858 4763; baseline 0 -19"><span class='ocrx_word' id='word_1_728' title='bbox 285 4691 405 4755; x_wconf 81' lang='grc' dir='ltr'>Υίὸς</span> <span class='ocrx_word' id='word_1_729' title='bbox 441 4691 681 4762; x_wconf 80' lang='grc' dir='ltr'>ἀληθῶς,</span> <span class='ocrx_word' id='word_1_730' title='bbox 719 4694 784 4745; x_wconf 83' lang='grc' dir='ltr'>ὲκ</span> <span class='ocrx_word' id='word_1_731' title='bbox 831 4691 932 4762; x_wconf 83' lang='grc' dir='ltr'>τῆς</span> <span class='ocrx_word' id='word_1_732' title='bbox 984 4689 1077 4744; x_wconf 91' lang='grc' dir='ltr'><strong>τοῦ</strong></span> <span class='ocrx_word' id='word_1_733' title='bbox 1123 4691 1257 4745; x_wconf 89' lang='grc' dir='ltr'>Θεοῦ</span> <span class='ocrx_word' id='word_1_734' title='bbox 1296 4693 1390 4745; x_wconf 72' lang='grc' dir='ltr'><strong>καὶ</strong></span> <span class='ocrx_word' id='word_1_735' title='bbox 1427 4689 1639 4763; x_wconf 63' lang='grc' dir='ltr'>Πατρός</span> <span class='ocrx_word' id='word_1_736' title='bbox 1670 4691 1858 4755; x_wconf 87' lang='grc' dir='ltr'>οὑσίας</span> 
     </span>
    </p>
   </div>
   <div class='ocr_carea' id='block_1_97' title="bbox 280 4784 1858 4856">
    <p class='ocr_par' dir='ltr' id='par_1_97' title="bbox 280 4784 1858 4856">
     <span class='ocr_line' id='line_1_97' title="bbox 280 4784 1858 4856; baseline 0.001 -20"><span class='ocrx_word' id='word_1_737' title='bbox 280 4785 610 4855; x_wconf 74' lang='grc' dir='ltr'>ἀπορρήτως</span> <span class='ocrx_word' id='word_1_738' title='bbox 656 4785 753 4837; x_wconf 76' lang='grc' dir='ltr'>καὶ</span> <span class='ocrx_word' id='word_1_739' title='bbox 826 4785 1201 4854; x_wconf 87' lang='grc' dir='ltr'>ἀπερινοήτως</span> <span class='ocrx_word' id='word_1_740' title='bbox 1245 4784 1546 4854; x_wconf 79' lang='grc' dir='ltr'>γεννηθεὶς,</span> <span class='ocrx_word' id='word_1_741' title='bbox 1569 4785 1858 4856; x_wconf 84' lang='grc' dir='ltr'>χαρακτήρ</span> 
     </span>
    </p>
   </div>
   <div class='ocr_carea' id='block_1_98' title="bbox 281 4874 1858 4949">
    <p class='ocr_par' dir='ltr' id='par_1_98' title="bbox 281 4874 1858 4949">
     <span class='ocr_line' id='line_1_98' title="bbox 281 4874 1858 4949; baseline 0.003 -23"><span class='ocrx_word' id='word_1_742' title='bbox 281 4875 427 4928; x_wconf 75' lang='grc' dir='ltr'>ἐστιν</span> <span class='ocrx_word' id='word_1_743' title='bbox 447 4875 637 4940; x_wconf 81' lang='grc' dir='ltr'>αὑτοῦ,</span> <span class='ocrx_word' id='word_1_744' title='bbox 670 4876 765 4928; x_wconf 77' lang='grc' dir='ltr'>καὶ</span> <span class='ocrx_word' id='word_1_745' title='bbox 823 4874 1006 4941; x_wconf 77' lang='grc' dir='ltr'>εἰκὼν,</span> <span class='ocrx_word' id='word_1_746' title='bbox 1048 4877 1144 4929; x_wconf 76' lang='grc' dir='ltr'><strong>καὶ</strong></span> <span class='ocrx_word' id='word_1_747' title='bbox 1189 4875 1552 4946; x_wconf 88' lang='grc' dir='ltr'>ἀπαύγασμα,</span> <span class='ocrx_word' id='word_1_748' title='bbox 1594 4879 1778 4949; x_wconf 86' lang='grc' dir='ltr'>φέρων</span> <span class='ocrx_word' id='word_1_749' title='bbox 1797 4879 1858 4930; x_wconf 82' lang='grc' dir='ltr'>ὲν</span> 
     </span>
    </p>
   </div>
   <div class='ocr_carea' id='block_1_99' title="bbox 279 4965 1854 5038">
    <p class='ocr_par' dir='ltr' id='par_1_99' title="bbox 279 4965 1854 5038">
     <span class='ocr_line' id='line_1_99' title="bbox 279 4965 1854 5038; baseline 0.003 -20"><span class='ocrx_word' id='word_1_750' title='bbox 279 4967 453 5038; x_wconf 78' lang='grc' dir='ltr'>οἰκείᾳ</span> <span class='ocrx_word' id='word_1_751' title='bbox 477 4965 638 5036; x_wconf 83' lang='grc' dir='ltr'>φύσει</span> <span class='ocrx_word' id='word_1_752' title='bbox 665 4966 766 5036; x_wconf 84' lang='grc' dir='ltr'>τῆς</span> <span class='ocrx_word' id='word_1_753' title='bbox 789 4965 883 5019; x_wconf 88' lang='grc' dir='ltr'><strong>τοῦ</strong></span> <span class='ocrx_word' id='word_1_754' title='bbox 927 4967 1177 5030; x_wconf 87' lang='grc' dir='ltr'>τεκόντος</span> <span class='ocrx_word' id='word_1_755' title='bbox 1196 4967 1359 5020; x_wconf 84' lang='grc' dir='ltr'>αὑτὸν</span> <span class='ocrx_word' id='word_1_756' title='bbox 1380 4967 1568 5030; x_wconf 85' lang='grc' dir='ltr'>οὐσίας</span> <span class='ocrx_word' id='word_1_757' title='bbox 1603 4970 1664 5021; x_wconf 88' lang='grc' dir='ltr'><strong>τὸ</strong></span> <span class='ocrx_word' id='word_1_758' title='bbox 1704 4970 1854 5034; x_wconf 82' lang='grc' dir='ltr'>ἴδιον,</span> 
     </span>
    </p>
   </div>
   <div class='ocr_carea' id='block_1_100' title="bbox 280 5057 1856 5131">
    <p class='ocr_par' dir='ltr' id='par_1_100' title="bbox 280 5057 1856 5131">
     <span class='ocr_line' id='line_1_100' title="bbox 280 5057 1856 5131; baseline 0 -19"><span class='ocrx_word' id='word_1_759' title='bbox 280 5062 374 5114; x_wconf 74' lang='grc' dir='ltr'>καὶ</span> <span class='ocrx_word' id='word_1_760' title='bbox 401 5060 511 5114; x_wconf 88' lang='grc' dir='ltr'><strong>τῶν</strong></span> <span class='ocrx_word' id='word_1_761' title='bbox 543 5059 789 5129; x_wconf 85' lang='grc' dir='ltr'>φυσικῶν</span> <span class='ocrx_word' id='word_1_762' title='bbox 813 5058 1299 5129; x_wconf 83' lang='grc' dir='ltr'>πλεονεκτημάτων</span> <span class='ocrx_word' id='word_1_763' title='bbox 1317 5058 1378 5112; x_wconf 83' lang='grc' dir='ltr'><strong>τὸ</strong></span> <span class='ocrx_word' id='word_1_764' title='bbox 1403 5057 1618 5122; x_wconf 86' lang='grc' dir='ltr'>κάλλος.</span> <span class='ocrx_word' id='word_1_765' title='bbox 1653 5060 1726 5112; x_wconf 90' lang='grc' dir='ltr'>Οὑ</span> <span class='ocrx_word' id='word_1_766' title='bbox 1748 5061 1856 5131; x_wconf 85' lang='grc' dir='ltr'>γὰρ</span> 
     </span>
    </p>
   </div>
   <div class='ocr_carea' id='block_1_101' title="bbox 280 5150 1861 5221">
    <p class='ocr_par' dir='ltr' id='par_1_101' title="bbox 280 5150 1861 5221">
     <span class='ocr_line' id='line_1_101' title="bbox 280 5150 1861 5221; baseline 0 -15"><span class='ocrx_word' id='word_1_767' title='bbox 280 5153 624 5221; x_wconf 82' lang='grc' dir='ltr'>ἀπόπληκτοι</span> <span class='ocrx_word' id='word_1_768' title='bbox 681 5153 800 5205; x_wconf 88' lang='grc' dir='ltr'>κατ’</span> <span class='ocrx_word' id='word_1_769' title='bbox 850 5151 1092 5214; x_wconf 74' lang='grc' dir='ltr'>ἐκείνους</span> <span class='ocrx_word' id='word_1_770' title='bbox 1148 5150 1412 5220; x_wconf 73' lang='grc' dir='ltr'>ἐσόμεθα,</span> <span class='ocrx_word' id='word_1_771' title='bbox 1443 5153 1538 5206; x_wconf 81' lang='grc' dir='ltr'><strong>καὶ</strong></span> <span class='ocrx_word' id='word_1_772' title='bbox 1581 5153 1660 5214; x_wconf 87' lang='grc' dir='ltr'><strong>είς</strong></span> <span class='ocrx_word' id='word_1_773' title='bbox 1704 5151 1861 5206; x_wconf 88' lang='grc' dir='ltr'>τοῦτο</span> 
     </span>
    </p>
   </div>
   <div class='ocr_carea' id='block_1_102' title="bbox 277 5241 1861 5314">
    <p class='ocr_par' dir='ltr' id='par_1_102' title="bbox 277 5241 1861 5314">
     <span class='ocr_line' id='line_1_102' title="bbox 277 5241 1861 5314; baseline -0.001 -15"><span class='ocrx_word' id='word_1_774' title='bbox 277 5243 600 5306; x_wconf 77' lang='grc' dir='ltr'>δυσῦουλίας</span> <span class='ocrx_word' id='word_1_775' title='bbox 621 5243 712 5296; x_wconf 86' lang='grc' dir='ltr'>τὸν</span> <span class='ocrx_word' id='word_1_776' title='bbox 737 5244 934 5296; x_wconf 81' lang='grc' dir='ltr'>οἰκεῖον</span> <span class='ocrx_word' id='word_1_777' title='bbox 955 5241 1340 5312; x_wconf 86' lang='grc' dir='ltr'>κατωθήσομεν</span> <span class='ocrx_word' id='word_1_778' title='bbox 1363 5241 1506 5307; x_wconf 90' lang='grc' dir='ltr'>νοῦν,</span> <span class='ocrx_word' id='word_1_779' title='bbox 1524 5243 1598 5307; x_wconf 82' lang='grc' dir='ltr'>ὡς</span> <span class='ocrx_word' id='word_1_780' title='bbox 1621 5242 1699 5314; x_wconf 81' lang='grc' dir='ltr'>τῷ</span> <span class='ocrx_word' id='word_1_781' title='bbox 1720 5244 1861 5298; x_wconf 86' lang='grc' dir='ltr'>κατὰ</span> 
     </span>
    </p>
   </div>
   <div class='ocr_carea' id='block_1_103' title="bbox 280 5331 1862 5406">
    <p class='ocr_par' dir='ltr' id='par_1_103' title="bbox 280 5331 1862 5406">
     <span class='ocr_line' id='line_1_103' title="bbox 280 5331 1862 5406; baseline 0.008 -21"><span class='ocrx_word' id='word_1_782' title='bbox 280 5334 444 5404; x_wconf 80' lang='grc' dir='ltr'>φύσιν</span> <span class='ocrx_word' id='word_1_783' title='bbox 470 5333 572 5386; x_wconf 82' lang='grc' dir='ltr'><strong>οὑκ</strong></span> <span class='ocrx_word' id='word_1_784' title='bbox 605 5332 736 5386; x_wconf 74' lang='grc' dir='ltr'>ὄντα</span> <span class='ocrx_word' id='word_1_785' title='bbox 757 5332 936 5400; x_wconf 84' lang='grc' dir='ltr'>λέγειν</span> <span class='ocrx_word' id='word_1_786' title='bbox 965 5331 1084 5402; x_wconf 87' lang='grc' dir='ltr'>Θεῷ</span> <span class='ocrx_word' id='word_1_787' title='bbox 1125 5331 1328 5401; x_wconf 83' lang='grc' dir='ltr'>ὅμοιον,</span> <span class='ocrx_word' id='word_1_788' title='bbox 1360 5333 1496 5404; x_wconf 85' lang='grc' dir='ltr'>μήτε</span> <span class='ocrx_word' id='word_1_789' title='bbox 1534 5335 1639 5406; x_wconf 83' lang='grc' dir='ltr'>μὴν</span> <span class='ocrx_word' id='word_1_790' title='bbox 1673 5335 1740 5389; x_wconf 78' lang='grc' dir='ltr'><strong>ἐκ</strong></span> <span class='ocrx_word' id='word_1_791' title='bbox 1763 5336 1862 5406; x_wconf 83' lang='grc' dir='ltr'><strong>τῆς</strong></span> 
     </span>
    </p>
   </div>
   <div class='ocr_carea' id='block_1_104' title="bbox 279 5422 1856 5498">
    <p class='ocr_par' dir='ltr' id='par_1_104' title="bbox 279 5422 1856 5498">
     <span class='ocr_line' id='line_1_104' title="bbox 279 5422 1856 5498; baseline 0.001 -19"><span class='ocrx_word' id='word_1_792' title='bbox 279 5428 470 5489; x_wconf 74' lang='grc' dir='ltr'>οὐσίας</span> <span class='ocrx_word' id='word_1_793' title='bbox 521 5424 850 5495; x_wconf 85' lang='grc' dir='ltr'>γεννηθέντα</span> <span class='ocrx_word' id='word_1_794' title='bbox 908 5423 1002 5478; x_wconf 92' lang='grc' dir='ltr'><strong>τοῦ</strong></span> <span class='ocrx_word' id='word_1_795' title='bbox 1048 5422 1184 5476; x_wconf 89' lang='grc' dir='ltr'>Θεοῦ</span> <span class='ocrx_word' id='word_1_796' title='bbox 1249 5426 1346 5478; x_wconf 80' lang='grc' dir='ltr'><strong>καὶ</strong></span> <span class='ocrx_word' id='word_1_797' title='bbox 1379 5427 1608 5498; x_wconf 73' lang='grc' dir='ltr'>Πατρὸς,</span> <span class='ocrx_word' id='word_1_798' title='bbox 1638 5429 1737 5498; x_wconf 78' lang='grc' dir='ltr'>τὴν</span> <span class='ocrx_word' id='word_1_799' title='bbox 1763 5427 1856 5481; x_wconf 91' lang='grc' dir='ltr'><strong>τοῦ</strong></span> 
     </span>
    </p>
   </div>
   <div class='ocr_carea' id='block_1_105' title="bbox 281 5515 1858 5588">
    <p class='ocr_par' dir='ltr' id='par_1_105' title="bbox 281 5515 1858 5588">
     <span class='ocr_line' id='line_1_105' title="bbox 281 5515 1858 5588; baseline 0.001 -18"><span class='ocrx_word' id='word_1_800' title='bbox 281 5518 416 5571; x_wconf 82' lang='grc' dir='ltr'>Θεοῦ</span> <span class='ocrx_word' id='word_1_801' title='bbox 447 5518 778 5588; x_wconf 84' lang='grc' dir='ltr'>χαρίσασθαι</span> <span class='ocrx_word' id='word_1_802' title='bbox 797 5517 975 5584; x_wconf 82' lang='grc' dir='ltr'>δόξαν,</span> <span class='ocrx_word' id='word_1_803' title='bbox 995 5515 1028 5587; x_wconf 79' lang='grc' dir='ltr'><strong>ἢ</strong></span> <span class='ocrx_word' id='word_1_804' title='bbox 1049 5516 1144 5568; x_wconf 57' lang='grc' dir='ltr'><strong>καὶ⁸</strong></span> <span class='ocrx_word' id='word_1_805' title='bbox 1169 5516 1334 5586; x_wconf 84' lang='grc' dir='ltr'>φάναι</span> <span class='ocrx_word' id='word_1_806' title='bbox 1353 5517 1609 5574; x_wconf 79' lang='grc' dir='ltr'>δύνασθαί</span> <span class='ocrx_word' id='word_1_807' title='bbox 1643 5536 1767 5572; x_wconf 88' lang='grc' dir='ltr'>ποτε</span> <span class='ocrx_word' id='word_1_808' title='bbox 1798 5519 1858 5572; x_wconf 73' lang='grc' dir='ltr'>τὸ</span> 
     </span>
    </p>
   </div>
   <div class='ocr_carea' id='block_1_106' title="bbox 350 5703 1392 5770">
    <p class='ocr_par' dir='ltr' id='par_1_106' title="bbox 350 5703 1392 5770">
     <span class='ocr_line' id='line_1_106' title="bbox 350 5703 1392 5770; baseline -0.006 -7"><span class='ocrx_word' id='word_1_809' title='bbox 350 5708 398 5740; x_wconf 84' lang='grc'>”</span> <span class='ocrx_word' id='word_1_810' title='bbox 449 5705 611 5762; x_wconf 76' lang='lat' dir='ltr'><strong>Joan.</strong></span> <span class='ocrx_word' id='word_1_811' title='bbox 648 5721 701 5770; x_wconf 72' lang='grc' dir='ltr'>χ,</span> <span class='ocrx_word' id='word_1_812' title='bbox 741 5705 827 5761; x_wconf 75' lang='grc'><strong>50.</strong></span> <span class='ocrx_word' id='word_1_813' title='bbox 908 5703 1135 5760; x_wconf 76' lang='lat' dir='ltr'><strong>&quot;Joau.</strong></span> <span class='ocrx_word' id='word_1_814' title='bbox 1187 5719 1298 5768; x_wconf 72' lang='lat' dir='ltr'><strong>xw,</strong></span> <span class='ocrx_word' id='word_1_815' title='bbox 1342 5704 1392 5758; x_wconf 85' lang='lat'><strong>9.</strong></span> 
     </span>
    </p>
   </div>
   <div class='ocr_carea' id='block_1_107' title="bbox 1961 4499 3537 4574">
    <p class='ocr_par' dir='ltr' id='par_1_107' title="bbox 1961 4499 3537 4574">
     <span class='ocr_line' id='line_1_107' title="bbox 1961 4499 3537 4574; baseline -0.003 -15"><span class='ocrx_word' id='word_1_816' title='bbox 1961 4518 2277 4574; x_wconf 85' lang='lat' dir='ltr'><strong>repugnans</strong></span> <span class='ocrx_word' id='word_1_817' title='bbox 2301 4505 2674 4574; x_wconf 90' lang='lat' dir='ltr'><strong>propositum.</strong></span> <span class='ocrx_word' id='word_1_818' title='bbox 2711 4503 2817 4558; x_wconf 91' lang='lat' dir='ltr'><strong>Sed</strong></span> <span class='ocrx_word' id='word_1_819' title='bbox 2848 4509 2907 4556; x_wconf 92' lang='lat' dir='ltr'><strong>ut</strong></span> <span class='ocrx_word' id='word_1_820' title='bbox 2937 4516 3063 4556; x_wconf 89' lang='lat' dir='ltr'><strong>vere</strong></span> <span class='ocrx_word' id='word_1_821' title='bbox 3094 4499 3303 4566; x_wconf 88' lang='lat' dir='ltr'><strong>Filius,</strong></span> <span class='ocrx_word' id='word_1_822' title='bbox 3346 4517 3411 4556; x_wconf 76' lang='lat' dir='ltr'><strong>ex</strong></span> <span class='ocrx_word' id='word_1_823' title='bbox 3442 4501 3537 4557; x_wconf 89' lang='lat' dir='ltr'><strong>Dei</strong></span> 
     </span>
    </p>
   </div>
   <div class='ocr_carea' id='block_1_108' title="bbox 1962 4593 3538 4665">
    <p class='ocr_par' dir='ltr' id='par_1_108' title="bbox 1962 4593 3538 4665">
     <span class='ocr_line' id='line_1_108' title="bbox 1962 4593 3538 4665; baseline -0.001 -13"><span class='ocrx_word' id='word_1_824' title='bbox 1962 4613 2026 4652; x_wconf 89' lang='lat' dir='ltr'><strong>ac</strong></span> <span class='ocrx_word' id='word_1_825' title='bbox 2063 4597 2241 4654; x_wconf 86' lang='lat' dir='ltr'><strong>Patris</strong></span> <span class='ocrx_word' id='word_1_826' title='bbox 2273 4597 2580 4654; x_wconf 85' lang='lat' dir='ltr'><strong>substantia</strong></span> <span class='ocrx_word' id='word_1_827' title='bbox 2615 4595 2878 4651; x_wconf 69' lang='lat' dir='ltr'><strong>ineli‘abili</strong></span> <span class='ocrx_word' id='word_1_828' title='bbox 2908 4603 2962 4650; x_wconf 91' lang='lat' dir='ltr'><strong>et</strong></span> <span class='ocrx_word' id='word_1_829' title='bbox 2995 4593 3538 4665; x_wconf 86' lang='lat' dir='ltr'><strong>incomprehensibili</strong></span> 
     </span>
    </p>
   </div>
   <div class='ocr_carea' id='block_1_109' title="bbox 1965 4686 3541 4762">
    <p class='ocr_par' dir='ltr' id='par_1_109' title="bbox 1965 4686 3541 4762">
     <span class='ocr_line' id='line_1_109' title="bbox 1965 4686 3541 4762; baseline -0.001 -18"><span class='ocrx_word' id='word_1_830' title='bbox 1965 4691 2177 4745; x_wconf 85' lang='lat' dir='ltr'><strong>ratione</strong></span> <span class='ocrx_word' id='word_1_831' title='bbox 2213 4692 2432 4762; x_wconf 87' lang='lat' dir='ltr'><strong>genitus</strong></span> <span class='ocrx_word' id='word_1_832' title='bbox 2454 4730 2470 4756; x_wconf 90' lang='lat'><strong>,</strong></span> <span class='ocrx_word' id='word_1_833' title='bbox 2507 4690 2795 4746; x_wconf 86' lang='lat' dir='ltr'><strong>character</strong></span> <span class='ocrx_word' id='word_1_834' title='bbox 2828 4695 2913 4744; x_wconf 89' lang='lat' dir='ltr'><strong>est</strong></span> <span class='ocrx_word' id='word_1_835' title='bbox 2943 4686 3102 4758; x_wconf 88' lang='lat' dir='ltr'><strong>ejus,</strong></span> <span class='ocrx_word' id='word_1_836' title='bbox 3139 4695 3194 4742; x_wconf 91' lang='lat' dir='ltr'><strong>et</strong></span> <span class='ocrx_word' id='word_1_837' title='bbox 3233 4688 3452 4759; x_wconf 85' lang='lat' dir='ltr'><strong>imago,</strong></span> <span class='ocrx_word' id='word_1_838' title='bbox 3484 4696 3541 4744; x_wconf 88' lang='lat' dir='ltr'><strong>et</strong></span> 
     </span>
    </p>
   </div>
   <div class='ocr_carea' id='block_1_110' title="bbox 1966 4779 3542 4853">
    <p class='ocr_par' dir='ltr' id='par_1_110' title="bbox 1966 4779 3542 4853">
     <span class='ocr_line' id='line_1_110' title="bbox 1966 4779 3542 4853; baseline -0.002 -16"><span class='ocrx_word' id='word_1_839' title='bbox 1966 4782 2248 4853; x_wconf 89' lang='lat' dir='ltr'><strong>splendor,</strong></span> <span class='ocrx_word' id='word_1_840' title='bbox 2284 4783 2672 4852; x_wconf 88' lang='lat' dir='ltr'><strong>proprietatem</strong></span> <span class='ocrx_word' id='word_1_841' title='bbox 2708 4780 3039 4836; x_wconf 59' lang='lat' dir='ltr'><strong>substantiae</strong></span> <span class='ocrx_word' id='word_1_842' title='bbox 3069 4779 3192 4850; x_wconf 88' lang='lat' dir='ltr'><strong>ejus</strong></span> <span class='ocrx_word' id='word_1_843' title='bbox 3224 4781 3317 4850; x_wconf 90' lang='lat' dir='ltr'><strong>qui</strong></span> <span class='ocrx_word' id='word_1_844' title='bbox 3348 4781 3542 4850; x_wconf 82' lang='lat' dir='ltr'><strong>genuit</strong></span> 
     </span>
    </p>
   </div>
   <div class='ocr_carea' id='block_1_111' title="bbox 1966 4871 3540 4944">
    <p class='ocr_par' dir='ltr' id='par_1_111' title="bbox 1966 4871 3540 4944">
     <span class='ocr_line' id='line_1_111' title="bbox 1966 4871 3540 4944; baseline -0.002 -16"><span class='ocrx_word' id='word_1_845' title='bbox 1966 4874 2185 4944; x_wconf 90' lang='lat' dir='ltr'><strong>ipsum,</strong></span> <span class='ocrx_word' id='word_1_846' title='bbox 2210 4882 2263 4928; x_wconf 90' lang='lat' dir='ltr'><strong>et</strong></span> <span class='ocrx_word' id='word_1_847' title='bbox 2286 4873 2618 4928; x_wconf 87' lang='lat' dir='ltr'><strong>naturalium</strong></span> <span class='ocrx_word' id='word_1_848' title='bbox 2650 4876 3134 4943; x_wconf 67' lang='lat' dir='ltr'><strong>praerogativaruui</strong></span> <span class='ocrx_word' id='word_1_849' title='bbox 3163 4871 3331 4926; x_wconf 90' lang='lat' dir='ltr'><strong>decus</strong></span> <span class='ocrx_word' id='word_1_850' title='bbox 3359 4872 3416 4926; x_wconf 90' lang='lat' dir='ltr'><strong>in</strong></span> <span class='ocrx_word' id='word_1_851' title='bbox 3441 4889 3540 4927; x_wconf 89' lang='lat' dir='ltr'><strong>sua</strong></span> 
     </span>
    </p>
   </div>
   <div class='ocr_carea' id='block_1_112' title="bbox 1965 4960 3540 5030">
    <p class='ocr_par' dir='ltr' id='par_1_112' title="bbox 1965 4960 3540 5030">
     <span class='ocr_line' id='line_1_112' title="bbox 1965 4960 3540 5030; baseline -0.006 -10"><span class='ocrx_word' id='word_1_852' title='bbox 1965 4964 2152 5021; x_wconf 87' lang='lat' dir='ltr'><strong>ferens</strong></span> <span class='ocrx_word' id='word_1_853' title='bbox 2207 4972 2427 5019; x_wconf 88' lang='lat' dir='ltr'><strong>natura.</strong></span> <span class='ocrx_word' id='word_1_854' title='bbox 2468 4963 2580 5018; x_wconf 84' lang='lat' dir='ltr'><strong>Nec</strong></span> <span class='ocrx_word' id='word_1_855' title='bbox 2609 4965 2757 5018; x_wconf 89' lang='lat' dir='ltr'><strong>enim</strong></span> <span class='ocrx_word' id='word_1_856' title='bbox 2792 4973 2852 5018; x_wconf 95' lang='lat' dir='ltr'><strong>ut</strong></span> <span class='ocrx_word' id='word_1_857' title='bbox 2889 4964 3000 5028; x_wconf 90' lang='lat' dir='ltr'><strong>illi,</strong></span> <span class='ocrx_word' id='word_1_858' title='bbox 3035 4971 3148 5016; x_wconf 90' lang='lat' dir='ltr'><strong>tam</strong></span> <span class='ocrx_word' id='word_1_859' title='bbox 3183 4960 3392 5030; x_wconf 85' lang='lat' dir='ltr'><strong>stupidi</strong></span> <span class='ocrx_word' id='word_1_860' title='bbox 3428 4963 3540 5015; x_wconf 86' lang='lat' dir='ltr'><strong>eri-</strong></span> 
     </span>
    </p>
   </div>
   <div class='ocr_carea' id='block_1_113' title="bbox 1965 5051 3539 5120">
    <p class='ocr_par' dir='ltr' id='par_1_113' title="bbox 1965 5051 3539 5120">
     <span class='ocr_line' id='line_1_113' title="bbox 1965 5051 3539 5120; baseline -0.006 -9"><span class='ocrx_word' id='word_1_861' title='bbox 1965 5072 2120 5120; x_wconf 90' lang='lat' dir='ltr'><strong>mus,</strong></span> <span class='ocrx_word' id='word_1_862' title='bbox 2157 5063 2253 5109; x_wconf 90' lang='lat' dir='ltr'><strong>aut</strong></span> <span class='ocrx_word' id='word_1_863' title='bbox 2295 5070 2361 5110; x_wconf 84' lang='lat' dir='ltr'><strong>eo</strong></span> <span class='ocrx_word' id='word_1_864' title='bbox 2416 5054 2621 5109; x_wconf 79' lang='lat' dir='ltr'><strong>luroris</strong></span> <span class='ocrx_word' id='word_1_865' title='bbox 2670 5055 3010 5119; x_wconf 77' lang='lat' dir='ltr'><strong>delabamur,</strong></span> <span class='ocrx_word' id='word_1_866' title='bbox 3045 5061 3104 5108; x_wconf 94' lang='lat' dir='ltr'><strong>ut</strong></span> <span class='ocrx_word' id='word_1_867' title='bbox 3133 5068 3259 5107; x_wconf 88' lang='lat' dir='ltr'><strong>eum</strong></span> <span class='ocrx_word' id='word_1_868' title='bbox 3290 5051 3383 5120; x_wconf 89' lang='lat' dir='ltr'><strong>qui</strong></span> <span class='ocrx_word' id='word_1_869' title='bbox 3430 5066 3539 5104; x_wconf 90' lang='lat' dir='ltr'><strong>non</strong></span> 
     </span>
    </p>
   </div>
   <div class='ocr_carea' id='block_1_114' title="bbox 1963 5143 3540 5215">
    <p class='ocr_par' dir='ltr' id='par_1_114' title="bbox 1963 5143 3540 5215">
     <span class='ocr_line' id='line_1_114' title="bbox 1963 5143 3540 5215; baseline -0.004 -11"><span class='ocrx_word' id='word_1_870' title='bbox 1963 5149 2164 5204; x_wconf 92' lang='lat' dir='ltr'><strong>similis</strong></span> <span class='ocrx_word' id='word_1_871' title='bbox 2199 5149 2270 5204; x_wconf 91' lang='lat' dir='ltr'><strong>sit</strong></span> <span class='ocrx_word' id='word_1_872' title='bbox 2301 5147 2413 5203; x_wconf 89' lang='lat' dir='ltr'><strong>Deo</strong></span> <span class='ocrx_word' id='word_1_873' title='bbox 2443 5149 2744 5204; x_wconf 91' lang='lat' dir='ltr'><strong>secundum</strong></span> <span class='ocrx_word' id='word_1_874' title='bbox 2779 5156 3054 5212; x_wconf 86' lang='lat' dir='ltr'><strong>naturam,</strong></span> <span class='ocrx_word' id='word_1_875' title='bbox 3090 5146 3297 5215; x_wconf 88' lang='lat' dir='ltr'><strong>quippe</strong></span> <span class='ocrx_word' id='word_1_876' title='bbox 3327 5157 3435 5198; x_wconf 90' lang='lat' dir='ltr'><strong>nou</strong></span> <span class='ocrx_word' id='word_1_877' title='bbox 3468 5143 3540 5200; x_wconf 87' lang='lat' dir='ltr'><strong>sit</strong></span> 
     </span>
    </p>
   </div>
   <div class='ocr_carea' id='block_1_115' title="bbox 1961 5235 3540 5310">
    <p class='ocr_par' dir='ltr' id='par_1_115' title="bbox 1961 5235 3540 5310">
     <span class='ocr_line' id='line_1_115' title="bbox 1961 5235 3540 5310; baseline -0.003 -14"><span class='ocrx_word' id='word_1_878' title='bbox 1961 5256 2027 5296; x_wconf 79' lang='lat' dir='ltr'><strong>ex</strong></span> <span class='ocrx_word' id='word_1_879' title='bbox 2069 5240 2160 5294; x_wconf 91' lang='lat' dir='ltr'><strong>Dei</strong></span> <span class='ocrx_word' id='word_1_880' title='bbox 2207 5255 2272 5295; x_wconf 86' lang='lat' dir='ltr'><strong>ac</strong></span> <span class='ocrx_word' id='word_1_881' title='bbox 2317 5240 2502 5296; x_wconf 89' lang='lat' dir='ltr'><strong>Patris</strong></span> <span class='ocrx_word' id='word_1_882' title='bbox 2554 5241 2872 5296; x_wconf 86' lang='lat' dir='ltr'><strong>substantia</strong></span> <span class='ocrx_word' id='word_1_883' title='bbox 2915 5240 3172 5310; x_wconf 87' lang='lat' dir='ltr'><strong>genitus,</strong></span> <span class='ocrx_word' id='word_1_884' title='bbox 3219 5235 3314 5292; x_wconf 91' lang='lat' dir='ltr'><strong>Dei</strong></span> <span class='ocrx_word' id='word_1_885' title='bbox 3366 5236 3540 5307; x_wconf 86' lang='lat' dir='ltr'><strong>gloria</strong></span> 
     </span>
    </p>
   </div>
   <div class='ocr_carea' id='block_1_116' title="bbox 1965 5327 3536 5402">
    <p class='ocr_par' dir='ltr' id='par_1_116' title="bbox 1965 5327 3536 5402">
     <span class='ocr_line' id='line_1_116' title="bbox 1965 5327 3536 5402; baseline -0.003 -18"><span class='ocrx_word' id='word_1_886' title='bbox 1965 5331 2256 5402; x_wconf 69' lang='lat' dir='ltr'><strong>praeditum</strong></span> <span class='ocrx_word' id='word_1_887' title='bbox 2294 5347 2421 5387; x_wconf 85' lang='lat' dir='ltr'><strong>esse</strong></span> <span class='ocrx_word' id='word_1_888' title='bbox 2453 5332 2702 5388; x_wconf 87' lang='lat' dir='ltr'><strong>dicamus</strong></span> <span class='ocrx_word' id='word_1_889' title='bbox 2727 5372 2743 5397; x_wconf 92' lang='lat'><strong>,</strong></span> <span class='ocrx_word' id='word_1_890' title='bbox 2777 5339 2874 5385; x_wconf 89' lang='lat' dir='ltr'><strong>aut</strong></span> <span class='ocrx_word' id='word_1_891' title='bbox 2907 5345 3032 5386; x_wconf 89' lang='lat' dir='ltr'><strong>eum</strong></span> <span class='ocrx_word' id='word_1_892' title='bbox 3063 5328 3156 5399; x_wconf 90' lang='lat' dir='ltr'><strong>qui</strong></span> <span class='ocrx_word' id='word_1_893' title='bbox 3203 5327 3385 5383; x_wconf 75' lang='lat' dir='ltr'><strong>iactus</strong></span> <span class='ocrx_word' id='word_1_894' title='bbox 3427 5329 3536 5388; x_wconf 91' lang='lat' dir='ltr'><strong>sit,</strong></span> 
     </span>
    </p>
   </div>
   <div class='ocr_carea' id='block_1_117' title="bbox 1964 5420 3540 5496">
    <p class='ocr_par' dir='ltr' id='par_1_117' title="bbox 1964 5420 3540 5496">
     <span class='ocr_line' id='line_1_117' title="bbox 1964 5420 3540 5496; baseline -0.003 -16"><span class='ocrx_word' id='word_1_895' title='bbox 1964 5434 2018 5480; x_wconf 89' lang='lat' dir='ltr'><strong>et</strong></span> <span class='ocrx_word' id='word_1_896' title='bbox 2048 5441 2078 5480; x_wconf 91' lang='lat' dir='ltr'><strong>e</strong></span> <span class='ocrx_word' id='word_1_897' title='bbox 2113 5424 2293 5478; x_wconf 90' lang='lat' dir='ltr'><strong>nihilo</strong></span> <span class='ocrx_word' id='word_1_898' title='bbox 2324 5424 2388 5478; x_wconf 93' lang='lat' dir='ltr'><strong>ad</strong></span> <span class='ocrx_word' id='word_1_899' title='bbox 2422 5439 2547 5481; x_wconf 90' lang='lat' dir='ltr'><strong>esse</strong></span> <span class='ocrx_word' id='word_1_900' title='bbox 2572 5425 2876 5496; x_wconf 87' lang='lat' dir='ltr'><strong>productus</strong></span> <span class='ocrx_word' id='word_1_901' title='bbox 2898 5464 2912 5488; x_wconf 97' lang='lat'><strong>,</strong></span> <span class='ocrx_word' id='word_1_902' title='bbox 2948 5421 3191 5475; x_wconf 90' lang='lat' dir='ltr'><strong>divinam</strong></span> <span class='ocrx_word' id='word_1_903' title='bbox 3238 5421 3292 5475; x_wconf 92' lang='lat' dir='ltr'><strong>in</strong></span> <span class='ocrx_word' id='word_1_904' title='bbox 3332 5434 3392 5476; x_wconf 89' lang='lat' dir='ltr'><strong>se</strong></span> <span class='ocrx_word' id='word_1_905' title='bbox 3426 5420 3540 5475; x_wconf 80' lang='lat' dir='ltr'><strong>vir-</strong></span> 
     </span>
    </p>
   </div>
   <div class='ocr_carea' id='block_1_118' title="bbox 1967 5509 3540 5588">
    <p class='ocr_par' dir='ltr' id='par_1_118' title="bbox 1967 5509 3540 5588">
     <span class='ocr_line' id='line_1_118' title="bbox 1967 5509 3540 5588; baseline -0.004 -16"><span class='ocrx_word' id='word_1_906' title='bbox 1967 5525 2138 5572; x_wconf 90' lang='lat' dir='ltr'><strong>tutem</strong></span> <span class='ocrx_word' id='word_1_907' title='bbox 2174 5523 2229 5571; x_wconf 90' lang='lat' dir='ltr'><strong>et</strong></span> <span class='ocrx_word' id='word_1_908' title='bbox 2261 5517 2592 5588; x_wconf 89' lang='lat' dir='ltr'><strong>sapientiam</strong></span> <span class='ocrx_word' id='word_1_909' title='bbox 2625 5515 2790 5573; x_wconf 91' lang='lat' dir='ltr'><strong>simili</strong></span> <span class='ocrx_word' id='word_1_910' title='bbox 2829 5531 2924 5587; x_wconf 90' lang='lat' dir='ltr'><strong>per</strong></span> <span class='ocrx_word' id='word_1_911' title='bbox 2955 5513 3139 5570; x_wconf 89' lang='lat' dir='ltr'><strong>omnia</strong></span> <span class='ocrx_word' id='word_1_912' title='bbox 3173 5512 3337 5568; x_wconf 89' lang='lat' dir='ltr'><strong>modo</strong></span> <span class='ocrx_word' id='word_1_913' title='bbox 3366 5509 3540 5566; x_wconf 78' lang='lat' dir='ltr'><strong>habe-</strong></span> 
     </span>
    </p>
   </div>
  </div>
