4042 6204
498 282 599 335 lf‘ii
1489 276 1546 331 S.
1573 274 1849 330 CYlllLLI
1883 272 2352 328 ALEXANDlll-Ni
2379 273 2699 330 AllClllEP.

3655 279 3762 336 1‘36

500 407 578 453 re,
619 389 894 460 talemque
923 405 1043 446 esse
1064 431 1078 454 ,
1116 392 1301 462 qualis
1332 392 1522 446 divina
1555 401 1610 447 ct
1639 391 1933 448 inetl'abilis
1974 390 2068 446 Dei

2181 391 2553 462 πεποιημένον
2580 391 2738 454 ὅλως,
2767 390 2864 444 καὶ
2907 389 2967 444 τὸ
2998 389 3056 456 ἐξ
3087 391 3189 443 οὐκ
3220 391 3393 444 ὄντων
3427 394 3507 455 είς
3532 393 3593 446 τὸ
3620 389 3767 449 εἶναι

495 479 678 535 Patris
709 489 902 534 natura
937 492 1256 538 censeatur.
1293 483 1435 549 Quid
1466 485 1611 538 enim
1643 490 1957 538 creaturam
1995 483 2077 535 ul-

495 573 580 619 tra
610 567 680 620 ab
709 568 900 636 opifice
929 569 1330 642 distingueret,
1363 581 1457 626 aut
1493 573 1622 642 quid
1658 587 1918 642 separare
1951 587 2078 642 pos-

496 664 584 710 set.
643 658 934 716 identitate
982 663 1308 717 substantia:
1357 675 1669 719 creaturam
1719 665 1789 718 ab
1837 662 2078 733 opificc?

497 747 632 801 Nam
668 750 714 803 si
754 751 987 820 gloriam
1023 767 1087 806 ac
1117 753 1409 817 virtutem,
1464 754 1696 824 ejusque
1750 753 2076 823 sapientiam

495 841 689 897 eodem
722 845 949 899 omnino
984 847 1147 900 modo
1179 863 1289 916 quo
1342 847 1485 902 Deus
1543 862 1607 902 ac
1664 847 1828 902 Pater
1882 846 2075 909 habet,

496 935 629 1005 quid
674 938 854 1006 majus
885 939 957 993 sit
986 939 1039 993 in
1072 939 1271 1005 Patre,
1308 950 1402 995 aut
1435 943 1570 1012 quid
1618 943 1740 1013 plus
1783 942 2079 998 habiturus

494 1044 657 1098 quam
692 1045 794 1085 nos
844 1039 940 1086 aut
971 1041 1226 1088 creatura
1252 1074 1266 1098 ,
1303 1050 1404 1104 ego
1433 1034 1660 1104 quidem
1697 1035 1886 1088 dicere
1919 1049 2075 1103 pror-

495 1137 591 1175 sus
626 1137 841 1192 nequeo
865 1163 879 1188 ,
908 1125 1002 1179 sed
1034 1127 1123 1180 hic
1158 1127 1406 1184 haesuros
1439 1129 1605 1181 etiam
1637 1127 1764 1181 illos
1796 1127 2076 1197 suspicor.

494 1215 840 1284 Quapropter
875 1232 986 1270 non
1019 1221 1268 1276 externis
1308 1219 1685 1289 dignitatibus
1716 1219 1887 1273 Filius
1919 1219 2079 1273 nobis

495 1308 560 1358 ad
599 1306 784 1361 Patris
829 1311 1206 1380 aequalitatem
1245 1312 1539 1375 formatur,
1592 1327 1774 1382 neque
1827 1312 1976 1366 velut
2024 1312 2080 1364 in

495 1400 680 1454 tabula
713 1404 971 1471 quapiam
1002 1405 1150 1474 regis
1179 1408 1417 1475 speciem
1449 1421 1510 1460 ac
1546 1405 1779 1460 formam
1815 1406 2082 1460 mentitur

496 1494 612 1546 sola
649 1495 896 1548 colorum
930 1497 1198 1552 varietate
1236 1498 1494 1568 depictus
1517 1539 1531 1564 ,
1569 1499 1666 1554 sed
1707 1503 1998 1553 character
2027 1505 2081 1552 ct

494 1584 678 1655 imago
708 1601 896 1640 revera
929 1590 1198 1658 genitoris
1228 1600 1330 1656 est,
1362 1592 1414 1644 in
1446 1591 1688 1660 propriis
1712 1606 1776 1645 ac
1813 1590 2080 1644 naturali-

491 1675 598 1730 bus
616 1677 773 1732 bonis
803 1678 983 1734 Patris
1001 1688 1254 1735 naturam
1290 1683 1675 1738 manifestans.
1707 1684 1913 1738 Idcirco
1933 1683 2077 1738 enim

2181 483 2534 554 παρενεχθὲν,
2596 482 2696 553 τὴν
2747 481 2898 536 θείαν
2946 482 3384 554 ἀπαραλλάκτως
3422 484 3652 556 φορέσαι
3681 485 3768 540 δύ-

2179 594 2366 648 ναμιν,
2403 575 2497 630 καὶ
2525 576 2733 644 σοφίαν,
2765 575 2908 646 ἔχειν
2932 575 2986 628 δὲ
3016 574 3188 638 οὕτως
3209 575 3284 638 ὼς
3314 575 3379 629 ἂν
3408 579 3579 630 νοοῖτο
3602 576 3766 648 τυχὸν

2179 672 2212 740 ἡ
2248 668 2368 722 θεία
2428 684 2489 720 τε
2539 668 2632 721 καὶ
2677 669 2915 739 ἄρρητος
2947 667 3041 719 τοῦ
3067 667 3202 721 Θεοῦ
3242 668 3458 740 Πατρὸς
3487 669 3670 738 φύσις.
3698 671 3766 725 Τί

2180 761 2288 833 γὰρ
2316 761 2382 814 ἂν
2411 760 2496 830 εἴη
2527 758 2589 812 τὸ
2617 759 2993 830 παραλλάττον
3021 759 3100 812 ἔτι
3136 761 3363 829 ποιητοῦ
3401 763 3495 814 καὶ
3519 764 3764 833 ποιήμα-

2179 869 2301 918 τος;
2329 853 2362 923 ἦ
2393 853 2446 906 τί
2473 853 2533 905 τὸ
2563 850 2894 921 μεσολαϐοῦν
2925 851 3019 903 καὶ
3047 851 3298 921 διακόψαι
3333 853 3629 924 δυνάμενον
3664 855 3765 925 τῆς

2179 945 2509 1014 ταυτότητος
2537 943 2636 1014 τῆς
2664 945 2720 996 ἐν
2759 942 2919 1012 οὒσίᾳ
2946 943 3108 1012 φημὶ,
3139 942 3200 995 τὸ
3244 945 3468 1012 γεγονὸς
3515 945 3609 998 τοῦ
3641 946 3764 998 κτί-

2183 1053 2415 1101 σαντος;
2448 1037 2512 1088 Εἰ
2540 1035 2649 1106 γάρ
2703 1033 2839 1098 ὅλως
2868 1033 2979 1104 ἔχει
2999 1034 3099 1104 τήν
3132 1051 3190 1086 τε
3242 1033 3400 1098 δόξαν
3429 1036 3521 1088 καὶ
3546 1035 3641 1106 τὴν
3673 1035 3768 1090 δύ-

2181 1147 2370 1200 ναμιν,
2401 1128 2494 1181 καὶ
2513 1127 2610 1196 τὴν
2663 1127 2854 1195 σοφίαν
2883 1125 3068 1192 αὐτοῦ,
3111 1127 3251 1180 κατὰ
3285 1127 3376 1179 τὸν
3416 1128 3528 1180 ἴσον
3561 1128 3766 1198 τρόπον

2179 1222 2259 1292 τῷ
2287 1221 2407 1292 Θεῷ
2461 1221 2553 1274 καὶ
2607 1219 2802 1290 Πατρὶ,
2837 1219 2890 1272 τί
2919 1220 2980 1272 τὸ
3027 1220 3210 1290 μεῖζον
3248 1220 3306 1272 ἐν
3332 1219 3499 1290 αὐτῷ,
3536 1222 3586 1273 τί
3616 1221 3673 1274 δὲ
3703 1220 3767 1274 τὸ

2183 1314 2344 1366 πλέον
2373 1312 2484 1376 ἕξει
2525 1313 2653 1382 παρ’
2697 1311 2865 1381 ἡμᾶς,
2900 1310 3018 1380 ἤτοι
3065 1310 3166 1380 τὴν
3189 1310 3388 1373 κτίσιν,
3414 1310 3522 1379 ἐγὼ
3558 1312 3658 1380 μὲν
3683 1313 3764 1365 εἰ-

2183 1405 2306 1457 πεῖν
2327 1403 2428 1456 οὐκ
2455 1401 2522 1455 ἂν
2560 1400 2740 1472 ἔχοιμι
2763 1399 3063 1463 παντελῶς,
3094 1399 3394 1470 ἀπορήσειν
3433 1400 3489 1453 δέ
3517 1400 3765 1471 ὑπολαμ-

2185 1493 2334 1547 ϐάνω
2364 1493 2675 1555 κάκείνους.
2701 1488 2912 1542 Οὐκοῦν
2944 1491 3004 1542 οὐ
3038 1492 3149 1553 τοῖς
3179 1490 3378 1554 ἔξωθεν
3408 1489 3715 1561 ἀξιώμασιν
3735 1493 3766 1544 ό

2185 1586 2312 1649 Υἱὸς
2339 1587 2470 1656 ἡμῖν
2503 1585 2582 1647 εἰς
2599 1585 2696 1655 τὴν
2716 1584 2811 1637 τοῦ
2848 1583 3063 1654 Πατρὸς
3095 1583 3312 1652 ἰσότητα
3345 1580 3765 1653 σχηματίζεται,

2186 1679 2281 1732 καὶ
2317 1681 2380 1732 ού
2426 1676 2675 1746 καθάπερ
2721 1693 2804 1738 τις
2833 1676 2890 1728 ἐν
2923 1675 3150 1738 πίνακος
3171 1677 3378 1746 γραφῇ,
3422 1675 3608 1744 μόναις
3632 1677 3769 1746 ἡμῖν

495 1769 610 1821 fieri
644 1786 751 1823 non
787 1785 949 1840 posse
995 1772 1074 1826 ait
1134 1782 1193 1826 ut
1228 1774 1451 1844 quidam
1487 1784 1794 1846 agnoscant
1827 1775 2073 1841 Patrem,

2185 1773 2306 1834 ταῖς
2341 1769 2450 1823 τῶν
2479 1768 2790 1840 χρωμάτων
2827 1767 2990 1831 ἰδέαις
3021 1767 3523 1833 καταποικίλλεται,
3544 1767 3642 1840 τὴν
3668 1767 3768 1822 τοῦ

494 1856 587 1918 qui
636 1872 726 1922 se,
772 1858 824 1912 id
859 1869 943 1914 est
971 1858 1197 1926 Filium,
1234 1879 1340 1917 non
1378 1872 1503 1919 ante
1531 1865 1909 1935 cognoverint.

2197 1860 2458 1932 βασιλέως
2502 1857 2870 1928 πλαττόμενός
2919 1873 2978 1910 τε
3032 1858 3128 1910 καὶ
3165 1856 3493 1926 ψευδόμενος
3526 1855 3769 1926 μορφὴν,

494 1949 611 2002 ἀλλ’
643 1949 759 2002 ἔστι
812 1953 1100 2023 χαρακτὴρ
1129 1954 1224 2006 κα)⁸
1260 1955 1427 2008 είκὼν
1458 1956 1676 2026 ἀληθῶς
1741 1957 1836 2010 τοῦ
1904 1955 2155 2018 τεκόντος
2193 1953 2373 2017 αὐτὸν,
2415 1954 2473 2005 ἐν
2501 1953 2650 2016 ἰδίοις
2669 1953 2762 2005 καὶ
2795 1948 3274 2020 φυσικοῖςάγαθοῖς
3306 1947 3402 2018 τὴν
3427 1947 3518 2000 τοῦ
3555 1947 3769 2018 Πατρὸς

495 2044 656 2112 φύσιν
713 2043 930 2113 ἐμφανῆ
989 2043 1275 2109 καθιστάς.
1331 2048 1429 2100 Διά
1470 2049 1630 2101 τοῦτο
1660 2049 1768 2121 γάρ
1793 2048 2077 2119 ἀμήχανον
2113 2041 2254 2100 εἷναί
2284 2061 2450 2116 φησιν
2470 2043 2768 2113 ἐπιγνῶναι
2807 2059 2914 2096 τισι
2953 2042 3044 2096 τὸν
3081 2040 3324 2111 Πατέρα,
3394 2041 3516 2110 οὐχὶ
3575 2039 3768 2112 πρότε-

497 2150 588 2204 ρον
615 2135 981 2202 ἐπεγνωκόσιν
1009 2137 1193 2201 αὐτὸν,
1221 2137 1363 2191 τοῦτ’
1389 2139 1526 2204 ἔστι,
1559 2142 1650 2194 τὸν
1683 2141 1828 2195 Υἰόν.

564 2225 703 2290 XIV,
739 2227 792 2280 1.
828 2225 899 2281 Et
954 2230 1146 2284 amodo
1191 2233 1510 2301 cognoscitis
1571 2249 1714 2299 eum,
1770 2242 1819 2287 et
1861 2231 2073 2288 vidistis

493 2333 633 2373 cum.

565 2407 757 2478 Opera:
790 2411 1026 2479 pretium
1061 2421 1148 2468 est
1199 2413 1364 2482 hujus
1400 2429 1619 2484 quoque
1676 2416 1952 2469 sermonis
1986 2427 2078 2467 or-

493 2499 674 2554 dinem
710 2510 763 2555 et
793 2501 1132 2558 ineffabilem
1189 2504 1613 2574 dispositionem
1673 2506 1880 2560 mirari.
1917 2505 2076 2560 Post—

492 2611 658 2664 quam
711 2597 858 2651 enim
893 2596 1070 2651 dixit:
1124 2615 1143 2649 ι
1188 2597 1243 2652 Si
1293 2599 1699 2665 cognovissctis
1750 2615 1856 2661 me,
1894 2607 1946 2653 et
1972 2598 2076 2652 Pa-

494 2697 632 2742 trem
674 2704 854 2742 meum
913 2689 1102 2758 utique
1151 2692 1576 2759 cognovissetis,
1632 2709 1650 2742 ι
1707 2706 1832 2744 cum
1889 2705 2072 2744 rerum

494 2789 603 2832 tam
637 2780 1077 2834 necessariarum
1124 2779 1494 2850 ignorantiam
1528 2782 1865 2850 exprobrare
1915 2781 2076 2836 disci-

493 2870 639 2939 pulis
673 2868 1014 2930 crederetur,
1057 2869 1361 2924 remedium
1394 2871 1580 2924 statim
1620 2871 1805 2924 attulit
1837 2869 2068 2926 dicens:

499 2981 519 3012 ‹
559 2961 772 3014 Amodo
800 2961 1138 3031 cognoscitis
1165 2977 1313 3027 eum,
1347 2972 1399 3016 et
1441 2962 1659 3018 vidistis
1683 2978 1830 3018 einn.
1870 2981 1889 3015 ι
1934 2961 2069 3016 Nam

493 3053 621 3122 quia
683 3051 1056 3108 Ecclesiarum
1125 3069 1222 3122 per
1274 3055 1593 3108 universum
1653 3055 1840 3110 orbem
1902 3054 2070 3109 futuri

2245 2224 2358 2280 Kal
2419 2222 2641 2293 ἀπάρτι
2705 2223 3032 2294 γινώσκετε
3071 2224 3278 2292 αὑτὸν,
3322 2225 3421 2280 καί
3468 2225 3766 2294 ἑωράκατε

2174 2317 2384 2372 αὐτόν.

2248 2407 2436 2475 ’Ἄξιον
2467 2403 2618 2480 οἶμαι
2647 2407 2951 2478 θαυμάσαι,
3005 2408 3100 2462 καὶ
3155 2406 3264 2479 [ῑσ.
3300 2407 3426 2481 κάν]
3463 2409 3634 2482 τούτῳ
3664 2411 3770 2484 τὴν

2175 2499 2401 2555 ἐνοῦσαν
2423 2499 2500 2571 τῷ
2551 2499 2695 2570 λόγῳ
2737 2500 3052 2572 διασκευὴν,
3080 2501 3175 2553 καὶ
3221 2501 3530 2573 ἀπόρρητον
3559 2505 3771 2556 οἰκονο-

2185 2595 2334 2666 μίαν.
2369 2593 2623 2665 Εἰρηκὼς
2647 2593 2776 2663 γὰρ,
2804 2595 2886 2647 ὅτι
2923 2612 2942 2646 ι
2985 2593 3047 2646 Εἰ
3096 2593 3389 2662 ἐγνώκειτέ
3424 2612 3513 2665 με,
3555 2596 3772 2651 καὶτὸν

2183 2686 2402 2756 Πατέρα
2465 2685 2532 2738 ἂν
2580 2684 2785 2756 ᾔδειτε,
2830 2704 2848 2736 ι
2894 2686 2988 2738 καὶ
3020 2687 3302 2756 νομισθεὶς
3349 2687 3598 2757 ἐγκαλεῖν
3649 2692 3773 2754 τοῖς

2184 2774 2454 2847 μαθηταῖς
2486 2774 2595 2827 τῶν
2626 2773 2803 2839 οὕτως
2841 2775 3158 2845 ἀναγκαίων
3205 2777 3303 2849 τὴν
3332 2779 3573 2848 ἄγνοιαν,
3608 2779 3774 2835 τεθε-

2186 2867 2458 2938 ράπευκεν
2508 2865 2712 2929 εὐθύςο
2768 2886 2787 2918 ι
2838 2866 3094 2938 Ἀπάρτι,
3155 2867 3298 2937 λέγω
3352 2868 3464 2942 [πο.
3522 2870 3720 2943 λέγων]
3752 2911 3770 2937 ,

2181 2959 2475 3029 γινώσκετε
2509 2959 2692 3022 αὑτὸν,
2713 2959 2807 3011 καὶ
2837 2958 3117 3030 ἑωράκατε
3143 2961 3323 3016 αὐτόν.
3341 2982 3358 3014 ι
3406 2962 3626 3034 Ἐπειδὴ
3653 2964 3772 3035 γὰρ

2181 3049 2436 3120 έμελλλον
2464 3049 2572 3102 τῶν
2596 3048 2939 3118 ἁπανταχόσε
2968 3049 3237 3118 κειμένων
3267 3049 3598 3120 Ἐκκλησιῶν
3624 3053 3768 3118 ἡγε-

491 3151 650 3199 erant
679 3143 977 3213 przepositi,
1013 3159 1140 3198 cum
1169 3143 1237 3198 ab
1259 3158 1326 3198 eo
1356 3143 1648 3199 audisSent
1677 3143 1809 3198 illud
1838 3163 1851 3200 :
1879 3163 1898 3196 ι
1927 3143 2074 3198 Eun-

2183 3141 2341 3211 μόνες
2367 3140 2606 3203 ἔσεσθαι,
2631 3140 2763 3210 παρ’
2799 3139 2964 3193 αὑτοῦ
2995 3136 3087 3192 τοῦ
3117 3141 3367 3210 Σωτῆρος
3396 3141 3756 3208 ἀκούσαντες,

494 3241 577 3288 tes
609 3232 801 3288 docete
833 3248 1025 3289 omnes
1045 3242 1237 3303 gentes
1261 3233 1365 3296 ⁷⁸.»
1398 3235 1562 3298 hanc,
1601 3235 1822 3304 opinor,
1853 3235 2077 3306 potissi-

494 3341 642 3381 mum
673 3327 742 3380 ob
791 3341 1040 3392 causam,
1079 3341 1207 3380 cum
1244 3327 1454 3380 utiliter
1483 3326 1644 3396 772
1703 3328 1862 3397 prius
1891 3335 2078 3383 osten-

491 3419 688 3480 uisset,
715 3431 777 3470 ac
813 3417 1126 3486 generalem
1151 3417 1220 3471 de
1246 3417 1508 3472 omnibus
1531 3417 1940 3487 quodammodo
1967 3433 2080 3473 ser-

495 3523 711 3562 monem
740 3507 983 3571 fecisset,
1015 3523 1213 3576 nempe
1237 3507 1382 3577 quod
1415 3508 1462 3562 si
1486 3508 1612 3577 quis
1641 3518 1829 3562 nosset
1856 3507 2074 3574 Filium,

492 3605 546 3650 et
567 3611 690 3650 eum
725 3598 913 3664 utique
942 3612 1007 3650 ex
1044 3611 1156 3666 quo
1191 3604 1278 3652 est
1310 3595 1527 3650 Patrem
1558 3610 1625 3650 ac
1661 3595 1830 3651 Deum
1863 3600 2078 3671 agnitu-

493 3703 590 3742 rus
620 3688 712 3753 sit,
750 3689 866 3743 suis
901 3688 1190 3758 discipulis
1249 3687 1622 3757 cognitionem
1669 3689 1884 3757 tribuit,
1923 3690 2076 3745 utili-

496 3791 581 3836 ter
611 3781 855 3851 quidem,
907 3795 1017 3835 non
1053 3779 1123 3834 ad
1175 3779 1451 3850 gratiam:
1508 3794 1610 3835 nec
1664 3781 1810 3835 enim
1869 3782 2076 3852 aliquid

497 3868 623 3924 falsi
684 3884 920 3939 usquam
979 3868 1221 3934 dixerit;
1261 3866 1356 3923 sed
1413 3875 1472 3921 ut
1509 3869 1604 3938 qui
1658 3869 1836 3924 sciant
1892 3871 2077 3940 reipsa

496 3972 660 4032 atque
683 3969 1044 4032 cognoscant.
1077 3960 1208 4016 Illos
1229 3961 1380 4016 enim
1414 3960 1580 4015 etiam
1625 3960 1935 4018 credidisse
1970 3962 2075 4017 Do-

495 4056 704 4108 minum
735 4069 862 4110 vere
891 4069 1015 4110 esse
1055 4053 1151 4110 Dei
1178 4052 1402 4120 Filium,
1463 4069 1808 4126 nequaquam
1842 4054 2072 4110 dubium

492 4159 578 4208 est
608 4157 760 4206 recte
791 4146 1182 4203 sentientibus.
1217 4145 1437 4218 Alioqui
1462 4147 1742 4218 quomodo
1770 4147 2074 4202 Nathanael

494 4245 587 4300 ille
636 4241 884 4299 Israelita
929 4239 1096 4296 simul
1137 4253 1203 4294 ac
1257 4240 1540 4296 audisset:
1580 4259 1598 4292 ι
1659 4239 1988 4310 Priusquam
2021 4248 2074 4295 te

491 4336 781 4406 Philippus
813 4339 1059 4399 vocaret,
1082 4347 1206 4388 cum
1231 4347 1383 4388 esses
1416 4333 1520 4388 sub
1545 4333 1676 4397 ficu,
1707 4333 1817 4388 vidi
1851 4340 1938 4400 te;
1972 4352 1990 4385 ι
2011 4332 2074 4387 fi-

491 4426 576 4482 dei
616 4423 1024 4479 confessionem
1079 4420 1265 4474 statim
1302 4420 1512 4485 intulit,
1544 4419 1779 4475 dicens:
1819 4436 1838 4470 ι
1873 4418 2069 4481 Rabbi,

2179 3233 2262 3296 τὸ,
2308 3251 2326 3284 ‹
2365 3231 2730 3302 Πορευθέντες
2782 3231 3164 3303 μαθητεύσατε
3220 3232 3396 3285 πάντα
3427 3231 3496 3285 τά
3546 3232 3696 3303 ἔθνη,
3743 3253 3764 3286 ι

2176 3323 2266 3378 διὰ
2293 3324 2519 3394 ταύτην,
2540 3323 2616 3385 ὡς
2659 3316 2892 3393 ἐγῷμαι,
2924 3321 3161 3393 μάλιστα
3185 3322 3282 3393 τὴν
3314 3323 3489 3376 αἰτίαν
3516 3341 3772 3396 προαπο-

2176 3415 2356 3479 δείξας
2409 3413 2716 3484 χρησίμως,
2772 3414 2867 3467 καὶ
2916 3412 3094 3468 κοινὸν
3152 3412 3341 3484 ὥσπερ
3384 3415 3464 3476 εἰς
3517 3414 3770 3479 ἅπαντας

2177 3507 2543 3577 ποιησάμενος
2573 3506 2751 3574 λόγον,
2790 3507 2866 3570 ὼς
2898 3507 3047 3570 εῐτις
3075 3507 3240 3577 εἰδείη
3259 3506 3358 3559 τὸν
3381 3508 3524 3574 Υίὸν,
3555 3507 3759 3561 ετσετοι

2175 3599 2345 3670 δήπου
2377 3599 2598 3662 πάντως
2656 3599 2752 3652 καὶ
2791 3599 2880 3653 τὸν
2929 3601 2988 3665 ἐξ
3032 3594 3203 3671 οὗπερ
3253 3600 3372 3654 ἐστὶ
3419 3601 3636 3672 Πατέρα
3666 3601 3768 3654 καὶ

2175 3693 2328 3757 Θεὸν,
2359 3695 2727 3765 ἐπιμαρτυρεῖ
2787 3694 3075 3764 χρησίμως
3106 3697 3216 3758 τοῖς
3261 3695 3458 3750 ἑαυτοῦ
3492 3693 3766 3766 μαθηταῖς

2175 3783 2274 3854 τὴν
2295 3782 2592 3849 ἐπίγνωσιν
2616 3783 2678 3835 οὐ
2706 3783 3117 3853 κεχαρισμένως
3143 3801 3154 3816 ·
3181 3783 3242 3836 οὐ
3274 3784 3382 3856 γάρ
3415 3783 3480 3838 ἂν
3502 3782 3767 3853 φθέγξαι-

2174 3874 2236 3926 τό
2277 3891 2332 3926 τι
2383 3873 2492 3926 τῶν
2531 3873 2632 3926 οὐκ
2675 3873 2926 3945 ἀληθῶν⁹
2973 3873 3089 3926 ἀλλ’
3136 3875 3305 3940 ὅντως
3347 3876 3513 3929 εἰδόσι
3558 3892 3617 3928 τε
3662 3876 3767 3929 καὶ

2176 3963 2565 4034 ἐπεγνωκόσιν.
2599 3965 2721 4018 Ὀτι
2764 3964 2874 4034 γὰρ
2905 3964 3033 4017 Υίὸν
3076 3965 3292 4037 ἀληθῶς
3340 3964 3478 4020 εἶναι
3503 3965 3597 4018 τοῦ
3619 3964 3761 4018 Θεοῦ

2171 4057 2267 4112 τὸν
2323 4057 2550 4129 Κύριον,
2604 4056 2701 4111 καὶ
2755 4056 3236 4124 πεπιστεύκεισαν,
3293 4058 3591 4130 οὐδαμόθεν
3637 4057 3763 4111 ἐστὶ

2171 4152 2286 4214 τοῖς
2321 4145 2380 4203 εὖ
2417 4149 2704 4220 φρονοῦσιν
2737 4148 3059 4220 ἀμφίϐολον.
3108 4151 3263 4203 Ἐπεὶ
3299 4151 3441 4206 κατά
3475 4151 3598 4204 τίνα
3632 4151 3762 4221 τρό-

2173 4260 2276 4297 πον
2298 4240 2591 4313 Ναθαναὴλ
2626 4242 2654 4292 ό
2700 4241 3040 4312 Ἰσραηλίτης
3072 4242 3315 4306 ἀκούσας
3337 4259 3350 4272 ·
3385 4260 3403 4294 ι
3438 4243 3553 4313 Πρὸ
3571 4241 3667 4296 τοῦ
3691 4257 3760 4295 σε

2171 4335 2443 4387 Φίλιππον
2465 4332 2716 4396 καλέσαι,
2774 4332 2904 4386 ὄντα
2943 4333 3050 4386 ὑπὸ
3079 4334 3178 4405 τὴν
3222 4337 3393 4406 συκῆν
3438 4329 3577 4387 εἶδόν
3608 4351 3690 4399 σε,
3731 4351 3753 4384 ι

2175 4426 2519 4496 παραχρῆμα
2546 4425 2646 4494 τῆς
2671 4425 2906 4488 πίστεως
2947 4425 3048 4495 τὴν
3087 4424 3379 4494 ὁμολογίαν
3408 4425 3761 4494 εἰσκεκόμικε

493 4527 550 4571 tu
585 4532 646 4570 es
690 4514 864 4568 Filius
911 4513 1028 4576 Dei,
1077 4520 1134 4564 tu
1171 4526 1233 4565 es
1261 4527 1358 4566 rex
1387 4511 1556 4566 Israel
1577 4512 1649 4565 ⁷⁸.
1707 4530 1727 4564 ι
1760 4509 2071 4576 Quinetiam

2181 4517 2348 4585 λέγων
2367 4533 2381 4547 ο
2424 4535 2441 4567 ι
2491 4515 2703 4578 Ῥαϐϐὶ,
2736 4517 2800 4569 σὺ
2826 4511 2877 4568 εἷ
2899 4517 2927 4568 ὁ
2963 4516 3090 4579 Υἱὸς
3113 4516 3208 4569 τοῦ
3241 4515 3399 4580 Θεοῦ,
3434 4518 3497 4570 σὺ
3524 4512 3574 4569 εἷ
3599 4517 3628 4569 ό
3658 4515 3763 4586 βα-

492 4605 731 4661 mirabili
759 4615 815 4658 et
832 4602 1100 4656 inusitata
1127 4601 1342 4654 ratione
1373 4599 1511 4654 mari
1539 4606 1757 4670 pacato,
1790 4599 2069 4669 quomodo

2181 4605 2358 4669 σιλεὺς
2407 4603 2502 4658 τοῦ
2563 4605 2800 4676 Ἰσραήλ.
2845 4625 2864 4656 ι
2902 4606 3010 4660 Καὶ
3055 4608 3162 4678 μὴν
3228 4607 3324 4661 καὶ
3364 4607 3637 4679 θαλάσσης
3691 4625 3762 4661 τε

494 4714 622 4754 eum
675 4696 982 4750 adorabant
1016 4693 1110 4764 qui
1163 4693 1219 4748 in
1272 4692 1481 4762 scapha
1539 4698 1722 4756 erant,
1782 4691 2066 4746 dicentes:

2181 4696 2491 4769 παραδόξως
2549 4697 2642 4750 καὶ
2666 4697 2949 4768 ἀσυνήθως
2995 4699 3470 4771 κατηυνασμένης,
3502 4699 3618 4763 πῶς
3656 4699 3759 4754 αὒ-

498 4803 517 4836 ‹
561 4783 704 4839 Vere
744 4781 917 4839 Filius
969 4781 1064 4838 Dei
1111 4798 1171 4839 es
1193 4781 1262 4837 ".
1314 4801 1333 4834 ι
1387 4782 1469 4836 An
1521 4796 1655 4852 ergo
1697 4780 2067 4852 ignorantium

2181 4788 2264 4842 τὸν
2293 4787 2662 4858 προσεκύνουν
2699 4789 2748 4839 οἱ
2779 4789 2837 4840 ἐν
2866 4787 2945 4859 τῷ
2973 4789 3173 4858 σκάφει
3205 4789 3454 4858 λέγοντες
3474 4804 3488 4818 ο
3523 4807 3542 4840 ι
3597 4789 3761 4859 Ἄλη-

495 4876 676 4947 ipsum
707 4889 831 4930 esse
870 4873 1060 4941 Deum,
1091 4883 1146 4930 et
1179 4889 1243 4930 ex
1295 4873 1404 4929 Deo
1432 4873 1592 4929 Patre
1623 4874 1866 4945 genitum
1923 4873 2070 4929 hunc

2181 4878 2284 4943 θῶς
2313 4879 2449 4932 Θεοῦ
2509 4878 2634 4942 Υίὸς
2654 4873 2724 4932 εἴ.
2755 4896 2773 4930 ι
2801 4874 2926 4951 'Ap’
2982 4875 3096 4946 οὖν,
3128 4881 3228 4935 οὐκ
3282 4880 3500 4934 εἰδότων
3561 4882 3762 4952 ὅτιπερ

494 4982 806 5024 sermonem
837 4966 1133 5038 quisquam
1169 4982 1295 5022 esse
1325 4967 1514 5022 dicet?
1545 4967 1613 5021 At
1651 4965 1927 5038 quomodo
1956 4981 2065 5020 non

493 5064 724 5118 insanus
759 5062 852 5118 ille
891 5059 1377 5132 deprehendetur?
1415 5059 1521 5126 Qui
1558 5061 1708 5115 circa
1745 5067 1929 5130 partes
1950 5059 2068 5114 Cae-

495 5170 667 5210 sareae
703 5153 945 5224 Philippi
997 5152 1316 5223 interrogati
1366 5159 1495 5206 sunt
1539 5152 1612 5207 ab
1650 5153 1770 5222 ipso
1805 5149 2063 5205 Christo:

501 5263 520 5294 ‹
553 5245 726 5311 Quem
755 5247 947 5300 dicunt
991 5246 1244 5299 homines
1271 5257 1396 5298 esse
1426 5240 1625 5296 Filium
1660 5241 1900 5296 hominis
1916 5241 1985 5304 ⁷⁷,
2041 5258 2062 5293 ι

495 5337 744 5405 nunquid
812 5339 1052 5406 primum
1121 5337 1343 5406 quidem
1405 5335 1640 5389 aliorum
1715 5336 2066 5404 conjecturas

499 5426 870 5498 proferebant?
918 5429 1026 5482 Alii
1065 5430 1246 5492 enim,
1279 5427 1557 5498 inquiunt,
1596 5427 1770 5481 Eliam
1817 5441 1940 5482 esse
1968 5441 2066 5496 pu-

502 5527 640 5582 tant,
666 5518 754 5571 alii
781 5517 1092 5584 Jeremiam,
1126 5530 1218 5575 aut
1247 5535 1416 5574 unum
1453 5535 1520 5574 ex
1552 5519 1857 5590 prophetis.
1890 5518 2066 5584 Quem

2177 4971 2414 5042 ὑπάρχοι
2446 4969 2599 5034 Θεὸς,
2627 4971 2720 5024 καί
2767 4973 2828 5024 ἐκ
2871 4971 3007 5025 Θεοῦ
3038 4974 3362 5044 γεγέννηται
3381 4972 3615 5044 Πατρὸς,
3644 4975 3764 5044 ἐρεῖ

2173 5079 2258 5126 τις
2284 5062 2346 5115 τὸ
2370 5064 2559 5134 ρῆμα;
2621 5055 2754 5115 Εἶτα
2799 5063 2918 5126 πῶς
2975 5064 3075 5117 οὐκ
3107 5063 3422 5134 ἀμαθαίνων
3452 5065 3480 5117 ό
3514 5063 3763 5127 τοιοῦτος

2175 5153 2476 5219 ἀλώσεται;
2516 5153 2651 5218 Περὶ
2699 5154 2767 5207 τά
2801 5153 2943 5225 μέρη
2980 5156 3079 5226 τῆς
3114 5155 3382 5209 Φιλίππου
3417 5157 3759 5225 Καισαρείας

2176 5245 2306 5313 παρ’
2356 5241 2522 5296 αὐτοῦ
2570 5243 2970 5315 διερωτώμενοι
3021 5245 3116 5298 τοῦ
3160 5246 3419 5317 Χριστοῦ,
3461 5265 3479 5297 ι
3516 5247 3654 5299 Τίνα
3685 5261 3757 5317 με

2173 5334 2420 5402 λέγουσιν
2458 5335 2509 5388 οἱ
2533 5335 2810 5406 ἄνθρωποι
2843 5336 2935 5392 τὸν
2967 5338 3092 5391 Υἰὸν
3116 5339 3209 5392 τοῦ
3231 5339 3553 5411 ἀνθρώπου;
3581 5358 3599 5389 ι
3628 5337 3759 5410 οὐχὶ

2173 5426 2390 5498 πρῶτον
2422 5429 2520 5498 μὲν
2574 5427 2812 5495 ἔφασκον
2859 5429 2959 5493 τάς
3009 5431 3210 5500 ἑτέρων
3246 5430 3535 5495 ὑπονοίας;
3560 5431 3623 5482 Ol
3650 5427 3757 5500 μὲν

2174 5519 2305 5588 γὰρ,
2339 5519 2525 5588 φησὶν,
2543 5517 2732 5572 Ἠλίαν
2765 5513 2902 5572 εῖναι
2933 5519 3262 5589 νομίζουσιν,
3297 5521 3344 5574 οί
3366 5519 3421 5574 δὲ
3452 5516 3750 5589 Ἱερεμίαν,

573 5701 614 5729 ’³
651 5697 842 5754 Matth.
879 5715 1072 5762 xxvnl.
1116 5705 1194 5758 19.
1271 5707 1316 5736 ⁷⁵
1351 5705 1511 5763 Joan.
1556 5725 1613 5773 ι,
1655 5706 1742 5771 43,
1786 5705 1872 5760 49.
1949 5704 1997 5736 ⁷⁸
2035 5702 2074 5757 Μ

2181 5708 2221 5758 Ti.
2269 5720 2379 5774 xw,
2409 5705 2495 5762 33.
2572 5705 2616 5736 τ’
2650 5701 2842 5758 Matth.
2882 5703 3102 5767 “1,13.
