4042 6204
328 266 430 323 197

1350 257 1418 313 IN
1455 255 1743 315 JOANNIS
1780 252 2232 311 EYANGELIUM
2272 253 2402 310 LIB.
2436 253 2528 309 IX.

3488 262 3592 322 198

325 379 361 449 ἢ
386 380 482 433 ἱἐνα
508 375 621 430 τῶν
643 372 963 448 προφητῶν.
988 371 1123 426 Τίνα
1142 371 1199 425 δὲ
1231 368 1481 440 λέγουσιν
1509 370 1664 424 αὐτοὶ
1685 369 1905 441 διαρρή-

2015 374 2199 422 autem
2221 381 2347 422 eum
2377 382 2503 422 esse
2533 365 2721 422 dicant
2773 366 2899 438 ipsi,
2964 377 3153 442 aperte
3188 373 3429 444 proﬁteri
3483 394 3592 434 non

323 469 423 541 δην
454 470 634 522 εἰπεῖν
685 467 746 520 οὐ
797 464 1226 536 παραιτούμενοι
1267 463 1336 516 δι’
1377 462 1495 526 ἐνὸς
1518 463 1569 516 οἰ
1588 464 1790 524 πάντες
1812 459 1908 513 τοῦ

325 558 684 632 προῦχοντος,
740 557 951 625 Πέτρος
1004 556 1063 609 δὲ
1101 554 1263 617 αὐτὸς
1316 549 1408 625 ἦν,
1452 553 1553 606 οὐκ
1591 550 1910 614 ἐνδοιαστῶς

327 652 536 720 ἔφασαν
563 665 577 680 ο
611 668 629 700 ι
662 650 732 701 Σὺ
759 642 811 701 εἶ
841 649 870 701 ὁ
897 645 1132 718 Χριστὸς
1151 646 1180 698 ὁ
1204 645 1335 708 Υἱὸς
1365 644 1461 697 τοῦ
1489 643 1624 697 Θεοῦ
1649 642 1743 696 τοῦ
1782 640 1913 707 ζῶν-

325 761 439 807 τος.
478 762 497 795 ι
532 740 763 803 Οὐκοῦν,
818 741 948 794 ὅταν
1002 738 1138 811 λέγῃ
1171 736 1439 805 Χριστός·
1478 754 1498 788 ι
1538 737 1601 789 Εἰ
1633 733 1913 803 ἐγνώκατὲ

332 853 419 905 με,
438 837 530 888 καὶ
551 835 645 888 τὸν
687 831 906 901 Πατέρα
947 847 1052 899 μου
1077 829 1143 882 ἂν
1173 828 1373 899 ᾔδειτε,
1408 846 1428 879 ι
1467 825 1543 897 μὴ
1572 827 1791 890 πάντως
1815 827 1912 878 αὑ-

328 927 433 988 τοῖς
459 928 572 988 τοῖς
598 923 872 996 μαθηταῖς
896 920 1178 992 ὑπολάϐῃς
1221 918 1475 991 εἰρῆσθαι
1498 917 1560 971 τὸ
1594 919 1765 990 ρἧα,
1793 916 1908 970 ἀλλ’

323 1018 448 1086 ὅρον
468 1015 662 1086 ῶσπερ
716 1013 838 1067 τινὰ
878 1011 1095 1082 γενικὸν
1131 1014 1242 1073 τοῖς
1275 1010 1620 1080 ἁπανταχόσε
1650 1010 1907 1074 ποιεῖται,

322 1107 386 1160 τὸ
409 1106 518 1159 τῶν
550 1106 721 1174 ἁγίων
748 1104 1063 1158 ἀποστόλων
1108 1102 1399 1174 πρόσωπον
1423 1100 1712 1173 παραθείς.
1756 1100 1909 1155 Ἐπι-

323 1200 482 1271 τὴρει
513 1198 626 1270 γὰρ
648 1198 796 1260 ὅπως
825 1197 1134 1267 εὑρήσομεν
1170 1194 1271 1248 οὐκ
1298 1195 1636 1265 ἠγνοηκότας
1677 1194 1909 1258 αὐτοὺς,

321 1292 404 1345 ὅτι
422 1291 561 1355 Θεός
596 1289 657 1344 τέ
686 1290 826 1352 ἐστι,
849 1288 944 1341 καὶ
981 1287 1109 1350 Υἰὸς
1144 1287 1239 1339 τοῦ
1264 1285 1424 1339 Θεοῦ.
1469 1284 1610 1337 Ἀλλ’
1634 1284 1753 1338 ὁδὸν
1778 1285 1908 1339 ἐαυ-

321 1384 413 1437 τὸν
447 1378 593 1436 εἶναι
636 1382 911 1452 φήσαντος
951 1377 1048 1433 τοῦ
1088 1378 1247 1443 Θεοῦ,
1281 1377 1345 1431 τὸ
1381 1376 1799 1448 αἰνιγματωδῶς
1830 1379 1909 1430 εἰ-

327 1475 521 1548 ρῆσθαι
552 1474 743 1529 δοκοῦν
794 1475 856 1529 οὐ
887 1474 1094 1544 σφόδρα
1145 1472 1410 1543 συνῆκαν,
1455 1471 1550 1525 καὶ
1582 1470 1716 1541 περὶ
1750 1469 1911 1524 τοῦτο

328 1569 486 1636 μόνον
505 1566 692 1630 αὐτοῖς
750 1565 815 1619 τὸ
860 1565 962 1635 τῆς
997 1562 1223 1632 ἀγνοίας
1248 1561 1480 1632 αἰτίαμα
1510 1562 1785 1631 στήσεται.
1810 1560 1910 1612 Διὰ

2017 459 2206 523 veriti,
2257 474 2353 529 per
2405 475 2576 514 unum
2630 475 2823 516 omnes
2870 477 3108 534 eumque
3160 466 3593 533 praecellentem.

2016 548 2242 606 Petrum
2272 551 2555 618 nimirum,
2599 567 2708 607 non
2754 553 3071 608 dubitanter
3113 554 3411 612 dixerunt:
3451 577 3471 611 ι
3511 557 3595 615 'l‘u

2018 658 2079 698 es
2128 643 2384 698 Christus
2431 641 2604 700 Filius
2649 643 2743 700 Dei
2781 645 3107 703 viventis".
3141 666 3160 697 ι
3210 649 3423 718 Itaque,
3469 663 3594 704 cum

2018 734 2155 789 dixit
2185 734 2484 791 Christus:
2538 755 2555 788 ι
2595 734 2654 790 Si
2707 725 3109 808 cognovissetis
3141 754 3250 803 me,
3286 747 3343 793 et
3377 738 3594 795 Patrem

2019 840 2201 880 meum
2232 826 2658 893 cognovissetis,
2699 846 2717 879 ι
2762 829 2971 883 dictum
3022 829 3078 883 id
3123 845 3248 885 esse
3300 832 3596 902 discipulis

2018 911 2124 982 ipsi
2162 916 2388 968 omnino
2419 922 2615 985 putare
2638 916 2771 981 noli,
2796 918 2889 973 Sed
2919 917 2972 972 in
2999 919 3253 988 personis
3275 929 3595 976 sanctorum

2019 1006 2395 1074 apostolorqu
2453 1009 2788 1079 generaliter
2818 1009 2874 1064 id
2917 1011 3179 1066 omnibus
3218 1011 3429 1067 dictum
3473 1015 3594 1069 exi-

2018 1098 2201 1152 stima.
2227 1098 2464 1155 Adverte
2492 1101 2637 1155 enim
2659 1116 2756 1157 eos
2787 1117 2896 1157 non
2932 1103 3217 1175 ignorasse
3247 1104 3416 1161 Deum
3451 1122 3592 1174 esse,

2021 1184 2225 1257 Deique
2251 1187 2475 1245 Filium.
2510 1190 2615 1246 Sed
2659 1206 2784 1247 cum
2820 1192 2966 1248 Deus
3013 1196 3255 1265 seipsum
3288 1199 3430 1253 viam
3470 1214 3596 1254 esse

2019 1277 2242 1342 dixerit,
2285 1281 2432 1349 quod
2472 1283 2815 1353 aanigmatice
2849 1284 3075 1355 dignum
3114 1289 3409 1345 videbatur
3448 1290 3596 1346 haud

2021 1371 2250 1425 multum
2277 1372 2682 1441 intellexerunt,
2724 1384 2778 1431 et
2820 1376 2874 1430 in
2918 1378 3025 1433 hoc
3064 1380 3185 1435 solo
3208 1396 3399 1437 eorum
3438 1383 3595 1453 igno-

2023 1462 2165 1517 ratio
2216 1475 2493 1520 versatur.
2561 1464 2775 1522 Idcirco
2846 1470 2992 1523 enim
3060 1483 3351 1543 postquam
3405 1475 3595 1544 paucis

2018 1554 2263 1608 ostendit
2327 1572 2684 1628 nequaquam
2744 1569 3109 1631 percepturos
3160 1564 3310 1634 quod
3369 1565 3595 1637 oblique

324 1658 433 1729 γάρ
456 1673 540 1710 τοι
565 1655 726 1710 τοῦτο
760 1654 1043 1723 διελέγξας
1087 1655 1143 1707 ἐν
1166 1652 1388 1720 ὀλίγοις,
1406 1650 1483 1714 ὡς
1509 1650 1570 1703 οὐ
1586 1649 1905 1720 δυνήσονται

2019 1642 2225 1698 dictum
2250 1645 2322 1701 sit
2352 1648 2456 1711 eis,
2484 1649 2685 1705 deinde
2735 1653 3062 1720 generaliter
3103 1653 3157 1707 id
3211 1656 3466 1712 omnibus
3504 1657 3593 1712 dio

326 1747 566 1802 συνιέναι
587 1747 649 1800 τὸ
709 1745 958 1815 πλαγίως
1000 1742 1291 1816 εἰρημένον
1336 1740 1540 1804 αὐτοῖς,
1581 1733 1701 1793 εἶτα
1731 1737 1910 1793 κοινὸν

322 1839 497 1894 ἅπασι
529 1836 757 1911 προθεὶς
780 1835 1030 1890 ἐντεῦθεν
1063 1835 1244 1904 λόγον,
1277 1831 1495 1898 διδάξας
1514 1847 1573 1885 τε
1594 1828 1803 1900 σαφῶς,
1836 1830 1913 1893 ὡς

321 1933 418 1987 καὶ
440 1931 606 1985 αὐτὸν
627 1931 738 2005 [Ion
768 1927 956 2002 αὐτὸς]
987 1928 1395 2000 ζημιωθήσεται
1438 1928 1539 1999 τὴν
1566 1928 1649 1991 εἰς
1680 1926 1770 1981 τὸν
1795 1927 1911 1980 Πα-

319 2024 458 2095 τέρα
479 2022 706 2093 γνῶσιν,
733 2021 794 2086 ὃς
810 2023 878 2077 ἂν
898 2022 1146 2095 ἁγνοήσῃ
1166 2019 1259 2075 τὸν
1294 2020 1444 2085 Υίὸν,
1467 2020 1544 2084 ὡς
1580 2019 1680 2092 ἤδη
1709 2019 1911 2090 διωμο-

321 2117 583 2188 λογηκόσι
610 2116 710 2186 τὴν
738 2115 922 2169 πίστιν
949 2116 1061 2178 τοῖς
1081 2113 1370 2184 μαθηταῖς,
1405 2111 1631 2176 εἰκότως
1653 2113 1752 2184 τὴν
1770 2112 1912 2181 γνῶ-

323 2224 410 2262 σιν
438 2209 811 2279 ἐπιμαρτυρεί
832 2206 1007 2276 λέγων
1031 2223 1043 2236 ο
1083 2224 1102 2258 ι
1152 2204 1698 2278 ’Δπάρτιγινώσκετε
1721 2206 1907 2271 αὐτὸν,

321 2300 416 2354 καὶ
445 2300 732 2373 ἑωράκατε
763 2298 944 2353 αὐτόν.
983 2316 1004 2351 ι
1036 2297 1108 2351 Τὸ
1143 2297 1200 2351 δὲ
1242 2297 1457 2367 ἀπάρτι
1492 2298 1648 2368 φησί,
1681 2297 1800 2368 οὐχὶ
1819 2297 1912 2369 δή·

322 2408 427 2444 που
460 2392 681 2456 πάντως
730 2390 790 2456 ἐξ
838 2389 1055 2460 ἐκείνης
1076 2387 1173 2458 τῆς
1198 2386 1373 2459 ὥρας.
1394 2388 1513 2458 ἦτοι
1542 2386 1640 2457 τῆς
1667 2387 1906 2457 ἡμέρας,

320 2482 450 2537 καθ’
478 2482 663 2554 ἥνπερ
707 2481 894 2546 αὐτοῖς
918 2479 1047 2543 τοὺς
1071 2480 1199 2550 περὶ
1227 2478 1337 2533 τῶν
1371 2477 1631 2532 τοιούτων
1674 2478 1910 2531 ἐποιεῖτο

319 2574 526 2642 λόγους
545 2590 560 2604 °
604 2573 664 2626 τὸ
704 2572 760 2627 δὲ
782 2572 1001 2640 ἀπάρτι
1065 2571 1229 2641 φησὶν
1247 2609 1264 2635 ,
1327 2567 1776 2640 ἀντιπαρεξάγων
1830 2569 1910 2640 τῷ

317 2664 566 2735 ἀρχαίῳ,
593 2663 685 2717 καί
701 2661 921 2736 πρώτῳ,
946 2661 1038 2715 τὸν
1074 2661 1347 2732 ἀρτιφανῆ
1395 2660 1491 2713 καὶ
1518 2659 1637 2713 νέον
1677 2658 1777 2729 τῆς
1805 2658 1907 2713 αὑ-

316 2753 417 2808 τοῦ
448 2751 755 2824 παρουσίας
805 2750 1020 2823 καιρὸν,
1076 2749 1198 2805 καθ’
1231 2749 1289 2804 ὃν
1311 2748 1670 2821 λαμπροτέρα
1716 2749 1908 2817 γέγονε

315 2846 433 2910 ’ὥς
469 2843 616 2899 κατὰ
675 2844 858 2898 πᾶσαν
906 2843 1007 2915 τὴν
1059 2841 1407 2913 οἰκουμένην,
1436 2843 1471 2912 ὴ
1513 2842 1641 2911 περὶ
1695 2840 1908 2914 Πατρός

315 2933 521 3005 γνῶσις
540 2933 630 2988 διὰ
662 2933 760 2988 τοῦ
794 2932 949 2987 Υἰοῦ.
1008 2933 1110 2987 Διὰ
1156 2933 1267 3004 γάρ
1303 2949 1386 2986 τοι
1419 2931 1598 2996 τοῦτο,
1631 2932 1725 2985 καὶ
1745 2934 1804 2986 ἐν
1825 2932 1907 3003 βί-

2018 1747 2164 1790 ctum
2193 1738 2545 1809 signiﬁcavit,
2579 1757 2643 1796 ac
2677 1742 2966 1799 manifeste
2989 1744 3179 1800 docuit
3212 1747 3393 1818 ipsum
3413 1748 3596 1806 Patris

2013 1829 2329 1901 cognitione
2376 1834 2633 1888 orbatum
2689 1835 2758 1891 iri
2797 1836 2892 1907 qui
2950 1836 3150 1892 Filium
3215 1839 3592 1910 ignoraverit,

2014 1921 2179 1990 quasi
2210 1920 2327 1991 jam
2367 1922 2528 1977 ﬁdem
2576 1923 2847 1994 professis
2892 1926 3184 1997 discipulis
3218 1929 3596 2000 cognitionem

2012 2011 2268 2067 attribuit
2313 2012 2548 2070 dicens:
2610 2034 2629 2067 ι
2686 2016 2899 2073 Amodo
2949 2020 3288 2089 cognoscitis
3324 2036 3485 2088 eum,
3539 2027 3597 2077 et

2015 2102 2232 2157 vidistis
2263 2119 2410 2159 eum.
2445 2125 2464 2158 ι
2493 2106 2699 2161 Amodo
2734 2118 2913 2163 autem
2955 2107 3113 2174 dicit,
3151 2126 3260 2165 non
3294 2112 3487 2183 utique
3526 2128 3597 2168 ex

2015 2193 2106 2247 illa
2142 2194 2301 2257 hora.
2334 2195 2451 2251 sive
2476 2197 2566 2252 die
2594 2213 2702 2269 qua
2729 2198 2798 2254 de
2833 2199 2920 2255 liis
2965 2201 3031 2256 ad
3074 2216 3170 2257 eos
3219 2204 3387 2261 verba
3436 2203 3590 2269 fecit.

2014 2286 2110 2343 sed
2161 2289 2321 2360 773
2372 2290 2563 2345 amodo
2598 2294 2696 2358 ait,
2740 2308 3026 2364 apponens
3081 2298 3256 2352 veteri
3306 2314 3371 2354 ac
3413 2300 3594 2372 primo

2013 2394 2207 2435 recens
2230 2395 2294 2436 ac
2314 2398 2517 2437 novum
2543 2384 2664 2453 ejus
2690 2386 2963 2443 adventus
2991 2398 3229 2458 tempus,
3266 2406 3378 2460 quo
3410 2393 3593 2447 mani-

2013 2469 2207 2526 festior
2231 2471 2334 2526 fuit
2362 2488 2461 2543 per
2495 2475 2817 2530 universum
2866 2487 3139 2533 terrarum
3182 2480 3378 2536 orbem
3411 2482 3593 2538 Patris

2011 2563 2251 2635 cognitio
2287 2580 2383 2634 per
2410 2564 2633 2621 Filium.
2666 2566 2882 2623 Idcirco
2903 2570 3051 2624 enim
3087 2578 3142 2625 et
3181 2573 3237 2627 in
3274 2572 3417 2628 libro
3440 2574 3595 2629 Psal-

2012 2670 2225 2709 morum
2249 2665 2508 2727 tanquam
2532 2656 2599 2711 ad
2632 2654 2803 2712 Deum
2837 2667 2893 2714 et
2927 2659 3144 2719 Patrem
3184 2662 3301 2717 ait:
3331 2681 3351 2716 ι
3389 2663 3584 2718 Mirifi-

2011 2753 2135 2799 cata
2172 2753 2256 2802 est
2308 2746 2538 2802 scientia
2574 2754 2668 2800 tua
2710 2762 2777 2801 ex
2828 2764 2917 2804 me
2937 2750 3006 2806 ⁷⁸.
3066 2770 3086 2804 ι
3148 2750 3345 2806 Filium
3395 2756 3594 2825 quippe

2015 2836 2297 2893 miraculis
2344 2852 2566 2893 omnem
2615 2838 2927 2895 orationem
2972 2841 3368 2899 excedentibus
3408 2845 3591 2914 splen-

2011 2928 2229 2985 dentem
2269 2932 2603 2999 conspicati,
2639 2939 2693 2986 et
2743 2948 2867 2987 cum
2905 2942 3182 3004 pmestate
3237 2934 3351 2992 Deo
3388 2952 3593 2993 conve-

313 3024 432 3097 ὅλῳ
469 3022 743 3096 1ἓάλμῶν,
799 3023 877 3088 ὡς
927 3023 1064 3096 πρὸς
1110 3022 1244 3076 Θεὸν
1290 3022 1386 3077 καί⁸
1427 3022 1647 3093 Πατέρα
1702 3022 1902 3095 φησίνο

2014 3022 2186 3077 nienti
2219 3020 2381 3078 facile
2420 3023 2796 3095 quodcunque
2844 3025 3008 3081 vellet
3053 3026 3369 3094 facientem,
3410 3030 3592 3084 mirati

318 3136 342 3171 ι
394 3115 827 3187 Ἐθαυμαστώθη
874 3117 909 3187 ἡ
957 3115 1158 3187 γνῶσίς
1213 3131 1306 3168 σου
1338 3113 1398 3182 ἐξ
1435 3112 1593 3185 ἐμοῦ.
1627 3134 1647 3168 ι
1698 3113 1903 3188 Ἐωρα-

312 3208 473 3275 κότες
500 3209 611 3282 γὰρ
649 3212 764 3275 τοῖς
810 3209 951 3279 ὑπὲρ
991 3207 1149 3276 λόγον
1207 3205 1744 3278 θαυματουργήμασι
1787 3205 1903 3260 δια-

315 3303 600 3374 πρὲποντα
644 3302 739 3358 τὸν
786 3301 940 3366 Υἰὺν,
967 3302 1063 3355 καὶ
1112 3298 1253 3371 μετὰ
1293 3296 1631 3369 θεοπρεποῦς
1654 3296 1903 3364 ἐξουσίας

314 3390 699 3467 κατορθοῦντα
749 3392 950 3464 ῥᾳδίως
976 3393 1114 3464 ὅπερ
1165 3389 1232 3445 ἂν
1270 3387 1533 3462 βούλοιτο,
1560 3387 1906 3459 τεθαυμάκα-

314 3501 423 3558 μεν
457 3483 709 3539 ἐντεῦθεν
743 3483 844 3556 τὴν
895 3483 991 3537 τοῦ
1055 3482 1272 3554 Πατρός
1309 3480 1535 3551 γνῶσιν,
1562 3481 1663 3551 οὐχ
1700 3479 1902 3552 ἑτέρως

307 3574 547 3648 ἔχουσαν
574 3574 885 3641 ἐννοοῦντες
928 3575 1119 3648 αὐτὴν,
1156 3574 1189 3646 ἥ
1238 3572 1427 3646 ὥσπερ
1469 3573 1615 3626 ἐστὶν
1648 3572 1682 3644 ἡ
1718 3572 1812 3626 τοῦ
1842 3572 1903 3638 ἐξ

308 3665 481 3723 αὐτοῦ
503 3666 861 3741 προελθόντος
876 3662 1029 3722 nos.
1054 3686 1073 3719 ι
1115 3665 1345 3739 Ἀπάρτι
1385 3663 1564 3719 τοίνυν
1603 3663 1902 3734 γινώσκετε

308 3759 500 3825 αὐτὸν,
529 3760 629 3813 καὶ
659 3759 940 3831 ἑωράκατε
1001 3759 1186 3815 αὐτόν.
1220 3777 1238 3811 ι
1292 3757 1643 3828 Ἐγνώκαμεν
1697 3755 1808 3828 γὰρ
1843 3756 1902 3809 ἐν

308 3849 452 3922 mp,
486 3850 742 3923 καθάπερ
789 3851 926 3923 ἔφην
980 3852 1203 3925 ἀρτίως,
1258 3850 1345 3914 τίς
1391 3851 1421 3902 ό
1480 3849 1692 3920 Πατὴρ,
1725 3850 1821 3903 καὶ
1839 3848 1900 3901 οὐ

310 3943 477 4015 μόνον
538 3942 972 4014 ἐπεγνώκαμεν,
1029 3941 1167 3998 ἀλλὰ
1225 3940 1319 3995 καί⁵
1346 3938 1732 4008 ἐθεασάμεθα,
1782 3938 1902 4010 ἦτοι

306 4033 665 4105 ἑωράκαμεν.
709 4034 776 4087 Ἠ
831 4033 933 4104 μὲν
984 4033 1094 4105 γὰρ
1131 4032 1330 4103 γνῶσις
1370 4029 1470 4102 τὴν
1518 4029 1605 4083 διὰ
1650 4029 1759 4081 τῶν
1817 4028 1903 4081 ἐν-

303 4127 470 4181 νοιῶν
501 4128 735 4200 θεωρίαν
762 4127 1035 4199 ὑποδηλοῆ
1064 4126 1131 4197 ἢν
1167 4125 1232 4180 ἄν
1265 4143 1351 4190 τις
1387 4123 1541 4179 λάϐοι
1571 4122 1735 4194 τυχὸν
1772 4123 1903 4194 περὶ

303 4220 411 4291 τῆς
463 4218 619 4285 θείας
660 4238 721 4274 τε
755 4220 851 4275 καὶ
898 4220 1137 4291 ἀρρήτου
1190 4217 1426 4287 φύσεως,
1476 4218 1577 4289 τῆς
1619 4218 1713 4271 ἐπὶ
1760 4217 1901 4272 πάν-

304 4331 412 4378 τας
452 4316 620 4387 φημὶ,
652 4315 749 4370 καὶ
776 4312 865 4368 διὰ
907 4312 1148 4375 πάντων,
1182 4309 1277 4363 καὶ
1310 4311 1368 4363 ἐν
1401 4309 1557 4362 πᾶσι.
1584 4309 1660 4362 Τό
1687 4325 1752 4378 γε
1792 4310 1902 4381 μὴν

2010 3129 2207 3169 sumus
2232 3113 2361 3168 hinc
2400 3112 2584 3170 Patris
2619 3115 2994 3186 cognitionem
3034 3119 3200 3175 aliter
3246 3134 3367 3175 eam
3391 3135 3452 3177 se
3479 3135 3593 3176 non

2009 3206 2214 3262 habere
2244 3215 2522 3277 putantes,
2555 3224 2720 3278 quam
2753 3209 3033 3279 quomodo
3063 3226 3123 3266 se
3157 3211 3323 3268 habet
3349 3212 3595 3283 cognitio

2008 3297 2362 3368 procedentis
2384 3314 2452 3354 ex
2485 3299 2606 3369 ipso
2651 3298 2796 3356 Filii.
2835 3318 2855 3352 ‹
2914 3301 3130 3357 Amodo
3164 3303 3334 3373 igitur
3385 3320 3594 3378 cogno-

2009 3389 2167 3445 scitis
2194 3406 2345 3456 eum,
2376 3398 2431 3446 et
2459 3391 2682 3448 vidistis
2710 3407 2859 3450 eum.
2909 3411 2928 3446 ι
2961 3392 3306 3462 Agnovimus
3339 3396 3484 3452 enim
3533 3398 3592 3453 in

2008 3482 2173 3546 Filio,
2206 3491 2267 3536 ut
2294 3499 2445 3539 nunc
2482 3484 2722 3549 aiebam,
2752 3485 2881 3556 quis
2905 3486 2966 3540 ﬁt
2994 3485 3180 3551 Pater,
3211 3503 3388 3559 neque
3413 3489 3590 3547 solum

2009 3574 2359 3646 agnovimus.
2397 3575 2494 3631 sed
2543 3583 2598 3632 et
2636 3579 2996 3648 contemplati
3042 3594 3259 3646 sumus,
3310 3595 3408 3636 seu
3446 3581 3591 3637 vidi-

1970 3684 2153 3731 ‘mus.
2198 3667 2435 3740 Cognito
2493 3668 2641 3725 enim
2687 3660 3008 3727 intellectus
3065 3672 3591 3744 contemplationem

2008 3760 2304 3829 signiﬁcat,
2347 3775 2518 3831 quam
2548 3762 2616 3816 de
2642 3762 2830 3817 divina
2860 3770 2914 3818 et
2934 3763 3206 3819 ineffabili
3234 3773 3433 3819 natura
3460 3766 3591 3837 quis

2009 3850 2199 3906 forsan
2228 3852 2455 3921 ceperit,
2492 3866 2616 3922 quae
2642 3867 2810 3923 supra
2835 3868 3048 3920 omnes,
3076 3862 3132 3909 et
3162 3869 3259 3926 per
3291 3871 3507 3923 omnes,
3536 3866 3592 3913 et

2007 3942 2064 3995 in
2088 3941 2348 3997 omnibus
2376 3952 2481 3999 est.
2516 3941 2731 3999 Vidisse
2759 3957 2925 4014 porro
2978 3952 3186 4001 certam
3221 3946 3383 4002 ﬁdem
3416 3948 3590 4003 mira-

2007 4030 2149 4086 culis
2178 4029 2380 4085 factam
2417 4031 2722 4101 signiﬁcat.
2746 4031 2866 4088 Non
2889 4034 3035 4090 enim
3059 4035 3236 4090 solum
3258 4038 3590 4108 agnovimus

2006 4122 2224 4179 Patrem
2284 4124 2453 4179 vitam
2513 4139 2639 4180 esse
2689 4126 2995 4181 secundum
3044 4135 3329 4193 naturam.
3381 4145 3489 4186 nec
3531 4130 3590 4186 in

2008 4216 2174 4271 nudis
2202 4229 2267 4270 ac
2292 4216 2460 4271 meris
2484 4216 2920 4288 cogitationibus
2941 4218 3108 4275 istius
3135 4220 3215 4277 rei
3253 4220 3505 4275 notitiam
3531 4222 3586 4276 in

2007 4307 2171 4364 nobis
2204 4307 2534 4363 habuimus:
2568 4308 2624 4362 in
2656 4305 2797 4362 Filio
2822 4308 2916 4377 qui
2947 4310 3192 4365 viviﬁcat
3222 4320 3495 4379 mortuos,
3535 4325 3593 4370 et

314 4410 466 4475 ἰδεῖν,
492 4411 594 4482 τὴν
639 4409 731 4463 διὰ
780 4407 891 4461 τῶν
927 4403 1462 4479 τερατουργημάτων
1522 4402 1898 4475 πληροφορίαν

2011 4400 2074 4456 ad
2105 4415 2231 4456 esse
2254 4408 2548 4471 corruptos
2578 4400 2762 4457 denuo
2789 4401 3028 4469 reducit,
3061 4417 3171 4458 non
3203 4404 3385 4460 solum
3419 4418 3591 4476 agno-

312 4503 595 4573 σημαίνει.
626 4500 704 4558 υύ
748 4501 860 4573 γὰρ
906 4501 1068 4573 μόνον
1116 4497 1438 4567 ἐγνώκαμεν
1488 4496 1571 4550 ὅτι
1612 4495 1726 4566 ζωὴ
1762 4496 1907 4551 κατὰ

312 4593 478 4664 φύσιν
508 4594 656 4648 ἐστὶν
680 4591 936 4664 ὁΠατὴρ,
974 4588 1098 4644 οὐδέ
1150 4589 1208 4642 ἐν
1236 4586 1422 4658 ψιλαῖς
1469 4586 1566 4640 καὶ
1605 4586 1796 4657 μόναις
1818 4587 1905 4639 ἐν·

308 4687 486 4751 νοίαις
538 4686 641 4758 τὴν
661 4684 758 4739 τοῦ
814 4685 1142 4756 πράγματος
1183 4681 1388 4753 εἴδησιν
1412 4680 1472 4733 ἐν
1503 4679 1715 4743 ἐαυτοϊς
1743 4678 1907 4750 ἐσχή-

308 4796 534 4851 καμεν·
561 4780 622 4834 ἐν
685 4777 802 4849 Υἱῷ
861 4772 1358 4841 ζωοποιοῦντιτοὺς
1409 4770 1660 4842 νεκροὺς,
1692 4770 1789 4826 καὶ
1826 4771 1907 4835 εἰς

306 4875 379 4929 τὸ
402 4872 539 4928 εἶναι
588 4872 753 4929 πάλιν
805 4868 1193 4940 ἀνακομίζοντι
1236 4866 1364 4929 τοὺς
1391 4862 1897 4934 κατεφθαρμένους,

305 4967 379 5021 οὐ
412 4966 573 5038 μόνον
592 4965 933 5036 ἐγνώκαμεν,
979 4961 1062 5015 ὅτι
1107 4960 1291 5035 πᾶσαν
1321 4957 1427 5011 ὑπὸ
1465 4957 1631 5021 πόδας
1665 4954 1778 5027 ἔχει
1800 4954 1900 5026 τὴν

306 5060 498 5115 κτίσιν
533 5060 563 5112 ό
592 5057 725 5122 Θεὸς
772 5057 869 5112 καλ⁵
914 5054 1127 5124 Πατὴρ,
1180 5051 1276 5107 καὶ
1302 5051 1412 5104 τῶν
1439 5049 1569 5121 παρ’
1598 5046 1765 5102 αὐτοῦ
1804 5064 1901 5117 γε-

307 5153 554 5224 γονότων
618 5148 1035 5216 κατεξουσιάζει
1091 5142 1410 5218 βασιλικῶς,
1480 5141 1557 5206 ὡς
1601 5139 1780 5194 πάντα
1829 5139 1900 5194 τὰ

307 5246 460 5319 ἔργα
486 5244 722 5298 σείεσθαί
768 5260 827 5297 τε
872 5242 940 5296 δι’
976 5239 1158 5304 αὐτὸν,
1190 5237 1287 5292 καὶ
1325 5235 1575 5308 τρέμειν,
1616 5233 1758 5288 κατὰ
1803 5248 1898 5301 γε-

308 5338 637 5414 γραμμένον
664 5356 678 5369 ·
711 5336 824 5392 ἀλλ’
855 5335 1071 5407 εἴδομεν
1113 5332 1242 5386 ὅντα
1268 5328 1510 5385 τοιοῦτον
1548 5328 1640 5382 καὶ
1672 5328 1729 5380 ἐν
1760 5324 1896 5396 Υίῷ,

305 5431 408 5485 ὅτε
431 5427 670 5503 θαλάττῃ
717 5427 815 5482 καὶ
856 5425 1164 5496 πνεύμασιν
1188 5418 1482 5490 ἐπιτιμῶν,
1516 5417 1654 5489 μετὰ
1697 5416 1900 5487 πολλῆς

306 5521 424 5591 εφη
447 5520 548 5590 τῆς
570 5517 838 5586 ἐξουσίας·
867 5537 886 5570 ι
915 5515 1127 5580 Σιώπα,
1151 5512 1459 5584 πεφίμωσο.
1487 5528 1506 5561 ι
1546 5507 1764 5578 Ἐπειδὴ
1789 5507 1903 5559 τοί-

2002 4493 2184 4548 vimus
2216 4490 2388 4548 Deum
2424 4506 2489 4547 ac
2530 4491 2753 4548 Patrem
2788 4493 3103 4549 universam
3167 4493 3403 4565 pedibus
3470 4494 3591 4551 suis

2003 4584 2319 4655 subjectam
2350 4583 2557 4641 habere
2602 4595 2916 4641 creaturam
2941 4586 3010 4650 ⁸⁰,
3048 4586 3421 4658 omnibusque
3463 4600 3495 4640 a
3530 4601 3591 4642 se

2003 4677 2167 4732 factis
2225 4676 2523 4746 imperare,
2586 4675 2725 4732 adeo
2772 4686 2832 4732 ut
2882 4678 3069 4733 omnia
3139 4692 3310 4749 opera
3359 4679 3591 4735 timeant

2002 4767 2206 4838 ipsum,
2264 4772 2428 4837 atque
2480 4768 2842 4832 tremiscant,
2882 4777 2943 4824 ut
2982 4770 3254 4842 scriptum
3290 4778 3377 4827 est
3397 4770 3464 4823 δι.
3518 4771 3590 4825 At

2005 4861 2260 4918 videmus
2290 4860 2458 4915 talem
2489 4868 2542 4915 et
2566 4859 2620 4914 in
2656 4857 2801 4915 Filio
2844 4860 3114 4917 exsistere
3166 4876 3292 4917 cum
3351 4876 3503 4918 mare
3535 4871 3590 4917 et

2005 4959 2201 5009 ventos
2245 4951 2560 5021 increpans,
2611 4965 2811 5023 magna
2841 4966 2969 5007 cum
3023 4960 3298 5023 potestate
3330 4952 3588 5008 dicebat:

2015 5064 2034 5099 ι
2076 5043 2240 5108 Tace,
2288 5042 2698 5099 obmutesce”.
2742 5061 2763 5095 ι
2815 5042 3089 5110 Quoniam
3149 5059 3283 5115 ergo
3336 5044 3593 5102 dicturus

2008 5146 2129 5192 erat
2158 5150 2270 5190 non
2323 5132 2505 5188 solum
2543 5134 2881 5204 cognovislis
2927 5132 3167 5201 Patrem,
3218 5133 3315 5190 sed
3354 5140 3409 5190 et
3447 5134 3591 5189 vidi-

2010 5226 2133 5288 stis,
2152 5219 2595 5294 praemittendum
2624 5224 2938 5279 necessario
2954 5224 3166 5293 putavit
3192 5222 3356 5288 illud,
3372 5224 3587 5289 amodo,

2008 5332 2174 5389 quam
2207 5330 2340 5372 vero
2382 5315 2453 5370 ob
2499 5315 2768 5371 causam?
2815 5316 2925 5371 Lex
2983 5315 3131 5372 enim
3166 5314 3404 5372 Mosaica
3461 5318 3592 5373 ﬁliis

2006 5407 2175 5467 Israel
2205 5407 2578 5463 inclamabat:
2614 5426 2633 5459 ι
2676 5406 2941 5465 Dominus
2964 5407 3111 5465 Deus
3142 5419 3291 5477 tuus,
3322 5407 3591 5466 Dominus

2011 5516 2155 5557 unus
2189 5499 2364 5563 est“,
2404 5517 2423 5551 ι
2461 5515 2639 5571 neque
2681 5500 2960 5559 veteribus
2987 5502 3055 5559 de
3082 5501 3222 5558 Filio
3254 5502 3589 5557 mentionem

388 5634 432 5664 ”
469 5631 661 5686 Matth.
695 5648 808 5697 ινι,
851 5632 939 5686 lﬁ.
1016 5630 1062 5663 τ’
1083 5628 1230 5683 Psal.
1266 5639 1532 5689 cum",
1562 5622 1616 5678 6.
1693 5621 1737 5654 ⁸⁰
1772 5620 1905 5692 Εινῐιε

2011 5637 2043 5687 ι,
2088 5618 2174 5673 22.
2252 5615 2297 5648 ⁸¹
2326 5613 2451 5681 Job,
2477 5627 2628 5677 xxvt,
2674 5612 2760 5671 Η.
2836 5619 2880 5650 ⁸⁸
2912 5618 3077 5675 Marc.
3114 5634 3186 5685 tv,
3212 5615 3304 5670 39.
3368 5613 3585 5672 "Deut.

310 5721 412 5769 τι,
464 5707 517 5758 4.
