4042 6204
482 261 583 314 199

1471 262 1532 318 S.
1565 261 1843 318 CYRILLI
1888 261 2361 318 ALEXANDBINI
2403 263 2722 319 ARCIIIEP.

3640 266 3748 319 2m)

481 379 737 441 iaciebat,
761 379 855 434 sed
892 395 921 433 a
952 380 1250 434 multorum
1288 378 1516 434 deorum
1551 382 1710 436 cultu
1757 397 1857 438 eos
1909 381 2056 436 dun-

2163 401 2254 437 νυν
2281 382 2504 454 ἔμελλεν
2521 383 2685 452 ἐρεῖν,
2710 384 2790 436 ὅτι
2818 383 2876 435 οὐ
2909 384 3066 452 μόνον
3097 382 3373 450 ἐγνώκατε
3395 381 3484 434 τὸν
3506 383 3748 454 Πατέρα,

480 481 637 524 taxat
668 471 1003 534 abstractos,
1031 471 1098 525 ad
1140 472 1308 526 unius
1361 472 1745 527 adorationem
1804 473 2060 528 vocabat.

480 563 744 618 Dominus
775 570 957 617 autem
990 573 1182 617 noster
1219 559 1383 618 Jesus
1413 562 1696 630 Christus,
1735 578 1860 618 cum
1900 564 2064 618 homo

480 657 660 711 factus
682 667 787 718 est.
838 672 936 726 per
982 657 1154 710 multa
1189 658 1347 728 signa
1378 666 1433 712 et
1474 673 1642 728 opera
1693 657 2065 713 manifestavit

479 749 640 802 nobis
673 765 770 818 per
793 751 1039 819 seipsum
1071 748 1309 815 Patrem,
1345 765 1624 820 unamque
1673 749 1917 805 ostendit
1949 751 2065 804 dei-

479 841 608 894 tatis
639 850 890 895 naturam
922 842 976 895 in
1021 851 1212 896 sancta
1249 841 1526 898 Trinitate
1559 857 1689 898 vere
1751 842 2064 898 subsisten-

477 940 608 990 tem.
635 932 805 989 Recte
836 935 1018 1004 itaque
1071 934 1207 988 illud
1240 935 1433 988 amodo
1470 935 1547 989 ait
1581 942 1810 1005 propter
1847 936 2064 1004 imper—

479 1025 773 1080 fectionem
800 1025 1138 1096 cognitionis
1163 1040 1354 1080 eorum
1387 1025 1481 1096 qui
1536 1025 1890 1095 disciplinam
1927 1024 2064 1094 legis

478 1117 794 1181 observant,
836 1126 890 1173 et
952 1119 1049 1188 qui
1100 1119 1319 1172 illorum
1371 1126 1682 1188 sequuntur
1721 1117 2060 1171 institutum.

477 1211 788 1267 Notandum
841 1229 972 1268 vero
1012 1213 1185 1283 quod,
1240 1227 1363 1267 cum
1417 1213 1660 1282 seipsum
1713 1211 1837 1264 loco
1886 1209 2063 1266 Patris

478 1313 837 1373 conspectum
873 1319 995 1359 esse
1024 1305 1176 1368 dicit,
1203 1320 1312 1358 non
1344 1311 1507 1373 negat
1536 1318 1666 1357 vere
1699 1301 1866 1372 774
1910 1309 1964 1355 et
2007 1301 2063 1354 in

479 1397 700 1464 propria
729 1396 1012 1466 bypostasi
1044 1412 1171 1449 eum
1194 1412 1261 1450 ex
1294 1411 1400 1465 quo
1431 1403 1538 1458 est,
1561 1394 1729 1448 Deum
1753 1410 1817 1448 ac
1845 1394 2062 1448 Patrem

477 1488 771 1543 exsistere.
829 1486 936 1542 Sed
977 1503 1152 1557 neque
1213 1487 1456 1556 seipsum
1508 1486 1726 1542 Patrem
1783 1501 1910 1542 esse
1965 1489 2059 1549 ait,

478 1587 750 1649 quantum
786 1580 851 1634 ad
896 1595 1147 1650 personae
1178 1579 1641 1650 signiﬁcationem
1692 1580 1927 1633 attinet:
1966 1578 2062 1633 sed

478 1673 611 1742 quia
650 1681 735 1726 est
761 1673 917 1726 Patri
953 1672 1475 1734 consubstantialis,
1504 1672 1658 1725 cerni
1692 1671 1769 1724 ait
1800 1672 1853 1724 in
1876 1671 2059 1740 seipso

2162 475 2277 529 ἀλλ’
2315 477 2397 528 ὅτι
2444 477 2539 530 καὶ
2592 475 2898 546 ἑωράκατε,
2944 475 3213 545 προτάξαι
3278 473 3391 526 δεῖν
3451 475 3751 542 ἀναγκαῖον

2164 568 2317 640 ᾠήθη
2349 569 2428 632 τὸ,
2455 568 2695 635 ἀπάρτι,
2732 568 2825 620 καλ⁸
2867 567 2954 620 διὰ
2981 566 3140 620 ποίαν
3173 567 3352 620 αἰτίαν
3379 583 3394 632 ;
3435 568 3491 620 'U
3524 569 3624 637 μὲν
3641 569 3753 639 γὰρ

2164 661 2326 730 νόμος
2357 661 2385 712 ὀ
2420 658 2508 712 διὰ
2535 661 2780 721 Μωσέως
2815 658 3156 729 προσεφώνει
3188 661 3302 723 τοῖς
3334 661 3466 725 υἱοῖς
3507 661 3750 731 Ἰσραήλ·

2171 773 2189 805 ι
2220 754 2424 826 Κύριος
2465 756 2492 808 ὁ
2524 754 2655 817 Θεός
2686 770 2802 818 σου,
2829 752 3032 823 Κύριος
3056 748 3134 816 εἷς
3165 755 3310 816 ἐστι,
3346 771 3364 804 ι
3389 753 3484 806 καὶ
3526 753 3618 806 τὸν
3651 755 3752 824 μὲν

2166 847 2294 918 περὶ
2323 847 2417 901 τοῦ
2447 847 2580 900 Υίοῦ
2611 846 2768 914 λόγον
2797 846 2859 898 οὺ
2896 845 3180 915 παρετίθει
3218 849 3332 909 τοῖς
3362 845 3551 912 πάλαι,
3582 845 3754 916 μόνης

2163 938 2222 990 δὲ
2248 939 2348 1008 τῆς
2405 937 2708 1000 πολυθεῖας
2765 936 2961 1001 ἐξελὼν
3013 937 3230 1000 αὐτοὺς,
3260 937 3341 1000 είς
3387 936 3488 1006 τὴν
3508 935 3602 988 τοῦ
3632 936 3752 998 ένὸς

2164 1031 2348 1085 ἐκάλει
2372 1030 2771 1103 προσκύνησιν.
2823 1030 2880 1083 '0
2926 1030 2983 1082 δὲ
3042 1029 3246 1098 Κύριος
3293 1029 3452 1099 ἡμῶν
3494 1027 3752 1098 Ἰησοῦςό

2164 1122 2422 1193 Χριστὸς,
2451 1122 2541 1174 ὅτε
2572 1121 2795 1188 γέγονεν
2822 1119 3128 1190 ἄνθρωπος,
3156 1118 3243 1172 διὰ
3269 1118 3481 1171 πολλῶν
3506 1117 3750 1188 σημείων

2165 1214 2258 1266 καὶ
2281 1213 2674 1285 ἐνεργημάτων
2705 1210 3001 1284 ἐγνώρισεν
3047 1214 3177 1281 ἡμῖν
3216 1211 3282 1264 δι’
3301 1210 3497 1264 ἑαυτοῦ
3522 1211 3613 1262 τὸν
3641 1213 3751 1264 Πα-

2163 1305 2300 1376 τέρα
2359 1307 2455 1359 καὶ
2521 1305 2619 1374 τὴν
2670 1307 2727 1356 ἐν
2786 1307 2852 1374 τῇ
2902 1305 3034 1375 ἁγίᾳ
3080 1303 3273 1373 Τριάδι
3337 1305 3633 1372 νοουμένην
3687 1319 3748 1355 τε

2165 1397 2262 1450 καὶ
2294 1396 2615 1465 ὑφεστῶσαν
2653 1396 2870 1467 ἀληθῶς
2926 1397 3056 1467 μίαν
3081 1395 3250 1460 ἔδειξε
3279 1395 3530 1462 θεότητος
3565 1395 3746 1463 φύσιν.

2164 1488 2361 1551 Καλῶς
2406 1484 2500 1542 οὖν
2546 1489 2653 1559 ἄρα
2699 1487 2760 1540 τὸ
2816 1487 3034 1555 ἀπάρτι
3063 1489 3217 1558 φησὶ,
3265 1487 3352 1541 διὰ
3386 1489 3445 1542 τὸ
3477 1489 3666 1552 ἀτελὲς
3689 1490 3749 1540 ὲν

2165 1580 2364 1648 γνώσει
2408 1580 2516 1633 τῶν
2561 1579 2702 1634 κατὰ
2754 1579 2938 1650 νόμον,
2968 1581 3062 1633 καὶ
3091 1579 3200 1634 τῶν
3222 1581 3341 1634 κατ’
3373 1581 3614 1644 ἐκείνους
3652 1597 3750 1634 πο-

2164 1671 2543 1743 λιτευομένων.
2594 1672 2940 1742 Σημειωτέον
2977 1673 3054 1737 δὲ,
3121 1675 3202 1727 ὅτι
3249 1674 3438 1727 ἑαυτὸν
3492 1675 3613 1728 ἀντὶ
3651 1673 3748 1726 τοῦ

482 1765 698 1819 Patrem
727 1807 742 1820 .
779 1781 892 1820 non
929 1781 1093 1820 secus
1129 1780 1191 1818 ac
1212 1765 1452 1819 hominis
1478 1764 1770 1834 cujusdam
1796 1763 1942 1819 ﬁlius
1977 1762 2056 1818 sui

2168 1766 2380 1837 Πατρὸς
2403 1765 2681 1836 ἑωρᾶσθαι
2709 1765 2908 1834 λέγων,
2945 1767 3044 1819 οὐκ
3077 1766 3373 1838 ἀνατρέπει
3399 1767 3460 1820 τὸ
3482 1767 3750 1837 ὑπάρχειν

479 1857 656 1926 patris
686 1857 880 1911 volens
927 1855 1245 1926 signiﬁcare
1280 1863 1556 1920 naturam,
1607 1855 1847 1924 seipsum
1877 1861 2063 1908 osten-

477 1948 615 2003 dens
647 1948 724 2000 ait
771 1947 1100 2014 sciscitanti,
1151 1946 1328 2002 Meum
1374 1949 1429 2001 in
1477 1962 1562 2001 me
1607 1946 1792 2000 vidisti
1826 1952 2059 2014 patrem.

479 2039 586 2094 Sed
615 2039 778 2103 Deus,
805 2049 864 2094 ut
897 2041 1066 2096 semel
1088 2040 1359 2105 dicamus,
1395 2039 1645 2094 omnium
1678 2039 2057 2109 exemplorum

477 2132 586 2186 vim
629 2142 683 2188 et
711 2134 975 2189 rationem
1011 2133 1249 2189 excedit.

2163 1857 2378 1930 ἀληθῶς
2401 1876 2464 1911 τε
2493 1860 2588 1911 κα)⁸
2630 1859 3030 1924 ίδιοσυστὰτως,
3067 1862 3158 1913 τὸν
3201 1860 3262 1924 ἐξ
3293 1853 3464 1930 οῦπέρ
3490 1861 3606 1912 ἐστι
3634 1861 3748 1911 Πα-

2165 1950 2299 2020 τέρα
2328 1951 2422 2004 καὶ
2454 1949 2608 2004 Θεόν.
2649 1951 2787 2004 Ἀλλ’
2817 1953 2940 2006 οὐδὲ
2964 1953 3153 2007 ἑαυτὸν
3191 1949 3333 2007 εἷναί
3361 1970 3492 2022 φησι
3517 1952 3608 2006 τὸν
3636 1952 3752 2004 Πα-

2166 2041 2322 2111 τέρα,
2352 2043 2475 2095 ὅσον
2505 2037 2640 2114 ἧκεν
2670 2044 2844 2097 εἰπεῖν
2888 2046 2968 2107 είς
3013 2044 3304 2115 προσώπου
3333 2044 3596 2118 δήλωσινο
3629 2045 3751 2099 ἀλλ’

2173 2134 2405 2207 ἐπείπερ
2443 2136 2590 2189 ἐστὶν
2617 2137 2900 2207 ὁμοούσιος
2930 2137 3006 2208 τῷ
3043 2139 3237 2210 "arpi,
3287 2137 3750 2210 ἐωρᾶσθαίφησιν

476 2223 534 2278 ὲν
565 2225 714 2297 αὐτῷ
753 2225 844 2277 τὸν
889 2225 1262 2294 γεννήσαντα,
1292 2224 1478 2296 ὥσπερ
1507 2225 1574 2279 ἂν
1611 2226 1660 2278 εί
1691 2223 1784 2278 καὶ
1829 2221 2118 2294 ἀνθρώπου
2165 2229 2312 2292 τινὸς
2353 2231 2466 2295 υἱὸς
2491 2233 2590 2303 τὴν
2646 2233 2774 2286 ἰδίου
2813 2235 3018 2316 πατρὸς
3050 2235 3315 2307 ἐθελήσας
3345 2236 3740 2306 κατασημᾶναι

477 2318 659 2386 φύσιν,
702 2317 893 2373 ἑαυτὸν
939 2317 1214 2383 ἐπιδείξας
1259 2317 1404 2387 λέγει
1439 2319 1515 2390 τῷ
1559 2319 1716 2374 τοῦτο
1745 2325 1938 2394 μαθεῖν
1985 2322 2226 2376 ἐθέλοντι
2273 2323 2456 2394 τυχὸν,
2487 2325 2578 2379 τὸν
2625 2327 2758 2398 ἐμὸν
2797 2328 2853 2382 ἐν
2888 2330 3012 2400 ἐμοὶ
3055 2328 3314 2383 τεθέασαι
3347 2327 3579 2399 πατέρα.
3613 2327 3746 2389 Θεὸς

476 2413 533 2466 δὲ
591 2411 751 2465 πάλιν
803 2411 902 2480 τὴν
960 2411 1054 2463 τοῦ
1130 2411 1572 2482 παραδείγματος
1613 2412 1969 2484 ὑπεραλεῖται
2012 2415 2268 2490 δύναμιν.

549 2500 690 2556 XIV.
723 2501 778 2554 8.
805 2501 946 2554 Dicit
974 2502 1022 2556 ei
1053 2501 1332 2570 Philippus
1357 2517 1374 2556 :
1403 2502 1646 2572 Domine,
1665 2509 1878 2561 ostende
1911 2507 2061 2562 nobis

481 2595 719 2660 Patrem,
753 2602 801 2647 et
831 2593 1020 2663 stt/ﬁcit
1049 2593 1219 2648 nobis.

549 2683 800 2741 Discendi
837 2685 1060 2754 quidem
1091 2684 1327 2755 cupidus
1366 2695 1484 2740 erat
1516 2685 1837 2758 Philippus,
1876 2688 1972 2743 sed
2008 2689 2062 2742 in

476 2777 1008 2846 comprehendendis
1034 2775 1236 2832 divinis
1257 2778 1734 2847 speculationibus
1757 2780 1902 2834 haud
1928 2781 2064 2836 satis

477 2878 694 2923 acutus.
717 2867 825 2922 Nec
847 2868 994 2922 enim
1018 2867 1123 2922 sibi
1149 2869 1520 2937 persuasisset
1545 2886 1784 2941 unquam
1809 2873 2060 2944 corporis

475 2962 658 3015 oculis
701 2960 940 3015 divinam
996 2975 1026 3013 a
1077 2975 1135 3014 se
1174 2967 1426 3014 naturam
1486 2964 1875 3032 comprehendi
1945 2981 2057 3020 non

476 3067 662 3123 posse,
693 3052 824 3106 licet
853 3060 1042 3122 aperte
1101 3049 1214 3106 Deo
1276 3052 1540 3108 dicente:
1584 3073 1602 3106 ι
1673 3055 1794 3109 Non
1856 3055 2060 3112 videbit

477 3147 642 3200 homo
678 3145 872 3201 faciem
933 3159 1137 3208 meam,
1181 3151 1236 3198 et
1274 3145 1506 3201 vivet“.
1553 3166 1572 3200 ι
1613 3147 1876 3213 Quamvis
1912 3150 2057 3204 enim

2236 2512 2406 2582 Λέγει
2450 2509 2610 2580 αὐτῷ
2640 2514 2937 2581 Φίλιππος
2965 2531 2978 2544 ·
3013 2515 3210 2584 Κύριε,
3245 2515 3445 2578 δεῖξον
3474 2518 3615 2588 ἡμῖν
3643 2515 3754 2570 τὸν

2161 2607 2416 2673 Πατέρα,
2443 2606 2541 2658 καὶ
2566 2605 2742 2674 ἀρκεῖ
2767 2607 2929 2676 ἡμῖν.

2231 2701 2538 2773 Φιλομαθὴς
2576 2703 2674 2773 μὲν
2715 2704 2742 2756 ὁ
2771 2703 3056 2768 Φίλιππος,
3090 2704 3230 2775 πλὴν
3263 2704 3323 2758 οὐ
3355 2705 3474 2758 λίαν
3504 2705 3628 2769 ὀξὺς
3663 2707 3750 2768 είς

2165 2790 2382 2844 σύνεσιν
2409 2792 2509 2863 τὴν
2555 2795 2676 2856 ταῖς
2730 2793 3007 2858 θεοπτίαις
3031 2796 3506 2866 πρεπωδεστέραν.
3530 2798 3602 2850 Οὐ
3634 2797 3748 2869 γὰρ

2166 2881 2231 2935 ἂν
2263 2881 2415 2952 ᾠήθη
2439 2882 2568 2935 ποτὲ
2596 2885 2710 2947 τοῖς
2737 2883 2830 2937 τοῦ
2861 2884 3110 2956 σώματος
3150 2887 3449 2958 ὀφθαλμοῖς
3475 2889 3571 2958 τὴν
3597 2890 3752 2943 θείαν

2168 2974 2384 3044 ἰσχῦσαι
2414 2975 2857 3031 καταθεάσασθαι
2896 2978 3077 3046 φύσιν,
3113 2978 3290 3034 καίτοι
3325 2980 3621 3054 διαρρήδην
3659 2985 3754 3038 λέ-

2165 3082 2350 3132 γοντος
2374 3065 2467 3119 τοῦ
2504 3067 2638 3120 Θεοῦ
2661 3085 2672 3096 ·
2707 3087 2724 3119 ι
2757 3070 2946 3133 Οὐδεὶς
2971 3071 3160 3141 ὄψεται
3197 3072 3258 3126 τὸ
3297 3073 3586 3144 πρόσωπόν
3619 3094 3748 3147 μου,

2167 3160 2260 3212 καὶ
2283 3158 2524 3230 ζήσεται.
2564 3180 2580 3212 ι
2616 3163 2678 3214 Ei
2707 3162 2816 3232 γὰρ
2870 3165 2964 3216 καὶ
3015 3163 3172 3234 ὤφθη
3207 3166 3337 3218 ποτὲ
3385 3169 3499 3230 τοῖς
3546 3168 3747 3236 ἁγίοις,

476 3239 688 3294 sanctis
746 3238 1045 3309 aliquando
1064 3237 1218 3293 visus
1255 3237 1348 3300 sit,
1384 3249 1444 3293 ut
1491 3241 1758 3296 divinitus
1797 3242 2056 3313 inspirata

2164 3250 2239 3314 ὡς
2271 3254 2302 3322 ἡ
2337 3252 2692 3319 θεόπνευστος
2723 3254 2827 3326 ἔφη
2862 3257 3072 3328 Γραφὴ,
3101 3258 3214 3311 ἀλλ’
3229 3259 3329 3312 οὐκ
3348 3261 3435 3324 ἂν,
3457 3255 3632 3331 οἶμαι,
3661 3262 3750 3326 τὶς

475 3331 761 3400 Scriptura
804 3332 1088 3403 praedicat,
1125 3345 1289 3385 nemo
1319 3341 1502 3388 tamen
1527 3349 1794 3405 unquam,
1839 3346 1895 3390 ut
1922 3351 2069 3398 reor,

473 3424 752 3494 putaverit
812 3423 1226 3480 manifestatam
1295 3426 1468 3482 fuisse
1521 3436 1774 3479 naturam
1823 3425 2065 3480 divinam

473 3534 538 3572 eo
570 3517 734 3571 modo
758 3532 870 3586 quo
903 3531 964 3572 se
1005 3517 1169 3571 habet
1205 3519 1258 3572 in
1299 3520 1504 3586 seipsa,
1563 3517 1660 3572 sed
1712 3531 1812 3586 pro
1848 3518 2066 3571 ratione

475 3607 740 3676 temporis
776 3607 930 3660 varia
959 3608 1063 3663 sub
1099 3608 1276 3662 forma
1301 3610 1475 3664 visain
1501 3623 1647 3664 esse.
1666 3609 1880 3678 Quippe
1907 3609 2060 3663 vario

475 3699 637 3753 modo
668 3700 946 3768 prophetzr
978 3714 1101 3753 eam
1140 3701 1453 3771 conspicati
1483 3711 1631 3767 sunt,
1667 3701 1844 3769 deque
1874 3715 1937 3754 ea
1969 3714 2061 3752 va-

472 3793 590 3847 rius
620 3791 766 3861 apud
792 3791 916 3848 illos
943 3806 1130 3847 sermo
1158 3793 1455 3861 reperitur.
1516 3789 1687 3848 Isaias
1739 3792 1886 3845 enim
1945 3805 2057 3844 uno

471 3883 674 3938 modo:
713 3882 967 3938 Ezechiel
1005 3899 1138 3938 vero
1187 3900 1296 3939 non
1327 3884 1518 3939 eadem
1551 3898 1616 3938 ac
1668 3883 1761 3937 ille
1816 3883 2054 3937 ratione.

469 3975 708 4029 Docebat
745 3975 929 4045 itaque
960 3973 1273 4046 Philippum
1314 3976 1624 4047 intelligere
1680 3973 1791 4030 ﬁeri
1827 3975 2053 4030 omnino

471 4080 582 4120 non
621 4081 786 4137 posse
842 4075 902 4122 ut
948 4068 1190 4126 divinam
1243 4069 1610 4126 substantiam
1645 4083 1742 4138 per
1804 4083 2052 4132 carnem,

471 4159 587 4215 sive
615 4175 740 4215 cum
773 4175 940 4217 carne
972 4162 1099 4232 quis
1139 4164 1460 4233 perspiciat.
1504 4162 1728 4232 Alioqui
1771 4161 2056 4232 prudentis

469 4259 524 4305 et
562 4253 776 4323 sagacis
813 4269 925 4307 non
954 4261 1097 4318 erat,
1133 4269 1258 4308 cum
1294 4255 1474 4325 imago
1526 4260 1579 4309 et
1614 4253 2054 4324 perfectissimus

469 4340 755 4416 character
784 4341 880 4398 Dei
904 4358 968 4397 ac
995 4341 1179 4398 Patris
1209 4343 1260 4398 ei
1292 4344 1511 4400 adesset
1533 4345 1600 4409 ⁸⁵,
1653 4344 1832 4415 ipsum
1869 4343 2055 4414 requi-

470 4449 592 4487 rere
634 4435 992 4504 archetypum
1039 4435 1287 4488 nondum
1335 4437 1552 4492 adesset
1595 4445 1649 4492 et
1681 4453 1743 4492 ea
1795 4451 1903 4506 qua
1957 4452 2054 4506 par

2165 3343 2504 3414 ὑποτοπήσαι
2539 3347 2670 3399 ποτὲ
2705 3349 2929 3419 ἐμφανῆ
2958 3349 3055 3420 τὴν
3096 3351 3246 3405 θείαν
3273 3353 3530 3421 γενέσθαι
3555 3354 3744 3425 φύσιν,

2161 3435 2355 3500 οὕτως,
2386 3437 2460 3501 ὡς
2493 3437 2605 3508 ἔχει
2667 3440 2786 3494 καθ’
2817 3441 3040 3512 ἑαυτὴν,
3071 3443 3398 3499 πλάττεσθαι
3457 3446 3511 3499 δὲ
3543 3447 3747 3518 μᾶλλον

2160 3533 2240 3594 είς
2269 3531 2330 3584 τὸ
2355 3530 2432 3602 τῷ
2459 3534 2636 3603 καιρῷ
2667 3534 3116 3607 πρεπωδέστερον
3158 3538 3363 3609 σχῆμα.
3399 3540 3511 3592 Καὶ
3538 3540 3670 3609 γοῦν
3695 3543 3746 3594 οἱ

2163 3623 2436 3692 προφῆται
2465 3623 2736 3696 διαφόρως
2767 3626 2930 3680 αὑτὸν
2957 3629 3262 3698 τεθέανται,
3295 3633 3390 3686 καὶ
3419 3634 3664 3698 ποικίλος
3686 3653 3746 3688 τε

2163 3713 2290 3783 περὶ
2313 3711 2445 3765 Θεοῦ
2473 3717 2602 3784 παρ’
2635 3716 2864 3781 ἐκείνοις
2888 3719 2916 3771 ό
2938 3719 3116 3789 λόγος.
3153 3723 3210 3774 'O
3235 3723 3333 3794 μὲν
3360 3724 3467 3795 γὰρ
3516 3726 3744 3788 Ἡσαΐας

2160 3801 2395 3872 ἑτέρως·
2453 3805 2711 3885 ’ῐεςεχιὴλ
2764 3807 2821 3861 δὲ
2856 3809 3020 3864 πάλιν
3067 3813 3165 3884 οὐχ
3229 3815 3431 3884 ὁμοίως
3481 3815 3560 3888 τῷ
3612 3827 3744 3890 παρ’

2159 3893 2353 3964 ἐκείνῳ
2383 3894 2622 3966 θαύματι
2658 3897 2767 3970 [ἵσ.
2795 3899 3074 3974 θεάματι].
3120 3905 3267 3959 Ἔδει
3290 3907 3469 3962 τοίνυν
3503 3910 3744 3964 συνιέναι

2159 3983 2248 4036 τὸν
2289 3984 2572 4051 Φίλιππον,
2606 3989 2682 4053 ώς
2737 3986 2804 4061 ἦν
2831 4009 2883 4044 τι
2934 3994 3042 4049 τῶν
3087 3998 3384 4068 ἀμηχάνων
3439 4001 3741 4066 παντελῶς,

2156 4074 2255 4146 τὴν
2324 4077 2472 4132 θείαν
2532 4080 2793 4136 δύνασθαι
2823 4087 3064 4140 κατιδεῖν
3112 4091 3321 4158 οὐσίαν,
3347 4094 3623 4151 καὶτοῦτο
3652 4097 3743 4152 διὰ

2159 4167 2380 4260 σαρκὸς,
2440 4171 2537 4224 καὶ
2576 4173 2635 4224 οὐ
2707 4175 2847 4244 μετὰ
2905 4179 3124 4250 σαρκὸς,
3157 4183 3245 4236 ὅτε
3302 4185 3396 4239 καὶ
3437 4187 3497 4241 οὐ
3535 4190 3740 4260 σφόδρα

2155 4258 2426 4328 νουνεχὲς,
2459 4262 2738 4335 παρούσης
2763 4267 2912 4338 αὐτῷ
2949 4270 3048 4340 τῆς
3080 4274 3308 4341 εἰκόνος,
3356 4277 3448 4330 καὶ
3477 4258 3744 4350 ἀκριϐοῦς

2157 4350 2503 4422 χαρακτῆρος
2536 4353 2629 4406 τοῦ
2655 4354 2788 4409 Θεοῦ
2821 4358 2916 4411 καὶ
2956 4360 3193 4433 Πατρὺς,
3248 4366 3334 4418 ἐπ’
3374 4366 3507 4420 αὐτὸ
3553 4366 3740 4437 ζητεῖν

2159 4439 2295 4492 ίέναι
2330 4440 2390 4493 τὸ
2437 4442 2765 4513 ἀρχέτυπον,
2825 4447 2898 4512 ὼς
2953 4447 3108 4504 οὔπω
3152 4455 3345 4526 παρὸν,
3397 4457 3492 4508 καὶ
3526 4456 3646 4510 καθ’
3678 4457 3740 4510 ὃν

469 4533 589 4580 erat
616 4526 831 4580 ratione
859 4525 1301 4580 demonstratum
1352 4535 1522 4582 esset.
1569 4527 1651 4580 Ad
1683 4527 2049 4582 exhibendam

2163 4531 2263 4585 ἔδει
2325 4533 2481 4602 λόγον
2546 4536 2868 4608 ὲπιδειχθέν.
2939 4543 3264 4620 Ἰκανωτάτη
3322 4548 3430 4621 γὰρ
3488 4548 3609 4602 λίαν
3657 4552 3741 4616 είς

470 4615 618 4670 enim
641 4630 704 4668 ac
728 4616 1233 4685 repraesentandam
1261 4615 1352 4672 Dei
1381 4633 1444 4672 ac
1475 4617 1656 4672 Patris
1681 4617 2049 4673 substantiam

471 4708 595 4777 plus
636 4705 771 4762 satis
799 4707 999 4762 sulﬁcit
1030 4707 1421 4778 contemplatio
1458 4708 1690 4772 (Ihristi,
1737 4709 1832 4779 qui
1891 4717 2049 4778 opta-

469 4799 748 4854 tissimum
808 4799 945 4854 illud
1005 4800 1178 4856 decus
1225 4800 1426 4872 regalis
1482 4801 1628 4856 unde
1693 4801 1910 4873 genitus
1966 4809 2050 4858 est

469 4893 795 4948 substantiae
828 4901 984 4949 recte
1017 4904 1072 4949 et
1130 4903 1389 4950 accurate
1434 4894 1714 4964 exprimit.
1777 4896 1820 4949 A
1861 4897 2046 4951 fructu

466 4987 612 5043 enim
663 4987 830 5042 arbor
865 4988 1238 5059 cognoscitur,
1283 4988 1442 5058 juxta
1499 4987 1676 5058 ipsius
1733 4987 2047 5045 Servatoris

466 5093 654 5133 vocem
690 5079 757 5132 ⁸⁸.
801 5079 935 5134 Cum
986 5079 1154 5150 igitur
1199 5077 1318 5132 Filii
1369 5078 1760 5148 contemplatio
1819 5079 2044 5136 cordato

467 5167 704 5222 sulliciat
747 5168 815 5223 ad
857 5169 1352 5225 demonstrandum
1404 5175 1460 5223 et
1495 5177 1688 5224 exacte
1736 5168 2043 5226 docendum

467 5257 727 5327 quidnam
778 5261 847 5314 sit
899 5261 1204 5317 secundum
1247 5269 1502 5315 naturam
1531 5269 1585 5316 et
1640 5262 1762 5332 ejus
1806 5262 2042 5333 genitor,

466 5363 909 5418 supervacaneus
934 5351 1123 5407 forsan
1146 5353 1404 5424 discipuli
1432 5368 1613 5408 sermo
1639 5354 1804 5408 videri
1831 5362 2040 5424 potest:

471 5455 679 5494 summa
707 5449 891 5496 tamen
939 5443 1101 5500 laude
1149 5462 1260 5500 non
1309 5446 1537 5501 carebit.
1597 5443 1707 5501 Nec
1740 5449 1885 5501 enim
1925 5463 2041 5502 me-

467 5529 728 5586 diocriter
817 5531 1200 5590 admirandum
1277 5551 1400 5592 esse
1473 5545 1641 5607 puto,
1731 5552 1854 5590 cum
1926 5539 2038 5593 ait:

542 5704 586 5736 “
618 5706 785 5765 Exod.
829 5713 1038 5776 xxxiii,
1097 5709 1189 5764 20.
1269 5711 1313 5744 ³⁵
1352 5711 1392 5764 ll
1428 5712 1554 5774 Cor,
1610 5732 1677 5790 IV,
1729 5718 1762 5772 ,4

2157 4625 2503 4695 παράστασιν
2559 4628 2660 4699 τῆς
2723 4631 2913 4697 οὐσίας
2971 4636 3066 4689 τοῦ
3112 4637 3247 4692 Θεοῦ
3296 4642 3389 4694 καὶ
3433 4642 3667 4714 Πατρὸς,
3702 4645 3737 4713 ἡ

2155 4716 2394 4786 Χριστοῦ
2424 4716 2647 4790 θεωρία,
2683 4723 2862 4787 καλῶς
2900 4742 2960 4778 τε
3007 4728 3100 4781 καὶ
3133 4730 3378 4801 ἀκριϐῶς
3422 4732 3738 4801 ἐξυφαίνον-

2153 4824 2246 4871 τος
2273 4809 2334 4861 τὸ
2363 4809 2686 4882 ἀξιέραστον
2725 4816 2940 4882 καλλος,
2975 4821 3075 4890 τῆς
3099 4821 3221 4876 ὅθεν
3248 4823 3412 4893 ἐξέφυ
3447 4825 3739 4898 βασιλικῆς

2153 4899 2358 4964 οὐσίας.
2399 4903 2531 4956 Ἀπὸ
2555 4905 2662 4978 γὰρ
2695 4906 2789 4960 τοῦ
2811 4910 3025 4981 καρποῦ
3051 4913 3109 4966 τὸ
3133 4914 3345 4987 δένδρον
3373 4916 3738 4986 ἐπιγινώσκε-

2153 5007 2264 5054 ται,
2291 4993 2431 5046 κατὰ
2458 4996 2556 5064 τὴν
2582 4997 2746 5051 αὑτοῦ
2779 5000 3148 5076 τοῦ-Σωτῆρος
3187 5007 3390 5077 φωνήν.
3440 5009 3741 5079 Ἐξαρκού-

2155 5099 2255 5152 σης
2275 5084 2562 5154 τοιγαροῦν
2589 5087 2666 5158 τῷ
2684 5104 2746 5157 γε
2783 5089 2930 5158 ἅπαξ
2961 5093 3168 5165 συνετῷ
3189 5098 3288 5167 τῆς
3319 5095 3412 5150 τοῦ
3433 5097 3563 5152 Υίοῦ
3598 5099 3737 5152 θεω-

2152 5173 2276 5243 ρίας
2308 5178 2387 5240 είς
2409 5178 2754 5246 παράστασίν
2783 5201 2841 5236 τε
2870 5186 2962 5239 καὶ
2991 5187 3194 5258 ἀκριϐῆ
3226 5189 3623 5261 πληροφορίαν,
3648 5191 3736 5256 τίς

2150 5264 2216 5316 ἂν
2238 5263 2323 5336 εἴη
2377 5267 2518 5321 κατὰ
2566 5269 2726 5338 φύσιν
2763 5273 2859 5326 καὶ
2885 5276 3200 5348 όγεννήσας
3234 5279 3398 5332 αὐτόν
3421 5295 3436 5311 ο
3474 5283 3734 5351 περιττὸς

2155 5356 2251 5425 μὲν
2276 5357 2571 5422 ἴσωςὸτοῦ
2607 5364 2850 5435 μαθητοῦ
2901 5367 3150 5437 φαίνεται
3200 5369 3378 5439 λόγος,
3434 5371 3574 5443 πλὴν
3626 5374 3732 5426 οὐκ

2149 5447 2255 5512 ἔξω
2285 5451 2526 5505 κείσεται
2554 5453 2662 5508 τῶν
2687 5458 2762 5521 είς
2790 5458 2960 5530 ἄκρον
2993 5460 3228 5516 ἐπαίνων
3261 5463 3524 5532 ἡκόντων.
3553 5465 3731 5518 Αὐτὸν

2149 5541 2255 5612 γὰρ
2283 5537 2435 5613 οἶμαι
2479 5546 2587 5601 δεῖν
2644 5549 2703 5601 οὑ
2764 5551 3000 5624 μετρίως
3038 5553 3428 5625 ἀποθαυμάσαι
3453 5555 3684 5626 λέγοντα
3708 5573 3724 5592 ·

1865 5717 1911 5747 ⁸⁸
1968 5718 2154 5776 Matth.
2213 5737 2320 5789 xu,
2359 5725 2447 5781 55.
