4042 6204
372 274 475 333 201

1388 288 1452 346 ΙΝ
1489 291 1774 348 JOANNIS
1807 289 2256 350 EVANGELIUM
2304 293 2433 351 LIB.
2468 294 2557 351 IX.

3502 303 3611 361 202

373 405 401 441 ε
426 389 609 455 Δεῖξον
630 393 763 462 ἡμῖν
790 392 880 446 τὸν
908 394 1144 468 Πατέρα,
1170 402 1261 454 καὶ
1299 404 1457 474 ἀρκεῖ
1486 408 1640 476 ήμῖν.
1663 426 1682 456 ι
1716 407 1916 476 Ὅμοιοι

2049 426 2069 459 ι
2102 408 2342 465 Ostende
2386 409 2547 468 nobis
2590 409 2828 477 Patrem,
2876 422 2931 467 et
2965 412 3165 470 sumcit
3192 415 3371 473 nobis.
3404 435 3427 472 ι
3464 417 3608 477 Idem

370 482 481 553 γὰρ
507 482 584 546 ὡς
615 486 665 536 εἰ
689 484 790 556 ἔφη
821 488 981 559 τυχόν
1001 508 1015 521 ·
1067 492 1256 564 Πάσης
1289 496 1356 549 ἂν
1388 499 1518 551 εῐσω
1547 500 1802 566 γενέσθαι
1837 500 1940 570 τῆς

369 573 636 661 θυμηδίας
663 577 1119 653 ὁμολογήσαιμεν,
1134 587 1227 638 καὶ
1245 587 1383 657 πρὸς
1400 590 1460 642 τὸ
1485 587 1624 643 εἶναι
1651 590 1938 661 μακαρίως

368 659 523 714 οὐδέν
545 662 661 715 ἐστι
693 661 806 735 [γρ.
837 665 942 739 ἔτι]
988 670 1050 722 τὸ
1095 671 1281 729 λεῖπον
1341 659 1696 750 ζητήσαιμεν,
1749 659 1939 749 εῑήτῆς

368 751 462 804 τοῦ
493 753 632 808 Θεοῦ
665 758 761 810 καὶ
796 759 1009 833 Πατρὸς
1051 764 1416 840 ἀξιωθείημεν
1445 771 1779 827 πολυεύκτου
1810 772 1938 836 θέας

370 844 461 895 καὶ
476 844 653 899 αὐτοί.
697 847 756 901 ’0
787 848 844 902 δὲ
884 854 1085 919 παντὸς
1143 856 1365 928 προθεὶς
1417 860 1647 929 ἀγαθοῦ,
1697 863 1795 916 καὶ
1840 862 1936 916 τοῦ

364 933 649 1026 δοκοῦντος
699 942 777 1002 είς
807 942 1080 1013 εὐθυμίαν
1138 949 1431 1016 συντελεῖν,
1459 952 1560 1025 τὴν
1595 952 1690 1007 τοῦ
1723 956 1936 1026 Πατρδς

366 1022 516 1089 θέαν,
557 1025 675 1091 πῶς
707 1030 809 1083 ούκ
830 1032 899 1086 ἂν
926 1035 1241 1104 όμολογοῖτο
1269 1040 1468 1104 παντὸς
1496 1022 1763 1116 ύπάρχειν
1784 1022 1935 1112 ἄξιος

364 1116 679 1208 θαύματος;
729 1122 886 1177 Οὕτω
918 1126 1015 1196 μὲν
1044 1124 1136 1183 οὖν
1157 1131 1227 1185 τά
1255 1134 1313 1186 ὲν
1335 1133 1414 1205 τῷ
1450 1136 1794 1208 προκειμένῳ
1820 1137 1934 1191 δια-

359 1206 666 1279 ληψόμεθα,
700 1213 954 1286 καθάπερ
1000 1214 1176 1289 οἶμαι,
1200 1224 1343 1277 κατὰ
1368 1227 1471 1296 τὴν
1503 1206 1725 1298 εὐστιϐἧ
1840 1231 1934 1284 καὶ

358 1300 739 1375 ἁπλουστέραν
757 1310 870 1371 τοῖς
930 1311 1143 1377 πολλοῖς
1173 1313 1424 1388 θεωρίαν.
1451 1318 1514 1371 Ei
1540 1319 1596 1372 δὲ
1620 1322 1725 1392 χρή
1753 1338 1807 1374 τι
1840 1323 1933 1375 καὶ⁷

361 1395 781 1483 περιεργότερον
814 1398 961 1466 ίδεῖν,
1003 1403 1100 1456 καὶ
1140 1406 1280 1474 τάχα
1306 1424 1359 1459 τι
1386 1407 1497 1461 τῶν
1533 1411 1931 1483 κεκρυμμένων

359 1482 558 1572 εἰπεῖν,
615 1486 912 1557 οίησόμεθά
948 1508 1001 1543 τι
1045 1493 1135 1546 τὸν
1178 1495 1445 1552 Φίλιππον
1473 1501 1678 1570 φράσαι
1704 1519 1764 1554 τε
1794 1502 1930 1572 ὁμοῦ

359 1570 456 1622 ml.
507 1572 699 1640 νοῆσαι
747 1577 1006 1633 τοιοῦτον.
1071 1584 1477 1641 Κατεδάκνοντο
1516 1590 1646 1658 γάρ,
1697 1591 1788 1645 ἐπὶ
1816 1570 1931 1655 τοῖς

356 1660 451 1714 τοῦ
481 1664 733 1736 Σωτῆρος
758 1667 1053 1741 θαύμασιν,
1075 1673 1126 1724 οἱ
1146 1673 1256 1729 τῶν
1294 1677 1564 1734 Ἰουδαίων
1592 1664 1927 1753 προεστηκό-

2041 501 2186 555 enim
2220 510 2306 557 est
2336 516 2401 557 ac
2429 502 2475 558 si
2501 501 2691 559 forsan
2719 502 2964 559 diceret:
2995 503 3159 561 Omni
3188 506 3373 577 gaudii
3409 524 3609 580 genere

2041 607 2144 649 nos
2176 593 2488 650 cumulatus
2521 594 2840 661 fatebimur,
2896 610 3001 652 nec
3031 596 3099 650 ad
3145 596 3459 654 felicitatem
3504 600 3607 655 ali-

2041 680 2170 751 quid
2194 682 2340 737 ultra
2366 686 2734 754 requiremus,
2768 684 2815 740 si
2836 683 2936 740 Dei
2958 699 3025 740 ac
3054 685 3238 743 Patris
3264 688 3609 757 optatissima

2040 771 2201 843 775
2231 773 2444 830 visione
2477 774 2585 830 frui
2623 775 2861 832 licuerit.
2915 776 2983 832 At
3011 777 3107 848 qui
3138 777 3314 834 Patris
3341 779 3608 837 visionem

2039 863 2199 920 bonis
2227 865 2488 921 omnibus
2513 880 2578 921 ac
2603 867 2768 923 rebus
2794 883 2916 939 quae
2948 869 3015 924 ad
3047 868 3362 927 felicitatem
3400 872 3611 928 condu-

2039 969 2164 1010 rere
2184 956 2439 1011 videntur
2465 958 2787 1028 anteponit,
2823 973 2892 1015 an
2923 975 3033 1016 non
3064 962 3217 1017 omni
3238 964 3608 1022 admiratione

2039 1044 2240 1115 dignus
2278 1046 2647 1117 praedicetur?
2683 1048 2784 1105 Hic
2814 1050 3036 1123 quidem
3089 1062 3174 1109 est
3196 1056 3465 1125 prepositi
3494 1056 3604 1112 loci

2039 1135 2237 1205 planus
2264 1146 2319 1193 et
2350 1139 2583 1210 simplex
2612 1155 2832 1198 sensus.
2874 1140 3071 1198 Verum
3111 1144 3159 1201 si
3212 1145 3522 1202 abstrusius
3550 1155 3607 1202 et

2037 1228 2311 1286 curiosius
2342 1231 2601 1301 quiddam
2642 1232 2978 1291 alierendum
3012 1242 3117 1301 est,
3162 1236 3273 1292 tale
3316 1237 3447 1306 quid
3478 1237 3606 1292 Phi-

2038 1315 2241 1384 lippum
2268 1318 2482 1377 dixisse
2514 1327 2571 1374 et
2594 1323 2869 1392 cogitasse
2901 1324 3237 1392 putabimus.
3285 1324 3603 1381 Judaeorum

2038 1408 2337 1476 praepositi,
2376 1420 2433 1465 et
2490 1410 2698 1469 Scriba:
2747 1424 2911 1483 atque
2948 1415 3233 1482 Pharisaei,
3295 1416 3604 1475 Servatoris

2036 1497 2318 1555 miraculis
2366 1503 2768 1573 pungebantur,
2813 1513 2867 1561 et
2912 1505 3220 1563 innumeris
3266 1488 3442 1578 signis
3491 1524 3602 1564 non

2035 1600 2199 1643 secus
2224 1603 2287 1644 ac
2308 1590 2583 1661 lapidibus
2609 1594 2766 1664 petiti
2793 1595 2995 1651 invidia
3020 1597 3437 1666 rumpebantur,
3462 1600 3603 1654 scie-

2038 1679 2274 1750 bantque
2301 1698 2360 1739 se
2388 1685 2539 1739 nullo
2580 1685 2744 1740 modo
2786 1701 2949 1756 posse
2980 1687 3250 1743 adversus
3280 1703 3404 1743 eum
3443 1689 3601 1758 quid-

356 1766 470 1815 τες,
497 1753 593 1805 καὶ
780 1757 990 1823 τούτοις
1028 1760 1110 1815 ἔτι
1157 1763 1512 1838 Γραμματεῖς
1549 1787 1610 1823 τε
1643 1772 1737 1824 καὶ
1764 1773 1916 1842 Φαρι-

2033 1784 2198 1838 quam
2246 1786 2428 1842 agere,
2461 1783 2556 1828 aut
2603 1790 2728 1830 eum
2756 1753 2804 1830 ai
2839 1776 3124 1832 miraculis
3153 1776 3382 1832 edendis
3414 1777 3601 1846 prohi-

358 1843 520 1907 σαίοι,
557 1844 652 1897 καὶ
709 1849 830 1909 ταῖς
873 1849 1204 1923 ἀμετρήτοις
1254 1855 1621 1929 θεοσημείαις,
1679 1862 1927 1934 καθάπερ

352 1935 464 2025 τισὶ⁵
495 1934 664 1998 λίθοις
688 1938 769 2000 είς
823 1942 1049 2011 καρδίαν
1096 1944 1431 2017 βαλλόμενοι,
1471 1952 1566 2005 καὶ
1594 1954 1926 2025 ἐρρήγνυντο

353 2024 431 2095 τῷ
454 2025 657 2119 φθόνῳ,
686 2030 781 2119 καὶ
808 2030 1000 2103 δράσαι
1026 2036 1126 2106 μέν
1148 2057 1201 2092 τι
1235 2041 1372 2111 πρὸς
1398 2042 1592 2109 ταῦτα,
1620 2024 1929 2119 καὶίτερατ-

352 2114 663 2209 ουργοῦντα
700 2118 1020 2178 διακωλύειν
1073 2127 1143 2178 δι’
1184 2129 1400 2195 οὐδενὸς
1456 2134 1662 2204 ἰσχύειν
1726 2114 1924 2209 ᾔδεσαν

350 2206 553 2301 τρόπου
579 2225 593 2239 θ
645 2208 997 2301 διασύροντες
1049 2218 1107 2271 δὲ
1157 2221 1298 2275 οὕτω
1326 2224 1394 2279 τά
1421 2206 1924 2301 παραδόξωςνγεγε-

350 2296 580 2365 νημένα,
608 2300 704 2354 καὶ
732 2304 845 2364 τοῖς
870 2303 929 2369 ἐξ
944 2305 1156 2378 ἀπάτης
1177 2296 1714 2385 κατασμικρύνοντες
1746 2296 1923 2386 λδγοις

348 2387 448 2457 τὴν
473 2387 631 2453 δόξαν
663 2392 850 2458 αὐτοῦ,
875 2396 985 2450 ἄνω
1002 2415 1061 2450 τε
1080 2401 1173 2454 καί⁸
1201 2403 1350 2457 κάτω
1366 2405 1464 2477 τὴν
1489 2407 1599 2461 τῶν
1652 2410 1923 2467 Ἰουδαίων

346 2474 653 2569 διαθέοντες
700 2481 904 2553 χώραν,
952 2487 1117 2558 αὐτήν
1147 2507 1205 2543 τε
1242 2492 1342 2563 τὴν
1384 2474 1758 2569 Ἰερουσαλὴμ,
1792 2502 1921 2554 ποτὲ

354 2567 460 2636 μὲν
515 2568 746 2639 ἔφασκον
787 2576 871 2637 ὲνι
901 2576 1225 2645 Βεελζεὼὺλ
1265 2584 1429 2639 αὑτὸν
1481 2567 1807 2659 ἐργάζεσθαι
1852 2594 1922 2649 τά

348 2663 557 2729 σημεῖα.
577 2678 592 2693 ο
648 2663 773 2716 ποτὲ
798 2665 857 2719 δὲ
904 2668 1067 2723 πάλιν
1094 2674 1175 2736 είς
1210 2674 1512 2736 ἀκάθεκτον
1539 2679 1736 2748 μανίαν
1778 2682 1920 2748 ἐξοι-

347 2750 689 2822 στρούμενοι,
745 2755 1005 2831 δαιμονᾷν
1067 2763 1166 2833 μὲν
1219 2764 1477 2834 ἔφασκον,
1507 2770 1608 2823 οὐκ
1635 2771 1830 2828 ειδέναι
1859 2774 1916 2828 δὲ

345 2840 382 2894 ἆ
432 2860 617 2915 φησιν.
687 2847 990 2921 Ἐπετίμων
1051 2855 1158 2924 γὰρ
1199 2859 1312 2921 τοῖς
1388 2858 1568 2929 ὄχλοις
1629 2861 1913 2931 λέγοντες·

346 2949 366 2983 ι
395 2934 684 3005 Δαιμόνιον
698 2936 835 3008 ἔχει,
879 2942 973 2994 καὶ
999 2944 1252 3013 μαίνεται
1320 2949 1375 3000 τί
1414 2949 1577 3004 αύτοῦ
1614 2952 1911 3016 άκούετεςι

352 3023 493 3077 Ἀλλ,

339 3203 612 3297 εὐκλείαις
630 3208 920 3281 άφορήτως
950 3213 1424 3289 ἀντεγειρόμενος,
1450 3222 1534 3286 τίς
1561 3223 1618 3277 δὲ
1646 3220 1802 3290 οὗτος
1821 3222 1910 3297 ἦν,

335 3294 649 3364 ἀναγκαίως
670 3299 801 3369 ὲρῶ.
858 3301 1163 3359 ’Δνέπειθον
1188 3306 1297 3379 γάρ
1339 3311 1463 3374 τοὺς
1502 3311 1726 3384 δήμους,
1746 3294 1916 3370 καθά-

515 3388 723 3459 ἀρτίως
766 3391 1070 3464 ἐδείξαμεν,
1092 3396 1181 3450 τὸν
1224 3398 1324 3469 μὲν
1355 3402 1505 3473 παρὰ
1535 3403 1630 3457 τοῦ
1658 3406 1914 3478 Σωτῆρος

336 3475 494 3545 ήμῶν
514 3478 591 3550 μὴ
611 3481 929 3550 προσίεσθαι
948 3483 1433 3562 λόγον,ἀποφοιτᾷν
1453 3492 1530 3560 δὲ,
1552 3475 1914 3558 ὡςδιδάσκον-

330 3582 426 3630 τος
458 3568 615 3640 παρά
664 3572 755 3625 τὸν
801 3574 985 3647 νόμόν,
1032 3578 1131 3633 καὶ
1158 3579 1234 3644 ὡς
1290 3584 1629 3654 πορρωτάτω
1687 3588 1914 3658 φεύγειν

331 3659 655 3728 ἐπείγεσθαι
674 3704 689 3728 ,
715 3669 1069 3736 προσκεῖσθαι
1101 3670 1158 3723 δὲ
1199 3673 1397 3742 μᾶλλον
1415 3678 1528 3741 τοῖς
1554 3678 1643 3733 διά
1663 3682 1909 3746 Μωσέως

328 3752 803 3826 τεθεσπισμένοις.
837 3761 948 3814 Καὶ
966 3761 1054 3816 διὰ
1084 3763 1243 3817 ποίαν
1261 3766 1441 3822 αἰτίαν
1461 3785 1476 3833 ;
1495 3770 1773 3840 Ἐφασκον
1800 3773 1909 3845 γὰρ

328 3843 415 3935 ὃτι
453 3845 662 3918 Μωσῆς
685 3850 783 3920 μὲν
811 3853 840 3903 6
872 3852 1048 3923 μέγας
1070 3857 1197 3920 τοὺς
1235 3856 1404 3912 πάλαι
1428 3859 1589 3925 λαοὺς
1615 3843 1906 3935 ἐξήνεγκεν

327 3934 412 3997 είς
439 3938 766 4010 συνάντησιν
794 3943 887 3996 τοῦ
911 3944 1046 3999 Θεοῦ
1063 3987 1080 4012 ,
1111 3949 1253 4004 κατὰ
1279 3950 1341 4003 τὸ
1368 3934 1776 4024 γεγραμμένον,
1814 3959 1908 4010 καὶ

329 4027 678 4101 παρέστησεν
710 4034 801 4087 ἐπὶ
828 4035 885 4088 τὺ
908 4036 1033 4108 ὅρος
1063 4040 1121 4093 τὸ
1147 4041 1307 4110 Σινά,
1356 4042 1523 4109 ἐδειξέ
1549 4062 1608 4099 τε
1640 4047 1827 4112 αὐτοῖς
1850 4052 1907 4105 ὲν

327 4116 410 4186 τῷ
448 4118 567 4188 ὄρει
589 4120 679 4175 τὸν
704 4123 835 4177 Θεὸν
853 4166 868 4192 ,
894 4127 992 4180 καὶ¹
1021 4128 1252 4183 άκοῦσαι
1283 4134 1661 4204 παρεσκεύασε
1690 4137 1798 4192 τῶν
1822 4139 1909 4193 λό-

327 4223 446 4275 γων
484 4210 1155 4289 αύτοῦ,πεπληροφόρηκέ
1186 4237 1243 4273 τε
1272 4223 1365 4275 καὶ
1396 4223 1539 4293 μάλα
1569 4226 1778 4295 σαφῶς,
1824 4229 1905 4282 ὅτι

326 4297 465 4362 Θεὸς
494 4301 667 4355 ἐλάλει
706 4304 832 4368 τοὺς
875 4306 1073 4377 νόμους
1098 4324 1111 4340 ·
1166 4311 1194 4362 6
1223 4310 1280 4363 δὲ
1325 4313 1530 4367 τούτων
1554 4314 1704 4368 οὐδὲν
1734 4315 1903 4381 ἔδειξε

2032 1860 2163 1915 bere
2192 1877 2206 1914 :
2235 1862 2331 1918 sed
2366 1864 2653 1934 stupendis
2713 1865 2823 1919 illis
2855 1874 2911 1921 et
2936 1866 3173 1922 insolitis
3203 1867 3464 1938 operibus
3502 1869 3599 1924 de-

2029 1950 2344 2016 trahentes,
2380 1967 2446 2007 ac
2510 1955 2749 2011 versutis
2779 1956 3128 2012 sermonibus
3191 1958 3313 2027 ejus
3364 1960 3595 2031 gloriam

2025 2039 2321 2106 elevantes,
2358 2042 2719 2115 hucillucque
2742 2044 3053 2102 Iudaeorum
3083 2049 3361 2119 regionem
3385 2051 3588 2120 ipsam-

2027 2144 2132 2199 que
2158 2129 2461 2188 Jerusalem
2502 2135 2793 2201 oheuntes,
2832 2136 2993 2193 modo
3025 2138 3250 2208 quidem
3279 2141 3503 2196 aiebant
3534 2142 3591 2197 in

2026 2221 2321 2280 Beelzebul
2380 2241 2505 2282 eum
2576 2228 2730 2299 signa
2792 2228 2971 2287 facere
2991 2230 3073 2298 “7;
3129 2231 3293 2288 modo
3346 2231 3594 2289 effrenati

2026 2311 2229 2370 furoris
2266 2324 2436 2372 (nstro
2469 2319 2660 2387 perciti
2695 2317 3023 2376 daemonium
3072 2321 3273 2378 habere
3321 2323 3594 2393 dicebant,

2023 2411 2078 2457 et
2094 2407 2310 2479 pescire
2328 2423 2450 2478 qua:
2469 2410 2808 2479 loqueretur.
2832 2410 3194 2483 lncrepabant
3213 2415 3359 2469 enim
3378 2415 3593 2481 turbas,

2023 2493 2313 2553 dicentes:
2362 2516 2381 2549 ι
2435 2498 2774 2554 ῡωωοηίυιη
2832 2501 3018 2567 habet,
3067 2511 3122 2558 et
3166 2504 3412 2558 insanit:
3461 2506 3593 2575 quid

2021 2600 2146 2640 eum
2184 2588 2387 2644 auditi‘s
2411 2589 2494 2644 "2
2533 2608 2552 2642 ι
2584 2590 2719 2657 Quae
2754 2606 2884 2648 vero
2935 2607 3105 2649 causa
3165 2595 3442 2651 exstiterit
3492 2611 3595 2651 cur

2018 2676 2138 2746 ejus
2156 2678 2341 2749 gloriae
2363 2687 2649 2750 tantopere
2667 2682 3008 2749 resisterent,
3040 2685 3355 2742 necessario
3375 2687 3581 2742 dicam.

2018 2765 2425 2826 Persuadebant
2459 2773 2654 2838 turbis,
2684 2775 2847 2831 sicuti
2877 2776 3042 2832 modo
3057 2777 3584 2843 demonstravimus,

2017 2858 2322 2915 doctrinam
2360 2860 2667 2921 Servatoris
2696 2868 2872 2924 nostri
2907 2883 3017 2923 non
3042 2868 3358 2933 admittere,
3396 2870 3493 2927 sed
3519 2870 3588 2927 ab

2018 2962 2083 3002 ea
2122 2949 2380 3007 recedere
2413 2961 2474 3007 ut
2493 2954 2597 3026 legi
2622 2959 2926 3025 contraria,
2948 2972 3013 3013 ac
3035 2958 3357 3030 longissime
3373 2959 3585 3032 fugere,

2019 3044 2419 3115 praeceptisque
2451 3044 2709 3103 Mosaicis
2748 3049 2932 3119 potius
2980 3049 3282 3106 adhaerere.
3321 3049 3432 3107 Cur
3472 3051 3592 3106 ita?

2019 3132 2254 3189 Aiebant
2297 3135 2557 3191 nimirum
2590 3152 2849 3210 magnum
2920 3140 3074 3195 illum
3120 3138 3309 3197 Mosen
3358 3143 3592 3212 populos

2018 3223 2276 3281 eduxisse
2324 3225 2382 3280 in
2411 3240 2703 3284 occursum
2738 3227 2873 3294 Deo,
2903 3237 2964 3284 ut
3025 3232 3292 3302 scriptum
3335 3232 3510 3301 est”,
3535 3242 3592 3289 et

2018 3315 2087 3369 ad
2119 3325 2354 3372 montem
2388 3316 2520 3372 Sina
2560 3319 2846 3387 statuisse,
2879 3321 3071 3392 eisque
3099 3322 3272 3376 Deum
3305 3323 3361 3378 in
3394 3336 3583 3380 monte

2017 3403 2351 3470 ostendisse,
2376 3414 2432 3462 et
2451 3405 2699 3465 effecisse
2751 3416 2811 3463 ut
2845 3424 3127 3467 sermones
3153 3410 3276 3481 ejus
3310 3411 3586 3478 audirent,

2017 3497 2271 3569 clareque
2290 3498 2701 3557 demonstrasse
2725 3500 2817 3557 Dei
2840 3516 2935 3557 ore
2962 3501 3136 3572 legem
3169 3500 3410 3568 editam;
3436 3502 3586 3559 hunc

2016 3594 2198 3641 autem
2226 3587 2470 3643 istorum
2503 3588 2642 3643 nihil
2672 3590 2834 3659 plane
2863 3589 3082 3646 fecisse.
3122 3589 3250 3645 Haec
3284 3590 3410 3647 illos
3433 3590 3588 3648 iden-

2016 3678 2187 3735 tidem
2221 3679 2556 3747 inculcasse,
2588 3680 2718 3736 hinc
2748 3681 3008 3752 accipies.
3042 3680 3268 3739 Videbis
3303 3683 3449 3739 enim
3491 3698 3587 3741 eos

2014 3784 2218 3825 caecum
2251 3770 2404 3825 illum
2448 3787 2480 3827 a
2535 3773 2841 3836 nativitate,
2877 3787 3039 3843 quem
3081 3771 3343 3829 Servator
3393 3774 3586 3831 ined‘a-

2012 3862 2108 3916 bili
2138 3861 2339 3918 virtute
2377 3864 2611 3929 curavit,
2638 3864 2723 3919 his
2762 3864 2943 3920 verbis
2976 3864 3404 3933 compellantes:
3438 3884 3458 3917 ι
3493 3863 3580 3922 Tu

2012 3948 2323 4019 discipulus
2378 3950 2529 4006 illius
2561 3952 2679 4008 sis:
2729 3967 2833 4007 nos
2862 3962 3041 4007 autem
3082 3951 3256 4024 Moysi
3317 3952 3582 4025 discipuli

2008 4054 2219 4095 sumus.
2286 4038 2399 4096 Nos
2468 4041 2617 4096 enim
2653 4042 2861 4098 scimus
2922 4044 3052 4112 quia
3113 4041 3286 4115 Moysi
3360 4045 3579 4102 locutus

2009 4140 2093 4187 est
2115 4129 2278 4197 Deus,
2307 4131 2455 4186 hunc
2474 4147 2610 4188 vero
2639 4134 2917 4190 nescimus
2949 4134 3095 4190 unde
3114 4135 3271 4189 sit".
3298 4155 3318 4189 ι
3338 4135 3582 4203 Quicun-

2008 4235 2116 4290 que
2143 4235 2274 4291 ergo
2302 4219 2551 4276 Judaicis
2576 4221 2792 4293 placitis
2824 4223 3289 4292 asripulabantur,
3319 4224 3581 4280 invictam

2008 4315 2062 4362 et
2109 4307 2589 4378 inexpugnabilem
2626 4310 2771 4364 hanc
2806 4311 3079 4365 rationem
3120 4327 3245 4367 esse
3289 4312 3576 4382 putabant,

326 4390 632 4454 παντελῶς.
685 4394 805 4447 Ὀτι
853 4395 907 4449 δὲ
942 4389 1095 4462 οὗτος
1134 4395 1202 4471 ἦν
1235 4400 1403 4466 πολὺς
1444 4404 1574 4475 παρ’
1602 4405 1831 4470 ἐκείνοις
1876 4410 1904 4460 6

2020 4397 2434 4469 turbabantque,
2468 4407 2530 4455 ut
2580 4400 2841 4458 credibile
2907 4410 3013 4468 est,
3068 4403 3232 4475 776
3276 4411 3442 4473 atque
3471 4403 3578 4460 hoc

325 4480 525 4549 λόγος,
565 4483 816 4539 ἐντεῦθεν
864 4487 1105 4561 μαθήσῃ.
1157 4491 1463 4563 Θεωρήσεις
1504 4494 1612 4565 γὰρ
1648 4495 1904 4564 λέγοντας

324 4571 468 4641 πρὸς
493 4572 581 4626 τὸν
609 4575 675 4628 ἐκ
708 4578 933 4648 γενετῆς
960 4580 1188 4650 τυφλὸν,
1221 4582 1279 4637 ὃν
1304 4583 1528 4655 ἀρρήτῳ
1558 4585 1780 4657 δυνάμει
1813 4605 1900 4640 τε·

324 4661 670 4733 θεράπευκεν
723 4669 753 4720 6
796 4669 1022 4741 Σωτήρ·
1083 4692 1102 4725 ι
1154 4674 1523 4747 Συμμαθητὴς
1564 4672 1617 4729 εἷ
1665 4678 1895 4743 ἐκείνου,

320 4755 492 4825 ἡμεῖς
521 4756 576 4809 δὲ
604 4757 700 4810 τοῦ
737 4760 980 4825 Μωσέως
1021 4763 1187 4834 ἐσμὲν
1229 4766 1487 4837 μαθηταί.
1551 4769 1742 4838 Ἡμεῖς
1790 4770 1898 4840 γάρ

316 4846 549 4915 οἴδαμεν
575 4848 656 4902 ὅτι
690 4851 860 4922 Μωσῇ
893 4851 1185 4926 λελάληκεν
1218 4857 1247 4909 6
1274 4857 1406 4922 Θεός
1428 4873 1443 4888 ’
1491 4858 1678 4913 τοῦτον
1716 4860 1773 4913 δὲ
1797 4863 1899 4916 οὐκ

314 4936 550 5007 οωαμεν
577 4939 740 4993 πόθεν
765 4942 932 4996 ἐστίν.
965 4961 983 4995 ι
1034 4945 1310 5016 Ἐνόμιζον
1335 4949 1514 5003 τοίνυν
1540 4951 1590 5002 oi
1620 4952 1730 5014 τοῖς
1773 4952 1897 5005 Ἰου-

313 5027 535 5092 δαϊκοῖς
584 5033 1038 5103 συναγορεύοντες
1081 5038 1346 5108 δόγμασι,
1399 5040 1896 5110 δυσανταγώνιστον

311 5135 446 5171 τινα
476 5119 571 5172 τὸν
593 5121 689 5173 ἐπὶ
708 5122 915 5189 τούτοις
939 5128 1207 5183 ποιεῖσθαι
1243 5129 1419 5200 λόγον,
1451 5132 1544 5187 καὶ
1570 5133 1671 5186 ούκ
1701 5134 1898 5188 εὐανά-

309 5225 559 5280 τρεπτον
591 5215 705 5275 τοῖς
750 5214 996 5281 πολλοῖς,
1045 5218 1335 5289 ἐθορύϐουν
1359 5222 1437 5289 δὲ,
1463 5224 1537 5287 ὡς
1586 5224 1759 5290 είκὸς,
1802 5226 1896 5280 καὶ

308 5299 680 5366 ὑπεσκέλιζον
727 5304 814 5359 διὰ
843 5306 1032 5361 τούτου
1068 5309 1314 5376 πολλούς.
1359 5313 1540 5381 Τοῦτο
1558 5314 1679 5367 καθ’
1703 5314 1895 5369 ἑαυτὸν

306 5388 580 5459 ἐννοήσας
623 5392 653 5443 6
676 5392 975 5462 Φίλιππος,
1025 5396 1101 5461 ὼς
1125 5398 1497 5473 λυθησομένης
1548 5402 1765 5473 ἁπάσης
1794 5402 1893 5471 τῆς

303 5476 429 5532 τῶν
480 5478 746 5534 Ἰουδαίων
787 5483 1124 5553 ἀντιλογίας,
1168 5489 1216 5540 εί
1252 5489 1346 5540 καὶ
1393 5489 1553 5551 αὐτὸς
1589 5488 1808 5553 δείξειεν
1865 5492 1894 5541 6

393 5658 436 5692 ⁸⁷
478 5659 613 5716 Luc.
646 5678 725 5725 ιι,
763 5663 848 5720 15.
927 5666 973 5698 ³⁸
1019 5664 1179 5723 Joan.
1213 5683 1268 5731 κ,
1298 5669 1388 5723 ‘20.

645 5754 910 5818 Parnm"
953 5760 1066 5822 Gn.
1109 5760 1356 5823 LXXIV.

2012 4489 2174 4544 modo
2211 4491 2414 4547 multos
2450 4489 2801 4561 dejiciebant.
2841 4491 2957 4547 Hoc
2998 4493 3143 4564 apud
3174 4508 3234 4549 se
3284 4493 3575 4566 Philippus

2010 4577 2316 4643 revolvens,
2340 4579 2497 4650 quasi
2522 4581 2705 4636 omnis
2735 4580 2829 4635 illa
2856 4579 3170 4637 Iudaeorum
3190 4581 3432 4654 objectio
3457 4583 3581 4639 fun-

2006 4666 2156 4725 ditus
2180 4669 2400 4723 ruitura
2430 4679 2598 4737 esset,
2640 4671 2687 4727 si
2719 4679 2774 4727 et
2803 4674 2920 4742 ipse
2947 4672 3204 4730 Christus
3226 4673 3579 4733 credentibus

2005 4758 2060 4812 in
2125 4758 2304 4828 ipsum
2373 4759 2588 4816 Patrem
2642 4761 2991 4830 ostenderet,
3044 4764 3131 4820 his
3202 4779 3327 4820 eum
3390 4766 3576 4823 verbis

2003 4851 2335 4920 compellat:
2394 4870 2412 4903 ι
2455 4851 2704 4918 Domine,
2746 4854 2979 4910 ostende
3020 4856 3182 4911 nobis
3239 4855 3478 4923 Patrem,
3520 4865 3576 4913 et

2005 4940 2204 4996 sufﬁcit
2236 4943 2420 4999 nobis.
2441 4964 2460 4996 ι
2482 4942 2652 5015 Finge
2672 4943 2822 4999 enim
2847 4946 2963 5001 haec
2984 4960 3110 5002 eum
3139 4946 3318 5018 loqui:
3353 4945 3572 5011 Omnia,

2004 5034 2200 5104 inquit,
2243 5048 2276 5088 ο
2337 5032 2586 5099 Domine,
2626 5041 2720 5089 tua
2765 5043 3039 5106 potestate
3074 5046 3408 5108 peraguntur
3450 5053 3573 5110 qua:

2001 5139 2103 5178 nos
2135 5126 2203 5179 ad
2263 5123 2424 5180 fidem
2458 5124 2765 5194 inducunt;
2796 5126 3105 5183 innumeris
3162 5126 3446 5183 miraculis
3470 5126 3572 5186 Ju—

2001 5213 2173 5268 daica:
2237 5214 2590 5283 procacitatis
2650 5216 3031 5287 intemperiem
3094 5230 3352 5272 coercere
3421 5217 3570 5274 licet.

2001 5302 2150 5358 Nihil
2189 5311 2371 5361 autem
2401 5305 2562 5362 nobis
2595 5307 2758 5378 plane
2786 5306 3027 5364 defuerit
3058 5307 3106 5361 si
3158 5315 3214 5363 et
3243 5306 3362 5378 ipse
3411 5310 3572 5367 nobis

2000 5395 2220 5451 Patrem
2253 5410 2319 5453 ac
2348 5396 2520 5453 Deum
2567 5398 2921 5455 ostenderis:
2970 5398 3201 5457 sulliciet
3228 5401 3375 5457 enim
3423 5400 3573 5458 istud

2003 5488 2117 5545 tuis
2145 5487 2457 5559 discipulis,
2496 5498 2555 5545 ut
2586 5505 2777 5547 eorum
2828 5490 2924 5564 qui
2968 5490 3085 5548 hac
3121 5491 3406 5565 proferunt
3451 5507 3567 5550 ser-

1494 5671 1536 5702 ⁸⁸
1573 5668 1741 5725 Exod.
1792 5684 1905 5724 xtx.
1943 5670 2029 5727 l7.
2107 5671 2150 5703 ὀ
2184 5668 2341 5726 Joan.
2373 5687 2445 5738 Ix,
2475 5670 2568 5738 28,
2597 5671 2689 5728 9.9.

3062 5764 3095 5826 7
