4042 6204
397 277 507 337 $05
1361 263 1417 317 S.
1450 258 1727 317 CYRILIJ
1765 251 2235 310 ALEXANDRINI
2274 246 2596 306 ARCIIIEP.
3558 236 3666 292 2οδ

398 413 591 460 mones
623 392 921 453 retundere
955 388 1195 462 possint.
1242 381 1558 440 Istiusmodi
1602 390 1827 435 sensum
1872 375 1980 430 ioci

2107 372 2319 443 (ριστὸς
2347 370 2458 431 τοῖς
2486 370 2564 430 εἰς
2592 366 2753 420 αὑτὸν
2779 363 3093 418 πιστεύουσι
3119 359 3210 415 τὸν
3232 360 3477 429 Πατέρα,
3501 356 3670 428 πρόσ-

400 495 565 565 hujus
593 489 906 551 aﬂ’erentes,
934 448 973 537 ο.
994 490 1141 537 recta
1200 480 1417 533 ratione
1448 473 1772 544 neutiquam
1822 468 1979 525 deer-

2107 480 2193 517 ,ισι
2220 462 2394 530 λέγων
2420 477 2433 491 ·
2477 477 2494 510 ι
2524 458 2730 529 Κύριε,
2769 455 2943 523 δεῖξον
2968 456 3099 526 ἡμῖν
3137 454 3228 507 τὸν
3264 448 3487 521 Πατέρα
3510 488 3528 515 ,
3576 450 3668 505 καὶ

349 644 358 650 ,
401 540 664 642 rabimus.
696 580 767 635 Ut
796 578 942 633 enim
976 576 1085 630 hoc
1115 574 1279 627 modo
1311 540 1846 638 intelligamus,ipse
1878 575 1980 616 nos

2107 558 2245 627 ιρκεί
2273 557 2422 625 ἡμῖν.
2454 572 2471 604 ι
2535 550 2736 605 Ἐννόει
2775 548 2886 617 γὰρ
2922 546 3181 616 λέγονταο
3223 544 3442 603 Πάντα,
3478 540 3666 611 φησὶν,

355 644 359 662 ἱ
709 632 910 743 adigit,
942 669 1173 722 dicens:
1204 663 1413 719 Suﬂicit
1458 632 1621 715 nobis
1659 632 1849 746 videre
1877 652 1979 746 Pa-

2107 645 2128 701 ῐι
2151 648 2415 707 Δέσποτα,
2441 646 2521 707 εἰς
2547 643 2729 696 πίστιν
2756 639 3022 708 ἐπαγωγὰ
3057 639 3146 692 διὰ
3166 639 3265 708 τῆς
3293 636 3393 706 σῆς
3421 632 3673 698 ἐξουσίας

402 780 541 825 trem
572 774 627 822 et
653 764 846 828 Deum,
883 761 1045 831 quasi
1072 760 1176 813 hoc
1197 758 1375 812 solum
1420 749 1774 808 credentibus
1801 744 1982 809 desit;

2107 740 2316 793 τελεῖται
2338 778 2352 801 ,
2381 737 2471 790 διὰ
2511 735 2723 806 μυρίων
2755 733 3055 804 θαυμάτων
3095 730 3470 797 δυσωπήσειεν
3492 726 3559 780 ἄν
3584 742 3675 788 τις

354 850 365 901 Γ
402 818 770 927 quoque
793 818 1050 905 Christus
1076 841 1480 916 quodammodo
1511 836 1827 909 persuadet,
1851 847 1977 888 cum

2107 833 2186 902 ἰῆς
2214 830 2322 884 τῶν
2361 828 2629 884 Ἰουδαίων
2674 825 3052 897 γλωσσαλγίας
3101 823 3163 876 τὸ
3209 820 3469 891 ἀκρατὲς.
3518 818 3676 871 Ἐπι-

404 908 458 1002 in
492 908 854 1016 sequentibus
884 942 997 996 ait:
1038 959 1057 991 ι
1098 937 1280 993 Verba
1303 950 1426 1007 quae
1448 948 1549 1005 ego
1582 932 1778 1002 loquor
1801 926 1977 991 vobis,

2107 925 2244 997 ιείψῃ
2273 924 2316 979 δ’
2355 923 2421 978 ἂν
2454 924 2587 995 ἡμῖν
2617 923 2697 983 είς
2728 919 2790 973 τὸ
2820 918 3083 989 παράπαν
3108 913 3290 975 οὐδὲν,
3319 913 3368 966 εί
3394 910 3489 965 καὶ
3514 908 3677 970 αὐτὸς

405 1054 437 1092 a
465 1038 678 1101 meipso
709 1049 820 1090 non
850 1035 1078 1103 loquor:
1111 1029 1274 1085 Pater
1299 1035 1482 1083 autem
1517 1025 1574 1079 in
1605 1038 1691 1078 me
1731 1033 1981 1083 manens,

2107 1020 2223 1088 ῇμῖν
2253 1014 2543 1079 ἐπιδείξεις
2580 1014 2672 1066 τὸν
2709 1010 2931 1081 Πατέρα
2962 1008 3059 1062 καὶ
3093 1006 3228 1061 Θεόν
3251 1022 3265 1037 ο
3313 1002 3539 1075 ἀρκέσει
3567 998 3680 1070 γὰρ

407 1130 530 1199 ipse
569 1092 701 1181 iacit
733 1092 992 1195 opera“.
1034 1140 1053 1174 ι
1087 1118 1247 1187 Quod
1271 1114 1549 1189 quomodo
1574 1113 1645 1168 sit
1675 1109 1985 1179 intelligen-

2107 1110 2248 1164 τοῦτο
2271 1110 2385 1170 τοῖς
2412 1109 2525 1169 σοῖς
2549 1105 2818 1177 μαθηταῖς
2834 1144 2849 1168 ,
2872 1104 2951 1166 εἰς
2971 1101 3033 1155 τὸ
3053 1097 3314 1155 δύνασθαι
3342 1094 3559 1158 λοιπὸν,
3584 1092 3682 1146 καὶ

407 1220 558 1281 dum,
587 1231 699 1271 non
730 1213 1253 1285 impraesentiarum,
1294 1207 1392 1264 sed
1434 1204 1612 1276 magis
1670 1201 1868 1258 idoneo
1931 1205 1987 1253 et

2107 1199 2244 1267 μάλα
2270 1196 2475 1263 καλῶς,
2492 1199 2604 1258 τοῖς
2634 1194 2743 1250 τῶν
2773 1197 2956 1249 ἐκεῖνα
2995 1187 3387 1262 προτεινόντων
3416 1181 3682 1239 καθοπλί-

408 1309 656 1380 proximo
686 1307 902 1362 dicetur
925 1306 1065 1359 loco.

2107 1287 2288 1354 ζεσθαι
2314 1288 2513 1358 λόγοις.
2563 1286 2835 1358 Τοιαύτην
2884 1285 3010 1338 τινὰ
3039 1281 3275 1353 θεωρίαν
3313 1279 3429 1340 τοῖς
3458 1289 3683 1348 προκει⁴

411 1365 593 1469 μένοις
647 1396 995 1458 ἐποίσαντες,
1040 1392 1142 1445 οὑκ
1169 1390 1270 1455 ἂν,
1322 1384 1511 1458 οἶμαι,
1579 1384 1674 1439 τοῦ
1727 1382 2031 1455 πρέποντος
2089 1378 2251 1449 λόγου
2295 1379 2794 1450 διαμαρτήσαιμεν.
2860 1376 3034 1430 Καλεῖ
3078 1373 3187 1445 γὰρ
3232 1371 3381 1442 ἡμᾶς
3435 1368 3573 1440 πρὸς
3617 1365 3684 1420 τὸ

322 1556 328 1567 .
408 1459 551 1543 οὑτω
574 1459 718 1544 νοεῖν
768 1489 865 1541 καὶ
910 1485 1074 1548 αὑτὸς
1120 1485 1149 1537 ὁ
1199 1481 1506 1545 Φίλιππος,
1546 1478 1720 1547 λέγων
1741 1493 1754 1506 ’
1828 1475 2011 1545 Ἀρκεῖ
2050 1474 2186 1545 ἡμῖν
2229 1473 2291 1526 τὸ
2340 1472 2464 1527 ἰδεῖν
2501 1472 2592 1524 τὸν
2618 1471 2837 1541 Πατέρα
2865 1469 2961 1523 καὶ
3019 1467 3153 1521 Θεὸν
3174 1503 3191 1530 ,
3237 1463 3438 1518 ὡσανεὶ
3491 1459 3683 1514 τούτου

409 1580 504 1635 καὶ
542 1580 702 1650 μόνου
748 1579 863 1641 τοῖς
893 1573 1319 1630 πεπιστευκόσιν
1364 1569 1764 1632 ἐλλελοιπότος,
1794 1565 2043 1620 ὑποτιθεϊ
2077 1565 2134 1619 δέ
2173 1582 2292 1628 πως
2311 1604 2326 1628 ,
2378 1565 2472 1619 καὶ¹
2498 1564 2661 1627 αὑτὸς
2692 1565 2721 1617 ὁ
2751 1561 2977 1632 Σωτὴρ,
3008 1562 3066 1614 ἐν
3097 1562 3210 1622 τοῖς
3247 1555 3442 1626 ἐφεξῆς
3479 1550 3681 1606 εἰπών’

418 1692 437 1724 ι
461 1645 553 1725 Τὰ.
583 1671 827 1742 ῥήματα,
867 1668 903 1723 ἃ.
937 1666 1049 1735 ἐγὼ
1080 1666 1227 1734 λέγω
1277 1663 1427 1734 ὑμῖν,
1469 1662 1564 1715 ἀπ’
1595 1657 1833 1730 ἐμαυτοῦ
1858 1657 1918 1710 οὑ
1961 1656 2128 1725 λαλῶ,
2164 1659 2193 1710 ὁ
2222 1656 2279 1710 δὲ
2309 1656 2502 1727 Πατὴρ
2531 1657 2588 1709 ἐν
2623 1655 2749 1726 ἐμοὶ
2780 1653 2958 1724 μένων
2978 1693 2992 1716 ,
3020 1653 3164 1705 ποιεῖ
3186 1649 3254 1702 τὰ
3283 1649 3419 1720 ἔργα
3444 1645 3626 1708 αὑτός.
3657 1658 3680 1693 ι

413 1763 488 1816 Τὸ
519 1735 594 1815 δὲ’
618 1735 767 1823 ὅπως
803 1759 1069 1831 προσήκει
1118 1756 1216 1809 καὶ
1256 1753 1417 1807 τοῦτο
1470 1754 1643 1817 νοεῖν,
1671 1750 1771 1802 οὑκ
1812 1749 1869 1801 ἐν
1911 1745 1992 1817 τῷ
2022 1746 2252 1818 παρόντι
2284 1744 2519 1818 μᾶλλον,
2568 1745 2683 1798 ἀλλ’
2712 1746 2770 1797 ἐν
2808 1742 2888 1814 τῷ
2944 1738 3382 1812 πρεπωδεστέρῳ
3426 1736 3521 1791 καὶ
3564 1735 3684 1805 γεί-

412 1873 525 1910 τονι
557 1852 830 1919 λελέξεται
857 1851 1027 1920 τόπῳ.

484 1945 628 2012 Χιν,
656 1913 710 2000 9.
762 1943 906 1997 Dicit
946 1913 993 1996 ei
1024 1940 1223 1995 Jews:
1259 1937 1431 1992 Tanto
1468 1945 1695 2002 tempore
1733 1929 1996 1985 vobiscum

2172 1926 2343 1996 Λέγει
2389 1924 2550 1990 αὐτῷ
2593 1926 2627 1978 ό
2679 1922 2943 1992 Ἱησοῦςυ
3010 1919 3285 1983 Τοσούτῳ
3318 1917 3515 1986 χρόνῳ
3555 1913 3689 1987 μεθ’

416 2057 560 2105 sum,
587 2049 637 2095 et
663 2052 769 2106 non
801 2033 1091 2106 cognovisti
1121 2047 1225 2098 me,
1264 2026 1553 2097 Philippe!
1584 2024 1689 2092 Qui
1719 2012 1859 2077 uidet
1893 2035 1995 2084 me,

416 2135 557 2189 uidet
584 2141 633 2186 et
661 2130 907 2185 Patrem.

489 2222 932 2281 lnexcusabilem
967 2232 1092 2273 esse
1127 2215 1404 2287 discipulo
1430 2208 1793 2282 ignorantiam
1817 2212 2001 2261 osten-

420 2321 522 2376 dit.
550 2314 893 2372 Diﬂicillimaz
921 2310 1067 2365 enim
1101 2305 1615 2376 contemplationes,
1635 2308 1690 2354 et
1720 2312 1841 2369 quae
1865 2295 2000 2351 sub-

421 2410 733 2466 tilissimam
799 2401 1003 2474 ingenii
1061 2399 1233 2453 aciem
1287 2403 1346 2450 ut
1396 2392 1773 2464 percipiantur
1820 2386 2002 2457 requi-

420 2509 571 2566 runt,
602 2496 823 2555 tametsi
860 2492 1004 2548 haud
1037 2492 1239 2560 exiguo
1292 2487 1484 2543 forsan
1518 2492 1784 2553 tempore,
1839 2479 2003 2547 longo

421 2606 602 2650 tamen
631 2589 812 2661 spatio
850 2580 1244 2655 comprehendi
1294 2584 1525 2650 queunt,
1583 2577 1628 2632 si
1665 2573 1828 2627 modo
1885 2576 2004 2625 stu-

423 2685 572 2740 dium
602 2657 752 2734 adsit
781 2695 795 2730 :
828 2676 884 2728 in
921 2675 1127 2745 quibus
1157 2684 1292 2725 vero
1325 2668 1465 2723 nihil
1494 2672 1581 2720 est
1614 2659 1878 2731 ambigui,
1909 2657 2003 2714 sed

423 2787 546 2844 quae
588 2777 739 2826 recta
768 2766 1089 2837 cognitione
1130 2767 1410 2824 constant,
1442 2757 1596 2812 nullo
1630 2753 1848 2824 negotio
1877 2765 2002 2821 per-

424 2843 724 2934 cipiuntur.
759 2856 902 2923 Quid
934 2860 1085 2925 ergo,
1141 2853 1340 2921 inquit,
1403 2866 1438 2903 υ
1466 2848 1738 2917 Philippe,
1770 2843 2003 2915 impedi-

423 2965 612 3014 mento
664 2954 829 3009 fuerit
877 2949 1176 3022 quominus
1221 2946 1462 3018 perfecte
1506 2959 1593 2997 me
1638 2955 2003 3011 agnosceres,

423 3050 689 3111 edissere,
721 3058 928 3115 quaeso.
983 3041 1137 3095 Licet
1162 3038 1307 3094 enim
1355 3044 1466 3090 tam
1513 3035 1737 3104 longum
1789 3039 2005 3101 tempus

423 3139 720 3206 eﬂluxerit,
752 3150 864 3208 quo
896 3149 1018 3191 sum
1049 3132 1354 3197 vobiscum,
1413 3135 1467 3185 et
1499 3127 1567 3182 ad
1596 3134 1800 3182 certam
1843 3123 2003 3178 ﬁdem

425 3232 661 3290 sutiiciat
716 3242 907 3285 eorum
937 3240 1060 3297 qua:
1088 3232 1140 3278 te
1178 3222 1394 3278 discere
1422 3217 1732 3290 oportebat,
1783 3214 2005 3271 dubitas

424 3332 608 3378 tamen
672 3319 874 3383 adhuc,
919 3315 1032 3371 imo
1099 3327 1229 3369 vero
1314 3311 1570 3383 ignorare
1654 3303 2006 3362 convinceris

424 3418 550 3488 quis
606 3430 707 3485 ego
764 3413 868 3467 sim
937 3408 1242 3465 secundum
1312 3413 1612 3468 naturam,
1693 3409 1749 3457 et
1817 3399 2004 3465 unde,

426 3506 680 3579 quamvis
706 3520 792 3559 me
820 3510 905 3555 tot
928 3499 1194 3554 miracula
1229 3497 1470 3552 edidisse
1499 3492 1830 3564 comperias.
1854 3490 2003 3557 Quo-

426 3597 592 3652 modo
622 3607 749 3647 vero
778 3605 887 3644 non
945 3586 1242 3659 agnovisti,
1274 3585 1493 3654 inquit,
1538 3582 1684 3653 quod
1731 3581 1827 3652 qui
1871 3580 2009 3634 vidit

429 3683 682 3751 me,vidit
707 3690 763 3737 et
790 3678 1047 3735 Patrem?
1071 3676 1364 3731 Enimvero
1395 3675 1613 3745 priscos
1635 3672 1760 3727 illos
1789 3670 2008 3726 Iudaeos

428 3775 591 3848 777
622 3781 874 3828 naturam
913 3769 1153 3825 divinam
1188 3767 1245 3821 in
1273 3771 1460 3820 monte
1487 3763 1619 3819 Sina
1653 3761 2010 3834 perspexisse

427 3877 613 3940 putas,
650 3866 884 3936 ejusque
933 3875 1123 3917 vocem
1181 3857 1403 3915 audisse
1452 3872 1577 3912 cum
1619 3870 1804 3911 rerum
1838 3870 2009 3926 agen-

430 3960 626 4014 darum
680 3957 829 4027 leges
876 3958 1126 4025 poneret.
1170 3948 1255 4005 Tu
1283 3963 1413 4005 vero
1451 3946 1696 4003 nondum
1747 3946 1845 4001 tibi
1887 3960 2012 4017 per-

433 4048 663 4105 suasisti
691 4047 908 4102 Patrem
950 4052 1004 4100 te
1032 4042 1239 4099 vidisse
1269 4056 1367 4112 per
1392 4055 1480 4096 me
1515 4047 1571 4095 et
1604 4039 1657 4093 in
1691 4054 1798 4094 me.
1844 4058 1864 4091 ι
1904 4038 2009 4105 Qui

432 4142 579 4197 enim
620 4137 760 4192 vidit
807 4152 916 4203 me,
967 4142 1022 4191 et
1071 4133 1215 4191 vidit
1266 4131 1504 4188 Patrem.
1548 4149 1566 4182 ι
1604 4129 1727 4184 Jam
1772 4145 1905 4186 vero
1952 4137 2011 4183 ut

432 4232 763 4289 ostendatur
805 4229 1015 4284 nullam
1068 4225 1230 4281 nobis
1266 4238 1297 4277 a
1328 4222 1550 4279 Christo
1575 4222 1843 4277 visionem
1888 4234 2011 4275 cor-

431 4340 654 4397 poream
691 4321 1020 4395 signiﬁcari,
1062 4319 1223 4390 longa
1257 4316 1512 4372 oratione
1566 4330 1676 4370 non
1723 4321 1809 4369 est
1848 4326 2006 4381 opus.

433 4418 606 4474 Nemo
647 4417 792 4471 enim
830 4428 1001 4469 sanus
1046 4410 1248 4466 dixerit
1293 4408 1391 4464 Dei
1440 4415 1697 4462 naturam
1742 4418 2011 4476 corporeo

435 4511 555 4563 visu
612 4505 847 4575 percipi,
897 4503 993 4557 sed
1049 4516 1229 4571 neque
1282 4498 1467 4554 carnis
1523 4497 1701 4553 oculis
1764 4511 2011 4567 compre-

432 4594 620 4656 hendi,
660 4591 808 4662 quod
858 4600 1116 4659 tanquam
1171 4589 1231 4642 in
1282 4585 1514 4655 speculo
1544 4600 1609 4639 ac
1660 4600 1729 4640 uc
1782 4584 2007 4655 quidem

2101 2016 2270 2086 ὑμῶν
2294 2018 2442 2086 ειμι,
2494 2015 2594 2069 καί
2634 2015 2749 2070 οὐκ
2791 2009 3060 2083 ἔγνωκάς
3104 2027 3214 2080 με,
3267 2009 3568 2073 Φίλιππε;
3628 2008 3687 2061 ὀ

2099 2108 2371 2178 ἑωρακὼς
2392 2107 2517 2178 ἐμὲ,
2552 2105 2778 2176 ἑώρακε
2811 2106 2923 2160 τὸν
2946 2104 3198 2173 Πατέρα.
3618 2118 3623 2123 ·

2184 2200 2614 2272 ’Δπροφάσιστον
2629 2198 2708 2269 τῷ
2726 2197 2940 2270 μαθητῇ
2961 2197 3061 2265 τὴν
3075 2195 3316 2267 ἀμαθίαν
3332 2195 3635 2249 ἐπιδεικνυε
3643 2212 3682 2249 ι.

2101 2292 2183 2345 Τὰ
2213 2293 2309 2363 μὲν
2324 2292 2434 2364 γὰρ
2455 2291 2884 2361 δυσεφικτότερα
2901 2288 3010 2342 τῶν
3036 2287 3410 2358 θεωρημάτων
3432 2286 3524 2340 καὶ
3548 2286 3687 2358 πρὸς

2101 2382 2406 2453 κατάληψιν
2429 2382 2527 2454 τὴν
2555 2382 2614 2435 ἐν
2643 2380 3016 2452 νοήσει,φημὶ,
3043 2378 3370 2450 λεπτοτέραν
3398 2380 3455 2431 ἐν
3476 2378 3688 2452 ἑαυτοῖς

2101 2472 2441 2538 ἐξαιτοῦνται
2462 2471 2584 2545 [γρ.
2609 2469 2962 2543 ἐξαιτοῦντα]
2988 2470 3087 2541 τὴν
3118 2468 3380 2539 βάσανον,
3412 2469 3460 2522 εί
3484 2469 3579 2524 καὶ
3608 2467 3687 2540 μὴ

2102 2566 2160 2618 ἐν
2187 2564 2353 2635 ὀλίγῳ
2382 2564 2562 2635 χρόνῳ
2605 2563 2764 2634 τυχὸν
2781 2603 2796 2627 ,
2854 2561 2968 2615 ἀλλ’
3005 2555 3099 2614 οὖν
3140 2560 3200 2612 ἐν
3240 2561 3480 2630 μακραῖς
3507 2575 3690 2630 παρα-

2101 2655 2293 2709 τάσεσι
2339 2654 2447 2708 τῶν
2478 2653 2688 2725 καιρῶν
2732 2652 2887 2707 ἔσται
2924 2652 2989 2724 δὴ
3034 2652 3251 2715 πάντως
3291 2650 3540 2721 ἁλώσιμα
3574 2652 3690 2714 τοῖς

2105 2746 2466 2816 φιλομαθέσι,
2516 2747 2612 2799 καὶ
2650 2747 2938 2817 καταφανῆ
2979 2745 3314 2815 γενήσεται·
3360 2737 3441 2806 οἷς
3478 2741 3535 2795 δὲ
3586 2742 3688 2795 οὐκ

2103 2843 2280 2895 ἔνεστι
2301 2842 2361 2895 τὸ
2390 2841 2714 2913 περιπελές
2733 2880 2748 2906 ,
2798 2841 2912 2895 ἀλλ’
2944 2839 3159 2893 εὐθεῖαν
3186 2839 3298 2911 ἔχει
3328 2838 3427 2909 τὴν
3457 2836 3684 2908 εἴδησιν,

2103 2932 2315 2995 τούτοις
2344 2931 2411 2986 ἄν
2430 2950 2513 2995 τις
2536 2930 2967 3002 ιιιροσϐόιλοι,καλ⁸
2997 2931 3115 2984 Λίαν
3139 2929 3370 2985 ἀκονιτί.
3398 2926 3463 2981 Τί
3483 2927 3687 2989 τοίνυν,

2106 3019 2292 3090 φησὶν,
2324 3012 2369 3071 ὦ
2389 3018 2645 3083 Φίλιππε,
2683 3020 2819 3090 πρὸς
2844 3019 2941 3090 τὴν
2968 3020 3058 3073 ὑπ’
3089 3019 3214 3087 ἐμοὶ
3241 3018 3458 3071 σύνεσιν
3485 3014 3691 3088 ἀκρισῆ

2104 3109 2167 3162 τὸ
2199 3108 2597 3180 παραποδίσαν,
2624 3109 2763 3163 είπέ.
2814 3108 3006 3162 Καίτοι
3034 3108 3142 3179 γὰρ
3175 3105 3318 3160 οὑτω
3358 3105 3575 3177 μακροῦ
3605 3106 3693 3160 δι-

2107 3201 2401 3264 ελάσαντος
2428 3201 2622 3273 χρόνου
2645 3240 2660 3266 ,
2686 3200 2892 3256 καθ’ὑν
2922 3202 2969 3253 εί
2979 3200 3039 3271 μὶ
3076 3199 3196 3271 μεθ’
3226 3199 3378 3271 ὑμῶν
3396 3242 3411 3263 ,
3470 3199 3565 3252 καὶ
3593 3199 3695 3270 ἁρ-

2110 3293 2336 3358 κοῦντος
2370 3297 2448 3358 είς
2480 3293 2884 3366 πληροφορίαν,
2908 3284 2983 3347 ὧν
3009 3292 3115 3346 ἔδει
3149 3308 3207 3346 σε
3239 3293 3459 3365 μαθεῖν,
3488 3291 3696 3346 ἐνδοιά-

2108 3386 2222 3451 ζεις
2238 3384 2340 3451 ἔτι,
2374 3384 2573 3456 μᾶλλον
2596 3385 2654 3437 δὲ
2679 3384 2825 3456 ἥλως
2850 3384 3157 3456 ἡγνοηκὼς,
3185 3383 3265 3448 τίς
3288 3383 3385 3455 μὲν
3410 3382 3519 3453 ἐγὼ
3549 3384 3697 3437 κατὰ

2108 3477 2268 3548 φύσιν
2297 3479 2435 3549 εἰμὶ,
2460 3479 2557 3531 καὶ
2587 3478 2770 3538 πόθεν,
2805 3478 2982 3532 καίτοι
3009 3478 3118 3531 τῶν
3157 3478 3238 3532 ὅτι
3274 3477 3506 3551 μάλιστα
3536 3476 3697 3550 παρὰ

2111 3573 2192 3627 σοὶ
2229 3571 2666 3644 θαυμαζομένων
2702 3571 2972 3643 εὑρίσκων
2999 3570 3128 3627 ὄντα
3165 3570 3517 3642 δημιουργόν.
3568 3569 3697 3632 Πῶς

2108 3664 2168 3717 δὲ
2195 3665 2296 3718 οὑκ
2327 3663 2531 3733 ἔγνως,
2556 3665 2720 3734 φησιν
2739 3704 2753 3728 ,
2779 3664 2860 3717 ὅτι
2891 3662 2920 3714 ὁ
2953 3661 3235 3735 θεωρήσας
3274 3664 3403 3734 ἐμὲ,
3440 3662 3696 3717 τεθέαται

2108 3757 2201 3810 τὸν
2232 3756 2455 3827 Πατέρα
2481 3772 2498 3823 ;
2534 3755 2648 3809 ἀλλ’
2689 3754 2978 3818 Ἰουδαίους
3013 3755 3110 3827 μὲν
3139 3754 3239 3808 οίει
3264 3755 3389 3817 τοὺς
3406 3753 3571 3807 πάλαι
3596 3753 3696 3823 τὴν

2111 3847 2260 3901 θείαν
2285 3849 2341 3901 ἐν
2368 3847 2447 3918 τῷ
2473 3846 2590 3917 ὄρει
2620 3847 2753 3919 Σινᾷ
2779 3845 3068 3900 τεθεᾶσθαι
3095 3842 3276 3916 φύσιν.
3309 3845 3604 3915 ἀκηκοέναι
3633 3860 3696 3896 τε

2109 3938 2378 4011 λαλούσης
2412 3938 2618 4008 αὐτῆς,
2662 3937 2752 3991 ὅτε
2795 3938 2920 4000 τοὺς
2956 3938 3050 3991 ἐπὶ
3072 3939 3185 4001 τοῖς
3208 3936 3502 4006 πρακτέοις
3528 3934 3697 3988 ἐτίθει

2110 4030 2328 4102 νόμους.
2357 4031 2429 4085 Σὺ
2462 4030 2519 4083 δὲ
2545 4028 2698 4083 οὔπω
2731 4027 3009 4097 διετέθης,
3036 4030 3119 4083 ὅτι
3145 4027 3234 4082 τὸν
3258 4027 3479 4098 Πατέρα
3504 4024 3696 4080 τεθέα-

2112 4139 2222 4183 σαι,
2262 4121 2330 4175 δι’
2366 4121 2501 4191 ἐμοῦ
2531 4139 2590 4175 τε
2620 4122 2713 4175 καὶ
2743 4122 2800 4175 ἐν
2824 4120 2965 4192 ἐμοί.
3009 4141 3028 4173 ι
3067 4120 3125 4174 Ὀ
3152 4121 3261 4191 γὰρ
3287 4118 3547 4191 ἑωρακὼς
3568 4119 3693 4189 ἐμὲ,

2111 4212 2325 4285 ἑώρακε
2380 4213 2471 4266 τὸν
2515 4212 2754 4282 Πατέρα.
2788 4231 2806 4264 ι
2864 4211 2976 4265 Καὶ
3010 4212 3092 4265 ὅτι
3139 4209 3238 4282 μὲν
3273 4208 3334 4263 οὑ
3370 4209 3695 4280 σωματικήν

2110 4325 2232 4362 τινα
2264 4307 2497 4384 θεωρίαν
2536 4308 2668 4378 ἡμῖν
2691 4302 3356 4376 κατασημαίνειΧριστδς,
3378 4301 3439 4354 οὑ
3465 4300 3696 4372 μακρῶν

2111 4393 2267 4468 οἴμαι
2314 4397 2593 4470 δεδεῆσθαι
2629 4395 2801 4464 λόγων
2842 4396 2969 4458 τοὺς
3008 4391 3412 4465 ἀκροωμένους.
3465 4391 3538 4443 Οὑ
3582 4388 3699 4461 γὰρ

2112 4492 2178 4546 ἄν
2208 4509 2294 4556 τις
2323 4491 2467 4545 εἴποι
2498 4489 2608 4544 τῶν
2638 4488 2764 4542 νοῦν
2790 4487 3019 4559 ἐχόντων
3039 4528 3054 4553 ,
3091 4486 3189 4558 τὴν
3231 4484 3323 4539 τοῦ
3359 4483 3495 4538 Θεοῦ
3525 4482 3692 4553 φύσιν

2116 4584 2373 4656 θεωρίαις
2399 4580 2720 4637 ὑποκεῖσθαι
2752 4582 3089 4651 σωματικαῖς
3109 4620 3124 4644 ,
3159 4578 3273 4632 ἀλλ’
3296 4578 3417 4631 οὑδέ
3448 4579 3557 4640 τοῖς
3582 4576 3687 4645 τῆς

431 4682 732 4754 percipitur
763 4699 776 4734 :
811 4677 1059 4733 videmus
1092 4677 1236 4732 enim
1273 4683 1535 4744 tanquam
1584 4676 1639 4728 in
1694 4676 1919 4744 speculo
1955 4682 2005 4730 et

2118 4674 2319 4746 σαρκὸς
2352 4673 2653 4744 ὀφθαλμοῖς
2681 4672 2888 4726 κατίδοι
2920 4688 3005 4735 τις
3034 4671 3100 4725 ἂν
3122 4670 3196 4741 ετδ
3221 4669 3297 4733 ὡς
3326 4670 3421 4724 καὶ
3450 4668 3602 4740 μόλις
3634 4669 3699 4721 ἐν

430 4776 488 4830 in
522 4773 814 4843 aenigmate
836 4772 882 4803 "
903 4788 918 4838 ;
942 4776 997 4824 et
1032 4768 1221 4839 jejnne
1254 4766 1547 4822 admodum
1582 4781 1778 4837 sapere
1800 4766 1867 4822 de
1897 4766 2005 4823 Deo

2115 4767 2366 4837 ἐσόπτρῳ
2408 4763 2780 4836 καταληπτόν·
2822 4762 3093 4833 βλέτλιμεν
3138 4761 3279 4833 γὰρ,
3312 4761 3387 4824 ὡς
3415 4762 3474 4814 ἐν
3518 4759 3702 4829 αἰνίγ-

434 4866 676 4923 arbitror
718 4879 842 4920 eum
898 4863 991 4934 qui
1025 4863 1112 4919 vel
1167 4874 1420 4933 magnam
1474 4859 1578 4914 sibi
1632 4859 2005 4929 cognitionem

2118 4875 2249 4930 ματι
2274 4875 2289 4888 ·
2319 4857 2415 4911 καὶ
2461 4855 2633 4928 μικρὰ
2677 4857 2892 4926 φρονεῖν
2921 4850 3075 4925 οἶμαι
3123 4854 3250 4925 περὶ
3292 4851 3428 4907 Θεοῦ
3476 4852 3570 4905 καὶ
3599 4851 3698 4906 τδν

433 4960 582 5015 illius
618 4956 885 5013 venditet.
912 4955 1054 5009 ιιιυά
1105 4963 1287 5008 tamen
1318 4951 1572 5007 veritatis
1621 4951 1878 5007 hostibus
1912 4952 2005 5022 qui

2114 4951 2234 5004 λίαν
2264 4949 2475 5021 μεγάλῃ
2500 4947 2843 5019 ἐπαυχοῦντα
2881 4947 3098 5016 γνώσει.
3130 4946 3276 5017 Πλὴν
3302 4946 3477 4998 ἐκεῖνο
3501 4945 3565 5018 δὴ
3594 4945 3699 4999 πά-

432 5050 678 5120 iinguam
731 5061 885 5103 suam
934 5046 989 5100 in
1035 5060 1160 5109 nos,
1204 5045 1310 5099 imo
1343 5058 1473 5097 vero
1522 5041 1789 5098 adversus
1830 5042 2005 5113 ipsam

2115 5039 2198 5093 λιν
2227 5041 2340 5102 τοῖς
2365 5039 2464 5107 τῆς
2501 5037 2756 5109 ἀληθείας
2797 5036 3028 5108 ἐροῦμεν
3058 5036 3268 5108 ἐχθροῖς
3289 5077 3303 5099 ,
3350 5036 3400 5088 οἳ
3432 5035 3697 5088 πλατεῖαν

436 5139 717 5211 Unigeniti
774 5137 1141 5194 substantiam
1199 5142 1423 5200 acuunt,
1456 5150 1657 5189 rursus
1706 5133 1906 5188 dicam.
1949 5131 2005 5189 Si

2112 5131 2296 5202 ἔχουσι
2319 5128 2441 5183 καθ’
2476 5126 2632 5199 ἡμῶν
2668 5126 2766 5198 τὴν
2797 5126 3042 5195 γλῶτταν
3062 5168 3076 5195 ,
3128 5128 3326 5199 μᾶλλον
3355 5127 3413 5180 δέ
3443 5127 3564 5180 κατ’
3594 5126 3697 5178 αὑ-

434 5247 544 5285 ηοη
571 5238 655 5284 est
676 5245 741 5284 ex
773 5229 891 5300 ipsa
928 5228 1021 5284 Dei
1051 5243 1116 5283 ac
1146 5226 1327 5281 Patris
1360 5226 1672 5280 substantia
1703 5223 2005 5297 Filius,per

2110 5222 2212 5293 τῆς
2238 5222 2338 5292 τῆς
2360 5221 2545 5283 οὐσίας
2572 5218 2666 5273 τοῦ
2695 5219 3051 5289 Μονογενοῦς.
3105 5219 3167 5274 EE
3197 5219 3306 5291 γὰρ
3338 5218 3413 5290 μὴ
3435 5219 3494 5285 ἐξ
3522 5218 3697 5288 αὐτῆς

434 5320 839 5393 generationem
869 5323 1144 5377 exsistens
1168 5318 1220 5374 id
1244 5316 1390 5390 quod
1422 5325 1528 5380 est,
1557 5316 1699 5373 Deus
1723 5319 2005 5383 nimirum,

2110 5317 2212 5386 τῆς
2248 5314 2435 5377 οὑσίας
2463 5312 2559 5367 τοῦ
2588 5312 2724 5366 Θεοῦ
2755 5314 2850 5366 καὶ
2875 5313 3088 5383 Πατρός
3126 5314 3273 5366 ἐστιν
3310 5313 3339 5365 ό
3364 5310 3521 5375 Υἱὸς,
3566 5326 3697 5379 γενκ

435 5421 490 5470 et
534 5411 838 5467 secundum
874 5418 1127 5466 naturam
1171 5427 1235 5467 ac
1290 5425 1438 5474 vere,
1471 5408 1566 5463 sed
1617 5417 1843 5465 externa
1881 5419 2006 5467 tan-

439 5502 718 5562 tummodo
778 5501 962 5571 specie
1014 5517 1335 5566 coruscans,
1379 5509 1433 5556 et
1463 5500 1763 5555 adventitia
1803 5503 2003 5572 gloria,

509 5684 550 5716 "
586 5678 746 5736 .loan.
784 5695 896 5744 xxv,
928 5679 1015 5735 10.
1092 5682 1136 5713 ”
1169 5678 1188 5734 l
1228 5681 1357 5737 Cor.
1395 5697 1527 5745 xm,
1570 5679 1657 5734 i2.

2114 5408 2291 5482 νητῶς
2323 5408 2585 5479 ὑπάρχων
2613 5405 2761 5461 τοῦθ’
2788 5407 2926 5478 ὅπερ
2951 5406 3097 5472 ἐστὶ,
3129 5405 3260 5469 Θεὸς
3295 5403 3561 5475 δηλονότι,
3587 5402 3688 5458 καὶ

2122 5501 2265 5556 κατὰ
2311 5499 2503 5570 φύσιν,
2554 5500 2646 5555 καὶ
2693 5498 2937 5568 ἀληθῶς,
3002 5498 3181 5569 μόνοις
3222 5497 3278 5551 δὲ
3331 5500 3440 5561 τοῖς
3490 5494 3696 5559 ἔξωθεν
