4042 6204
400 254 505 314 205

1428 267 1494 322 ΙΝ
1524 267 1809 327 JOANNIS
1849 268 2297 328 EVANGELIUM
2342 272 2473 329 LIB.
2501 272 2591 328 IX.

3557 290 3663 346 206

400 380 807 450 ἀγλαῑζόμενος
838 384 1104 454 σχήμασι,
1145 386 1239 439 καὶ
1265 386 1383 452 ταῖς
1410 391 1757 458 ἐπεισάκτοις
1780 394 1966 465 λελαμι

2084 408 2193 448 non
2226 403 2405 450 autem
2440 397 2792 456 naturalibus
2845 400 3260 474 dignationibus
3306 410 3662 482 conspicuus,

397 471 710 542 πρυσμὲνος
741 473 1044 541 εὐκλείαις,
1078 478 1138 530 οὐ
1182 482 1431 547 φυσικοῖς
1476 481 1793 555 διαπρέπων
1821 485 1985 552 ἀξιώ-

401 578 595 633 μασιν,
630 563 689 616 ἐν
732 564 911 635 ἐαυτῷ
936 564 992 618 δὲ
1029 572 1231 638 μορφοῖ
1260 570 1349 624 τὸν
1382 573 1604 645 Πατέρα
1626 614 1641 638 ,
1692 577 1788 630 καὶ
1816 576 1983 630 εἰκών

397 655 545 708 ἐστιν
578 655 993 727 ἀπαράλλακτος
1022 659 1116 712 τοῦ
1169 660 1305 717 Θεοῦ
1327 704 1340 727 ,
1372 665 1589 736 πρῶτον
1633 668 1731 737 μὲν
1768 669 1872 722 οὐκ
1914 668 1982 723 ἂν

399 747 485 816 εἴη
510 745 653 799 κατὰ
689 746 852 816 φύσιν
886 749 1045 815 Υἱὸς,
1081 751 1198 806 ἀλλ’
1246 755 1369 810 οὐδὲ
1412 758 1659 829 γέννημα
1701 762 1820 813 κατ’
1848 761 1981 832 ἁλή-

400 839 581 905 θειαν,
614 840 830 912 ποίημα
854 843 911 897 δέ
940 843 1063 898 καθ’
1095 846 1274 918 ἡμᾶς,
1299 849 1333 920 ἦ
1366 867 1419 904 τι
1451 851 1560 905 τῶν
1581 853 1839 907 τοιούτων
1862 855 1980 915 ἓτεέ

400 947 509 1001 ρον.
536 928 610 987 Οὗ
638 935 1090 1008 παραδεχθέντος,
1113 940 1257 997 οὕτω
1278 960 1336 997 τε
1354 943 1500 1015 ἔχειν
1518 949 1974 1017 πεπιστευμένου,

395 1022 677 1089 παντελῶς
710 1025 882 1098 δήπου
926 1031 1150 1086 κάκεῖνο
1195 1035 1443 1106 φήσομεν
1483 1038 1733 1108 ἀληθῶς,
1773 1039 1848 1104 ὡς
1879 1041 1980 1098 οὐκ

395 1115 461 1170 ἂν
492 1117 578 1186 εἴη
609 1117 798 1190 Πατὴρ
826 1121 856 1173 ὁ
889 1122 1080 1194 Πατὴρ
1124 1125 1377 1198 ἐνεργείᾳ
1411 1129 1506 1182 καὶ
1542 1130 1731 1199 φύσει,
1760 1133 1977 1205 θελήσει

393 1207 450 1262 δέ
485 1209 690 1278 μᾶλλον
716 1211 809 1264 καὶ
836 1212 1056 1284 δοκήσει
1087 1217 1272 1287 τυχὸν,
1300 1219 1552 1293 καθάπερ
1584 1219 1678 1277 οὗν
1702 1226 1797 1279 καὶ
1821 1226 1977 1297 ἡμῶν

393 1300 704 1371 ὠνόμασται
732 1305 879 1377 Πατή
890 1323 937 1377 ρ.
963 1303 1096 1361 Εἶτα
1125 1310 1175 1362 τί
1199 1310 1262 1363 τὸ
1281 1311 1530 1367 ἐντεῦθεν
1554 1331 1569 1381 ;
1607 1316 1976 1390 Συνομολογη-

394 1390 639 1461 θήσεται,
674 1394 769 1447 καὶ
800 1394 875 1459 ὡς
901 1395 961 1462 ὲξ
992 1398 1239 1469 ἀνάγκης
1261 1402 1512 1457 ἀνατελεῖ
1534 1406 1697 1476 τριάς
1718 1422 1732 1435 '
1757 1409 1858 1462 οὐκ
1893 1409 1975 1463 ἐτι

391 1483 502 1555 γὰρ
532 1486 664 1557 ἡμῖν
695 1489 729 1558 ἡ
772 1487 903 1555 ἁγία
948 1490 1265 1547 πιστεύεται
1310 1496 1453 1551 κατὰ
1497 1514 1619 1553 τινα
1662 1498 1726 1571 δὴ
1752 1501 1973 1573 τρόπον,

392 1578 541 1647 τρεῖς
565 1578 623 1631 δὲ
658 1580 891 1650 μᾶλλον,
921 1581 997 1646 ὡς
1024 1585 1085 1636 ἐν
1113 1584 1389 1658 ἀλλήλοις,
1447 1589 1549 1644 οὐκ
1575 1592 1976 1665 ἐνυπάρχοντος

392 1669 697 1737 οὐσιωδῶς,
729 1672 960 1727 ἑκάστου
1001 1691 1063 1728 τε
1093 1674 1285 1748 ὥσπερ
1308 1679 1416 1734 τῶν
1449 1681 1729 1753 ὀνομάτων
1770 1688 1852 1750 είς
1880 1688 1975 1740 τὸν

390 1762 586 1816 οἰκεῖον
627 1764 729 1833 τῆς
762 1766 897 1831 ἰδίας
936 1767 1154 1836 φύσεως
1199 1772 1639 1845 ἀναχωροῦντος,
1681 1777 1974 1851 διακεκομ-

2085 486 2179 541 sed
2238 488 2291 541 in
2337 490 2525 559 seipso
2576 489 2794 549 Patrem
2834 496 3113 567 exprimit,
3146 509 3202 555 et
3258 501 3663 571 perfectissima

2081 585 2167 632 est
2202 577 2300 634 Dei
2333 581 2514 651 imago
2541 583 2607 647 ³³,
2642 584 2878 653 primum
2914 590 3136 659 quidem
3172 608 3282 649 non
3330 595 3434 649 erit
3463 612 3663 654 secun-

2081 668 2212 725 dum
2273 681 2529 726 naturam
2585 672 2784 742 Filius,
2832 694 3011 751 neque
3050 697 3179 739 vere
3238 685 3515 755 genitura,
3566 689 3660 746 sed

2081 767 2336 815 creatura
2370 762 2577 831 potius,
2603 765 2770 822 sicuti
2801 783 2925 835 nos,
2947 779 3047 827 aut
3074 773 3283 844 aliquid
3307 776 3455 831 aliud
3477 777 3668 836 istius.

2080 854 2251 906 modi.
2301 851 2424 920 Quo
2458 854 2706 913 admisso
2736 867 2903 931 atque
2930 848 3165 927 credito,
3189 882 3315 922 vere
3348 883 3663 928 asscremus

2078 940 2300 998 Patrem
2345 960 2460 1002 non
2504 962 2628 1005 esse
2667 948 2885 1008 Patrem
2920 964 3046 1011 actu
3081 968 3136 1013 et
3183 968 3403 1027 natura,
3440 964 3534 1020 sed
3568 980 3665 1021 vo-

2080 1033 2290 1092 luntate
2326 1039 2512 1107 potius
2540 1049 2595 1097 et
2621 1043 2906 1113 opinione,
2930 1048 3090 1105 sicuti
3118 1049 3285 1107 Pater
3305 1062 3494 1111 noster
3522 1072 3665 1113 nun-

2078 1136 2314 1196 cupatus
2332 1138 2436 1186 est.
2455 1132 2597 1199 Quid
2618 1150 2749 1192 vero
2775 1137 2906 1193 inde
2927 1142 3180 1213 sequitur
3194 1143 3556 1204 ?Necessario
3572 1148 3664 1203 ad-

2079 1214 2384 1274 mittendus
2409 1222 2516 1279 erit
2541 1222 2777 1281 deorum
2807 1230 2988 1287 ternio
3012 1235 3249 1305 :quippe
3281 1252 3389 1293 non
3420 1239 3662 1312 amplius

2078 1303 2406 1366 Trinitatem
2441 1314 2819 1386 crederemus,
2843 1335 2968 1376 cum
2995 1303 3155 1380 alius,
3170 1303 3227 1381 in
3260 1328 3371 1383 alio
3397 1303 3662 1389 substan—

2079 1400 2285 1456 tialiter
2315 1419 2422 1460 non
2453 1405 2605 1475 insit,
2639 1409 2733 1465 sed
2778 1415 3165 1488 unusquisque
3201 1427 3261 1473 ut
3301 1421 3550 1489 nomine,
3579 1423 3658 1478 ita

2077 1494 2375 1560 peculiaris
2398 1506 2617 1555 naturae
2645 1502 2858 1560 ratione
2881 1506 2950 1561 ab
2978 1507 3090 1563 alio
3121 1524 3352 1579 prorsus
3373 1513 3659 1584 seiunctus

2077 1584 2148 1637 sit
2181 1602 2193 1637 :
2223 1588 2375 1657 cogit
2424 1591 2570 1646 enim
2612 1607 2715 1650 nos
2747 1596 2832 1652 vis
2878 1606 2935 1654 et
2977 1601 3120 1657 ratio
3171 1605 3659 1676 contemplationis

2076 1680 2324 1736 crassius
2352 1681 2422 1737 de
2462 1685 2551 1741 bis
2581 1686 2878 1746 disserere.
2919 1690 3075 1757 Quod
3104 1695 3154 1750 si
3185 1710 3375 1751 verum
3410 1711 3538 1755 esse
3576 1707 3659 1756 at-

2077 1782 2184 1835 que
2216 1769 2291 1825 ita
2322 1787 2383 1827 se
2414 1772 2623 1833 habere
2652 1780 3045 1850 concedemus,
3079 1792 3135 1840 et
3174 1800 3204 1840 a
3237 1787 3333 1843 Dei
3378 1803 3444 1845 ac
3476 1790 3660 1852 Patris

391 1854 554 1923 μένου
583 1870 642 1909 τε
671 1856 765 1909 τοῦ
796 1859 983 1931 ἑτέρου
1010 1862 1285 1928 παντελῶς
1306 1882 1319 1895 ν
1361 1866 1677 1932 ἐκϐιάζεται
1711 1871 1821 1942 γάρ
1853 1889 1966 1937 πως

2075 1858 2387 1915 substantia
2419 1862 2662 1921 alienum
2696 1882 2822 1923 esse
2847 1882 3081 1939 prorsus
3110 1869 3310 1928 Filium
3340 1873 3657 1946 fatebimur,

386 1949 537 2018 ἡμᾶς
563 1952 596 2018 ἡ
620 1949 716 2003 τοῦ
742 1949 1097 2022 θεωρήματος
1119 1953 1371 2026 δύναμις,
1394 1957 1487 2010 καί
1507 1959 1813 2032 παχύτερον
1843 1965 1973 2036 περὶ

388 2039 592 2093 τούτων
631 2043 824 2095 εἰπεῖν.
878 2044 988 2098 Καὶ
1014 2048 1064 2098 εί
1088 2045 1245 2100 τοῦτο
1276 2047 1521 2119 δώσομεν
1550 2051 1816 2125 ὑπάρχειν
1839 2055 1972 2126 ἀλη-

388 2129 498 2197 θὲς,
525 2131 699 2197 οὕτως
721 2152 782 2186 τε
808 2133 950 2205 ἔχειν
972 2136 1229 2208 ἐροῦμεν,
1251 2140 1345 2192 καὶ
1370 2142 1468 2212 τῆς
1493 2143 1679 2207 οὐσίας
1710 2146 1805 2199 τοῦ
1831 2146 1968 2200 Θεοῦ

386 2224 481 2276 καὶ⁵
508 2226 725 2296 Πατρὸς
766 2226 1044 2298 ἀλλότριον
1093 2230 1370 2294 παντελῶς
1416 2235 1834 2307 παραδεξόμεθα
1879 2240 1968 2294 τὸν

384 2313 545 2379 Υἱὸν,
598 2316 718 2380 πῶς
762 2319 824 2372 οὗ
866 2317 1255 2389 διαψεύσεται,
1303 2322 1477 2392 λέγων
1502 2343 1515 2357 ο
1557 2346 1577 2379 t
1616 2329 1674 2382 '0
1706 2331 1969 2401 ἑωρακὼς

383 2405 731 2479 ἐμὲ,ἐώρακε
757 2410 850 2464 τὸν
866 2411 1084 2482 Πατέρα
1106 2430 1150 2477 ς»
1180 2412 1314 2468 Θεοῦ
1336 2417 1446 2488 γὰρ
1462 2418 1799 2491 ὑπάρχοντος
1824 2425 1968 2479 κατὰ

384 2499 553 2569 φύσιν
583 2503 676 2555 τοῦ
716 2505 963 2575 Πατρὸς,
1012 2507 1126 2572 πῶς
1156 2507 1222 2562 ἄν
1248 2511 1379 2581 ἡμῖν
1408 2514 1436 2565 ό
1470 2513 1596 2577 Υἱὸς
1618 2555 1631 2580 ,
1680 2517 1857 2572 καίτοι
1891 2520 1965 2590 μὴ

295 2639 298 2641 .
389 2592 654 2664 ὑπάρχων
685 2594 811 2660 Θεὸς
839 2596 985 2650 κατὰ
1024 2600 1188 2668 φύσιν
1226 2601 1367 2655 κατὰ
1407 2602 1497 2657 τὸν
1531 2603 1755 2659 ἐκείνων
1786 2605 1963 2676 λόγον,

381 2683 549 2751 δείξει
577 2687 638 2739 ὲν
665 2688 842 2760 ἐαυτῷ
881 2689 974 2743 τὸν
1004 2692 1230 2762 Πατέρα
1259 2709 1274 2756 ;
1324 2693 1448 2758 Πῶς
1475 2695 1584 2766 γὰρ
1612 2697 1669 2750 ἐν
1701 2697 1779 2769 τῷ
1807 2716 1968 2768 γεγο-

380 2774 494 2827 νότι
523 2774 584 2827 τὸ
617 2777 692 2846 μὴ
733 2778 956 2846 γεγονὸς
994 2779 1381 2852 θεωρήσομεν,
1426 2784 1485 2837 ἐν
1527 2786 1584 2839 δὲ
1614 2785 1691 2856 τῷ
1735 2787 1809 2858 μὴ
1848 2788 1963 2842 δντι

379 2867 532 2931 ποτε,
566 2869 707 2922 κατά
736 2886 801 2938 γε
831 2869 922 2924 τὸν
945 2870 1041 2924 τοῦ
1072 2873 1404 2943 πεποιῆσθαι
1438 2875 1615 2945 λόγον,
1645 2878 1764 2943 πῶς
1790 2880 1855 2934 ἄν
1879 2898 1965 2945 τις

378 2956 480 3010 ίδοι
519 2959 611 3010 τὸν
652 2959 782 3014 ὅντα
812 2961 901 3015 διὰ
932 2964 1176 3029 παντός;
1226 2965 1320 3036 Μὴ
1354 2966 1465 3037 γάρ
1511 2985 1602 3037 μοι
1642 2967 1847 3037 λεγέτω
1879 2989 1964 3035 τις

2073 1951 2353 2019 quomodo
2390 1969 2503 2010 non
2542 1958 2847 2014 mentietur
2868 1976 2993 2016 cum
3022 1963 3100 2018 ait
3133 1983 3148 2021 :
3189 1986 3207 2018 ι
3239 1966 3346 2033 Qui
3376 1967 3513 2025 vidit
3546 1986 3657 2041 me,

2071 2038 2211 2093 vidit
2234 2051 2286 2097 et
2321 2041 2580 2100 Patrem?
2619 2066 2636 2099 ι
2671 2046 2809 2104 Nam
2852 2066 2983 2107 cum
3014 2051 3181 2110 Pater
3208 2059 3512 2115 secundum
3556 2038 3659 2118 na;

2074 2137 2255 2186 turam
2292 2132 2440 2192 Deus
2463 2136 2557 2202 sit,
2582 2139 2865 2209 quomodo
2889 2140 3087 2210 Filius,
3111 2145 3239 2203 licet
3268 2162 3380 2203 non
3409 2150 3482 2206 sit
3509 2152 3657 2211 Deus

2071 2224 2372 2280 secundum
2406 2237 2763 2298 naturam,ut
2784 2233 2862 2288 illi
2894 2235 3122 2303 .docent,
3142 2239 3198 2293 in
3226 2240 3413 2311 seipso
3433 2240 3654 2301 Patrem

2070 2316 2364 2373 ostendet?
2402 2319 2691 2386 Quomodo
2718 2324 2869 2382 enim
2902 2327 2957 2382 in
2990 2343 3059 2384 eo
3086 2330 3234 2400 quod
3265 2343 3511 2390 creatum
3541 2351 3653 2394 non

2068 2417 2152 2460 est
2174 2407 2226 2462 id
2256 2411 2404 2480 quod
2440 2423 2685 2469 creatum
2718 2426 2804 2472 est
2839 2420 3354 2488 spectabimus,aut
3380 2429 3437 2482 in
3460 2441 3530 2484 eo
3555 2429 3651 2500 qui

2069 2497 2369 2568 aliquando
2396 2517 2504 2556 non
2521 2514 2663 2572 erat,
2677 2514 2952 2575 quatenus
2968 2519 3053 2564 est
3069 2520 3316 2577 creatus,
3333 2514 3379 2571 is
3395 2516 3488 2586 qui
3507 2497 3655 2575 sern-

2069 2602 2166 2658 per
2193 2598 2276 2645 est
2305 2592 2471 2665 778
2512 2594 2833 2652 videbitur?
2864 2598 2941 2654 Ne
2987 2600 3122 2656 mihi
3170 2604 3460 2676 quisquam
3500 2610 3650 2666 enim

2067 2693 2257 2734 eorum
2295 2685 2390 2753 qui
2414 2685 2519 2741 ista
2549 2686 2894 2745 deblaterant
2918 2690 3028 2745 vim
3053 2692 3301 2752 veritatis
3329 2696 3653 2760 adulterans

2066 2771 2235 2835 dicat,
2271 2774 2483 2831 idcirco
2530 2794 2654 2834 esse
2705 2780 2827 2850 ejus
2872 2782 3191 2856 imaginem,
3241 2789 3371 2859 quia
3416 2791 3651 2863 gloriam

2066 2862 2162 2919 Dei
2195 2880 2260 2920 ac
2291 2864 2475 2925 Patris
2527 2869 2725 2939 habet,
2758 2888 2825 2929 ac
2881 2875 3170 2952 virtutem,
3212 2890 3269 2936 et
3323 2862 3652 2954 sapientiam

2065 2957 2207 3027 ejus,
2256 2968 2426 3030 atque
2480 2962 2809 3031 bonitatem,
2849 2975 2905 3021 et
2946 2970 3437 3042 omnipotentiam,
3485 2985 3541 3033 et
3584 2993 3651 3036 ea

377 3049 488 3104 τῶν
507 3054 693 3106 ἐκεῖνα
718 3053 1236 3127 δεδυσφημηκότων,
1265 3057 1365 3129 τὴν
1387 3060 1486 3129 τῆς
1513 3059 1773 3131 ἀληθείας
1793 3078 1964 3115 κατα-

2068 3066 2188 3121 (ιυω
2219 3068 2495 3123 nusquam
2520 3065 2651 3111 sunt
2677 3057 2732 3111 in
2766 3067 2947 3127 ortum
2979 3061 3250 3119 educendi
3278 3074 3648 3138 potestatem:

379 3142 739 3215 σοφιζόμενος
765 3147 1016 3219 δύναμιν,
1045 3150 1121 3214 ὡς
1148 3150 1384 3222 ἐπείπερ
1407 3151 1521 3222 ἔχει
1548 3154 1647 3224 τὴν
1682 3155 1843 3222 δόξαν
1865 3156 1960 3211 τοῦ

2068 3144 2162 3198 sed
2213 3146 2369 3215 prius
2407 3148 2666 3203 ostendat
2697 3157 2884 3205 utrum
2925 3155 3230 3211 secundum
3279 3170 3532 3218 naturam
3565 3164 3647 3220 vi-

372 3232 511 3288 Θεοῦ
563 3237 661 3290 καὶ
694 3237 938 3309 Πατρδς,
980 3241 1082 3311 τήν
1117 3257 1176 3294 τε
1207 3241 1469 3314 δύναμιν,
1504 3245 1600 3300 καὶ
1631 3248 1730 3318 τὴν
1769 3248 1963 3317 σοφίαν

372 3328 563 3392 αὐτοῦ,
591 3332 685 3383 καὶ
708 3330 807 3401 τὴν
840 3332 1153 3403 ἀγαθότητα
1170 3376 1185 3402 ,
1209 3336 1386 3391 καὶτὸ
1410 3341 1830 3410 παντουργικὸν,
1867 3342 1963 3395 καὶ

370 3421 433 3474 τὸ
461 3420 725 3475 δύνασθαι
760 3424 1030 3494 παράγειν
1066 3425 1138 3479 τὰ
1169 3427 1269 3481 οὐκ
1302 3427 1432 3482 ὄντα
1460 3430 1589 3484 ποτὲ
1608 3470 1623 3494 ,
1668 3431 1757 3485 διὰ
1780 3432 1959 3499 τοῦτο,

372 3513 469 3564 καὶ
501 3513 665 3566 εἰκών
688 3514 835 3567 ἐστιν
864 3514 1027 3568 αὑτοῦ
1052 3533 1067 3548 ο
1104 3518 1243 3571 ἀλλὰ
1263 3518 1527 3574 δεικνύτω
1550 3523 1842 3594 πρότερον,
1872 3525 1961 3577 εύ-

372 3603 511 3669 θέως
543 3607 686 3660 κατὰ
712 3607 874 3677 φύσιν
894 3609 1164 3679 φαίνεται,
1185 3612 1280 3667 καὶ
1301 3613 1474 3679 οὕτως
1498 3616 1955 3688 ἀπαραλλάκτως,

368 3697 446 3760 ὡς
478 3698 645 3768 μηδὲν
673 3694 812 3753 εἶναι
838 3700 899 3754 τὸ
937 3702 1157 3757 ἀδικοῦν
1187 3704 1287 3776 τὴν
1315 3705 1550 3761 εἰσάπαν
1576 3709 1671 3762 καὶ⁹
1700 3710 1958 3776 ὁλοτελῶς

370 3789 674 3860 ἐμφέρειαν
703 3792 802 3862 τῆς
830 3792 1037 3857 εἰκόνος
1067 3794 1203 3866 πρὸς
1244 3796 1305 3848 τὸ
1329 3797 1659 3868 ἀρχέτυπον.
1719 3801 1957 3874 Ἀπορή-

372 3899 545 3936 σαντα
576 3883 633 3936 δὲ
674 3884 765 3939 καὶ
818 3885 978 3939 τοῦτο
1013 3886 1280 3942 δεικνύειν
1309 3890 1406 3960 οὐχ
1450 3891 1673 3959 ἑκόντα,
1705 3894 1959 3967 δεύτερον

368 3978 669 4048 αἰτήσομεν
700 3978 909 4043 εἰπεῖν,
958 3981 1110 4043 ποῖος
1151 3980 1217 4034 ἂν
1254 3983 1519 4056 ἐπιτρέψῃ
1549 3984 1740 4055 λόγος,
1781 3988 1959 4043 καίτοι

369 4068 512 4120 κατὰ
539 4067 702 4136 φύσιν
738 4069 840 4123 οὐκ
881 4068 1012 4123 ὄντα
1040 4069 1196 4136 Θεὸν,
1228 4073 1370 4126 κατά
1396 4089 1460 4142 γε
1490 4075 1588 4146 τὴν
1609 4075 1835 4134 ἐνοῦσαν
1861 4079 1959 4133 αὒ-

368 4165 481 4225 τοίς
540 4162 860 4236 βδελυρίαν,
913 4165 981 4219 τὰ
1028 4167 1127 4236 τῆς
1194 4164 1451 4238 θεότητος
1505 4167 1645 4240 ἔργα
1695 4169 1957 4224 δύνασθαι

369 4251 635 4323 πληροῦν.
686 4254 857 4308 Τοῦτο
885 4257 995 4326 γάρ
1024 4258 1173 4308 ἐστιν
1200 4256 1263 4308 τὸ
1293 4257 1482 4327 φέρειν
1514 4257 1613 4328 τὴν
1641 4259 1829 4314 εἰκόνα
1859 4260 1955 4314 τοῦ

369 4343 606 4415 Πατρός.
646 4346 710 4398 Εἰ
740 4346 840 4415 μὲν
865 4344 975 4415 γὰρ
1012 4345 1223 4399 οἴκοθεν
1251 4346 1351 4401 οὐκ
1384 4348 1523 4419 ἔχων
1548 4350 1649 4422 τὴν
1677 4352 1954 4424 ἀρκοῦσαν

370 4438 448 4499 εἰς
475 4437 640 4490 τοῦτο
657 4437 888 4507 δύναμιν
907 4439 936 4491 ό
956 4437 1084 4500 Υἱὸς
1105 4417 1527 4513 δανείζεται-τὴν
1548 4417 1700 4513 παρὰ
1718 4417 1948 4516 Πατρὺς,
1986 4417 2031 4473 D

370 4525 466 4578 καὶ
498 4530 819 4596 χορηγείται
868 4528 997 4599 παρ’
1030 4530 1196 4584 αὐτοῦ
1243 4533 1339 4587 καὶ
1374 4532 1600 4603 σοφίαν,
1636 4535 1730 4588 καὶ
1772 4537 1948 4605 ἰσχὺν,

372 4615 458 4671 ἴνα
488 4617 715 4688 δύνηται
747 4619 1047 4692 κατορθοῦν
1089 4621 1126 4675 ἃ
1162 4623 1256 4676 καὶ
1290 4622 1426 4695 μόνῃ
1454 4626 1687 4695 πρέπειν
1715 4624 1951 4697 ἐροῦμεν

370 4709 434 4778 τῇ
455 4708 550 4761 τοῦ
583 4710 799 4782 Πατρὸς
825 4711 1012 4781 φύσει,
1059 4712 1410 4781 διαψεύσεται
1434 4713 1576 4767 οὕτω
1621 4716 1714 4768 καὶ
1739 4715 1837 4787 τὴν
1868 4719 1949 4770 εί-

366 4798 498 4853 κόνα
528 4801 626 4854 καὶ¹
662 4801 763 4870 τὴν
792 4802 1074 4870 ὁμοίωσιν,
1127 4805 1191 4859 Et
1221 4805 1278 4857 δέ
1312 4804 1604 4876 ψεύδεσθαι
1641 4808 1738 4877 μὲν
1763 4808 1824 4861 οὐ
1850 4808 1952 4862 δώ-

368 4906 533 4960 σομεν
560 4890 761 4954 αὑτὸν,
801 4888 977 4954 οὕτως
1014 4892 1204 4962 ἔχοντα
1235 4893 1487 4967 καθάπερ
1517 4896 1846 4967 εἰρήκαμεν,
1875 4899 1952 4963 ὡς

364 4981 423 5034 δὲ
444 4980 764 5049 ἀληθεύοντι
787 4982 1195 5054 συναινέσομεν,
1213 4985 1382 5057 αὐτὴν
1403 4986 1517 5039 ἅλω
1526 4986 1728 5057 σὸμεθα
1752 4988 1850 5058 τὴν
1868 4990 1956 5043 δύο

365 5071 461 5135 ξαν
490 5073 808 5138 ἀδικοῦντες
832 5074 928 5128 τοῦ
953 5076 1089 5130 Θεοῦ
1115 5077 1209 5131 καὶ
1232 5079 1466 5150 Πατρὺς,
1499 5080 1595 5133 καὶ
1622 5081 1792 5145 ὅπως,
1818 5082 1950 5153 ἐρῶ.

368 5163 442 5216 ’Ἠ
460 5165 571 5236 γὰρ
607 5167 825 5239 ἀνάγκη
858 5167 1062 5236 λέγειν,
1097 5171 1179 5224 ὅτι
1220 5169 1475 5240 ψεύδεται
1510 5171 1607 5242 τὴν
1636 5174 1823 5228 εἰκόνα
1855 5174 1950 5228 τοῦ

362 5255 500 5312 Θεοῦ
522 5260 617 5313 καὶ
638 5262 883 5334 Πατρὸς,
909 5262 1121 5319 οἴκοθεν
1161 5264 1258 5335 μὲν
1291 5264 1389 5318 οὐκ
1421 5263 1561 5337 ἒχων
1591 5266 1691 5337 τὴν
1714 5268 1828 5331 τοῖς
1861 5267 1951 5341 ερ-

364 5365 485 5415 γοις
510 5350 851 5424 ἐξαρκοῦσαν
880 5356 1068 5426 ἰσχὺν,
1093 5357 1219 5429 παρ’
1250 5357 1440 5430 ἐτέρου
1473 5359 1531 5413 δὲ
1561 5359 1767 5432 ταύτην
1789 5379 1953 5433 χορη-

2065 3236 2280 3301 deatur,
2308 3246 2570 3308 tantaque
2610 3256 2710 3310 per
2742 3244 2929 3297 omnia
2978 3245 3366 3317 similitudine,
3408 3261 3468 3309 ut
3508 3255 3650 3313 nihil

2064 3328 2531 3397 perfectissimam
2592 3331 2741 3386 illam
2804 3334 3062 3405 imaginis
3103 3338 3441 3399 labefactare
3470 3347 3651 3416 possit

2064 3418 2133 3472 ad
2179 3419 2532 3490 archetypum
2587 3422 3033 3483 similitudinem.
3085 3429 3240 3496 Quod
3288 3446 3414 3488 cum
3468 3447 3649 3495 osten-

2064 3510 2217 3575 dere,
2246 3511 2334 3566 vel
2361 3512 2408 3568 si
2437 3513 2676 3569 maxime
2710 3515 2864 3580 velit,
2894 3528 3152 3590 nequeat,
3177 3522 3382 3580 iterum
3420 3530 3647 3601 rogabi-

2063 3618 2186 3658 mus
2222 3612 2282 3658 ut
2324 3604 2472 3659 dicat
2493 3596 2609 3675 qua
2659 3608 2897 3675 ratione,
2932 3625 3058 3665 cum
3098 3612 3245 3671 Deus
3287 3631 3400 3673 non
3444 3596 3518 3677 sit
3557 3637 3648 3680 se-

2062 3694 2305 3749 cundum
2378 3704 2671 3765 naturam,
2732 3707 3055 3758 ut’eorum
3133 3704 3458 3767 detestanda
3539 3712 3651 3771 fert

2062 3788 2375 3854 sententia,
2418 3789 2644 3846 deitatis
2698 3800 2881 3848 tamen
2924 3809 3095 3865 opera
3152 3800 3340 3867 possit
3391 3806 3644 3875 exsequi.

2063 3880 2178 3937 Hoc
2214 3882 2358 3937 enim
2403 3891 2489 3938 est
2538 3881 2684 3939 ferre
2720 3882 2901 3942 Patris
2931 3887 3252 3960 imaginem.
3284 3891 3424 3949 Nam
3473 3896 3519 3952 si
3547 3913 3647 3969 po-

2060 3983 2311 4030 testatem
2354 3974 2419 4028 ad
2452 3974 2556 4029 hoc
2591 3975 2957 4033 suilicientem
2995 3994 3027 4033 a
3061 3981 3250 4052 seipso
3272 3999 3381 4040 non
3430 3986 3644 4047 habens

2059 4065 2232 4122 Filius
2256 4081 2376 4120 eam
2409 4082 2439 4120 a
2477 4065 2641 4123 Patre
2673 4078 2973 4137 mutuatur,
3006 4071 3076 4128 ab
3107 4089 3283 4147 eoque
3314 4078 3644 4149 sapientiam

2058 4168 2113 4213 et
2140 4158 2310 4213 robur
2343 4158 2567 4227 accipit,
2618 4167 2678 4214 ut
2725 4176 2988 4232 peragere
3046 4168 3222 4235 possit
3267 4185 3391 4239 qua:
3438 4181 3496 4228 et
3537 4173 3644 4229 soli

2057 4250 2353 4305 convenire
2398 4249 2580 4305 Patris
2622 4259 2836 4307 natura:
2883 4254 3157 4321 dicemus,
3201 4259 3495 4331 imaginem
3536 4263 3645 4321 hoc

2057 4351 2218 4413 pacto
2261 4352 2315 4397 et
2351 4341 2767 4397 similitudinem
2812 4346 3128 4400 mentietur.
3162 4346 3260 4405 Sln
3299 4360 3482 4407 autem
3513 4368 3643 4411 eum

2059 4447 2410 4504 nequaquam
2443 4433 2664 4488 mentiri
2684 4434 3074 4503 concedamus,
3099 4440 3193 4508 qui
3225 4441 3303 4496 ita
3326 4457 3386 4498 se
3416 4443 3638 4515 habeat,

2060 4533 2122 4581 ut
2155 4525 2415 4591 diximus,
2442 4524 2536 4579 sed
2566 4532 2838 4596 tanquam
2891 4543 3020 4584 vera
3054 4530 3261 4588 dicenti
3306 4535 3641 4608 astipulabi-

2059 4634 2207 4682 mur,
2234 4618 2411 4689 ipsam
2445 4616 2541 4672 Dei
2594 4632 2658 4673 ac
2696 4616 2879 4677 Patris
2926 4621 3161 4692 gloriam
3198 4625 3406 4684 violare
3439 4628 3640 4701 depreo

2057 4711 2365 4768 ltendemur
2400 4729 2413 4764 :
2446 4725 2558 4782 quo
2595 4719 2775 4781 pacto,
2806 4713 3011 4770 dicam.
3053 4716 3163 4772 Aut
3215 4719 3362 4775 enim
3415 4737 3644 4783 necesse

2058 4810 2146 4859 est
2178 4804 2366 4860 dicere
2396 4818 2523 4860 eum
2574 4802 2670 4858 Dei
2699 4819 2765 4860 ac
2803 4805 2982 4864 Patris
3017 4811 3274 4866 ementiri
3314 4813 3641 4886 imaginem,

2056 4911 2186 4952 cum
2228 4911 2260 4951 a
2289 4896 2474 4966 seipso
2526 4894 2885 4953 suiﬁcientem
2931 4901 3194 4970 operibus
3228 4904 3338 4958 vim
3390 4921 3500 4962 non
3545 4910 3641 4964 lia-

2056 4990 2205 5053 beat,
2236 4990 2331 5045 sed
2366 4988 2436 5044 ab
2463 4989 2637 5044 altero
2668 4989 2817 5044 illam
2855 4992 3091 5062 accipiat
3120 5011 3133 5045 :
3163 5010 3265 5050 nec
3308 4996 3457 5050 enim
3490 4998 3544 5053 id
3575 5001 3644 5055 de

2057 5081 2358 5154 archetypo
2403 5080 2513 5137 dici
2562 5089 2765 5152 potest.
2814 5081 2925 5138 Aut
2953 5083 3003 5138 si
3039 5099 3170 5140 vere
3219 5086 3468 5154 loquitur
3516 5105 3641 5146 cum

2058 5174 2136 5229 ait
2194 5175 2248 5230 in
2289 5174 2471 5242 seipso
2497 5173 2676 5229 videri
2729 5172 2970 5241 Patrem,
3016 5177 3266 5247 nihilque
3305 5178 3472 5248 plane
3520 5199 3645 5238 esse

2060 5267 2209 5338 quod
2238 5279 2362 5321 eum
2398 5276 2642 5336 separet,
2686 5267 2774 5323 vel
2809 5267 3165 5337 interiectum
3198 5271 3291 5336 sit,
3328 5273 3417 5330 vel
3457 5276 3648 5351 omni-1
3712 5355 3719 5361 Α

2061 5357 2277 5413 modam
2306 5356 2728 5414 similitudinem
2764 5360 3062 5427 adnueret,
3096 5376 3330 5422 necesse
3357 5374 3443 5423 est
3474 5374 3535 5421 ut
3560 5361 3643 5422 vel

364 5441 633 5514 γούμενος
651 5461 666 5476 ο
696 5446 758 5499 οὐ
787 5447 897 5518 γὰρ
923 5448 1068 5502 οὓτω
1094 5450 1157 5503 τὸ
1178 5451 1487 5521 ἀρχέτυπον
1505 5469 1518 5483 ·
1555 5454 1589 5524 ἢ
1620 5453 1779 5525 εἴπερ
1805 5455 1951 5507 ἐστὶν

2067 5452 2256 5509 nolens
2285 5450 2433 5506 dicat
2476 5451 2656 5522 ipsum
2691 5466 2914 5523 quoque
2940 5451 3156 5512 Patrem
3194 5455 3550 5514 adventitiam
3587 5468 3639 5513 et

358 5532 574 5608 ἀληθὴς
617 5540 678 5591 ἐν
717 5540 898 5609 ἐαυτῷ
936 5538 1111 5607 λέγων
1155 5542 1383 5612 δρᾶσθαι
1435 5543 1527 5600 τδν
1565 5545 1811 5616 Πατέρα,
1857 5546 1952 5599 καὶ

2067 5547 2126 5600 ab
2188 5546 2363 5602 altero
2416 5555 2696 5616 acceptam
2750 5545 2954 5603 habere
3001 5547 3285 5606 virtutem.
3339 5549 3433 5604 Sic
3494 5548 3646 5604 enim

441 5712 486 5744 "
529 5712 572 5767 ll
601 5714 726 5771 Cor.
759 5734 832 5785 tv,
869 5719 922 5776 4.
