  <div class='ocr_page' id='page_1' title='image "/cluster/home/n/w/nwhite01/storage/ocr_20150623/74/hvd.32044048207120/109.png"; bbox 0 0 4042 6204; ppageno 0'>
   <div class='ocr_carea' id='block_1_1' title="bbox 375 278 477 333">
    <p class='ocr_par' dir='ltr' id='par_1_1' title="bbox 375 278 477 333">
     <span class='ocr_line' id='line_1_1' title="bbox 375 278 477 333; baseline -0.02 0"><span class='ocrx_word' id='word_1_1' title='bbox 375 278 477 333; x_wconf 72' lang='lat'><strong>9.07</strong></span> 
     </span>
    </p>
   </div>
   <div class='ocr_carea' id='block_1_2' title="bbox 1341 275 2557 338">
    <p class='ocr_par' dir='ltr' id='par_1_2' title="bbox 1341 275 2557 338">
     <span class='ocr_line' id='line_1_2' title="bbox 1341 275 2557 338; baseline 0.005 -9"><span class='ocrx_word' id='word_1_2' title='bbox 1341 277 1395 333; x_wconf 87' lang='lat' dir='ltr'><strong>S.</strong></span> <span class='ocrx_word' id='word_1_3' title='bbox 1421 275 1696 331; x_wconf 67' lang='lat' dir='ltr'><strong>(LYlllLlJ</strong></span> <span class='ocrx_word' id='word_1_4' title='bbox 1733 278 2200 336; x_wconf 69' lang='lat' dir='ltr'><strong>ALEXANDRINI</strong></span> <span class='ocrx_word' id='word_1_5' title='bbox 2241 279 2557 338; x_wconf 73' lang='lat' dir='ltr'><strong>ARClllEP.</strong></span> 
     </span>
    </p>
   </div>
   <div class='ocr_carea' id='block_1_3' title="bbox 3521 281 3629 336">
    <p class='ocr_par' dir='ltr' id='par_1_3' title="bbox 3521 281 3629 336">
     <span class='ocr_line' id='line_1_3' title="bbox 3521 281 3629 336; baseline 0.019 -2"><span class='ocrx_word' id='word_1_6' title='bbox 3521 281 3629 336; x_wconf 73' lang='lat'><strong>‘208</strong></span> 
     </span>
    </p>
   </div>
   <div class='ocr_carea' id='block_1_4' title="bbox 375 391 1949 468">
    <p class='ocr_par' dir='ltr' id='par_1_4' title="bbox 375 391 1947 465">
     <span class='ocr_line' id='line_1_4' title="bbox 375 391 1947 465; baseline -0.002 -15"><span class='ocrx_word' id='word_1_7' title='bbox 375 394 614 462; x_wconf 74' lang='lat' dir='ltr'><strong>seirsnm</strong></span> <span class='ocrx_word' id='word_1_8' title='bbox 644 391 808 446; x_wconf 83' lang='lat' dir='ltr'><strong>nobis</strong></span> <span class='ocrx_word' id='word_1_9' title='bbox 840 391 893 444; x_wconf 89' lang='lat' dir='ltr'><strong>in</strong></span> <span class='ocrx_word' id='word_1_10' title='bbox 929 391 1166 461; x_wconf 87' lang='lat' dir='ltr'><strong>imagine</strong></span> <span class='ocrx_word' id='word_1_11' title='bbox 1206 407 1318 446; x_wconf 73' lang='lat' dir='ltr'><strong>suae</strong></span> <span class='ocrx_word' id='word_1_12' title='bbox 1350 399 1560 448; x_wconf 65' lang='lat' dir='ltr'><strong>natura:</strong></span> <span class='ocrx_word' id='word_1_13' title='bbox 1608 393 1723 447; x_wconf 89' lang='lat' dir='ltr'><strong>sive</strong></span> <span class='ocrx_word' id='word_1_14' title='bbox 1755 393 1947 465; x_wconf 79' lang='lat' dir='ltr'><strong>gloriae</strong></span> 
     </span>
    </p>
   </div>
   <div class='ocr_carea' id='block_1_5' title="bbox 2052 391 3635 468">
    <p class='ocr_par' dir='ltr' id='par_1_5' title="bbox 2052 393 3635 468">
     <span class='ocr_line' id='line_1_5' title="bbox 2052 393 3635 468; baseline 0.003 -20"><span class='ocrx_word' id='word_1_15' title='bbox 2052 396 2198 450; x_wconf 81' lang='grc' dir='ltr'>οὐδὲν</span> <span class='ocrx_word' id='word_1_16' title='bbox 2226 397 2362 460; x_wconf 84' lang='grc' dir='ltr'>ὃλως</span> <span class='ocrx_word' id='word_1_17' title='bbox 2385 393 2524 450; x_wconf 72' lang='grc' dir='ltr'>εἶναι</span> <span class='ocrx_word' id='word_1_18' title='bbox 2550 397 2610 450; x_wconf 84' lang='grc' dir='ltr'>τὺ</span> <span class='ocrx_word' id='word_1_19' title='bbox 2633 395 2945 450; x_wconf 80' lang='grc' dir='ltr'><strong>διαλλάττον</strong></span> <span class='ocrx_word' id='word_1_20' title='bbox 2972 398 3028 451; x_wconf 80' lang='grc' dir='ltr'><strong>ἐν</strong></span> <span class='ocrx_word' id='word_1_21' title='bbox 3051 396 3127 467; x_wconf 86' lang='grc' dir='ltr'><strong>τῷ</strong></span> <span class='ocrx_word' id='word_1_22' title='bbox 3152 395 3432 467; x_wconf 64' lang='grc' dir='ltr'>μεταξῦ,’ἢ</span> <span class='ocrx_word' id='word_1_23' title='bbox 3465 415 3635 468; x_wconf 84' lang='grc' dir='ltr'>παρα-</span> 
     </span>
    </p>
   </div>
   <div class='ocr_carea' id='block_1_6' title="bbox 373 484 1949 555">
    <p class='ocr_par' dir='ltr' id='par_1_6' title="bbox 373 484 1949 555">
     <span class='ocr_line' id='line_1_6' title="bbox 373 484 1949 555; baseline 0 -16"><span class='ocrx_word' id='word_1_24' title='bbox 373 487 543 540; x_wconf 79' lang='lat' dir='ltr'><strong>voluit</strong></span> <span class='ocrx_word' id='word_1_25' title='bbox 595 485 905 540; x_wconf 91' lang='lat' dir='ltr'><strong>ostendere.</strong></span> <span class='ocrx_word' id='word_1_26' title='bbox 963 484 1218 555; x_wconf 85' lang='lat' dir='ltr'><strong>Nunquid</strong></span> <span class='ocrx_word' id='word_1_27' title='bbox 1275 500 1407 555; x_wconf 79' lang='lat' dir='ltr'><strong>ergo</strong></span> <span class='ocrx_word' id='word_1_28' title='bbox 1459 485 1680 550; x_wconf 90' lang='lat' dir='ltr'><strong>videtis,</strong></span> <span class='ocrx_word' id='word_1_29' title='bbox 1736 485 1949 555; x_wconf 90' lang='lat' dir='ltr'><strong>inquiet</strong></span> 
     </span>
    </p>
   </div>
   <div class='ocr_carea' id='block_1_7' title="bbox 371 577 1952 648">
    <p class='ocr_par' dir='ltr' id='par_1_7' title="bbox 371 577 1952 648">
     <span class='ocr_line' id='line_1_7' title="bbox 371 577 1952 648; baseline 0.001 -15"><span class='ocrx_word' id='word_1_30' title='bbox 371 579 438 634; x_wconf 88' lang='lat' dir='ltr'><strong>ad</strong></span> <span class='ocrx_word' id='word_1_31' title='bbox 484 579 610 633; x_wconf 83' lang='lat' dir='ltr'><strong>illos</strong></span> <span class='ocrx_word' id='word_1_32' title='bbox 651 578 880 648; x_wconf 84' lang='lat' dir='ltr'><strong>aliquis,</strong></span> <span class='ocrx_word' id='word_1_33' title='bbox 913 592 1152 648; x_wconf 88' lang='lat' dir='ltr'><strong>quonam</strong></span> <span class='ocrx_word' id='word_1_34' title='bbox 1184 593 1213 631; x_wconf 92' lang='lat' dir='ltr'><strong>a</strong></span> <span class='ocrx_word' id='word_1_35' title='bbox 1252 587 1400 632; x_wconf 86' lang='lat' dir='ltr'><strong>recta</strong></span> <span class='ocrx_word' id='word_1_36' title='bbox 1431 578 1521 633; x_wconf 89' lang='lat' dir='ltr'><strong>via</strong></span> <span class='ocrx_word' id='word_1_37' title='bbox 1570 592 1754 634; x_wconf 87' lang='lat' dir='ltr'><strong>sermo</strong></span> <span class='ocrx_word' id='word_1_38' title='bbox 1786 577 1952 634; x_wconf 84' lang='lat' dir='ltr'><strong>delle-</strong></span> 
     </span>
    </p>
   </div>
   <div class='ocr_carea' id='block_1_8' title="bbox 369 669 1951 740">
    <p class='ocr_par' dir='ltr' id='par_1_8' title="bbox 369 669 1951 740">
     <span class='ocr_line' id='line_1_8' title="bbox 369 669 1951 740; baseline 0.001 -17"><span class='ocrx_word' id='word_1_39' title='bbox 369 679 502 734; x_wconf 90' lang='lat' dir='ltr'><strong>ctat,</strong></span> <span class='ocrx_word' id='word_1_40' title='bbox 546 678 602 726; x_wconf 86' lang='lat' dir='ltr'><strong>et</strong></span> <span class='ocrx_word' id='word_1_41' title='bbox 632 679 899 740; x_wconf 88' lang='lat' dir='ltr'><strong>quantum</strong></span> <span class='ocrx_word' id='word_1_42' title='bbox 961 671 1018 724; x_wconf 89' lang='lat' dir='ltr'><strong>in</strong></span> <span class='ocrx_word' id='word_1_43' title='bbox 1072 670 1392 726; x_wconf 71' lang='lat' dir='ltr'><strong>barathrum</strong></span> <span class='ocrx_word' id='word_1_44' title='bbox 1444 671 1579 725; x_wconf 90' lang='lat' dir='ltr'><strong>talia</strong></span> <span class='ocrx_word' id='word_1_45' title='bbox 1645 669 1951 726; x_wconf 85' lang='lat' dir='ltr'><strong>sentientes</strong></span> 
     </span>
    </p>
   </div>
   <div class='ocr_carea' id='block_1_9' title="bbox 373 761 1950 832">
    <p class='ocr_par' dir='ltr' id='par_1_9' title="bbox 373 761 1950 832">
     <span class='ocr_line' id='line_1_9' title="bbox 373 761 1950 832; baseline 0.002 -18"><span class='ocrx_word' id='word_1_46' title='bbox 373 761 717 831; x_wconf 78' lang='lat' dir='ltr'><strong>praecipitet?</strong></span> <span class='ocrx_word' id='word_1_47' title='bbox 757 763 1076 825; x_wconf 83' lang='lat' dir='ltr'><strong>Enimvero,</strong></span> <span class='ocrx_word' id='word_1_48' title='bbox 1111 763 1392 832; x_wconf 84' lang='lat' dir='ltr'><strong>inquiunt,</strong></span> <span class='ocrx_word' id='word_1_49' title='bbox 1455 770 1659 832; x_wconf 69' lang='lat' dir='ltr'><strong>poteSI,</strong></span> <span class='ocrx_word' id='word_1_50' title='bbox 1702 763 1950 832; x_wconf 85' lang='lat' dir='ltr'><strong>quamvis</strong></span> 
     </span>
    </p>
   </div>
   <div class='ocr_carea' id='block_1_10' title="bbox 371 852 1950 925">
    <p class='ocr_par' dir='ltr' id='par_1_10' title="bbox 371 852 1950 925">
     <span class='ocr_line' id='line_1_10' title="bbox 371 852 1950 925; baseline 0 -19"><span class='ocrx_word' id='word_1_51' title='bbox 371 861 591 908; x_wconf 87' lang='lat' dir='ltr'><strong>creatus</strong></span> <span class='ocrx_word' id='word_1_52' title='bbox 622 854 696 908; x_wconf 87' lang='lat' dir='ltr'><strong>sit</strong></span> <span class='ocrx_word' id='word_1_53' title='bbox 728 852 1153 918; x_wconf 75' lang='lat' dir='ltr'><strong>Filius,natura:</strong></span> <span class='ocrx_word' id='word_1_54' title='bbox 1175 853 1376 910; x_wconf 72' lang='lat' dir='ltr'><strong>divina:</strong></span> <span class='ocrx_word' id='word_1_55' title='bbox 1399 868 1570 925; x_wconf 85' lang='lat' dir='ltr'><strong>opera</strong></span> <span class='ocrx_word' id='word_1_56' title='bbox 1597 852 1797 917; x_wconf 82' lang='lat' dir='ltr'><strong>facere,</strong></span> <span class='ocrx_word' id='word_1_57' title='bbox 1825 868 1950 909; x_wconf 88' lang='lat' dir='ltr'><strong>cum</strong></span> 
     </span>
    </p>
   </div>
   <div class='ocr_carea' id='block_1_11' title="bbox 372 939 1950 1012">
    <p class='ocr_par' dir='ltr' id='par_1_11' title="bbox 372 939 1950 1012">
     <span class='ocr_line' id='line_1_11' title="bbox 372 939 1950 1012; baseline 0.003 -18"><span class='ocrx_word' id='word_1_58' title='bbox 372 942 480 997; x_wconf 90' lang='lat' dir='ltr'><strong>Deo</strong></span> <span class='ocrx_word' id='word_1_59' title='bbox 514 955 580 996; x_wconf 89' lang='lat' dir='ltr'><strong>ac</strong></span> <span class='ocrx_word' id='word_1_60' title='bbox 617 939 766 997; x_wconf 86' lang='lat' dir='ltr'><strong>Patri</strong></span> <span class='ocrx_word' id='word_1_61' title='bbox 804 941 881 996; x_wconf 91' lang='lat' dir='ltr'><strong>ita</strong></span> <span class='ocrx_word' id='word_1_62' title='bbox 914 941 1096 998; x_wconf 92' lang='lat' dir='ltr'><strong>visum</strong></span> <span class='ocrx_word' id='word_1_63' title='bbox 1133 941 1225 996; x_wconf 85' lang='lat' dir='ltr'><strong>sit.</strong></span> <span class='ocrx_word' id='word_1_64' title='bbox 1245 942 1316 996; x_wconf 82' lang='lat' dir='ltr'><strong>At</strong></span> <span class='ocrx_word' id='word_1_65' title='bbox 1345 942 1477 1012; x_wconf 90' lang='lat' dir='ltr'><strong>quid</strong></span> <span class='ocrx_word' id='word_1_66' title='bbox 1509 943 1615 998; x_wconf 88' lang='lat' dir='ltr'><strong>hoc</strong></span> <span class='ocrx_word' id='word_1_67' title='bbox 1643 942 1821 1012; x_wconf 79' lang='lat' dir='ltr'><strong>magis</strong></span> <span class='ocrx_word' id='word_1_68' title='bbox 1858 942 1950 998; x_wconf 85' lang='lat' dir='ltr'><strong>im-</strong></span> 
     </span>
    </p>
   </div>
   <div class='ocr_carea' id='block_1_12' title="bbox 369 1032 1951 1104">
    <p class='ocr_par' dir='ltr' id='par_1_12' title="bbox 369 1032 1951 1104">
     <span class='ocr_line' id='line_1_12' title="bbox 369 1032 1951 1104; baseline 0.001 -17"><span class='ocrx_word' id='word_1_69' title='bbox 369 1033 520 1104; x_wconf 89' lang='lat' dir='ltr'><strong>pium</strong></span> <span class='ocrx_word' id='word_1_70' title='bbox 553 1033 665 1088; x_wconf 90' lang='lat' dir='ltr'><strong>diei</strong></span> <span class='ocrx_word' id='word_1_71' title='bbox 715 1032 1106 1103; x_wconf 85' lang='lat' dir='ltr'><strong>potest?Nibil</strong></span> <span class='ocrx_word' id='word_1_72' title='bbox 1141 1033 1289 1088; x_wconf 89' lang='lat' dir='ltr'><strong>enim</strong></span> <span class='ocrx_word' id='word_1_73' title='bbox 1330 1033 1512 1103; x_wconf 87' lang='lat' dir='ltr'><strong>majus</strong></span> <span class='ocrx_word' id='word_1_74' title='bbox 1549 1034 1665 1090; x_wconf 90' lang='lat' dir='ltr'><strong>sive</strong></span> <span class='ocrx_word' id='word_1_75' title='bbox 1697 1034 1821 1104; x_wconf 84' lang='lat' dir='ltr'><strong>plus</strong></span> <span class='ocrx_word' id='word_1_76' title='bbox 1846 1034 1951 1088; x_wconf 88' lang='lat' dir='ltr'><strong>erit</strong></span> 
     </span>
    </p>
   </div>
   <div class='ocr_carea' id='block_1_13' title="bbox 369 1124 1954 1196">
    <p class='ocr_par' dir='ltr' id='par_1_13' title="bbox 369 1124 1954 1196">
     <span class='ocr_line' id='line_1_13' title="bbox 369 1124 1954 1196; baseline 0.001 -18"><span class='ocrx_word' id='word_1_77' title='bbox 369 1126 429 1180; x_wconf 90' lang='lat' dir='ltr'><strong>in</strong></span> <span class='ocrx_word' id='word_1_78' title='bbox 458 1125 569 1180; x_wconf 90' lang='lat' dir='ltr'><strong>Deo</strong></span> <span class='ocrx_word' id='word_1_79' title='bbox 599 1124 862 1196; x_wconf 89' lang='lat' dir='ltr'><strong>deinceps</strong></span> <span class='ocrx_word' id='word_1_80' title='bbox 922 1139 1088 1195; x_wconf 91' lang='lat' dir='ltr'><strong>quam</strong></span> <span class='ocrx_word' id='word_1_81' title='bbox 1147 1133 1424 1190; x_wconf 89' lang='lat' dir='ltr'><strong>creatura,</strong></span> <span class='ocrx_word' id='word_1_82' title='bbox 1459 1125 1590 1180; x_wconf 85' lang='lat' dir='ltr'><strong>licet</strong></span> <span class='ocrx_word' id='word_1_83' title='bbox 1643 1127 1696 1181; x_wconf 88' lang='lat' dir='ltr'><strong>ei</strong></span> <span class='ocrx_word' id='word_1_84' title='bbox 1749 1125 1954 1180; x_wconf 90' lang='lat' dir='ltr'><strong>divini-</strong></span> 
     </span>
    </p>
   </div>
   <div class='ocr_carea' id='block_1_14' title="bbox 368 1217 1952 1289">
    <p class='ocr_par' dir='ltr' id='par_1_14' title="bbox 368 1217 1952 1289">
     <span class='ocr_line' id='line_1_14' title="bbox 368 1217 1952 1289; baseline 0.001 -18"><span class='ocrx_word' id='word_1_85' title='bbox 368 1218 500 1274; x_wconf 88' lang='lat' dir='ltr'><strong>tatis</strong></span> <span class='ocrx_word' id='word_1_86' title='bbox 533 1217 764 1289; x_wconf 77' lang='lat' dir='ltr'><strong>gloriam</strong></span> <span class='ocrx_word' id='word_1_87' title='bbox 801 1231 869 1272; x_wconf 86' lang='lat' dir='ltr'><strong>ac</strong></span> <span class='ocrx_word' id='word_1_88' title='bbox 909 1217 1176 1273; x_wconf 86' lang='lat' dir='ltr'><strong>virtutem</strong></span> <span class='ocrx_word' id='word_1_89' title='bbox 1209 1217 1540 1273; x_wconf 87' lang='lat' dir='ltr'><strong>tribuamus.</strong></span> <span class='ocrx_word' id='word_1_90' title='bbox 1577 1217 1754 1274; x_wconf 87' lang='lat' dir='ltr'><strong>Nemo</strong></span> <span class='ocrx_word' id='word_1_91' title='bbox 1803 1218 1952 1274; x_wconf 90' lang='lat' dir='ltr'><strong>enim</strong></span> 
     </span>
    </p>
   </div>
   <div class='ocr_carea' id='block_1_15' title="bbox 375 1307 1954 1380">
    <p class='ocr_par' dir='ltr' id='par_1_15' title="bbox 375 1307 1954 1380">
     <span class='ocr_line' id='line_1_15' title="bbox 375 1307 1954 1380; baseline 0 -16"><span class='ocrx_word' id='word_1_92' title='bbox 375 1311 482 1365; x_wconf 86' lang='lat' dir='ltr'><strong>sibi</strong></span> <span class='ocrx_word' id='word_1_93' title='bbox 517 1310 720 1366; x_wconf 91' lang='lat' dir='ltr'><strong>mentis</strong></span> <span class='ocrx_word' id='word_1_94' title='bbox 760 1309 947 1379; x_wconf 85' lang='lat' dir='ltr'><strong>inopia</strong></span> <span class='ocrx_word' id='word_1_95' title='bbox 983 1313 1312 1380; x_wconf 87' lang='lat' dir='ltr'><strong>persuadeat</strong></span> <span class='ocrx_word' id='word_1_96' title='bbox 1334 1307 1663 1363; x_wconf 85' lang='lat' dir='ltr'><strong>admirabile</strong></span> <span class='ocrx_word' id='word_1_97' title='bbox 1695 1323 1755 1364; x_wconf 85' lang='lat' dir='ltr'><strong>se</strong></span> <span class='ocrx_word' id='word_1_98' title='bbox 1794 1309 1954 1380; x_wconf 88' lang='lat' dir='ltr'><strong>quid-</strong></span> 
     </span>
    </p>
   </div>
   <div class='ocr_carea' id='block_1_16' title="bbox 378 1399 1954 1470">
    <p class='ocr_par' dir='ltr' id='par_1_16' title="bbox 378 1399 1954 1470">
     <span class='ocr_line' id='line_1_16' title="bbox 378 1399 1954 1470; baseline 0.001 -15"><span class='ocrx_word' id='word_1_99' title='bbox 378 1401 502 1455; x_wconf 87' lang='lat' dir='ltr'><strong>dam</strong></span> <span class='ocrx_word' id='word_1_100' title='bbox 557 1409 612 1456; x_wconf 89' lang='lat' dir='ltr'><strong>et</strong></span> <span class='ocrx_word' id='word_1_101' title='bbox 690 1416 946 1470; x_wconf 89' lang='lat' dir='ltr'><strong>magnum</strong></span> <span class='ocrx_word' id='word_1_102' title='bbox 1007 1400 1075 1455; x_wconf 92' lang='lat' dir='ltr'><strong>de</strong></span> <span class='ocrx_word' id='word_1_103' title='bbox 1136 1399 1277 1455; x_wconf 84' lang='lat' dir='ltr'><strong>Filio</strong></span> <span class='ocrx_word' id='word_1_104' title='bbox 1357 1400 1584 1464; x_wconf 89' lang='lat' dir='ltr'><strong>sentire,</strong></span> <span class='ocrx_word' id='word_1_105' title='bbox 1641 1415 1706 1455; x_wconf 88' lang='lat' dir='ltr'><strong>ac</strong></span> <span class='ocrx_word' id='word_1_106' title='bbox 1768 1399 1954 1457; x_wconf 89' lang='lat' dir='ltr'><strong>dicere</strong></span> 
     </span>
    </p>
   </div>
   <div class='ocr_carea' id='block_1_17' title="bbox 381 1491 1954 1561">
    <p class='ocr_par' dir='ltr' id='par_1_17' title="bbox 381 1491 1954 1561">
     <span class='ocr_line' id='line_1_17' title="bbox 381 1491 1954 1561; baseline -0.001 -14"><span class='ocrx_word' id='word_1_107' title='bbox 381 1491 530 1561; x_wconf 89' lang='lat' dir='ltr'><strong>quod</strong></span> <span class='ocrx_word' id='word_1_108' title='bbox 601 1500 854 1546; x_wconf 85' lang='lat' dir='ltr'><strong>creatura</strong></span> <span class='ocrx_word' id='word_1_109' title='bbox 925 1491 1146 1561; x_wconf 86' lang='lat' dir='ltr'><strong>quidem</strong></span> <span class='ocrx_word' id='word_1_110' title='bbox 1222 1491 1318 1556; x_wconf 88' lang='lat' dir='ltr'><strong>sit,</strong></span> <span class='ocrx_word' id='word_1_111' title='bbox 1385 1491 1482 1546; x_wconf 91' lang='lat' dir='ltr'><strong>sed</strong></span> <span class='ocrx_word' id='word_1_112' title='bbox 1543 1505 1650 1546; x_wconf 87' lang='lat' dir='ltr'><strong>non</strong></span> <span class='ocrx_word' id='word_1_113' title='bbox 1728 1500 1788 1545; x_wconf 91' lang='lat' dir='ltr'><strong>ut</strong></span> <span class='ocrx_word' id='word_1_114' title='bbox 1846 1506 1954 1545; x_wconf 87' lang='lat' dir='ltr'><strong>una</strong></span> 
     </span>
    </p>
   </div>
   <div class='ocr_carea' id='block_1_18' title="bbox 382 1581 1956 1651">
    <p class='ocr_par' dir='ltr' id='par_1_18' title="bbox 382 1581 1956 1651">
     <span class='ocr_line' id='line_1_18' title="bbox 382 1581 1956 1651; baseline -0.001 -13"><span class='ocrx_word' id='word_1_115' title='bbox 382 1590 798 1646; x_wconf 86' lang='lat' dir='ltr'><strong>creaturarum,</strong></span> <span class='ocrx_word' id='word_1_116' title='bbox 857 1582 954 1638; x_wconf 87' lang='lat' dir='ltr'><strong>sed</strong></span> <span class='ocrx_word' id='word_1_117' title='bbox 1013 1581 1138 1650; x_wconf 85' lang='lat' dir='ltr'><strong>ejus</strong></span> <span class='ocrx_word' id='word_1_118' title='bbox 1202 1581 1436 1651; x_wconf 75' lang='lat' dir='ltr'><strong>gloriam</strong></span> <span class='ocrx_word' id='word_1_119' title='bbox 1492 1596 1603 1637; x_wconf 89' lang='lat' dir='ltr'><strong>non</strong></span> <span class='ocrx_word' id='word_1_120' title='bbox 1665 1581 1956 1637; x_wconf 87' lang='lat' dir='ltr'><strong>mediocri-</strong></span> 
     </span>
    </p>
   </div>
   <div class='ocr_carea' id='block_1_19' title="bbox 2053 486 3629 560">
    <p class='ocr_par' dir='ltr' id='par_1_19' title="bbox 2053 486 3629 560">
     <span class='ocr_line' id='line_1_19' title="bbox 2053 486 3629 560; baseline 0.001 -19"><span class='ocrx_word' id='word_1_121' title='bbox 2053 489 2321 559; x_wconf 87' lang='grc' dir='ltr'>χαράττον</span> <span class='ocrx_word' id='word_1_122' title='bbox 2355 489 2456 558; x_wconf 80' lang='grc' dir='ltr'>τὴν</span> <span class='ocrx_word' id='word_1_123' title='bbox 2501 489 2580 551; x_wconf 84' lang='grc' dir='ltr'><strong>είς</strong></span> <span class='ocrx_word' id='word_1_124' title='bbox 2621 487 2766 542; x_wconf 78' lang='grc' dir='ltr'>ἅπαν</span> <span class='ocrx_word' id='word_1_125' title='bbox 2798 487 3128 560; x_wconf 78' lang='grc' dir='ltr'><strong>ἐμφέρειαν,</strong></span> <span class='ocrx_word' id='word_1_126' title='bbox 3177 486 3392 556; x_wconf 81' lang='grc' dir='ltr'><strong>ἀνάγκη</strong></span> <span class='ocrx_word' id='word_1_127' title='bbox 3420 487 3629 552; x_wconf 72' lang='grc' dir='ltr'>λοιπὸν,</span> 
     </span>
    </p>
   </div>
   <div class='ocr_carea' id='block_1_20' title="bbox 2053 580 3635 652">
    <p class='ocr_par' dir='ltr' id='par_1_20' title="bbox 2053 580 3635 652">
     <span class='ocr_line' id='line_1_20' title="bbox 2053 580 3635 652; baseline 0.001 -19"><span class='ocrx_word' id='word_1_128' title='bbox 2053 583 2145 633; x_wconf 80' lang='grc' dir='ltr'><strong>καὶ</strong></span> <span class='ocrx_word' id='word_1_129' title='bbox 2166 582 2260 650; x_wconf 81' lang='grc' dir='ltr'>οὐχ</span> <span class='ocrx_word' id='word_1_130' title='bbox 2283 582 2478 634; x_wconf 78' lang='grc' dir='ltr'>ἑκόντα</span> <span class='ocrx_word' id='word_1_131' title='bbox 2500 583 2696 644; x_wconf 78' lang='grc' dir='ltr'>εἰπεῖν,</span> <span class='ocrx_word' id='word_1_132' title='bbox 2713 581 2796 634; x_wconf 82' lang='grc' dir='ltr'><strong>ὅτι</strong></span> <span class='ocrx_word' id='word_1_133' title='bbox 2817 581 2912 634; x_wconf 72' lang='grc' dir='ltr'><strong>καὶ</strong></span> <span class='ocrx_word' id='word_1_134' title='bbox 2939 580 3100 643; x_wconf 80' lang='grc' dir='ltr'>αὐτὸς</span> <span class='ocrx_word' id='word_1_135' title='bbox 3121 581 3148 632; x_wconf 85' lang='grc' dir='ltr'>ὁ</span> <span class='ocrx_word' id='word_1_136' title='bbox 3173 580 3365 650; x_wconf 80' lang='grc' dir='ltr'>Πατὴρ</span> <span class='ocrx_word' id='word_1_137' title='bbox 3387 581 3635 652; x_wconf 53' lang='grc' dir='ltr'>λέπακτὴν</span> 
     </span>
    </p>
   </div>
   <div class='ocr_carea' id='block_1_21' title="bbox 2051 656 3656 744">
    <p class='ocr_par' dir='ltr' id='par_1_21' title="bbox 2051 656 3656 744">
     <span class='ocr_line' id='line_1_21' title="bbox 2051 656 3656 744; baseline 0 -19"><span class='ocrx_word' id='word_1_138' title='bbox 2051 673 2196 743; x_wconf 77' lang='grc' dir='ltr'>ἔχειν</span> <span class='ocrx_word' id='word_1_139' title='bbox 2228 672 2338 744; x_wconf 78' lang='grc' dir='ltr'>[ῖσ.</span> <span class='ocrx_word' id='word_1_140' title='bbox 2388 672 2525 744; x_wconf 74' lang='grc' dir='ltr'>ἔχει]</span> <span class='ocrx_word' id='word_1_141' title='bbox 2571 674 2665 726; x_wconf 75' lang='grc' dir='ltr'>καὶ</span> <span class='ocrx_word' id='word_1_142' title='bbox 2695 672 2823 744; x_wconf 86' lang='grc' dir='ltr'>παρ’</span> <span class='ocrx_word' id='word_1_143' title='bbox 2847 673 3037 742; x_wconf 80' lang='grc' dir='ltr'>ἑτέρου</span> <span class='ocrx_word' id='word_1_144' title='bbox 3075 672 3174 741; x_wconf 82' lang='grc' dir='ltr'>τὴν</span> <span class='ocrx_word' id='word_1_145' title='bbox 3203 670 3452 742; x_wconf 83' lang='grc' dir='ltr'>δύναμιν.</span> <span class='ocrx_word' id='word_1_146' title='bbox 3478 656 3656 726; x_wconf 78' lang='grc' dir='ltr'>Οῦτω’</span> 
     </span>
    </p>
   </div>
   <div class='ocr_carea' id='block_1_22' title="bbox 2051 761 3632 836">
    <p class='ocr_par' dir='ltr' id='par_1_22' title="bbox 2051 761 3632 836">
     <span class='ocr_line' id='line_1_22' title="bbox 2051 761 3632 836; baseline -0.001 -18"><span class='ocrx_word' id='word_1_147' title='bbox 2051 765 2160 835; x_wconf 85' lang='grc' dir='ltr'>γὰρ</span> <span class='ocrx_word' id='word_1_148' title='bbox 2187 767 2320 836; x_wconf 76' lang='grc' dir='ltr'>ἡμῖν</span> <span class='ocrx_word' id='word_1_149' title='bbox 2342 767 2533 818; x_wconf 79' lang='grc' dir='ltr'>ἑαυτὸν</span> <span class='ocrx_word' id='word_1_150' title='bbox 2563 767 2620 818; x_wconf 80' lang='grc' dir='ltr'><strong>ἐν</strong></span> <span class='ocrx_word' id='word_1_151' title='bbox 2647 767 2714 835; x_wconf 76' lang='grc' dir='ltr'>τῇ</span> <span class='ocrx_word' id='word_1_152' title='bbox 2755 763 2922 816; x_wconf 78' lang='grc' dir='ltr'>εἰκόνι</span> <span class='ocrx_word' id='word_1_153' title='bbox 2948 765 3046 833; x_wconf 83' lang='grc' dir='ltr'>τῆς</span> <span class='ocrx_word' id='word_1_154' title='bbox 3083 762 3218 825; x_wconf 75' lang='grc' dir='ltr'>ἰδίας</span> <span class='ocrx_word' id='word_1_155' title='bbox 3251 761 3486 832; x_wconf 86' lang='grc' dir='ltr'>φύσεως,</span> <span class='ocrx_word' id='word_1_156' title='bbox 3513 765 3632 833; x_wconf 76' lang='grc' dir='ltr'>ἦτοι</span> 
     </span>
    </p>
   </div>
   <div class='ocr_carea' id='block_1_23' title="bbox 2050 849 3632 927">
    <p class='ocr_par' dir='ltr' id='par_1_23' title="bbox 2050 849 3632 927">
     <span class='ocr_line' id='line_1_23' title="bbox 2050 849 3632 927; baseline -0.004 -17"><span class='ocrx_word' id='word_1_157' title='bbox 2050 857 2148 926; x_wconf 83' lang='grc' dir='ltr'>τῆς</span> <span class='ocrx_word' id='word_1_158' title='bbox 2189 855 2346 927; x_wconf 83' lang='grc' dir='ltr'><strong>δόξης</strong></span> <span class='ocrx_word' id='word_1_159' title='bbox 2366 895 2381 921; x_wconf 92' lang='grc'><strong>,</strong></span> <span class='ocrx_word' id='word_1_160' title='bbox 2412 854 2690 927; x_wconf 75' lang='grc' dir='ltr'>ἠϐουλήθη</span> <span class='ocrx_word' id='word_1_161' title='bbox 2713 853 3001 908; x_wconf 81' lang='grc' dir='ltr'><strong>δεικνύειν.</strong></span> <span class='ocrx_word' id='word_1_162' title='bbox 3053 849 3180 924; x_wconf 69' lang='grc' dir='ltr'><strong>Ἆρ’</strong></span> <span class='ocrx_word' id='word_1_163' title='bbox 3206 849 3300 907; x_wconf 82' lang='grc' dir='ltr'>οῦν</span> <span class='ocrx_word' id='word_1_164' title='bbox 3323 853 3421 922; x_wconf 85' lang='grc' dir='ltr'>οὐχ</span> <span class='ocrx_word' id='word_1_165' title='bbox 3447 854 3632 923; x_wconf 78' lang='grc' dir='ltr'>ὁρᾶτε,</span> 
     </span>
    </p>
   </div>
   <div class='ocr_carea' id='block_1_24' title="bbox 2052 943 3637 1019">
    <p class='ocr_par' dir='ltr' id='par_1_24' title="bbox 2052 943 3637 1019">
     <span class='ocr_line' id='line_1_24' title="bbox 2052 943 3637 1019; baseline -0.004 -18"><span class='ocrx_word' id='word_1_166' title='bbox 2052 949 2272 1019; x_wconf 82' lang='grc' dir='ltr'>φήσειεν</span> <span class='ocrx_word' id='word_1_167' title='bbox 2295 947 2361 1002; x_wconf 81' lang='grc' dir='ltr'>ἄν</span> <span class='ocrx_word' id='word_1_168' title='bbox 2403 965 2487 1012; x_wconf 90' lang='grc' dir='ltr'><strong>τις</strong></span> <span class='ocrx_word' id='word_1_169' title='bbox 2512 947 2650 1018; x_wconf 84' lang='grc' dir='ltr'>πρὸς</span> <span class='ocrx_word' id='word_1_170' title='bbox 2681 945 2922 1008; x_wconf 72' lang='grc' dir='ltr'><strong>ἐκείνους</strong></span> <span class='ocrx_word' id='word_1_171' title='bbox 2949 943 3169 1008; x_wconf 78' lang='grc' dir='ltr'>λοιπὸν,</span> <span class='ocrx_word' id='word_1_172' title='bbox 3220 945 3342 998; x_wconf 81' lang='grc' dir='ltr'>ὅποι</span> <span class='ocrx_word' id='word_1_173' title='bbox 3373 943 3505 996; x_wconf 85' lang='grc' dir='ltr'>ποτὲ</span> <span class='ocrx_word' id='word_1_174' title='bbox 3538 943 3637 1014; x_wconf 83' lang='grc' dir='ltr'><strong>βα-</strong></span> 
     </span>
    </p>
   </div>
   <div class='ocr_carea' id='block_1_25' title="bbox 2051 1033 3636 1110">
    <p class='ocr_par' dir='ltr' id='par_1_25' title="bbox 2051 1033 3636 1110">
     <span class='ocr_line' id='line_1_25' title="bbox 2051 1033 3636 1110; baseline -0.004 -18"><span class='ocrx_word' id='word_1_175' title='bbox 2051 1039 2244 1093; x_wconf 87' lang='grc' dir='ltr'>διεῖται</span> <span class='ocrx_word' id='word_1_176' title='bbox 2280 1038 2383 1110; x_wconf 83' lang='grc' dir='ltr'>τῆς</span> <span class='ocrx_word' id='word_1_177' title='bbox 2405 1037 2618 1101; x_wconf 81' lang='grc' dir='ltr'>εὐθείας</span> <span class='ocrx_word' id='word_1_178' title='bbox 2649 1036 2771 1090; x_wconf 83' lang='grc' dir='ltr'>ὀδοῦ</span> <span class='ocrx_word' id='word_1_179' title='bbox 2804 1035 3138 1090; x_wconf 79' lang='grc' dir='ltr'><strong>διεκπίπτων</strong></span> <span class='ocrx_word' id='word_1_180' title='bbox 3163 1036 3192 1088; x_wconf 86' lang='grc' dir='ltr'><strong>ό</strong></span> <span class='ocrx_word' id='word_1_181' title='bbox 3221 1033 3400 1102; x_wconf 81' lang='grc' dir='ltr'><strong>λόγος,</strong></span> <span class='ocrx_word' id='word_1_182' title='bbox 3430 1034 3525 1087; x_wconf 71' lang='grc' dir='ltr'>καὶ</span> <span class='ocrx_word' id='word_1_183' title='bbox 3554 1033 3636 1096; x_wconf 87' lang='grc' dir='ltr'><strong>είς</strong></span> 
     </span>
    </p>
   </div>
   <div class='ocr_carea' id='block_1_26' title="bbox 2051 1121 3633 1200">
    <p class='ocr_par' dir='ltr' id='par_1_26' title="bbox 2051 1121 3633 1200">
     <span class='ocr_line' id='line_1_26' title="bbox 2051 1121 3633 1200; baseline -0.007 -14"><span class='ocrx_word' id='word_1_184' title='bbox 2051 1127 2164 1186; x_wconf 74' lang='grc' dir='ltr'>οἷον</span> <span class='ocrx_word' id='word_1_185' title='bbox 2211 1129 2538 1200; x_wconf 81' lang='grc' dir='ltr'>άποκομίζει</span> <span class='ocrx_word' id='word_1_186' title='bbox 2586 1127 2858 1199; x_wconf 87' lang='grc' dir='ltr'>βάραθρον</span> <span class='ocrx_word' id='word_1_187' title='bbox 2901 1127 3028 1188; x_wconf 74' lang='grc' dir='ltr'>τοὺς</span> <span class='ocrx_word' id='word_1_188' title='bbox 3067 1126 3254 1178; x_wconf 84' lang='grc' dir='ltr'>ἐκεῖνα</span> <span class='ocrx_word' id='word_1_189' title='bbox 3291 1121 3633 1194; x_wconf 88' lang='grc' dir='ltr'>πεφρονηκό-</span> 
     </span>
    </p>
   </div>
   <div class='ocr_carea' id='block_1_27' title="bbox 2051 1211 3635 1284">
    <p class='ocr_par' dir='ltr' id='par_1_27' title="bbox 2051 1211 3635 1284">
     <span class='ocr_line' id='line_1_27' title="bbox 2051 1211 3635 1284; baseline -0.004 -14"><span class='ocrx_word' id='word_1_190' title='bbox 2051 1234 2178 1281; x_wconf 65' lang='lat' dir='ltr'><strong>me:</strong></span> <span class='ocrx_word' id='word_1_191' title='bbox 2224 1216 2382 1270; x_wconf 82' lang='grc' dir='ltr'><strong>Ἀλλὰ</strong></span> <span class='ocrx_word' id='word_1_192' title='bbox 2407 1216 2498 1270; x_wconf 70' lang='grc' dir='ltr'>ναὶ</span> <span class='ocrx_word' id='word_1_193' title='bbox 2519 1255 2532 1280; x_wconf 87' lang='grc'><strong>,</strong></span> <span class='ocrx_word' id='word_1_194' title='bbox 2564 1213 2790 1268; x_wconf 88' lang='grc' dir='ltr'>δύναται</span> <span class='ocrx_word' id='word_1_195' title='bbox 2809 1253 2824 1279; x_wconf 95' lang='grc'><strong>,</strong></span> <span class='ocrx_word' id='word_1_196' title='bbox 2865 1213 3003 1284; x_wconf 74' lang='grc' dir='ltr'>φησὶ</span> <span class='ocrx_word' id='word_1_197' title='bbox 3023 1251 3038 1276; x_wconf 95' lang='grc'><strong>,</strong></span> <span class='ocrx_word' id='word_1_198' title='bbox 3072 1212 3248 1268; x_wconf 90' lang='grc' dir='ltr'>καίτοι</span> <span class='ocrx_word' id='word_1_199' title='bbox 3279 1211 3504 1282; x_wconf 82' lang='grc' dir='ltr'>γενητὸς</span> <span class='ocrx_word' id='word_1_200' title='bbox 3530 1213 3635 1264; x_wconf 84' lang='grc' dir='ltr'><strong>ὑπ-</strong></span> 
     </span>
    </p>
   </div>
   <div class='ocr_carea' id='block_1_28' title="bbox 2053 1301 3636 1378">
    <p class='ocr_par' dir='ltr' id='par_1_28' title="bbox 2053 1301 3636 1378">
     <span class='ocr_line' id='line_1_28' title="bbox 2053 1301 3636 1378; baseline -0.005 -15"><span class='ocrx_word' id='word_1_201' title='bbox 2053 1309 2236 1378; x_wconf 88' lang='grc' dir='ltr'>άρχων</span> <span class='ocrx_word' id='word_1_202' title='bbox 2267 1309 2296 1361; x_wconf 88' lang='grc' dir='ltr'><strong>ό</strong></span> <span class='ocrx_word' id='word_1_203' title='bbox 2330 1306 2457 1370; x_wconf 82' lang='grc' dir='ltr'>Υίδς</span> <span class='ocrx_word' id='word_1_204' title='bbox 2479 1347 2493 1371; x_wconf 93' lang='grc'><strong>,</strong></span> <span class='ocrx_word' id='word_1_205' title='bbox 2531 1307 2600 1360; x_wconf 82' lang='grc' dir='ltr'>τὰ</span> <span class='ocrx_word' id='word_1_206' title='bbox 2627 1307 2726 1376; x_wconf 84' lang='grc' dir='ltr'>τῆς</span> <span class='ocrx_word' id='word_1_207' title='bbox 2753 1305 2970 1375; x_wconf 92' lang='grc' dir='ltr'>φύσεως</span> <span class='ocrx_word' id='word_1_208' title='bbox 3001 1303 3138 1374; x_wconf 76' lang='grc' dir='ltr'>ἔργα</span> <span class='ocrx_word' id='word_1_209' title='bbox 3172 1301 3410 1375; x_wconf 80' lang='grc' dir='ltr'><strong>πληροῦν</strong></span> <span class='ocrx_word' id='word_1_210' title='bbox 3429 1343 3444 1369; x_wconf 90' lang='grc'><strong>,</strong></span> <span class='ocrx_word' id='word_1_211' title='bbox 3476 1302 3636 1369; x_wconf 80' lang='grc' dir='ltr'>δόξαν</span> 
     </span>
    </p>
   </div>
   <div class='ocr_carea' id='block_1_29' title="bbox 2053 1393 3635 1470">
    <p class='ocr_par' dir='ltr' id='par_1_29' title="bbox 2053 1393 3635 1470">
     <span class='ocr_line' id='line_1_29' title="bbox 2053 1393 3635 1470; baseline -0.004 -18"><span class='ocrx_word' id='word_1_212' title='bbox 2053 1399 2196 1452; x_wconf 74' lang='grc' dir='ltr'>οὕτω</span> <span class='ocrx_word' id='word_1_213' title='bbox 2228 1398 2304 1470; x_wconf 86' lang='grc' dir='ltr'><strong>τῷ</strong></span> <span class='ocrx_word' id='word_1_214' title='bbox 2345 1398 2463 1468; x_wconf 85' lang='grc' dir='ltr'><strong>Θεῷ</strong></span> <span class='ocrx_word' id='word_1_215' title='bbox 2499 1397 2595 1451; x_wconf 78' lang='grc' dir='ltr'>καὶ</span> <span class='ocrx_word' id='word_1_216' title='bbox 2634 1396 2829 1469; x_wconf 84' lang='grc' dir='ltr'>Πατρί.</span> <span class='ocrx_word' id='word_1_217' title='bbox 2890 1393 3023 1450; x_wconf 77' lang='grc' dir='ltr'>Εἶτα</span> <span class='ocrx_word' id='word_1_218' title='bbox 3056 1396 3108 1448; x_wconf 89' lang='grc' dir='ltr'><strong>τί</strong></span> <span class='ocrx_word' id='word_1_219' title='bbox 3143 1394 3334 1448; x_wconf 87' lang='grc' dir='ltr'>τούτου</span> <span class='ocrx_word' id='word_1_220' title='bbox 3387 1395 3635 1464; x_wconf 87' lang='grc' dir='ltr'>φανεῖται</span> 
     </span>
    </p>
   </div>
   <div class='ocr_carea' id='block_1_30' title="bbox 2053 1488 3636 1562">
    <p class='ocr_par' dir='ltr' id='par_1_30' title="bbox 2053 1488 3636 1562">
     <span class='ocr_line' id='line_1_30' title="bbox 2053 1488 3636 1562; baseline -0.003 -17"><span class='ocrx_word' id='word_1_221' title='bbox 2053 1492 2114 1545; x_wconf 84' lang='grc' dir='ltr'><strong>τὸ</strong></span> <span class='ocrx_word' id='word_1_222' title='bbox 2138 1492 2592 1562; x_wconf 77' lang='grc' dir='ltr'>δυσσεϐέστερον;</span> <span class='ocrx_word' id='word_1_223' title='bbox 2633 1491 2798 1544; x_wconf 82' lang='grc' dir='ltr'>Οὐδὲν</span> <span class='ocrx_word' id='word_1_224' title='bbox 2827 1491 2936 1560; x_wconf 83' lang='grc' dir='ltr'><strong>γὰρ</strong></span> <span class='ocrx_word' id='word_1_225' title='bbox 2963 1490 3044 1544; x_wconf 74' lang='grc' dir='ltr'>ἔτι</span> <span class='ocrx_word' id='word_1_226' title='bbox 3069 1489 3132 1542; x_wconf 84' lang='grc' dir='ltr'><strong>τὸ</strong></span> <span class='ocrx_word' id='word_1_227' title='bbox 3162 1488 3345 1559; x_wconf 75' lang='grc' dir='ltr'>μεῖζον</span> <span class='ocrx_word' id='word_1_228' title='bbox 3365 1531 3380 1555; x_wconf 88' lang='grc'><strong>,</strong></span> <span class='ocrx_word' id='word_1_229' title='bbox 3425 1489 3545 1560; x_wconf 75' lang='grc' dir='ltr'>ἦτοι</span> <span class='ocrx_word' id='word_1_230' title='bbox 3574 1488 3636 1542; x_wconf 85' lang='grc' dir='ltr'><strong>τὸ</strong></span> 
     </span>
    </p>
   </div>
   <div class='ocr_carea' id='block_1_31' title="bbox 2057 1580 3635 1655">
    <p class='ocr_par' dir='ltr' id='par_1_31' title="bbox 2057 1580 3635 1655">
     <span class='ocr_line' id='line_1_31' title="bbox 2057 1580 3635 1655; baseline -0.002 -19"><span class='ocrx_word' id='word_1_231' title='bbox 2057 1583 2216 1637; x_wconf 84' lang='grc' dir='ltr'>πλέον</span> <span class='ocrx_word' id='word_1_232' title='bbox 2245 1585 2301 1636; x_wconf 86' lang='grc' dir='ltr'><strong>ὲν</strong></span> <span class='ocrx_word' id='word_1_233' title='bbox 2323 1583 2441 1654; x_wconf 85' lang='grc' dir='ltr'>Θεῷ</span> <span class='ocrx_word' id='word_1_234' title='bbox 2462 1582 2613 1655; x_wconf 83' lang='grc' dir='ltr'>παρὰ</span> <span class='ocrx_word' id='word_1_235' title='bbox 2635 1582 2734 1654; x_wconf 79' lang='grc' dir='ltr'>τὴν</span> <span class='ocrx_word' id='word_1_236' title='bbox 2757 1582 2952 1648; x_wconf 83' lang='grc' dir='ltr'>κτίσιν,</span> <span class='ocrx_word' id='word_1_237' title='bbox 2989 1582 3037 1634; x_wconf 86' lang='grc' dir='ltr'><strong>εί</strong></span> <span class='ocrx_word' id='word_1_238' title='bbox 3063 1583 3157 1635; x_wconf 73' lang='grc' dir='ltr'>καὶ</span> <span class='ocrx_word' id='word_1_239' title='bbox 3181 1583 3278 1652; x_wconf 77' lang='grc' dir='ltr'><strong>τὴν</strong></span> <span class='ocrx_word' id='word_1_240' title='bbox 3304 1580 3405 1650; x_wconf 80' lang='grc' dir='ltr'>τῆς</span> <span class='ocrx_word' id='word_1_241' title='bbox 3443 1581 3635 1650; x_wconf 81' lang='grc' dir='ltr'>θεότη-</span> 
     </span>
    </p>
   </div>
   <div class='ocr_carea' id='block_1_32' title="bbox 382 1670 1949 1748">
    <p class='ocr_par' dir='ltr' id='par_1_32' title="bbox 382 1670 1949 1743">
     <span class='ocr_line' id='line_1_32' title="bbox 382 1670 1949 1743; baseline -0.003 -13"><span class='ocrx_word' id='word_1_242' title='bbox 382 1684 466 1730; x_wconf 87' lang='lat' dir='ltr'><strong>ter</strong></span> <span class='ocrx_word' id='word_1_243' title='bbox 505 1689 566 1730; x_wconf 90' lang='lat' dir='ltr'><strong>se</strong></span> <span class='ocrx_word' id='word_1_244' title='bbox 608 1673 814 1728; x_wconf 86' lang='lat' dir='ltr'><strong>violare</strong></span> <span class='ocrx_word' id='word_1_245' title='bbox 867 1673 1164 1743; x_wconf 81' lang='lat' dir='ltr'><strong>intelligat.</strong></span> <span class='ocrx_word' id='word_1_246' title='bbox 1217 1670 1330 1726; x_wconf 89' lang='lat' dir='ltr'><strong>Nec</strong></span> <span class='ocrx_word' id='word_1_247' title='bbox 1391 1672 1540 1726; x_wconf 89' lang='lat' dir='ltr'><strong>enim</strong></span> <span class='ocrx_word' id='word_1_248' title='bbox 1598 1672 1949 1742; x_wconf 74' lang='lat' dir='ltr'><strong>quaerendum</strong></span> 
     </span>
    </p>
   </div>
   <div class='ocr_carea' id='block_1_33' title="bbox 2052 1670 3638 1748">
    <p class='ocr_par' dir='ltr' id='par_1_33' title="bbox 2057 1675 3638 1748">
     <span class='ocr_line' id='line_1_33' title="bbox 2057 1675 3638 1748; baseline -0.001 -17"><span class='ocrx_word' id='word_1_249' title='bbox 2057 1695 2147 1742; x_wconf 87' lang='grc' dir='ltr'>τος</span> <span class='ocrx_word' id='word_1_250' title='bbox 2187 1676 2345 1742; x_wconf 84' lang='grc' dir='ltr'>δόξαν</span> <span class='ocrx_word' id='word_1_251' title='bbox 2391 1693 2450 1731; x_wconf 89' lang='grc' dir='ltr'><strong>τε</strong></span> <span class='ocrx_word' id='word_1_252' title='bbox 2494 1677 2585 1731; x_wconf 79' lang='grc' dir='ltr'><strong>καὶ</strong></span> <span class='ocrx_word' id='word_1_253' title='bbox 2630 1676 2857 1748; x_wconf 89' lang='grc' dir='ltr'>δύναμιν</span> <span class='ocrx_word' id='word_1_254' title='bbox 2907 1677 3044 1748; x_wconf 79' lang='grc' dir='ltr'>αὐτῇ</span> <span class='ocrx_word' id='word_1_255' title='bbox 3097 1677 3487 1748; x_wconf 82' lang='grc' dir='ltr'>περιθήσομεν.</span> <span class='ocrx_word' id='word_1_256' title='bbox 3542 1675 3638 1748; x_wconf 79' lang='grc' dir='ltr'><strong>Μὴ</strong></span> 
     </span>
    </p>
   </div>
   <div class='ocr_carea' id='block_1_34' title="bbox 373 1739 1949 1838">
    <p class='ocr_par' dir='ltr' id='par_1_34' title="bbox 373 1739 1949 1836">
     <span class='ocr_line' id='line_1_34' title="bbox 373 1739 1949 1836; baseline -0.002 -18"><span class='ocrx_word' id='word_1_257' title='bbox 373 1763 539 1836; x_wconf 81' lang='grc'>779</span> <span class='ocrx_word' id='word_1_258' title='bbox 566 1770 750 1818; x_wconf 91' lang='lat' dir='ltr'><strong>utrum</strong></span> <span class='ocrx_word' id='word_1_259' title='bbox 777 1761 1034 1817; x_wconf 79' lang='lat' dir='ltr'><strong>eximiam</strong></span> <span class='ocrx_word' id='word_1_260' title='bbox 1066 1776 1177 1830; x_wconf 75' lang='lat' dir='ltr'><strong>prae</strong></span> <span class='ocrx_word' id='word_1_261' title='bbox 1209 1762 1424 1816; x_wconf 61' lang='lat' dir='ltr'><strong>caneris</strong></span> <span class='ocrx_word' id='word_1_262' title='bbox 1453 1739 1725 1816; x_wconf 81' lang='lat' dir='ltr'><strong>creaturis</strong></span> <span class='ocrx_word' id='word_1_263' title='bbox 1754 1762 1949 1817; x_wconf 89' lang='lat' dir='ltr'><strong>habeat</strong></span> 
     </span>
    </p>
   </div>
   <div class='ocr_carea' id='block_1_35' title="bbox 2052 1739 3637 1838">
    <p class='ocr_par' dir='ltr' id='par_1_35' title="bbox 2054 1739 3637 1838">
     <span class='ocr_line' id='line_1_35' title="bbox 2054 1739 3637 1838; baseline -0.002 -16"><span class='ocrx_word' id='word_1_264' title='bbox 2054 1739 2162 1838; x_wconf 84' lang='grc' dir='ltr'><strong>γάρ</strong></span> <span class='ocrx_word' id='word_1_265' title='bbox 2188 1739 2275 1830; x_wconf 78' lang='grc' dir='ltr'><strong>τίς</strong></span> <span class='ocrx_word' id='word_1_266' title='bbox 2299 1767 2362 1820; x_wconf 85' lang='grc' dir='ltr'><strong>ἐκ</strong></span> <span class='ocrx_word' id='word_1_267' title='bbox 2387 1739 2814 1838; x_wconf 77' lang='grc' dir='ltr'>φρενοϐλαϐείας</span> <span class='ocrx_word' id='word_1_268' title='bbox 2833 1739 3044 1820; x_wconf 46' lang='grc' dir='ltr'>οἰέσθω.</span> <span class='ocrx_word' id='word_1_269' title='bbox 3061 1739 3261 1838; x_wconf 80' lang='grc' dir='ltr'>πολλῆς</span> <span class='ocrx_word' id='word_1_270' title='bbox 3287 1739 3637 1836; x_wconf 70' lang='grc' dir='ltr'>άξίάγαστόν</span> 
     </span>
    </p>
   </div>
   <div class='ocr_carea' id='block_1_36' title="bbox 369 1851 1951 1919">
    <p class='ocr_par' dir='ltr' id='par_1_36' title="bbox 369 1851 1951 1919">
     <span class='ocr_line' id='line_1_36' title="bbox 369 1851 1951 1919; baseline -0.003 -7"><span class='ocrx_word' id='word_1_271' title='bbox 369 1864 627 1912; x_wconf 85' lang='lat' dir='ltr'><strong>naturam</strong></span> <span class='ocrx_word' id='word_1_272' title='bbox 652 1893 666 1919; x_wconf 93' lang='lat'><strong>,</strong></span> <span class='ocrx_word' id='word_1_273' title='bbox 699 1853 796 1909; x_wconf 87' lang='lat' dir='ltr'><strong>sed</strong></span> <span class='ocrx_word' id='word_1_274' title='bbox 823 1861 1011 1908; x_wconf 89' lang='lat' dir='ltr'><strong>utrum</strong></span> <span class='ocrx_word' id='word_1_275' title='bbox 1037 1853 1269 1907; x_wconf 89' lang='lat' dir='ltr'><strong>omnino</strong></span> <span class='ocrx_word' id='word_1_276' title='bbox 1294 1863 1514 1908; x_wconf 88' lang='lat' dir='ltr'><strong>creatus</strong></span> <span class='ocrx_word' id='word_1_277' title='bbox 1542 1853 1634 1908; x_wconf 88' lang='lat' dir='ltr'><strong>sit.</strong></span> <span class='ocrx_word' id='word_1_278' title='bbox 1661 1851 1951 1919; x_wconf 81' lang='lat' dir='ltr'><strong>Quomodo</strong></span> 
     </span>
    </p>
   </div>
   <div class='ocr_carea' id='block_1_37' title="bbox 367 1945 1953 2015">
    <p class='ocr_par' dir='ltr' id='par_1_37' title="bbox 367 1945 1953 2015">
     <span class='ocr_line' id='line_1_37' title="bbox 367 1945 1953 2015; baseline -0.004 -9"><span class='ocrx_word' id='word_1_279' title='bbox 367 1950 513 2008; x_wconf 89' lang='lat' dir='ltr'><strong>enim</strong></span> <span class='ocrx_word' id='word_1_280' title='bbox 548 1958 804 2004; x_wconf 84' lang='lat' dir='ltr'><strong>creatura</strong></span> <span class='ocrx_word' id='word_1_281' title='bbox 843 1961 953 2002; x_wconf 92' lang='lat' dir='ltr'><strong>non</strong></span> <span class='ocrx_word' id='word_1_282' title='bbox 983 1947 1124 2010; x_wconf 90' lang='lat' dir='ltr'><strong>erit,</strong></span> <span class='ocrx_word' id='word_1_283' title='bbox 1163 1945 1209 2000; x_wconf 90' lang='lat' dir='ltr'><strong>si</strong></span> <span class='ocrx_word' id='word_1_284' title='bbox 1256 1954 1645 2001; x_wconf 87' lang='lat' dir='ltr'><strong>creaturarum</strong></span> <span class='ocrx_word' id='word_1_285' title='bbox 1693 1945 1769 2002; x_wconf 87' lang='lat' dir='ltr'><strong>sit</strong></span> <span class='ocrx_word' id='word_1_286' title='bbox 1812 1960 1953 2015; x_wconf 76' lang='lat' dir='ltr'><strong>prae-</strong></span> 
     </span>
    </p>
   </div>
   <div class='ocr_carea' id='block_1_38' title="bbox 369 2035 1951 2108">
    <p class='ocr_par' dir='ltr' id='par_1_38' title="bbox 369 2035 1951 2108">
     <span class='ocr_line' id='line_1_38' title="bbox 369 2035 1951 2108; baseline -0.004 -11"><span class='ocrx_word' id='word_1_287' title='bbox 369 2039 765 2098; x_wconf 85' lang='lat' dir='ltr'><strong>stantissima?</strong></span> <span class='ocrx_word' id='word_1_288' title='bbox 801 2041 870 2094; x_wconf 83' lang='lat' dir='ltr'><strong>At</strong></span> <span class='ocrx_word' id='word_1_289' title='bbox 901 2038 1106 2092; x_wconf 90' lang='lat' dir='ltr'><strong>violata</strong></span> <span class='ocrx_word' id='word_1_290' title='bbox 1133 2035 1260 2090; x_wconf 83' lang='lat' dir='ltr'><strong>Filii</strong></span> <span class='ocrx_word' id='word_1_291' title='bbox 1291 2035 1586 2107; x_wconf 83' lang='lat' dir='ltr'><strong>majestate</strong></span> <span class='ocrx_word' id='word_1_292' title='bbox 1617 2037 1672 2091; x_wconf 88' lang='lat' dir='ltr'><strong>in</strong></span> <span class='ocrx_word' id='word_1_293' title='bbox 1707 2052 1774 2093; x_wconf 92' lang='lat' dir='ltr'><strong>eo</strong></span> <span class='ocrx_word' id='word_1_294' title='bbox 1802 2037 1951 2108; x_wconf 91' lang='lat' dir='ltr'><strong>quod</strong></span> 
     </span>
    </p>
   </div>
   <div class='ocr_carea' id='block_1_39' title="bbox 369 2128 1952 2206">
    <p class='ocr_par' dir='ltr' id='par_1_39' title="bbox 369 2128 1952 2206">
     <span class='ocr_line' id='line_1_39' title="bbox 369 2128 1952 2206; baseline -0.002 -18"><span class='ocrx_word' id='word_1_295' title='bbox 369 2135 550 2206; x_wconf 90' lang='lat' dir='ltr'><strong>ipsum</strong></span> <span class='ocrx_word' id='word_1_296' title='bbox 585 2131 793 2187; x_wconf 85' lang='lat' dir='ltr'><strong>factum</strong></span> <span class='ocrx_word' id='word_1_297' title='bbox 831 2145 957 2187; x_wconf 89' lang='lat' dir='ltr'><strong>esse</strong></span> <span class='ocrx_word' id='word_1_298' title='bbox 990 2130 1219 2193; x_wconf 88' lang='lat' dir='ltr'><strong>dicunt,</strong></span> <span class='ocrx_word' id='word_1_299' title='bbox 1253 2128 1385 2199; x_wconf 89' lang='lat' dir='ltr'><strong>quid</strong></span> <span class='ocrx_word' id='word_1_300' title='bbox 1434 2128 1640 2185; x_wconf 80' lang='lat' dir='ltr'><strong>frustra</strong></span> <span class='ocrx_word' id='word_1_301' title='bbox 1686 2130 1737 2184; x_wconf 89' lang='lat' dir='ltr'><strong>ei</strong></span> <span class='ocrx_word' id='word_1_302' title='bbox 1779 2143 1952 2185; x_wconf 89' lang='lat' dir='ltr'><strong>reme-</strong></span> 
     </span>
    </p>
   </div>
   <div class='ocr_carea' id='block_1_40' title="bbox 281 2221 1948 2295">
    <p class='ocr_par' dir='ltr' id='par_1_40' title="bbox 281 2221 1948 2295">
     <span class='ocr_line' id='line_1_40' title="bbox 281 2221 1948 2295; baseline -0.005 -11"><span class='ocrx_word' id='word_1_303' title='bbox 281 2253 284 2256; x_wconf 93' lang='grc'><strong>·</strong></span> <span class='ocrx_word' id='word_1_304' title='bbox 369 2228 524 2283; x_wconf 89' lang='lat' dir='ltr'><strong>dium</strong></span> <span class='ocrx_word' id='word_1_305' title='bbox 563 2227 734 2281; x_wconf 87' lang='lat' dir='ltr'><strong>veluti</strong></span> <span class='ocrx_word' id='word_1_306' title='bbox 795 2223 1073 2295; x_wconf 87' lang='lat' dir='ltr'><strong>quoddam</strong></span> <span class='ocrx_word' id='word_1_307' title='bbox 1135 2221 1439 2286; x_wconf 88' lang='lat' dir='ltr'><strong>adhibent,</strong></span> <span class='ocrx_word' id='word_1_308' title='bbox 1487 2221 1633 2292; x_wconf 86' lang='lat' dir='ltr'><strong>quod</strong></span> <span class='ocrx_word' id='word_1_309' title='bbox 1689 2221 1948 2276; x_wconf 89' lang='lat' dir='ltr'><strong>nimirum</strong></span> 
     </span>
    </p>
   </div>
   <div class='ocr_carea' id='block_1_41' title="bbox 364 2314 1948 2387">
    <p class='ocr_par' dir='ltr' id='par_1_41' title="bbox 364 2314 1948 2387">
     <span class='ocr_line' id='line_1_41' title="bbox 364 2314 1948 2387; baseline -0.005 -12"><span class='ocrx_word' id='word_1_310' title='bbox 364 2321 547 2377; x_wconf 89' lang='lat' dir='ltr'><strong>locum</strong></span> <span class='ocrx_word' id='word_1_311' title='bbox 605 2327 790 2373; x_wconf 87' lang='lat' dir='ltr'><strong>teneat</strong></span> <span class='ocrx_word' id='word_1_312' title='bbox 846 2316 1186 2387; x_wconf 87' lang='lat' dir='ltr'><strong>reliquorum</strong></span> <span class='ocrx_word' id='word_1_313' title='bbox 1242 2318 1494 2373; x_wconf 82' lang='lat' dir='ltr'><strong>omnium</strong></span> <span class='ocrx_word' id='word_1_314' title='bbox 1550 2314 1948 2386; x_wconf 82' lang='lat' dir='ltr'><strong>praestantissi-</strong></span> 
     </span>
    </p>
   </div>
   <div class='ocr_carea' id='block_1_42' title="bbox 366 2407 1950 2480">
    <p class='ocr_par' dir='ltr' id='par_1_42' title="bbox 366 2407 1950 2480">
     <span class='ocr_line' id='line_1_42' title="bbox 366 2407 1950 2480; baseline -0.003 -14"><span class='ocrx_word' id='word_1_315' title='bbox 366 2409 861 2480; x_wconf 75' lang='lat' dir='ltr'><strong>mumHnjuriam</strong></span> <span class='ocrx_word' id='word_1_316' title='bbox 893 2408 1081 2478; x_wconf 88' lang='lat' dir='ltr'><strong>itaque</strong></span> <span class='ocrx_word' id='word_1_317' title='bbox 1134 2407 1229 2464; x_wconf 91' lang='lat' dir='ltr'><strong>Dei</strong></span> <span class='ocrx_word' id='word_1_318' title='bbox 1275 2423 1339 2463; x_wconf 87' lang='lat' dir='ltr'><strong>ac</strong></span> <span class='ocrx_word' id='word_1_319' title='bbox 1389 2407 1574 2463; x_wconf 84' lang='lat' dir='ltr'><strong>Patris</strong></span> <span class='ocrx_word' id='word_1_320' title='bbox 1625 2407 1950 2464; x_wconf 69' lang='lat' dir='ltr'><strong>substantiae</strong></span> 
     </span>
    </p>
   </div>
   <div class='ocr_carea' id='block_1_43' title="bbox 366 2497 1950 2571">
    <p class='ocr_par' dir='ltr' id='par_1_43' title="bbox 366 2497 1950 2571">
     <span class='ocr_line' id='line_1_43' title="bbox 366 2497 1950 2571; baseline -0.005 -11"><span class='ocrx_word' id='word_1_321' title='bbox 366 2503 671 2568; x_wconf 82' lang='lat' dir='ltr'><strong>faciemus,</strong></span> <span class='ocrx_word' id='word_1_322' title='bbox 706 2509 803 2555; x_wconf 91' lang='lat' dir='ltr'><strong>aut</strong></span> <span class='ocrx_word' id='word_1_323' title='bbox 837 2501 1037 2556; x_wconf 89' lang='lat' dir='ltr'><strong>horum</strong></span> <span class='ocrx_word' id='word_1_324' title='bbox 1073 2499 1412 2571; x_wconf 86' lang='lat' dir='ltr'><strong>agendorum</strong></span> <span class='ocrx_word' id='word_1_325' title='bbox 1445 2508 1776 2571; x_wconf 83' lang='lat' dir='ltr'><strong>potest-atem</strong></span> <span class='ocrx_word' id='word_1_326' title='bbox 1808 2497 1950 2552; x_wconf 83' lang='lat' dir='ltr'><strong>Filio</strong></span> 
     </span>
    </p>
   </div>
   <div class='ocr_carea' id='block_1_44' title="bbox 366 2594 1947 2668">
    <p class='ocr_par' dir='ltr' id='par_1_44' title="bbox 366 2594 1947 2668">
     <span class='ocr_line' id='line_1_44' title="bbox 366 2594 1947 2668; baseline -0.004 -14"><span class='ocrx_word' id='word_1_327' title='bbox 366 2596 687 2668; x_wconf 84' lang='lat' dir='ltr'><strong>al&#39;ﬁngemus</strong></span> <span class='ocrx_word' id='word_1_328' title='bbox 709 2635 725 2661; x_wconf 93' lang='lat'><strong>,</strong></span> <span class='ocrx_word' id='word_1_329' title='bbox 758 2595 854 2666; x_wconf 92' lang='lat' dir='ltr'><strong>qui</strong></span> <span class='ocrx_word' id='word_1_330' title='bbox 886 2603 940 2650; x_wconf 92' lang='lat' dir='ltr'><strong>et</strong></span> <span class='ocrx_word' id='word_1_331' title='bbox 969 2596 1090 2666; x_wconf 91' lang='lat' dir='ltr'><strong>ipse</strong></span> <span class='ocrx_word' id='word_1_332' title='bbox 1119 2603 1338 2651; x_wconf 89' lang='lat' dir='ltr'><strong>creatus</strong></span> <span class='ocrx_word' id='word_1_333' title='bbox 1381 2603 1464 2651; x_wconf 92' lang='lat' dir='ltr'><strong>est</strong></span> <span class='ocrx_word' id='word_1_334' title='bbox 1485 2637 1500 2662; x_wconf 91' lang='lat'><strong>,</strong></span> <span class='ocrx_word' id='word_1_335' title='bbox 1553 2603 1614 2648; x_wconf 92' lang='lat' dir='ltr'><strong>ut</strong></span> <span class='ocrx_word' id='word_1_336' title='bbox 1658 2595 1822 2648; x_wconf 88' lang='lat' dir='ltr'><strong>stulte</strong></span> <span class='ocrx_word' id='word_1_337' title='bbox 1872 2594 1947 2647; x_wconf 87' lang='lat' dir='ltr'><strong>illi</strong></span> 
     </span>
    </p>
   </div>
   <div class='ocr_carea' id='block_1_45' title="bbox 363 2683 1950 2758">
    <p class='ocr_par' dir='ltr' id='par_1_45' title="bbox 363 2683 1950 2758">
     <span class='ocr_line' id='line_1_45' title="bbox 363 2683 1950 2758; baseline -0.002 -18"><span class='ocrx_word' id='word_1_338' title='bbox 363 2686 850 2758; x_wconf 84' lang='lat' dir='ltr'><strong>philosophantur.</strong></span> <span class='ocrx_word' id='word_1_339' title='bbox 905 2683 1012 2739; x_wconf 90' lang='lat' dir='ltr'><strong>Sed</strong></span> <span class='ocrx_word' id='word_1_340' title='bbox 1069 2699 1180 2738; x_wconf 90' lang='lat' dir='ltr'><strong>non</strong></span> <span class='ocrx_word' id='word_1_341' title='bbox 1246 2683 1487 2740; x_wconf 79' lang='lat' dir='ltr'><strong>feremus</strong></span> <span class='ocrx_word' id='word_1_342' title='bbox 1552 2698 1648 2740; x_wconf 88' lang='lat' dir='ltr'><strong>eos</strong></span> <span class='ocrx_word' id='word_1_343' title='bbox 1704 2685 1950 2738; x_wconf 74' lang='lat' dir='ltr'><strong>dit-entes</strong></span> 
     </span>
    </p>
   </div>
   <div class='ocr_carea' id='block_1_46' title="bbox 364 2773 1950 2842">
    <p class='ocr_par' dir='ltr' id='par_1_46' title="bbox 364 2773 1950 2842">
     <span class='ocr_line' id='line_1_46' title="bbox 364 2773 1950 2842; baseline -0.004 -10"><span class='ocrx_word' id='word_1_344' title='bbox 364 2777 598 2842; x_wconf 88' lang='lat' dir='ltr'><strong>Filium,</strong></span> <span class='ocrx_word' id='word_1_345' title='bbox 621 2791 747 2831; x_wconf 88' lang='lat' dir='ltr'><strong>cum</strong></span> <span class='ocrx_word' id='word_1_346' title='bbox 786 2775 1094 2831; x_wconf 88' lang='lat' dir='ltr'><strong>secundum</strong></span> <span class='ocrx_word' id='word_1_347' title='bbox 1125 2782 1380 2828; x_wconf 89' lang='lat' dir='ltr'><strong>naturam</strong></span> <span class='ocrx_word' id='word_1_348' title='bbox 1417 2782 1674 2829; x_wconf 85' lang='lat' dir='ltr'><strong>creatura</strong></span> <span class='ocrx_word' id='word_1_349' title='bbox 1707 2776 1802 2837; x_wconf 88' lang='lat' dir='ltr'><strong>sit,</strong></span> <span class='ocrx_word' id='word_1_350' title='bbox 1835 2773 1950 2828; x_wconf 88' lang='lat' dir='ltr'><strong>dei-</strong></span> 
     </span>
    </p>
   </div>
   <div class='ocr_carea' id='block_1_47' title="bbox 364 2865 1948 2936">
    <p class='ocr_par' dir='ltr' id='par_1_47' title="bbox 364 2865 1948 2936">
     <span class='ocr_line' id='line_1_47' title="bbox 364 2865 1948 2936; baseline -0.005 -12"><span class='ocrx_word' id='word_1_351' title='bbox 364 2869 502 2924; x_wconf 90' lang='lat' dir='ltr'><strong>tatis</strong></span> <span class='ocrx_word' id='word_1_352' title='bbox 550 2875 742 2923; x_wconf 88' lang='lat' dir='ltr'><strong>tamen</strong></span> <span class='ocrx_word' id='word_1_353' title='bbox 793 2881 960 2936; x_wconf 86' lang='lat' dir='ltr'><strong>opera</strong></span> <span class='ocrx_word' id='word_1_354' title='bbox 1007 2865 1225 2928; x_wconf 80' lang='lat' dir='ltr'><strong>facere,</strong></span> <span class='ocrx_word' id='word_1_355' title='bbox 1273 2878 1399 2918; x_wconf 90' lang='lat' dir='ltr'><strong>cum</strong></span> <span class='ocrx_word' id='word_1_356' title='bbox 1443 2865 1522 2919; x_wconf 89' lang='lat' dir='ltr'><strong>ita</strong></span> <span class='ocrx_word' id='word_1_357' title='bbox 1570 2866 1831 2935; x_wconf 90' lang='lat' dir='ltr'><strong>placitum</strong></span> <span class='ocrx_word' id='word_1_358' title='bbox 1875 2865 1948 2920; x_wconf 87' lang='lat' dir='ltr'><strong>sit</strong></span> 
     </span>
    </p>
   </div>
   <div class='ocr_carea' id='block_1_48' title="bbox 365 2952 1947 3024">
    <p class='ocr_par' dir='ltr' id='par_1_48' title="bbox 365 2952 1947 3024">
     <span class='ocr_line' id='line_1_48' title="bbox 365 2952 1947 3024; baseline -0.003 -12"><span class='ocrx_word' id='word_1_359' title='bbox 365 2957 480 3015; x_wconf 89' lang='lat' dir='ltr'><strong>Deo</strong></span> <span class='ocrx_word' id='word_1_360' title='bbox 510 2971 576 3013; x_wconf 88' lang='lat' dir='ltr'><strong>ac</strong></span> <span class='ocrx_word' id='word_1_361' title='bbox 605 2955 780 3010; x_wconf 89' lang='lat' dir='ltr'><strong>Patri.</strong></span> <span class='ocrx_word' id='word_1_362' title='bbox 821 2952 957 3008; x_wconf 86' lang='lat' dir='ltr'><strong>Nam</strong></span> <span class='ocrx_word' id='word_1_363' title='bbox 993 2954 1041 3010; x_wconf 87' lang='lat' dir='ltr'><strong>si</strong></span> <span class='ocrx_word' id='word_1_364' title='bbox 1083 2968 1149 3009; x_wconf 83' lang='lat' dir='ltr'><strong>ex</strong></span> <span class='ocrx_word' id='word_1_365' title='bbox 1196 2953 1482 3024; x_wconf 88' lang='lat' dir='ltr'><strong>Scriptura</strong></span> <span class='ocrx_word' id='word_1_366' title='bbox 1529 2953 1714 3009; x_wconf 85' lang='lat' dir='ltr'><strong>divina</strong></span> <span class='ocrx_word' id='word_1_367' title='bbox 1756 2963 1947 3010; x_wconf 87' lang='lat' dir='ltr'><strong>osten-</strong></span> 
     </span>
    </p>
   </div>
   <div class='ocr_carea' id='block_1_49' title="bbox 367 3043 1947 3118">
    <p class='ocr_par' dir='ltr' id='par_1_49' title="bbox 367 3043 1947 3118">
     <span class='ocr_line' id='line_1_49' title="bbox 367 3043 1947 3118; baseline -0.005 -12"><span class='ocrx_word' id='word_1_368' title='bbox 367 3049 500 3106; x_wconf 85' lang='lat' dir='ltr'><strong>dere</strong></span> <span class='ocrx_word' id='word_1_369' title='bbox 546 3046 604 3102; x_wconf 89' lang='lat' dir='ltr'><strong>id</strong></span> <span class='ocrx_word' id='word_1_370' title='bbox 635 3052 902 3118; x_wconf 88' lang='lat' dir='ltr'><strong>possunt,</strong></span> <span class='ocrx_word' id='word_1_371' title='bbox 935 3043 1085 3115; x_wconf 79' lang='lat' dir='ltr'><strong>quod</strong></span> <span class='ocrx_word' id='word_1_372' title='bbox 1132 3053 1368 3115; x_wconf 88' lang='lat' dir='ltr'><strong>possunt</strong></span> <span class='ocrx_word' id='word_1_373' title='bbox 1409 3043 1726 3115; x_wconf 83' lang='lat' dir='ltr'><strong>proferant,</strong></span> <span class='ocrx_word' id='word_1_374' title='bbox 1761 3053 1818 3100; x_wconf 88' lang='lat' dir='ltr'><strong>et</strong></span> <span class='ocrx_word' id='word_1_375' title='bbox 1863 3044 1947 3098; x_wconf 85' lang='lat' dir='ltr'><strong>in-</strong></span> 
     </span>
    </p>
   </div>
   <div class='ocr_carea' id='block_1_50' title="bbox 366 3132 1943 3210">
    <p class='ocr_par' dir='ltr' id='par_1_50' title="bbox 366 3132 1943 3210">
     <span class='ocr_line' id='line_1_50' title="bbox 366 3132 1943 3210; baseline -0.002 -15"><span class='ocrx_word' id='word_1_376' title='bbox 366 3147 658 3210; x_wconf 89' lang='lat' dir='ltr'><strong>corruptas</strong></span> <span class='ocrx_word' id='word_1_377' title='bbox 686 3137 846 3193; x_wconf 89' lang='lat' dir='ltr'><strong>nobis</strong></span> <span class='ocrx_word' id='word_1_378' title='bbox 876 3143 1200 3192; x_wconf 77' lang='lat' dir='ltr'><strong>sanctorum</strong></span> <span class='ocrx_word' id='word_1_379' title='bbox 1230 3149 1395 3190; x_wconf 86' lang='lat' dir='ltr'><strong>voces</strong></span> <span class='ocrx_word' id='word_1_380' title='bbox 1436 3142 1794 3190; x_wconf 87' lang='lat' dir='ltr'><strong>conservent.</strong></span> <span class='ocrx_word' id='word_1_381' title='bbox 1846 3132 1943 3192; x_wconf 88' lang='lat' dir='ltr'><strong>Sin</strong></span> 
     </span>
    </p>
   </div>
   <div class='ocr_carea' id='block_1_51' title="bbox 367 3227 1942 3294">
    <p class='ocr_par' dir='ltr' id='par_1_51' title="bbox 367 3227 1942 3294">
     <span class='ocr_line' id='line_1_51' title="bbox 367 3227 1942 3294; baseline -0.003 -6"><span class='ocrx_word' id='word_1_382' title='bbox 367 3241 547 3288; x_wconf 88' lang='lat' dir='ltr'><strong>autem</strong></span> <span class='ocrx_word' id='word_1_383' title='bbox 605 3246 673 3287; x_wconf 84' lang='lat' dir='ltr'><strong>ex</strong></span> <span class='ocrx_word' id='word_1_384' title='bbox 729 3244 834 3284; x_wconf 90' lang='lat' dir='ltr'><strong>suo</strong></span> <span class='ocrx_word' id='word_1_385' title='bbox 886 3243 1057 3284; x_wconf 87' lang='lat' dir='ltr'><strong>sensu</strong></span> <span class='ocrx_word' id='word_1_386' title='bbox 1114 3227 1364 3284; x_wconf 88' lang='lat' dir='ltr'><strong>rationes</strong></span> <span class='ocrx_word' id='word_1_387' title='bbox 1419 3227 1942 3294; x_wconf 90' lang='lat' dir='ltr'><strong>comminiscuntur,</strong></span> 
     </span>
    </p>
   </div>
   <div class='ocr_carea' id='block_1_52' title="bbox 366 3318 1950 3390">
    <p class='ocr_par' dir='ltr' id='par_1_52' title="bbox 366 3318 1950 3390">
     <span class='ocr_line' id='line_1_52' title="bbox 366 3318 1950 3390; baseline -0.003 -9"><span class='ocrx_word' id='word_1_388' title='bbox 366 3325 506 3381; x_wconf 86' lang='lat' dir='ltr'><strong>scite</strong></span> <span class='ocrx_word' id='word_1_389' title='bbox 573 3321 863 3378; x_wconf 88' lang='lat' dir='ltr'><strong>dicemus:</strong></span> <span class='ocrx_word' id='word_1_390' title='bbox 897 3339 915 3372; x_wconf 82' lang='grc' dir='ltr'><strong>ι</strong></span> <span class='ocrx_word' id='word_1_391' title='bbox 950 3318 1045 3375; x_wconf 74' lang='lat' dir='ltr'><strong>Vae</strong></span> <span class='ocrx_word' id='word_1_392' title='bbox 1104 3319 1201 3390; x_wconf 86' lang='lat' dir='ltr'><strong>qui</strong></span> <span class='ocrx_word' id='word_1_393' title='bbox 1258 3319 1597 3390; x_wconf 89' lang='lat' dir='ltr'><strong>prophetant</strong></span> <span class='ocrx_word' id='word_1_394' title='bbox 1658 3320 1728 3375; x_wconf 92' lang='lat' dir='ltr'><strong>de</strong></span> <span class='ocrx_word' id='word_1_395' title='bbox 1785 3321 1950 3376; x_wconf 90' lang='lat' dir='ltr'><strong>corde</strong></span> 
     </span>
    </p>
   </div>
   <div class='ocr_carea' id='block_1_53' title="bbox 366 3409 1948 3481">
    <p class='ocr_par' dir='ltr' id='par_1_53' title="bbox 366 3409 1948 3481">
     <span class='ocr_line' id='line_1_53' title="bbox 366 3409 1948 3481; baseline -0.003 -10"><span class='ocrx_word' id='word_1_396' title='bbox 366 3429 470 3471; x_wconf 88' lang='lat' dir='ltr'><strong>suo</strong></span> <span class='ocrx_word' id='word_1_397' title='bbox 497 3413 568 3469; x_wconf 76' lang='lat'><strong>“.</strong></span> <span class='ocrx_word' id='word_1_398' title='bbox 599 3431 619 3466; x_wconf 72' lang='grc' dir='ltr'><strong>ι</strong></span> <span class='ocrx_word' id='word_1_399' title='bbox 650 3413 750 3468; x_wconf 84' lang='lat' dir='ltr'><strong>illa</strong></span> <span class='ocrx_word' id='word_1_400' title='bbox 782 3411 930 3468; x_wconf 89' lang='lat' dir='ltr'><strong>enim</strong></span> <span class='ocrx_word' id='word_1_401' title='bbox 963 3409 1186 3466; x_wconf 84' lang='lat' dir='ltr'><strong>Patrem</strong></span> <span class='ocrx_word' id='word_1_402' title='bbox 1237 3425 1456 3481; x_wconf 87' lang='lat' dir='ltr'><strong>semper</strong></span> <span class='ocrx_word' id='word_1_403' title='bbox 1501 3411 1642 3467; x_wconf 87' lang='lat' dir='ltr'><strong>velle</strong></span> <span class='ocrx_word' id='word_1_404' title='bbox 1679 3411 1948 3467; x_wconf 89' lang='lat' dir='ltr'><strong>concede-</strong></span> 
     </span>
    </p>
   </div>
   <div class='ocr_carea' id='block_1_54' title="bbox 367 3503 1953 3576">
    <p class='ocr_par' dir='ltr' id='par_1_54' title="bbox 367 3503 1953 3576">
     <span class='ocr_line' id='line_1_54' title="bbox 367 3503 1953 3576; baseline -0.002 -15"><span class='ocrx_word' id='word_1_405' title='bbox 367 3521 523 3571; x_wconf 83' lang='lat' dir='ltr'><strong>mus,</strong></span> <span class='ocrx_word' id='word_1_406' title='bbox 557 3521 679 3576; x_wconf 83' lang='lat' dir='ltr'><strong>quae</strong></span> <span class='ocrx_word' id='word_1_407' title='bbox 704 3504 953 3560; x_wconf 88' lang='lat' dir='ltr'><strong>divinam</strong></span> <span class='ocrx_word' id='word_1_408' title='bbox 978 3504 1101 3573; x_wconf 87' lang='lat' dir='ltr'><strong>ejus</strong></span> <span class='ocrx_word' id='word_1_409' title='bbox 1129 3503 1359 3574; x_wconf 76' lang='lat' dir='ltr'><strong>gloriam</strong></span> <span class='ocrx_word' id='word_1_410' title='bbox 1391 3503 1668 3559; x_wconf 89' lang='lat' dir='ltr'><strong>sinceram</strong></span> <span class='ocrx_word' id='word_1_411' title='bbox 1700 3514 1753 3559; x_wconf 89' lang='lat' dir='ltr'><strong>et</strong></span> <span class='ocrx_word' id='word_1_412' title='bbox 1780 3504 1953 3559; x_wconf 89' lang='lat' dir='ltr'><strong>invio-</strong></span> 
     </span>
    </p>
   </div>
   <div class='ocr_carea' id='block_1_55' title="bbox 364 3595 1950 3665">
    <p class='ocr_par' dir='ltr' id='par_1_55' title="bbox 364 3595 1950 3665">
     <span class='ocr_line' id='line_1_55' title="bbox 364 3595 1950 3665; baseline -0.002 -11"><span class='ocrx_word' id='word_1_413' title='bbox 364 3599 534 3654; x_wconf 87' lang='lat' dir='ltr'><strong>latam</strong></span> <span class='ocrx_word' id='word_1_414' title='bbox 565 3610 789 3654; x_wconf 87' lang='lat' dir='ltr'><strong>scrvare</strong></span> <span class='ocrx_word' id='word_1_415' title='bbox 818 3605 1064 3665; x_wconf 88' lang='lat' dir='ltr'><strong>queunt,</strong></span> <span class='ocrx_word' id='word_1_416' title='bbox 1122 3604 1178 3649; x_wconf 90' lang='lat' dir='ltr'><strong>et</strong></span> <span class='ocrx_word' id='word_1_417' title='bbox 1235 3595 1552 3664; x_wconf 89' lang='lat' dir='ltr'><strong>dogmatnm</strong></span> <span class='ocrx_word' id='word_1_418' title='bbox 1602 3611 1724 3664; x_wconf 65' lang='lat' dir='ltr'><strong>quae</strong></span> <span class='ocrx_word' id='word_1_419' title='bbox 1777 3595 1844 3649; x_wconf 89' lang='lat' dir='ltr'><strong>de</strong></span> <span class='ocrx_word' id='word_1_420' title='bbox 1885 3611 1950 3651; x_wconf 92' lang='lat' dir='ltr'><strong>eo</strong></span> 
     </span>
    </p>
   </div>
   <div class='ocr_carea' id='block_1_56' title="bbox 366 3686 1948 3752">
    <p class='ocr_par' dir='ltr' id='par_1_56' title="bbox 366 3686 1948 3752">
     <span class='ocr_line' id='line_1_56' title="bbox 366 3686 1948 3752; baseline -0.005 -4"><span class='ocrx_word' id='word_1_421' title='bbox 366 3699 497 3748; x_wconf 90' lang='lat' dir='ltr'><strong>sunt</strong></span> <span class='ocrx_word' id='word_1_422' title='bbox 527 3696 735 3744; x_wconf 90' lang='lat' dir='ltr'><strong>rectam</strong></span> <span class='ocrx_word' id='word_1_423' title='bbox 772 3687 1047 3740; x_wconf 84' lang='lat' dir='ltr'><strong>rationem</strong></span> <span class='ocrx_word' id='word_1_424' title='bbox 1093 3695 1341 3740; x_wconf 88' lang='lat' dir='ltr'><strong>tuentur.</strong></span> <span class='ocrx_word' id='word_1_425' title='bbox 1393 3687 1692 3752; x_wconf 84' lang='lat' dir='ltr'><strong>Quocirca,</strong></span> <span class='ocrx_word' id='word_1_426' title='bbox 1728 3686 1948 3742; x_wconf 88' lang='lat' dir='ltr'><strong>illorum</strong></span> 
     </span>
    </p>
   </div>
   <div class='ocr_carea' id='block_1_57' title="bbox 365 3777 1949 3849">
    <p class='ocr_par' dir='ltr' id='par_1_57' title="bbox 365 3777 1949 3849">
     <span class='ocr_line' id='line_1_57' title="bbox 365 3777 1949 3849; baseline -0.005 -9"><span class='ocrx_word' id='word_1_427' title='bbox 365 3781 587 3840; x_wconf 87' lang='lat' dir='ltr'><strong>insania</strong></span> <span class='ocrx_word' id='word_1_428' title='bbox 621 3780 807 3835; x_wconf 83' lang='lat' dir='ltr'><strong>valere</strong></span> <span class='ocrx_word' id='word_1_429' title='bbox 851 3778 1044 3849; x_wconf 87' lang='lat' dir='ltr'><strong>jussa,</strong></span> <span class='ocrx_word' id='word_1_430' title='bbox 1090 3777 1160 3833; x_wconf 89' lang='lat' dir='ltr'><strong>ad</strong></span> <span class='ocrx_word' id='word_1_431' title='bbox 1192 3786 1403 3833; x_wconf 86' lang='lat' dir='ltr'><strong>rectam</strong></span> <span class='ocrx_word' id='word_1_432' title='bbox 1437 3777 1505 3834; x_wconf 90' lang='lat' dir='ltr'><strong>de</strong></span> <span class='ocrx_word' id='word_1_433' title='bbox 1542 3793 1608 3834; x_wconf 92' lang='lat' dir='ltr'><strong>eo</strong></span> <span class='ocrx_word' id='word_1_434' title='bbox 1635 3778 1949 3834; x_wconf 87' lang='lat' dir='ltr'><strong>doctrinam</strong></span> 
     </span>
    </p>
   </div>
   <div class='ocr_carea' id='block_1_58' title="bbox 364 3869 1954 3939">
    <p class='ocr_par' dir='ltr' id='par_1_58' title="bbox 364 3869 1954 3939">
     <span class='ocr_line' id='line_1_58' title="bbox 364 3869 1954 3939; baseline -0.004 -7"><span class='ocrx_word' id='word_1_435' title='bbox 364 3881 776 3939; x_wconf 87' lang='lat' dir='ltr'><strong>convertamur,</strong></span> <span class='ocrx_word' id='word_1_436' title='bbox 806 3870 1103 3926; x_wconf 88' lang='lat' dir='ltr'><strong>credentes</strong></span> <span class='ocrx_word' id='word_1_437' title='bbox 1133 3885 1202 3925; x_wconf 80' lang='lat' dir='ltr'><strong>ex</strong></span> <span class='ocrx_word' id='word_1_438' title='bbox 1245 3869 1560 3926; x_wconf 89' lang='lat' dir='ltr'><strong>substantia</strong></span> <span class='ocrx_word' id='word_1_439' title='bbox 1605 3870 1699 3927; x_wconf 89' lang='lat' dir='ltr'><strong>Dei</strong></span> <span class='ocrx_word' id='word_1_440' title='bbox 1742 3886 1806 3927; x_wconf 90' lang='lat' dir='ltr'><strong>ac</strong></span> <span class='ocrx_word' id='word_1_441' title='bbox 1845 3871 1954 3926; x_wconf 90' lang='lat' dir='ltr'><strong>Pa-</strong></span> 
     </span>
    </p>
   </div>
   <div class='ocr_carea' id='block_1_59' title="bbox 367 3960 1952 4036">
    <p class='ocr_par' dir='ltr' id='par_1_59' title="bbox 367 3960 1952 4036">
     <span class='ocr_line' id='line_1_59' title="bbox 367 3960 1952 4036; baseline -0.001 -14"><span class='ocrx_word' id='word_1_442' title='bbox 367 3969 470 4024; x_wconf 86' lang='lat' dir='ltr'><strong>tris</strong></span> <span class='ocrx_word' id='word_1_443' title='bbox 502 3967 747 4036; x_wconf 88' lang='lat' dir='ltr'><strong>genitum</strong></span> <span class='ocrx_word' id='word_1_444' title='bbox 780 3979 905 4021; x_wconf 88' lang='lat' dir='ltr'><strong>esse</strong></span> <span class='ocrx_word' id='word_1_445' title='bbox 934 3960 1142 4018; x_wconf 85' lang='lat' dir='ltr'><strong>Filium</strong></span> <span class='ocrx_word' id='word_1_446' title='bbox 1173 3979 1300 4020; x_wconf 86' lang='lat' dir='ltr'><strong>vere</strong></span> <span class='ocrx_word' id='word_1_447' title='bbox 1321 4004 1337 4029; x_wconf 90' lang='lat'><strong>,</strong></span> <span class='ocrx_word' id='word_1_448' title='bbox 1387 3972 1443 4019; x_wconf 86' lang='lat' dir='ltr'><strong>et</strong></span> <span class='ocrx_word' id='word_1_449' title='bbox 1493 3965 1662 4020; x_wconf 90' lang='lat' dir='ltr'><strong>Deum</strong></span> <span class='ocrx_word' id='word_1_450' title='bbox 1720 3965 1790 4021; x_wconf 90' lang='lat' dir='ltr'><strong>de</strong></span> <span class='ocrx_word' id='word_1_451' title='bbox 1843 3966 1952 4022; x_wconf 87' lang='lat' dir='ltr'><strong>Deo</strong></span> 
     </span>
    </p>
   </div>
   <div class='ocr_carea' id='block_1_60' title="bbox 367 4055 1954 4115">
    <p class='ocr_par' dir='ltr' id='par_1_60' title="bbox 367 4055 1954 4115">
     <span class='ocr_line' id='line_1_60' title="bbox 367 4055 1954 4115; baseline -0.001 0"><span class='ocrx_word' id='word_1_452' title='bbox 367 4057 672 4115; x_wconf 89' lang='lat' dir='ltr'><strong>secundum</strong></span> <span class='ocrx_word' id='word_1_453' title='bbox 705 4063 985 4110; x_wconf 87' lang='lat' dir='ltr'><strong>naturam.</strong></span> <span class='ocrx_word' id='word_1_454' title='bbox 1017 4055 1153 4110; x_wconf 83' lang='lat' dir='ltr'><strong>Cum</strong></span> <span class='ocrx_word' id='word_1_455' title='bbox 1185 4056 1258 4110; x_wconf 91' lang='lat' dir='ltr'><strong>sit</strong></span> <span class='ocrx_word' id='word_1_456' title='bbox 1295 4057 1441 4111; x_wconf 90' lang='lat' dir='ltr'><strong>enim</strong></span> <span class='ocrx_word' id='word_1_457' title='bbox 1474 4057 1764 4113; x_wconf 87' lang='lat' dir='ltr'><strong>character</strong></span> <span class='ocrx_word' id='word_1_458' title='bbox 1792 4066 1847 4114; x_wconf 92' lang='lat' dir='ltr'><strong>et</strong></span> <span class='ocrx_word' id='word_1_459' title='bbox 1887 4059 1954 4114; x_wconf 86' lang='lat' dir='ltr'><strong>si-</strong></span> 
     </span>
    </p>
   </div>
   <div class='ocr_carea' id='block_1_61' title="bbox 367 4146 1949 4217">
    <p class='ocr_par' dir='ltr' id='par_1_61' title="bbox 367 4146 1949 4217">
     <span class='ocr_line' id='line_1_61' title="bbox 367 4146 1949 4217; baseline 0.001 -12"><span class='ocrx_word' id='word_1_460' title='bbox 367 4149 624 4205; x_wconf 89' lang='lat' dir='ltr'><strong>militudo</strong></span> <span class='ocrx_word' id='word_1_461' title='bbox 651 4146 749 4202; x_wconf 89' lang='lat' dir='ltr'><strong>Dei</strong></span> <span class='ocrx_word' id='word_1_462' title='bbox 779 4161 845 4201; x_wconf 87' lang='lat' dir='ltr'><strong>ac</strong></span> <span class='ocrx_word' id='word_1_463' title='bbox 872 4146 1089 4211; x_wconf 87' lang='lat' dir='ltr'><strong>Patris,</strong></span> <span class='ocrx_word' id='word_1_464' title='bbox 1142 4161 1270 4202; x_wconf 86' lang='lat' dir='ltr'><strong>vere</strong></span> <span class='ocrx_word' id='word_1_465' title='bbox 1321 4148 1588 4217; x_wconf 87' lang='lat' dir='ltr'><strong>loquitur,</strong></span> <span class='ocrx_word' id='word_1_466' title='bbox 1647 4165 1772 4205; x_wconf 92' lang='lat' dir='ltr'><strong>cum</strong></span> <span class='ocrx_word' id='word_1_467' title='bbox 1829 4151 1949 4205; x_wconf 90' lang='lat' dir='ltr'><strong>ait:</strong></span> 
     </span>
    </p>
   </div>
   <div class='ocr_carea' id='block_1_62' title="bbox 374 4235 1952 4311">
    <p class='ocr_par' dir='ltr' id='par_1_62' title="bbox 374 4235 1952 4311">
     <span class='ocr_line' id='line_1_62' title="bbox 374 4235 1952 4311; baseline 0.003 -20"><span class='ocrx_word' id='word_1_468' title='bbox 374 4260 391 4291; x_wconf 78' lang='grc' dir='ltr'><strong>ι</strong></span> <span class='ocrx_word' id='word_1_469' title='bbox 415 4239 523 4307; x_wconf 85' lang='lat' dir='ltr'><strong>Qui</strong></span> <span class='ocrx_word' id='word_1_470' title='bbox 553 4238 694 4294; x_wconf 90' lang='lat' dir='ltr'><strong>vidit</strong></span> <span class='ocrx_word' id='word_1_471' title='bbox 725 4253 809 4292; x_wconf 90' lang='lat' dir='ltr'><strong>me</strong></span> <span class='ocrx_word' id='word_1_472' title='bbox 832 4278 846 4299; x_wconf 89' lang='lat'><strong>,</strong></span> <span class='ocrx_word' id='word_1_473' title='bbox 903 4237 1045 4292; x_wconf 90' lang='lat' dir='ltr'><strong>vidit</strong></span> <span class='ocrx_word' id='word_1_474' title='bbox 1095 4245 1150 4292; x_wconf 90' lang='lat' dir='ltr'><strong>et</strong></span> <span class='ocrx_word' id='word_1_475' title='bbox 1197 4235 1414 4292; x_wconf 87' lang='lat' dir='ltr'><strong>Patrem</strong></span> <span class='ocrx_word' id='word_1_476' title='bbox 1447 4254 1460 4291; x_wconf 88' lang='lat'><strong>:</strong></span> <span class='ocrx_word' id='word_1_477' title='bbox 1495 4239 1775 4309; x_wconf 90' lang='lat' dir='ltr'><strong>quomodo</strong></span> <span class='ocrx_word' id='word_1_478' title='bbox 1819 4256 1952 4311; x_wconf 84' lang='lat' dir='ltr'><strong>ergo</strong></span> 
     </span>
    </p>
   </div>
   <div class='ocr_carea' id='block_1_63' title="bbox 369 4329 1950 4401">
    <p class='ocr_par' dir='ltr' id='par_1_63' title="bbox 369 4329 1950 4401">
     <span class='ocr_line' id='line_1_63' title="bbox 369 4329 1950 4401; baseline 0 -15"><span class='ocrx_word' id='word_1_479' title='bbox 369 4333 510 4388; x_wconf 90' lang='lat' dir='ltr'><strong>dicis</strong></span> <span class='ocrx_word' id='word_1_480' title='bbox 536 4351 550 4386; x_wconf 91' lang='lat'><strong>:</strong></span> <span class='ocrx_word' id='word_1_481' title='bbox 585 4330 824 4386; x_wconf 88' lang='lat' dir='ltr'><strong>Ostende</strong></span> <span class='ocrx_word' id='word_1_482' title='bbox 851 4330 1012 4384; x_wconf 89' lang='lat' dir='ltr'><strong>nobis</strong></span> <span class='ocrx_word' id='word_1_483' title='bbox 1045 4329 1264 4384; x_wconf 87' lang='lat' dir='ltr'><strong>Patrem</strong></span> <span class='ocrx_word' id='word_1_484' title='bbox 1290 4329 1314 4383; x_wconf 82' lang='lat'><strong>?</strong></span> <span class='ocrx_word' id='word_1_485' title='bbox 1345 4349 1364 4382; x_wconf 78' lang='grc' dir='ltr'><strong>ι</strong></span> <span class='ocrx_word' id='word_1_486' title='bbox 1397 4329 1550 4386; x_wconf 84' lang='lat' dir='ltr'><strong>Licet</strong></span> <span class='ocrx_word' id='word_1_487' title='bbox 1581 4332 1786 4401; x_wconf 87' lang='lat' dir='ltr'><strong>quippe</strong></span> <span class='ocrx_word' id='word_1_488' title='bbox 1816 4333 1950 4394; x_wconf 90' lang='lat' dir='ltr'><strong>tibi,</strong></span> 
     </span>
    </p>
   </div>
   <div class='ocr_carea' id='block_1_64' title="bbox 2051 1859 3639 1931">
    <p class='ocr_par' dir='ltr' id='par_1_64' title="bbox 2051 1859 3639 1931">
     <span class='ocr_line' id='line_1_64' title="bbox 2051 1859 3639 1931; baseline -0.001 -17"><span class='ocrx_word' id='word_1_489' title='bbox 2051 1878 2105 1914; x_wconf 83' lang='grc' dir='ltr'><strong>τι</strong></span> <span class='ocrx_word' id='word_1_490' title='bbox 2148 1860 2242 1915; x_wconf 72' lang='grc' dir='ltr'>καὶ</span> <span class='ocrx_word' id='word_1_491' title='bbox 2277 1860 2422 1931; x_wconf 83' lang='grc' dir='ltr'>μέγα</span> <span class='ocrx_word' id='word_1_492' title='bbox 2480 1861 2610 1930; x_wconf 71' lang='grc' dir='ltr'>περὶ</span> <span class='ocrx_word' id='word_1_493' title='bbox 2655 1859 2785 1912; x_wconf 87' lang='grc' dir='ltr'>Υίοῦ</span> <span class='ocrx_word' id='word_1_494' title='bbox 2825 1860 3044 1931; x_wconf 81' lang='grc' dir='ltr'>φρονεῖν</span> <span class='ocrx_word' id='word_1_495' title='bbox 3079 1877 3142 1912; x_wconf 88' lang='grc' dir='ltr'><strong>τε</strong></span> <span class='ocrx_word' id='word_1_496' title='bbox 3174 1860 3267 1914; x_wconf 72' lang='grc' dir='ltr'><strong>καῖ</strong></span> <span class='ocrx_word' id='word_1_497' title='bbox 3302 1859 3484 1929; x_wconf 88' lang='grc' dir='ltr'>λέγειν</span> <span class='ocrx_word' id='word_1_498' title='bbox 3505 1899 3519 1921; x_wconf 92' lang='grc'><strong>,</strong></span> <span class='ocrx_word' id='word_1_499' title='bbox 3553 1860 3639 1912; x_wconf 81' lang='grc' dir='ltr'>ὅτι</span> 
     </span>
    </p>
   </div>
   <div class='ocr_carea' id='block_1_65' title="bbox 2053 1950 3638 2022">
    <p class='ocr_par' dir='ltr' id='par_1_65' title="bbox 2053 1950 3638 2022">
     <span class='ocr_line' id='line_1_65' title="bbox 2053 1950 3638 2022; baseline -0.003 -18"><span class='ocrx_word' id='word_1_500' title='bbox 2053 1951 2257 2022; x_wconf 84' lang='grc' dir='ltr'>κτίσμα</span> <span class='ocrx_word' id='word_1_501' title='bbox 2287 1950 2384 2021; x_wconf 90' lang='grc' dir='ltr'><strong>μέν</strong></span> <span class='ocrx_word' id='word_1_502' title='bbox 2409 1951 2576 2012; x_wconf 82' lang='grc' dir='ltr'>ἐστιν,</span> <span class='ocrx_word' id='word_1_503' title='bbox 2593 1950 2691 2020; x_wconf 83' lang='grc' dir='ltr'><strong>οὐχ</strong></span> <span class='ocrx_word' id='word_1_504' title='bbox 2713 1950 2791 2013; x_wconf 83' lang='grc' dir='ltr'><strong>ὼς</strong></span> <span class='ocrx_word' id='word_1_505' title='bbox 2824 1950 2880 2002; x_wconf 84' lang='grc' dir='ltr'>ἓν</span> <span class='ocrx_word' id='word_1_506' title='bbox 2909 1950 2967 2004; x_wconf 84' lang='grc' dir='ltr'>δὲ</span> <span class='ocrx_word' id='word_1_507' title='bbox 2991 1968 3099 2002; x_wconf 90' lang='grc' dir='ltr'><strong>των</strong></span> <span class='ocrx_word' id='word_1_508' title='bbox 3127 1950 3441 2020; x_wconf 85' lang='grc' dir='ltr'>κτισμάτων</span> <span class='ocrx_word' id='word_1_509' title='bbox 3465 1966 3478 1980; x_wconf 90' lang='grc'><strong>·</strong></span> <span class='ocrx_word' id='word_1_510' title='bbox 3505 1951 3638 2003; x_wconf 84' lang='grc' dir='ltr'>ῐστω</span> 
     </span>
    </p>
   </div>
   <div class='ocr_carea' id='block_1_66' title="bbox 2049 2040 3634 2114">
    <p class='ocr_par' dir='ltr' id='par_1_66' title="bbox 2049 2040 3634 2114">
     <span class='ocr_line' id='line_1_66' title="bbox 2049 2040 3634 2114; baseline -0.003 -18"><span class='ocrx_word' id='word_1_511' title='bbox 2049 2043 2108 2096; x_wconf 86' lang='grc' dir='ltr'>δὲ</span> <span class='ocrx_word' id='word_1_512' title='bbox 2133 2044 2192 2096; x_wconf 80' lang='grc' dir='ltr'>οὐ</span> <span class='ocrx_word' id='word_1_513' title='bbox 2228 2041 2439 2114; x_wconf 83' lang='grc' dir='ltr'>μικρῶς</span> <span class='ocrx_word' id='word_1_514' title='bbox 2461 2041 2664 2095; x_wconf 81' lang='grc' dir='ltr'>ἀδικῶν</span> <span class='ocrx_word' id='word_1_515' title='bbox 2693 2041 2790 2112; x_wconf 83' lang='grc' dir='ltr'>τὴν</span> <span class='ocrx_word' id='word_1_516' title='bbox 2819 2041 2976 2108; x_wconf 77' lang='grc' dir='ltr'>δόξαν</span> <span class='ocrx_word' id='word_1_517' title='bbox 3006 2041 3190 2096; x_wconf 80' lang='grc' dir='ltr'>αὑτοῦ.</span> <span class='ocrx_word' id='word_1_518' title='bbox 3234 2043 3308 2095; x_wconf 83' lang='grc' dir='ltr'><strong>Οὐ</strong></span> <span class='ocrx_word' id='word_1_519' title='bbox 3333 2040 3443 2111; x_wconf 81' lang='grc' dir='ltr'><strong>γάρ</strong></span> <span class='ocrx_word' id='word_1_520' title='bbox 3467 2043 3516 2093; x_wconf 87' lang='grc' dir='ltr'>εί</span> <span class='ocrx_word' id='word_1_521' title='bbox 3543 2040 3634 2106; x_wconf 79' lang='grc' dir='ltr'><strong>ἐξ·-</strong></span> 
     </span>
    </p>
   </div>
   <div class='ocr_carea' id='block_1_67' title="bbox 2051 2132 3636 2206">
    <p class='ocr_par' dir='ltr' id='par_1_67' title="bbox 2051 2132 3636 2206">
     <span class='ocr_line' id='line_1_67' title="bbox 2051 2132 3636 2206; baseline -0.002 -18"><span class='ocrx_word' id='word_1_522' title='bbox 2051 2133 2267 2206; x_wconf 86' lang='grc' dir='ltr'>αίρετον</span> <span class='ocrx_word' id='word_1_523' title='bbox 2289 2134 2403 2205; x_wconf 78' lang='grc' dir='ltr'>ἔχει</span> <span class='ocrx_word' id='word_1_524' title='bbox 2432 2134 2529 2204; x_wconf 82' lang='grc' dir='ltr'><strong>τὴν</strong></span> <span class='ocrx_word' id='word_1_525' title='bbox 2558 2133 2720 2203; x_wconf 86' lang='grc' dir='ltr'>φύσιν</span> <span class='ocrx_word' id='word_1_526' title='bbox 2741 2134 2894 2205; x_wconf 84' lang='grc' dir='ltr'>παρὰ</span> <span class='ocrx_word' id='word_1_527' title='bbox 2915 2134 2984 2187; x_wconf 77' lang='grc' dir='ltr'><strong>τά</strong></span> <span class='ocrx_word' id='word_1_528' title='bbox 3007 2133 3144 2188; x_wconf 76' lang='grc' dir='ltr'>ἄλλα</span> <span class='ocrx_word' id='word_1_529' title='bbox 3172 2133 3448 2203; x_wconf 89' lang='grc' dir='ltr'>κτίσματα</span> <span class='ocrx_word' id='word_1_530' title='bbox 3470 2132 3636 2203; x_wconf 83' lang='grc' dir='ltr'>ζητη-</span> 
     </span>
    </p>
   </div>
   <div class='ocr_carea' id='block_1_68' title="bbox 2049 2216 3636 2294">
    <p class='ocr_par' dir='ltr' id='par_1_68' title="bbox 2049 2216 3636 2294">
     <span class='ocr_line' id='line_1_68' title="bbox 2049 2216 3636 2294; baseline -0.004 -16"><span class='ocrx_word' id='word_1_531' title='bbox 2049 2225 2191 2289; x_wconf 86' lang='grc' dir='ltr'>τέον,</span> <span class='ocrx_word' id='word_1_532' title='bbox 2223 2223 2338 2277; x_wconf 84' lang='grc' dir='ltr'><strong>ἀλλ’</strong></span> <span class='ocrx_word' id='word_1_533' title='bbox 2361 2224 2410 2275; x_wconf 89' lang='grc' dir='ltr'>εί</span> <span class='ocrx_word' id='word_1_534' title='bbox 2434 2223 2656 2292; x_wconf 83' lang='grc' dir='ltr'>γέγονεν</span> <span class='ocrx_word' id='word_1_535' title='bbox 2679 2222 2834 2286; x_wconf 86' lang='grc' dir='ltr'><strong>ὅλως.</strong></span> <span class='ocrx_word' id='word_1_536' title='bbox 2869 2223 2944 2275; x_wconf 84' lang='grc' dir='ltr'>Τὸ</span> <span class='ocrx_word' id='word_1_537' title='bbox 2973 2223 3080 2294; x_wconf 86' lang='grc' dir='ltr'>γὰρ</span> <span class='ocrx_word' id='word_1_538' title='bbox 3106 2216 3246 2276; x_wconf 72' lang='grc' dir='ltr'>εἶναι</span> <span class='ocrx_word' id='word_1_539' title='bbox 3282 2221 3490 2291; x_wconf 79' lang='grc' dir='ltr'>κτίσμα</span> <span class='ocrx_word' id='word_1_540' title='bbox 3515 2221 3636 2282; x_wconf 84' lang='grc' dir='ltr'><strong>πῶς</strong></span> 
     </span>
    </p>
   </div>
   <div class='ocr_carea' id='block_1_69' title="bbox 2051 2310 3635 2384">
    <p class='ocr_par' dir='ltr' id='par_1_69' title="bbox 2051 2310 3635 2384">
     <span class='ocr_line' id='line_1_69' title="bbox 2051 2310 3635 2384; baseline -0.003 -16"><span class='ocrx_word' id='word_1_541' title='bbox 2051 2316 2117 2369; x_wconf 83' lang='grc' dir='ltr'>ἂν</span> <span class='ocrx_word' id='word_1_542' title='bbox 2149 2313 2433 2384; x_wconf 84' lang='grc' dir='ltr'>διαφύγοι,</span> <span class='ocrx_word' id='word_1_543' title='bbox 2471 2315 2519 2366; x_wconf 87' lang='grc' dir='ltr'><strong>εί</strong></span> <span class='ocrx_word' id='word_1_544' title='bbox 2559 2314 2652 2366; x_wconf 74' lang='grc' dir='ltr'>καὶ</span> <span class='ocrx_word' id='word_1_545' title='bbox 2687 2313 2906 2367; x_wconf 86' lang='grc' dir='ltr'>πάντων</span> <span class='ocrx_word' id='word_1_546' title='bbox 2935 2313 3054 2366; x_wconf 83' lang='grc' dir='ltr'>ἐστὶ</span> <span class='ocrx_word' id='word_1_547' title='bbox 3088 2311 3195 2366; x_wconf 84' lang='grc' dir='ltr'>τῶν</span> <span class='ocrx_word' id='word_1_548' title='bbox 3231 2311 3546 2382; x_wconf 81' lang='grc' dir='ltr'>κτισμάτων</span> <span class='ocrx_word' id='word_1_549' title='bbox 3573 2310 3635 2363; x_wconf 76' lang='grc' dir='ltr'>τὸ</span> 
     </span>
    </p>
   </div>
   <div class='ocr_carea' id='block_1_70' title="bbox 2051 2402 3635 2476">
    <p class='ocr_par' dir='ltr' id='par_1_70' title="bbox 2051 2402 3635 2476">
     <span class='ocr_line' id='line_1_70' title="bbox 2051 2402 3635 2476; baseline -0.004 -16"><span class='ocrx_word' id='word_1_550' title='bbox 2051 2406 2368 2474; x_wconf 86' lang='grc' dir='ltr'>κάλλιστον;</span> <span class='ocrx_word' id='word_1_551' title='bbox 2413 2405 2804 2476; x_wconf 84' lang='grc' dir='ltr'>Ἀδικουμένης</span> <span class='ocrx_word' id='word_1_552' title='bbox 2828 2406 2883 2458; x_wconf 85' lang='grc' dir='ltr'>δὲ</span> <span class='ocrx_word' id='word_1_553' title='bbox 2901 2405 3002 2474; x_wconf 82' lang='grc' dir='ltr'>τῆς</span> <span class='ocrx_word' id='word_1_554' title='bbox 3031 2405 3188 2476; x_wconf 80' lang='grc' dir='ltr'>δόξης</span> <span class='ocrx_word' id='word_1_555' title='bbox 3200 2404 3293 2458; x_wconf 88' lang='grc' dir='ltr'>τοῦ</span> <span class='ocrx_word' id='word_1_556' title='bbox 3315 2403 3445 2456; x_wconf 88' lang='grc' dir='ltr'><strong>Υἱοῦ</strong></span> <span class='ocrx_word' id='word_1_557' title='bbox 3467 2404 3527 2456; x_wconf 83' lang='grc' dir='ltr'>ὲν</span> <span class='ocrx_word' id='word_1_558' title='bbox 3554 2402 3635 2473; x_wconf 87' lang='grc' dir='ltr'><strong>τῷ</strong></span> 
     </span>
    </p>
   </div>
   <div class='ocr_carea' id='block_1_71' title="bbox 2050 2494 3635 2568">
    <p class='ocr_par' dir='ltr' id='par_1_71' title="bbox 2050 2494 3635 2568">
     <span class='ocr_line' id='line_1_71' title="bbox 2050 2494 3635 2568; baseline -0.004 -15"><span class='ocrx_word' id='word_1_559' title='bbox 2050 2498 2304 2566; x_wconf 83' lang='grc' dir='ltr'>γενέσθαι</span> <span class='ocrx_word' id='word_1_560' title='bbox 2321 2499 2501 2567; x_wconf 80' lang='grc' dir='ltr'>λέγειν</span> <span class='ocrx_word' id='word_1_561' title='bbox 2523 2497 2772 2566; x_wconf 80' lang='grc' dir='ltr'>αύτὺν,τί</span> <span class='ocrx_word' id='word_1_562' title='bbox 2794 2497 2971 2568; x_wconf 78' lang='grc' dir='ltr'>μάτην</span> <span class='ocrx_word' id='word_1_563' title='bbox 2987 2496 3272 2564; x_wconf 81' lang='grc' dir='ltr'>ἐπάγουσι,</span> <span class='ocrx_word' id='word_1_564' title='bbox 3301 2494 3552 2566; x_wconf 86' lang='grc' dir='ltr'>καθάπερ</span> <span class='ocrx_word' id='word_1_565' title='bbox 3579 2511 3635 2546; x_wconf 89' lang='grc' dir='ltr'><strong>τι</strong></span> 
     </span>
    </p>
   </div>
   <div class='ocr_carea' id='block_1_72' title="bbox 2051 2587 3635 2662">
    <p class='ocr_par' dir='ltr' id='par_1_72' title="bbox 2051 2587 3635 2662">
     <span class='ocr_line' id='line_1_72' title="bbox 2051 2587 3635 2662; baseline -0.005 -16"><span class='ocrx_word' id='word_1_566' title='bbox 2051 2593 2340 2662; x_wconf 72' lang='grc' dir='ltr'>φάρμακον</span> <span class='ocrx_word' id='word_1_567' title='bbox 2371 2591 2521 2661; x_wconf 86' lang='grc' dir='ltr'>αύτῷ</span> <span class='ocrx_word' id='word_1_568' title='bbox 2542 2631 2557 2657; x_wconf 88' lang='grc'><strong>,</strong></span> <span class='ocrx_word' id='word_1_569' title='bbox 2603 2590 2663 2644; x_wconf 83' lang='grc' dir='ltr'>τὸ</span> <span class='ocrx_word' id='word_1_570' title='bbox 2691 2591 2748 2643; x_wconf 90' lang='grc' dir='ltr'><strong>ἐν</strong></span> <span class='ocrx_word' id='word_1_571' title='bbox 2774 2589 2852 2660; x_wconf 88' lang='grc' dir='ltr'><strong>τῷ</strong></span> <span class='ocrx_word' id='word_1_572' title='bbox 2875 2588 3144 2658; x_wconf 82' lang='grc' dir='ltr'>καλλίστῳ</span> <span class='ocrx_word' id='word_1_573' title='bbox 3177 2587 3286 2640; x_wconf 85' lang='grc' dir='ltr'>τῶν</span> <span class='ocrx_word' id='word_1_574' title='bbox 3310 2587 3485 2640; x_wconf 82' lang='grc' dir='ltr'>ἄλλων</span> <span class='ocrx_word' id='word_1_575' title='bbox 3530 2587 3635 2639; x_wconf 84' lang='grc' dir='ltr'><strong>ὑπ-</strong></span> 
     </span>
    </p>
   </div>
   <div class='ocr_carea' id='block_1_73' title="bbox 2050 2672 3632 2754">
    <p class='ocr_par' dir='ltr' id='par_1_73' title="bbox 2050 2672 3632 2754">
     <span class='ocr_line' id='line_1_73' title="bbox 2050 2672 3632 2754; baseline -0.004 -17"><span class='ocrx_word' id='word_1_576' title='bbox 2050 2672 2238 2754; x_wconf 80' lang='grc' dir='ltr'>άρχειν</span> <span class='ocrx_word' id='word_1_577' title='bbox 2266 2683 2457 2754; x_wconf 83' lang='grc' dir='ltr'>τόπῳ;</span> <span class='ocrx_word' id='word_1_578' title='bbox 2523 2681 2849 2754; x_wconf 78' lang='grc' dir='ltr'>’Υὸριοῦμεν</span> <span class='ocrx_word' id='word_1_579' title='bbox 2893 2678 3184 2750; x_wconf 79' lang='grc' dir='ltr'>τοιγαροῦν</span> <span class='ocrx_word' id='word_1_580' title='bbox 3227 2679 3328 2748; x_wconf 78' lang='grc' dir='ltr'>τὴν</span> <span class='ocrx_word' id='word_1_581' title='bbox 3371 2679 3465 2731; x_wconf 88' lang='grc' dir='ltr'>τοῦ</span> <span class='ocrx_word' id='word_1_582' title='bbox 3496 2677 3632 2731; x_wconf 83' lang='grc' dir='ltr'>Θεοῦ</span> 
     </span>
    </p>
   </div>
   <div class='ocr_carea' id='block_1_74' title="bbox 2050 2769 3634 2846">
    <p class='ocr_par' dir='ltr' id='par_1_74' title="bbox 2050 2769 3634 2846">
     <span class='ocr_line' id='line_1_74' title="bbox 2050 2769 3634 2846; baseline -0.003 -19"><span class='ocrx_word' id='word_1_583' title='bbox 2050 2775 2144 2827; x_wconf 80' lang='grc' dir='ltr'><strong>καὶ</strong></span> <span class='ocrx_word' id='word_1_584' title='bbox 2186 2774 2401 2846; x_wconf 82' lang='grc' dir='ltr'>Πατρὸς</span> <span class='ocrx_word' id='word_1_585' title='bbox 2449 2773 2668 2836; x_wconf 78' lang='grc' dir='ltr'>οὐσίαν,</span> <span class='ocrx_word' id='word_1_586' title='bbox 2717 2773 2750 2843; x_wconf 76' lang='grc' dir='ltr'><strong>ἢ</strong></span> <span class='ocrx_word' id='word_1_587' title='bbox 2799 2770 2972 2827; x_wconf 89' lang='grc' dir='ltr'>ταῦτα</span> <span class='ocrx_word' id='word_1_588' title='bbox 3014 2770 3277 2825; x_wconf 86' lang='grc' dir='ltr'>δύνασθαι</span> <span class='ocrx_word' id='word_1_589' title='bbox 3334 2769 3634 2840; x_wconf 84' lang='grc' dir='ltr'>κατορθοῦν</span> 
     </span>
    </p>
   </div>
   <div class='ocr_carea' id='block_1_75' title="bbox 2051 2861 3632 2935">
    <p class='ocr_par' dir='ltr' id='par_1_75' title="bbox 2051 2861 3632 2935">
     <span class='ocr_line' id='line_1_75' title="bbox 2051 2861 3632 2935; baseline -0.002 -19"><span class='ocrx_word' id='word_1_590' title='bbox 2051 2864 2425 2935; x_wconf 83' lang='grc' dir='ltr'>περιθήσομεν</span> <span class='ocrx_word' id='word_1_591' title='bbox 2456 2864 2534 2934; x_wconf 85' lang='grc' dir='ltr'><strong>τῷ</strong></span> <span class='ocrx_word' id='word_1_592' title='bbox 2564 2863 2700 2934; x_wconf 81' lang='grc' dir='ltr'>Υίῷ,</span> <span class='ocrx_word' id='word_1_593' title='bbox 2723 2863 2935 2934; x_wconf 81' lang='grc' dir='ltr'>γενητῷ</span> <span class='ocrx_word' id='word_1_594' title='bbox 2969 2863 3062 2916; x_wconf 77' lang='grc' dir='ltr'><strong>καὶ</strong></span> <span class='ocrx_word' id='word_1_595' title='bbox 3110 2861 3260 2932; x_wconf 83' lang='grc' dir='ltr'>αὐτῷ</span> <span class='ocrx_word' id='word_1_596' title='bbox 3289 2861 3632 2931; x_wconf 85' lang='grc' dir='ltr'>τυγχάνοντι,</span> 
     </span>
    </p>
   </div>
   <div class='ocr_carea' id='block_1_76' title="bbox 2050 2952 3633 3026">
    <p class='ocr_par' dir='ltr' id='par_1_76' title="bbox 2050 2952 3633 3026">
     <span class='ocr_line' id='line_1_76' title="bbox 2050 2952 3633 3026; baseline -0.003 -18"><span class='ocrx_word' id='word_1_597' title='bbox 2050 2955 2191 3009; x_wconf 87' lang='grc' dir='ltr'>κατὰ</span> <span class='ocrx_word' id='word_1_598' title='bbox 2219 2956 2310 3009; x_wconf 81' lang='grc' dir='ltr'><strong>τὸν</strong></span> <span class='ocrx_word' id='word_1_599' title='bbox 2334 2956 2559 3011; x_wconf 75' lang='grc' dir='ltr'>ἐκείνων</span> <span class='ocrx_word' id='word_1_600' title='bbox 2582 2955 2772 3026; x_wconf 82' lang='grc' dir='ltr'>ἀμαθῆ</span> <span class='ocrx_word' id='word_1_601' title='bbox 2801 2956 2896 3009; x_wconf 72' lang='grc' dir='ltr'>καὶ</span> <span class='ocrx_word' id='word_1_602' title='bbox 2927 2955 3186 3009; x_wconf 81' lang='grc' dir='ltr'>ἀσύνετον</span> <span class='ocrx_word' id='word_1_603' title='bbox 3208 2953 3489 3024; x_wconf 89' lang='grc' dir='ltr'>λογισμόν.</span> <span class='ocrx_word' id='word_1_604' title='bbox 3516 2952 3633 3005; x_wconf 77' lang='grc' dir='ltr'>Οὐκ</span> 
     </span>
    </p>
   </div>
   <div class='ocr_carea' id='block_1_77' title="bbox 2050 3045 3638 3118">
    <p class='ocr_par' dir='ltr' id='par_1_77' title="bbox 2050 3045 3638 3118">
     <span class='ocr_line' id='line_1_77' title="bbox 2050 3045 3638 3118; baseline -0.003 -17"><span class='ocrx_word' id='word_1_605' title='bbox 2050 3047 2350 3118; x_wconf 83' lang='grc' dir='ltr'>ἀνεξόμεθα</span> <span class='ocrx_word' id='word_1_606' title='bbox 2387 3047 2444 3102; x_wconf 81' lang='grc' dir='ltr'>δὲ</span> <span class='ocrx_word' id='word_1_607' title='bbox 2481 3047 2750 3116; x_wconf 87' lang='grc' dir='ltr'>λεγόντων</span> <span class='ocrx_word' id='word_1_608' title='bbox 2784 3047 2994 3113; x_wconf 82' lang='grc' dir='ltr'>αὐτῶν,</span> <span class='ocrx_word' id='word_1_609' title='bbox 3045 3047 3129 3100; x_wconf 84' lang='grc' dir='ltr'>ὅτι</span> <span class='ocrx_word' id='word_1_610' title='bbox 3158 3047 3226 3101; x_wconf 89' lang='grc' dir='ltr'>τὰ</span> <span class='ocrx_word' id='word_1_611' title='bbox 3248 3047 3348 3116; x_wconf 83' lang='grc' dir='ltr'>τῆς</span> <span class='ocrx_word' id='word_1_612' title='bbox 3383 3045 3638 3116; x_wconf 85' lang='grc' dir='ltr'>θεότητος</span> 
     </span>
    </p>
   </div>
   <div class='ocr_carea' id='block_1_78' title="bbox 2050 3137 3632 3213">
    <p class='ocr_par' dir='ltr' id='par_1_78' title="bbox 2050 3137 3632 3213">
     <span class='ocr_line' id='line_1_78' title="bbox 2050 3137 3632 3213; baseline -0.003 -19"><span class='ocrx_word' id='word_1_613' title='bbox 2050 3141 2186 3213; x_wconf 81' lang='grc' dir='ltr'>ἔργα</span> <span class='ocrx_word' id='word_1_614' title='bbox 2211 3141 2484 3212; x_wconf 84' lang='grc' dir='ltr'>κατορθοῖ,</span> <span class='ocrx_word' id='word_1_615' title='bbox 2517 3140 2722 3212; x_wconf 88' lang='grc' dir='ltr'>κτίσμα</span> <span class='ocrx_word' id='word_1_616' title='bbox 2749 3140 2892 3195; x_wconf 74' lang='grc' dir='ltr'>κατὰ</span> <span class='ocrx_word' id='word_1_617' title='bbox 2933 3141 3094 3209; x_wconf 88' lang='grc' dir='ltr'>φύσιν</span> <span class='ocrx_word' id='word_1_618' title='bbox 3138 3139 3401 3210; x_wconf 78' lang='grc' dir='ltr'>ὑπάρχων</span> <span class='ocrx_word' id='word_1_619' title='bbox 3430 3140 3458 3191; x_wconf 87' lang='grc' dir='ltr'><strong>ό</strong></span> <span class='ocrx_word' id='word_1_620' title='bbox 3483 3137 3632 3200; x_wconf 74' lang='grc' dir='ltr'>Υίδς,</span> 
     </span>
    </p>
   </div>
   <div class='ocr_carea' id='block_1_79' title="bbox 2048 3229 3636 3304">
    <p class='ocr_par' dir='ltr' id='par_1_79' title="bbox 2048 3229 3636 3304">
     <span class='ocr_line' id='line_1_79' title="bbox 2048 3229 3636 3304; baseline -0.004 -16"><span class='ocrx_word' id='word_1_621' title='bbox 2048 3233 2192 3288; x_wconf 79' lang='grc' dir='ltr'>οὕτω</span> <span class='ocrx_word' id='word_1_622' title='bbox 2218 3233 2375 3298; x_wconf 78' lang='grc' dir='ltr'>δόξαν</span> <span class='ocrx_word' id='word_1_623' title='bbox 2419 3233 2498 3304; x_wconf 87' lang='grc' dir='ltr'><strong>τῷ</strong></span> <span class='ocrx_word' id='word_1_624' title='bbox 2545 3233 2665 3303; x_wconf 82' lang='grc' dir='ltr'><strong>Θεῷ</strong></span> <span class='ocrx_word' id='word_1_625' title='bbox 2714 3232 2809 3287; x_wconf 63' lang='grc' dir='ltr'><strong>καὶ⁵</strong></span> <span class='ocrx_word' id='word_1_626' title='bbox 2833 3232 3027 3302; x_wconf 87' lang='grc' dir='ltr'>Πατρί.</span> <span class='ocrx_word' id='word_1_627' title='bbox 3079 3233 3143 3286; x_wconf 84' lang='lat' dir='ltr'><strong>El</strong></span> <span class='ocrx_word' id='word_1_628' title='bbox 3169 3231 3268 3302; x_wconf 86' lang='grc' dir='ltr'>μὲν</span> <span class='ocrx_word' id='word_1_629' title='bbox 3309 3230 3418 3301; x_wconf 83' lang='grc' dir='ltr'><strong>γάρ</strong></span> <span class='ocrx_word' id='word_1_630' title='bbox 3451 3229 3636 3300; x_wconf 77' lang='grc' dir='ltr'>ἔχουσι</span> 
     </span>
    </p>
   </div>
   <div class='ocr_carea' id='block_1_80' title="bbox 2048 3323 3636 3396">
    <p class='ocr_par' dir='ltr' id='par_1_80' title="bbox 2048 3323 3636 3396">
     <span class='ocr_line' id='line_1_80' title="bbox 2048 3323 3636 3396; baseline -0.004 -15"><span class='ocrx_word' id='word_1_631' title='bbox 2048 3327 2313 3381; x_wconf 85' lang='grc' dir='ltr'>δεικνύειν</span> <span class='ocrx_word' id='word_1_632' title='bbox 2350 3325 2507 3378; x_wconf 87' lang='grc' dir='ltr'>τοῦτο</span> <span class='ocrx_word' id='word_1_633' title='bbox 2539 3325 2647 3379; x_wconf 79' lang='grc' dir='ltr'>ἀπὸ</span> <span class='ocrx_word' id='word_1_634' title='bbox 2685 3326 2784 3396; x_wconf 87' lang='grc' dir='ltr'>τῆς</span> <span class='ocrx_word' id='word_1_635' title='bbox 2833 3323 2984 3387; x_wconf 83' lang='grc' dir='ltr'>θείας</span> <span class='ocrx_word' id='word_1_636' title='bbox 3010 3323 3270 3395; x_wconf 87' lang='grc' dir='ltr'>Γραφῆς,</span> <span class='ocrx_word' id='word_1_637' title='bbox 3319 3339 3636 3392; x_wconf 79' lang='grc' dir='ltr'>παρακομι-</span> 
     </span>
    </p>
   </div>
   <div class='ocr_carea' id='block_1_81' title="bbox 2052 3414 3638 3490">
    <p class='ocr_par' dir='ltr' id='par_1_81' title="bbox 2052 3414 3638 3490">
     <span class='ocr_line' id='line_1_81' title="bbox 2052 3414 3638 3490; baseline -0.004 -17"><span class='ocrx_word' id='word_1_638' title='bbox 2052 3421 2250 3485; x_wconf 79' lang='grc' dir='ltr'>ζόντων</span> <span class='ocrx_word' id='word_1_639' title='bbox 2299 3419 2336 3474; x_wconf 76' lang='grc' dir='ltr'><strong>ὃ.</strong></span> <span class='ocrx_word' id='word_1_640' title='bbox 2363 3419 2660 3490; x_wconf 86' lang='grc' dir='ltr'>βούλονται,</span> <span class='ocrx_word' id='word_1_641' title='bbox 2685 3419 2779 3472; x_wconf 75' lang='grc' dir='ltr'><strong>καὶ</strong></span> <span class='ocrx_word' id='word_1_642' title='bbox 2799 3415 3213 3487; x_wconf 83' lang='grc' dir='ltr'>άκαπηλεύτους</span> <span class='ocrx_word' id='word_1_643' title='bbox 3235 3417 3367 3487; x_wconf 78' lang='grc' dir='ltr'>ἡμῖν</span> <span class='ocrx_word' id='word_1_644' title='bbox 3394 3414 3491 3479; x_wconf 85' lang='grc' dir='ltr'><strong>τὰς</strong></span> <span class='ocrx_word' id='word_1_645' title='bbox 3526 3414 3638 3467; x_wconf 83' lang='grc' dir='ltr'><strong>τῶν</strong></span> 
     </span>
    </p>
   </div>
   <div class='ocr_carea' id='block_1_82' title="bbox 2053 3505 3639 3581">
    <p class='ocr_par' dir='ltr' id='par_1_82' title="bbox 2053 3505 3639 3581">
     <span class='ocr_line' id='line_1_82' title="bbox 2053 3505 3639 3581; baseline 0.004 -18"><span class='ocrx_word' id='word_1_646' title='bbox 2053 3510 2222 3578; x_wconf 84' lang='grc' dir='ltr'>ἁγίων</span> <span class='ocrx_word' id='word_1_647' title='bbox 2267 3509 2578 3581; x_wconf 90' lang='grc' dir='ltr'>τηρούντων</span> <span class='ocrx_word' id='word_1_648' title='bbox 2619 3508 2824 3578; x_wconf 79' lang='grc' dir='ltr'>φωνάς.</span> <span class='ocrx_word' id='word_1_649' title='bbox 2879 3507 2942 3562; x_wconf 86' lang='lat' dir='ltr'><strong>El</strong></span> <span class='ocrx_word' id='word_1_650' title='bbox 2975 3507 3030 3561; x_wconf 85' lang='grc' dir='ltr'><strong>δὲ</strong></span> <span class='ocrx_word' id='word_1_651' title='bbox 3059 3507 3284 3577; x_wconf 83' lang='grc' dir='ltr'>γνώμης</span> <span class='ocrx_word' id='word_1_652' title='bbox 3317 3505 3448 3568; x_wconf 77' lang='grc' dir='ltr'>ἰδίας</span> <span class='ocrx_word' id='word_1_653' title='bbox 3479 3505 3639 3575; x_wconf 78' lang='grc' dir='ltr'>εὑρή-</span> 
     </span>
    </p>
   </div>
   <div class='ocr_carea' id='block_1_83' title="bbox 2057 3597 3638 3673">
    <p class='ocr_par' dir='ltr' id='par_1_83' title="bbox 2057 3597 3638 3673">
     <span class='ocr_line' id='line_1_83' title="bbox 2057 3597 3638 3673; baseline -0.004 -17"><span class='ocrx_word' id='word_1_654' title='bbox 2057 3620 2222 3673; x_wconf 87' lang='grc' dir='ltr'>ματα,</span> <span class='ocrx_word' id='word_1_655' title='bbox 2257 3603 2351 3655; x_wconf 77' lang='grc' dir='ltr'><strong>καὶ</strong></span> <span class='ocrx_word' id='word_1_656' title='bbox 2377 3602 2503 3665; x_wconf 82' lang='grc' dir='ltr'>τοὺς</span> <span class='ocrx_word' id='word_1_657' title='bbox 2530 3601 2622 3653; x_wconf 81' lang='grc' dir='ltr'>ἐπὶ</span> <span class='ocrx_word' id='word_1_658' title='bbox 2651 3600 2825 3671; x_wconf 83' lang='grc' dir='ltr'>τούτῳ</span> <span class='ocrx_word' id='word_1_659' title='bbox 2850 3598 3175 3670; x_wconf 84' lang='grc' dir='ltr'>πεποίηνται</span> <span class='ocrx_word' id='word_1_660' title='bbox 3195 3597 3511 3667; x_wconf 79' lang='grc' dir='ltr'>λογισμοὺς,</span> <span class='ocrx_word' id='word_1_661' title='bbox 3537 3613 3638 3666; x_wconf 87' lang='grc' dir='ltr'>χα-</span> 
     </span>
    </p>
   </div>
   <div class='ocr_carea' id='block_1_84' title="bbox 2055 3689 3640 3766">
    <p class='ocr_par' dir='ltr' id='par_1_84' title="bbox 2055 3689 3640 3766">
     <span class='ocr_line' id='line_1_84' title="bbox 2055 3689 3640 3766; baseline -0.004 -19"><span class='ocrx_word' id='word_1_662' title='bbox 2055 3695 2276 3766; x_wconf 84' lang='grc' dir='ltr'>ριέντως</span> <span class='ocrx_word' id='word_1_663' title='bbox 2320 3693 2585 3764; x_wconf 65' lang='grc' dir='ltr'>ἐροῦμεν*</span> <span class='ocrx_word' id='word_1_664' title='bbox 2643 3712 2662 3743; x_wconf 73' lang='grc' dir='ltr'><strong>ι</strong></span> <span class='ocrx_word' id='word_1_665' title='bbox 2707 3695 2841 3746; x_wconf 74' lang='grc' dir='ltr'>Οὐαὶ</span> <span class='ocrx_word' id='word_1_666' title='bbox 2873 3695 2986 3755; x_wconf 88' lang='grc' dir='ltr'>τοῖς</span> <span class='ocrx_word' id='word_1_667' title='bbox 3049 3690 3480 3762; x_wconf 77' lang='grc' dir='ltr'>προφητεύουσιν</span> <span class='ocrx_word' id='word_1_668' title='bbox 3527 3689 3640 3744; x_wconf 73' lang='grc' dir='ltr'><strong>ἀπὸ</strong></span> 
     </span>
    </p>
   </div>
   <div class='ocr_carea' id='block_1_85' title="bbox 2054 3777 3640 3855">
    <p class='ocr_par' dir='ltr' id='par_1_85' title="bbox 2054 3777 3640 3855">
     <span class='ocr_line' id='line_1_85' title="bbox 2054 3777 3640 3855; baseline -0.003 -18"><span class='ocrx_word' id='word_1_669' title='bbox 2054 3784 2280 3855; x_wconf 85' lang='grc' dir='ltr'>καρδίας</span> <span class='ocrx_word' id='word_1_670' title='bbox 2303 3783 2513 3837; x_wconf 79' lang='grc' dir='ltr'>αὑτῷνί</span> <span class='ocrx_word' id='word_1_671' title='bbox 2542 3803 2559 3834; x_wconf 72' lang='grc' dir='ltr'><strong>ι</strong></span> <span class='ocrx_word' id='word_1_672' title='bbox 2583 3784 2794 3836; x_wconf 85' lang='grc' dir='ltr'>Ἐκεῖνα</span> <span class='ocrx_word' id='word_1_673' title='bbox 2815 3782 2926 3853; x_wconf 68' lang='grc' dir='ltr'><strong>γὰρ</strong></span> <span class='ocrx_word' id='word_1_674' title='bbox 2941 3781 3182 3852; x_wconf 85' lang='grc' dir='ltr'>δώσομεν</span> <span class='ocrx_word' id='word_1_675' title='bbox 3201 3777 3408 3834; x_wconf 76' lang='grc' dir='ltr'>ἐθέλειν</span> <span class='ocrx_word' id='word_1_676' title='bbox 3430 3779 3516 3832; x_wconf 71' lang='grc' dir='ltr'>ἀεὶ</span> <span class='ocrx_word' id='word_1_677' title='bbox 3545 3778 3640 3833; x_wconf 73' lang='grc' dir='ltr'><strong>τὸν</strong></span> 
     </span>
    </p>
   </div>
   <div class='ocr_carea' id='block_1_86' title="bbox 2053 3873 3638 3949">
    <p class='ocr_par' dir='ltr' id='par_1_86' title="bbox 2053 3873 3638 3949">
     <span class='ocr_line' id='line_1_86' title="bbox 2053 3873 3638 3949; baseline -0.003 -20"><span class='ocrx_word' id='word_1_678' title='bbox 2053 3876 2272 3949; x_wconf 83' lang='grc' dir='ltr'>Πατέρα</span> <span class='ocrx_word' id='word_1_679' title='bbox 2297 3919 2310 3940; x_wconf 87' lang='grc'><strong>,</strong></span> <span class='ocrx_word' id='word_1_680' title='bbox 2351 3875 2387 3931; x_wconf 79' lang='grc' dir='ltr'>ἃ</span> <span class='ocrx_word' id='word_1_681' title='bbox 2416 3876 2514 3946; x_wconf 83' lang='grc' dir='ltr'>τὴν</span> <span class='ocrx_word' id='word_1_682' title='bbox 2565 3875 2716 3928; x_wconf 85' lang='grc' dir='ltr'>θείαν</span> <span class='ocrx_word' id='word_1_683' title='bbox 2763 3873 2927 3928; x_wconf 80' lang='grc' dir='ltr'>αὐτοῦ</span> <span class='ocrx_word' id='word_1_684' title='bbox 2970 3873 3127 3941; x_wconf 84' lang='grc' dir='ltr'>δόξαν</span> <span class='ocrx_word' id='word_1_685' title='bbox 3169 3873 3638 3944; x_wconf 78' lang='grc' dir='ltr'>άπαραχάρακτον</span> 
     </span>
    </p>
   </div>
   <div class='ocr_carea' id='block_1_87' title="bbox 2053 3963 3638 4041">
    <p class='ocr_par' dir='ltr' id='par_1_87' title="bbox 2053 3963 3638 4041">
     <span class='ocr_line' id='line_1_87' title="bbox 2053 3963 3638 4041; baseline -0.004 -20"><span class='ocrx_word' id='word_1_686' title='bbox 2053 3964 2162 4022; x_wconf 82' lang='grc' dir='ltr'>οἶδε</span> <span class='ocrx_word' id='word_1_687' title='bbox 2192 3971 2378 4041; x_wconf 83' lang='grc' dir='ltr'>τηρεῖν</span> <span class='ocrx_word' id='word_1_688' title='bbox 2398 4009 2412 4034; x_wconf 91' lang='grc'><strong>,</strong></span> <span class='ocrx_word' id='word_1_689' title='bbox 2441 3970 2536 4022; x_wconf 70' lang='grc' dir='ltr'><strong>καὶ</strong></span> <span class='ocrx_word' id='word_1_690' title='bbox 2565 3969 2670 4022; x_wconf 85' lang='grc' dir='ltr'><strong>τῶν</strong></span> <span class='ocrx_word' id='word_1_691' title='bbox 2698 3969 2827 4037; x_wconf 72' lang='grc' dir='ltr'>περὶ</span> <span class='ocrx_word' id='word_1_692' title='bbox 2863 3965 3028 4020; x_wconf 79' lang='grc' dir='ltr'>αὑτοῦ</span> <span class='ocrx_word' id='word_1_693' title='bbox 3059 3966 3348 4038; x_wconf 82' lang='grc' dir='ltr'>δογμάτων</span> <span class='ocrx_word' id='word_1_694' title='bbox 3379 3963 3638 4028; x_wconf 79' lang='grc' dir='ltr'>διασώζει</span> 
     </span>
    </p>
   </div>
   <div class='ocr_carea' id='block_1_88' title="bbox 2051 4050 3640 4131">
    <p class='ocr_par' dir='ltr' id='par_1_88' title="bbox 2051 4050 3640 4131">
     <span class='ocr_line' id='line_1_88' title="bbox 2051 4050 3640 4131; baseline -0.009 -14"><span class='ocrx_word' id='word_1_695' title='bbox 2051 4064 2151 4131; x_wconf 83' lang='grc' dir='ltr'><strong>τὴν</strong></span> <span class='ocrx_word' id='word_1_696' title='bbox 2181 4060 2468 4131; x_wconf 87' lang='grc' dir='ltr'>ὀρθότητα.</span> <span class='ocrx_word' id='word_1_697' title='bbox 2491 4055 2700 4111; x_wconf 80' lang='grc' dir='ltr'>Οὐκοῦν</span> <span class='ocrx_word' id='word_1_698' title='bbox 2722 4057 2843 4118; x_wconf 81' lang='grc' dir='ltr'>ταῖς</span> <span class='ocrx_word' id='word_1_699' title='bbox 2865 4053 3088 4108; x_wconf 76' lang='grc' dir='ltr'>ἐκείνων</span> <span class='ocrx_word' id='word_1_700' title='bbox 3113 4052 3426 4115; x_wconf 87' lang='grc' dir='ltr'>άσυνεσίαις</span> <span class='ocrx_word' id='word_1_701' title='bbox 3454 4050 3517 4103; x_wconf 85' lang='grc' dir='ltr'><strong>τὸ</strong></span> <span class='ocrx_word' id='word_1_702' title='bbox 3545 4052 3640 4122; x_wconf 63' lang='lat' dir='ltr'><strong>ep-</strong></span> 
     </span>
    </p>
   </div>
   <div class='ocr_carea' id='block_1_89' title="bbox 2055 4142 3641 4226">
    <p class='ocr_par' dir='ltr' id='par_1_89' title="bbox 2055 4142 3641 4226">
     <span class='ocr_line' id='line_1_89' title="bbox 2055 4142 3641 4226; baseline -0.009 -18"><span class='ocrx_word' id='word_1_703' title='bbox 2055 4154 2262 4226; x_wconf 80' lang='grc' dir='ltr'>ρῶσθαι</span> <span class='ocrx_word' id='word_1_704' title='bbox 2294 4152 2621 4223; x_wconf 78' lang='grc' dir='ltr'>φράσαντες,</span> <span class='ocrx_word' id='word_1_705' title='bbox 2653 4147 2748 4201; x_wconf 78' lang='grc' dir='ltr'><strong>ἐπὶ</strong></span> <span class='ocrx_word' id='word_1_706' title='bbox 2776 4146 2865 4200; x_wconf 85' lang='grc' dir='ltr'><strong>τὸν</strong></span> <span class='ocrx_word' id='word_1_707' title='bbox 2899 4145 3075 4216; x_wconf 72' lang='grc' dir='ltr'>ἁληθῆ</span> <span class='ocrx_word' id='word_1_708' title='bbox 3102 4145 3231 4215; x_wconf 79' lang='grc' dir='ltr'>περὶ</span> <span class='ocrx_word' id='word_1_709' title='bbox 3266 4142 3430 4196; x_wconf 81' lang='grc' dir='ltr'>αὐτοῦ</span> <span class='ocrx_word' id='word_1_710' title='bbox 3457 4143 3641 4212; x_wconf 57' lang='grc' dir='ltr'>χωρή-</span> 
     </span>
    </p>
   </div>
   <div class='ocr_carea' id='block_1_90' title="bbox 2055 4233 3639 4317">
    <p class='ocr_par' dir='ltr' id='par_1_90' title="bbox 2055 4233 3639 4317">
     <span class='ocr_line' id='line_1_90' title="bbox 2055 4233 3639 4317; baseline -0.009 -18"><span class='ocrx_word' id='word_1_711' title='bbox 2055 4263 2235 4317; x_wconf 88' lang='grc' dir='ltr'>σωμεν</span> <span class='ocrx_word' id='word_1_712' title='bbox 2257 4245 2414 4312; x_wconf 83' lang='grc' dir='ltr'>λόγον</span> <span class='ocrx_word' id='word_1_713' title='bbox 2433 4283 2447 4306; x_wconf 95' lang='grc'><strong>,</strong></span> <span class='ocrx_word' id='word_1_714' title='bbox 2493 4244 2557 4294; x_wconf 80' lang='grc' dir='ltr'><strong>ἐκ</strong></span> <span class='ocrx_word' id='word_1_715' title='bbox 2583 4241 2683 4310; x_wconf 83' lang='grc' dir='ltr'>τῆς</span> <span class='ocrx_word' id='word_1_716' title='bbox 2722 4239 2907 4302; x_wconf 83' lang='grc' dir='ltr'>ούσίας</span> <span class='ocrx_word' id='word_1_717' title='bbox 2931 4236 3255 4307; x_wconf 85' lang='grc' dir='ltr'>γεννηθῆναι</span> <span class='ocrx_word' id='word_1_718' title='bbox 3288 4233 3639 4295; x_wconf 84' lang='grc' dir='ltr'>πιστεύοντες</span> 
     </span>
    </p>
   </div>
   <div class='ocr_carea' id='block_1_91' title="bbox 2056 4321 3639 4402">
    <p class='ocr_par' dir='ltr' id='par_1_91' title="bbox 2056 4321 3639 4402">
     <span class='ocr_line' id='line_1_91' title="bbox 2056 4321 3639 4402; baseline -0.008 -14"><span class='ocrx_word' id='word_1_719' title='bbox 2056 4335 2148 4389; x_wconf 88' lang='grc' dir='ltr'>τοῦ</span> <span class='ocrx_word' id='word_1_720' title='bbox 2178 4332 2312 4388; x_wconf 89' lang='grc' dir='ltr'>Θεοῦ</span> <span class='ocrx_word' id='word_1_721' title='bbox 2341 4333 2435 4386; x_wconf 80' lang='grc' dir='ltr'><strong>καὶ</strong></span> <span class='ocrx_word' id='word_1_722' title='bbox 2463 4331 2674 4402; x_wconf 86' lang='grc' dir='ltr'>Πατρὸς</span> <span class='ocrx_word' id='word_1_723' title='bbox 2706 4331 2834 4383; x_wconf 83' lang='grc' dir='ltr'>Υίὸν</span> <span class='ocrx_word' id='word_1_724' title='bbox 2862 4327 3099 4398; x_wconf 81' lang='grc' dir='ltr'>ἀληθῶς,</span> <span class='ocrx_word' id='word_1_725' title='bbox 3129 4327 3224 4380; x_wconf 76' lang='grc' dir='ltr'><strong>καὶ</strong></span> <span class='ocrx_word' id='word_1_726' title='bbox 3249 4326 3381 4379; x_wconf 83' lang='grc' dir='ltr'>Θεὸν</span> <span class='ocrx_word' id='word_1_727' title='bbox 3408 4326 3473 4378; x_wconf 81' lang='grc' dir='ltr'><strong>ἐκ</strong></span> <span class='ocrx_word' id='word_1_728' title='bbox 3498 4321 3639 4378; x_wconf 87' lang='grc' dir='ltr'>Θεοῦ</span> 
     </span>
    </p>
   </div>
   <div class='ocr_carea' id='block_1_92' title="bbox 369 4417 1949 4500">
    <p class='ocr_par' dir='ltr' id='par_1_92' title="bbox 369 4419 1949 4492">
     <span class='ocr_line' id='line_1_92' title="bbox 369 4419 1949 4492; baseline -0.001 -15"><span class='ocrx_word' id='word_1_729' title='bbox 369 4423 549 4492; x_wconf 87' lang='lat' dir='ltr'><strong>inquit</strong></span> <span class='ocrx_word' id='word_1_730' title='bbox 571 4462 586 4483; x_wconf 93' lang='lat'><strong>,</strong></span> <span class='ocrx_word' id='word_1_731' title='bbox 611 4420 862 4490; x_wconf 86' lang='lat' dir='ltr'><strong>Philippe</strong></span> <span class='ocrx_word' id='word_1_732' title='bbox 883 4460 898 4483; x_wconf 90' lang='lat'><strong>,</strong></span> <span class='ocrx_word' id='word_1_733' title='bbox 944 4419 1130 4473; x_wconf 85' lang='lat' dir='ltr'><strong>Patris</strong></span> <span class='ocrx_word' id='word_1_734' title='bbox 1177 4421 1230 4472; x_wconf 91' lang='lat' dir='ltr'><strong>in</strong></span> <span class='ocrx_word' id='word_1_735' title='bbox 1260 4433 1345 4473; x_wconf 89' lang='lat' dir='ltr'><strong>me</strong></span> <span class='ocrx_word' id='word_1_736' title='bbox 1373 4422 1742 4490; x_wconf 62' lang='lat' dir='ltr'><strong>conten‘iplari</strong></span> <span class='ocrx_word' id='word_1_737' title='bbox 1789 4431 1949 4476; x_wconf 90' lang='lat' dir='ltr'><strong>natu-</strong></span> 
     </span>
    </p>
   </div>
   <div class='ocr_carea' id='block_1_93' title="bbox 2052 4417 3642 4500">
    <p class='ocr_par' dir='ltr' id='par_1_93' title="bbox 2061 4417 3642 4494">
     <span class='ocr_line' id='line_1_93' title="bbox 2061 4417 3642 4494; baseline -0.009 -12"><span class='ocrx_word' id='word_1_738' title='bbox 2061 4427 2200 4482; x_wconf 76' lang='grc' dir='ltr'>κατὰ</span> <span class='ocrx_word' id='word_1_739' title='bbox 2233 4425 2411 4494; x_wconf 81' lang='grc' dir='ltr'>φύσιν.</span> <span class='ocrx_word' id='word_1_740' title='bbox 2474 4423 2753 4493; x_wconf 82' lang='grc' dir='ltr'>Ἀληθεύει</span> <span class='ocrx_word' id='word_1_741' title='bbox 2798 4422 2908 4492; x_wconf 78' lang='grc' dir='ltr'><strong>γὰρ</strong></span> <span class='ocrx_word' id='word_1_742' title='bbox 2935 4419 3107 4482; x_wconf 74' lang='grc' dir='ltr'>οὕτως</span> <span class='ocrx_word' id='word_1_743' title='bbox 3135 4417 3398 4488; x_wconf 81' lang='grc' dir='ltr'>ὑπάρχων</span> <span class='ocrx_word' id='word_1_744' title='bbox 3431 4417 3524 4469; x_wconf 72' lang='grc' dir='ltr'><strong>καὶ</strong></span> <span class='ocrx_word' id='word_1_745' title='bbox 3546 4431 3642 4485; x_wconf 67' lang='grc' dir='ltr'>χαι</span> 
     </span>
    </p>
   </div>
   <div class='ocr_carea' id='block_1_94' title="bbox 367 4509 1951 4582">
    <p class='ocr_par' dir='ltr' id='par_1_94' title="bbox 367 4509 1951 4582">
     <span class='ocr_line' id='line_1_94' title="bbox 367 4509 1951 4582; baseline -0.002 -16"><span class='ocrx_word' id='word_1_746' title='bbox 367 4529 486 4566; x_wconf 88' lang='lat' dir='ltr'><strong>ram</strong></span> <span class='ocrx_word' id='word_1_747' title='bbox 508 4553 523 4575; x_wconf 94' lang='lat'><strong>,</strong></span> <span class='ocrx_word' id='word_1_748' title='bbox 557 4520 612 4566; x_wconf 91' lang='lat' dir='ltr'><strong>et</strong></span> <span class='ocrx_word' id='word_1_749' title='bbox 645 4527 711 4564; x_wconf 84' lang='lat' dir='ltr'><strong>ex</strong></span> <span class='ocrx_word' id='word_1_750' title='bbox 745 4526 811 4563; x_wconf 81' lang='lat' dir='ltr'><strong>eo</strong></span> <span class='ocrx_word' id='word_1_751' title='bbox 839 4509 986 4578; x_wconf 83' lang='lat' dir='ltr'><strong>quod</strong></span> <span class='ocrx_word' id='word_1_752' title='bbox 1031 4525 1152 4562; x_wconf 90' lang='lat' dir='ltr'><strong>sum</strong></span> <span class='ocrx_word' id='word_1_753' title='bbox 1201 4511 1319 4578; x_wconf 89' lang='lat' dir='ltr'><strong>ipse</strong></span> <span class='ocrx_word' id='word_1_754' title='bbox 1341 4549 1356 4568; x_wconf 88' lang='lat'><strong><em>.</em></strong></span> <span class='ocrx_word' id='word_1_755' title='bbox 1409 4513 1714 4578; x_wconf 79' lang='lat' dir='ltr'><strong>genitorem</strong></span> <span class='ocrx_word' id='word_1_756' title='bbox 1767 4515 1951 4582; x_wconf 74' lang='lat' dir='ltr'><strong>perci-</strong></span> 
     </span>
    </p>
   </div>
   <div class='ocr_carea' id='block_1_95' title="bbox 342 4600 1950 4674">
    <p class='ocr_par' dir='ltr' id='par_1_95' title="bbox 342 4600 1950 4674">
     <span class='ocr_line' id='line_1_95' title="bbox 342 4600 1950 4674; baseline 0.001 -15"><span class='ocrx_word' id='word_1_757' title='bbox 342 4606 517 4674; x_wconf 70' lang='lat' dir='ltr'><strong>lpere.</strong></span> <span class='ocrx_word' id='word_1_758' title='bbox 576 4600 774 4655; x_wconf 77' lang='lat' dir='ltr'><strong>Exstiti</strong></span> <span class='ocrx_word' id='word_1_759' title='bbox 823 4600 969 4653; x_wconf 89' lang='lat' dir='ltr'><strong>enim</strong></span> <span class='ocrx_word' id='word_1_760' title='bbox 1015 4607 1069 4652; x_wconf 92' lang='lat' dir='ltr'><strong>et</strong></span> <span class='ocrx_word' id='word_1_761' title='bbox 1103 4615 1224 4652; x_wconf 88' lang='lat' dir='ltr'><strong>sum</strong></span> <span class='ocrx_word' id='word_1_762' title='bbox 1267 4615 1400 4655; x_wconf 91' lang='lat' dir='ltr'><strong>vere</strong></span> <span class='ocrx_word' id='word_1_763' title='bbox 1449 4603 1776 4658; x_wconf 76' lang='lat' dir='ltr'><strong>substantia:</strong></span> <span class='ocrx_word' id='word_1_764' title='bbox 1827 4605 1950 4671; x_wconf 89' lang='lat' dir='ltr'><strong>ejus</strong></span> 
     </span>
    </p>
   </div>
   <div class='ocr_carea' id='block_1_96' title="bbox 369 4689 1952 4762">
    <p class='ocr_par' dir='ltr' id='par_1_96' title="bbox 369 4689 1952 4762">
     <span class='ocr_line' id='line_1_96' title="bbox 369 4689 1952 4762; baseline -0.001 -13"><span class='ocrx_word' id='word_1_765' title='bbox 369 4697 678 4753; x_wconf 87' lang='lat' dir='ltr'><strong>character,</strong></span> <span class='ocrx_word' id='word_1_766' title='bbox 713 4707 806 4761; x_wconf 90' lang='lat' dir='ltr'><strong>per</strong></span> <span class='ocrx_word' id='word_1_767' title='bbox 839 4690 1026 4745; x_wconf 90' lang='lat' dir='ltr'><strong>omnia</strong></span> <span class='ocrx_word' id='word_1_768' title='bbox 1070 4689 1272 4746; x_wconf 90' lang='lat' dir='ltr'><strong>similis</strong></span> <span class='ocrx_word' id='word_1_769' title='bbox 1301 4699 1354 4745; x_wconf 91' lang='lat' dir='ltr'><strong>et</strong></span> <span class='ocrx_word' id='word_1_770' title='bbox 1387 4692 1568 4762; x_wconf 81' lang='lat' dir='ltr'><strong>imago</strong></span> <span class='ocrx_word' id='word_1_771' title='bbox 1605 4692 1952 4762; x_wconf 83' lang='lat' dir='ltr'><strong>perfectissi-</strong></span> 
     </span>
    </p>
   </div>
   <div class='ocr_carea' id='block_1_97' title="bbox 369 4769 1950 4852">
    <p class='ocr_par' dir='ltr' id='par_1_97' title="bbox 369 4769 1950 4852">
     <span class='ocr_line' id='line_1_97' title="bbox 369 4769 1950 4852; baseline 0.003 -14"><span class='ocrx_word' id='word_1_772' title='bbox 369 4801 456 4839; x_wconf 88' lang='lat' dir='ltr'><strong>ma</strong></span> <span class='ocrx_word' id='word_1_773' title='bbox 485 4785 561 4846; x_wconf 79' lang='lat'><strong>&quot;,</strong></span> <span class='ocrx_word' id='word_1_774' title='bbox 596 4792 767 4838; x_wconf 89' lang='lat' dir='ltr'><strong>totam</strong></span> <span class='ocrx_word' id='word_1_775' title='bbox 794 4783 848 4836; x_wconf 92' lang='lat' dir='ltr'><strong>in</strong></span> <span class='ocrx_word' id='word_1_776' title='bbox 882 4782 1092 4852; x_wconf 88' lang='lat' dir='ltr'><strong>meipso</strong></span> <span class='ocrx_word' id='word_1_777' title='bbox 1125 4769 1234 4837; x_wconf 25' lang='lat' dir='ltr'><strong>Dei.</strong></span> <span class='ocrx_word' id='word_1_778' title='bbox 1254 4797 1318 4837; x_wconf 90' lang='lat' dir='ltr'><strong>ac</strong></span> <span class='ocrx_word' id='word_1_779' title='bbox 1350 4781 1530 4839; x_wconf 91' lang='lat' dir='ltr'><strong>Patris</strong></span> <span class='ocrx_word' id='word_1_780' title='bbox 1561 4793 1822 4840; x_wconf 89' lang='lat' dir='ltr'><strong>naturam</strong></span> <span class='ocrx_word' id='word_1_781' title='bbox 1853 4804 1950 4843; x_wconf 83' lang='lat' dir='ltr'><strong>ex-</strong></span> 
     </span>
    </p>
   </div>
   <div class='ocr_carea' id='block_1_98' title="bbox 368 4871 1941 4944">
    <p class='ocr_par' dir='ltr' id='par_1_98' title="bbox 368 4871 1941 4944">
     <span class='ocr_line' id='line_1_98' title="bbox 368 4871 1941 4944; baseline 0.003 -15"><span class='ocrx_word' id='word_1_782' title='bbox 368 4877 631 4944; x_wconf 80' lang='lat' dir='ltr'><strong>primens.</strong></span> <span class='ocrx_word' id='word_1_783' title='bbox 687 4873 860 4939; x_wconf 86' lang='lat' dir='ltr'><strong>Quem</strong></span> <span class='ocrx_word' id='word_1_784' title='bbox 913 4871 1132 4927; x_wconf 89' lang='lat' dir='ltr'><strong>demum</strong></span> <span class='ocrx_word' id='word_1_785' title='bbox 1191 4873 1423 4929; x_wconf 84' lang='lat' dir='ltr'><strong>visionis</strong></span> <span class='ocrx_word' id='word_1_786' title='bbox 1469 4875 1672 4931; x_wconf 73' lang='lat' dir='ltr'><strong>divinae</strong></span> <span class='ocrx_word' id='word_1_787' title='bbox 1720 4879 1941 4933; x_wconf 90' lang='lat' dir='ltr'><strong>modum</strong></span> 
     </span>
    </p>
   </div>
   <div class='ocr_carea' id='block_1_99' title="bbox 370 4962 1947 5036">
    <p class='ocr_par' dir='ltr' id='par_1_99' title="bbox 370 4962 1947 5036">
     <span class='ocr_line' id='line_1_99' title="bbox 370 4962 1947 5036; baseline 0.003 -16"><span class='ocrx_word' id='word_1_788' title='bbox 370 4966 535 5020; x_wconf 84' lang='lat' dir='ltr'><strong>alium</strong></span> <span class='ocrx_word' id='word_1_789' title='bbox 562 4963 845 5034; x_wconf 85' lang='lat' dir='ltr'><strong>quaesieris</strong></span> <span class='ocrx_word' id='word_1_790' title='bbox 863 5002 877 5028; x_wconf 96' lang='lat'><strong>,</strong></span> <span class='ocrx_word' id='word_1_791' title='bbox 903 4962 951 5016; x_wconf 90' lang='lat' dir='ltr'><strong>si</strong></span> <span class='ocrx_word' id='word_1_792' title='bbox 978 4962 1078 5016; x_wconf 91' lang='lat' dir='ltr'><strong>tibi</strong></span> <span class='ocrx_word' id='word_1_793' title='bbox 1107 4978 1245 5018; x_wconf 88' lang='lat' dir='ltr'><strong>sana</strong></span> <span class='ocrx_word' id='word_1_794' title='bbox 1271 4979 1428 5020; x_wconf 91' lang='lat' dir='ltr'><strong>mens</strong></span> <span class='ocrx_word' id='word_1_795' title='bbox 1457 4981 1580 5022; x_wconf 90' lang='lat' dir='ltr'><strong>esse</strong></span> <span class='ocrx_word' id='word_1_796' title='bbox 1607 4976 1824 5036; x_wconf 90' lang='lat' dir='ltr'><strong>potest,</strong></span> <span class='ocrx_word' id='word_1_797' title='bbox 1851 4979 1947 5025; x_wconf 89' lang='lat' dir='ltr'><strong>aut</strong></span> 
     </span>
    </p>
   </div>
   <div class='ocr_carea' id='block_1_100' title="bbox 369 5049 1946 5137">
    <p class='ocr_par' dir='ltr' id='par_1_100' title="bbox 369 5049 1946 5137">
     <span class='ocr_line' id='line_1_100' title="bbox 369 5049 1946 5137; baseline 0.004 -29"><span class='ocrx_word' id='word_1_798' title='bbox 369 5055 548 5125; x_wconf 84' lang='lat' dir='ltr'><strong>quod,</strong></span> <span class='ocrx_word' id='word_1_799' title='bbox 613 5067 836 5124; x_wconf 65' lang='lat' dir='ltr'><strong>quaeso,</strong></span> <span class='ocrx_word' id='word_1_800' title='bbox 893 5049 1125 5108; x_wconf 87' lang='lat' dir='ltr'><strong>visionis</strong></span> <span class='ocrx_word' id='word_1_801' title='bbox 1176 5068 1350 5137; x_wconf 78' lang='lat' dir='ltr'><strong>genus</strong></span> <span class='ocrx_word' id='word_1_802' title='bbox 1421 5057 1639 5126; x_wconf 85' lang='lat' dir='ltr'><strong>rogas?</strong></span> <span class='ocrx_word' id='word_1_803' title='bbox 1672 5057 1946 5128; x_wconf 90' lang='lat' dir='ltr'><strong>Nunquid</strong></span> 
     </span>
    </p>
   </div>
   <div class='ocr_carea' id='block_1_101' title="bbox 371 5143 1946 5214">
    <p class='ocr_par' dir='ltr' id='par_1_101' title="bbox 371 5143 1946 5214">
     <span class='ocr_line' id='line_1_101' title="bbox 371 5143 1946 5214; baseline 0.006 -19"><span class='ocrx_word' id='word_1_804' title='bbox 371 5143 808 5213; x_wconf 64' lang='lat' dir='ltr'><strong>praestantiorem</strong></span> <span class='ocrx_word' id='word_1_805' title='bbox 844 5151 900 5196; x_wconf 88' lang='lat' dir='ltr'><strong>et</strong></span> <span class='ocrx_word' id='word_1_806' title='bbox 941 5143 1115 5213; x_wconf 84' lang='lat' dir='ltr'><strong>magis</strong></span> <span class='ocrx_word' id='word_1_807' title='bbox 1147 5143 1484 5214; x_wconf 82' lang='lat' dir='ltr'><strong>exquisitam</strong></span> <span class='ocrx_word' id='word_1_808' title='bbox 1523 5149 1806 5204; x_wconf 83' lang='lat' dir='ltr'><strong>veteribus</strong></span> <span class='ocrx_word' id='word_1_809' title='bbox 1845 5149 1946 5204; x_wconf 88' lang='lat' dir='ltr'><strong>da-</strong></span> 
     </span>
    </p>
   </div>
   <div class='ocr_carea' id='block_1_102' title="bbox 370 5237 1948 5315">
    <p class='ocr_par' dir='ltr' id='par_1_102' title="bbox 370 5237 1948 5315">
     <span class='ocr_line' id='line_1_102' title="bbox 370 5237 1948 5315; baseline 0.007 -25"><span class='ocrx_word' id='word_1_810' title='bbox 370 5248 479 5290; x_wconf 90' lang='lat' dir='ltr'><strong>tam</strong></span> <span class='ocrx_word' id='word_1_811' title='bbox 497 5251 624 5290; x_wconf 89' lang='lat' dir='ltr'><strong>esse</strong></span> <span class='ocrx_word' id='word_1_812' title='bbox 652 5237 960 5303; x_wconf 81' lang='lat' dir='ltr'><strong>existimas,</strong></span> <span class='ocrx_word' id='word_1_813' title='bbox 986 5252 1112 5292; x_wconf 90' lang='lat' dir='ltr'><strong>cum</strong></span> <span class='ocrx_word' id='word_1_814' title='bbox 1145 5238 1202 5294; x_wconf 91' lang='lat' dir='ltr'><strong>in</strong></span> <span class='ocrx_word' id='word_1_815' title='bbox 1233 5249 1476 5296; x_wconf 88' lang='lat' dir='ltr'><strong>montem</strong></span> <span class='ocrx_word' id='word_1_816' title='bbox 1516 5239 1646 5298; x_wconf 91' lang='lat' dir='ltr'><strong>Sina</strong></span> <span class='ocrx_word' id='word_1_817' title='bbox 1671 5245 1725 5299; x_wconf 92' lang='lat' dir='ltr'><strong>in</strong></span> <span class='ocrx_word' id='word_1_818' title='bbox 1761 5248 1948 5315; x_wconf 88' lang='lat' dir='ltr'><strong>specie</strong></span> 
     </span>
    </p>
   </div>
   <div class='ocr_carea' id='block_1_103' title="bbox 315 5327 1944 5404">
    <p class='ocr_par' dir='ltr' id='par_1_103' title="bbox 315 5327 1944 5404">
     <span class='ocr_line' id='line_1_103' title="bbox 315 5327 1944 5404; baseline 0.006 -22"><span class='ocrx_word' id='word_1_819' title='bbox 315 5338 320 5342; x_wconf 77' lang='lat'><strong><em>‘</em></strong></span> <span class='ocrx_word' id='word_1_820' title='bbox 371 5328 514 5399; x_wconf 85' lang='lat' dir='ltr'><strong>ignis</strong></span> <span class='ocrx_word' id='word_1_821' title='bbox 543 5327 801 5381; x_wconf 89' lang='lat' dir='ltr'><strong>descendi</strong></span> <span class='ocrx_word' id='word_1_822' title='bbox 837 5329 927 5383; x_wconf 67' lang='lat'><strong>&quot;1&#39;</strong></span> <span class='ocrx_word' id='word_1_823' title='bbox 955 5329 1034 5384; x_wconf 89' lang='lat' dir='ltr'><strong>0b</strong></span> <span class='ocrx_word' id='word_1_824' title='bbox 1076 5332 1180 5388; x_wconf 92' lang='lat' dir='ltr'><strong>hoc</strong></span> <span class='ocrx_word' id='word_1_825' title='bbox 1205 5333 1350 5389; x_wconf 89' lang='lat' dir='ltr'><strong>enim</strong></span> <span class='ocrx_word' id='word_1_826' title='bbox 1380 5331 1557 5389; x_wconf 55' lang='lat' dir='ltr'><strong>Judaei</strong></span> <span class='ocrx_word' id='word_1_827' title='bbox 1593 5337 1944 5404; x_wconf 90' lang='lat' dir='ltr'><strong>potissimum</strong></span> 
     </span>
    </p>
   </div>
   <div class='ocr_carea' id='block_1_104' title="bbox 371 5417 1943 5500">
    <p class='ocr_par' dir='ltr' id='par_1_104' title="bbox 371 5417 1943 5500">
     <span class='ocr_line' id='line_1_104' title="bbox 371 5417 1943 5500; baseline 0.007 -27"><span class='ocrx_word' id='word_1_828' title='bbox 371 5418 593 5491; x_wconf 86' lang='lat' dir='ltr'><strong>gloriari</strong></span> <span class='ocrx_word' id='word_1_829' title='bbox 623 5417 821 5472; x_wconf 87' lang='lat' dir='ltr'><strong>solent.</strong></span> <span class='ocrx_word' id='word_1_830' title='bbox 857 5419 981 5476; x_wconf 85' lang='lat' dir='ltr'><strong>Haec</strong></span> <span class='ocrx_word' id='word_1_831' title='bbox 1023 5438 1052 5476; x_wconf 92' lang='lat' dir='ltr'><strong>a</strong></span> <span class='ocrx_word' id='word_1_832' title='bbox 1093 5424 1318 5482; x_wconf 86' lang='lat' dir='ltr'><strong>Christo</strong></span> <span class='ocrx_word' id='word_1_833' title='bbox 1380 5425 1572 5480; x_wconf 80' lang='lat' dir='ltr'><strong>forsan</strong></span> <span class='ocrx_word' id='word_1_834' title='bbox 1621 5429 1769 5483; x_wconf 89' lang='lat' dir='ltr'><strong>dicta</strong></span> <span class='ocrx_word' id='word_1_835' title='bbox 1816 5430 1943 5500; x_wconf 84' lang='lat' dir='ltr'><strong>qui-</strong></span> 
     </span>
    </p>
   </div>
   <div class='ocr_carea' id='block_1_105' title="bbox 370 5511 1940 5579">
    <p class='ocr_par' dir='ltr' id='par_1_105' title="bbox 370 5511 1940 5579">
     <span class='ocr_line' id='line_1_105' title="bbox 370 5511 1940 5579; baseline 0.008 -14"><span class='ocrx_word' id='word_1_836' title='bbox 370 5514 490 5567; x_wconf 82' lang='lat' dir='ltr'><strong>dem</strong></span> <span class='ocrx_word' id='word_1_837' title='bbox 534 5525 657 5565; x_wconf 85' lang='lat' dir='ltr'><strong>esse</strong></span> <span class='ocrx_word' id='word_1_838' title='bbox 701 5511 1058 5579; x_wconf 83' lang='lat' dir='ltr'><strong>putabimus:</strong></span> <span class='ocrx_word' id='word_1_839' title='bbox 1094 5526 1352 5574; x_wconf 65' lang='lat' dir='ltr'><strong>caeterum</strong></span> <span class='ocrx_word' id='word_1_840' title='bbox 1391 5520 1460 5574; x_wconf 87' lang='lat' dir='ltr'><strong>ad</strong></span> <span class='ocrx_word' id='word_1_841' title='bbox 1509 5519 1602 5575; x_wconf 87' lang='lat' dir='ltr'><strong>Dei</strong></span> <span class='ocrx_word' id='word_1_842' title='bbox 1649 5530 1705 5576; x_wconf 89' lang='lat' dir='ltr'><strong>et</strong></span> <span class='ocrx_word' id='word_1_843' title='bbox 1758 5520 1940 5578; x_wconf 89' lang='lat' dir='ltr'><strong>Patris</strong></span> 
     </span>
    </p>
   </div>
   <div class='ocr_carea' id='block_1_106' title="bbox 443 5681 1938 5767">
    <p class='ocr_par' dir='ltr' id='par_1_106' title="bbox 443 5681 1938 5767">
     <span class='ocr_line' id='line_1_106' title="bbox 443 5681 1938 5767; baseline 0.007 -20"><span class='ocrx_word' id='word_1_844' title='bbox 443 5681 490 5712; x_wconf 69' lang='grc'><strong>⁹⁸</strong></span> <span class='ocrx_word' id='word_1_845' title='bbox 513 5689 708 5750; x_wconf 76' lang='lat' dir='ltr'><strong>Ezech.</strong></span> <span class='ocrx_word' id='word_1_846' title='bbox 742 5704 837 5748; x_wconf 81' lang='lat' dir='ltr'><strong>xm</strong></span> <span class='ocrx_word' id='word_1_847' title='bbox 864 5731 880 5758; x_wconf 90' lang='lat'><strong>,</strong></span> <span class='ocrx_word' id='word_1_848' title='bbox 915 5691 967 5746; x_wconf 84' lang='grc'><strong>’5.</strong></span> <span class='ocrx_word' id='word_1_849' title='bbox 1043 5693 1089 5723; x_wconf 78' lang='grc'><strong>’⁸</strong></span> <span class='ocrx_word' id='word_1_850' title='bbox 1122 5693 1160 5747; x_wconf 93' lang='lat' dir='ltr'><strong>ll</strong></span> <span class='ocrx_word' id='word_1_851' title='bbox 1193 5693 1320 5750; x_wconf 89' lang='lat' dir='ltr'><strong>Cor.</strong></span> <span class='ocrx_word' id='word_1_852' title='bbox 1376 5712 1450 5764; x_wconf 80' lang='lat' dir='ltr'><strong>tv,</strong></span> <span class='ocrx_word' id='word_1_853' title='bbox 1492 5697 1560 5766; x_wconf 66' lang='lat'><strong>4;</strong></span> <span class='ocrx_word' id='word_1_854' title='bbox 1588 5696 1760 5760; x_wconf 70' lang='lat' dir='ltr'><strong>Hebr,</strong></span> <span class='ocrx_word' id='word_1_855' title='bbox 1790 5718 1842 5767; x_wconf 86' lang='grc' dir='ltr'><strong>ι,</strong></span> <span class='ocrx_word' id='word_1_856' title='bbox 1888 5705 1938 5757; x_wconf 80' lang='lat'><strong>5.</strong></span> 
     </span>
    </p>
   </div>
   <div class='ocr_carea' id='block_1_107' title="bbox 2061 4505 3636 4586">
    <p class='ocr_par' dir='ltr' id='par_1_107' title="bbox 2061 4505 3636 4586">
     <span class='ocr_line' id='line_1_107' title="bbox 2061 4505 3636 4586; baseline -0.01 -16"><span class='ocrx_word' id='word_1_857' title='bbox 2061 4516 2292 4586; x_wconf 78' lang='grc' dir='ltr'>ρακτὴρ,</span> <span class='ocrx_word' id='word_1_858' title='bbox 2325 4515 2422 4568; x_wconf 70' lang='grc' dir='ltr'><strong>καὶ</strong></span> <span class='ocrx_word' id='word_1_859' title='bbox 2451 4513 2708 4584; x_wconf 85' lang='grc' dir='ltr'>ὁμοίωσις</span> <span class='ocrx_word' id='word_1_860' title='bbox 2732 4509 2826 4563; x_wconf 90' lang='grc' dir='ltr'>τοῦ</span> <span class='ocrx_word' id='word_1_861' title='bbox 2861 4508 2996 4562; x_wconf 84' lang='grc' dir='ltr'>Θεοῦ</span> <span class='ocrx_word' id='word_1_862' title='bbox 3028 4509 3118 4561; x_wconf 62' lang='grc' dir='ltr'>καὶ</span> <span class='ocrx_word' id='word_1_863' title='bbox 3153 4507 3388 4577; x_wconf 81' lang='grc' dir='ltr'>Πατρὸς,</span> <span class='ocrx_word' id='word_1_864' title='bbox 3419 4505 3597 4573; x_wconf 85' lang='grc' dir='ltr'>λέγων</span> <span class='ocrx_word' id='word_1_865' title='bbox 3619 4521 3636 4536; x_wconf 77' lang='grc' dir='ltr'><strong>ο</strong></span> 
     </span>
    </p>
   </div>
   <div class='ocr_carea' id='block_1_108' title="bbox 2059 4599 3641 4682">
    <p class='ocr_par' dir='ltr' id='par_1_108' title="bbox 2059 4599 3641 4682">
     <span class='ocr_line' id='line_1_108' title="bbox 2059 4599 3641 4682; baseline -0.005 -18"><span class='ocrx_word' id='word_1_866' title='bbox 2059 4632 2078 4664; x_wconf 71' lang='grc' dir='ltr'><strong>ι</strong></span> <span class='ocrx_word' id='word_1_867' title='bbox 2102 4613 2159 4664; x_wconf 83' lang='grc'><strong>’0</strong></span> <span class='ocrx_word' id='word_1_868' title='bbox 2190 4609 2450 4682; x_wconf 80' lang='grc' dir='ltr'>ἑωρακὼς</span> <span class='ocrx_word' id='word_1_869' title='bbox 2478 4608 2607 4677; x_wconf 82' lang='grc' dir='ltr'>ἐμὲ,</span> <span class='ocrx_word' id='word_1_870' title='bbox 2643 4606 2855 4678; x_wconf 80' lang='grc' dir='ltr'>ἑώρακε</span> <span class='ocrx_word' id='word_1_871' title='bbox 2882 4605 2972 4659; x_wconf 81' lang='grc' dir='ltr'><strong>τὸν</strong></span> <span class='ocrx_word' id='word_1_872' title='bbox 3001 4604 3221 4676; x_wconf 80' lang='grc' dir='ltr'>Πατέρα</span> <span class='ocrx_word' id='word_1_873' title='bbox 3244 4621 3258 4634; x_wconf 76' lang='grc' dir='ltr'><strong>ο</strong></span> <span class='ocrx_word' id='word_1_874' title='bbox 3284 4603 3401 4668; x_wconf 86' lang='grc' dir='ltr'>πῶς</span> <span class='ocrx_word' id='word_1_875' title='bbox 3426 4599 3518 4657; x_wconf 78' lang='grc' dir='ltr'>οὖν</span> <span class='ocrx_word' id='word_1_876' title='bbox 3550 4603 3641 4656; x_wconf 84' lang='grc' dir='ltr'><strong>λέ-</strong></span> 
     </span>
    </p>
   </div>
   <div class='ocr_carea' id='block_1_109' title="bbox 2054 4695 3638 4772">
    <p class='ocr_par' dir='ltr' id='par_1_109' title="bbox 2054 4695 3638 4772">
     <span class='ocr_line' id='line_1_109' title="bbox 2054 4695 3638 4772; baseline -0.006 -17"><span class='ocrx_word' id='word_1_877' title='bbox 2054 4722 2169 4772; x_wconf 83' lang='grc' dir='ltr'>γεις</span> <span class='ocrx_word' id='word_1_878' title='bbox 2196 4721 2209 4734; x_wconf 89' lang='grc'><strong>·</strong></span> <span class='ocrx_word' id='word_1_879' title='bbox 2244 4699 2425 4765; x_wconf 82' lang='grc' dir='ltr'>Δεῖξον</span> <span class='ocrx_word' id='word_1_880' title='bbox 2463 4701 2596 4770; x_wconf 81' lang='grc' dir='ltr'>ἡμῖν</span> <span class='ocrx_word' id='word_1_881' title='bbox 2627 4698 2720 4751; x_wconf 85' lang='grc' dir='ltr'><strong>τὸν</strong></span> <span class='ocrx_word' id='word_1_882' title='bbox 2755 4697 3013 4766; x_wconf 84' lang='grc' dir='ltr'>Πατέρα;</span> <span class='ocrx_word' id='word_1_883' title='bbox 3047 4715 3066 4748; x_wconf 69' lang='grc' dir='ltr'><strong>ι</strong></span> <span class='ocrx_word' id='word_1_884' title='bbox 3115 4695 3264 4762; x_wconf 82' lang='grc' dir='ltr'>Ἐξὸν</span> <span class='ocrx_word' id='word_1_885' title='bbox 3292 4696 3402 4766; x_wconf 79' lang='grc' dir='ltr'><strong>γάρ</strong></span> <span class='ocrx_word' id='word_1_886' title='bbox 3437 4695 3500 4765; x_wconf 84' lang='grc' dir='ltr'>δή</span> <span class='ocrx_word' id='word_1_887' title='bbox 3531 4712 3638 4757; x_wconf 93' lang='grc' dir='ltr'>σοι,</span> 
     </span>
    </p>
   </div>
   <div class='ocr_carea' id='block_1_110' title="bbox 2055 4787 3641 4868">
    <p class='ocr_par' dir='ltr' id='par_1_110' title="bbox 2055 4787 3641 4868">
     <span class='ocr_line' id='line_1_110' title="bbox 2055 4787 3641 4868; baseline -0.011 -12"><span class='ocrx_word' id='word_1_888' title='bbox 2055 4797 2248 4868; x_wconf 75' lang='grc' dir='ltr'>φησὶν,</span> <span class='ocrx_word' id='word_1_889' title='bbox 2276 4788 2321 4848; x_wconf 81' lang='grc' dir='ltr'>ὧ</span> <span class='ocrx_word' id='word_1_890' title='bbox 2345 4793 2606 4854; x_wconf 84' lang='grc' dir='ltr'>Φίλιππε,</span> <span class='ocrx_word' id='word_1_891' title='bbox 2638 4793 2737 4864; x_wconf 82' lang='grc' dir='ltr'>τὴν</span> <span class='ocrx_word' id='word_1_892' title='bbox 2761 4791 2853 4844; x_wconf 88' lang='grc' dir='ltr'>τοῦ</span> <span class='ocrx_word' id='word_1_893' title='bbox 2882 4789 3100 4860; x_wconf 83' lang='grc' dir='ltr'>Πατρὺς</span> <span class='ocrx_word' id='word_1_894' title='bbox 3131 4790 3188 4842; x_wconf 80' lang='grc' dir='ltr'>ὲν</span> <span class='ocrx_word' id='word_1_895' title='bbox 3216 4789 3341 4859; x_wconf 70' lang='grc' dir='ltr'>ἐμοὶ</span> <span class='ocrx_word' id='word_1_896' title='bbox 3369 4787 3641 4841; x_wconf 85' lang='grc' dir='ltr'>καταθεά-</span> 
     </span>
    </p>
   </div>
   <div class='ocr_carea' id='block_1_111' title="bbox 2055 4875 3642 4956">
    <p class='ocr_par' dir='ltr' id='par_1_111' title="bbox 2055 4875 3642 4956">
     <span class='ocr_line' id='line_1_111' title="bbox 2055 4875 3642 4956; baseline -0.007 -14"><span class='ocrx_word' id='word_1_897' title='bbox 2055 4889 2253 4944; x_wconf 87' lang='grc' dir='ltr'>σασθαι</span> <span class='ocrx_word' id='word_1_898' title='bbox 2283 4886 2478 4956; x_wconf 86' lang='grc' dir='ltr'>φύσιν,</span> <span class='ocrx_word' id='word_1_899' title='bbox 2532 4886 2628 4939; x_wconf 79' lang='grc' dir='ltr'><strong>καὶ</strong></span> <span class='ocrx_word' id='word_1_900' title='bbox 2659 4883 2720 4948; x_wconf 82' lang='grc' dir='ltr'><strong>ἐξ</strong></span> <span class='ocrx_word' id='word_1_901' title='bbox 2757 4875 2832 4936; x_wconf 85' lang='grc' dir='ltr'><strong>ὧν</strong></span> <span class='ocrx_word' id='word_1_902' title='bbox 2866 4883 3027 4945; x_wconf 84' lang='grc' dir='ltr'>αὐτός</span> <span class='ocrx_word' id='word_1_903' title='bbox 3057 4884 3172 4952; x_wconf 78' lang='grc' dir='ltr'>ειμι</span> <span class='ocrx_word' id='word_1_904' title='bbox 3213 4879 3642 4936; x_wconf 84' lang='grc' dir='ltr'>διασκέπτεσθαι</span> 
     </span>
    </p>
   </div>
   <div class='ocr_carea' id='block_1_112' title="bbox 2052 4971 3636 5047">
    <p class='ocr_par' dir='ltr' id='par_1_112' title="bbox 2052 4971 3636 5047">
     <span class='ocr_line' id='line_1_112' title="bbox 2052 4971 3636 5047; baseline -0.006 -16"><span class='ocrx_word' id='word_1_905' title='bbox 2052 4977 2142 5032; x_wconf 84' lang='grc' dir='ltr'><strong>τὸν</strong></span> <span class='ocrx_word' id='word_1_906' title='bbox 2156 4978 2474 5047; x_wconf 80' lang='grc' dir='ltr'>γεννήτορα.</span> <span class='ocrx_word' id='word_1_907' title='bbox 2502 4973 2726 5045; x_wconf 87' lang='grc' dir='ltr'>Πέφηνά</span> <span class='ocrx_word' id='word_1_908' title='bbox 2749 4991 2808 5026; x_wconf 87' lang='grc' dir='ltr'><strong>τε</strong></span> <span class='ocrx_word' id='word_1_909' title='bbox 2837 4975 2943 5044; x_wconf 84' lang='grc' dir='ltr'>γὰρ</span> <span class='ocrx_word' id='word_1_910' title='bbox 2968 4974 3063 5026; x_wconf 72' lang='grc' dir='ltr'><strong>καὶ</strong></span> <span class='ocrx_word' id='word_1_911' title='bbox 3082 4973 3195 5043; x_wconf 80' lang='grc' dir='ltr'>εἰμὶ</span> <span class='ocrx_word' id='word_1_912' title='bbox 3215 4973 3335 5026; x_wconf 82' lang='grc' dir='ltr'>κατ’</span> <span class='ocrx_word' id='word_1_913' title='bbox 3355 4971 3636 5042; x_wconf 85' lang='grc' dir='ltr'>ἀλήθειαν,</span> 
     </span>
    </p>
   </div>
   <div class='ocr_carea' id='block_1_113' title="bbox 2055 5063 3641 5139">
    <p class='ocr_par' dir='ltr' id='par_1_113' title="bbox 2055 5063 3641 5139">
     <span class='ocr_line' id='line_1_113' title="bbox 2055 5063 3641 5139; baseline -0.006 -16"><span class='ocrx_word' id='word_1_914' title='bbox 2055 5069 2272 5139; x_wconf 74' lang='grc' dir='ltr'>καὶτῆς</span> <span class='ocrx_word' id='word_1_915' title='bbox 2301 5069 2488 5131; x_wconf 85' lang='grc' dir='ltr'>οὐσίας</span> <span class='ocrx_word' id='word_1_916' title='bbox 2535 5065 2702 5122; x_wconf 78' lang='grc' dir='ltr'>αὑτοῦ</span> <span class='ocrx_word' id='word_1_917' title='bbox 2732 5064 3016 5137; x_wconf 84' lang='grc' dir='ltr'>χαρακτὴρ</span> <span class='ocrx_word' id='word_1_918' title='bbox 3067 5063 3506 5136; x_wconf 86' lang='grc' dir='ltr'>ἀπαράλλακτος,</span> <span class='ocrx_word' id='word_1_919' title='bbox 3542 5063 3641 5115; x_wconf 79' lang='grc' dir='ltr'><strong>καὶ</strong></span> 
     </span>
    </p>
   </div>
   <div class='ocr_carea' id='block_1_114' title="bbox 2055 5155 3639 5233">
    <p class='ocr_par' dir='ltr' id='par_1_114' title="bbox 2055 5155 3639 5233">
     <span class='ocr_line' id='line_1_114' title="bbox 2055 5155 3639 5233; baseline -0.004 -17"><span class='ocrx_word' id='word_1_920' title='bbox 2055 5162 2217 5216; x_wconf 77' lang='grc' dir='ltr'>εἰκὼν</span> <span class='ocrx_word' id='word_1_921' title='bbox 2248 5162 2494 5233; x_wconf 79' lang='grc' dir='ltr'>ἐμφερὴς</span> <span class='ocrx_word' id='word_1_922' title='bbox 2516 5201 2531 5225; x_wconf 97' lang='grc'><strong>,</strong></span> <span class='ocrx_word' id='word_1_923' title='bbox 2561 5160 2688 5231; x_wconf 86' lang='grc' dir='ltr'>ὃλην</span> <span class='ocrx_word' id='word_1_924' title='bbox 2720 5161 2779 5212; x_wconf 82' lang='grc' dir='ltr'><strong>ἐν</strong></span> <span class='ocrx_word' id='word_1_925' title='bbox 2823 5158 3046 5230; x_wconf 80' lang='grc' dir='ltr'>ἐμαυτῷ</span> <span class='ocrx_word' id='word_1_926' title='bbox 3087 5158 3188 5228; x_wconf 78' lang='grc' dir='ltr'>τὴν</span> <span class='ocrx_word' id='word_1_927' title='bbox 3221 5157 3316 5211; x_wconf 91' lang='grc' dir='ltr'>τοῦ</span> <span class='ocrx_word' id='word_1_928' title='bbox 3356 5155 3492 5209; x_wconf 84' lang='grc' dir='ltr'>Θεοῦ</span> <span class='ocrx_word' id='word_1_929' title='bbox 3543 5156 3639 5209; x_wconf 76' lang='grc' dir='ltr'><strong>καὶ</strong></span> 
     </span>
    </p>
   </div>
   <div class='ocr_carea' id='block_1_115' title="bbox 2055 5249 3638 5324">
    <p class='ocr_par' dir='ltr' id='par_1_115' title="bbox 2055 5249 3638 5324">
     <span class='ocr_line' id='line_1_115' title="bbox 2055 5249 3638 5324; baseline -0.004 -17"><span class='ocrx_word' id='word_1_930' title='bbox 2055 5254 2268 5324; x_wconf 80' lang='grc' dir='ltr'>Πατρδς</span> <span class='ocrx_word' id='word_1_931' title='bbox 2296 5253 2648 5324; x_wconf 83' lang='grc' dir='ltr'>ἐγχαράττων</span> <span class='ocrx_word' id='word_1_932' title='bbox 2684 5252 2866 5321; x_wconf 86' lang='grc' dir='ltr'>φύσιν.</span> <span class='ocrx_word' id='word_1_933' title='bbox 2913 5252 3072 5306; x_wconf 89' lang='grc' dir='ltr'>Ποῖον</span> <span class='ocrx_word' id='word_1_934' title='bbox 3109 5249 3189 5304; x_wconf 78' lang='grc' dir='ltr'>ἔτι</span> <span class='ocrx_word' id='word_1_935' title='bbox 3235 5251 3335 5317; x_wconf 82' lang='grc' dir='ltr'>τῆς</span> <span class='ocrx_word' id='word_1_936' title='bbox 3382 5249 3638 5311; x_wconf 83' lang='grc' dir='ltr'>θεοπτίας</span> 
     </span>
    </p>
   </div>
   <div class='ocr_carea' id='block_1_116' title="bbox 2054 5339 3632 5415">
    <p class='ocr_par' dir='ltr' id='par_1_116' title="bbox 2054 5339 3632 5415">
     <span class='ocr_line' id='line_1_116' title="bbox 2054 5339 3632 5415; baseline -0.004 -17"><span class='ocrx_word' id='word_1_937' title='bbox 2054 5344 2414 5414; x_wconf 78' lang='grc' dir='ltr'>ἐπιζητήσαις</span> <span class='ocrx_word' id='word_1_938' title='bbox 2438 5344 2505 5396; x_wconf 82' lang='grc' dir='ltr'>ἂν</span> <span class='ocrx_word' id='word_1_939' title='bbox 2531 5343 2732 5415; x_wconf 86' lang='grc' dir='ltr'>τρόπον</span> <span class='ocrx_word' id='word_1_940' title='bbox 2757 5343 2968 5413; x_wconf 73' lang='grc' dir='ltr'>ἕτερον,</span> <span class='ocrx_word' id='word_1_941' title='bbox 2985 5342 3038 5396; x_wconf 78' lang='grc' dir='ltr'><strong>εί</strong></span> <span class='ocrx_word' id='word_1_942' title='bbox 3059 5342 3122 5411; x_wconf 88' lang='grc' dir='ltr'><strong>γέ</strong></span> <span class='ocrx_word' id='word_1_943' title='bbox 3147 5357 3228 5394; x_wconf 91' lang='grc' dir='ltr'><strong>σοι</strong></span> <span class='ocrx_word' id='word_1_944' title='bbox 3247 5340 3449 5412; x_wconf 76' lang='grc' dir='ltr'>προσὸν</span> <span class='ocrx_word' id='word_1_945' title='bbox 3467 5339 3632 5408; x_wconf 79' lang='grc' dir='ltr'>ὀρῷτι</span> 
     </span>
    </p>
   </div>
   <div class='ocr_carea' id='block_1_117' title="bbox 2051 5431 3635 5506">
    <p class='ocr_par' dir='ltr' id='par_1_117' title="bbox 2051 5431 3635 5506">
     <span class='ocr_line' id='line_1_117' title="bbox 2051 5431 3635 5506; baseline -0.006 -18"><span class='ocrx_word' id='word_1_946' title='bbox 2051 5437 2111 5490; x_wconf 83' lang='grc' dir='ltr'><strong>τὸ</strong></span> <span class='ocrx_word' id='word_1_947' title='bbox 2140 5435 2210 5490; x_wconf 82' lang='grc' dir='ltr'><strong>τά</strong></span> <span class='ocrx_word' id='word_1_948' title='bbox 2254 5436 2440 5488; x_wconf 87' lang='grc' dir='ltr'>είκότα</span> <span class='ocrx_word' id='word_1_949' title='bbox 2476 5435 2734 5489; x_wconf 85' lang='grc' dir='ltr'>δύνασθαι</span> <span class='ocrx_word' id='word_1_950' title='bbox 2771 5435 3024 5506; x_wconf 85' lang='grc' dir='ltr'>φρονεῖν,</span> <span class='ocrx_word' id='word_1_951' title='bbox 3079 5433 3112 5503; x_wconf 82' lang='grc' dir='ltr'>ἢ</span> <span class='ocrx_word' id='word_1_952' title='bbox 3141 5432 3329 5496; x_wconf 83' lang='grc' dir='ltr'>ποίαν,</span> <span class='ocrx_word' id='word_1_953' title='bbox 3373 5431 3494 5482; x_wconf 87' lang='grc' dir='ltr'><strong>εἱπέ</strong></span> <span class='ocrx_word' id='word_1_954' title='bbox 3524 5447 3635 5496; x_wconf 76' lang='grc' dir='ltr'>μοι,</span> 
     </span>
    </p>
   </div>
   <div class='ocr_carea' id='block_1_118' title="bbox 2051 5517 3640 5597">
    <p class='ocr_par' dir='ltr' id='par_1_118' title="bbox 2051 5517 3640 5597">
     <span class='ocr_line' id='line_1_118' title="bbox 2051 5517 3640 5597; baseline -0.008 -17"><span class='ocrx_word' id='word_1_955' title='bbox 2051 5526 2285 5597; x_wconf 83' lang='grc' dir='ltr'>θεωρίαν</span> <span class='ocrx_word' id='word_1_956' title='bbox 2307 5528 2484 5590; x_wconf 81' lang='grc' dir='ltr'>αἰτεῖς</span> <span class='ocrx_word' id='word_1_957' title='bbox 2508 5521 2692 5597; x_wconf 68' lang='grc' dir='ltr'>;τΑρα</span> <span class='ocrx_word' id='word_1_958' title='bbox 2718 5525 2794 5597; x_wconf 79' lang='grc' dir='ltr'>μὴ</span> <span class='ocrx_word' id='word_1_959' title='bbox 2816 5524 3098 5597; x_wconf 84' lang='grc' dir='ltr'>κρείττονα</span> <span class='ocrx_word' id='word_1_960' title='bbox 3127 5524 3221 5576; x_wconf 73' lang='grc' dir='ltr'><strong>καὶ</strong></span> <span class='ocrx_word' id='word_1_961' title='bbox 3239 5517 3640 5590; x_wconf 75' lang='grc' dir='ltr'>ἀκριϐεστέραν</span> 
     </span>
    </p>
   </div>
   <div class='ocr_carea' id='block_1_119' title="bbox 2019 5704 2561 5770">
    <p class='ocr_par' dir='ltr' id='par_1_119' title="bbox 2019 5704 2561 5770">
     <span class='ocr_line' id='line_1_119' title="bbox 2019 5704 2561 5770; baseline -0.002 -12"><span class='ocrx_word' id='word_1_962' title='bbox 2019 5707 2062 5734; x_wconf 70' lang='grc'><strong>⁹”</strong></span> <span class='ocrx_word' id='word_1_963' title='bbox 2104 5704 2276 5760; x_wconf 71' lang='lat' dir='ltr'><strong>Exod.</strong></span> <span class='ocrx_word' id='word_1_964' title='bbox 2322 5722 2434 5770; x_wconf 64' lang='grc' dir='ltr'>χιχ,</span> <span class='ocrx_word' id='word_1_965' title='bbox 2475 5705 2561 5758; x_wconf 79' lang='grc'><strong>18.</strong></span> 
     </span>
    </p>
   </div>
  </div>
