4042 6204
403 333 510 389 209

1439 329 1505 384 ΙΝ
1545 320 1830 384 ιοΑΝΝιΞ
1855 324 2306 384 EVANGELIUM
2344 327 2473 385 LIB.
2517 331 2606 386 lXt.

3523 331 3642 386 210

404 459 508 510 οἴει
535 452 780 507 δεδόσθαι
804 451 913 514 τοῖς
941 448 1316 520 ἀρχαιοτέροις
1335 493 1349 515 ,
1374 451 1461 504 ὅτε
1494 451 1730 520 κατέϐην
1763 451 1820 502 έν
1846 449 1978 502 εἴδει

2084 453 2456 524 cognitionem
2493 455 2706 524 potiora
2742 468 2863 510 esse
2890 453 3096 510 Christi
3122 453 3439 510 Servatoris
3463 455 3639 510 nostri

405 543 575 616 πυρός
621 543 713 595 ἐπὶ
749 541 814 594 τὸ
853 541 978 611 ὅρος
1019 539 1079 592 τὸ
1117 540 1283 604 Σινᾶ;
1341 539 1479 592 Πολὺ
1518 540 1626 610 γὰρ
1668 540 1852 608 αὐχεῖν
1883 539 1974 590 ἐπὶ

327 625 329 628 ’
405 635 578 704 τούτῳ
598 633 662 704 δὴ
689 632 924 703 μάλιστα
947 634 1059 695 τοῖς
1096 630 1369 694 Ἰουδαίοις
1414 633 1470 684 ὲν
1494 629 1621 684 ἔθει.
1666 629 1834 682 Ταυτὶ
1874 629 1974 698 μὲν

406 728 534 787 ίτως
563 725 962 794 ὑπονοήσαιμεν
992 722 1057 775 ἂν
1089 722 1246 792 τυχὸν
1282 721 1573 790 διειλέχθαι
1597 720 1829 792 Χριστόν
1851 735 1864 748 ·
1892 720 1973 772 ὅτι

404 817 451 870 δ’
475 811 568 868 οῦν
593 816 832 885 ἀμείνων
859 816 938 877 εἰς
971 813 1172 881 γνῶσιν
1199 812 1296 883 τὴν
1321 811 1414 865 τοῦ
1443 811 1578 864 Θεοῦ
1615 811 1710 864 καὶ
1739 810 1971 880 Πατρὸς,

406 908 440 977 ἡ
467 906 573 960 τῶν
607 905 921 976 παραδόξων
965 902 1220 968 ἐπίδειξις
1245 904 1340 956 τοῦ
1372 903 1619 973 Σωτῆρος
1658 901 1815 971 ήμῶν
1843 901 1974 970 Χρι-

408 997 559 1061 στοῦ,
582 997 680 1066 τῆς
718 998 777 1048 ὲν
805 995 884 1066 τῷ
905 995 1021 1064 ὄρει
1051 995 1208 1065 Σινᾷ,
1256 993 1451 1064 χρῆναι
1476 993 1584 1045 δεῖν
1609 990 1974 1062 ὑπολαμϐάνω

405 1088 500 1141 καὶ
527 1086 620 1140 νῦν
641 1088 788 1157 ἡμᾶς
821 1086 1120 1140 ἀοκνότατα
1150 1085 1347 1153 λέγειν.
1379 1084 1539 1156 Ὀψει
1578 1081 1686 1152 γὰρ
1715 1081 1858 1135 οὕτω
1882 1081 1973 1133 τὸν

402 1176 700 1241 Φίλιππον,
727 1174 1140 1246 παρακειμένης
1183 1173 1332 1244 αὑτῷ
1365 1173 1464 1243 τῆς
1493 1171 1726 1243 ἀληθοῦς
1746 1171 1971 1235 εἰκόνος,

402 1266 505 1318 οὐκ
535 1264 848 1333 ἀναγκαίως
877 1265 1176 1334 αἰτήσαντα
1214 1264 1315 1334 τὴν
1357 1263 1712 1334 ἑτερότροπον
1739 1261 1974 1334 θεωρίαν

402 1355 498 1410 τοῦ
523 1355 655 1409 Θεοῦ
689 1356 782 1409 καὶ
808 1355 1040 1425 Πατρὸς,
1069 1355 1104 1424 ἢ
1134 1354 1228 1408 καὶ
1261 1357 1374 1418 τοῖς
1408 1354 1788 1424 ἀρχαιοτέροις
1816 1351 1976 1422 ἐδόθη

402 1448 544 1502 κατά
563 1447 623 1498 τὸ
660 1447 782 1518 δρος
810 1447 959 1499 Σινᾶ.
1009 1446 1230 1516 Κατέϐη
1264 1447 1362 1516 μὲν
1385 1447 1495 1517 γὰρ
1536 1447 1649 1498 ἐκεῖ
1672 1445 1874 1516 Κύριος
1917 1447 1976 1497 ἐν

401 1542 535 1595 εἴδει
568 1541 738 1611 πυρὸς
757 1581 772 1606 ,
805 1539 948 1592 καθά
978 1539 1322 1609 γέγραπται,
1355 1538 1706 1608 θεωρούντων
1733 1537 1975 1608 δηλονότι

401 1633 510 1685 τῶν
538 1631 596 1696 ἐξ
635 1630 868 1702 Ἰσραήλ.
909 1630 1046 1683 Ἀλλ’
1071 1630 1172 1684 οὐκ
1203 1630 1298 1692 ἂν,
1334 1627 1486 1700 οἶμαι
1507 1669 1521 1694 ,
1553 1630 1637 1692 τὶς
1665 1629 1755 1683 διά
1779 1628 1971 1682 τούτου

402 1725 481 1786 εἰς
505 1723 710 1785 ἐννοίας
739 1721 960 1793 ἀληθεῖς
980 1721 1166 1777 ἐλάσαι
1195 1723 1325 1776 ποτὲ
1353 1722 1450 1785 τὰς
1479 1723 1606 1792 περὶ
1626 1720 1782 1783 Θεοῦ,
1807 1721 1972 1789 ἤγουν

400 1815 480 1877 είς
504 1813 603 1884 τὴν
628 1815 695 1883 τῇ
721 1791 936 1883 θεότητι
961 1812 1276 1884 πρέπουσαν
1310 1791 1656 1882 ἀναπηδήσαι
1691 1809 1968 1881 διάληψιν·
2002 1791 2048 1850 Β

400 1901 517 1964 πῶς
545 1901 655 1971 γὰρ
683 1900 816 1968 ὅλως
843 1901 931 1954 διὰ
957 1903 1147 1973 πυρὸς,
1175 1902 1424 1974 καθάπερ
1447 1902 1554 1956 ἀπό
1581 1918 1724 1964 τινος
1748 1902 1974 1964 εἰκόνος,

402 1994 573 2063 ἴοιμεν
602 1992 668 2046 ἂν
699 1992 793 2045 ἐπὶ
820 1992 883 2046 τὸ
907 1993 1245 2063 ἀρχέτυπον,
1276 1991 1419 2046 τοῦτ’
1449 1992 1592 2056 ἐστι,
1645 1990 1736 2043 τὸν
1762 1991 1976 2060 Πατέρα

402 2086 495 2138 καὶ
523 2086 695 2150 Θεόν;
744 2085 976 2153 Ἀγαθὸς
1008 2086 1106 2156 μὲν
1150 2085 1259 2156 γὰρ
1301 2087 1329 2138 6
1358 2084 1489 2148 Θεὸς
1525 2087 1592 2156 τῇ
1638 2082 1830 2152 φύσει,
1884 2082 1978 2134 καὶ

402 2175 537 2247 πρός
563 2192 626 2244 γε
654 2175 826 2247 τούτῳ
856 2176 1218 2247 δημιουργὸς,
1252 2177 1318 2230 τὰ
1345 2176 1442 2230 οὐκ
1475 2177 1601 2230 ὄντα
1634 2175 1765 2228 ποτὲ
1797 2172 1978 2226 καλῶν

400 2263 482 2326 είς
505 2263 718 2332 γένεσιν
737 2302 754 2329 ,
801 2265 896 2317 καὶ
931 2265 1172 2335 συνέχων
1200 2266 1278 2329 είς
1307 2265 1368 2319 τὸ
1410 2259 1552 2320 εἶναι
1585 2264 1654 2318 τά
1684 2264 1861 2318 πάντα
1884 2262 1978 2315 καὶ

400 2354 714 2422 ζωογονῶν,
767 2355 927 2418 αὐτὸς
952 2356 1143 2426 σοφία,
1171 2359 1265 2410 καὶ
1293 2355 1556 2425 δύναμις,
1586 2355 1822 2425 χρηστὸς
1843 2391 1858 2417 ,
1885 2353 1980 2406 καὶ

403 2447 719 2518 οίκτίρμων,
749 2449 845 2500 καὶ
876 2448 1140 2519 ἐλεήμων.
1192 2447 1408 2501 Τούτων
1433 2447 1492 2500 δὲ
1514 2447 1576 2500 τὸ
1602 2447 1860 2516 παράπαν
1889 2445 1979 2498 οὐ·

407 2539 498 2590 δὲν
528 2541 583 2591 ὲν
610 2539 756 2610 πυρί.
827 2541 902 2593 Οὐ
927 2539 1039 2611 γάρ
1091 2539 1158 2593 ἂν
1191 2538 1356 2592 οῐοιτό
1382 2555 1483 2605 τις,
1519 2536 1576 2590 εί
1601 2553 1666 2604 γε
1689 2535 1814 2589 νοῦν
1845 2534 1977 2605 ἔχει,

410 2630 675 2701 χρηστὸν,
720 2632 812 2684 καὶ
850 2632 1232 2703 φιλάνθρωπον
1274 2625 1500 2683 εἶναιτὸ
1531 2627 1672 2700 πῦρ,
1715 2627 1834 2681 οὐδὲ
1865 2627 1982 2697 ἐρεῖ

407 2738 490 2784 τις
516 2723 832 2793 σωφρονῶν,
881 2723 957 2786 ὡς
987 2723 1072 2794 εἴη
1122 2723 1221 2792 μὲν
1258 2720 1684 2792 δημιουργικὸν,
1736 2719 1897 2788 σοφόν
1919 2736 1981 2772 τε

405 2812 500 2864 καὶ
527 2813 807 2880 ζωογόνον.
841 2809 974 2867 Εῐτα
1005 2813 1124 2877 πῶς
1156 2813 1220 2867 ἀν
1248 2830 1364 2878 τις,
1397 2812 1518 2865 εἰπέ
1553 2828 1672 2882 μοι,
1700 2812 1788 2865 διὰ
1811 2811 1982 2880 πυρὸς

403 2901 503 2966 τάς
535 2905 662 2974 περὶ
692 2904 794 2973 τῆς
831 2904 1068 2974 ἀληθοῦς
1104 2902 1358 2973 θεότητος
1394 2903 1603 2966 ἐννοίας
1647 2901 1981 2969 συλλέξειεν;

401 2994 438 3063 ἢ
480 2994 597 3059 πῶς
631 2993 698 3049 ἂν
747 2997 807 3048 ὲν
852 2995 1101 3066 ἐσόπτρῳ
1144 2995 1238 3047 καὶ
1281 2994 1564 3064 αἰνίγματι
1609 2993 1902 3064 θεωρήσειέ
1932 3010 1984 3045 τι

2078 543 2369 607 miracula,
2397 559 2562 614 quam
2596 559 2728 614 quae
2758 543 2812 599 in
2849 553 3032 599 monte
3066 542 3196 597 Sina
3224 541 3367 598 edita
3396 542 3639 606 fuerunt,

2075 635 2306 704 impigre
2361 651 2578 705 quoque
2633 651 2779 690 nunc
2836 635 2994 692 nobis
3051 634 3434 705 exponendum
3495 635 3644 690 arbi-

2077 737 2216 782 Iror.
2270 725 2346 780 lta
2404 742 2642 798 namque
2696 725 2908 782 videbis
2984 739 3095 781 non
3163 739 3392 782 necesse
3471 724 3642 781 fuisse

2077 821 2325 890 Philippo
2355 830 2434 884 ut,
2463 836 2589 875 cum
2619 819 2668 875 ei
2701 835 2828 876 vera
2861 819 3082 875 adesset
3121 820 3302 890 imago
3323 861 3338 885 ,
3367 819 3639 874 diversam

2078 913 2346 968 visionem
2393 910 2557 982 780
2597 909 2693 965 Dei
2731 925 2796 964 ac
2827 909 3009 966 Patris
3040 917 3285 982 peteret,
3319 924 3442 979 qua:
3471 915 3526 962 et
3551 922 3643 962 ve-

2075 1006 2286 1060 teribus
2317 1005 2442 1059 data
2479 1011 2562 1058 est
2595 1003 2663 1056 ad
2697 1010 2935 1058 montem
2966 1001 3119 1057 Sina.
3171 1001 3460 1058 Descendit
3490 999 3640 1056 enim

2075 1097 2205 1150 illuc
2252 1095 2520 1150 Dominus
2567 1095 2622 1148 in
2657 1093 2839 1164 specie
2873 1093 3052 1163 ignis,
3105 1101 3166 1147 ut
3213 1092 3476 1162 scriptum
3521 1097 3642 1156 est,

2019 1206 2035 1224 -
2077 1184 2457 1254 spectantibus
2518 1183 2780 1237 nimirum
2839 1181 3132 1237 lsraelitis.
3169 1180 3277 1238 Sed
3333 1196 3532 1246 nemo,
3585 1187 3645 1234 ut

2077 1289 2222 1336 reor,
2259 1288 2356 1342 per
2386 1275 2487 1326 hoc
2518 1272 2585 1326 ad
2614 1287 2772 1327 veras
2793 1271 2860 1326 de
2883 1270 2994 1326 Deo
3013 1272 3272 1328 notiones
3297 1270 3638 1341 pervenerit,

2078 1373 2171 1417 aut
2197 1361 2265 1415 ad
2297 1362 2615 1431 Opinionem
2645 1359 2834 1414 deitati
2864 1369 3264 1431 congruentem
3300 1358 3638 1416 ascenderit:

2076 1453 2355 1525 quomodo
2385 1452 2528 1507 enim
2554 1493 2569 1517 ,
2606 1466 2793 1520 quaeso
2814 1491 2828 1515 ,
2859 1466 2958 1520 per
2989 1452 3169 1520 ignem
3199 1451 3348 1506 velut
3393 1451 3462 1505 ab
3503 1451 3642 1504 ima-

2073 1549 2200 1618 gine
2247 1545 2482 1616 quadam
2533 1544 2822 1598 veniemus
2885 1542 2953 1597 ad
3004 1543 3402 1614 archetypum,
3458 1541 3512 1597 id
3559 1550 3644 1598 est

2079 1638 2293 1694 Patrem
2329 1650 2393 1690 ac
2422 1633 2638 1690 Deum?
2669 1633 2858 1688 Bonus
2901 1633 3176 1704 siquidem
3226 1633 3368 1688 Deus
3417 1641 3502 1688 est
3541 1646 3643 1686 na-

2077 1739 2199 1784 tura
2223 1768 2237 1792 ,
2271 1741 2334 1781 ac
2366 1732 2628 1795 praeterea
2657 1723 2870 1794 opifex,
2895 1724 2987 1794 qui
3020 1723 3074 1776 in
3101 1731 3284 1777 ortum
3312 1723 3504 1778 educit
3522 1737 3645 1794 qua;

2078 1819 2376 1892 aliquando
2418 1833 2526 1872 non
2563 1825 2749 1881 erant,
2797 1829 2975 1885 eaque
3008 1814 3063 1869 in
3115 1829 3242 1871 esse
3274 1815 3520 1870 continet
3590 1822 3646 1869 et

2078 1911 2348 1973 viviticat,
2382 1909 2613 1978 ipsemet
2644 1905 2915 1975 sapientia
2961 1912 3017 1961 et
3071 1905 3273 1970 virtus,
3305 1904 3510 1968 bonus,
3535 1902 3646 1958 cle-

2055 2005 2234 2056 mens
2269 2009 2324 2055 et
2381 1997 2724 2052 misericors.
2761 1993 2967 2050 Horum
2994 2003 3179 2051 autem
3208 1993 3350 2050 nihil
3380 2002 3465 2056 est
3488 2006 3647 2064 pror-

2080 2109 2175 2149 sus
2208 2091 2263 2146 i'n
2297 2091 2441 2160 igne.
2476 2087 2645 2144 Nemo
2666 2085 2814 2142 enim
2850 2101 3019 2143 sanus
3039 2089 3221 2158 ignem
3245 2086 3449 2141 bonum
3471 2092 3526 2141 et
3546 2083 3648 2139 mi-

2080 2184 2414 2242 sericordem
2442 2196 2563 2238 esse
2592 2179 2698 2236 sibi
2741 2180 3118 2250 persuaserit,
3169 2193 3272 2236 nec
3321 2177 3542 2234 creandi
3595 2176 3647 2230 vi

2080 2276 2318 2346 pollere,
2357 2270 2800 2342 sapientiamque
2828 2278 2882 2326 et
2911 2271 3079 2326 vitam
3111 2269 3326 2341 largiri.
3363 2265 3649 2335 Quomodo

2082 2370 2268 2440 igitur,
2297 2380 2486 2437 quaeso
2505 2405 2520 2430 ,
2550 2381 2649 2435 per
2679 2366 2860 2436 ignem
2888 2363 2958 2419 de
2985 2378 3112 2418 vera
3163 2361 3457 2417 divinitate
3498 2357 3648 2414 noti-

2081 2461 2213 2516 tiam
2245 2456 2578 2528 collegeris?
2605 2465 2702 2511 aut
2729 2455 3006 2525 quomodo
3035 2453 3091 2509 in
3135 2452 3362 2524 speculo
3407 2459 3462 2506 et
3509 2449 3649 2504 teni.

2080 2559 2261 2623 gmate
2291 2550 2336 2581 ⁹⁷
2367 2546 2578 2618 aliquid
2611 2561 2804 2602 eorum
2857 2561 2980 2617 qua:
3033 2546 3113 2600 illi
3171 2552 3373 2600 natura
3422 2544 3648 2608 insunt,

2083 2639 2422 2712 spectaveris
2447 2639 2470 2692 ?
2495 2637 2755 2704 Quantam
2787 2651 2918 2708 ergo
2944 2635 3086 2690 ratio
3103 2674 3120 2700 ,
3153 2635 3369 2706 inquit,
3403 2642 3504 2688 aut
3531 2649 3654 2703 qua:

2082 2743 2253 2785 causa
2299 2727 2467 2783 Deum
2517 2725 2770 2796 impulit,
2802 2734 2862 2782 ut
2908 2726 2969 2780 in
3015 2734 3200 2780 monte
3247 2725 3380 2779 Sina
3420 2723 3659 2777 formant

2085 2821 2228 2892 ignis
2259 2818 2661 2888 assumpserit?
2683 2815 3098 2887 Respondemus
3123 2815 3292 2884 quod,
3322 2829 3448 2868 cum
3478 2812 3655 2868 Israe-

2085 2913 2194 2968 lita;
2219 2927 2286 2968 eo
2321 2911 2558 2966 maxime
2588 2919 2836 2979 tempore
2880 2908 2950 2963 ad
2996 2909 3254 2978 pietatem
3289 2906 3508 2961 institui
3543 2919 3654 2960 cm-

2089 3003 2328 3073 pissent,
2358 3001 2595 3070 vitaaque
2633 3015 2746 3056 suae
2777 2999 3025 3070 regulam
3059 2999 3229 3069 legem
3262 3015 3292 3053 a
3323 3013 3430 3069 qua
3460 2997 3656 3066 dirige-

399 3085 510 3139 τῶν
538 3087 937 3156 ὲμπεφυκότων
963 3088 1133 3158 αὐτῇς
1157 3086 1252 3150 Τίς
1277 3082 1372 3140 οὖν
1397 3086 1522 3157 ἀρα,
1549 3087 1732 3156 φησιν,
1759 3087 1788 3138 6
1805 3085 1978 3153 λόγος,

2088 3101 2279 3150 rentur
2326 3090 2663 3160 assumpturi
2698 3098 2924 3156 essent,
2963 3091 3196 3146 decebat
3241 3097 3375 3144 tunc
3418 3086 3657 3142 maxime

400 3177 439 3246 ἦ
471 3177 597 3230 ποία
631 3176 823 3246 γέγονε
867 3176 1138 3248 πρόφασις
1184 3177 1262 3239 εἰς
1309 3173 1420 3245 πῦρ
1459 3172 1824 3228 ἀναπείθουσα
1856 3189 1983 3242 χρη-

401 3271 727 3343 ματίζεσθαι
755 3271 876 3343 [γρ.
903 3268 1368 3342 σχηματίζεσθαι]
1395 3269 1486 3322 τὸν
1510 3267 1642 3321 Θεὸν
1683 3268 1749 3319 ὲν.
1767 3264 1845 3335 τῷ
1866 3264 1981 3334 δρει

401 3365 573 3436 Σινᾷ;
619 3363 883 3436 Ἐροῦμεν
917 3363 999 3417 ὅτι
1025 3357 1342 3433 ἀρχομένων
1364 3360 1470 3414 τῶν
1499 3357 1560 3423 ἐξ
1593 3355 1828 3429 Ἰσραὴλ,
1862 3353 1982 3408 κατ’

401 3458 580 3510 ὲκεῖνο
627 3456 690 3527 δὴ
733 3455 968 3526 μάλιστα
1009 3452 1234 3523 καιροῦ,
1275 3452 1374 3523 τῆς
1405 3453 1484 3515 είς
1516 3449 1798 3504 εὐσέϐειαν
1833 3445 1986 3500 παιδ-

400 3548 652 3616 αγωγίας
671 3589 686 3613 ,
727 3547 820 3600 καὶ
848 3546 1038 3618 ὥσπερ
1068 3545 1189 3598 τινά
1224 3543 1424 3598 κανόνα
1457 3539 1727 3595 ποιεῖσθαι
1763 3536 1984 3609 μελλόν-

399 3655 514 3693 των
564 3639 663 3707 τῆς
708 3639 915 3702 οίκείας
960 3636 1104 3707 ζωῆς
1145 3636 1237 3690 τὸν
1287 3633 1673 3706 διορθώσεσθαι
1727 3629 1986 3702 μέλλοντα

403 3732 591 3800 νόμον,
611 3730 720 3783 ἔδει
740 3730 863 3783 τότε
893 3729 958 3799 δὴ
973 3729 1208 3799 μάλιστα
1224 3726 1492 3796 κολαστήν
1504 3741 1627 3777 τινα
1645 3722 1738 3776 καὶ
1758 3719 1988 3791 φοϐερὸν

404 3825 592 3886 αὐτοῖς
611 3821 895 3892 φαίνεσθαι
922 3821 1012 3873 τὸν
1031 3820 1182 3880 Θεὸν,
1212 3819 1300 3872 ἵνα
1317 3817 1513 3871 εἰδέναι
1538 3817 1713 3886 ἔχοιεν
1742 3815 1789 3866 οἱ
1816 3828 1990 3883 παρα-

406 3915 704 3978 ϐαίνοντες,
735 3915 816 3966 ὅτι
850 3912 987 3983 πρὸς
1017 3910 1127 3981 πῦρ
1161 3911 1188 3963 6
1219 3910 1374 3976 λόγος
1404 3909 1606 3970 αὐτοῖς.
1650 3905 1748 3959 Διά
1770 3903 1879 3974 γάρ
1905 3921 1987 3957 τοι

404 4005 568 4058 τοῦτο
596 4005 691 4056 καὶ
718 4005 748 4057 6
795 4002 969 4072 μέγας
997 4001 1202 4070 Μωσῆς
1232 4003 1343 4062 τοῖς
1367 3999 1428 4064 ἐξ
1463 3996 1677 4067 Ἰσραὴλ
1704 3994 1986 4066 προσειριῦ-

404 4114 488 4150 νει
518 4096 694 4164 λέγων
713 4111 730 4126 ο
759 4113 776 4146 ι
800 4093 858 4148 '0
881 4093 1013 4156 Θεὸς
1043 4090 1201 4162 ἡμῶν
1241 4088 1353 4159 πῦρ
1383 4085 1776 4141 καταναλίσκον
1803 4085 1934 4138 ἐστι.
1964 4103 1981 4134 ι

407 4187 519 4239 Καὶ
548 4185 612 4239 οὐ
649 4185 715 4255 δή
747 4201 849 4238 που
874 4183 1114 4254 φαίημεν
1154 4179 1218 4234 ἂν
1262 4180 1367 4242 ὅτι,
1410 4178 1508 4248 τὴν
1536 4176 1630 4230 τοῦ
1663 4175 1800 4230 Θεοῦ
1830 4175 1988 4244 φύσιν

408 4279 803 4350 ἐξηγούμενος,
845 4277 980 4346 πυρῖ⁹
1031 4273 1362 4345 παρείκαζεν
1387 4270 1548 4323 αὐτὸν
1594 4270 1623 4322 ό
1649 4268 1790 4322 οὕτω
1818 4266 1991 4336 σοφὼο

408 4388 592 4435 τατος,
643 4368 892 4440 ὠνόμαζε
934 4367 992 4420 δὲ
1035 4366 1177 4419 οῦτω
1221 4364 1312 4416 τὸν
1353 4361 1518 4427 Θεὸν,
1563 4360 1638 4423 ὡς
1688 4361 1751 4412 ὲκ
1790 4359 1989 4429 πολλῆς

2086 3186 2254 3240 Deum
2285 3199 2535 3238 severum
2563 3182 2835 3238 vindicem
2864 3197 2929 3236 ac
2956 3182 3254 3237 terribilem
3289 3182 3358 3237 iis
3383 3179 3567 3244 cerni,
3599 3187 3658 3232 nt

2086 3277 2234 3332 seire
2265 3281 2491 3344 possent
2523 3273 2979 3343 praevaricatores
3016 3273 3122 3328 sibi
3157 3287 3283 3326 cum
3312 3271 3440 3342 igne
3485 3271 3657 3326 ratio-

2087 3382 2212 3423 nem
2243 3379 2387 3420 esse.
2419 3363 2631 3418 Idcirco
2659 3363 2805 3418 enim
2836 3378 3072 3434 magnus
3108 3363 3201 3419 ille
3245 3377 3464 3432 quoque
3505 3361 3658 3432 Moy-

2088 3474 2179 3515 ses
2210 3456 2486 3513 lsraelitas
2515 3453 2923 3525 alloquebatur,
2948 3454 3146 3511 dicens
3173 3473 3185 3510 :
3215 3473 3234 3506 ι
3265 3453 3411 3509 Deus
3443 3459 3657 3520 noster,

2088 3551 2230 3622 ignis
2277 3562 2610 3604 consumens
2658 3555 2744 3602 est
2778 3547 2844 3601 ’⁸.
2880 3567 2897 3596 ι
2926 3545 3118 3618 Neque
3171 3561 3304 3604 vero
3352 3546 3659 3602 dixerimus

2087 3641 2367 3698 hominem
2403 3647 2554 3692 tanta
2585 3636 2859 3707 sapientia
2895 3639 3186 3707 praeditum
3221 3637 3390 3694 Deum
3439 3637 3552 3707 igni
3585 3637 3659 3692 si-

2089 3721 2276 3788 milent
2307 3730 2488 3786 facere
2511 3771 2526 3794 ,
2555 3729 2715 3800 quasi
2745 3744 2841 3799 per
2872 3729 3051 3799 ignem
3084 3729 3178 3785 Dei
3211 3738 3462 3784 naturam
3495 3726 3659 3782 intel-

2090 3825 2257 3897 ligat,
2293 3823 2388 3879 sed
2426 3823 2498 3876 ita
2531 3821 2701 3876 Deum
2756 3835 3145 3890 nuncupasse,
3199 3822 3346 3892 quod
3397 3835 3508 3890 prae
3554 3820 3661 3873 im-

2091 3930 2284 3970 menso
2317 3913 2440 3967 mali
2471 3911 2599 3966 odio
2625 3912 2805 3967 instar
2831 3911 2974 3982 ignis
3013 3911 3287 3965 omnivori
3335 3925 3663 3965 consumere

2090 4016 2143 4062 et
2177 4007 2407 4076 perdere
2439 4018 2548 4058 non
2583 4013 2840 4058 vereatur
2877 4003 2960 4058 sui
3009 4010 3438 4073 contemptores.
3489 4001 3665 4072 Igitur

2091 4115 2200 4154 non
2227 4113 2291 4154 ex
2326 4113 2390 4153 eo
2422 4095 2570 4167 quod
2611 4105 2697 4152 est
2738 4104 2939 4151 natura
2963 4133 2977 4158 ,
3021 4110 3087 4150 ex
3131 4096 3258 4166 igne
3288 4093 3431 4150 Deus
3459 4109 3663 4164 cogno-

2093 4191 2288 4252 scitur,
2325 4189 2419 4244 sed
2457 4187 2602 4258 quod
2637 4188 2711 4242 ita
2761 4195 3117 4257 nuncupatus
3163 4201 3227 4241 ac
3263 4187 3416 4241 visus
3445 4185 3554 4248 sit,
3594 4184 3665 4238 ad

2093 4283 2385 4338 utilitatem
2415 4279 2727 4336 auditorum
2755 4285 3098 4346 assumptum
3126 4285 3231 4333 est.
3267 4275 3466 4330 Eamus
3499 4275 3664 4342 igitur

2093 4375 2160 4428 ad
2203 4386 2382 4427 veram
2422 4379 2476 4426 et
2510 4369 2988 4425 accuratissimam
3035 4368 3212 4423 Patris
3250 4366 3664 4435 contemplatio-

412 4462 551 4530 ἄγαν
580 4459 1010 4531 μισοπονηρίας,
1045 4456 1216 4527 πυρὸς
1260 4455 1415 4524 δίκην
1445 4451 1538 4505 τοῦ
1575 4451 1872 4521 παμφάγου
1897 4452 1983 4504 δα-

2097 4479 2255 4526 nem,
2291 4462 2343 4516 id
2369 4470 2452 4516 est
2482 4460 2704 4516 Filium.
2738 4459 2874 4514 Eum
2904 4460 3050 4515 enim
3080 4458 3347 4530 genitoris
3373 4458 3664 4528 imaginem

411 4556 587 4626 ηπανᾷν
603 4570 665 4607 τε
689 4553 784 4606 καὶ
805 4551 1114 4606 ἀναλίσκειν
1133 4549 1194 4602 οὐ
1225 4545 1662 4619 παραιτουμένου
1683 4545 1808 4606 τοὺς
1831 4561 1989 4596 κατα-

413 4644 742 4715 φρονοῦντας
785 4641 972 4696 αὑτοῦ.
1023 4641 1137 4695 Οὐκ
1163 4638 1222 4704 ἐξ
1247 4631 1321 4691 ὧν
1345 4637 1462 4690 ἐστὶ
1488 4637 1629 4690 κατά
1654 4634 1836 4704 φύσιν,
1857 4635 1989 4701 Θεὸς

411 4738 501 4792 διὰ
527 4737 703 4809 πυρὸς
735 4733 1057 4807 γνωρίζεται
1085 4748 1099 4760 ·
1147 4732 1207 4786 τὸ
1233 4731 1290 4786 δὲ
1315 4729 1486 4790 οὕτως
1525 4725 1840 4797 ὠνομάσθαι
1895 4728 1988 4780 καὶ

413 4824 592 4898 ὦφθαι
623 4828 744 4882 τότε
771 4827 908 4899 πρὸς
948 4826 1008 4879 τὸ
1045 4827 1158 4888 τοῖς
1188 4821 1557 4894 ἀκροωμένοις
1605 4819 1810 4890 ἐλήφθη
1838 4820 1986 4872 λυσι-

415 4921 588 4984 τελές.
645 4920 844 4988 Ἴωμεν
886 4916 952 4985 δὴ
979 4915 1163 4969 λοιπὸν
1191 4913 1283 4967 ἐπὶ
1315 4913 1414 4984 τὴν
1441 4911 1613 4981 ἀληθῆ
1645 4913 1737 4963 καὶ
1766 4911 1988 4980 ἀκριϐε-

417 5010 619 5080 στάτην
651 5007 744 5062 τοῦ
785 5007 998 5077 Πατρὸς
1039 5005 1271 5076 θεωρίαν
1292 5043 1306 5067 ,
1361 5005 1509 5057 τοῦτ’
1546 5004 1692 5067 ἔστι,
1721 5002 1810 5055 τὸν
1838 5002 1986 5056 Υἱόν.

415 5101 612 5155 Εἰκόνα
635 5099 746 5171 γὰρ
771 5099 932 5152 αὐτὸν
964 5098 1208 5168 ὀψόμεθα
1237 5096 1331 5150 τοῦ
1354 5097 1712 5166 γεννήσαντος
1729 5135 1743 5157 ,
1770 5097 1882 5157 τοῖς
1906 5095 1991 5146 ὲν-

414 5192 565 5245 οῦσιν
598 5190 752 5262 αὐτῷ
785 5189 1218 5258 πλεονεκτήμασι
1261 5187 1352 5240 τὸν
1385 5187 1484 5255 τῆς
1530 5184 1767 5246 διανοίας
1794 5184 1994 5253 ἐνερεί-

417 5303 608 5351 σαντες
654 5284 950 5355 ὀφθαλμόν.
1028 5281 1254 5352 ’Λγαθὸς
1303 5278 1591 5348 τοιγαροῦν
1644 5278 1673 5329 6
1724 5275 1855 5337 Θεὸς
1899 5280 1992 5330 καὶ

416 5378 608 5448 Πατὴρ
636 5377 779 5431 κατά
806 5375 967 5445 φύσιν
987 5393 1000 5406 ·
1031 5375 1272 5427 τοιοῦτον
1296 5373 1426 5425 ὂντα
1453 5371 1545 5424 καὶ
1566 5371 1656 5423 τὸν
1679 5370 1806 5423 Υἱὸν
1831 5372 1991 5441 εὐρήο

420 5485 606 5535 σκιμεν.
659 5467 784 5530 Πῶς
812 5467 921 5537 γὰρ
950 5467 1049 5520 οὐκ
1087 5465 1326 5533 ἀγαθὸς,
1364 5467 1392 5517 6
1435 5461 1704 5532 τοσαύτην
1752 5461 1818 5515 δι’
1851 5463 1994 5533 ἡμᾶς

421 5557 717 5626 ὑπομείνας
737 5558 1082 5623 ταπείνωσιν,
1100 5559 1191 5612 καὶ
1211 5555 1378 5610 ἐλθὼν
1394 5557 1472 5617 εἰς
1492 5555 1581 5607 τὸν
1601 5554 1801 5624 κόσμον
1825 5556 1937 5624 ἁμα
1947 5572 1992 5625 ρ-

501 5735 548 5769 "
577 5737 596 5792 ι
629 5737 760 5794 Cor.
793 5754 911 5805 xm,
949 5737 1032 5791 l2.
1113 5739 1156 5769 θ’
1189 5737 1342 5793 Deut.
1389 5752 1460 5802 tv,
1487 5737 1574 5791 ‘24.

2094 4569 2219 4611 esse
2266 4553 2611 4617 videbimus,
2644 4552 2692 4606 si
2737 4552 2804 4604 ad
2853 4550 2974 4619 ejus
3019 4548 3420 4619 prmrogatiras
3467 4545 3667 4600 mentis

2095 4645 2313 4701 oculum
2351 4643 2730 4699 intendamus.
2776 4641 2962 4696 Bonus
3005 4641 3194 4710 itaque
3241 4638 3380 4694 Deus
3414 4653 3478 4692 ac
3510 4637 3665 4691 Pater

2095 4737 2399 4793 secundum
2437 4743 2692 4790 naturam
2761 4733 2922 4788 talem
2957 4747 3082 4788 esse
3121 4739 3178 4786 et
3219 4729 3417 4785 Filium
3448 4742 3666 4798 compe-

2095 4830 2322 4884 riemus.
2351 4827 2456 4894 Qui
2490 4827 2634 4882 enim
2681 4826 2859 4881 bonus
2904 4840 3022 4880 non
3049 4825 3122 4880 sit
3148 4864 3164 4887 ,
3195 4823 3288 4894 qui
3324 4831 3536 4876 tantum
3572 4835 3667 4890 pro

2097 4923 2258 4978 nobis
2276 4937 2335 4979 se
2363 4921 2610 4986 demisit,
2625 4927 2674 4974 et
2696 4919 2756 4972 in
2777 4916 3040 4972 mundum
3061 4917 3230 4980 venit,
3265 4923 3325 4969 ut
3350 4921 3667 4984 peccatores

2097 5017 2279 5070 salvos
2309 5013 2534 5074 faceret,
2560 5025 2828 5078 suamque
2859 5010 3102 5063 animam
3129 5022 3226 5078 pro
3249 5006 3316 5062 iis
3347 5010 3571 5073 poneret
3590 5000 3668 5053 '9?

2101 5106 2261 5177 781
2298 5104 2496 5158 Potens
2527 5110 2612 5157 est
2667 5101 2872 5157 Pater:
2928 5099 3183 5154 similiter
3213 5104 3266 5152 et
3295 5095 3486 5149 Filius.
3527 5093 3668 5160 Quid
3703 5160 3712 5175 .

2100 5198 2244 5251 enim
2279 5210 2399 5250 esse
2432 5201 2611 5264 potest
2650 5207 2716 5246 eo
2747 5191 3025 5260 potentius
3066 5189 3160 5258 qui
3207 5185 3494 5242 elementis
3538 5184 3669 5255 ipsis

2101 5290 2366 5356 imperat,
2400 5286 2493 5354 qui
2538 5299 2688 5337 mare
2729 5298 2792 5334 ac
2826 5289 3016 5336 ventos
3048 5281 3322 5349 increpat,
3357 5278 3449 5349 qui
3488 5292 3668 5332 rerum

2101 5388 2326 5430 naturas
2358 5375 2412 5428 in
2443 5373 2812 5444 quodcunque
2843 5372 2975 5425 velit
3002 5371 3357 5426 transformat
3388 5410 3401 5431 ,
3446 5369 3540 5438 qui
3593 5367 3667 5420 le-

2105 5483 2270 5537 proso
2301 5475 2360 5522 ut
2390 5466 2684 5520 mnndctur
2711 5463 2897 5535 jubet,
2932 5480 2993 5519 ac
3024 5473 3292 5536 potestate
3328 5464 3437 5518 Deo
3467 5473 3665 5516 conve-

2104 5557 2273 5612 nicnti
2305 5558 2463 5613 caecis
2494 5556 2728 5611 cilicium
2764 5556 2980 5612 videndi
3016 5556 3298 5611 restituit?
3329 5554 3442 5608 Vita
3471 5563 3663 5606 secun-

1657 5737 1697 5768 ³³
1739 5735 1938 5794 lJoan.
1977 5756 2070 5808 ιιι,
2111 5742 2169 5797 l6
2200 5760 2214 5808 ;
2250 5739 2265 5793 I
2301 5738 2438 5793 Tim.
2478 5754 2527 5804 ι,
2570 5738 2654 5790 15.
