4042 6204
383 326 486 384 ἰιι

1342 329 1399 386 S.
1431 328 1710 386 CYRILLI
1748 332 2227 393 ALEXANDRINI
2266 338 2587 395 ARCHIEP.

3545 334 3656 390 212

381 438 515 498 dum
547 449 807 497 naturam
837 452 921 501 est
947 443 1111 500 Pater
1140 463 1153 499 :
1180 446 1292 501 vita
1324 445 1515 503 itidem
1542 456 1598 503 et
1627 446 1831 514 Filius,
1867 451 1954 521 qui

2068 453 2271 518 τωλούς
2290 453 2481 513 σῶσαι,
2502 454 2596 506 καὶ
2625 448 2739 515 θεὶς
2760 451 2857 521 τὴν
2884 449 3062 521 ψυχὴν
3083 446 3249 503 αὐτοῦ
3271 445 3413 519 ὑπὲρ
3436 443 3618 502 αὐτῶν
3640 463 3657 513 ;

382 540 683 606 corruptos
709 536 983 602 viviﬁcat,
1019 546 1076 593 et
1116 539 1314 595 mortis
1343 539 1587 596 destruit
1629 541 1922 613 imperium
1949 582 1966 608 ,

380 633 437 681 et
491 637 748 686 mortuos
780 631 1111 688 exsuscitat.
1142 632 1276 689 Jure
1324 632 1494 703 igitur
1531 635 1599 689 ad
1646 634 1962 707 Philippum

382 716 461 770 ait
490 735 508 774 :
538 736 557 772 ι
592 719 696 787 Qui
738 722 878 777 vidit
921 738 1042 787 me,
1074 722 1208 777 vidit
1240 730 1295 779 et
1340 722 1583 781 Patrem.
1618 745 1638 779 ι
1666 724 1805 781 Nam
1836 740 1963 784 cum

382 807 480 865 tibi
510 813 871 884 contemplari
903 814 1066 871 liceat
1094 815 1148 869 in
1186 829 1273 871 me
1295 823 1350 871 et
1380 832 1445 872 ex
1483 832 1571 873 me
1597 816 1918 875 Genitorem
1940 860 1956 884 ,

381 916 545 971 quem
573 904 743 959 alium
776 904 980 963 divinae
1007 907 1243 963 visionis
1273 907 1511 981 modum.
1530 910 1801 979 postulas.
1833 926 1958 965 cum

381 993 650 1062 potiorem
681 997 916 1055 sortitus
945 998 1023 1054 sis
1050 1014 1215 1069 quam
1245 1015 1369 1070 qua:
1392 1000 1519 1056 data
1546 1008 1631 1056 est
1658 1002 1958 1069 veteribus,

377 1092 435 1139 et
456 1086 806 1144 verissimam
831 1088 1125 1161 imaginem
1147 1132 1163 1157 ,
1189 1106 1276 1148 me
1298 1092 1558 1148 nimirum
1580 1135 1596 1160 ,
1620 1102 1822 1149 nactus
1850 1095 1961 1152 sis?

2067 545 2301 608 Δυνατὸς
2329 544 2530 615 ὁμοίως
2562 544 2591 595 ό
2620 542 2832 613 Πατὴρ,
2870 542 3042 605 οὕτως
3075 540 3189 611 ἔχει
3218 539 3315 592 καὶ
3339 539 3369 592 ό
3393 536 3541 601 Υίός.
3591 537 3658 592 Τί

2064 636 2175 709 γὰρ
2206 635 2272 690 ἂν
2294 635 2378 706 sit;
2406 637 2466 689 τὸ
2486 634 2852 706 δυνατώτερον
2877 632 2972 686 τοῦ
2998 634 3094 686 καλ⁸
3124 632 3308 695 αὐτοῖς
3339 631 3677 691 ἐπιτάττον-,
3698 649 3704 658 ⁸

2073 747 2165 793 τος
2182 731 2294 793 τοῖς
2308 728 2723 799 στοιχείοις,καὶ
2750 726 2988 801 θαλάττῃ
3021 727 3120 796 μὲν
3145 723 3531 795 ἐπιτιμῶντος,
3563 723 3659 777 καὶ

2064 820 2404 892 πνεύμασιν,
2441 815 2942 890 ἅναστοιχειοῦντος
3006 817 3064 873 δὲ
3091 817 3229 886 πρὸς
3255 818 3394 887 ὅπερ
3428 815 3494 868 ἂν
3532 814 3657 884 βού-

2066 910 2210 965 λοιτο
2230 910 2340 965 τῶν
2370 910 2712 982 πραγμάτων
2739 911 2839 973 τὰς
2876 907 3089 978 φύσεις,
3127 907 3221 961 καὶ
3255 904 3657 977 καθαρισοῆναι

2072 1005 2169 1074 μὲν
2200 1005 2578 1067 ἐπιτάττοντος
2602 1002 2680 1073 τῷ
2723 1001 2910 1073 λεπρῷ
2930 1042 2944 1064 ,
2989 1002 3051 1054 τὸ
3079 1000 3136 1053 δέ
3176 996 3393 1070 βλέπειν
3421 998 3658 1061 διδόντος

2067 1097 2179 1158 τοῖς
2199 1095 2442 1164 τυφλοῖς,
2474 1096 2532 1147 ἐν
2559 1092 2781 1164 ἐξουσίᾳ
2813 1092 3138 1164 θεοπρεπεῖ;
3176 1088 3298 1160 Ζωὴ
3331 1086 3473 1142 κατὰ
3494 1085 3655 1155 φύσιν

378 1176 619 1249 δΠατήρ
639 1195 654 1210 ⁸
680 1177 795 1251 ζωὴ
829 1180 992 1235 πάλιν
1024 1181 1143 1235 ἐστὶ
1167 1182 1261 1237 καὶ
1286 1185 1315 1237 ὁ
1338 1183 1487 1247 Υἱδς,
1516 1184 1795 1249 ζωοποιῶν
1825 1187 1952 1249 τούς
1994 1184 2524 1259 κατεφθαρμένους,
2566 1183 2662 1237 καὶ
2701 1184 2761 1237 τὸ
2824 1182 2918 1236 τοῦ
2987 1180 3217 1234 Θανάτου
3260 1175 3655 1247 καταστρέφων

378 1269 612 1338 κράτος,
655 1272 797 1331 διότε
848 1276 976 1339 τούς
1019 1277 1246 1347 νεκροὺς
1298 1278 1541 1344 ἀνιστάς.
1589 1280 1832 1345 Εἰκότως
1866 1277 1960 1335 οὐν
1992 1281 2102 1353 ἄρα
2132 1282 2264 1354 φησι
2296 1279 2433 1352 πρὸς
2471 1279 2737 1333 Φίλιππον
2762 1293 2775 1307 ·
2820 1299 2837 1330 ι
2860 1278 2920 1332 '0
2949 1274 3210 1348 ἐωρακὼς
3248 1273 3370 1345 ἐμὲ,
3438 1270 3653 1343 ἑώρακα

376 1361 470 1415 τὸν
497 1362 742 1437 Πατέρα.
794 1384 814 1419 ι
849 1366 998 1433 Ἑξὸν
1031 1369 1139 1441 γάρ
1181 1386 1286 1435 σοι,
1326 1370 1513 1441 φησὶν,
1536 1368 1595 1425 εὖ
1636 1372 1779 1442 μάλα
1819 1373 2139 1445 περιαθρεῖν
2180 1375 2238 1426 ἐν
2273 1373 2397 1443 ἐμοί
2420 1388 2478 1425 τε
2539 1371 2633 1425 καὶ
2670 1370 2730 1435 ἐξ
2766 1368 2901 1439 ἐμοῦ
2950 1370 3043 1423 τὸν
3106 1366 3474 1437 γεννήσαντα,
3531 1361 3653 1416 τίνα

376 1452 583 1520 τρόπον
609 1452 797 1526 ἕτερον
818 1455 919 1527 τῆς
938 1456 1197 1522 θεοπτίας
1222 1462 1424 1525 αίτεῖς.
1455 1457 1635 1515 καίτοι
1661 1462 1763 1532 τῆς
1794 1463 2045 1534 δοθείσης
2069 1463 2457 1537 ἀρχαιοτέροις
2502 1462 2603 1532 τὴν
2648 1461 2861 1531 ἀμείνω
2903 1459 3105 1530 λαχὼν,
3154 1457 3251 1512 καὶ
3304 1453 3650 1525 ἀληθεστάτῃ

375 1541 687 1613 περιτυχὼν
716 1544 908 1612 εἰκόνι,
930 1547 1075 1602 τοῦτ’
1100 1549 1248 1603 ἐστιν
1277 1551 1401 1621 ἐμοί
1424 1568 1440 1618 ;

447 1631 586 1700 XIV,
618 1634 703 1691 ιθ.
731 1634 855 1698 Non
885 1640 1058 1696 credis
1094 1643 1221 1711 quia
1262 1659 1355 1713 ego
1393 1643 1451 1697 in
1495 1643 1680 1712 Patre,
1714 1653 1763 1700 et
1796 1644 1961 1701 Pater

376 1726 430 1781 in
457 1743 540 1782 me
568 1730 685 1783 est?

447 1817 564 1915 Ego
592 1819 836 1889 quidem,
888 1822 1089 1893 inquit,
1129 1837 1163 1879 ο
1210 1823 1483 1899 Philippe,
1518 1830 1613 1899 qui
1675 1827 1959 1885 Genitoris
1990 1857 2036 1915 Β

374 1911 431 1965 iu
464 1913 676 1983 meipso
719 1922 978 1970 naturam
1023 1917 1300 1986 exprimo,
1327 1918 1512 1991 imago
1540 1936 1661 1976 sum
1696 1921 1960 1977 substan-

375 2002 473 2058 tiae
506 2002 648 2074 ejus,
698 2005 1082 2065 conformatus
1106 2009 1367 2064 nimirum
1410 2010 1478 2066 ad
1512 2013 1692 2074 illum,
1734 2028 1866 2075 non.
1900 2019 1961 2067 ut

373 2091 481 2147 sibi
526 2096 776 2151 nonnulli
811 2096 1046 2167 fingunt,
1076 2107 1308 2155 externa
1352 2101 1549 2171 gloria,
1583 2117 1679 2158 seu
1717 2103 1961 2174 peregri-

376 2183 468 2240 nis
501 2194 556 2240 et
578 2187 840 2245 ascititiis
868 2189 1092 2246 dotibus
1121 2194 1485 2264 conspicuus,
1516 2194 1613 2250 sed
1643 2196 1697 2249 in
1734 2196 1958 2266 propria

371 2281 572 2331 natura
614 2293 740 2348 qua:
791 2281 1013 2351 propria
1063 2289 1192 2336 sunt
1225 2280 1504 2338 Genitoris
1556 2282 1761 2347 ferens,
1792 2284 1959 2354 idque

373 2368 652 2426 essistens
683 2386 811 2429 vere
839 2372 988 2443 quod
1019 2373 1131 2437 ille,
1164 2373 1493 2441 identitatis,
1544 2376 1795 2445 inquam,
1821 2377 1956 2432 sub-

373 2461 657 2518 stantialis
706 2463 942 2543 ratione.
980 2462 1066 2520 Tu
1109 2479 1241 2519 vero
1284 2463 1351 2518 ad
1393 2466 1510 2520 hac
1552 2481 1749 2521 rursus
1777 2466 1952 2530 dices,

372 2550 473 2607 tibi
503 2553 746 2609 nondum
792 2570 917 2612 esse
960 2571 1288 2627 persuasum
1323 2556 1470 2627 quod
1518 2573 1621 2628 ego
1648 2559 1869 2628 quidem
1900 2559 1953 2613 in

371 2640 538 2699 Patre
564 2651 621 2701 et
656 2643 825 2701 Pater
867 2644 922 2701 in
961 2661 1047 2702 me
1083 2648 1178 2702 sit.
1216 2647 1381 2717 Atqui
1415 2646 1495 2701 vel
1529 2649 1837 2712 nolentem,
1867 2649 1979 2712 in-_

371 2735 512 2806 quit,
554 2745 717 2808 coget
759 2745 812 2793 te
851 2738 1072 2794 demum
1120 2740 1209 2793 vis
1264 2747 1319 2794 et
1371 2739 1513 2794 ratio
1560 2741 1855 2804 dictorum,
1895 2749 1955 2795 ut

372 2828 501 2884 huic
537 2831 615 2886 rei
635 2832 976 2886 consentias.
997 2830 1349 2904 Quapropter
1372 2848 1717 2904 quacunque
1739 2833 1951 2900 dixero,

370 2935 438 2979 ea
467 2922 663 2993 utique
693 2930 827 2979 sunt
854 2921 1061 2990 Patris,
1089 2932 1143 2979 et
1176 2941 1525 2998 quaecunque
1559 2925 1762 2990 fecero,
1789 2924 1954 2981 Pater

370 3012 527 3068 facit.
564 3011 690 3068 Haec
740 3023 921 3069 autem
972 3013 1050 3068 ait
1086 3014 1368 3081 Christus,
1397 3033 1508 3073 nou
1558 3024 1823 3086 tanquam
1873 3017 1952 3071 al-

371 3104 548 3160 terius
599 3103 791 3162 forsan
837 3104 1020 3162 verbis
1053 3114 1241 3174 utens,
1280 3123 1460 3179 neque
1504 3108 1642 3163 adeo
1688 3119 1948 3178 tanquam

2142 1645 2221 1699 Οὐ
2248 1641 2573 1705 πιστεύεις,
2598 1637 2684 1690 ὅτι
2701 1638 2815 1705 ἐγὼ
2844 1638 2912 1690 ἐν
2931 1637 3012 1702 τῷ
3036 1637 3243 1704 Πατρί,
3262 1642 3361 1689 καὶ
3394 1639 3426 1690 ὁ
3446 1636 3650 1708 Πατὴρ

2065 1736 2135 1791 ἐν
2160 1737 2290 1806 ἐμοί
2313 1736 2526 1797 eam“;
3410 1750 3415 1753 '

2150 1826 2291 1897 Ἐγὼ
2314 1829 2435 1899 μὲν,
2473 1831 2655 1899 φησὶν,
2681 1825 2726 1880 ὦ
2756 1824 3014 1885 Φίλιππε,
3039 1824 3138 1894 τὴν
3165 1822 3259 1877 to?»
3288 1823 3649 1893 γεννήσαντος

2063 1920 2224 1988 φύσιν
2252 1921 2310 1972 ἐν
2339 1919 2562 1989 ἐμαυτῷ
2588 1915 2981 1987 καταγράφων,
3004 1912 3169 1966 είκών
3186 1914 3301 1982 εἰμι
3327 1914 3425 1982 τῆς
3457 1912 3648 1976 οὐσίας

2062 2008 2250 2073 αὐτοῦ,
2309 2008 2745 2081 μεμορφωμένος
2802 2005 3045 2075 δηλονότι
3101 2005 3220 2056 κατ’
3276 2004 3503 2065 ἐκεῖνον,
3545 2003 3647 2073 οὐχ

2062 2100 2139 2163 ὡς
2195 2100 2261 2154 ἂν
2310 2100 2477 2153 οἴοιτό
2504 2119 2605 2164 τις,
2644 2102 2768 2164 ταῖς
2798 2098 2998 2164 ἔξωθεν
3021 2095 3221 2160 δόξαις,
3250 2095 3365 2149 ἀλλ’
3401 2093 3521 2147 οὐδὲ
3554 2092 3645 2158 ξέ-

2060 2206 2173 2253 νοις
2218 2190 2251 2261 ἢ
2296 2191 2552 2253 ἐπακτοῖς
2592 2188 3084 2261 λελαμπρυσμένος
3131 2187 3644 2258 πλεονεκτήμασιν*

2058 2282 2175 2336 ἀλλ’
2201 2284 2258 2335 ἐν
2287 2281 2391 2353 ίδίᾳ
2418 2282 2577 2351 φύσει
2626 2280 2810 2353 φορῶν
2860 2280 2929 2333 τὰ
2957 2278 3051 2333 τοῦ
3105 2280 3467 2349 γεννήσαντος
3515 2277 3642 2343 ἴδια,

2060 2372 2338 2427 καὶτοῦτο
2385 2373 2647 2443 ὑπάρχων
2711 2371 2949 2442 ἀληθῶς,
2989 2372 3125 2442 ὅπερ
3152 2369 3217 2423 ἂν
3253 2370 3340 2440 εἴη
3369 2370 3641 2432 κάκεῖνος,

2060 2469 2202 2523 κατά
2222 2486 2285 2537 γε
2311 2467 2402 2520 τὸν
2415 2468 2472 2519 ἐν
2497 2463 2789 2536 ταυτότητι
2818 2464 2996 2532 λόγον,
3033 2466 3099 2534 τῇ
3123 2463 3243 2516 κατ’
3267 2463 3456 2515 οὐσίαν
3477 2460 3639 2531 φημί.

2059 2564 2133 2616 Σὺ
2160 2562 2269 2633 γὰρ
2303 2560 2370 2630 δὴ
2408 2559 2568 2613 πάλιν
2588 2559 2724 2629 πρὸς
2762 2555 2935 2611 ταῦτα
2963 2558 3107 2627 ἐρεῖς
3131 2570 3144 2583 °
3179 2556 3238 2608 οὐ
3266 2553 3374 2625 γὰρ
3399 2552 3643 2623 διετέθης

2056 2654 2164 2724 ἄρα
2219 2653 2425 2713 λοιπὸν,
2454 2652 2530 2715 ὡς
2572 2648 2684 2719 ἐγὼ
2718 2648 2816 2720 μὲν
2851 2649 2909 2700 ἐν
2936 2647 3011 2718 τῷ
3057 2646 3256 2718 Πατρὶ,
3293 2648 3321 2699 ό
3363 2644 3554 2716 Πατὴρ
3581 2642 3640 2697 δὲ

2056 2742 2123 2800 αὖ
2151 2745 2312 2799 πάλιν
2359 2744 2504 2797 ἐστὶν
2553 2744 2611 2795 ἐν
2666 2741 2808 2811 ἐμοί.
2864 2739 3081 2803 Καίτοι,
3132 2738 3226 2792 καὶ
3284 2736 3383 2807 οὐχ
3423 2736 3639 2800 ἐκόντα,

2055 2838 2240 2908 φησὶν.
2280 2826 2597 2889 ἐκόιάσεταί
2638 2850 2698 2886 σε
2726 2832 2912 2886 λοιπὸν
2948 2832 2982 2902 ή
3004 2829 3113 2883 τῶν
3144 2829 3451 2900 εἰρημένων
3482 2827 3644 2881 δύνα-

2057 2946 2149 2999 μις
2171 2930 2251 2992 είς
2274 2929 2373 2999 τὴν
2404 2927 2497 2980 ἐπὶ
2526 2925 2703 2994 τούτῳ
2754 2922 3080 2976 συναίνεσιν.
3134 2918 3365 2985 Οὐκοῦν,
3409 2918 3551 2990 ἅπερ
3571 2918 3640 2971 ἂν

2055 3018 2221 3090 φαίην
2266 3015 2399 3086 ἐγὼ,
2436 3016 2608 3070 ταῦτα
2640 3014 2706 3086 δή
2732 3015 2948 3078 πάντως
2990 3011 3108 3065 ἐστὶ
3141 3009 3234 3064 τοῦ
3270 3009 3506 3081 Πατρὸς,
3547 3010 3643 3064 καὶ

2054 3110 2198 3181 άπερ
2224 3108 2290 3161 ἂν
2325 3107 2673 3180 ἐργασαίμην
2723 3104 2854 3175 ἐγὼ,
2883 3107 2911 3158 ό
2935 3102 3128 3174 Πατὴρ
3168 3102 3482 3173 ἐργάζεται.
3501 3099 3641 3172 Φησὶ

368 3196 639 3268 propheta
670 3212 944 3269 supernas
971 3208 1027 3254 et
1052 3213 1080 3252 a
1107 3196 1272 3254 Patre
1306 3207 1559 3270 acceptas
1576 3214 1739 3256 voces
1769 3215 1946 3256 enun-

2056 3201 2107 3255 δέ
2136 3199 2306 3254 ταῦτα
2338 3202 2366 3253 ό
2402 3198 2656 3269 Χριστὸς,
2693 3198 2792 3267 οὐχ
2814 3196 2890 3259 ὡς
2934 3196 3049 3259 τοῖς
3107 3193 3296 3262 ἐτέρου
3325 3193 3486 3262 τυχὸν
3512 3192 3643 3246 ἀπο-

368 3288 516 3346 tians
544 3308 558 3346 :
592 3289 670 3345 illi
704 3291 850 3347 enim
887 3291 1261 3363 loquebantur
1289 3292 1517 3346 omnino
1548 3307 1671 3363 qua:
1701 3307 1799 3348 sua
1838 3308 1947 3348 non

368 3390 548 3448 erant,
580 3383 679 3440 sed
728 3382 851 3456 ejus
896 3386 992 3456 qui
1030 3384 1201 3439 dabat
1246 3392 1301 3440 et
1344 3384 1654 3455 inspirabat
1697 3384 1778 3440 eis
1829 3381 1945 3439 Dei.

368 3471 587 3532 Rursus
629 3485 812 3531 autem
867 3476 1136 3532 miracula
1180 3474 1325 3530 Patri
1370 3490 1475 3531 suo
1509 3475 1789 3538 attribuit,
1838 3490 1946 3529 non

369 3565 529 3635 quasi
557 3565 859 3621 adventitia
906 3572 1178 3636 potestte
1205 3579 1271 3620 ea
1329 3572 1530 3636 patret,
1562 3574 1626 3619 ut
1660 3564 1741 3618 illi
1792 3563 1948 3620 vide-

366 3656 501 3712 licet
550 3655 646 3726 qui
674 3653 935 3711 dicebant
970 3674 984 3710 :
1010 3674 1029 3708 ι
1049 3654 1233 3712 Nolite
1258 3657 1421 3711 nobis
1453 3655 1759 3720 attendere,
1788 3656 1949 3725 quasi

367 3756 559 3803 nostra
585 3746 793 3803 virtute
809 3752 903 3801 aut
924 3746 1131 3818 pietate
1162 3755 1427 3816 egrotum
1446 3747 1837 3803 sanaverimus
1857 3747 1898 3801 ⁸.
1923 3766 1943 3799 ι

370 3837 565 3894 Sancti
601 3839 751 3894 enim
786 3839 840 3894 in
871 3838 1158 3895 miraculis
1196 3838 1423 3895 edendis
1454 3853 1565 3894 non
1601 3839 1794 3908 utique
1824 3855 1947 3904 sua,

367 3929 462 3987 sed
497 3928 592 3987 Dei
620 3930 828 3985 virtute
854 3929 1037 3985 solent
1067 3930 1169 3992 uti,
1201 3929 1441 3985 ministri
1461 3930 1606 3986 enim
1631 3928 1947 3986 divinorum

366 4036 688 4080 sermonum
728 4028 781 4078 et
806 4036 1035 4092 operum
1058 4037 1185 4078 esse
1217 4024 1653 4093 comperiuntur.
1672 4024 1947 4090 Quoniam

365 4128 499 4171 vero
525 4112 691 4187 ⁷82
727 4114 1225 4169 consubstantialis
1261 4122 1348 4170 est
1376 4113 1528 4170 Patri
1561 4115 1755 4180 Filius,
1794 4117 1949 4171 nullo

365 4205 531 4263 modo
578 4205 649 4261 ab
694 4218 763 4261 eo
810 4203 1111 4260 distinctus
1163 4213 1260 4259 aut
1304 4204 1582 4273 diversus,
1629 4222 1733 4262 sua
1780 4209 1950 4263 verba

366 4297 551 4357 Patris
579 4298 749 4357 verba
772 4312 898 4356 esse
924 4296 1081 4364 dicit,
1106 4313 1216 4355 non
1241 4299 1391 4370 quod
1418 4299 1582 4356 Pater
1609 4300 1734 4355 aliis
1765 4300 1951 4357 verbis

365 4400 558 4448 utatur
604 4407 771 4464 quam
811 4390 1015 4463 quibus
1063 4390 1260 4456 Filius,
1294 4390 1391 4448 sed
1447 4399 1502 4447 et
1553 4392 1609 4446 in
1656 4391 1951 4462 majestate

365 4497 595 4555 operum
627 4483 867 4553 idipsum
896 4481 1197 4551 intelliges.
1226 4481 1396 4548 Quasi
1437 4485 1582 4538 enim
1621 4483 1759 4537 nihil
1794 4483 1944 4538 aliud

365 4571 531 4628 Pater
566 4570 751 4627 facere
785 4579 981 4625 natura
1033 4586 1130 4624 sua
1185 4572 1359 4640 possit
1393 4587 1556 4641 quam
1593 4574 1738 4642 quod
1770 4575 1947 4643 possit

362 4671 419 4720 et
464 4664 635 4718 faciat
665 4661 863 4727 Filius,
901 4662 1026 4732 ejus
1068 4675 1235 4732 opera
1282 4678 1408 4717 esse
1449 4665 1545 4716 ait.
1594 4662 1768 4734 Finge
1797 4666 1943 4719 enim

362 4757 465 4812 tibi
498 4757 647 4811 hunc
668 4754 725 4810 in
760 4755 985 4811 modum
1015 4752 1373 4810 manifestius
1401 4754 1719 4825 loquentem
1761 4775 1773 4810 :
1809 4756 1943 4811 Sum

362 4847 602 4918 genitori
649 4861 747 4919 per
778 4846 963 4901 omnia
1010 4845 1231 4909 similis,
1275 4853 1329 4900 et
1381 4845 1564 4918 imago
1619 4847 1943 4903 substantia:

361 4942 491 5011 ejus
526 4946 716 5011 ',.non
748 4951 974 4999 externa
1007 4948 1221 4996 tantum
1253 4942 1436 5011 specie
1458 4950 1514 4997 et
1554 4943 1841 5012 majestate
1867 4947 1945 4998 in-

362 5032 560 5104 signis,
581 5033 676 5091 sed
718 5042 892 5089 totum
927 5034 984 5088 in
1016 5033 1228 5104 meipso
1262 5034 1567 5103 genitorem
1605 5034 1815 5090 habens
1850 5051 1945 5107 per

361 5125 707 5182 identitatem
739 5125 1088 5183 substantiae.

2050 3294 2389 3366 κεχρημένος
2421 3293 2683 3364 ῥήμασιν,
2716 3289 2841 3343 οὐτε
2886 3287 2994 3360 μὴν
3023 3286 3099 3350 ὡς
3140 3288 3199 3339 ἐν
3226 3287 3509 3358 προφήτου
3540 3285 3637 3340 τά·

2061 3385 2141 3453 ξει
2194 3386 2287 3439 καὶ
2324 3385 2511 3457 μέτρῳ
2553 3383 2652 3446 τὰς
2686 3380 2891 3436 ἄνωθεν
2949 3378 3041 3432 καὶ
3087 3377 3239 3448 παρὰ
3288 3377 3500 3448 Πατρδς
3523 3376 3642 3430 διαο

2052 3477 2379 3548 πορθμεύων
2404 3476 2618 3545 φωνάς·
2660 3473 2884 3526 ἐλάλουν
2914 3470 3025 3542 γὰρ
3068 3470 3129 3523 οὐ
3160 3469 3229 3522 τὰ
3257 3468 3468 3521 ἐαυτῶν
3485 3469 3635 3521 ἐκεῖ·

2050 3589 2128 3624 νοι
2161 3573 2399 3634 πάντως,
2434 3567 2571 3623 ἀλλὰ
2597 3566 2691 3621 τοῦ
2713 3566 2945 3627 διδόντος
2968 3581 3027 3617 τε
3062 3563 3155 3615 καὶ
3185 3562 3514 3631 ἐμπνέοντος
3536 3559 3639 3613 αὐ-

2048 3665 2159 3725 τοῖς
2183 3660 2340 3715 Θεοῦ.
2386 3658 2674 3729 ’Λπονέμει
2722 3656 2780 3710 δέ
2832 3654 2995 3708 πάλιν
3040 3652 3117 3724 τῷ
3149 3652 3263 3722 ίδίῳ
3316 3651 3493 3720 Πατρὶ
3529 3649 3641 3703 τῶν

2051 3753 2367 3825 παραδόξων
2429 3752 2528 3824 τήν
2584 3750 2831 3816 ἔκϐασιν,
2878 3748 2977 3817 οὐχ
3021 3746 3099 3809 ὡς
3146 3742 3368 3813 ἐπακτῷ
3410 3742 3641 3812 δυνάμει

2050 3844 2505 3915 θαυματουργῶν,
2530 3842 2653 3896 κατ’
2676 3840 2920 3902 ἐκείνους
2950 3836 3192 3910 δηλονότι
3208 3835 3334 3898 τοὺς
3355 3833 3634 3903 λέγοντας,

2049 3939 2131 3992 ὅτι
2167 3938 2333 4008 Ἡμῖν
2362 3936 2437 4006 μὴ
2466 3934 2760 4006 προσέχετε
2798 3933 2873 3995 ὡς
2911 3930 3018 4002 ἰδίᾳ
3039 3928 3289 3998 δυνάμει,
3322 3927 3355 3995 ἦ
3386 3925 3643 3997 εὐσεϐείᾳ

2050 4029 2505 4101 τεθεραπευκόσι,
2554 4024 2800 4098 δηλονότι
2842 4023 2933 4076 τὸν
2967 4022 3269 4093 κάμνοντα.
3314 4017 3640 4089 Κεχρῆσθαι

2050 4121 2158 4193 γάρ
2187 4123 2300 4184 τοῖς
2322 4120 2501 4189 ἁγίοις
2549 4118 2669 4181 ἐθος
2705 4116 2805 4169 οὐκ
2845 4114 2955 4185 ίδίᾳ
2988 4114 3209 4176 πάντως
3242 4110 3387 4182 ίσχύῖ
3409 4110 3542 4181 πρὸς
3567 4109 3638 4163 τὰ

2051 4212 2354 4285 παράδοξα,
2388 4211 2590 4282 μᾶλλον
2622 4209 2680 4262 δὲ
2706 4211 2771 4280 τῇ
2796 4206 2892 4261 τοῦ
2921 4206 3057 4259 Θεοῦ
3089 4223 3103 4238 ο
3129 4205 3365 4259 διάκονοι
3397 4203 3506 4273 γὰρ
3542 4203 3640 4255 καὶ

2051 4306 2317 4378 ὑπουργοὶ
2335 4306 2511 4374 λόγων
2533 4320 2590 4356 τε
2609 4302 2740 4374 όμού
2769 4301 2876 4355 τῶν
2908 4301 3067 4354 θείων
3118 4301 3213 4354 καὶ⁵
3242 4298 3639 4371 ἐνεργημάτων

2052 4396 2419 4466 εὑρίσκονται.
2463 4393 2685 4465 Ἐπειδὴ
2742 4393 2799 4446 δέ
2834 4390 3120 4462 ὁμοούσιός
3144 4392 3260 4443 ἐστι
3289 4389 3367 4460 τῷ
3405 4389 3579 4460 Πατρὶ
3609 4390 3638 4442 ό

2052 4487 2201 4552 Υἱὸς,
2226 4489 2346 4541 κατ’
2397 4486 2585 4540 οὐδένα
2638 4485 2839 4556 τρόπον
2888 4482 3248 4547 διαλλάττων,
3310 4483 3496 4553 ήγουν,
3558 4480 3637 4543 ὡς

2052 4582 2310 4653 ἐτεροίως
2348 4580 2488 4651 ἔχων
2541 4579 2617 4642 ὼς
2665 4578 2801 4649 πρὸς
2855 4577 3041 4643 αὐτὸν,
3083 4576 3273 4644 λόγους
3308 4571 3447 4627 εἷναί
3499 4591 3637 4643 φησι

2050 4673 2178 4735 τοὺς
2202 4671 2364 4733 ἰδίους
2386 4669 2480 4722 τοῦ
2519 4669 2751 4740 Πατρὸς,
2783 4667 2860 4728 ὼς
2924 4668 3022 4737 οὐχ
3066 4665 3274 4736 ἑτέροις
3299 4664 3365 4717 ἂν
3392 4664 3485 4717 τοῦ
3516 4665 3635 4716 Πα-

2050 4762 2175 4833 τρὶς
2200 4762 2547 4835 χρησαμένου
2578 4761 2779 4829 λόγοις,
2818 4760 2851 4829 ἢ
2891 4754 3086 4830 οἷσπερ
3116 4758 3181 4811 ἂν
3213 4760 3241 4810 ό
3275 4757 3423 4820 Υἱός.
3472 4755 3636 4809 Ἀλλὰ

2050 4854 2146 4906 καὶ
2176 4855 2233 4905 ἐν
2256 4856 2320 4924 τῇ
2343 4853 2450 4906 τῶν
2477 4853 2653 4924 ἔργων
2674 4850 3053 4922 μεγαλειότητι
3089 4851 3303 4920 νοήσεις
3346 4847 3633 4911 ὡσαύτως.

2061 4945 2149 5008 Ὦς
2181 4944 2288 5016 γὰρ
2317 4944 2467 4998 οὐδὲν
2525 4944 2710 5014 ἓτερον
2768 4943 3013 5011 ἐνεργεῖν
3067 4941 3371 5011 πεφυκότος
3433 4957 3490 4993 τε
3540 4940 3635 4991 καὶ

2055 5038 2329 5108 ἰσχύοντος
2354 5036 2448 5090 τοῦ
2486 5035 2698 5107 Πατρύς
2734 5035 2766 5106 ἢ
2814 5037 2951 5105 ὅπερ
2982 5034 3227 5104 ἆνεὶδείη
3274 5052 3334 5086 τε
3366 5033 3462 5087 κοιλ⁵
3487 5034 3636 5103 ἐνερ-

2051 5131 2172 5202 γοίη
2202 5131 2406 5200 τυχὸνό
2430 5128 2583 5193 Υἱός,
2608 5127 2771 5182 αὐτοῦ
2796 5126 2864 5180 τὰ
2887 5128 3023 5197 ἔργα
3052 5127 3236 5198 φησίν.
3288 5126 3489 5178 Ἑννόει
3522 5125 3634 5195 γὰρ

362 5215 589 5285 λέγοντα
618 5219 913 5291 φανότερον
934 5218 1107 5284 οὕτως
1134 5236 1147 5250 ·
1191 5219 1320 5290 Εἰμὶ
1344 5219 1422 5287 τῷ
1446 5222 1798 5291 γεγεννηκότι
1836 5222 1975 5276 κατὰ
2003 5226 2108 5276 πᾶν
2136 5226 2163 5278 ὅ
2190 5242 2241 5277 τι
2272 5221 2365 5278 οὐν
2397 5221 2664 5295 ἐμφερὴς,
2691 5220 2785 5273 καὶ
2817 5219 2982 5273 εἰκὼν
3011 5219 3111 5288 τῆς
3140 5218 3324 5279 οὐσίας
3341 5214 3528 5275 αὐτοῦ,
3566 5215 3630 5267 οὐ

365 5308 547 5381 μόνοις
567 5309 933 5382 ὼραῖζόμενος
993 5315 1258 5385 σχήμασι,
1320 5314 1414 5366 καὶ
1464 5318 1584 5379 ταῖς
1631 5316 1830 5383 ἔξωθεν
1858 5317 2057 5384 δόξαις,
2102 5319 2215 5373 ἀλλ’
2240 5318 2359 5373 ὅλον
2387 5319 2524 5389 ἔχων
2558 5318 2612 5371 ἐι
2666 5315 2844 5384 ἐαυτῷ
2920 5315 3011 5368 τὸν
3079 5314 3329 5383 φύσαντα
3383 5309 3471 5364 διὰ
3528 5309 3625 5381 τὴν

363 5401 461 5473 τῆς
486 5401 674 5465 οὐσίας
719 5406 1045 5475 ταυτότητά.

432 5489 575 5559 XIV,
607 5492 695 5547 10.
740 5492 905 5548 Verba
950 5513 1067 5565 qua:
1109 5516 1202 5570 ego
1256 5503 1464 5571 loquor,
1507 5519 1540 5555 a
1598 5504 1793 5574 meipso
1834 5522 1940 5559 non

2125 5501 2197 5555 Τὰ
2210 5499 2449 5570 ῥήματα
2481 5497 2520 5553 ἂ
2545 5498 2661 5569 ἐγὼ
2689 5495 2879 5560 λαλῶ,
2909 5493 3010 5548 ἀπ’
3032 5492 3293 5561 ἐμαυτοῦ
3327 5493 3398 5544 οὐ
3430 5490 3624 5545 λαλῶ.

360 5582 594 5653 loquor:
632 5583 795 5640 Pater
842 5595 1021 5641 autem
1072 5590 1127 5643 in
1194 5608 1273 5645 me
1331 5610 1569 5660 manens,
1635 5595 1745 5665 ipse
1808 5595 1937 5665 facit

2056 5591 2206 5646 ὶλλὰ
2256 5594 2289 5646 d
2345 5590 2548 5658 Πατὴρ
2588 5589 2659 5643 ἐν
2694 5586 2824 5656 ἐμοί
2882 5582 3103 5654 μένων,
3137 5582 3321 5647 αὐτὸς
3345 5581 3505 5636 ποιεῖ
3556 5587 3631 5637 τὰ

363 5687 544 5743 opera.
1419 5752 1423 5756 _

328 5873 333 5881 Ι
426 5781 451 5864 ,⁸
484 5791 610 5849 Act.
645 5810 729 5864 tu,
763 5795 847 5851 12.
925 5797 944 5829 ³
971 5793 1139 5853 Hebr.
1174 5812 1212 5863 ι,
1253 5797 1306 5851 5.

2042 5684 2204 5751 ἔργα.
