4042 6204
374 294 469 355 ειδ

1337 296 1403 353 lN
1438 298 1730 357 JOANNIS
1758 299 2216 361 EVANGELIUM
2256 305 2382 363 LIB.
2423 309 2514 369 Ix.
2623 286 2631 293 ’

3491 327 3598 382 2H

434 413 493 475 Et
527 411 636 483 γὰρ
686 411 819 482 πρὸς
864 411 1008 482 sps;
1042 430 1115 477 τι,
1154 415 1336 483 φησὶν,
1379 416 1693 489 ἐλάλησενό
1718 417 1929 489 Πατὴρ,

2107 418 2164 475 Si
2195 421 2343 477 enim
2375 423 2442 479 ad
2482 438 2598 492 vos,
2634 424 2836 496 inquit,
2867 426 3088 484 locutus
3124 438 3272 487 esset
3300 430 3462 488 Pater
3500 435 3601 489 ali.-

372 506 568 570 τούτοις
621 506 825 571 αὐτοῖς,
890 504 1078 576 ὥσπερ
1134 505 1246 576 ἐγὼ
1283 509 1422 571 νυνὶ,
1478 509 1580 564 οὐκ
1614 510 1682 565 ἃν
1724 510 1930 581 ἑτέροις

298 640 304 669 λ
372 598 629 669 ὶχρὴσατο
659 595 861 664 λόγοις.
930 596 1213 669 Τοσαύτην
1274 599 1382 670 γὰρ
1420 598 1527 671 ἔχω
1575 600 1712 671 πρὸς
1769 602 1931 656 αὑτὸν

371 688 588 759 οὐσιὼδη
626 687 726 759 τὴν
782 687 1103 761 ἐμφέρειαν,
1152 690 1229 754 ὡς
1283 691 1448 745 αὑτοῦ
1473 692 1569 757 τὰς
1599 694 1740 765 ἐμὰς
1790 691 1931 748 εἶναι

371 781 657 853 φωνάς,καὶ
683 780 828 852 ἆπερ
845 779 911 835 ἂν
933 780 1113 853 δρῴην
1142 782 1273 852 ἐγὼ,
1289 783 1461 839 ταῦτα
1485 784 1650 840 αὐτοῦ
1674 780 1928 841 πιστεύε-

374 879 484 929 σθαι
540 870 977 945 κατορθὼματα’
1055 874 1114 928 ἐν
1171 876 1298 946 ἐμοὶ
1349 876 1457 947 γάρ
1517 876 1714 946 μένων,
1744 878 1831 932 διὰ
1867 879 1931 931 τὸ

371 962 776 1035 ἀπαράλλακτον
814 964 871 1017 ὲν
894 962 1075 1033 οὐσίᾳ,
1116 967 1263 1017 ποιεῖ
1280 965 1348 1018 τὰ
1381 964 1517 1036 ἔργα
1541 966 1723 1030 αὑτός.
1779 967 1931 1020 Ἐπεὶ

370 1055 457 1110 καὶ
485 1056 615 1126 μιᾶς
641 1054 810 1126 οῦσης
869 1054 970 1125 τῆς
1024 1053 1276 1126 θεότητος
1306 1055 1363 1110 ἐν
1400 1074 1459 1110 τε
1488 1057 1664 1129 Πατρὶ
1697 1058 1790 1111 καὶ
1815 1057 1929 1129 Υίῷ

368 1147 455 1200 καὶ
482 1146 761 1217 Πνεύματι
811 1145 1130 1218 νοουμένης,
1182 1147 1327 1211 ἄπας
1373 1148 1472 1219 μὲν
1526 1149 1680 1217 λόγος
1719 1151 1750 1204 ό
1778 1151 1930 1220 παρὰ

369 1237 593 1309 Πατρδς,
615 1236 833 1301 πάντως
848 1237 966 1290 ἐστὶ
988 1237 1056 1292 δι’
1094 1237 1224 1291 Υίοῦ
1256 1240 1314 1293 ὲν
1354 1240 1631 1310 Πνεύματι
1651 1258 1664 1272 ·
1698 1242 1792 1296 καὶ
1819 1245 1928 1297 πᾶν

367 1328 539 1396 ἔργον.
565 1327 685 1398 ἦτοι
716 1325 1037 1399 παράδοξον,
1054 1327 1120 1380 δι’
1153 1328 1284 1382 Υίοῦ
1312 1330 1369 1382 ὲν
1401 1330 1683 1401 Πνεύματι
1703 1371 1719 1395 ,
1749 1332 1927 1402 πράτ-

367 1417 511 1470 τεταί
535 1433 599 1485 γε
624 1415 751 1488 μὴν,
775 1416 851 1478 ὡς
888 1416 1036 1487 παρὰ
1056 1416 1289 1487 Πατρός.
1331 1418 1406 1470 Ού
1439 1417 1547 1486 γὰρ
1576 1417 1682 1483 ἔξω
1706 1419 1804 1489 τῆς
1834 1418 1927 1473 τοῦ

365 1510 718 1577 γεννήσαντος
740 1507 929 1570 οὐσίας
955 1508 1101 1560 ἐστὶν
1124 1510 1152 1562 ὁ
1171 1508 1315 1573 Υἱὸς,
1339 1509 1464 1564 οῦτε
1491 1511 1598 1582 μὴν
1624 1510 1683 1565 τὸ
1704 1511 1928 1583 Πνεῦμα

364 1601 420 1653 τὸ
449 1599 624 1667 ἅγιον,
680 1601 737 1651 ὲν
798 1598 947 1670 αὐτῷ
974 1599 1029 1652 δὲ
1073 1600 1148 1654 ὣν
1178 1602 1205 1654 ό
1264 1602 1590 1671 Μονογενὴς,
1618 1602 1756 1674 ἔχων
1782 1603 1838 1657 δὲ
1860 1600 1924 1659 αὖ

366 1689 517 1742 πάλιν
543 1691 600 1743 ὲν
623 1688 802 1761 ἑαυτῷ
832 1689 920 1742 τὸν
969 1690 1222 1755 τεκόντα,
1263 1692 1424 1760 αὐτόν
1451 1710 1616 1763 φησιν
1645 1697 1887 1764 ἐνεργεῖν
1909 1713 1922 1727 ο

363 1779 582 1851 ἐνεργὴς
636 1779 744 1852 γάρ
800 1780 1009 1852 ἐστινὴ
1044 1780 1139 1835 τοῦ
1187 1772 1400 1854 Πατρός
1445 1783 1628 1853 φύσις,
1658 1785 1839 1850 καλῶς
1870 1789 1927 1841 ὲν

363 1870 470 1941 Υίῷ
496 1869 901 1942 διαλάμπουσα.
936 1872 1071 1945 Φαίη
1094 1873 1140 1927 δ’
1169 1874 1234 1929 ἄν
1261 1891 1344 1939 τις
1379 1876 1473 1929 ἐπὶ
1500 1875 1707 1941 τούτοις
1737 1878 1928 1950 ἑτέραν

361 1962 613 2030 διάνοιαν,
633 1962 735 2031 τῆς
771 1961 907 2033 μετὰ
944 1963 1146 2035 σαρκὸς
1188 1965 1500 2035 οἰκονομίας
1549 1966 1730 2032 καλῶς
1778 1969 1929 2041 αύτῷ

363 2051 692 2123 χορηγούσης
717 2052 816 2117 τὰς
849 2054 1124 2126 ἀφορμάς.
1159 2072 1178 2106 ι
1226 2053 1344 2107 Ἀπ’
1366 2054 1606 2126 ἐμαυτοῦ
1667 2052 1797 2130 γάρ,
1826 2075 1931 2130 φη-

365 2146 462 2207 σὶν,
495 2145 556 2199 ού
601 2144 769 2209 λαλῶ,
809 2163 828 2197 ι
860 2146 983 2199 ἀντὶ
1049 2145 1169 2211 τοῦ,
1223 2147 1283 2199 ού
1327 2146 1764 2221 μεμερισμένως,
1808 2150 1928 2204 οὐδὲ

362 2234 668 2305 ἁπᾳδόντως
694 2235 773 2307 τῷ
809 2236 928 2306 Θεῷ
973 2237 1068 2290 καὶ
1126 2237 1321 2310 Πατρί.
1365 2238 1581 2310 Ἐπειδὴ
1605 2239 1712 2311 γὰρ
1744 2240 1803 2294 ἐν
1835 2241 1930 2295 άν-

362 2324 601 2396 θρωπεία
627 2330 809 2398 μορφῇ
857 2329 967 2389 τοῖς
1011 2327 1210 2397 ὁρῶσιν
1252 2328 1522 2397 ἐφαίνετο,
1547 2329 1833 2400 ἀνατίθησι
1861 2332 1927 2401 τῇ

361 2419 454 2487 τῆς
483 2416 735 2488 θεότητος
760 2417 919 2487 φύσει
948 2419 1072 2484 τοὺς
1094 2418 1288 2472 ἑαυτοῦ
1322 2419 1534 2488 λόγους,
1565 2420 1640 2484 ὡς
1670 2421 1727 2474 ὲν
1762 2437 1929 2491 προσ-

363 2507 495 2577 ὡπῳ
518 2507 612 2560 τοῦ
665 2507 902 2579 Πατρός,
958 2510 1050 2562 καὶ
1113 2509 1219 2581 μὴν
1248 2510 1344 2563 καὶ
1384 2510 1453 2563 τὰ
1479 2509 1616 2580 ἔργα
1642 2527 1654 2540 ·
1691 2510 1850 2581 μόνον
1872 2509 1929 2563 δὲ

366 2601 483 2671 οὐχί
514 2617 645 2673 φησι
665 2616 679 2632 ⁸
704 2601 797 2673 Μὴ
824 2602 887 2655 τὸ
948 2603 1132 2675 σχῆμα
1161 2603 1312 2656 τουτὶ
1338 2603 1400 2657 τὸ
1437 2601 1798 2674 ἀνθρώπινον,
1832 2600 1931 2672 τὴν

364 2692 485 2763 ἐμοὶ
530 2691 839 2764 πρέπουσαν
902 2695 995 2748 καὶ
1049 2694 1503 2766 χρεωστουμένην
1554 2692 1931 2767 παραιρείσθω

360 2783 627 2855 διάληψιν,
662 2784 799 2857 μηδὲ
832 2783 1122 2856 ἀνθρώπου
1174 2784 1353 2855 ψιλοῦ,
1399 2786 1494 2839 καὶ
1527 2786 1646 2850 ἑνὸς
1670 2785 1781 2840 τῶν
1807 2785 1929 2840 καθ’

361 2874 501 2944 ὑμᾶς
522 2872 662 2928 εἶναι
686 2877 812 2940 τοὺς
835 2877 999 2947 ἐμοὺς
1010 2875 1202 2944 λόγους
1232 2875 1562 2948 ὑπολάϐητε,
1586 2877 1720 2932 ἀλλὰ
1754 2876 1932 2941 θείους

360 2962 594 3034 άληθῶς,
651 2966 746 3019 καὶ
766 2964 914 3036 αύτῷ
964 2964 1273 3037 πρέποντας
1320 2966 1398 3038 τῷ
1428 2968 1622 3039 Πατρὶ,
1658 2969 1829 3033 οὕτως
1857 2969 1933 3033 ὡς

2031 512 2183 582 quid,
2218 513 2413 570 iisdem
2443 515 2584 587 ipsis
2613 519 2816 589 quibus
2845 535 2946 592 ego
2972 535 3143 586 nunc,
3168 537 3282 578 non
3317 524 3438 580 aliis
3465 543 3599 582 usus

2033 605 2214 661 verbis
2244 614 2410 664 esset.
2438 606 2676 665 Tantum
2710 611 2915 684 quippe
2949 613 3126 670 habeo
3170 629 3297 669 eum
3339 631 3405 671 eo
3448 617 3603 672 simi-

2033 694 2286 753 litudinis
2327 698 2733 765 substantialis,
2770 710 2831 756 ιιι
2853 717 2988 758 meae
3014 718 3178 761 voces
3211 704 3333 775 ejus
3372 706 3507 768 sint,
3547 716 3602 761 et

2031 803 2154 859 quae
2184 788 2330 846 facio
2376 805 2497 862 ego,
2526 791 2642 848 hac
2674 790 2797 863 ejus
2831 793 2978 849 facta
3018 795 3320 853 credantur
3353 815 3368 852 :
3411 798 3465 853 in
3515 815 3603 854 me

2029 880 2181 936 enim
2212 896 2465 948 manens,
2486 892 2713 955 pr0pter
2742 884 3086 942 identitatem
3113 887 3459 956 substantiae,
3485 889 3601 960 ipse
3639 926 3648 933 .

2032 971 2164 1028 facit
2187 988 2377 1044 opera.
2407 973 2544 1030 Nam
2579 991 2706 1031 cum
2735 992 2850 1032 una
2893 978 2968 1033 sit
3001 978 3057 1034 in
3090 978 3252 1036 Patre
3283 988 3337 1036 et
3364 980 3508 1035 Filio
3546 990 3601 1037 et

2033 1065 2239 1135 Spiritu
2270 1065 2472 1131 deitas,
2515 1066 2700 1124 omnis
2729 1081 2912 1123 sermo
2965 1067 3146 1124 Patris
3178 1068 3367 1140 utique
3394 1079 3478 1126 est
3508 1085 3603 1139 per

2030 1154 2231 1210 Filium
2269 1157 2325 1211 in
2359 1156 2571 1228 Spiritu
2599 1175 2615 1221 ;
2640 1164 2694 1212 et
2721 1171 2887 1213 omne
2907 1173 3069 1227 opus,
3100 1159 3215 1214 sive
3243 1159 3597 1219 miraculum.

2031 1263 2130 1318 per
2175 1247 2375 1304 Filium
2432 1249 2486 1303 in
2539 1248 2770 1319 Spiritu,
2817 1249 2995 1321 agitur
3032 1260 3212 1306 tamen
3268 1260 3526 1321 tanquam
3571 1268 3599 1304 a

2030 1338 2211 1396 Patre.
2236 1338 2350 1397 Nee
2379 1341 2526 1396 enim
2579 1348 2735 1397 extra
2780 1340 3059 1399 Genitoris
3106 1343 3473 1400 substantiam
3518 1354 3601 1399 est

2032 1429 2227 1497 Filius,
2256 1446 2434 1502 neque
2461 1431 2597 1487 adeo
2626 1431 2865 1502 Spiritus
2905 1440 3155 1498 sanctus,
3185 1432 3284 1489 sed
3316 1433 3411 1503 qui
3441 1434 3497 1487 in
3531 1448 3597 1487 eo

2030 1530 2115 1580 est
2131 1522 2482 1595 Unigenitus,
2503 1523 2713 1594 quique
2729 1525 2895 1581 habet
2925 1540 3122 1581 rursus
3145 1526 3201 1580 in
3222 1525 3408 1597 seipso
3432 1524 3601 1579 Geni-

2031 1624 2228 1680 torem,
2254 1617 2437 1686 ipsum
2486 1616 2560 1670 ait
2592 1616 2833 1686 operari.
2864 1615 3067 1671 Etiicax
3098 1617 3245 1672 enim
3295 1624 3381 1671 est
3420 1615 3600 1670 Patris

2031 1714 2254 1771 natura,
2286 1706 2342 1760 in
2382 1705 2524 1761 Filio
2557 1707 2817 1777 praeclare
2847 1707 3114 1762 emicans.
3150 1707 3305 1762 Alius
3338 1714 3598 1776 praeterea

2030 1814 2228 1856 sensus
2287 1796 2476 1878 alieni
2524 1807 2729 1868 potest,
2782 1812 2945 1867 quem
2996 1796 3402 1852 incarnationis
3458 1797 3601 1851 ratio

2029 1889 2316 1944 commode
2348 1889 2683 1959 suppeditat.
2723 1907 2742 1939 ι
2776 1888 2820 1941 Α
2843 1888 3080 1957 meipso,
3119 1888 3322 1959 inquit,
3356 1902 3467 1942 non
3517 1887 3601 1941 lo-

2029 1994 2193 2049 quor,
2243 1997 2262 2031 ›
2313 1993 2414 2048 pro
2465 1993 2531 2033 eo
2581 1978 2732 2047 quod
2790 1986 2897 2041 est,
2946 1991 3058 2032 non
3121 1975 3377 2041 seorsim,
3425 1989 3601 2044 neque

2029 2078 2223 2128 contra
2255 2070 2350 2126 Dei
2405 2084 2470 2125 ac
2502 2070 2681 2124 Patris
2717 2069 3002 2139 placitum.
3053 2068 3193 2135 Quia
3226 2068 3371 2123 enim
3407 2066 3464 2121 in
3494 2064 3602 2119 bu-

2029 2176 2195 2218 mana
2239 2160 2418 2217 forma
2462 2159 2782 2217 videntibus
2835 2160 3110 2230 apparuit,
3134 2159 3347 2214 idcirco
3379 2155 3603 2212 deitatis

2032 2264 2244 2311 natura
2292 2254 2463 2310 verba
2508 2267 2610 2307 sua
2646 2250 2884 2325 tribuit,
2933 2258 3196 2322 tanquam
3249 2252 3305 2306 in
3366 2262 3597 2320 persona

2031 2344 2230 2411 Patris,
2260 2343 2561 2414 quinetiam
2589 2349 2644 2398 et
2674 2356 2945 2414 opera,ac
2972 2349 3186 2396 tantum
3217 2356 3327 2396 non
3363 2342 3440 2394 ait
3474 2358 3488 2394 :
3522 2336 3601 2393 Ne

2032 2434 2147 2489 haec
2196 2433 2371 2488 forma
2422 2432 2667 2487 humana
2716 2431 3179 2487 existimationem
3228 2430 3361 2484 mihi
3399 2443 3601 2484 conve-

2032 2521 2274 2577 nientem
2310 2535 2376 2576 ac
2407 2520 2649 2575 debitam
2682 2519 2903 2590 eripiat,
2946 2532 3129 2589 neque
3169 2518 3302 2573 nudi
3341 2518 3497 2574 vobis
3526 2516 3601 2571 si-

2032 2610 2182 2665 milis
2213 2608 2377 2666 unius
2409 2608 2648 2678 alicujus
2687 2608 2928 2664 hominis
2971 2621 3125 2663 meos
3162 2621 3446 2663 sermones
3476 2620 3602 2662 esse

2033 2701 2264 2773 putetis,
2309 2701 2406 2756 sed
2457 2716 2584 2756 vere
2636 2699 2875 2765 divinos,
2931 2699 3149 2770 ipsique
3205 2698 3606 2756 convenientes

2031 2792 2205 2857 Patri,
2229 2791 2457 2863 perinde
2490 2805 2557 2847 ac
2587 2791 2743 2846 mihi.
2766 2789 3037 2861 Operatur
3059 2796 3242 2845 autem
3273 2789 3332 2843 in
3363 2803 3456 2844 me
3484 2802 3603 2844 ma-

2032 2899 2169 2940 ncus
2206 2885 2449 2955 :quippe
2478 2898 2602 2939 sum
2641 2883 2697 2937 in
2744 2882 2885 2952 ipso,
2925 2890 2980 2937 et
3020 2881 3139 2952 ipse
3191 2880 3248 2935 in
3282 2895 3388 2935 me.
3423 2877 3605 2935 Nolite

2034 2989 2166 3045 ergo
2221 2975 2444 3031 credere
2501 2973 2785 3030 veteribus
2837 2980 3100 3042 tanquam
3154 2970 3417 3026 eximium
3473 2970 3605 3041 quid

360 3056 499 3128 ἐμοί.
552 3056 800 3129 Ἐνεργεῖ
820 3058 873 3111 δὲ
898 3059 955 3111 ἐν
987 3058 1111 3128 ἐμοὶ
1158 3057 1355 3130 μένωψ
1402 3060 1521 3131 εἰμὶ
1549 3061 1659 3132 γάρ
1699 3063 1756 3114 ὲν
1784 3061 1933 3134 αύτῷ

2036 3065 2199 3137 783
2231 3076 2287 3122 et
2318 3081 2578 3137 magnum
2607 3063 2796 3120 datum
2850 3078 2977 3120 esse
3024 3071 3085 3118 ut
3129 3063 3186 3117 in
3240 3061 3427 3132 specie
3462 3060 3606 3131 ignis

358 3147 450 3200 καὶ
476 3147 640 3211 αὐτὸς
699 3149 759 3201 ὲν
812 3150 952 3220 ἐμοί.
986 3150 1078 3222 Μὴ
1099 3149 1299 3212 τοίνυν,
1349 3151 1537 3221 φησὶν,
1590 3152 1665 3216 ὡς
1695 3153 1835 3224 μέγα
1880 3171 1933 3208 τι

360 3241 451 3294 καὶ
481 3240 762 3313 ὑπερφυὲς
794 3244 904 3305 τοῖς
952 3243 1328 3315 ἀρχαιοτέροις
1354 3243 1600 3299 δεδόσθαι
1631 3245 1933 3313 πιστεύετε,

359 3332 452 3385 καὶ
483 3333 545 3385 τὸ
564 3332 689 3386 ἰδεῖν
720 3333 817 3403 μὲν
831 3332 906 3398 ὡς
924 3335 981 3386 ὲν
1003 3334 1131 3387 εῖδει
1148 3335 1318 3406 πυρὸς
1338 3334 1428 3388 τὸν
1444 3334 1598 3399 Θεὸν,
1626 3336 1858 3392 ἀκοῦσαι
1880 3340 1938 3393 δὲ

361 3425 453 3478 καὶ
468 3425 657 3495 φωνῆς
670 3424 936 3497 λαλούσης
950 3426 1154 3489 αὐτοῖς.
1174 3426 1273 3490 ’Υμ
1285 3429 1362 3489 εῖς
1375 3426 1482 3497 γὰρ
1499 3426 1664 3491 ὅντως
1681 3427 1937 3482 τεθέασθε

360 3515 426 3568 δι’
454 3514 591 3586 ἐμοῦ
639 3516 734 3570 καὶ
764 3517 821 3570 ὲν
853 3516 978 3588 ἐμοὶ
1008 3516 1102 3569 τὸν
1128 3517 1371 3590 Πατέρα,
1392 3519 1552 3573 είκαὶ
1582 3519 1795 3591 πέφηνα
1817 3518 1936 3573 καθ’

360 3610 527 3682 ὑμᾶς,
554 3608 688 3673 Θεὸς
741 3608 817 3663 ὢν
838 3668 854 3685 .
874 3610 1014 3665 κατὰ
1065 3608 1249 3680 φύσιν,
1306 3605 1469 3682 ἦλθον
1498 3611 1775 3682 ἐμφανῶς.
1798 3610 1940 3667 κατὰ

360 3706 462 3776 τὴν
490 3703 591 3758 τοῦ
632 3703 939 3774 ψάλλοντος
1003 3704 1209 3774 φωνήν.
1248 3703 1443 3758 Ἰστέον
1475 3704 1531 3757 δὲ
1564 3703 1777 3758 ὅτιτῶν
1805 3705 1941 3776 ἠμε-

360 3796 536 3866 τέρων
567 3794 901 3858 ἀκούσαντες
924 3792 1247 3862 λόγων,τῶν
1277 3793 1382 3846 ὑπὸ
1414 3793 1626 3864 Πατρός
1646 3793 1936 3864 ἠκούσατε.

361 3888 573 3959 Θεωροὶ
599 3887 657 3940 δὲ
679 3887 937 3956 γεγόνατε
969 3887 1063 3938 καὶ
1102 3885 1213 3939 τῶν
1249 3884 1448 3956 ἔργων,
1478 3886 1573 3941 καὶ
1596 3887 1697 3957 τῆς
1715 3886 1941 3957 ἐνούσης

365 3981 552 4052 ἰσχύος
576 3979 748 4051 αὐτῷ.
794 3979 874 4033 Δι’
906 3978 1043 4048 ἐμοῦ
1070 3977 1179 4049 γὰρ
1210 3977 1361 4032 λαλεῖ
1387 3977 1504 4048 μὲν,
1538 3977 1614 4041 ὡς
1649 3976 1739 4031 διὰ
1768 3978 1940 4047 Λόγου

360 4075 456 4129 τοῦ
494 4073 649 4138 ἰδίου,
683 4071 941 4143 κατορθοῖ
957 4071 1013 4125 δὲ
1036 4072 1131 4124 καὶ
1159 4072 1373 4141 ἐνεργεῖ
1400 4070 1466 4124 τὰ
1493 4069 1770 4141 θαύματος
1793 4071 1938 4139 ἄξια,

362 4168 438 4228 ὼς
475 4166 565 4220 διά
601 4164 883 4234 δυνάμεως
915 4164 1078 4217 πάλιν
1122 4162 1220 4232 τῆς
1248 4161 1461 4215 ἑαυτοῦ.
1490 4160 1614 4216 Ὅτι
1642 4162 1699 4216 δὲ
1719 4164 1817 4234 τῆς
1849 4163 1941 4216 τοῦ

364 4259 579 4330 Πατρός
606 4256 798 4320 οὐσίας
820 4256 993 4319 οὐδεὶς
1018 4255 1104 4320 ἂν,
1136 4252 1309 4325 οἶμαι.
1332 4254 1488 4324 λόγος
1521 4255 1789 4326 ἀποτέμοι
1813 4255 1941 4308 ποτὲ

366 4348 458 4402 τόν
489 4365 549 4400 τε
577 4345 770 4415 Λόγον,
804 4345 898 4398 καὶ
952 4343 1050 4416 τὴν
1097 4344 1323 4413 δύναμιν
1362 4343 1567 4413 αὐτῆς,
1616 4346 1943 4415 ἐνυπάρχειν

2037 3156 2208 3212 Deum
2238 3156 2510 3221 viderent,
2536 3163 2592 3211 et
2616 3170 2804 3212 vocem
2846 3154 2929 3210 eis
2955 3155 3276 3225 loquentem
3326 3151 3602 3207 audirent.

2036 3248 2151 3305 Vos
2178 3250 2323 3305 enim
2353 3263 2548 3305 revera
2580 3246 2879 3318 spectastis
2929 3260 3027 3316 per
3063 3259 3153 3299 me
3180 3251 3237 3298 et
3285 3243 3343 3297 in
3382 3255 3470 3297 me
3498 3238 3608 3295 Pa»

2036 3349 2198 3406 trem,
2228 3340 2451 3396 tametsi
2488 3339 2658 3396 vestri
2711 3337 2912 3393 similis
2964 3335 3219 3407 apparui,
3261 3332 3405 3389 Deus
3458 3332 3607 3387 ειεξ-

2038 3440 2191 3490 stens
2235 3429 2541 3488 secundum
2594 3438 2874 3495 naturam,
2921 3427 3052 3483 veni
3088 3424 3398 3489 manifeste,
3447 3412 3607 3494 juxia

2035 3523 2346 3580 Psalmista:
2369 3536 2557 3577 vocem
2574 3520 2917 3578 '.Sciendum
2944 3532 3072 3574 vero
3092 3516 3257 3588 quod,
3281 3529 3408 3572 cum
3440 3513 3607 3570 verba

2039 3629 2160 3671 mea
2190 3612 2538 3681 audiveritis,
2592 3612 2760 3669 verba
2793 3612 2957 3668 etiam
2999 3609 3174 3666 Patris
3210 3607 3468 3664 audistis.
3501 3603 3609 3661 Sed

2037 3714 2092 3762 et
2125 3713 2466 3778 spectatores
2495 3718 2722 3776 operum
2770 3712 2826 3758 et
2871 3701 3094 3757 virtutis
3122 3699 3244 3771 ejus
3272 3699 3476 3755 fuistis.
3505 3696 3610 3752 Per

2038 3812 2127 3853 me
2163 3797 2310 3852 enim
2359 3795 2626 3867 loquitur,
2660 3802 2720 3850 ut
2752 3809 2848 3865 per
2879 3807 3039 3849 suum
3066 3790 3355 3856 Verbum;
3392 3787 3627 3860 peragit,

2041 3902 2170 3945 vero
2200 3894 2256 3943 et
2283 3886 2396 3948 edit
2416 3886 2706 3953 miracula,
2727 3892 2789 3938 ut
2817 3899 2913 3954 per
2933 3896 3088 3938 suam
3110 3894 3309 3937 rursus
3327 3880 3606 3935 virtutem.

2041 3977 2199 4045 Quod
2244 3988 2428 4033 autem
2474 3977 2623 4032 nulla
2667 3977 2862 4031 ratioa
2894 3973 3204 4030 substantia
3249 3970 3435 4026 Patris
3472 3966 3612 4023 Ver-

2040 4070 2193 4134 bum,
2225 4069 2457 4139 ejusque
2494 4068 2752 4123 virtutem
2784 4068 3075 4137 scjungere
3103 4064 3300 4136 possit,
3330 4061 3427 4117 sed
3457 4060 3512 4114 in
3546 4072 3611 4113 ea

2040 4162 2334 4222 exsistere,
2361 4167 2417 4215 ct
2471 4174 2500 4211 a
2532 4166 2729 4213 natura
2779 4157 2964 4214 inesse
3008 4156 3242 4228 quilibet
3272 4152 3377 4208 nisi
3410 4148 3612 4205 mentis

2045 4251 2230 4306 forsan
2278 4255 2476 4304 emota
2529 4247 2887 4303 confessurus
2950 4247 3043 4312 sit,
3093 4241 3456 4301 dubitandum
3501 4251 3610 4293 non

2043 4351 2146 4400 est.

366 4441 446 4504 δὲ,
485 4441 579 4496 καὶ
611 4439 991 4512 ἑμπεφυκέναι
1045 4439 1185 4491 κατὰ
1236 4441 1396 4507 φύσιν
1434 4439 1569 4510 αὐτῇ
1596 4439 1703 4503 πᾶς
1741 4457 1825 4503 τις
1858 4435 1949 4494 οῦν
1989 4438 2396 4511 ὁμολογήσειεν,
2459 4433 2559 4487 οὐκ
2608 4430 2931 4502 ἀμφίὸολον,
2995 4432 3043 4483 εί
3100 4430 3174 4501 μή
3220 4444 3303 4492 τις
3352 4426 3461 4497 ἄρα
3502 4419 3591 4491 εἴη

367 4534 665 4607 παραπλὴξ
688 4533 789 4605 τὴν
821 4532 1077 4587 διάνοιαν.

812 4647 1208 4702 ΚΕΦΑΛΛΙΟΝ
1244 4648 1487 4701 ΜΟΝοΝ
1494 4687 1508 4700 .

370 4764 499 4818 Ὅτι
527 4764 628 4819 διὰ
676 4762 794 4830 τὴν
831 4762 1163 4829 ταυτότητα
1199 4760 1308 4827 τῆς
1341 4763 1580 4831 φύσεως
1601 4765 1634 4815 ό
1675 4763 1806 4827 Υἱὸς
1828 4762 1947 4831 μὲν

435 4835 509 4960 ei;
522 4833 613 4958 Ξιέ
632 4827 819 4901 Harp!
839 4834 1028 4898 ἐστιν,
1061 4827 1092 4885 ὀ
1121 4831 1321 4900 Πατὴρ
1343 4827 1403 4885 ’δ’
1433 4827 1510 4887 αὖ
1553 4831 1738 4885 πάλιν
1764 4827 1843 4887 ἐν’
1866 4831 1946 4897 τῷ

510 4923 556 4971 ῳ
608 4920 769 4959 στιν.

440 4995 762 5048 Πιστεύετε
799 4992 887 5046 ὅτι
908 4992 1022 5063 ἐγὼ
1048 4993 1115 5047 ἐν
1141 4991 1220 5057 τῷ
1242 4992 1443 5061 Harp},
1468 4992 1562 5045 καὶ
1590 4995 1623 5046 ὁ
1644 4990 1845 5060 Πατὴρ
1877 4991 1946 5044 ἐν

362 5083 502 5153 ἐμοι
536 5082 708 5137 ἐστιν
727 5101 745 5150 ;
1346 5090 1365 5101 '
1710 5141 1715 5146 ,

454 5173 789 5243 ’Λναφανδδν
842 5172 942 5242 ἢδη
995 5171 1179 5244 φησὶν,
1215 5170 1411 5241 μᾶλλον
1448 5169 1506 5223 δὲ
1542 5168 1636 5223 καὶ
1665 5167 1947 5222 ἐπιτάττει

363 5264 581 5331 λοιπὸν,
634 5266 717 5320 ὅτι
764 5265 1031 5337 προσήκοι
1074 5265 1291 5337 φρονεῖν
1337 5264 1436 5333 οὐχ
1483 5262 1683 5332 ἑτέρως
1709 5261 1881 5332 ἡμᾶς,
1913 5259 1948 5328 ἢ

365 5351 566 5425 ὥσπερ
594 5354 756 5416 αὐτὸς
803 5355 831 5406 ὁ
859 5353 959 5421 τῆς
986 5353 1243 5422 ἀληθείας
1278 5351 1516 5422 βούλοιτο
1558 5351 1749 5419 Λόγος.
1787 5350 1950 5421 Ὅμο-

367 5442 556 5507 ούσιος
586 5443 697 5514 γάρ
734 5444 851 5496 ἐστι
887 5443 964 5512 τῷ
1017 5444 1129 5512 ίδὶῳ
1167 5444 1474 5514 Γεννὴτορι,
1511 5439 1933 5510 μετολαΰοῦντος

2550 4631 2783 4689 CAPUT
2828 4630 3117 4687 UNICUM.

2055 4751 2211 4818 Quod
2235 4760 2448 4821 propter
2487 4747 2824 4821 idetttjtatem
2867 4754 3074 4821 natura?
3107 4740 3280 4821 filius
3326 4743 3395 4796 sit
3428 4742 3479 4794 in
3508 4740 3621 4793 Pa-

2408 4831 2485 4874 tre
2539 4828 2587 4872 et
2620 4817 2783 4871 Pater
2814 4828 2997 4869 rursus
3026 4814 3079 4866 in
3105 4811 3267 4866 Filio.

2124 4981 2265 5046 XIV,
2301 4981 2387 5032 ll.
2426 4976 2546 5031 Non
2576 4975 2787 5029 creditis
2816 4974 2941 5043 quia
2972 4990 3062 5042 rgo
3088 4972 3140 5025 in
3174 4970 3355 5033 Patre,
3384 4979 3431 5021 et
3464 4964 3623 5021 Pater

2052 5076 2105 5128 in
2147 5090 2227 5126 me
2263 5080 2337 5125 est
2355 5074 2383 5125 .’

2125 5164 2323 5232 Aperte
2350 5160 2462 5228 jam
2489 5158 2587 5220 ait,
2619 5158 2726 5210 imo
2755 5172 2886 5211 vero
2910 5155 3065 5225 jubet
3086 5167 3195 5206 non
3231 5149 3392 5203 aliter
3418 5149 3626 5203 sentiu'

2056 5269 2218 5324 quam
2266 5248 2544 5321 quomodo
2589 5243 2718 5302 velit
2768 5245 3010 5303 Verbum
3048 5242 3317 5298 veritatis.
3370 5238 3626 5297 Consub-

2057 5344 2315 5401 stantiale
2353 5341 2497 5399 enim
2544 5348 2629 5395 est
2677 5352 2777 5395 suo
2810 5332 3081 5400 Genitori,
3108 5332 3257 5387 nulla
3307 5346 3368 5387 re
3406 5332 3625 5402 penitus

2060 5435 2373 5507 interiecta,
2409 5442 2506 5489 aut
2539 5447 2663 5503 quae
2718 5429 2950 5486 alterum
2989 5426 3059 5482 ab
3099 5425 3271 5480 altero
3313 5422 3633 5479 diversitate

374 5536 659 5600 παντελῶς
675 5536 910 5598 οὐδενὸς.
940 5535 972 5605 ἦ
1006 5537 1145 5590 κατά
1197 5554 1246 5589 τι
1290 5536 1420 5605 γοῦν
1454 5534 1836 5597 διακόπτοντος
1874 5533 1933 5585 sit

2062 5528 2302 5585 naturali
2336 5533 2568 5598 separet,
2598 5522 2779 5579 Unum
2809 5522 2956 5579 enim
2990 5528 3079 5578 est
3104 5534 3227 5575 cum
3258 5531 3343 5583 eo,
3372 5516 3444 5570 ita
3481 5522 3537 5568 ut
3573 5512 3625 5566 in

491 5714 511 5744 ³
549 5711 694 5769 Psai.
723 5727 872 5776 mx,
904 5712 957 5767 ’5.
