4042 6204
399 267 506 324 215

1371 272 1428 331 S.
1455 273 1736 332 CYRILLI
1764 275 2234 340 ALEXANDRINI
2266 287 2588 347 ARCHIEP.

3548 299 3649 359 2N

400 384 687 444 Genitoris
733 384 1040 442 substantia
1090 398 1288 445 natura
1332 388 1458 448 Filii
1490 403 1773 464 cernatur,
1808 406 1954 469 atqui

2079 401 2376 477 ἑτερότητα
2449 411 2685 478 φυσικὴν
2714 452 2729 477 ,
2815 413 3046 486 θατέρου
3121 415 3181 468 τὸ
3268 415 3474 487 ἕτερον.
3558 417 3651 486 Εἷς

397 477 679 551 eﬂ‘ulgeat,
718 479 1185 550 quemadmodum
1225 489 1282 538 et
1316 482 1373 539 in
1407 484 1569 543 nobis
1599 487 1788 546 videre
1820 489 1973 548 licet.

399 568 511 630 Nec
535 569 679 626 enim
710 569 805 624 alii
850 585 1045 628 sumus
1080 581 1283 631 natura
1322 591 1355 631 a
1383 579 1594 637 nostris
1639 580 1853 649 liberis,
1874 598 1977 639 nec

397 661 719 719 diversitate
752 664 992 719 naturali
1041 666 1113 721 ab
1155 668 1224 725 iis
1269 668 1661 743 disiungimur,
1686 674 1816 731 licet
1868 677 1974 732 alia

398 750 524 808 aliis
550 753 664 808 sint
685 769 752 809 ac
780 755 998 814 diversa
1025 771 1260 829 corpora
1288 778 1303 816 :
1329 761 1476 817 unde
1501 762 1562 817 tit
1587 771 1646 817 ut
1671 765 1767 834 qui
1800 766 1975 823 Abra-

396 842 545 899 hami
601 845 775 902 ﬁlium
825 847 1047 913 viderit,
1096 849 1317 907 beatum
1374 854 1553 925 ipsum
1601 854 1973 914 Abrahamum

393 941 602 996 videat.
635 939 964 1014 Quanquam
1003 944 1059 998 in
1095 942 1420 1003 hominibus
1457 946 1679 1018 quidem
1716 964 1973 1023 magnum

396 1031 538 1089 forte
565 1040 652 1089 est
680 1033 1007 1101 discrimen,
1034 1051 1160 1091 cum
1189 1039 1576 1110 unusquisque
1609 1042 1975 1098 contrahatur

394 1124 802 1196 quodammodo
830 1136 885 1182 et
917 1126 987 1182 ad
1015 1128 1455 1200 singularitatem
1489 1147 1550 1188 se
1579 1133 1832 1204 recipiat,
1872 1150 1974 1191 nec

396 1217 537 1273 alius
567 1218 622 1273 in
651 1218 761 1274 alio
789 1228 1079 1286 cernatur,
1113 1236 1217 1277 nec
1243 1223 1383 1279 alter
1411 1225 1570 1280 alteri
1606 1225 1741 1282 insit
1775 1241 1972 1298 corpo-

395 1310 611 1378 raliter,
665 1312 794 1370 licet
849 1314 1162 1369 communis
1202 1316 1461 1373 omnibus
1516 1326 1777 1374 cernatur
1829 1322 1972 1376 ratio

394 1405 739 1461 substantiae.
777 1406 848 1461 At
882 1407 949 1463 de
979 1406 1090 1463 Deo
1117 1408 1429 1466 secundum
1472 1420 1725 1466 naturam
1767 1429 1973 1484 nequa-

391 1513 558 1568 quam
582 1497 658 1554 ita
691 1499 1001 1556 censueris.
1047 1499 1276 1571 Proprie
1317 1502 1463 1558 enim
1507 1519 1571 1558 ac
1616 1506 1972 1576 peculiariter

2077 496 2187 567 γάρ
2232 498 2349 551 ἐστι
2399 500 2536 571 πρὸς
2566 502 2747 567 αὑτὸν,
2780 505 2855 568 ὡς
2890 508 2949 560 ἐν
2983 509 3050 579 τῇ
3078 507 3172 561 τοῦ
3221 508 3470 575 τεκόντος
3497 512 3654 584 οὐσία

2075 587 2176 659 τὴν
2215 590 2311 644 τοῦ
2372 591 2505 646 Υίοῦ
2557 592 2929 665 διαφαίνεσθαι
2960 599 3144 667 φύσιν,
3184 599 3279 654 καὶ
3333 602 3392 655 ἐν
3435 605 3501 673 τῇ
3558 604 3651 658 τοῦ

2076 682 2414 752 γεννήματος
2467 686 2627 759 οὐσίᾳ
2661 687 2761 760 τὴν
2803 688 2899 742 τοῦ
2928 688 3064 743 Θεοῦ
3097 691 3192 745 καὶ
3249 692 3465 765 Πατρδς
3523 696 3652 765 δρᾶ-

2076 774 2201 829 σθαί
2238 793 2299 830 τε
2353 778 2449 832 καὶ
2507 779 2853 852 διαπρέπειν,
2932 783 3124 855 ὥσπερ
3178 785 3373 856 ἀμέλει
3434 788 3533 841 καὶ
3592 787 3654 842 ἐν

2073 868 2186 930 τοῖς
2218 869 2336 921 καθ’
2373 870 2520 941 ἡμᾶς
2550 871 2822 946 θεωρῆσαι
2843 889 2927 938 τις
2964 874 3050 929 ἄν.
3074 875 3149 929 Οὐ
3176 876 3285 946 γὰρ
3304 875 3485 949 ἕτεροι
3510 878 3652 932 κατά

2075 955 2239 1026 φύσιν
2271 958 2438 1031 ἐσμὲν
2468 961 2604 1032 πρὸς
2634 963 2700 1015 τὰ
2732 963 2791 1029 ἐξ
2820 962 2999 1017 αὐτῶν
3025 966 3363 1037 γεννήματα,
3396 966 3519 1020 οὔτε
3544 968 3651 1040 μὴν

2075 1049 2154 1113 εἰς
2168 1049 2556 1124 ἀλλοτριότητα
2589 1052 2925 1125 μεριζόμεθα
2951 1056 3207 1127 φυσικὴν,
3238 1057 3289 1110 εί
3312 1058 3410 1111 καὶ
3444 1062 3510 1130 τῇ
3540 1060 3651 1114 τῶν

2076 1142 2346 1210 σωμάτων
2366 1143 2645 1215 ἑτερότητι
2675 1144 3044 1218 διεστήκαμεν
3069 1162 3084 1177 ·
3119 1147 3309 1221 διόπερ
3343 1149 3442 1204 ἴδοι
3460 1168 3548 1215 τις
3582 1152 3650 1207 ἂν

2072 1233 2165 1286 τὸν
2190 1235 2460 1307 μακάριον
2494 1236 2745 1309 Ἀϐραὰμ
2800 1242 2829 1293 6
2890 1239 2985 1293 τὸν
3023 1227 3084 1306 ἐξ
3124 1242 3288 1296 αὐτοῦ
3319 1245 3650 1317 γεννηθέντα

2073 1326 2188 1379 υἱὸν
2219 1328 2504 1400 ἑωρακώς.
2542 1331 2683 1384 Ἀλλ’
2713 1331 2808 1386 ἐπὶ
2838 1333 2938 1405 μέν
2958 1333 3266 1405 ἀνθρώπων
3294 1336 3454 1407 τυχὸν
3476 1337 3646 1408 πολλή

2072 1419 2158 1483 τίς
2190 1420 2335 1475 ἐστιν
2379 1424 2413 1493 ὴ
2468 1423 2721 1496 διακοπὴ,
2785 1426 3211 1499 συστελλομένου
3268 1429 3474 1501 τρόπον
3528 1431 3650 1485 τινὰ

2072 1511 2167 1566 καὶ
2188 1514 2596 1587 ἀναχωροῦντος
2637 1518 3088 1591 μεμορφωμένως
3148 1520 3379 1575 ἑκάστου
3412 1523 3547 1594 πρὸς
3586 1523 3650 1577 τὸ

393 1586 558 1645 Pater
594 1597 679 1647 est
704 1590 887 1659 Pater,
925 1606 992 1648 ac
1020 1608 1129 1649 non
1159 1592 1335 1651 Filius
1370 1614 1384 1651 :
1419 1595 1595 1653 Filius
1621 1599 1750 1654 item
1786 1600 1879 1670 qui
1903 1617 1954 1656 ex

2075 1605 2220 1670 ίδίως
2251 1586 2416 1678 ἔχειν,
2446 1609 2539 1663 καὶ
2565 1586 2871 1679 φαίνεσθαι,
2896 1586 2991 1666 καὶ
3033 1613 3134 1666 ούκ
3171 1586 3551 1683 ἐμπεφυκότος
3572 1614 3650 1687 τῷ

389 1694 457 1736 eo
486 1691 596 1747 est,
643 1682 843 1749 Filius,
883 1694 938 1742 et
984 1700 1097 1741 non
1149 1685 1357 1744 Pater:
1389 1688 1556 1763 785
1607 1700 1663 1746 et
1727 1692 1954 1764 Spiritus

2072 1702 2243 1774 ἐτέρφ
2270 1702 2617 1773 σωματικῶς,
2640 1707 2689 1759 εἰ
2715 1706 2811 1761 καὶ⁵
2831 1707 3008 1772 κοινὸς
3041 1707 3245 1763 ἅπασιν
3267 1710 3296 1763 6
3324 1709 3424 1780 τῆς
3461 1682 3649 1775 οὐσίας

389 1774 612 1841 proprie
647 1772 912 1844 Spiritus.
964 1777 1070 1833 Sed
1122 1778 1179 1833 in
1219 1794 1390 1834 unam
1440 1781 1665 1839 deitatis
1713 1793 1954 1841 naturam

2069 1772 2243 1866 ὁρῷτο
2264 1772 2442 1865 λόγος.
2484 1796 2607 1850 Ἐπὶ
2636 1796 2692 1850 δέ
2720 1796 2857 1853 Θεοῦ
2883 1798 2978 1853 τοῦ
3009 1800 3154 1855 κατὰ
3187 1801 3350 1872 φύσιν
3372 1772 3648 1875 ἐννοήσεις

388 1872 667 1920 contracta
715 1874 771 1922 et
812 1868 1048 1924 collecta
1091 1881 1285 1927 sancta
1316 1871 1612 1943 Trinitate,
1642 1892 1787 1933 unus
1822 1877 1954 1937 Deut

2069 1887 2168 1959 οὐχ
2197 1886 2393 1952 οὔτως.
2435 1889 2770 1955 ’ἰδιαζόντως
2800 1890 2921 1961 μὲν
2944 1890 3056 1962 γὰρ
3088 1868 3278 1964 Πατήρ
3302 1895 3450 1947 ἐστιν
3476 1868 3649 1948 6.11:1;-

389 1955 553 2013 uobis
577 1964 682 2023 est,
714 1974 817 2015 nec
854 1961 1093 2018 alterum
1125 1964 1197 2021 ab
1239 1965 1413 2022 altero
1452 1967 1508 2023 in
1543 1974 1720 2024 totum
1769 1970 1851 2027 sic
1881 1988 1954 2029 τοι

2068 1955 2193 2051 τὴρ,
2225 1980 2319 2034 καὶ
2349 1980 2446 2051 οὐχ
2472 1981 2602 2043 Υἱός
2625 1999 2638 2012 ·
2673 1982 2769 2035 καὶ
2816 1955 2977 2051 πάλιν
3005 1955 3209 2053 δμοίως
3227 1955 3378 2050 "Tib;
3397 1986 3426 2038 6
3463 1985 3521 2054 ἐξ
3551 1990 3651 2041 αύ-

387 2044 583 2100 cedere
608 2046 755 2103 ullus
781 2048 1008 2119 dixerit,
1034 2060 1094 2108 ut
1141 2056 1380 2124 separati
1417 2056 1532 2112 sint
1578 2058 1650 2113 ab
1690 2059 1964 2128 invicem;

388 2134 487 2222 sed
517 2152 964 2211 unumquemque
991 2157 1113 2200 esse
1141 2145 1196 2199 id
1227 2146 1374 2216 quod
1418 2157 1503 2204 est
1526 2164 1590 2205 ac
1641 2140 1969 2222 indigitatur

387 2221 739 2297 bypostatice
788 2233 1088 2291 credimus.
1123 2237 1199 2291 Ex
1238 2237 1403 2295 Patre
1433 2256 1561 2298 vero
1587 2259 1713 2300 esse
1740 2221 1966 2315 Filium,

2066 2069 2184 2135 τοῦ,
2214 2070 2306 2124 καὶ
2342 2072 2405 2125 οὐ
2468 2071 2677 2143 Πατὴρ,
2726 2073 2820 2126 καὶ
2858 2054 3080 2142 Πνεῦμα
3114 2074 3176 2128 τδ
3209 2074 3435 2148 Πνεῦμα
3481 2075 3645 2142 ἰδίως.

2080 2162 2220 2217 Ἀλλ’
2259 2166 2340 2225 είς
2366 2165 2496 2236 μίαν
2561 2165 2816 2236 θεότητος
2872 2166 3035 2235 φύσιν
3089 2165 3376 2235 συνιούσης
3437 2185 3497 2221 τε
3552 2169 3650 2222 καὶ

2068 2257 2489 2328 συνειλεγμένης
2564 2257 2665 2329 τῆς
2720 2258 2879 2327 ἁγίας
2932 2259 3180 2330 Τριάδος,
3247 2254 3330 2324 εἷς
3395 2262 3530 2325 Θεὸς
3588 2263 3649 2314 ἐν

385 2316 440 2373 id
474 2328 562 2374 est
591 2335 655 2376 ex
711 2322 835 2393 ejus
879 2325 1214 2394 substantia,
1266 2345 1335 2387 ex
1385 2347 1564 2405 eoque
1615 2336 1954 2395 ineli‘abilitet

2065 2350 2219 2420 ἡμῖν,
2242 2316 2337 2403 κάἐ
2357 2316 2458 2420 οὐχ
2474 2316 2780 2419 όλόκληρον
2811 2316 3030 2419 ἑκάστω
3230 2316 3650 2423 σημαινομένων

383 2410 728 2479 procedere,
770 2423 827 2470 et
880 2416 938 2471 in
986 2433 1053 2474 eo
1108 2435 1335 2478 manere
1389 2438 1703 2484 censemus.
1763 2428 1964 2486 Eodem

382 2500 551 2558 modo
583 2511 642 2559 et
679 2504 749 2561 de
781 2503 991 2577 Spiritu
1040 2521 1257 2567 sancto.
1289 2512 1387 2571 Est
1431 2518 1578 2572 enim
1623 2534 1689 2575 ex
1725 2519 1835 2577 Deo
1876 2538 1965 2579 se-

383 2593 629 2651 cundum
685 2605 946 2655 naturam
998 2616 1149 2669 vere,
1192 2604 1293 2660 sed
1346 2606 1664 2668 nullatenus
1717 2612 1788 2668 ab
1842 2614 1964 2684 eius

383 2685 698 2743 substantia
747 2691 1060 2762 seiunctus,
1089 2694 1200 2751 imo
1241 2712 1374 2752 vero
1409 2714 1478 2754 ex
1518 2716 1584 2757 eo
1633 2706 1961 2774 procedens,

380 2785 439 2834 et
487 2779 545 2833 in
595 2794 669 2835 eo
713 2797 934 2853 semper
982 2800 1234 2851 manens,
1280 2790 1487 2860 quique
1531 2806 1632 2862 per
1681 2796 1962 2854 Christum

2063 2437 2181 2506 δοίη
2209 2453 2294 2501 τις
2320 2436 2387 2491 ἂν
2429 2436 2530 2509 τὴν
2577 2439 2643 2491 ἐκ
2690 2436 2785 2492 τοῦ
2846 2439 3035 2512 ἐτέρου
3072 2440 3234 2511 τυχὸν
3265 2441 3645 2514 ἁποφοίτησιν,

2063 2529 2173 2583 οὐδ’
2198 2530 2544 2603 ἀναχωρήσει
2586 2530 2887 2596 παντελῶς,
2913 2531 2995 2594 είς
3040 2531 3101 2585 τὸ
3125 2529 3262 2586 εἶναι
3304 2534 3648 2605 μεμερισμέ-

2064 2638 2203 2685 νως-
2234 2620 2349 2674 ἀλλ’
2408 2615 2545 2674 εἶναι
2608 2620 2708 2692 μὲν
2752 2620 2988 2674 ἕκαστον
3024 2620 3171 2674 τοῦθ’
3226 2622 3365 2695 ὅπερ
3408 2621 3648 2677 ἐστικαὶ

2063 2713 2485 2783 κατωνόμασται
2508 2714 2640 2785 παρ’
2679 2714 2813 2785 ἡμῖν
2877 2713 3262 2778 ίδιοσυστάτως
3292 2715 3644 2786 πιστεύομεν.

2074 2805 2169 2858 Ἐκ
2195 2804 2251 2857 δέ
2274 2805 2369 2859 τοῦ
2390 2806 2603 2875 Πατρδς
2636 2804 2762 2859 ὄντα
2790 2806 2881 2861 τὸν
2906 2807 3052 2874 Υίδν,
3088 2806 3233 2861 τοῦτ’
3249 2808 3417 2870 ἐστιν,
3455 2808 3519 2861 ἐκ
3548 2807 3647 2875 τῆς

381 2870 595 2925 sanctis
622 2872 880 2926 traditur.
905 2872 1102 2931 Omnia
1135 2877 1342 2949 quippe
1381 2896 1479 2951 per
1511 2882 1708 2940 Filium
1746 2886 1802 2943 in
1840 2889 1954 2960 Spi-

2061 2895 2245 2960 οὐσίας
2272 2895 2458 2960 αὑτοῦ,
2510 2870 2570 2964 ἐξ
2614 2894 2780 2950 αὐτοῦ
2821 2914 2882 2950 τε
2924 2870 3210 2968 προελθεῖν
3253 2900 3529 2971 ἀρρήτως,
3585 2870 3649 2951 ἐν

380 2959 492 3014 ritu
532 2970 750 3017 saneto.
785 2962 939 3020 lianc
962 2981 1068 3022 nos
1097 2968 1416 3040 dogmatum
1452 2983 1660 3031 rectam
1693 2959 1954 3039 rationem

2060 2987 2208 3059 αὐτῷ
2228 2959 2287 3042 τε
2316 2988 2498 3059 μένειν
2536 2959 2845 3058 ἐννοοῦμεν.
2901 2990 2946 3042 Τ
2948 2959 3008 3042 δν
3050 2989 3109 3043 δὲ
3136 2959 3304 3045 αὐτὸν
3322 2959 3525 3061 τρόπον
3550 2991 3649 3044 καὶ

380 3064 448 3107 ac
477 3053 765 3110 veritatem
810 3054 1001 3111 docuit
1034 3068 1360 3117 sanctorum
1398 3066 1627 3122 Patrum
1665 3071 1954 3142 sapientia,

2064 3053 2194 3150 περί
2219 3053 2328 3133 τοῦ-
2346 3079 2505 3148 ἁγίου
2561 3053 2901 3151 Πνεύματος.
2938 3081 3095 3135 Ἔστι
3128 3082 3227 3154 μὲν
3256 3053 3373 3155 γὰρ
3405 3084 3470 3137 ἐκ
3506 3082 3648 3136 Θεοῦ

378 3156 587 3214 perque
618 3159 810 3202 sacras
844 3147 1166 3219 Scripturas
1193 3151 1375 3208 edocti
1404 3170 1598 3214 sumus
1627 3158 1706 3215 ita
1749 3163 1954 3221 sentire

2059 3147 2154 3224 τοῦ
2182 3170 2324 3225 κατὰ
2344 3173 2507 3241 φύσιν
2536 3147 2773 3242 ἀληθῶς,
2831 3171 2946 3226 ἀλλ’
2976 3147 3280 3243 οὐδαμόθεν.
3306 3147 3646 3247 μεμερισμέ-

376 3239 434 3287 et
467 3232 639 3306 loqui.
677 3234 835 3302 Quod
875 3246 1059 3294 autem
1094 3240 1164 3296 ad
1217 3241 1554 3316 inculpatam
1600 3249 1743 3307 hanc
1792 3254 1954 3312 tidem

2059 3281 2148 3318 νον
2191 3263 2293 3332 τῆς
2337 3232 2526 3327 οὐσίας
2572 3232 2769 3329 αύτοῦγ,
2789 3264 2978 3336 προϊὸν
3024 3265 3081 3320 δὲ
3110 3232 3319 3336 μᾶλλού
3356 3232 3417 3333 £5
3451 3232 3646 3332 αὐτοῦ,

375 3333 530 3383 recte
569 3330 943 3398 procedimus,
977 3332 1237 3388 ﬁduciam
1282 3345 1338 3392 et
1384 3339 1631 3396 animum
1689 3344 1954 3407 Dominus

2059 3353 2153 3407 καὶ
2176 3330 2405 3422 ἐναύτῷ
2440 3351 2601 3423 μένον
2633 3352 2744 3418 ἀεὶ,
2781 3330 3190 3427 χορηγούμενον
3216 3358 3274 3411 δέ
3314 3330 3425 3421 τοῖς
3469 3330 3646 3427 ἁγίοις

378 3416 554 3484 addit,
602 3420 907 3492 inquiens:
950 3440 974 3476 ι
1018 3424 1241 3483 Credite
1274 3429 1401 3500 quia
1446 3446 1546 3504 ego
1579 3434 1636 3489 in
1673 3435 1857 3509 Patre,
1900 3449 1954 3498 et

2061 3416 2641 3517 διὰΧριστοῦ·“πάντα
2671 3416 2882 3518 γάρ’-δι’
2907 3416 3044 3502 ἷἸοῦ
3076 3450 3134 3502 ἐν
3159 3416 3441 3523 Πνεύματι
3480 3416 3644 3524 ἀγίῳ;

373 3508 538 3568 Pater
564 3511 629 3617 il:
802 3534 824 3568 ι
1844 3508 1849 3509 7
2069 3508 2288 3610 Ταύτην
2313 3539 2461 3609 ἡμᾶς
2481 3537 2579 3608 τὴν
2606 3508 2718 3591 τῶν
2752 3508 3056 3612 ’δογμάτων
3096 3508 3365 3614 ὀρθότητα
3394 3545 3489 3598 καὶ
3512 3508 3645 3617 611i;-

374 3606 527 3661 θειαν
569 3605 811 3675 ἐδίδαξεν
846 3610 882 3680 ἧ
912 3609 1022 3664 τῶν
1060 3610 1232 3680 ἁγίων
1270 3614 1534 3689 Πατέρων
1581 3624 1795 3693 σύνεσις
1817 3648 1830 3661 ·
1868 3632 2013 3690 οὕτω
2047 3605 2469 3704 πεπαιδεύμεθα
2515 3605 2701 3686 λαλεῖν
2743 3650 2803 3686 τε
2837 3605 2930 3687 καὶ
2974 3605 3190 3707 φρονεῖν
3220 3605 3316 3689 καὶ
3352 3636 3419 3690 δι’
3461 3605 3646 3691 αὐτῶν

372 3696 483 3751 τῶν
529 3697 692 3771 ιερῶν
729 3700 1105 3772 Γραμμάτων·
1136 3705 1260 3760 ’Ὅτι
1287 3705 1345 3761 δὲ
1387 3708 1511 3765 λίαν
1557 3714 1736 3786 ὀρθῶς
1772 3723 1867 3776 ἐπὶ
1900 3725 2108 3798 ταύτην
2150 3727 2275 3797 ἴμεν
2316 3696 2417 3796 ⁴τὴν
2455 3722 2805 3796 ἀλοιδόρητον
2845 3696 3054 3789 πίστιύ,
3090 3726 3506 3799 παραθαρσύνει
3547 3723 3643 3778 λέ-

371 3796 559 3892 γων⁵
595 3794 839 3892 Ιςύριοςῖ
879 3817 898 3848 ι
935 3798 1248 3892 ῌιστεύετε,
1278 3802 1361 3858 ὅτι
1409 3806 1522 3875 ἐγὼ
1560 3812 1620 3865 ἐν
1649 3812 1727 3885 τῷ
1758 3817 1959 3892 Πατρὶ,
1987 3794 2084 3878 καλ.
2104 3824 2133 3878 ὁ
2154 3794 2346 3892 Ιίατὴρ
2374 3794 2445 3883 ἐν,
2472 3820 2617 3891 ἐμοί.
2642 3794 2672 3872 ἡ»

442 3883 585 3953 XIV,
620 3886 714 3943 Η.
747 3888 984 3960 Alioqui,
1025 3905 1240 3962 propter
1284 3912 1450 3967 opera
1492 3901 1607 3970 ipsa
1664 3883 1795 3962 mihi
1842 3883 1946 3966 ore.

368 3981 499 4038 dite.

438 4075 641 4147 Aperte
680 4078 767 4136 bis
804 4081 991 4137 verbis
1020 4082 1098 4137 ait
1135 4099 1244 4140 non
1283 4102 1345 4142 se
1385 4086 1659 4146 facturum
1703 4111 1941 4168 unquam

368 4168 543 4229 fuisse
571 4181 928 4242 qumuatum
946 4173 1148 4233 divinae
1176 4182 1563 4239 tantummodo
1584 4190 1945 4257 conveniunt,

366 4263 473 4320 nisi
526 4265 832 4323 secundum
883 4274 1141 4325 naturam
1190 4268 1337 4329 Deus
1382 4286 1551 4342 esset,
1582 4285 1639 4333 et
1679 4295 1747 4336 ex
1802 4281 1940 4352 ipsa.

365 4355 505 4415 Vide
524 4373 694 4430 porro
719 4368 927 4432 quanta
959 4378 1085 4418 cum
1119 4366 1454 4422 certitudine
1481 4379 1536 4424 et
1568 4372 1797 4428 veritate
1830 4373 1946 4430 haec

365 4447 537 4504 dicat.
567 4448 680 4506 Nec
708 4451 855 4506 enim
882 4466 953 4507 cx
984 4451 1054 4507 iis
1092 4467 1215 4522 qua:
1243 4453 1379 4509 dicit
1425 4466 1641 4514 tantum
1682 4462 1788 4517 sibi
1821 4464 1947 4521 ﬁdei

2132 3914 2201 3969 El
2227 3910 2412 3981 δὲμὴ,
2445 3910 2543 3965 διὰ
2562 3911 2634 3966 τὰ
2659 3911 2801 3983 ἔργα
2827 3912 2979 3968 αὐτὰ
3007 3913 3321 3967 πιστεύετέ
3348 3930 3470 3981 μοι.

2132 4099 2439 4172 Διαρρήδην
2471 4095 2579 4166 γὰρ
2608 4096 2667 4148 ἐν
2683 4092 2896 4156 τούτοις
2930 4091 3115 4161 φησὶν,
3142 4090 3218 4154 ὡς
3238 4088 3347 4143 οὐδ’
3373 4089 3440 4143 ἂν
3472 4088 3643 4158 ἐργά-

2060 4191 2358 4259 σαιτο,ούδ’
2420 4188 2487 4243 ἂν
2548 4185 2805 4252 ἐξανύσαι
2862 4183 3083 4239 πώποτε
3136 4182 3207 4237 τὰ
3239 4182 3377 4256 μόνῃ
3406 4183 3473 4253 τῇ
3519 4180 3641 4254 θείᾳ

2058 4284 2339 4358 πρέποντα
2389 4279 2569 4350 φύσει,
2603 4277 2678 4351 μὴ
2711 4277 2831 4349 οὐχὶ
2857 4275 3001 4331 κατὰ
3033 4274 3194 4346 φύσιν
3232 4275 3514 4346 ὑπάρχων,
3543 4274 3642 4326 καὶ
3682 4343 3693 4350 _

2047 4377 2106 4444 ἐξ
2134 4374 2324 4446 αὐτῆς.
2349 4371 2463 4427 Καὶ¹
2484 4373 2586 4443 ὅρα
2616 4368 2734 4441 μεθ’
2781 4369 2912 4440 ὅσης
2949 4366 3252 4437 ἀσφαλείας
3280 4383 3340 4446 τε
3383 4364 3520 4436 ὁμοῦ
3544 4364 3640 4418 καὶ

2049 4442 2308 4538 ἀληθείας
2339 4463 2409 4518 τὰ
2434 4442 2660 4517 τοιαῦτά
2708 4478 2893 4532 φησιν.
2924 4460 2999 4513 Ui:
3032 4458 3141 4530 γὰρ
3169 4456 3229 4524 ἐξ
3278 4442 3354 4512 ὧν
3392 4458 3458 4512 ἂν
3486 4456 3639 4527 λέγοι

366 4539 558 4596 haberi
605 4542 741 4606 vult,
769 4542 900 4597 licet
928 4544 1151 4598 mentiri
1198 4546 1434 4612 nesciat,
1475 4561 1744 4618 quantum
1775 4570 1842 4610 ex
1877 4558 1945 4613 iis

2059 4559 2302 4613 τοσοῦτον
2357 4556 2502 4623 ἀξιοῖ
2539 4552 2933 4619 πιστεύεσθαι,
2985 4551 3164 4606 καίτοι
3221 4551 3516 4622 ψεύδεσθαι
3561 4550 3639 4622 μὴ

364 4646 486 4702 quae
530 4631 683 4688 facit.
712 4631 891 4699 Quam
928 4633 1001 4689 ob
1044 4647 1294 4703 causam,
1335 4637 1537 4694 dicam.
1578 4641 1944 4705 Sermonibus

2059 4652 2226 4714 εἰδὼς,
2255 4651 2380 4704 ὅσον
2430 4646 2492 4712 ἐξ
2542 4639 2618 4700 ὧν
2683 4647 2903 4717 ἐνεργῇ.
2948 4645 3060 4699 Καὶ
3097 4644 3185 4698 διὰ
3234 4644 3394 4698 ποίαν
3431 4644 3636 4708 αἰτίαν,

361 4723 508 4782 enim
549 4738 615 4779 ac
646 4723 829 4780 verbis
858 4724 968 4783 Deo
1009 4728 1474 4788 convenientibus
1517 4734 1621 4802 uti,
1645 4750 1711 4793 ac
1736 4747 1943 4797 temere

361 4816 632 4873 nonnulla
667 4815 972 4882 etlundere,
999 4817 1235 4886 furioso,
1257 4823 1494 4894 exempli
1524 4827 1724 4898 gratia,
1752 4844 1817 4885 ac
1845 4831 1938 4888 de-

359 4908 532 4966 menti
559 4912 563 4919 ’
586 4924 699 4966 non
744 4916 834 4966 est
881 4908 1105 4966 diﬂicile
1136 4929 1151 4966 :
1183 4926 1349 4983 opere
1389 4930 1523 4972 vero
1558 4932 1624 4974 ac
1661 4928 1938 4991 potestate

357 4999 472 5058 Deo
501 5000 851 5058 convenienti
898 5001 1026 5072 quis
1063 5010 1251 5058 utetur
1284 5021 1524 5077 unquam
1543 5010 1568 5064 ?
1587 5020 1683 5066 aut
1712 5013 1935 5070 cuinam

355 5100 621 5150 creatura:
674 5108 830 5151 suam
879 5095 1107 5165 gloriam
1136 5093 1302 5152 Pater
1362 5099 1611 5157 tribuet?
1656 5104 1933 5176 Numquid

354 5184 503 5239 enim
537 5184 633 5240 Dei
689 5184 925 5257 gloriam
979 5202 1104 5244 esse
1163 5187 1402 5244 dicimus
1444 5201 1646 5248 cuncta
1696 5193 1932 5253 faciendi

355 5275 658 5346 potentiam
686 5292 754 5333 ac
781 5279 1064 5345 virtutem,
1084 5296 1210 5352 qua:
1239 5281 1294 5336 in
1328 5282 1481 5337 nulla
1513 5288 1745 5342 omnino
1777 5304 1935 5345 crea-

353 5375 478 5422 tura
507 5365 616 5423 sit?
659 5365 1152 5437 Quocirca,volens
1185 5372 1443 5429 Christus
1473 5381 1809 5437 necessariis
1869 5391 1925 5439 et

353 5458 576 5516 invictis
604 5461 948 5529 argumentis
995 5477 1061 5519 ac
1091 5464 1667 5526 demonstrationibus
1710 5487 1770 5528 se
1800 5489 1934 5544 pro-

351 5550 496 5618 bari,
525 5566 595 5607 ex
626 5550 889 5622 operibus
929 5551 1068 5623 ipsis
1096 5555 1245 5611 credi
1292 5557 1464 5627 jubet‘
1484 5560 1662 5631 ipsum
1704 5565 1927 5636 quidem

350 5657 476 5700 esse
504 5643 562 5698 in
590 5640 776 5711 Patre,
799 5651 856 5701 et
884 5659 1085 5701 rursus
1126 5646 1184 5702 in
1230 5647 1417 5719 seipso
1449 5652 1652 5711 habere
1682 5656 1926 5726 Patrem,

353 5732 461 5789 boc
506 5742 597 5791 est
621 5731 803 5792 Patris
831 5743 1087 5792 naturam
1117 5735 1174 5792 in
1207 5737 1431 5809 pr0pria
1468 5738 1612 5799 ferre
1651 5746 1924 5804 cxsistcn-

2050 4743 2180 4813 ἐρῶ.
2218 4742 2413 4810 Δόγοις
2470 4740 2570 4812 μὲν
2607 4739 2718 4810 γὰρ
2741 4737 2837 4792 καὶ
2881 4739 3089 4809 ῥήμασι
3124 4738 3241 4800 τοῖς
3275 4736 3638 4808 θεοπρεπέσιν

2049 4833 2462 4905 ἀωκεχρῆσθαι
2490 4832 2675 4902 τυχὸν,
2698 4830 2790 4884 καί
2813 4847 2866 4883 τι
2885 4828 2994 4883 τῶν
3019 4828 3409 4901 ῥιψοκινδύνων
3434 4829 3634 4894 εἰπεῖν,

2046 4924 2200 4996 ἀνδρὶ
2231 4923 2546 4995 μαινομένῳ
2588 4923 2683 4975 καὶ
2743 4921 3115 4993 παραπαίοντι
3159 4919 3400 4993 χαλεπὸν
3439 4919 3592 4974 οὐδέν
3621 4939 3637 4955 ο

2045 5016 2192 5087 ἔργῳ
2216 5033 2280 5085 γε
2319 5014 2424 5087 μὴν
2450 5015 2544 5068 καὶ
2569 5012 2798 5085 δυνάμει
2821 5016 2887 5085 τῇ
2937 5013 3257 5085 θεοπρεπεῖ,
3287 5011 3373 5076 τίς
3400 5010 3468 5066 ἂν
3504 5014 3638 5085 χρή-

2046 5108 2198 5160 σαιτό
2213 5124 2385 5175 noce;
2410 5108 2681 5178 χαριεῖται
2712 5105 2770 5158 δὲ
2791 5105 3015 5160 τίνιτῶν
3056 5106 3331 5179 γεννητῶν
3357 5107 3459 5178 τὴν
3495 5107 3636 5160 ἰδίαν

2040 5198 2199 5264 δόξαν
2229 5200 2258 5252 6
2279 5200 2499 5270 Πατήρ;
2529 5199 2599 5250 Ἢ
2629 5196 2738 5267 γὰρ
2769 5198 2890 5269 οὐχὶ
2917 5198 3052 5252 Θεοῦ
3078 5198 3236 5265 δόξαν
3281 5195 3420 5253 εἷναί
3449 5217 3634 5270 φαμεν

2041 5291 2104 5343 τὸ
2157 5291 2336 5345 πάντα
2388 5290 2647 5345 δύνασθαι
2680 5290 2831 5361 δρᾷν,
2878 5291 2973 5343 καὶ
3027 5292 3435 5362 παντουργικὴν
3484 5291 3630 5361 ἔχειν

2044 5384 2222 5452 ἰσχὺν,
2267 5382 2444 5435 οὐδενί
2487 5399 2552 5451 γε
2610 5381 2716 5453 μὴν
2746 5380 2919 5453 ἑτέρῳ
2946 5385 3252 5454 προσεῖναι,
3276 5383 3353 5455 τῷ
3380 5401 3439 5437 τε
3488 5381 3627 5444 ὅλως

2037 5472 2490 5545 ἐναριθμουμένῳ
2510 5476 2625 5539 τοῖς
2647 5474 2971 5545 κτίσμασιν;
2997 5474 3208 5529 Οὐκοῦν
3232 5476 3290 5538 ἐξ
3307 5476 3625 5544 ἀναγκαίων

2040 5582 2101 5619 τε
2128 5565 2263 5637 ὁμοῦ
2293 5565 2387 5621 καὶ
2417 5568 2831 5639 ὰναντιρῤήτων
2879 5564 3208 5631 ἀποδείξεων
3237 5566 3306 5620 τὰ
3340 5568 3462 5621 καθ’
3492 5570 3624 5621 ἐαυ-

2036 5656 2129 5711 τὸν
2153 5658 2544 5730 δοκιμάζεσθαι
2598 5660 2923 5732 βουλόμενος
2959 5662 2989 5713 6
3038 5659 3291 5733 Χριστὸς,
3345 5657 3406 5724 ἐξ
3438 5660 3621 5714 αὐτῶν

2037 5750 2249 5805 κελεύει
2275 5752 2625 5808 πιστεύεσθαι
2658 5752 2768 5807 τῶν
2799 5753 2996 5823 ἔργων,
3026 5751 3101 5817 ὡς
3125 5750 3208 5822 εἴη
3239 5750 3339 5823 μὲν
3368 5751 3530 5816 αὐτὸς
3557 5753 3618 5807 ἐν
