2021 3102
146 156 202 184 217

677 160 711 188 lN
731 160 874 189 JOANNIS
891 159 1119 188 EVANGELIUM
1136 160 1199 188 LIB.
1216 160 1261 188 lx.

1733 159 1786 187 9J8

147 213 247 249 Πατρὶ,
266 213 325 249 ἔχει
336 214 365 241 δὲ
382 212 415 242 αὖ
428 216 509 243 πάλιν
526 217 554 244 ἐν
563 217 652 253 ἑαυτῷ
664 219 709 245 τὸν
729 218 852 255 Πατέρα,
870 218 937 245 τοῦτ’

996 219 1044 252 tia,
1069 224 1099 247 ut
1115 220 1162 255 qui
1180 219 1217 247 sit
1232 226 1295 247 vera
1316 227 1348 246 ac
1375 218 1497 255 legitima
1513 218 1613 253 proles,
1630 222 1660 245 ut
1678 217 1786 246 fructus

146 260 216 292 ἔστι,
231 259 280 294 τὴν
291 260 339 287 τοῦ
357 261 463 298 Πατρὸς
473 262 553 297 φύσιν
564 264 593 290 ὲν
606 264 723 301 ὑπάρξει
738 267 770 301 τῇ
785 265 838 301 ἰδίᾳ
853 266 941 301 φορεῖ,

146 306 185 337 ὡς
202 306 315 341 γνήσιον
337 307 471 343 γέννημα,
499 308 537 341 ὡς
561 310 667 345 καρπὸς
682 310 800 346 ἀληθῶς,
823 311 861 342 ὼς
879 311 942 343 Υἱὸς

146 351 180 377 ὲκ
194 352 299 388 Πατρὸς
314 354 443 388 πεφηνὼς
465 355 598 389 φυσικῶς.
631 356 734 393 Ἀλλ’ὴ
756 357 805 392 μὲν
826 357 941 392 Ἐκκλη-

150 399 195 424 σία
220 398 268 425 τοῦ
296 399 430 434 Χριστοῦ,
454 401 544 428 καίτοι
567 401 627 429 λίαν
644 403 804 438 ὲπαυχοῦσα
828 405 862 439 τῇ
887 403 942 429 τῶν

147 441 289 477 δογμάτων
317 442 454 479 ὀρθότητι,
482 445 610 481 τοιαύτην
638 446 694 482 ἔχει
718 447 766 483 τὴν
781 447 860 481 δόξαν
876 447 942 483 περὶ

146 488 194 513 τοῦ
221 489 390 523 Μονογενοῦς
403 498 409 505 ·
437 491 492 522 τοῖς
504 500 536 525 γε
553 491 607 527 μὴν
634 492 779 528 θεομάχοις
793 494 941 528 αἱρετικοῖς

147 534 253 568 ἑτεροῖα
272 534 394 569 παρέστη
423 537 542 571 φρονεῖν,
560 536 717 564 ἀναπείθειν
740 538 803 569 τοὺς
815 538 870 569 τοῖς
882 537 939 563 ὁλε-

146 577 232 613 θρίοις
243 578 334 605 αὐτῶν
350 579 513 614 προσιόντας
527 589 556 607 τε
571 582 617 607 καὶ
643 582 828 618 προσέχοντας
838 583 937 617 λόγοις.

151 624 366 657 Ἐπιλυττῶντες
380 625 434 662 γὰρ
458 628 518 658 ταῖς
544 627 615 654 κατὰ
637 628 756 664 Χριστοῦ
784 629 938 665 λοιδορίαις,

147 670 345 702 ;ιλ.ονεικοῦσιν
360 671 384 697 οἱ
398 671 519 703 δείλαιοι,
536 673 584 699 καὶ
596 674 774 701 κατανοοῦσιν
787 674 842 710 [ton
856 683 941 700 κατα-

145 716 272 752 κονῶσιν]
298 717 440 753 ἀλλήλους,
456 719 506 745 οὐκ
528 719 566 751 είς
595 719 770 756 παροξυσμὸν
787 721 938 753 εὐσεϐείας,

145 762 203 789 ἀλλ’
217 762 440 798 ἵν’ἁσεὸέστερος
464 765 559 801 ἑτέρου
582 766 670 802 ὁρῷτο
686 767 741 793 δεῖν
767 767 872 803 ἔτερος,
896 768 940 795 καὶ

146 807 292 842 φθέγξαιτό
316 818 342 835 τι
373 809 427 836 τῶν
450 811 658 847 ἁπηχεστὲρων.
684 812 793 848 Ἐπειδὴ
816 813 870 849 γὰρ
893 813 939 840 τὸν

145 855 177 879 ἐκ
194 854 318 889 Σοδόμων
332 856 453 883 πίνουσιν
470 855 550 889 οῐνον,
568 858 614 885 καὶ
629 859 729 895 πικρὰν
745 860 777 887 ὲκ
795 860 938 897 Γομόρρας

144 901 266 936 τρυγῶσι
284 903 423 939 σταφυλὴν
438 904 479 939 (οὺ
493 905 548 941 γὰρ
573 906 606 932 ἐκ
631 906 703 933 θείου
715 907 838 942 δέχονται
851 908 938 934 Πνεύ-

145 956 231 981 ματος
245 948 280 975 τὰ
307 950 351 975 ἐπ’
372 950 446 986 αὐτῷ
471 950 648 987 θεωρήματα,
668 953 729 980 οὐδὲ
751 954 780 987 ἐξ
800 954 938 981 ἀποκαλύ-

143 993 218 1026 ψεως
238 994 287 1028 τῆς
305 994 352 1021 τοῦ
376 996 496 1031 Πατρὸς,
525 997 582 1024 ἀλλ’
603 998 635 1024 ὲκ
649 998 699 1033 τῆς
723 997 770 1025 τοῦ
790 999 937 1033 δράκοντος

143 1039 288 1075 κεφαλῆς),
312 1040 388 1067 οὐδὲν
422 1041 471 1076 μὲν
496 1042 625 1078 φρονοῦσι
645 1043 698 1070 τῶν
711 1044 828 1079 ἐχόντων
840 1045 935 1079 ὑγιῶς,

142 1084 237 1111 ἐκεῖνα
253 1085 282 1112 δὲ
297 1085 432 1121 λέγουσιν,
453 1088 471 1114 a
496 1088 544 1120 τὰς
572 1089 627 1115 τῶν
642 1089 827 1125 ἀκροωμένων
842 1090 936 1117 ταλαι-

142 1131 253 1168 πώρους
279 1132 424 1167 ἀποφαίνει
443 1134 542 1170 ψυχὰς,
563 1136 630 1171 πρὸς
647 1135 713 1171 ᾅδην
740 1136 824 1168 αὐτὰς
852 1145 935 1163 κατα-

141 1176 308 1212 κομίζοντα,
343 1180 392 1206 καὶ
410 1180 450 1212 εἰς
481 1181 510 1207 τὺ
545 1180 621 1208 κάτω
654 1182 804 1218 βάραθρον.
842 1183 935 1209 Ταῦτα

140 1223 192 1249 καὶ
206 1222 318 1257 βιῦλίοις
343 1225 459 1252 ἐνθεῖναι
482 1227 677 1262 τολμήσαντες,
689 1228 823 1255 ἀθάνατον
840 1229 936 1264 ὥσπερ

138 1269 195 1303 τὴν
216 1270 327 1297 ἐνοῦσαν
352 1271 444 1303 αὐτοῖς
471 1273 661 1309 ἀνεστήλωσαν
690 1275 832 1310 πονηρίαν.
861 1275 936 1302 Ἔδει

140 1315 198 1349 μὲν
210 1313 258 1341 οὖν
274 1317 346 1351 ἡμεῖς
371 1317 490 1353 διαρκῶς
512 1320 660 1355 εἰρηκότας
678 1322 715 1352 εἰς
730 1320 760 1346 τὸ
787 1321 936 1357 προκείμε-

138 1369 199 1393 νον,
226 1361 297 1397 ἅπερ
322 1360 355 1398 ἦν
366 1364 440 1396 εἰκὸς
450 1365 565 1399 ὠφελεῖν
585 1366 714 1393 δύνασθαι
735 1367 797 1398 τοὺς
811 1367 934 1399 ἐντευξο-

141 1407 252 1441 μένους,
266 1408 413 1444 ὀρθοτάτην
424 1410 521 1445 ἕχοντα
534 1412 583 1446 τὴν
603 1412 650 1438 ἐπὶ
664 1412 702 1447 τῷ
721 1412 778 1447 Υίῷ
797 1412 933 1448 διάληψιν,

141 1453 280 1487 μηδεμίαν
299 1455 353 1481 τῶν
379 1457 445 1492 παρ’
468 1458 584 1489 ἐκείνοις
611 1458 777 1493 ποιήσασθαι
811 1460 932 1495 μνήμην.

146 1499 256 1535 Ἐπειδὴ
270 1500 298 1526 δὲ
314 1501 429 1534 ἀπεικὸς
444 1504 521 1530 οὐδὲν
532 1506 588 1535 τοῖς
609 1505 710 1537 ἀθλίοις
729 1506 840 1532 ἐκείνων
858 1514 935 1541 περι-

995 273 1069 298 vere,
1092 269 1122 292 ut
1148 265 1235 293 Filius
1257 273 1292 293 ex
1316 265 1396 293 Patre
1426 264 1589 292 naturaliter
1615 263 1715 291 editus.
1732 263 1784 292 Set‘

994 311 1096 340 Christi
1112 311 1225 347 quidem
1243 311 1369 339 Ecclesia
1385 318 1447 346 qua:
1467 310 1624 346 dogmatum
1641 309 1722 344 785
1743 318 1785 336 re-

993 358 1131 385 ctitudine
1155 358 1292 392 imprimis
1317 357 1463 393 gloriatur,
1479 357 1559 384 talem
1583 356 1617 383 dc
1639 355 1786 390 Unigenilo

994 403 1158 430 sententiam
1177 403 1260 431 habet
1276 413 1282 430 :
1297 403 1344 431 Dei
1359 407 1450 430 autem
1469 403 1561 431 hostes
1579 401 1701 429 hazrctici
1717 408 1785 428 con—

992 450 1078 477 traria
1104 449 1228 477 sentiunt
1255 454 1282 477 et
1308 449 1445 477 instillant
1471 449 1635 484 perniciosa:
1660 454 1717 473 sum
1736 447 1786 474 do-

992 497 1089 524 ctrina:
1113 495 1269 531 discipulis.
1292 496 1433 523 Conviciis
1448 495 1521 523 enim
1551 495 1686 522 adversus
1706 494 1785 521 (lln'i-

992 548 1064 571 stum
1081 543 1109 570 in
1126 543 1229 570 rabiem
1243 542 1297 570 acti
1312 550 1410 578 magno
1424 540 1516 569 studio
1532 541 1561 568 in
1577 541 1604 568 id
1621 540 1784 568 incumbunt

991 589 1098 621 miseri,
1116 589 1242 623 aliusque
1260 589 1345 615 alium
1364 588 1449 619 acuit,
1468 595 1522 614 non
1547 590 1575 614 ut
1602 586 1635 613 ad
1653 586 1782 621 pietatem

992 643 1021 664 se
1038 639 1200 671 provocent,
1218 635 1266 663 sed
1286 639 1316 662 ut
1338 635 1408 662 alter
1430 634 1547 661 alterum
1574 632 1716 667 impietate
1736 639 1784 658 su-

991 689 1089 717 perare
1117 685 1144 709 et
1177 681 1282 716 aliquid
1311 680 1437 716 proferre
1468 679 1596 707 videatur
1622 676 1781 704 absurdius.

990 726 1059 754 Nam
1082 734 1145 754 cum
1160 726 1254 753 vinum
1276 726 1461 753 Sodomorum
1489 725 1540 760 ipsi
1566 723 1674 756 bibant,
1699 726 1783 757 atque

991 772 1119 799 acerbam
1135 779 1215 798 uvam
1237 771 1398 799 Gomorrhze
1414 770 1587 798 vindcmicnt
1603 769 1614 784 ‘
1628 769 1690 804 (nec
1709 768 1780 795 enim

991 825 1024 845 cx
1041 817 1135 846 divino
1152 817 1254 853 Spiritu
1270 818 1410 852 accipiunt
1424 825 1485 853 quae
1500 817 1534 844 de
1551 824 1583 844 eo
1601 815 1711 846 docent.
1732 821 1782 841 nec

991 869 1025 890 ex
1039 863 1207 890 revelatione
1216 863 1316 896 Patris,
1333 863 1380 891 sed
1393 872 1425 891 ex
1441 863 1532 897 capite
1550 861 1702 894 draconis),
1712 859 1781 887 nihil

991 909 1102 943 quidem
1120 909 1179 936 sani
1198 909 1333 941 sentiunt,
1355 909 1401 936 sed
1426 916 1458 936 ca
1476 909 1607 943 loquntur
1621 914 1683 942 qua:
1698 905 1782 932 mise-

989 955 1092 983 rabiles
1109 955 1264 982 auditorum
1289 955 1396 982 animas
1417 955 1548 987 reddunt,
1565 961 1612 981 eas
1629 953 1662 980 ad
1678 951 1780 979 infems

990 1007 1017 1030 ct
1045 1002 1168 1029 inlimum
1186 1001 1346 1029 barathrum
1363 1000 1550 1028 detrudentia.
1570 999 1636 1033 Qua:
1653 1003 1681 1026 et
1701 997 1780 1024 libris

990 1048 1123 1076 mandare
1136 1048 1195 1075 ausi
1215 1052 1291 1079 sunt,
1304 1051 1332 1074 et
1346 1045 1496 1081 nequitiam
1514 1053 1592 1073 suam
1607 1050 1738 1079 tanquam
1752 1043 1778 1069 iu

988 1094 1070 1129 cippo
1092 1094 1125 1121 ad
1147 1093 1382 1121 immortalitatem
1409 1093 1597 1127 sculpserunt.
1617 1090 1649 1117 Et
1665 1089 1780 1117 decebat

988 1140 1100 1175 quidem
1118 1147 1170 1167 nos
1190 1139 1322 1175 expositis
1347 1138 1374 1165 in
1401 1138 1473 1165 hunc
1491 1138 1580 1165 locum
1607 1142 1780 1171 quaecunque

987 1186 1138 1214 lectoribus
1154 1186 1186 1213 ad
1202 1191 1278 1214 recte
1290 1185 1465 1214 sentiendum
1482 1184 1517 1211 de
1537 1182 1608 1210 Filio
1621 1181 1778 1209 conducere

988 1232 1162 1263 videbantur,
1181 1232 1284 1259 nullam
1301 1231 1494 1259 haereticorum
1510 1229 1669 1264 dogmatum
1691 1227 1780 1253 facere

989 1278 1168 1306 mentionem.
1185 1277 1237 1305 Sed
1264 1285 1326 1304 cum
1352 1277 1461 1305 miseris
1485 1283 1581 1304 eorum
1603 1272 1780 1302 sermonibus

989 1325 1172 1360 simpliciores
1188 1320 1696 1359 nonnulliabripiantur,necessarium
1713 1318 1779 1346 duxi

988 1370 1113 1398 veritatis
1131 1369 1267 1405 dogmatis
1279 1369 1379 1396 noxias
1404 1360 1514 1396 illorum
1529 1373 1617 1401 nugas
1633 1364 1778 1399 repellere,

989 1419 1016 1443 et
1035 1415 1189 1443 calumnias
1220 1423 1290 1451 quas
1307 1414 1435 1450 alIingere
1456 1414 1553 1442 volunt
1570 1412 1650 1444 Filio,
1671 1412 1737 1442 imo,
1749 1413 1780 1437 ut

988 1460 1082 1488 verius
1096 1460 1198 1494 dicam,
1211 1461 1262 1488 toti
1278 1464 1384 1488 naturae
1396 1459 1507 1492 divinae,
1522 1459 1619 1486 inanes
1637 1465 1670 1484 ac
1686 1456 1780 1483 futiles

988 1508 1135 1535 ostendere

139 1546 272 1580 τυχόντας
301 1547 405 1583 ῥήμασι
435 1551 644 1586 συναρπαγῆναι
666 1551 720 1577 τῶν
742 1552 934 1588 ἁπλουστέρων
952 1554 992 1584 εἰς
1003 1554 1112 1581 σύνεσίν
1127 1563 1215 1587 τινας,
1231 1555 1381 1588 ἀναγκαῖον
1396 1553 1490 1589 ᾠήθην
1505 1552 1563 1583 τοῖς
1590 1550 1620 1583 ἐξ
1650 1548 1780 1584 ἀληθείας

140 1592 258 1626 δόγμασι
273 1593 306 1619 τὰ
328 1593 359 1619 ὲκ
372 1595 422 1628 τῆς
438 1595 550 1622 ἐκείνων
565 1596 698 1631 φλυαρίας
723 1596 936 1632 διακρούσασθαι
957 1597 1055 1634 βλάϐη,
1083 1599 1287 1635 εὐανάτρεπτόν
1308 1608 1339 1625 τε
1370 1597 1502 1629 ἐπιδεῖξαι
1518 1597 1566 1632 τὴν
1586 1594 1779 1629 συκοφαντίαν,

139 1638 176 1671 ῆν
186 1637 359 1673 ἐπιτειχίζειν
376 1639 516 1675 βούλονται
541 1640 580 1675 τῷ
598 1641 665 1676 Υίῷ,
684 1641 783 1676 μᾶλλον
802 1641 829 1667 δὲ
845 1642 892 1677 ὅλῃ
908 1643 940 1677 τῇ
959 1642 1019 1679 θείᾳ
1034 1643 1132 1678 φύσει·
1144 1644 1223 1671 τοῦτο
1239 1645 1294 1679 γὰρ
1315 1645 1403 1671 εἰπεῖν
1425 1643 1615 1678 ἀληθέστερον.

178 1684 327 1721 Τοιγαροῦν
348 1687 472 1722 ἐνέτυχον
488 1687 582 1723 βιϐλίῳ
596 1688 650 1715 τῶν
669 1689 702 1715 δι’
720 1689 854 1721 ἐναντίας·
873 1687 933 1716 εἶτα
948 1694 969 1722 C

137 1730 174 1756 τὰ
190 1730 219 1757 ὲν
230 1731 268 1765 τῷ
282 1733 456 1768 προκειμένῳ
471 1733 545 1769 ῥητῷ
561 1733 773 1769 διερευνώμενος
785 1755 793 1768 ,
808 1734 935 1769 εὖρισκον

137 1777 189 1802 ἐπὶ
213 1777 311 1810 λέξεως
335 1779 430 1814 αὐτῆς,
448 1779 519 1806 οὕτω
536 1780 650 1814 λέγοντα
665 1781 724 1816 μεθ’
747 1781 829 1817 ἕτερά
855 1789 934 1807 τινασ

144 1822 175 1848 '0
198 1822 286 1849 τοίνυν
300 1823 364 1856 Υἱὸς
378 1825 513 1857 οὖσιωδῶς
535 1827 728 1862 περιεχόμενος
746 1827 797 1853 ὑπὸ
814 1826 860 1853 τοῦ
879 1827 934 1853 Πα-

136 1869 214 1903 τρὸς,
229 1870 274 1896 τὸν
294 1871 403 1907 Πατέρα
416 1872 444 1898 ἐν
460 1872 549 1907 ἑαυτῷ
562 1872 670 1908 ἔχει,τὰ
687 1875 797 1910 ῥήματα
818 1877 934 1912 φθεγγό-

137 1923 222 1948 μενον
245 1917 293 1943 καὶ
307 1917 340 1943 τὰ
359 1919 460 1952 σημεῖα
480 1918 657 1946 ἐπιτελοῦντα
669 1928 676 1934 ·
692 1920 760 1957 ὅπερ
777 1922 933 1958 ἑρμηνεύει,

135 1961 227 1994 λέγων
242 1970 249 1976 ·
269 1972 278 1988 ‹
300 1963 334 1989 Ἀ
348 1963 404 1997 ἐγὼ
427 1963 499 1990 λαλῶ
517 1964 590 1999 ὑμῖν,
609 1965 656 1991 ἀπ’
669 1967 789 2001 ἐμαυτοῦ
804 1968 834 1994 οὺ
850 1969 933 2002 λαλῶ,

135 2009 150 2034 ὁ
170 2008 200 2034 δὲ
226 2009 321 2044 Πατὴρ
345 2011 374 2038 ὲν
389 2011 450 2045 ἐμοὶ
461 2011 556 2045 μένων
570 2013 643 2047 ποιεῖ
662 2012 696 2039 τὰ
720 2013 788 2048 ἔργα
807 2014 897 2047 αὐτός.
922 2026 931 2042 ι

135 2055 225 2081 Ταυτὶ
241 2056 290 2091 τῆς
309 2057 414 2083 ἐκείνου
433 2057 579 2093 τερθρείας
595 2058 629 2085 τὰ
648 2060 760 2095 ῥήματα
771 2069 777 2075 ·
794 2061 888 2095 ἐπειδὴ
906 2062 935 2088 δὲ

135 2101 194 2136 χρὴ
210 2102 257 2129 καὶ
271 2103 346 2138 ἡμᾶς
359 2103 447 2130 εἰπεῖν
463 2103 494 2130 τὸ
506 2105 562 2136 τοῖς
579 2105 735 2140 εἰρημένοις
745 2107 933 2140 ἀντιστᾳτοῦν,

137 2147 189 2173 καὶ
211 2147 339 2183 ἀδόκιμον
362 2148 426 2175 ὄντα
449 2149 495 2176 τὸν
517 2149 579 2176 νοῦν
603 2150 751 2187 διελέγχειν
775 2153 933 2188 δυνάμενον,

139 2192 230 2219 ἐκεῖνό
247 2201 318 2228 φημι
331 2201 338 2208 -
358 2194 395 2220 Τὸ
409 2194 459 2229 μὲν
484 2192 531 2222 οὖν
547 2196 684 2229 οὐσιωδῶς
702 2199 878 2234 περιέχεσθαι
892 2200 935 2227 λέ-

140 2246 200 2271 γειν
210 2238 257 2265 τὸν
265 2239 330 2266 Υἱὺν
345 2240 398 2267 ὑπὸ
415 2240 462 2267 τοῦ
476 2242 593 2277 Πατρὺς.
608 2242 622 2269 ὂ
636 2243 662 2269 τί
670 2253 734 2270 ποτε
748 2245 803 2280 ἄρα
817 2246 902 2279 ἐστὶν,
916 2246 933 2282 ἢ

140 2284 166 2309 τί
180 2284 233 2319 ἄρα
255 2284 342 2319 δηλοῖ,
357 2285 387 2311 οὐ
404 2285 508 2322 σφόδρα
525 2287 636 2323 συνίημι
648 2297 654 2303 '
671 2289 768 2324 χρῆναι
785 2290 839 2326 γὰρ
858 2289 934 2326 οἶμαι

140 2329 170 2355 τὸ
194 2330 293 2365 ἀληθὲς
322 2333 411 2359 εἰπεῖν
435 2342 442 2349 ·
460 2334 593 2370 τοσαύτην
629 2334 685 2370 ἔχει
715 2336 764 2371 τὴν
787 2337 933 2371 ἀσάφειαν.

146 2376 275 2412 Ἐρυθριᾷ
288 2378 343 2414 γὰρ
360 2378 465 2415 ὥσπερ,
481 2381 527 2407 καὶ
548 2382 722 2409 συστέλλεται
743 2392 802 2414 πως
823 2384 891 2419 πρὸς
904 2383 934 2410 τὸ
950 2377 972 2404 Ῑ)

137 2422 323 2459 ἀφανέστερον
339 2426 497 2461 παρρησίαν
516 2427 566 2454 οὐκ
583 2427 644 2463 ἔχον
660 2428 691 2455 τὸ
711 2428 854 2465 θεώρημα.
870 2430 933 2456 ’Ὠσ-

138 2477 169 2493 :3
174 2477 192 2503 ρ
206 2468 261 2504 γὰρ
279 2470 295 2496 ὁ
316 2470 351 2497 τὰ
365 2471 456 2505 φαῦλα
470 2473 600 2508 πράσσων
618 2476 693 2509 μισεῖ
706 2475 736 2501 τὸ
752 2475 809 2508 φῶς
823 2477 870 2504 καὶ
883 2476 933 2503 οὐκ

136 2515 249 2548 ἔρχεται
273 2516 342 2550 πρὸς
356 2517 387 2543 τὸ
400 2518 469 2552 φῶς,
486 2519 529 2546 ἵνα
545 2520 583 2555 μὴ
600 2520 729 2557 ἐλεγχθῇ,
744 2522 814 2548 κατὰ
825 2522 873 2558 τὴν
886 2522 932 2549 τοῦ

136 2560 267 2595 Σωτῆρος
279 2564 371 2598 φωνήν
382 2571 389 2578 ⁸
401 2564 473 2591 οὕτω
484 2566 537 2597 πᾶς
550 2566 641 2601 λόγος,
655 2569 668 2594 ὁ
686 2568 722 2595 τὰ
734 2569 825 2603 φαῦλα
834 2569 932 2605 δηλῶν,

136 2606 183 2633 διὰ
202 2609 347 2635 σκοτεινῶν
368 2610 476 2637 ἐννοιῶν
496 2611 623 2647 ἔρχεσθαι
647 2614 730 2648 φιλεῖ,
755 2615 802 2641 καὶ
821 2615 888 2651 πρὸς
903 2616 934 2642 τὸ

137 2654 306 2703 σαφηνείας-
317 2655 366 2691 οὐχ
399 2657 458 2692 ἥξει
474 2657 542 2692 φῶς,
571 2659 615 2685 ἵνα
628 2660 665 2694 μὴ
680 2660 796 2696 ἐλεγχθῇ
813 2661 864 2696 τῆς
889 2662 933 2687 ὲν-

133 2700 223 2733 ούσης
237 2700 311 2735 αὐτῷ
327 2702 522 2739 σαθρότητοςὴ
536 2704 669 2732 εὐτέλεια.
691 2706 724 2732 Τί
742 2704 789 2733 οὖν
803 2706 857 2742 ἄρα
876 2707 934 2733 ἐστὶ

133 2743 167 2769 τὸ
183 2744 322 2777 οὺσιωδῶς
342 2747 519 2783 περιέχεσθαι
533 2749 579 2775 τὸν
591 2749 655 2776 Υἱὸν
671 2750 724 2777 ὑπὸ
739 2751 785 2778 τοῦ
807 2752 933 2785 Πατρός;

136 2789 216 2826 Ἰημι
229 2790 285 2827 γὰρ
300 2792 333 2828 δὴ
349 2793 382 2819 δι’
394 2794 499 2826 ἐννοίας
516 2795 636 2830 ἁπάσης,
654 2793 751 2832 οἷσπερ
765 2798 798 2825 ἂν
812 2797 934 2833 δύνωμαι

172 2875 183 2889 ⁸
205 2879 285 2907 Deut.
312 2889 396 2912 .\.\xu.
413 2882 456 2909 5:2.
511 2884 520 2898 ³
537 2884 617 2911 Joan.
638 2893 685 2919 Ill,
703 2885 747 2913 ‘20.

1022 1692 1051 1718 in
1071 1700 1170 1720 manus
1196 1693 1289 1727 itaque
1311 1692 1377 1719 mihi
1402 1691 1478 1719 venit
1504 1689 1725 1718 adversariorum
1745 1689 1780 1716 Ii-

987 1738 1053 1771 her;
1076 1746 1196 1774 cumque
1217 1739 1270 1766 loci
1288 1738 1423 1774 propositi
1437 1745 1549 1766 sensum
1576 1739 1779 1772 perscrutarcr,

987 1784 1077 1811 inveni
1096 1788 1159 1819 post
1176 1784 1231 1811 alia
1246 1785 1371 1820 quaedam
1386 1784 1425 1811 ita
1443 1784 1579 1819 scriptum
1597 1783 1631 1810 ad
1647 1781 1778 1808 verbum:

986 1828 1073 1857 Filius
1088 1837 1154 1865 ergo
1174 1831 1396 1859 substantialiter
1415 1833 1566 1858 contentus
1583 1836 1597 1855 a
1617 1827 1712 1858 Patre,
1726 1826 1779 1853 Pa-

987 1880 1054 1903 trem
1072 1876 1101 1903 in
1118 1877 1211 1913 seipso
1224 1878 1360 1910 continet,
1376 1877 1458 1905 verba
1479 1877 1639 1911 loquentem
1658 1880 1684 1901 et
1700 1874 1779 1909 signa

986 1927 1161 1956 peragentem
1176 1932 1183 1950 :
1196 1923 1270 1958 quod
1286 1923 1487 1958 interpretatur
1500 1922 1595 1948 dicens
1607 1929 1613 1947 :
1627 1929 1635 1945 ι
1651 1919 1717 1956 Qua:
1729 1926 1779 1953 ego

987 1967 1085 2002 loquor
1097 1968 1187 2000 vobis,
1211 1976 1226 1994 a
1244 1969 1351 2003 meipso
1366 1976 1422 1995 non
1445 1968 1554 2002 loquor,
1573 1966 1619 1994 scd
1646 1965 1728 1996 Pater
1751 1964 1778 1991 in

986 2020 1029 2040 me
1045 2021 1171 2046 manens,
1186 2013 1243 2048 ipse
1258 2014 1324 2041 facit
1339 2021 1433 2049 opera.
1454 2024 1462 2039 ι
1486 2014 1550 2040 Haec
1564 2013 1603 2040 illi
1620 2015 1777 2047 nugantur;

986 2067 1081 2086 verum
1100 2060 1165 2095 quia
1177 2067 1291 2088 necesse
1307 2066 1349 2087 est
1364 2068 1415 2088 nos
1431 2061 1485 2087 illis
1505 2061 1648 2091 resistere,
1665 2065 1715 2085 nec
1730 2064 1777 2084 vc-

985 2113 1046 2132 rum
1074 2113 1106 2133 ac
1123 2113 1284 2140 germanum
1309 2113 1372 2133 esse
1396 2105 1472 2132 illum
1489 2112 1602 2133 sensum
1619 2103 1777 2133 ostendere,

985 2151 1104 2187 primum
1123 2151 1187 2179 dico
1205 2159 1259 2184 me,
1285 2156 1317 2178 ut
1336 2159 1401 2179 vere
1417 2151 1527 2186 loquar,
1554 2149 1626 2176 haud
1642 2149 1711 2176 satis
1730 2155 1778 2175 ca-

984 2205 1050 2232 pere
1066 2198 1131 2233 quid
1154 2197 1207 2226 sibi
1231 2198 1297 2225 velit
1312 2197 1386 2233 quod
1407 2197 1485 2224 aiunt
1500 2196 1637 2224 contineri
1655 2203 1670 2222 a
1697 2194 1779 2221 Patre

986 2243 1105 2276 Filium,
1125 2248 1231 2272 tantum
1254 2245 1280 2271 in
1298 2252 1328 2272 se
1350 2244 1530 2272 obscuritatis
1555 2243 1647 2270 habet.
1671 2241 1779 2269 Erube-

986 2291 1038 2318 scit
1053 2291 1138 2323 cnim,
1151 2299 1183 2319 ac
1198 2291 1322 2319 tenebris
1333 2290 1537 2326 quodammodo
1552 2288 1706 2317 offunditur
1718 2296 1781 2323 pro-

985 2338 1086 2372 positio
1109 2339 1236 2366 libertate
1254 2346 1349 2366 vacua.
1376 2337 1613 2371 Quemadmodum
1631 2336 1705 2363 enim
1733 2335 1780 2369 qui

987 2386 1057 2413 male
1073 2385 1138 2420 agit,
1148 2385 1207 2412 odit
1220 2385 1321 2418 lucem,
1334 2385 1418 2420 786
1428 2392 1479 2412 nec
1492 2384 1568 2412 venit
1582 2383 1616 2411 ad
1630 2383 1731 2413 lucem,
1747 2390 1781 2408 ne

986 2432 1180 2467 redarguatur,
1194 2432 1273 2467 juxta
1291 2431 1448 2459 Servatoris
1463 2439 1558 2459 vocem
1578 2431 1609 2457 δε
1632 2430 1672 2457 sic
1687 2429 1780 2456 omnis

986 2479 1075 2506 oratio
1099 2486 1160 2513 quae
1188 2478 1259 2505 mala
1286 2478 1423 2513 designat,
1441 2485 1488 2512 per
1504 2477 1669 2505 tenebrosos
1694 2474 1778 2501 animi

987 2530 1137 2560 conceptus
1163 2525 1204 2552 ire
1231 2524 1310 2557 solet,
1329 2532 1380 2552 nec
1403 2525 1437 2552 ad
1464 2522 1669 2559 explanationis
1686 2521 1778 2548 lueem

988 2571 1119 2606 prodibit,
1146 2579 1181 2598 ne
1208 2570 1284 2599 illius
1307 2569 1397 2598 caries
1422 2577 1455 2596 ac
1479 2568 1608 2596 debilitas
1634 2570 1777 2601 arguatur.

988 2618 1060 2651 Quid
1073 2624 1139 2652 ergo
1152 2621 1194 2645 est
1209 2617 1434 2645 substantialiter
1450 2614 1587 2643 contineri
1607 2621 1621 2640 a
1639 2612 1720 2639 Patre
1735 2611 1780 2638 Fi-

987 2664 1076 2691 lium?
1096 2663 1201 2691 Cuncta
1226 2664 1299 2690 enim
1327 2661 1498 2698 perscrutari
1513 2661 1602 2695 juvat,
1628 2663 1655 2687 et
1677 2658 1780 2693 quibus

988 2717 1099 2745 possum
1115 2709 1272 2736 rationibus
1292 2709 1432 2743 explicare
1452 2707 1526 2743 quod
1543 2707 1662 2735 obscure
1674 2706 1779 2734 dictum

988 2759 1042 2786 est,
1056 2753 1186 2789 quodque
1203 2753 1298 2780 forsan
1312 2752 1454 2779 erubescit
1476 2759 1512 2779 ne
1538 2752 1631 2779 animo
1653 2756 1779 2784 compre-

989 2799 1114 2831 hensum,
1133 2800 1193 2835 ejus
1218 2807 1232 2826 a
1256 2806 1310 2833 quo
1326 2797 1432 2826 editum
1444 2802 1490 2827 est‘
1503 2798 1639 2827 insaniam
1664 2796 1777 2829 relegat.
