4042 6204
516 329 622 387 219

1508 333 1567 390 s.
1608 293 1891 390 CYRILLI
1922 331 2388 390 ALEXANDRINI
2427 339 2746 397 ARCHIEP.

3662 343 3769 399 22.0

516 447 575 505 Si
605 464 734 521 ergo
768 448 1039 521 signiﬁcat
1061 447 1259 506 Filium
1292 451 1347 506 in
1376 453 1553 509 Patris
1581 453 1913 520 substantia,
1953 464 2073 510 tan-

2189 453 2523 510 Βιαπτύσσων
2543 457 2725 527 λόγοις
2748 458 2807 512 τὸ
2839 457 3096 529 ἀμυδρῶς
3126 457 3437 530 εἰρημένον,
3490 458 3584 512 καὶ
3640 459 3767 513 δυσ-

515 559 678 612 quam
731 544 782 599 ei
836 544 1394 612 consubstantialem,
1446 546 1652 604 habere
1703 556 1760 604 et
1801 549 1855 604 in
1902 551 2085 621 seipso

515 635 730 690 Patrem
763 636 818 689 in
847 634 971 690 Filii
1003 647 1201 691 natura
1246 638 1688 709 praefulgentem,
1723 655 1824 696 nos
1861 642 1909 696 ei
1949 657 2088 713 quo-

514 741 625 795 que
650 715 978 796 eXpOSitioui
1020 729 1478 799 astipulabimur:
1519 732 1662 799 quod
1694 740 1877 787 tamen
1905 734 2086 788 conti-

515 815 633 871 neri
666 814 837 871 Filius
872 818 1100 882 dicitur,
1130 832 1242 875 non
1269 820 1625 877 mediocriter
1650 821 1838 879 forsan
1871 841 1973 881 nos
2011 825 2090 882 of-

517 905 769 961 fenderit.
821 908 917 963 Sin
966 917 1150 964 autem
1191 911 1339 966 istud
1382 927 1493 967 non
1540 914 1617 967 ait
1677 917 1799 984 (nec
1828 918 1972 971 enim
2020 933 2088 973 ex

514 995 678 1051 Patre
704 999 951 1068 genitum
986 1016 1110 1056 esse
1155 1001 1354 1057 Filium
1389 1019 1629 1073 unquam
1669 1006 1944 1072 admittet,
1990 1010 2086 1077 qui

513 1093 724 1140 tantam
778 1088 831 1142 in
871 1104 996 1144 eum
1047 1091 1443 1162 blasphemiam
1498 1096 1763 1165 evomuit,
1815 1097 1910 1153 sed
1962 1097 2088 1153 Filii

512 1184 769 1231 naturam
809 1180 976 1235 veluti
1012 1196 1216 1252 corpus
1263 1184 1538 1255 quoddam
1584 1186 1796 1242 finitum
1828 1204 1858 1243 a
1908 1188 2088 1246 Patris

512 1275 708 1321 natura
736 1284 859 1324 esse
885 1272 1366 1341 comprehensam,
1401 1276 1645 1348 asserit),
1669 1278 1944 1347 quomodo
1980 1295 2087 1335 non

513 1365 701 1426 aperta
735 1365 809 1412 utl
860 1361 1202 1431 blasphemia
1242 1380 1584 1435 summaeque
1631 1368 1920 1424 dementiae
1969 1372 2088 1440 ple-

515 1465 621 1506 ntts
642 1466 768 1506 esse
794 1454 1092 1524 arguetur?
1115 1454 1249 1508 Nam
1276 1470 1401 1509 cum
1434 1456 1595 1510 iidem
1632 1458 1738 1528 ipsi
1769 1459 1935 1514 Deum
1965 1476 2089 1517 esse

515 1541 701 1597 dicant
719 1541 939 1607 Filium,
962 1546 1327 1616 proprietates
1353 1555 1536 1603 tamen
1563 1565 1853 1619 corporum
1881 1551 1929 1606 ei
1959 1566 2091 1622 prte-

512 1642 597 1688 ter
628 1635 895 1690 rationem
928 1638 1186 1709 aliingere
1215 1647 1493 1693 conantur
1523 1656 1538 1693 :
1577 1642 1721 1710 quod
1753 1642 1898 1696 enim
1932 1659 2090 1699 men-

511 1738 644 1777 sura
692 1734 788 1779 aut
833 1728 1015 1796 spatio
1052 1737 1107 1783 et
1156 1730 1445 1786 intervallo
1491 1732 1985 1801 circumscribitur,
2015 1735 2087 1789 ita

2190 547 2514 619 ωπούμενον
2542 552 2685 621 τάχα
2722 550 2796 620 μὴ
2835 552 2929 605 καὶ
2961 550 3067 622 ἄρα
3093 551 3280 621 νοηθὲν
3309 550 3631 624 ἀποκαλύψῃ
3666 556 3768 625 τὴν

2188 640 2281 693 τοῦ
2312 641 2559 705 τεκόντος
2585 641 2714 695 αὐτὸ
2747 641 3088 695 δυσϐουλίαν.
3113 642 3175 694 Εἰ
3202 637 3423 713 μὲνοῦν
3454 642 3612 695 τοῦτο
3643 643 3768 714 βού-

2187 730 2336 784 λεται
2371 730 2673 803 δηλοῦν,ὼς
2712 735 2769 787 ὲν
2792 736 2855 805 τῇ
2893 733 2986 787 τοῦ
3014 732 3226 804 Πατρδς
3256 732 3413 805 οὐσίᾳ
3444 734 3767 806 φαινόμενος

2187 823 2216 876 ό
2255 823 2382 886 Υἱὸς
2400 862 2415 884 .
2438 822 2514 889 ὡς
2552 823 2833 895 όμοούσιος
2860 823 3039 895 αὐτῷ,
3068 824 3178 896 ἔχει
3201 825 3293 879 καὶ
3314 825 3477 888 αὐτὸς
3504 827 3562 878 ἐν
3588 827 3767 897 ἐαυτῷ

2187 913 2279 967 τὸν
2311 914 2531 985 Πατέρα
2567 917 2625 969 ὲν
2655 918 2719 987 τῇ
2747 915 2840 969 τοῦ
2870 917 3213 986 γεννήματος
3242 915 3402 985 φύσει
3434 914 3612 979 καλῶς
3650 916 3767 969 δια-

2187 1007 2491 1077 λάμποντα,
2524 1008 2908 1078 συναινέσομεν
2943 1007 3036 1062 καὶ
3067 1009 3227 1078 ἡμεῖς
3272 1007 3352 1070 είς
3380 1005 3475 1077 τὴν
3508 1006 3601 1060 τοῦ
3626 1007 3765 1061 θεωο

2190 1099 2257 1171 ρή
2268 1116 2434 1168 ματος
2464 1098 2691 1169 δύναμιν
2717 1116 2731 1131 ο
2756 1099 2816 1153 οὐ
2862 1098 3097 1171 μετρίως
3121 1099 3165 1153 δ’
3191 1098 3256 1153 ἂν
3301 1098 3555 1168 ἀδικῆσαι
3596 1098 3764 1170 τυχὸν

2187 1190 2249 1244 τὸ
2274 1191 2371 1261 τῆς
2390 1191 2653 1261 περιοχῆς
2684 1189 2855 1261 ὄνομα
2879 1190 3131 1261 κείμενον
3156 1190 3238 1259 ἐφ’
3261 1188 3405 1260 Υίῷ,
3423 1189 3486 1242 El
3515 1189 3573 1243 δὲ
3607 1189 3765 1244 τοῦτο

2192 1281 2294 1351 μὲν
2319 1279 2380 1333 οὐ
2426 1299 2590 1353 φησιν
2636 1280 2719 1351 (οὐ
2746 1280 2853 1353 7&9
2884 1282 2947 1334 ὲκ
2972 1282 3072 1351 τῆς
3094 1280 3280 1343 οὐσίας
3300 1279 3394 1333 τοῦ
3427 1280 3638 1352 Πατρὸς
3670 1297 3760 1348 γε·

2188 1371 2479 1441 γεννῆσθαί
2535 1388 2663 1425 ποτε
2720 1372 3078 1443 παραδέξεται
3115 1372 3208 1426 τὸν
3261 1371 3389 1424 Υἱὸν
3435 1373 3464 1423 ό
3511 1371 3765 1441 τοιαύτην

2190 1464 2394 1534 ὲμέσας
2450 1462 2569 1516 κατ’
2604 1462 2768 1516 αὐτοῦ
2811 1461 3140 1534 δυσφημίαν,
3183 1462 3373 1533 ὥσπερ
3415 1462 3471 1514 δέ
3517 1479 3570 1514 τι
3601 1458 3765 1531 σῶμα

2190 1554 2606 1624 πεπερασμένον
2644 1551 2742 1622 τὴν
2784 1551 2878 1605 τοῦ
2934 1551 3066 1605 Υἱοῦ
3106 1551 3268 1620 φύσιν
3305 1550 3762 1622 ὲμπεριειλῆφθαι

2187 1647 2254 1716 τῇ
2290 1644 2384 1699 τοῦ
2422 1643 2635 1714 Πατρός
2665 1642 3099 1714 διῖσχυρίζεται),
3137 1643 3255 1706 πῶς
3287 1642 3387 1696 οὐκ
3415 1642 3481 1696 ἂν
3530 1642 3774 1710 ἀναφανο

2188 1735 2277 1789 δὺν
2320 1735 2600 1806 δυσφήσας
2642 1730 3046 1811 [δυσφημήσας]
3079 1731 3366 1797 ἁλώσεται,
3401 1731 3495 1783 καὶ
3546 1732 3645 1801 τῆς
3689 1730 3773 1792 είς

513 1824 574 1868 ut
606 1830 637 1869 a
679 1795 951 1888 principio
974 1821 1211 1889 quodam
1257 1822 1571 1877 inchoatum
1615 1825 1815 1879 alicubi
1851 1795 2085 1890 desinat,

2200 1832 2367 1902 ἀκρον
2419 1795 2664 1904 sicas“;
2707 1795 3129 1900 φρενοϐλαϐείας
3178 1795 3459 1885 ἀνάπλεως
3500 1795 3614 1887 ὥνξ
3659 1822 3775 1875 Καὶ

515 1906 706 1977 utique
747 1918 802 1965 et
841 1926 966 1967 esse
1001 1912 1051 1966 in
1095 1914 1237 1977 loco,
1272 1921 1328 1969 et
1365 1915 1686 1984 quantitate,
1719 1925 1768 1971 et
1807 1916 2005 1981 forma,
2037 1925 2092 1973 et

515 1999 687 2071 figura
718 2005 1007 2075 suscipiet.
1043 2009 1113 2060 At
1144 2008 1424 2076 quomodo
1456 2008 1564 2063 ista
1582 2024 1691 2063 non
1730 2017 1861 2066 sunt
1893 2025 2090 2082 corpo-

509 2107 630 2147 rum
660 2096 915 2166 propria?
941 2100 1217 2168 quomodo
1240 2115 1347 2155 non
1373 2101 1682 2168 nobiscum,
1702 2109 1891 2172 utpote
1915 2104 2089 2158 nostri

510 2186 731 2251 similis,
763 2190 857 2258 qui
906 2207 1074 2261 supra
1123 2208 1225 2249 nos
1254 2202 1363 2256 est,
1394 2194 1757 2250 censebitur?
1807 2203 1903 2249 aut
1951 2211 2090 2265 quo-

509 2278 675 2334 modo
720 2282 877 2336 alteri
926 2293 1196 2340 creaturae
1239 2301 1536 2356 germanus
1582 2302 1696 2342 non
1727 2287 1853 2352 erit,
1880 2288 1972 2357 qui
2007 2289 2090 2343 ni-

508 2367 625 2425 hilo
668 2373 794 2442 plus
844 2376 1005 2429 habet
1055 2392 1217 2446 quam
1262 2379 1375 2443 illa,
1409 2387 1683 2450 quatenus
1713 2381 1972 2435 nimirum
2005 2392 2089 2436 est

508 2459 704 2518 finita?
745 2465 880 2519 Cum
913 2478 1096 2523 autem
1139 2470 1214 2523 ita
1248 2485 1308 2525 se
1343 2470 1564 2537 haheat,
1608 2480 1667 2526 ut
1697 2475 1864 2528 stulte
1895 2474 2088 2529 adver-

507 2552 641 2607 sarii
677 2553 781 2609 sibi
824 2558 1181 2625 persuadent,
1214 2574 1316 2614 cur
1343 2560 1546 2615 frustra
1591 2577 1693 2617 nos
1736 2564 2087 2618 terrebatdi-

506 2660 674 2702 cens:
720 2665 740 2700 ι
783 2646 894 2704 Vos
942 2651 1011 2705 de
1050 2650 1322 2713 ,deorsum
1379 2654 1537 2718 estis,
1575 2669 1676 2724 ego
1717 2670 1782 2709 ex
1825 2656 2086 2725 supernis

508 2752 668 2807 sum;
704 2757 724 2792 ι
755 2748 809 2794 et
836 2752 1029 2805 rursus
1056 2761 1070 2797 :
1104 2759 1122 2793 ι
1161 2741 1272 2798 Vos
1298 2743 1366 2798 de
1396 2746 1499 2798 hoc
1538 2744 1748 2799 mundo
1777 2747 1954 2800 estis:
1984 2750 2086 2816 ego

505 2844 618 2886 non
652 2846 774 2886 sum
808 2831 877 2887 de
906 2834 1011 2888 hoc
1045 2835 1250 2889 mundo
1285 2834 1343 2887 οἳ
1381 2854 1399 2888 ι
1442 2835 1578 2890 Nam
1624 2852 1749 2891 cum
1781 2853 1843 2893 ex
1895 2853 2088 2909 super-

508 2918 597 2975 nis
626 2919 871 2990 seipsum
909 2938 1032 2980 esse
1055 2923 1289 2990 diceret,
1317 2941 1427 2980 non
1458 2926 1781 2998 simpliciter
1807 2928 2088 2997 signillca-

506 3010 604 3067 bat
626 3027 692 3068 ex
719 3014 913 3070 cmlis:
948 3016 1076 3085 quid
1112 3017 1256 3071 enim
1291 3021 1667 3090 praerogativa:
1708 3023 1830 3091 plus
1860 3022 2087 3078 haberet

2198 1924 2353 1979 αὐτοὶ
2394 1924 2502 1996 7&9
2535 1923 2666 1977 Θεὸν
2706 1919 2845 1976 εἶναι
2873 1920 3124 1988 λέγοντες
3155 1904 3251 1971 τδπί
3285 1916 3433 1979 Υίὸν,
3473 1915 3540 1968 τὰ
3585 1916 3775 1985 σωμά-

2196 2034 2303 2071 των
2322 2017 2430 2069 ῖδια
2460 2015 2795 2088 προσάπτειν
2846 2010 2994 2081 αὐτῷ
3040 2005 3366 2080 παραλόγως
3399 2003 3733 2079 ἐπιχειροῦσι
3752 2019 3771 2035 ⁸

2194 2105 2257 2159 τὸ
2284 2104 2392 2176 γὰρ
2420 2104 2554 2168 ὅλως
2590 2099 2932 2174 περιορισμῷ
2964 2116 3071 2153 τινι
3102 2099 3195 2153 καὶ
3226 2097 3409 2168 μέτρῳ
3441 2095 3774 2168 περισχοινί-

2197 2196 2384 2261 ζεσθαι
2409 2194 2486 2267 τῷ
2513 2194 2788 2266 νοουμένῳ
2815 2193 2955 2247 κατά
2984 2192 3285 2254 διάστασιν,
3306 2188 3382 2253 ὡς
3423 2189 3515 2243 καὶ
3547 2187 3655 2242 ἀπό
3680 2204 3772 2240 τι-

2194 2304 2286 2352 νος
2307 2287 2482 2358 ἀρχῆς
2505 2286 2837 2356 καταλήγειν
2881 2285 2961 2346 είς
2991 2283 3184 2353 πέρας,
3225 2282 3443 2343 πάντως
3467 2279 3775 2344 ὲπιδέξαιτυ

2195 2379 2289 2432 καὶ
2314 2378 2376 2432 τὺ
2403 2373 2542 2430 εἶναι
2569 2375 2728 2446 τυχὸν
2766 2377 2823 2428 έν
2851 2373 3019 2444 τόπῳ,
3044 2372 3139 2426 καὶ
3166 2370 3338 2441 ποσῷ,
3373 2371 3465 2422 καὶ
3494 2369 3641 2431 εἴδει,
3674 2368 3777 2423 καὶ

2196 2467 2595 2543 σχήματιΕίτα
2625 2470 2815 2533 πῶςού
2847 2466 3113 2538 σωμάτων
3137 2464 3246 2519 ίδια
3272 2464 3429 2518 ταυτί
3450 2480 3465 2529 ;
3484 2463 3601 2525 πῶς
3629 2463 3773 2517 δὲού

2197 2561 2316 2631 μεθ’
2355 2561 2533 2632 ἡμῶν,
2567 2561 2642 2624 ὡς
2666 2560 2790 2614 καθ’
2824 2559 3034 2629 ἡμᾶς,ό
3063 2555 3202 2627 ὑπὲρ
3219 2556 3366 2626 ἡμᾶς
3399 2555 3721 2625 νοηθήσεται
3753 2569 3775 2618 ;

2192 2652 2225 2723 ἢ
2262 2652 2378 2715 πῶς
2436 2653 2535 2705 οὐκ
2569 2650 2796 2720 ἀδελφὸς
2827 2652 2892 2720 τῇ
2947 2647 3109 2718 ἑτέρᾳ
3148 2646 3322 2700 κτίσει
3350 2685 3366 2710 ,
3401 2642 3587 2698 λοιπὸν
3618 2642 3775 2696 οὐδὲν

2193 2744 2332 2815 ἔχων
2372 2745 2502 2815 παρ’
2536 2743 2706 2813 αὐτὴν
2749 2742 2812 2795 τὸ
2847 2740 3030 2804 πλέον,
3080 2740 3204 2793 ὅσον
3239 2732 3375 2810 ἧκεν
3405 2736 3577 2789 εἰπεῖν
3603 2736 3681 2796 είς
3706 2733 3779 2787 τὸ

2190 2827 2331 2886 εἶναι
2383 2831 2842 2904 πεπερασμένως;
2873 2831 3053 2901 Ἕχων
3099 2827 3157 2882 δὲ
3200 2825 3346 2881 οὕτω
3391 2825 3535 2881 κατά
3571 2842 3636 2893 γε
3673 2822 3780 2895 τὴν

2190 2922 2380 2994 ἀμαθῆ
2412 2922 2523 2977 τῶν
2571 2922 2638 2975 δι’
2669 2922 2918 2986 ἐναντίας
2971 2920 3246 2985 ὑπόνοιαν,
3290 2918 3344 2972 τί
3393 2918 3571 2990 μάτην
3622 2918 3780 2988 ἡμᾶς

2193 3016 2561 3089 προσεκτύπει
2618 3014 2792 3085 λέγων
2817 3031 2831 3047 ⁸
2863 3033 2883 3067 ι
2938 3014 3127 3084 Ὑμεῖς
3167 3013 3232 3066 ὲκ
3263 3010 3372 3066 τῶν
3419 3011 3572 3065 κάτω
3620 3010 3775 3076 ἐστὶ,

506 3119 673 3176 quam
710 3109 886 3163 sancti
919 3109 1122 3181 angeli,
1151 3111 1426 3181 siquidem
1458 3119 1512 3167 et
1540 3129 1603 3168 ex
1652 3116 1912 3183 supernis
1958 3117 2083 3172 illos

2191 3111 2303 3183 ἐγὼ
2331 3113 2395 3165 ὲκ
2433 3111 2539 3167 τῶν
2573 3110 2685 3165 ἀνω
2719 3109 2866 3180 εἰμες
2908 3126 2929 3161 ι
2961 3108 3073 3161 Καὶ
3102 3105 3285 3160 πάλιν·
3320 3104 3551 3176 (Ὑμεῖς
3579 3105 3642 3157 ὲκ
3674 3102 3776 3158 τοῦ

504 3211 630 3253 esse
653 3200 1046 3268 comperimus,
1074 3202 1121 3255 si
1156 3203 1368 3258 ratione
1396 3204 1499 3259 loci
1535 3204 1588 3259 id
1620 3207 1962 3276 accipiatur?
1989 3208 2084 3263 sed

506 3287 784 3356 signiﬁcat
813 3306 879 3346 ex
912 3305 1168 3361 superna,
1189 3301 1243 3348 et
1274 3310 1395 3364 quae
1421 3310 1589 3365 supra
1615 3298 1872 3353 universa
1895 3307 2085 3354 evecta

504 3389 612 3447 est,
644 3381 955 3449 substantia
992 3384 1262 3454 genitum.
1307 3385 1598 3449 Quomodo
1643 3401 1777 3457 ergo
1822 3402 1951 3442 vere
1986 3388 2085 3442 de-

506 3487 656 3528 mum
695 3473 843 3544 loqui
876 3473 1113 3536 videtur.
1142 3477 1188 3531 si
1220 3477 1587 3546 praprietates
1624 3492 1922 3549 corporum
1959 3495 2083 3535 cum

507 3563 776 3620 creaturis
818 3564 942 3618 aliis
988 3578 1310 3620 communes
1342 3567 1528 3634 habet,
1564 3576 1619 3624 et
1662 3571 1891 3640 perinde
1920 3587 1987 3628 ac
2021 3587 2086 3629 ea

507 3671 631 3725 quae
660 3672 692 3712 e
721 3657 895 3711 nihilo
925 3657 1196 3727 producta
1232 3668 1362 3714 sunt
1395 3660 1447 3714 in
1478 3670 1661 3715 ortum
1693 3676 1721 3716 a
1762 3662 1921 3719 Patre
1951 3679 2088 3721 con-

506 3746 759 3801 tinetur?
799 3745 1085 3817 Siquidem
1116 3755 1268 3803 extra
1304 3763 1429 3803 eum
1473 3748 1610 3804 nihil
1640 3750 1803 3821 787
1848 3766 1973 3809 esse
2002 3753 2086 3807 fa-

506 3839 768 3896 tebimur.
822 3839 888 3894 Et
946 3839 1064 3909 ipse
1125 3840 1348 3911 quidem
1405 3840 1623 3898 Psaltes
1683 3842 1905 3901 divinus
1955 3862 2085 3901 vera

506 3935 734 3991 omnino
788 3944 845 3992 et
905 3936 1165 3993 abstrusa
1219 3938 1481 4009 mysteria
1540 3938 1776 4010 loquens
1845 3941 1899 3995 in
1957 3939 2084 4012 Spi-

507 4028 643 4092 ritu,
690 4026 887 4083 Filium
925 4028 1059 4083 nulli
1095 4028 1219 4083 loco
1256 4029 1451 4085 deesse
1492 4030 1589 4096 ait,
1626 4047 1724 4102 per
1749 4032 1854 4088 hoc
1888 4035 2087 4090 testifi-

507 4135 643 4177 cans
680 4122 1067 4191 incorporeum
1093 4128 1149 4177 et
1190 4122 1736 4194 incircumscriptum
1781 4141 1905 4181 eum
1938 4141 2082 4191 esse,

504 4226 605 4267 nec
646 4212 770 4267 loco
810 4213 1226 4283 comprehendi,
1263 4222 1454 4279 utpote
1496 4214 1692 4271 Deum.
1733 4236 1752 4269 ι
1789 4218 1911 4284 Quo
1935 4221 2084 4275 enim

503 4304 595 4358 ibo
620 4320 651 4360 a
685 4303 894 4375 Spiritu
932 4306 1073 4360 tuo?
1112 4314 1167 4362 et
1199 4321 1310 4377 quo
1342 4322 1368 4360 a
1416 4307 1557 4363 facie
1590 4317 1683 4363 tua
1734 4308 1981 4381 fugiant?
2025 4310 2084 4366 Si

503 4396 806 4453 ascendero
842 4398 896 4451 iu
930 4400 1152 4463 caelum,
1192 4406 1251 4452 tu
1287 4399 1401 4454 illic
1431 4415 1492 4455 es
1521 4419 1534 4466 ;
1580 4402 1627 4455 si
1658 4401 1996 4460 descendero
2029 4404 2082 4459 in

2187 3205 2393 3276 κόσμου
2442 3202 2633 3258 τούτου
2666 3201 2790 3256 ἐστέ
2822 3218 2838 3233 σ
2876 3198 2989 3269 ἐγὼ
3033 3199 3131 3253 οὐκ
3163 3196 3279 3269 είμὶ
3310 3199 3375 3252 ὲκ
3413 3196 3507 3250 τοῦ
3562 3196 3773 3267 κόσμου

2186 3298 2395 3353 τούτου.
2448 3316 2467 3350 ι
2535 3294 2775 3349 Ἀνωθεν
2838 3293 2948 3365 γὰρ
3001 3291 3193 3346 ἑαυτὸν
3242 3285 3383 3345 εἶναι
3430 3289 3603 3359 λέγων
3625 3330 3640 3352 ,
3668 3287 3776 3360 οὐχ

2190 3391 2375 3456 ἁπλῶς
2417 3390 2603 3459 ἐδήλου
2662 3387 2724 3441 τὸ
2759 3387 2821 3453 ἐξ
2852 3385 3098 3458 οὐρανῶν
3121 3402 3137 3418 ο
3175 3385 3227 3439 τί
3277 3383 3390 3456 γὰρ
3436 3381 3502 3437 ἂν
3555 3380 3667 3452 ἔχοι
3702 3379 3773 3433 τὸ

2188 3485 2370 3539 πλεῖον
2421 3482 2575 3555 παρά
2620 3483 2749 3545 τοὺς
2797 3479 2989 3548 ἁγίους
3036 3476 3323 3548 ἀγγέλους,
3354 3474 3513 3546 εἴπερ
3560 3470 3778 3566 ἀνωθεν

2188 3575 2477 3639 κάκείνους
2529 3573 2688 3636 δντας
2740 3571 3084 3644 εὑρήσομεν,
3117 3567 3359 3632 τοπικῶς
3404 3563 3774 3635 ὲκληφθέντος

2186 3666 2279 3721 τοῦ
2312 3662 2714 3736 σημαινομένου
2741 3676 2758 3729 ;
2801 3662 3057 3734 σημαίνει
3094 3658 3153 3713 δὲ
3190 3659 3271 3713 ὅτι
3304 3657 3406 3730 τῆς
3438 3655 3646 3711 ἀνωθεν
3671 3653 3774 3706 καὶ

2185 3760 2285 3830 τῆς
2334 3759 2447 3821 τοῖς
2475 3757 2618 3821 δλοις
2646 3752 3022 3824 ὲποχουμένης
3069 3750 3260 3812 οὐσίας
3283 3748 3465 3817 ἐξέφυ.
3497 3745 3622 3809 Πῶς
3671 3738 3774 3797 οὖν

2188 3849 2392 3921 ἀληθὴς
2416 3846 2774 3918 ἀναφαίνεται
2797 3844 3006 3908 λοιπὸν,
3025 3843 3075 3896 εί
3098 3842 3253 3896 κοινά
3286 3840 3423 3909 πρὸς
3453 3837 3552 3909 τὴν
3577 3835 3775 3907 ἑτέραν

2187 3943 2299 4014 ἔχει
2339 3940 2517 3997 κτίσιν
2551 3939 2622 3994 τὰ
2672 3937 2941 4009 σωμάτων
2972 3934 3101 3999 ἴδια,
3133 3933 3229 3988 καὶ
3250 3930 3387 4003 ὁμοῦ
3414 3932 3527 3993 τοῖς
3561 3928 3621 3993 ἐξ
3668 3926 3777 3981 οὐκ

2186 4035 2355 4089 ὄντων
2389 4036 2469 4097 εἰς
2492 4033 2554 4086 τὸ
2594 4031 2733 4086 εἶναι
2769 4027 3151 4100 παρενεχθεῖσι
3189 4021 3577 4096 περιεχόμενός
3619 4020 3776 4071 ἐστιν

2188 4129 2294 4184 ὑπὸ
2338 4128 2432 4182 τοῦ
2472 4125 2721 4195 Πατρός;
2759 4123 2920 4191 εἴπερ
2955 4118 3111 4172 οὐδὲν
3145 4115 3251 4182 ἔξω
3276 4115 3492 4169 κεῖσθαι
3521 4111 3775 4180 δώσομεν

2186 4220 2375 4278 αὐτοῦ.
2402 4218 2513 4274 Ka‘t
2543 4219 2572 4272 ὁ
2621 4216 2720 4288 μὲν
2779 4212 3066 4274 θεσπέσιος
3114 4207 3366 4280 Μελῳδδς
3389 4246 3404 4269 ,
3437 4201 3609 4276 ἀληθῆ
3662 4220 3773 4256 που

2187 4312 2406 4375 πάντως
2439 4308 2534 4363 καὶ
2582 4304 2943 4378 κεκρυμμένα
2986 4301 3260 4373 μυστήρια
3286 4297 3465 4352 λαλῶν
3495 4298 3553 4349 ὲν
3594 4293 3775 4349 Πνεῦ-

2190 4397 2584 4472 ματι,,οὐδενὺς
2618 4396 2717 4466 μὲν
2770 4390 3049 4455 παντελῶς
3095 4386 3568 4459 ἀπολιμπάνεσθαι
3598 4385 3773 4438 τόπου

503 4488 803 4550 infernum,
831 4489 996 4553 ades;
1023 4490 1068 4544 si
1094 4505 1384 4558 sumpsero
1406 4505 1616 4560 pennas
1640 4508 1792 4548 meas
1815 4495 2078 4561 diluculo,

2189 4492 2317 4562 φησὶ
2334 4491 2424 4545 τὸν
2442 4489 2588 4552 Υίὺν,
2604 4486 2667 4540 τὸ
2693 4482 2985 4556 ἀσώματόν
3005 4498 3066 4536 τε
3085 4480 3181 4536 καὶ
3205 4481 3587 4552 ἀπεριόριστον
3616 4475 3773 4547 αὐτῷ

501 4583 558 4631 et
598 4577 918 4631 babitavero
943 4578 996 4630 in
1019 4578 1283 4633 extremis
1321 4580 1525 4634 maris:
1550 4596 1677 4634 nam
1705 4588 1758 4636 et
1782 4583 1857 4637 ibi
1883 4600 2083 4643 manus

507 4678 599 4722 tua
628 4667 865 4722 deducet
896 4681 1005 4730 me,
1035 4676 1089 4723 et
1112 4669 1319 4725 tenebit
1359 4684 1445 4725 me
1478 4668 1706 4724 dextera
1736 4678 1830 4727 tua
1856 4673 1899 4729 ⁷.
1944 4692 1964 4726 ι
2016 4675 2084 4731 lli

505 4768 686 4817 autem
722 4760 968 4832 proiecta
1001 4760 1235 4817 audacia
1263 4776 1422 4817 suam
1466 4765 1799 4819 sententiam
1842 4765 2084 4838 Spiritus

504 4854 738 4911 vocibus
776 4862 1136 4925 opponentes,
1173 4855 1523 4928 Unigenitum
1552 4857 1673 4915 loco
1698 4860 2083 4918 circumscribi

504 4964 569 5004 ac
602 4948 893 5004 terminari
934 4948 1147 5014 volunt,
1194 4964 1320 5005 cum
1357 4949 1486 5005 hinc
1521 4952 1705 5021 potius
1762 4957 2085 5010 necessario

501 5052 688 5095 secum
726 5050 984 5110 reputare
1016 5038 1304 5106 deberent,
1345 5041 1492 5110 quod
1528 5042 1579 5096 si
1617 5044 1788 5098 ccelos
1829 5052 1883 5100 et
1923 5053 2084 5101 teme

499 5138 746 5187 extrema
793 5131 1025 5202 repleat,
1055 5131 1164 5186 hoc
1207 5141 1291 5187 est
1321 5131 1552 5200 inferos,
1594 5136 1689 5205 qui
1735 5151 1845 5190 non
1882 5136 2081 5192 absur-

500 5224 791 5278 dissimum
818 5226 890 5280 sit
915 5223 1432 5295 comprehensionis
1461 5241 1657 5283 nomen
1705 5229 1755 5282 ei
1803 5228 2079 5301 afﬁngere,

499 5327 626 5366 cum
658 5329 834 5383 neque
863 5317 1004 5386 apud
1030 5332 1090 5372 se
1122 5318 1386 5387 cogitent,
1418 5317 1570 5386 quod
1622 5320 1668 5375 si
1709 5320 1879 5398 facies
1932 5323 2078 5392 ejus,

501 5402 556 5459 id
581 5412 667 5460 est
700 5403 938 5474 Spiritus
968 5408 1186 5478 (faciem
1237 5410 1446 5481 quippe
1481 5408 1604 5465 Filii
1653 5411 1921 5482 Spiritum
1978 5433 2076 5471 vo-

501 5495 634 5563 cat),
677 5493 866 5562 implet
910 5499 1137 5563 omnia,
1186 5500 1462 5569 quomodo
1518 5500 1635 5570 ipse
1681 5505 2076 5574 continebitur,

502 5583 631 5640 licet
665 5599 695 5638 a
737 5583 849 5641 Deo
892 5596 947 5640 et
983 5587 1144 5645 Patre
1183 5592 1456 5647 contineri
1489 5592 1753 5647 dicatur?
1782 5594 1895 5652 Nec
1931 5601 2078 5657 enim

577 5761 596 5788 ⁶
651 5763 810 5821 Joan.
849 5782 943 5823 vut
971 5807 984 5825 .
1030 5768 1120 5823 ‘25.
1194 5770 1212 5799 ⁷
1244 5766 1388 5824 Psal.
1415 5786 1675 5837 cxxxvm,
1715 5774 1860 5830 7-H).

2185 4584 2274 4638 διὰ
2320 4583 2510 4636 τούτου
2564 4576 3025 4650 προσμαρτυρῶν,
3059 4574 3157 4628 καὶ
3202 4574 3284 4627 ὅτι
3317 4572 3392 4643 μὴ
3435 4570 3584 4641 τόπῳ
3610 4585 3774 4641 περι-

2185 4676 2407 4747 ληπτὸς,
2447 4673 2524 4738 ὡς
2578 4672 2733 4737 Θεός.
2773 4690 2792 4723 ι
2827 4669 2937 4725 Ποῦ
2982 4667 3093 4739 7&9
3133 4664 3406 4739 πορευθῶ,
3440 4663 3623 4734 φησὶν,
3654 4660 3772 4715 ἀπὸ

2186 4768 2280 4821 τοῦ
2304 4765 2624 4837 Πνεύματός
2658 4779 2777 4829 σου;
2802 4762 2897 4816 καὶ
2940 4758 3049 4813 ἀπὸ
3077 4757 3173 4811 τοῦ
3202 4753 3500 4828 προσώπου
3530 4768 3625 4806 σου
3657 4749 3771 4805 ποῦ

2188 4861 2383 4931 φύγω;
2430 4860 2557 4912 Ἐὰν
2588 4855 2776 4911 άναϐῶ
2813 4854 2895 4914 εἰς
2922 4851 3012 4905 τὸν
3052 4848 3302 4921 οὐρανὸν,
3328 4847 3394 4899 σὺ
3426 4841 3479 4899 εἴ
3508 4844 3643 4907 ἐκεῖ,
3668 4841 3772 4896 ἐὰν

2187 4951 2410 5006 καταϐῶ
2428 4952 2509 5014 εἰς
2533 4949 2625 5003 τὸν
2652 4946 2806 5018 ᾅδην,
2822 4943 2988 5014 πάρει
3004 4958 3020 4973 ο
3042 4940 3136 4996 ἐὰν
3159 4936 3415 4994 ἀναλάϐω
3438 4935 3539 4999 τὰς
3565 4934 3773 5004 πτέρυ-

2185 5046 2288 5114 γάς
2330 5060 2433 5115 μου
2477 5043 2599 5095 κατ’
2630 5038 2847 5110 ὄρθρον,
2879 5035 2974 5088 καὶ
3021 5029 3272 5104 πορευθῶ
3319 5030 3402 5091 είς
3452 5024 3523 5080 τὰ
3561 5024 3771 5095 ἔσχατα

2184 5137 2283 5209 τῆς
2314 5134 2612 5205 θαλάσσης,
2635 5131 2732 5185 καὶ
2762 5128 2870 5200 7&9
2893 5128 3011 5181 ἐκεῖ
3040 5126 3073 5196 ή
3108 5124 3231 5195 χείρ
3258 5137 3351 5174 σου
3374 5119 3636 5191 ὁδηγήσει
3677 5135 3771 5189 με,

2185 5230 2278 5282 καὶ
2329 5225 2545 5291 καθέξει
2605 5241 2669 5295 με
2717 5224 2750 5293 ὴ
2807 5219 2957 5286 δεξιά
3003 5232 3118 5271 σου.
3164 5235 3183 5269 ι
3234 5210 3652 5282 Ῥιψοκινδύνως
3713 5209 3773 5261 δὲ

2185 5316 2351 5386 οὗτοι,
2391 5321 2485 5375 καὶ
2529 5320 2649 5382 ταῖς
2688 5315 2780 5370 τοῦ
2815 5313 3130 5384 Πνεύματος
3166 5310 3370 5379 φωναῖς
3422 5306 3520 5375 τὴν
3556 5302 3767 5356 ἑαυτῶι

2188 5414 2569 5481 ἀντεξάγοντες
2599 5407 2845 5477 γνώμην,
2874 5400 3085 5475 ὁρισμῷ
3116 5402 3208 5453 καὶ
3236 5394 3606 5470 περιγραφαῖς
3633 5393 3773 5444 ὐπο-

2189 5504 2446 5560 ϐάλλουσι
2480 5500 2571 5554 τὸν
2602 5496 2905 5567 Μονογενῆ,
2940 5493 3119 5548 καίτοι
3154 5488 3416 5558 λογισμὸν
3456 5482 3775 5552 ὀφείλοντες

2189 5597 2281 5651 ἐπὶ
2306 5595 2479 5665 τούτῳ
2506 5591 2689 5646 λαϐεῖν
2719 5586 3012 5657 ἀναγκαῖόν
3044 5603 3101 5639 τε
3130 5583 3223 5637 καὶ
3246 5581 3536 5653 χρήσιμον.
3570 5574 3637 5631 Et
3660 5572 3775 5647 γὰρ
