4042 6204
209 351 316 409 221

1319 353 1386 409 lN
1415 353 1702 410 JOANNIS
1736 351 2189 414 EVANGELIUM
2224 358 2355 412 LIB.
2393 357 2488 412 ιχ.

3376 359 3489 418 222

213 468 553 540 πεπλήρωκε
602 467 704 539 μὶν
742 467 1025 537 οὐρανοὺς,
1056 467 1151 520 καὶ
1188 466 1258 522 τά
1305 467 1508 539 ἔσχατα
1552 469 1653 538 τῆς
1680 466 1805 537 γῆς,

1910 469 2094 527 minus
2118 472 2226 527 erit
2254 464 2666 526 incommodfsi
2696 467 2843 523 dicat
2882 467 3263 525 circumscribi
3300 473 3488 529 incor-

218 558 363 615 τοῦτ’
397 558 535 624 ἐστι,
569 557 642 612 τὰ
666 558 751 623 είς
784 559 876 612 τὸν
893 558 1028 630 ᾅδην
1047 576 1063 591 ο
1084 558 1204 623 πῶς
1235 561 1301 615 οὐ
1331 560 1540 631 σφόδρα
1560 559 1804 631 παραλο-

214 649 461 721 γώτατον
484 649 547 702 τὸ
585 652 852 721 περιοχῆς
882 650 1057 721 ὄνομα
1096 650 1434 721 προσάπτειν
1472 649 1642 721 αὐτῷ,
1670 648 1807 720 μηδὲ

214 747 398 799 ἐκεῖνο
427 743 841 814 λογισαμένους,
864 744 946 797 ὅτι
968 743 1016 795 εί
1040 743 1104 796 τὸ
1134 744 1427 814 πρόσωπον
1446 741 1636 806 αὐτοῦ,
1660 740 1808 795 τοῦτ’

216 837 361 901 ἐστι,
395 836 458 890 τὸ
490 835 716 906 Πνεῦμα
759 836 1075 906 (πρόσωπον
1103 835 1214 906 γὰρ
1259 836 1353 889 τοῦ
1392 835 1523 888 Υίοῦ
1557 833 1715 890 καλεῖ
1743 834 1806 888 τὸ

218 927 471 999 Πνεῦμα)
492 929 571 991 ,τά
616 928 797 982 πάντα
839 928 1059 1000 πληροῖ,
1088 927 1208 991 πῶς
1239 928 1305 981 ἀν
1355 927 1519 990 αὐτὸς
1552 927 1685 981 εῑσω
1710 925 1807 994 γέ-

221 1037 365 1091 νοιτο
402 1020 687 1091 περιοχῆς,
712 1019 818 1073 κᾶν
848 1019 1002 1091 λέγῃ,
1034 1021 1119 1073 ὅτι
1148 1019 1409 1090 περιοχῆς
1426 1020 1522 1071 τοῦ
1549 1016 1685 1071 Θεοῦ
1711 1017 1807 1071 καί⁸

224 1112 473 1184 Πατρόςς
516 1112 656 1165 Ἀλλ’
694 1114 847 1166 οὐδὲν
907 1107 1070 1184 ἦττον
1124 1111 1303 1182 ὑϐριεῖ
1356 1111 1700 1183 περιγράψας
1745 1109 1808 1163 τὸ

220 1203 534 1274 ἀσώματον.
564 1204 658 1256 καὶ
696 1207 880 1274 μέτρῳ
931 1203 1235 1274 περιτιθεὶς
1265 1203 1326 1256 τὸ
1356 1203 1458 1257 οὐκ
1486 1202 1546 1256 ὃν
1575 1219 1809 1274 πεπερα-

224 1294 458 1364 σμένως.
484 1293 559 1346 Τὸ
606 1292 716 1363 γάρ
747 1292 1020 1356 οὐσιωδῶς
1045 1291 1209 1345 αὐτὸν
1237 1291 1590 1362 περιέχεσθαι
1624 1291 1805 1359 λέγειν

221 1384 327 1437 ὑπὸ
363 1383 461 1436 τοῦ
490 1383 624 1436 Θεοῦ
659 1384 754 1436 καὶ
788 1384 1022 1457 Πατρὸς,
1049 1383 1104 1436 τί
1149 1382 1337 1453 ἕτερόν
1364 1383 1478 1435 ἐστι
1521 1381 1803 1452 δηλοῦν,ἢ

218 1478 302 1530 ὅτι
347 1475 774 1547 πεπερασμένην
806 1476 919 1547 ἔχει
962 1475 1061 1545 τὴν
1088 1475 1302 1538 οὐσίαν,
1327 1473 1518 1545 ὥσπερ
1542 1470 1637 1527 οὖν
1665 1474 1806 1544 ἀμέ-

219 1569 303 1622 λει
330 1568 425 1622 καὶ
451 1568 510 1621 ἒν
539 1568 773 1622 ἕκαστον
798 1568 906 1622 τῶν
936 1570 1066 1641 παρ’
1101 1567 1265 1622 αὑτοῦ
1297 1568 1616 1639 γεγονότων,
1643 1563 1679 1619 ἃ
1711 1565 1806 1619 καὶ

218 1660 519 1723 ἀκινδύνως
554 1678 620 1714 τε
644 1663 738 1716 καὶ
769 1661 988 1733 ἀληθῶς
1016 1662 1368 1734 περιέχεσθαι
1395 1660 1659 1732 δώσομεν.
1690 1657 1806 1711 Σώ-

222 1767 369 1821 ματα
395 1751 525 1821 γὰρ,
557 1753 606 1805 εἰ
654 1751 743 1804 καλ
780 1751 856 1822 μὴ
884 1751 1111 1806 τοιαῦτα
1140 1751 1324 1822 τυχὸν,
1353 1754 1513 1806 ὁποῖα
1554 1750 1623 1803 τὰ
1662 1749 1803 1821 ὴμέ-

1912 576 2163 631 poreum,
2184 572 2239 619 ct
2261 576 2534 618 mensurae
2559 560 2820 629 subjiciat
2854 560 3000 630 quod
3034 571 3186 616 caret
3219 564 3480 618 termino.

1912 653 2104 709 Dicere
2135 654 2281 709 enim
2316 652 2760 709 substantialiter
2790 652 2970 721 ipsum
3005 666 3036 706 a
3082 651 3192 706 Deo
3223 660 3277 707 et
3329 649 3490 708 Patre

1909 745 2204 811 contineri,
2243 745 2376 817 quid
2422 745 2525 800 sibi
2570 744 2685 799 vult
2719 742 2890 809 aliud,
2921 757 3084 813 quam
3133 743 3485 800 terminatam

1910 838 2113 893 habere
2157 837 2545 899 substantiam.
2592 852 2703 891 non
2753 852 2915 892 secus
2948 852 3012 892 ac
3053 837 3489 907 unumquodque

1907 942 2100 981 corum
2149 942 2271 996 qua:
2311 926 2455 980 facta
2506 934 2636 981 sunt
2667 927 2734 979 ab
2782 926 2921 995 ipso,
2966 941 3087 997 quae
3116 934 3237 980 tuto
3264 941 3330 979 ac
3360 940 3488 979 vere

1908 1019 2179 1074 contineri
2213 1017 2548 1073 fatebimur?
2580 1018 2826 1087 Corp‘ora
2855 1018 3000 1071 enim
3031 1025 3182 1079 sunt,
3217 1018 3344 1071 licet
3374 1032 3486 1072 non

1908 1110 2038 1164 talia
2076 1109 2260 1164 forsan
2291 1108 2473 1177 qualia
2526 1118 2716 1163 nostra
2759 1115 2910 1163 sunt.
2945 1105 3056 1162 Sed
3084 1113 3137 1161 et
3178 1108 3313 1162 illud
3351 1106 3486 1159 mihi

1909 1208 2175 1271 praeterea
2205 1198 2373 1254 subit.
2410 1197 2568 1264 Quod
2610 1198 2655 1253 si
2698 1213 2926 1253 necesse
2953 1198 3206 1254 dicamus
3244 1208 3305 1253 ut
3337 1196 3487 1267 quod

1909 1291 1979 1345 ab
2014 1289 2199 1359 aliquo
2224 1287 2560 1351 continetur,
2593 1289 2818 1343 omnino
2849 1290 2995 1344 intra
3028 1288 3161 1343 illud
3195 1290 3268 1345 sit
3310 1304 3341 1343 a
3376 1303 3487 1359 quo

1908 1379 2181 1435 contineri
2208 1378 2432 1443 dicitur,
2465 1382 2743 1449 quomodo
2768 1394 2877 1433 non
2904 1378 3198 1435 manifeste
3222 1387 3489 1448 sequetur

1908 1477 1970 1526 ut
1996 1472 2288 1527 continens
2320 1470 2503 1525 minus
2522 1486 2645 1526 esse
2679 1478 2939 1526 contento
2970 1479 3245 1541 putemus,
3273 1472 3487 1543 ipsum-

1907 1578 2013 1632 que
2052 1563 2401 1616 terminatum
2455 1577 2580 1616 esse
2629 1563 2856 1632 majoris
2890 1562 3297 1631 quodammodo
3329 1579 3488 1617 com-

1907 1652 2160 1721 plexione
2185 1652 2474 1706 dicamus?
2497 1650 2638 1716 Quid
2669 1666 2801 1721 ergo
2828 1666 3025 1707 rursus
3054 1652 3230 1716 dices,
3265 1668 3298 1707 ο
3322 1652 3489 1708 bone?

1909 1741 2050 1798 Ecce
2076 1742 2244 1805 enim,
2278 1757 2406 1796 cum
2457 1757 2516 1798 se
2565 1740 2659 1797 Dei
2706 1757 2770 1796 ac
2803 1742 2982 1797 Patris
3007 1743 3267 1797 exhibeat
3292 1744 3489 1812 imagi-

216 1862 373 1917 τερα.
404 1846 624 1898 Ἔπεισι
652 1844 711 1897 δέ
763 1861 853 1915 μοι
879 1846 1101 1898 κάκεῖνο
1151 1846 1291 1918 πρὸς
1333 1845 1546 1908 τούτοις
1579 1844 1801 1897 ἐννοεῖν.

1910 1852 2051 1904 nem,
2076 1845 2130 1892 et
2164 1848 2351 1908 aperte
2381 1837 2532 1892 dicat
2561 1854 2575 1889 :
2615 1856 2634 1888 ι
2664 1836 2768 1903 Qui
2802 1838 2956 1892 videt
2988 1852 3094 1902 me,
3131 1838 3280 1892 videt
3306 1843 3361 1891 et
3385 1837 3487 1890 Pa-

214 1935 282 1989 Εί
329 1935 438 2006 γὰρ
485 1936 783 2003 ἀναγκαῖον
818 1929 957 1988 εἷναί
1002 1952 1183 2007 φαμεν
1226 1938 1289 1989 τὸ
1340 1936 1445 1989 ὑπό
1475 1952 1568 1988 του
1608 1950 1809 2006 περιει-

213 2025 521 2098 λημμένον,
551 2026 684 2079 εἵσω
739 2026 805 2097 δὴ
863 2027 1080 2080 κεῖσθαι
1128 2027 1350 2091 πάντως
1391 2026 1487 2081 τοῦ
1532 2025 1807 2098 περιέχειν

214 2117 351 2170 αὐτὸ
374 2114 692 2184 λεγομένου,
717 2114 838 2179 πῶς
865 2118 965 2168 οὐκ
1007 2116 1399 2187 ἀναμφιλόγως
1442 2114 1634 2184 ἕψεται
1662 2114 1722 2167 τὸ
1749 2114 1807 2166 ἐν

212 2207 495 2261 ἐλάττοσιν
512 2202 655 2260 εἶναι
671 2209 814 2261 νοεῖν
834 2206 928 2260 τοῦ
950 2208 1296 2279 περιέχοντος
1314 2209 1374 2261 τὸ
1398 2208 1802 2279 περιεχόμενον,

211 2300 307 2351 καί⁵
336 2298 764 2370 πεπερατῶσθαι
795 2300 975 2369 λέγειν
1009 2300 1163 2365 αὐτὸ,
1197 2300 1657 2370 κατακλειόμενον
1695 2297 1806 2351 ὦσ-

210 2406 321 2461 περ
349 2393 417 2461 τῇ
444 2390 539 2445 τοῦ
591 2392 840 2462 μείζονος
899 2395 1161 2464 περιοχῇ;
1191 2392 1257 2445 Τί
1306 2390 1418 2453 οὖν,
1448 2386 1493 2445 ὧ
1539 2391 1801 2460 βέλτιστε,

209 2484 379 2536 πάλιν
416 2486 601 2556 ὲρεῖς;
652 2485 784 2539 Ἰδοὺ
815 2485 927 2557 γὰρ
954 2486 1139 2539 είκόνα
1171 2485 1267 2538 τοῦ
1296 2485 1431 2538 Θεοῦ
1465 2485 1558 2538 καὶ
1592 2483 1806 2553 [ἰατρὸς

205 2575 412 2629 ἑαυτὸν
447 2575 733 2645 παραθεὶς,
766 2579 861 2631 καὶ
906 2578 1203 2652 διαρρήδην
1230 2577 1401 2631 εἰπών
1428 2594 1443 2608 ο
1480 2595 1501 2629 ι
1544 2577 1604 2629 '0
1631 2578 1807 2646 ἑωρα-

206 2666 323 2730 κὼς
351 2668 480 2737 ἐμὲ,
511 2666 719 2737 ἑώρακε
746 2669 836 2724 τὸν
869 2671 1112 2741 Πατέρα,
1133 2690 1153 2723 ι
1185 2670 1281 2723 καὶ
1314 2668 1475 2723 πάλιν
1501 2670 1802 2739 ἐπήνεγκεν

204 2754 406 2820 εὐθύς·
437 2776 456 2808 ι
508 2757 647 2827 Ἐγὼ
668 2762 729 2811 ἐν
763 2759 842 2830 τῷ
868 2760 1066 2833 Πατρὶ,
1094 2760 1190 2816 καὶ
1221 2762 1250 2814 6
1277 2760 1470 2832 Πατὴρ
1490 2760 1548 2814 δὲ
1575 2762 1634 2813 ὲν
1681 2758 1805 2830 ἐμοί

205 2850 385 2905 ἔστιν.
422 2869 441 2902 ι
472 2851 535 2904 Εἰ
577 2850 689 2923 γὰρ
738 2852 900 2905 τοῦτό
949 2869 1085 2922 φησι
1138 2852 1262 2907 καθ’
1295 2854 1459 2924 ὑμᾶς,
1494 2854 1575 2907 ὄτι
1609 2852 1802 2906 Καίτοι

207 2942 500 3014 χαρακτὴρ
532 2944 629 2996 καὶ
665 2943 829 2997 είκὼν
856 2945 1119 3016 ὑπάρχων
1150 2944 1244 2999 τοῦ
1274 2944 1684 3023 γεγεννηκότος,
1723 2945 1807 2997 οὐ·

212 3030 425 3095 σιωδῶς
465 3033 557 3085 ὑπ’
588 3033 757 3087 αὑτοῦ
812 3035 1165 3106 περιέχομαι,
1203 3034 1321 3100 πῶς
1347 3037 1446 3107 οὐχ
1469 3035 1671 3089 ἅπασιν
1712 3035 1804 3086 ἀν-

209 3123 546 3193 αμφίλογον,
573 3126 659 3178 ὅτι
697 3126 950 3189 τοιαύτας
980 3129 1130 3198 ἡμᾶς
1155 3129 1366 3193 ἐννοίας
1386 3127 1531 3199 ἔχειν
1560 3127 1802 3200 περὶτοῦ

211 3213 431 3285 Πατρὸς
462 3214 749 3286 βούλεται,
782 3220 1086 3290 ὀποίανπερ
1133 3221 1200 3275 ἂν
1260 3221 1520 3291 λάϐοιμεν
1577 3222 1670 3274 καὶ
1717 3222 1803 3273 ἐπ’

210 3308 367 3380 αὐτῷ
390 3326 405 3375 ;
436 3310 869 3381 Πεπερατῶσθαι
894 3312 1185 3383 τοιγαροῦν
1209 3314 1423 3384 ἀνάγκη
1456 3315 1551 3367 καὶ
1578 3314 1668 3367 τὸν
1694 3315 1806 3366 Πα-

208 3399 350 3471 τέρα
376 3416 386 3432 θ
411 3401 530 3455 εστι
564 3403 678 3475 γάρ
705 3404 766 3457 ὲν
796 3402 933 3475 Υίῷ.
962 3404 1074 3458 Καὶ
1102 3405 1335 3475 ζητείτω
1388 3404 1571 3458 λοιπὸν
1600 3406 1629 3458 6
1656 3405 1805 3474 αίρεο

206 3493 388 3557 τικδς,
409 3493 539 3557 τίςό
579 3494 781 3565 μείζων
811 3494 1010 3548 αὐτοῦ’
1050 3497 1175 3566 ἐμοὶ
1201 3496 1310 3567 γὰρ
1335 3497 1396 3549 ού
1443 3495 1600 3568 θέμις
1634 3498 1806 3549 εἰπεῖν

205 3584 243 3655 ἢ
265 3586 435 3638 νοεῖν.
455 3586 532 3639 Οὐ
566 3587 676 3659 γὰρ
716 3585 822 3642 ἀνά
857 3588 1022 3660 μέρος
1070 3588 1169 3657 μὲν
1200 3588 1365 3643 είκὼν
1394 3588 1544 3642 ἔσται
1568 3588 1663 3642 τοῦ
1691 3589 1806 3642 Πα-

207 3673 339 3747 τρδς
376 3676 406 3728 6
437 3675 588 3740 Υίὸς,
616 3676 721 3730 ἀνά
750 3677 916 3751 μέρος
955 3678 1015 3733 δὲ
1042 3678 1249 3732 οὐκέτι.
1284 3679 1349 3731 El
1374 3678 1483 3750 γὰρ
1522 3679 1660 3742 ὅλως
1693 3678 1807 3749 ἔχει

204 3781 260 3819 τι
322 3765 391 3820 τὸ
450 3766 826 3837 παραλλάττον
876 3768 976 3821 καὶ
1033 3765 1372 3840 μεσολαϐοῦν
1422 3767 1523 3840 τὴν
1575 3767 1808 3822 είσάπαν

202 3857 493 3929 ὁμοίωσιν.
527 3859 691 3929 μέρος
721 3859 789 3913 ἂν
823 3860 908 3931 εἴη
937 3859 1145 3926 λοιπὸν,
1179 3861 1279 3931 οὐχ
1301 3860 1593 3932 ὁλόκληρος
1621 3860 1805 3915 εἰκών.

214 3948 393 4003 una
422 3948 526 4003 ποῦ
555 3949 716 4004 τοῦτο
731 3950 934 4016 δείξαις
960 3952 1029 4006 ἂν
1058 3952 1158 4023 τὴν
1183 3952 1346 4021 ἁγίαν
1368 3952 1636 4022 λέγουσαν
1666 3954 1810 4025 Γρα-

202 4042 359 4112 φήνς
393 4041 454 4094 οὐ
477 4040 588 4112 γὰρ
611 4041 781 4113 δήπου
806 4046 921 4107 τοῖς
951 4045 1064 4106 σοῖς
1102 4045 1570 4117 ἀναπεπεισμένοι
1602 4046 1805 4114 λόγοις,

199 4129 309 4200 τὴν
330 4128 445 4182 τῶν
470 4129 633 4200 ἱερῶν
647 4131 936 4201 δογμάτων
960 4133 1230 4205 ὀρθότητα
1260 4135 1651 4207 παρωσόμεθα.
1667 4136 1810 4190 Θαυ-

207 4221 382 4291 μάζω
440 4221 500 4275 δὲ
544 4223 697 4285 ὅπως
736 4224 797 4278 οὐ
842 4224 1160 4279 κατέδεισαν
1197 4227 1294 4279 ἐπὶ
1349 4227 1557 4292 τούτοις
1597 4231 1805 4282 εἰπεῖν’

202 4311 488 4383 Καθάπερ
513 4314 542 4366 6
579 4313 793 4377 Παῦλος
836 4314 928 4368 τὸν
961 4315 1198 4387 Χριστὸν
1240 4314 1387 4388 εἶχεν
1421 4321 1478 4372 ὲν
1499 4319 1679 4390 ἑαυτῷ
1707 4320 1807 4374 λα-

200 4401 417 4455 λοῦντα
473 4405 568 4457 καὶ
598 4404 925 4476 ἐνεργοῦντα
954 4408 1053 4472 τὰς
1085 4409 1374 4480 δυνάμεις,
1402 4412 1494 4463 τὸν
1542 4412 1705 4466 αὑτὸν
1740 4412 1803 4484 δὴ

1909 1936 2072 1991 trem,
2109 1949 2128 1981 ι
2162 1930 2352 1983 statim
2392 1945 2592 1986 rursus
2624 1930 2949 2000 subjungit:
2989 1947 3009 1981 ι
3056 1928 3168 1999 Ego
3210 1931 3263 1983 iu
3293 1928 3483 1993 Patre,

1907 2026 1962 2074 et
1998 2019 2163 2075 Pater
2198 2020 2254 2074 in
2300 2036 2386 2075 me
2431 2031 2535 2076 est.
2590 2040 2609 2073 ι
2653 2019 2788 2074 Nam
2837 2021 2906 2085 si,
2950 2028 3008 2074 ut
3028 2021 3215 2083 vultis,
3264 2020 3343 2074 ait
3389 2035 3476 2085 se,

1908 2111 2159 2180 quamvis
2212 2110 2501 2166 character
2540 2120 2592 2166 et
2634 2112 2816 2182 imago
2855 2112 2928 2166 sit
2979 2109 3184 2175 Patris,
3223 2111 3489 2165 substan-

1908 2203 2112 2257 tialiter
2157 2214 2340 2258 tamen
2385 2204 2455 2257 ab
2501 2219 2568 2258 eo
2623 2203 2916 2267 contineri,
2943 2202 3195 2272 nunquid
3258 2199 3491 2254 manife-

1908 2305 2053 2350 stum
2085 2304 2140 2351 et
2169 2297 2540 2351 indubitatum
2572 2303 2658 2351 est
2687 2296 2969 2361 omnibus,
3007 2295 3149 2350 velle
3189 2300 3250 2347 ut
3284 2294 3392 2347 alia
3422 2290 3492 2345 de

1906 2387 2069 2443 Patre
2095 2391 2279 2459 qualia
2305 2396 2359 2444 et
2393 2389 2461 2443 de
2500 2389 2623 2457 ipso
2651 2386 3006 2442 sentiamus?
3038 2384 3278 2438 Fiuitum
3321 2383 3490 2452 igitur

1906 2498 2029 2541 esse
2059 2495 2280 2554 quoque
2329 2478 2498 2548 788
2538 2476 2756 2531 Patrem
2797 2484 3061 2546 oportet:
3102 2485 3189 2530 est
3233 2474 3380 2529 enim
3433 2473 3486 2525 in

1906 2575 2066 2629 Filio.
2098 2572 2320 2638 Quaerat
2349 2570 2530 2638 itaque
2559 2567 2783 2622 demum
2813 2567 3109 2622 litercticus
3143 2564 3270 2635 quis
3313 2563 3492 2631 major

1905 2681 1969 2720 eo
2006 2666 2113 2719 sit:
2150 2679 2260 2717 non
2297 2661 2442 2716 enim
2474 2660 2717 2731 cogitare
2744 2668 2840 2712 aut
2863 2658 3050 2713 dicere
3100 2656 3185 2712 fas
3212 2655 3347 2728 mihi
3380 2663 3488 2715 est.

1906 2774 2007 2811 nec
2042 2756 2186 2811 enim
2226 2752 2427 2824 partim
2464 2752 2686 2822 quidem
2734 2750 2915 2805 Patris
2946 2750 3053 2804 erit
3083 2750 3264 2818 imago
3291 2745 3489 2809 Filius,

1907 2850 2106 2920 partim
2141 2863 2276 2903 vero
2304 2861 2417 2901 non
2453 2846 2581 2900 erit.
2625 2843 2761 2898 Nam
2814 2843 2862 2897 si
2906 2842 3134 2896 omnino
3186 2841 3350 2894 habet
3390 2838 3494 2892 ali-

1904 2940 2035 3011 quid
2068 2939 2215 3010 quod
2265 2935 2720 3009 perfectissimam
2769 2932 3196 2994 similitudinem
3244 2930 3491 2993 dirimat,

1905 3049 2014 3089 non
2062 3033 2168 3088 erit
2210 3030 2458 3101 perfecta
2500 3035 2554 3083 et
2603 3025 2781 3082 solida
2815 3026 3018 3096 imago.
3053 3028 3125 3078 At
3173 3023 3399 3078 ubinam
3437 3021 3492 3075 id

1907 3127 1962 3181 in
1994 3124 2172 3180 sacris
2201 3122 2428 3177 Litteris
2452 3119 2742 3190 reperies?
2772 3132 2876 3172 nec
2899 3118 3045 3171 enim
3078 3117 3187 3171 tuis
3219 3113 3494 3170 sermoni-

1910 3218 2012 3272 bus
2045 3213 2293 3285 persuasi
2328 3219 2537 3266 rectam
2562 3224 2853 3264 sacrorum
2874 3208 3197 3278 dogmatum
3215 3208 3490 3259 rationem

1906 3306 2245 3375 rejiciemus.
2278 3302 2417 3355 Illud
2462 3300 2650 3353 mirari
2695 3299 2867 3363 subit,
2897 3297 3177 3367 quomodo
3217 3295 3493 3362 subjicere

1907 3399 2028 3453 ausi
2059 3397 2210 3452 sint:
2246 3391 2719 3461 Quemadmodum
2744 3389 2952 3445 Paulus
2989 3389 3270 3444 Christum
3324 3385 3494 3441 habe-

1907 3493 2002 3547 bat
2052 3491 2107 3544 in
2157 3488 2344 3557 seipse
2393 3487 2707 3553 loquentem
2757 3490 2813 3538 et
2857 3482 3097 3536 virtutes
3142 3488 3493 3550 operantem,

1905 3580 2097 3638 eodem
2127 3579 2291 3634 modo
2324 3585 2378 3633 et
2408 3575 2585 3631 Filius
2616 3574 2834 3630 Patrem
2872 3576 3185 3643 loquentem
3235 3580 3292 3626 et
3333 3571 3494 3640 signa

1906 3675 2158 3731 edentem
2209 3670 2451 3726 habebat
2486 3668 2543 3723 in
2587 3669 2793 3739 seipse.
2848 3666 3007 3722 Unde
3046 3666 3165 3720 ait:
3212 3683 3232 3715 ι
3271 3662 3496 3720 Credite

1907 3767 2035 3840 quia
2059 3781 2161 3837 ego
2192 3765 2246 3819 in
2281 3763 2464 3827 Patre,
2499 3774 2552 3819 et
2577 3762 2739 3816 Pater
2769 3763 2825 3816 in
2860 3777 2950 3816 me
2981 3767 3088 3825 est,
3119 3757 3324 3825 alioqui
3355 3769 3485 3825 pro-

1910 3868 2034 3931 pter
2068 3871 2237 3929 opera
2280 3857 2401 3927 ipsa
2445 3855 2677 3910 credite.
2735 3872 2752 3905 ι
2786 3851 2989 3908 Verum
3042 3850 3168 3920 quis
3218 3846 3495 3902 Christia-

1909 3967 2042 4008 num
2081 3950 2429 4020 nuncupabit
2460 3948 2613 4001 illum
2673 3947 2770 4017 qui
2804 3947 2939 4000 talia
2976 3947 3045 3999 de
3095 3942 3328 3997 Christo
3360 3954 3493 3995 scn-

1910 4046 2011 4100 tiat
2042 4058 2108 4098 ac
2153 4044 2415 4112 loquatur
2440 4040 2465 4093 ?
2494 4038 2635 4094 Ecce
2663 4038 2833 4101 enim,
2860 4052 2992 4092 ecce
3027 4049 3138 4090 non
3164 4034 3276 4104 jam
3312 4033 3492 4102 ipsum

1909 4151 2036 4191 vere
2069 4134 2240 4190 Deum
2280 4133 2440 4195 dicit,
2484 4132 2583 4188 sed
2617 4129 2892 4201 praecipiti
2948 4129 3178 4183 audacia
3232 4126 3494 4196 afﬁngens

1908 4229 1959 4284 ei
1999 4226 2149 4298 quod
2191 4226 2470 4281 creaturis
2524 4222 2786 4277 convenit
2813 4263 2825 4281 .
2879 4220 3148 4276 deil‘erum
3193 4217 3496 4288 quemdam

1911 4320 2123 4389 Deique
2155 4316 2505 4387 participem,
2530 4316 2647 4369 sive
2676 4329 2742 4369 ex
2780 4311 2895 4368 Deo
2937 4318 3291 4382 procreatum
3324 4309 3492 4363 Deum

1913 4410 2194 4483 praedicat.
2236 4408 2298 4462 Ei
2327 4410 2533 4479 quippe
2564 4407 2915 4477 propositum
2953 4413 3038 4460 est
3085 4405 3236 4458 omni
3277 4403 3497 4457 ratione

197 4494 422 4564 τρόπον
447 4495 541 4548 καὶ
578 4499 608 4550 ό
644 4497 772 4561 Υἱὸς
814 4498 905 4551 τὸν
933 4499 1156 4568 Πατέρα
1178 4500 1447 4556 λαλοῦντα
1469 4543 1484 4567 ,
1503 4504 1599 4556 καὶ
1618 4503 1688 4557 τά
1719 4520 1805 4575 πη·

1918 4520 1983 4561 ae
2015 4501 2183 4557 modo
2226 4517 2257 4555 a
2307 4500 2401 4556 Dei
2442 4516 2505 4555 ac
2538 4498 2717 4554 Patris
2746 4497 3060 4553 substantia
3102 4509 3334 4566 prorsus
3369 4511 3495 4549 cum

206 4588 350 4657 μετα
375 4587 630 4643 ποιοῦντα
660 4585 808 4661 εἶχεν
830 4594 887 4647 ὲν
914 4593 1114 4664 ἐαυτῷ.
1133 4593 1224 4647 Διό
1245 4611 1378 4664 φησι
1394 4611 1407 4625 ⁶
1441 4612 1459 4645 t
1490 4595 1803 4661 Πιστεύετε,

197 4677 295 4731 ὅτι
320 4675 437 4745 ἐγὼ
462 4679 519 4732 ὲν
549 4678 629 4751 τῷ
662 4682 857 4753 Πατρὶ,
894 4684 990 4737 καὶ
1015 4687 1044 4737 6
1072 4684 1261 4755 Πατὴρ
1293 4684 1349 4739 δὲ
1387 4686 1446 4738 ὲν
1476 4687 1622 4756 ὲμοί.
1642 4678 1721 4740 Ἐί
1748 4687 1805 4740 δὲ

202 4769 312 4842 μὴ,
332 4769 427 4824 διὰ
453 4770 522 4825 τά
560 4771 701 4843 ἔργα
739 4776 881 4829 αὐτὰ
920 4775 1207 4830 πιστεύετέ
1239 4794 1348 4847 μοι.
1384 4795 1402 4828 ι
1451 4774 1583 4831 Εἶτα
1614 4777 1697 4842 τίς
1725 4778 1806 4832 ἔτι

193 4864 546 4929 Χριστιανὸν
570 4870 831 4938 προσερεῖ
858 4866 953 4921 τὸν
973 4867 1115 4922 οὕτω
1145 4868 1541 4940 διεσκεμμένον
1579 4870 1675 4923 καὶ
1710 4887 1807 4940 πετ

188 4954 532 5026 φρονηκότα
591 4959 721 5029 περὶ
779 4958 1072 5030 Χριστοῦ;

193 5046 374 5116 μάλα
400 5047 607 5116 σαφῶς,
634 5049 767 5104 Θεὸν
803 5052 903 5123 μὲν
933 5053 1097 5107 αὐτὸν
1133 5054 1317 5107 οὐκέτι
1358 5056 1522 5127 φησὶν
1554 5055 1770 5126 ἀληθῶς
1789 5073 1804 5088 ·

189 5138 613 5210 ῥιψοκινδύνως
641 5142 699 5196 δὲ
741 5144 989 5214 περιθεὶς
1031 5147 1098 5200 τὸ
1146 5149 1359 5218 πρέπον
1398 5150 1512 5212 τοῖς
1544 5149 1806 5218 κτίσμασι

191 5230 423 5301 μέτρον
442 5230 884 5304 αὐτῷ,6εοφόρον
917 5238 1037 5292 τινὰ
1077 5238 1172 5291 καὶ
1197 5239 1331 5291 Θεοῦ
1359 5238 1606 5310 μέτοχον,
1639 5240 1808 5311 ἤγουν

188 5326 272 5377 ιιι
312 5321 459 5376 Θεοῦ
487 5326 816 5396 γεννηθέντα
868 5329 1002 5384 Θεὸν
1033 5332 1312 5403 κηρύττει.
1339 5334 1553 5397 ’Σκοπὸς
1581 5334 1689 5405 γὰρ
1709 5334 1807 5388 αὐ-

190 5414 287 5486 τῷ
324 5413 423 5469 διὰ
450 5416 758 5483 παντὺς,ὡς
790 5420 920 5485 ἔπος
946 5424 1141 5490 εἰπεῖν,
1173 5425 1378 5496 τρόπου
1405 5425 1498 5480 καὶ
1526 5425 1685 5494 λόγου
1711 5426 1811 5495 τῆς

195 5505 411 5569 οὐσίας
465 5506 565 5561 τοῦ
603 5508 741 5562 Θεοῦ
791 5514 886 5566 καὶ
931 5515 1146 5586 Πατρὸς
1190 5517 1469 5582 παντελῶς
1524 5518 1810 5590 ἀπείργειν

204 5598 385 5653 αὐτὸν
411 5638 428 5665 ,
466 5600 563 5655 καὶ
600 5603 833 5659 εἰσάπαν
863 5607 1158 5680 ἀποτεμεῖν
1189 5610 1291 5681 τῆς
1338 5611 1574 5683 φυσικῆς
1600 5612 1695 5667 καὶ
1716 5614 1807 5667 ού-

288 5790 312 5822 ⁶
341 5784 549 5845 Jerem.
580 5807 656 5859 Ix,
688 5792 743 5847 ί.

1133 4960 1275 5014 Ἰδοὺ
1330 4937 1475 5033 ἐτὰρ,
1520 4962 1667 5026 ιδυδ,
1712 4937 1809 5017 και

1912 4597 2232 4662 excludere,
2272 4604 2328 4648 et
2375 4608 2407 4647 a
2462 4591 2708 4646 naturali
2755 4598 2922 4660 atque
2967 4588 3321 4645 substantiali
3370 4601 3498 4656 pro-

1908 4693 2149 4766 prietate
2177 4703 2343 4760 quam
2386 4702 2510 4741 cum
2548 4699 2652 4741 suo
2680 4683 2847 4739 Patre
2875 4699 2942 4737 ac
2975 4683 3085 4739 Deo
3122 4683 3308 4747 habet,
3342 4697 3500 4752 pror-

1913 4802 2009 4842 sus
2054 4795 2330 4839 resecare.
2372 4779 2441 4832 At
2497 4777 2652 4845 quid,
2683 4791 2897 4847 quaso,
2925 4774 3013 4830 his
3052 4773 3335 4843 stupidius
3371 4787 3496 4826 esse

1910 4874 2140 4949 potest?
2181 4882 2276 4927 aut
2315 4869 2598 4941 quomodo
2638 4883 2748 4922 non
2781 4868 2933 4921 velut
2983 4865 3219 4920 mortuis
3265 4867 3377 4933 jam
3432 4876 3497 4914 ac

1910 4967 2141 5042 perditis
2181 4962 2642 5035 illarrymaveris,
2669 4961 2765 5031 qui
2800 4967 2911 5013 tam
2947 4957 3213 5013 ell‘reuato
3242 4970 3408 5009 cursu
3441 4954 3496 5005 in

1909 5061 2247 5131 impietatem
2296 5054 2672 5127 praecipitant,
2729 5062 2785 5106 et
2838 5059 3148 5120 opportune
3195 5046 3496 5101 admodum

1910 5153 2100 5209 dices:
2142 5169 2160 5201 ι
2199 5147 2335 5214 Quis
2390 5145 2547 5199 dabit
2587 5144 2752 5215 capiti
2788 5157 2912 5198 meo
2944 5156 3169 5211 aquam,
3219 5146 3273 5191 et
3313 5136 3497 5192 oculis

1914 5245 2052 5299 meis
2095 5241 2300 5296 fontem
2345 5238 2740 5308 lacrymarum,
2789 5241 2843 5289 et
2880 5231 3109 5303 plorabo
3147 5230 3238 5286 die
3277 5244 3343 5284 ac
3393 5244 3498 5283 no-

1917 5345 2003 5390 cte
2025 5336 2086 5387 8?
2119 5353 2135 5385 ι
2168 5331 2248 5388 0b
2277 5331 2476 5385 horum
2507 5328 2656 5383 enim
2688 5325 3099 5380 contumaciam
3147 5339 3258 5378 non
3299 5324 3498 5378 immc-

1918 5428 2024 5481 rito
2044 5424 2173 5496 quis
2195 5436 2448 5493 magnam
2477 5419 2848 5489 lacrymarum
2884 5416 2993 5469 vim
3019 5416 3350 5485 profuderit.
3389 5411 3499 5469 Sed

1918 5522 2181 5591 quoniam
2241 5514 2498 5571 veritatis
2561 5509 2836 5583 dogmatis
2897 5510 3131 5566 illorum
3162 5509 3494 5573 calumnias,

1918 5625 2144 5687 propter
2174 5608 2580 5682 simpliciorum
2614 5605 2937 5673 utilitatem,
2971 5602 3357 5662 retundendas
3403 5616 3498 5656 ar—
