4042 6204
530 290 639 346 223
1537 290 1595 346 S.
1628 289 1896 347 CYRIILI
1937 290 2402 348 ALEXANDRINI
2444 297 2758 354 ARCIIIEP.

535 411 732 475 bitror,
765 425 885 483 age,
919 426 1116 468 rursus
1154 409 1289 467 illud
1310 411 1392 469 eis
1424 410 1673 467 dicamus
1725 427 1830 468 nos
1870 413 1987 467 zelo
2022 427 2112 468 ze-

2241 415 2442 481 rttb6ou;
2465 419 2794 491 οἰκειότητος
2829 415 3019 492 ἧςέχει
3062 423 3197 493 πρὶς
3225 421 3316 475 τὸν
3352 421 3548 476 ἑαυτοῦ
3585 426 3801 492 Πατέρα

536 505 679 560 lasse
709 503 963 560 Domino.

3699 302 3804 362 εΣΞοῦ

2211 510 2305 562 καὶ⁸
2336 508 2489 563 Θεόν.
2523 506 2654 564 Εἶτα
2685 511 2740 564 τί
2765 511 2829 566 ἂν
2866 513 3074 580 γένοιτο
3107 513 3215 566 τῶν
3247 514 3504 568 τοιούτων
3533 515 3593 567 τὸ
3635 515 3798 583 ὑπερ-

535 595 727 667 τεροῦν
761 599 842 661 είς
868 597 1241 670 ἀποπληξίαν;
1269 597 1302 668 ἢ
1334 596 1450 660 πῶς
1481 597 1582 650 οὐκ
1615 598 1679 652 ἄν
1701 615 1803 662 τις,
1825 599 1957 653 ὡσεὶ
1978 601 2190 669 νεκροῖς
2227 600 2328 670 ἤδη
2357 601 2449 653 καὶ
2483 602 2821 670 ἀπολωλόσι,
2865 604 2924 658 τὸ
2975 606 3040 657 ὲκ
3065 605 3164 675 τῆς
3233 606 3456 678 ἀγάπης
3503 607 3803 672 ἀποστάξαι

535 688 788 760 δάκρυον,
837 692 1106 762 ἀχαλίνως
1133 691 1276 746 οὕτω
1309 691 1708 763 τετραμμένοις
1733 695 1812 756 εἰς
1831 694 2114 758 ἀσέϐειαν,
2151 696 2268 766 ἐρεῖ
2293 695 2467 749 δὲκαὶ
2505 698 2626 752 λίαν
2657 699 2930 770 εὐκαίρως
2955 716 2968 732 ⁸
3000 720 3018 752 ι
3041 701 3138 765 Τίς
3167 701 3328 756 δώσει
3364 706 3430 774 τῇ
3464 704 3674 774 κεφαλῇ
3703 720 3802 772 μου

535 779 702 853 ὕδωρ,
729 783 823 835 καὶ
875 786 986 848 τοῖς
1018 783 1316 853 ὀφθαλμοῖς
1386 800 1489 853 μου
1545 783 1727 854 πηγὴν
1787 784 2060 855 δακρύων,
2097 785 2192 838 καὶ
2223 785 2530 858 κλαύσομαι
2568 789 2660 844 τὸν
2723 789 2852 843 λαὸν
2881 790 3068 845 τοῦτον
3108 792 3321 863 ἡμέρας
3367 795 3463 848 καὶ
3511 795 3738 860 νυκτόςς
3781 814 3797 846 ι

547 873 671 926 Ἐπὶ
697 875 803 945 γὰρ
833 877 944 938 τοῖς
971 877 1038 928 τὰ
1062 874 1282 928 τοιαῦτα
1316 875 1531 945 φρονεῖν
1561 873 1836 944 ἑλομένοις
1872 874 2116 945 ἀκρατὲς
2152 873 2218 928 ἀν
2273 895 2359 943 τις
2397 881 2624 947 εἰκότως
2671 883 2960 949 ὲπιστάξαι
3011 884 3268 956 δάκρυον.
3323 885 3540 958 Ἐπειδὴ
3581 887 3638 940 δὲ
3691 889 3806 951 τοῖς

536 961 597 1026 ἐξ
633 963 887 1032 ἀληθείας
935 964 1200 1035 δόγμασιν
1253 962 1657 1035 ἀποκρούεσθαι
1714 964 1823 1018 δεῖν
1860 966 1958 1030 τάς
2013 967 2144 1037 παρ’
2197 967 2423 1025 ἐκείνων
2469 975 2838 1044 συκοφαντίας
2889 976 3193 1046 προσήκειν
3244 975 3654 1047 ὑπολαμϐάνω,
3718 975 3807 1028 διὰ

536 1055 598 1108 τὸ
650 1057 760 1119 τοῖς
809 1057 1199 1128 ἁπλουστέροις
1261 1055 1572 1120 λυσιτελὲς,
1625 1055 1758 1127 φέρε
1820 1055 1983 1111 πάλιν
2026 1056 2210 1122 αὐτοῖς
2256 1061 2434 1117 ἐκεῖνο
2479 1063 2772 1136 λέγωμεν,
2833 1066 2916 1120 ὄτι
2977 1066 3267 1137 ζηλοῦντες
3331 1066 3686 1138 ἐζηλώκαμεν
3727 1066 3810 1138 τῷ

537 1145 749 1218 Κυρίῳ.

611 1240 839 1295 Divinus
861 1239 1006 1293 enim
1043 1236 1270 1303 Paulus,
1297 1248 1352 1294 et
1381 1240 1566 1310 quivis
1581 1245 1922 1310 gnatorum
1948 1238 2118 1300 alius,

613 1254 839 1295 Utvtnus
861 1254 1006 1293 enim
1044 1254 1270 1303 ramus,
1297 1254 1352 1294 et
1381 1255 1566 1310 qutvts
1666 1254 1922 1294 notorum
1948 1254 2118 1300 auus,

536 1348 663 1388 cum
693 1330 975 1385 Christum
1013 1331 1067 1383 in
1105 1330 1222 1384 suis
1263 1332 1544 1387 mentibus
1575 1254 1996 1386 gitabitantem
2027 1331 2125 1383 ha-

541 1429 738 1483 berent
765 1439 863 1494 per
900 1421 1198 1492 Spiritum,
1233 1421 1511 1478 faciebant
1542 1440 1667 1494 qua:
1691 1423 1914 1480 Christo
1943 1423 2125 1492 place-

2310 1233 2368 1286 Ὁ
2397 1235 2504 1306 γάρ
2534 1254 2612 1290 τοι
2647 1237 2934 1304 θεσπέσιος
2966 1239 3196 1306 Παῦλος,
3240 1232 3284 1292 ὦ
3316 1235 3484 1306 οὗτοι,
3519 1243 3552 1314 ἢ
3601 1248 3695 1300 καί
3723 1265 3811 1312 τις

2225 1325 2412 1398 ἕτερος
2441 1328 2549 1381 τῶν
2581 1331 2772 1399 ἁγίων,
2807 1332 2899 1385 τὸν
2930 1331 3164 1402 Χριστὸν
3196 1333 3414 1404 ἔχοντες
3453 1339 3573 1402 ταῖς
3598 1340 3811 1396 ἑαυτῶν

2227 1420 2489 1484 διανοίαις
2536 1423 2909 1480 ὲνοικισθέντα
2941 1425 3033 1479 διὰ
3087 1427 3184 1480 τοῦ
3241 1426 3596 1498 Πνεύματος,
3639 1430 3812 1502 ἔδρων

539 1526 685 1585 rent,
708 1525 763 1573 et
791 1515 1060 1571 miracula
1077 1513 1336 1572 edebant.
1361 1515 1430 1570 At
1453 1523 1698 1579 constat,
1722 1515 1809 1571 vel
1834 1527 1925 1570 tua
1947 1515 2126 1584 ipsius

2241 1508 2289 1567 εῦ
2325 1513 2471 1583 μάλα
2499 1515 2567 1568 τά
2589 1515 2848 1570 δοκοῦντα
2871 1517 3115 1589 Θεῷ,καὶ
3143 1519 3467 1591 δημιουργοὶ⁵
3496 1521 3604 1577 τῶν
3632 1541 3813 1596 παραυ

539 1609 916 1671 confessione,
952 1607 1100 1678 quod
1133 1623 1261 1662 cum
1293 1608 1550 1664 homines
1586 1616 1776 1664 essent
1812 1617 2040 1672 natura,
2071 1614 2128 1662 et

2241 1601 2395 1666 Ξόξων
2443 1601 2744 1672 ἐφαίνοντο.
2777 1604 2988 1659 Οὐκοῦν
3037 1606 3243 1678 ἄραρεν
3266 1647 3281 1672 ,
3313 1610 3342 1662 ὅ
3380 1627 3434 1663 τι
3479 1610 3626 1682 δοίης
3663 1613 3708 1666 δ’
3743 1615 3812 1671 ἂν

539 1701 691 1757 aliud
732 1698 999 1770 quiddam
1041 1699 1352 1754 substantia
1415 1714 1582 1770 quam
1629 1708 1858 1755 sanctus
1909 1698 2121 1754 Christi

541 1793 786 1864 Spiritus
828 1792 924 1862 qui
965 1791 1023 1846 in
1066 1792 1146 1846 eis
1182 1791 1490 1856 habitabat,
1540 1791 1793 1862 religiosi
1845 1799 2030 1846 tamen
2071 1799 2126 1846 et

541 1889 743 1958 pietate
762 1885 1052 1956 conspicui
1071 1892 1232 1940 erant
1254 1884 1422 1956 789
1437 1900 1534 1955 per
1549 1885 1734 1939 datam
1749 1883 1830 1939 eis
1849 1899 1880 1936 a
1903 1882 2126 1938 Christo

541 1979 799 2048 gratiam.
831 1976 938 2033 Sed
975 1977 1264 2031 nobiscum
1294 1976 1485 2046 utique
1516 1975 1800 2043 fateberis,
1825 1974 2127 2045 aliquando

542 2072 718 2142 gratia
751 2070 931 2126 fuisse
960 2069 1286 2136 destitutos,
1318 2075 1700 2125 verumtamen
1731 2082 1798 2124 eo
1828 2066 2004 2123 fuisse
2033 2081 2126 2122 vo-

538 2170 719 2224 catos,
753 2177 878 2215 cum
909 2159 983 2213 ita
1016 2159 1197 2215 visum
1224 2166 1372 2216 esset
1399 2157 1586 2214 omnia
1619 2165 1772 2213 recte
1798 2156 2126 2228 gubernanti

540 2253 673 2309 Deo.
726 2249 872 2306 Fieri
900 2265 1040 2321 ergo
1061 2257 1280 2321 poterat
1311 2259 1370 2305 ut
1400 2250 1538 2304 vitio
1569 2248 1760 2318 aliquo
1790 2247 1876 2303 vel
1900 2256 2128 2319 peccato

541 2345 736 2400 beatus
757 2343 987 2407 Paulus,
1003 2350 1102 2397 aut
1121 2343 1265 2398 alter
1289 2342 1337 2397 ei
1372 2341 1594 2406 similis,
1614 2340 1784 2395 Deum
1821 2339 2126 2405 offendens,

539 2435 669 2490 data
706 2432 812 2489 sibi
845 2434 1024 2504 gratia
1053 2431 1391 2501 privaretur,
1422 2437 1478 2484 et
1503 2429 1560 2484 in
1588 2444 1710 2484 eam
1734 2428 2129 2486 demissionem

540 2524 689 2581 unde
720 2530 1030 2580 emerserat
1064 2523 1247 2578 denuo
1277 2521 1672 2577 detruderetur
1695 2529 1862 2591 atque
1896 2520 2127 2576 rediret.

542 2617 700 2686 Quod
760 2616 912 2672 enim
964 2615 1193 2671 aliunde
1239 2613 1538 2670 asciscitur
1588 2621 1644 2668 et
1703 2612 1936 2678 accidit,
1970 2611 2131 2667 facile

542 2711 720 2765 amitti
750 2716 936 2779 potest
971 2715 1139 2778 atque
1167 2705 1398 2768 auferri,
1435 2712 1627 2775 utpote
1669 2705 1881 2758 datum.
1912 2705 1997 2757 An
2032 2702 2132 2772 lgi-

543 2811 659 2864 tur.
697 2817 728 2856 ο
759 2802 904 2856 bone
929 2799 1123 2869 (juvat
1157 2799 1305 2854 enim
1342 2797 1540 2850 iterum
1581 2802 1637 2849 te
1671 2794 2050 2866 compellare),
2083 2793 2131 2849 si

542 2892 1014 2965 quemadmodum
1043 2898 1168 2946 erat
1213 2889 1267 2945 in
1306 2888 1481 2944 Paulo
1516 2887 1776 2943 Christus
1819 2889 2050 2958 loquens
2078 2899 2132 2944 et

2231 1691 2328 1744 καὶ
2375 1692 2538 1758 αὐτὸς
2571 1695 2840 1766 ὑπάρχειν
2895 1696 3098 1768 ἀληθὲς
3121 1739 3136 1762 ,
3186 1698 3264 1761 ὡς
3312 1699 3590 1772 ἄνθρωποί
3620 1720 3679 1756 τε
3712 1704 3812 1774 τὴν

2232 1782 2395 1857 φύσιν
2433 1785 2802 1856 ὑπάρχοντες,
2855 1787 2950 1841 καὶ
2997 1787 3186 1859 ἔτερόν
3221 1808 3273 1843 τι
3311 1791 3454 1845 κατά
3497 1793 3594 1864 τὴν
3623 1794 3814 1850 οὐσίαν

2232 1875 2385 1946 παρὰ
2425 1875 2487 1928 τὸ
2531 1875 2775 1930 ἐνοικοῦν
2831 1878 3016 1943 αὐτοῖς
3063 1879 3220 1948 ἅγιον
3271 1880 3498 1954 Πνεῦμα
3546 1884 3813 1954 Χριστοῦ,

2232 1965 2482 2036 θεοφόὁοι
2530 1968 2673 2031 τινὲς
2702 1963 2844 2039 ἦσαν
2885 1972 2979 2025 καὶ
3028 1971 3272 2044 λαμπροὶ
3310 1972 3400 2029 διὰ
3438 1974 3539 2044 τῆς
3564 1976 3814 2048 δοθείσης

2233 2058 2414 2122 αὐτοῖς
2463 2059 2614 2131 παρὰ
2647 2061 2886 2131 Χριστοῦ
2920 2063 3164 2134 χάριτος.
3199 2065 3454 2136 Συνερεῖς
3494 2065 3550 2118 δὲ
3595 2067 3817 2132 πάντως

2235 2150 2396 2221 ἡμῖν,
2437 2149 2514 2215 ὡς
2551 2151 2748 2224 ἔρημοι
2803 2153 2904 2224 μὲν
2956 2152 3052 2207 τοῦ
3083 2155 3426 2226 χαρίσματος
3469 2150 3611 2227 ἦσάν
3657 2175 3815 2222 ποτε,

2234 2243 2528 2316 κέκληνται
2565 2263 2629 2315 γε
2661 2245 2768 2316 μὴν
2801 2247 2882 2309 είς
2909 2247 3063 2311 αὐτὸ,
3099 2237 3258 2314 δόξαν
3297 2247 3442 2302 οὑτω
3463 2249 3645 2314 καλῶς
3671 2250 3816 2321 ἔχειν

2233 2335 2312 2407 τῷ
2341 2337 2520 2391 πάντα
2568 2337 2748 2402 καλῶς
2797 2337 3084 2392 διῖθύνοντι
3114 2339 3252 2410 ,Θεῷ
3275 2355 3288 2368 ’
3317 2335 3388 2411 ἦν
3416 2335 3512 2396 οὖν
3533 2341 3649 2414 ,ἀρα
3701 2342 3815 2395 τῶν

2234 2427 2600 2498 ἐνδεχομένων
2627 2431 2721 2483 καὶ
2740 2429 2832 2483 διά
2869 2447 3014 2494 τινος
3046 2429 3154 2484 τῶν
3178 2430 3398 2484 ἀτόπων
3443 2431 3477 2502 ἦ
3514 2431 3608 2485 καὶ
3633 2431 3817 2503 ὀρθῶς

2235 2518 2337 2572 οὐκ
2365 2520 2743 2591 εἰργασμένων
2791 2521 3278 2593 προσκεκρουκότα
3315 2520 3394 2593 τῷ
3435 2521 3554 2592 Θεῷ
3581 2521 3672 2575 τὸν
3707 2538 3818 2593 μα-

2237 2611 2427 2683 κάριον
2461 2611 2697 2678 Παῦλον,
2726 2614 2894 2684 ἤγουν
2923 2612 3193 2668 τινά-τῶν
3229 2615 3350 2668 κατ’
3390 2615 3596 2669 ἐκεῖνον
3627 2615 3822 2685 ἕτερον

2239 2705 2445 2778 ἔρημον
2476 2707 2577 2778 μὲν
2605 2706 2706 2778 τῆς
2733 2707 2984 2779 δοθείσης
3023 2706 3173 2780 αὐτῷ
3197 2707 3423 2778 χάριτος
3461 2707 3693 2778 ὀφθῆναι
3722 2706 3823 2760 δύο

2237 2797 2452 2861 νασθαι,
2483 2797 2923 2853 κατωθεῖσθαιδὲ
2955 2795 3112 2863 αὖθις
3141 2800 3236 2854 καὶ
3260 2800 3576 2853 ὑπονοστεῖν
3609 2800 3690 2862 είς
3716 2800 3826 2870 τὴν

2237 2887 2360 2943 ὅθεν
2410 2889 2577 2960 ἀνέϐη
2625 2889 2975 2946 ταπείνωσιν.
3025 2890 3099 2944 Τὸ
3130 2889 3240 2960 γὰρ
3285 2891 3424 2954 ὅλως
3476 2890 3675 2958 ἔξωθεν
3723 2891 3826 2945 καὶ

543 2986 814 3042 miracula
835 2985 1071 3045 faciens.
1089 2984 1247 3053 juxta
1266 2991 1417 3036 tuam
1438 2982 1665 3038 stultam
1685 2991 1740 3036 et
1763 2981 1989 3052 impiam
2007 2996 2134 3036 sen-

2241 2982 2478 3036 ὲπακτὸν
2533 2981 2734 3053 ῥᾳδίως
2785 2982 2853 3036 ἂν
2913 2982 3252 3036 ἀποπτύοιτο
3309 2983 3405 3037 καὶ
3455 2983 3824 3054 ἀναφαίρετόν

548 3075 805 3138 tentiam,
844 3073 920 3128 ita
950 3071 1169 3128 Patrem
1199 3072 1253 3126 in
1282 3069 1425 3126 Filio
1455 3071 1581 3141 quis
1612 3084 1738 3126 esse
1773 3070 2133 3135 concesserit,

545 3166 801 3238 nunquid
839 3165 1055 3221 clarum
1103 3171 1159 3219 et
1191 3163 1566 3219 indubitatum
1599 3169 1686 3218 est
1721 3160 1892 3216 Deum
1927 3176 2136 3231 nequa-

546 3275 710 3330 quam
744 3258 863 3315 fore
895 3257 1200 3315 secundum
1235 3264 1516 3322 naturam,
1553 3255 1650 3311 sed
1689 3253 1838 3309 aliud
1871 3255 2134 3325 quiddam

547 3353 619 3408 ab
648 3353 1000 3407 inhabitante
1027 3349 1213 3415 Patre,
1240 3350 1338 3421 qui
1360 3365 1488 3405 vere
1512 3347 1697 3404 Deus?
1728 3346 1821 3402 Sic
1840 3348 1988 3403 enim
2015 3353 2136 3401 erat

545 3446 603 3500 in
633 3443 806 3499 Paulo
828 3444 1111 3500 Christus.
1137 3443 1578 3498 lnstrumentum
1606 3441 1778 3512 igitur
1800 3455 1865 3494 ac
1893 3455 1993 3494 vas
2023 3439 2138 3494 vel-

547 3538 629 3591 uti
676 3536 954 3607 quoddam
989 3543 1077 3590 est
1118 3534 1449 3605 Unigenitus
1499 3534 1553 3586 in
1587 3533 1820 3602 gloriam
1863 3546 2138 3602 praepara-

548 3637 685 3691 tum,
715 3641 821 3683 nec
851 3643 881 3681 a
909 3627 1046 3683 tibia
1089 3626 1273 3682 forsan
1303 3633 1400 3679 aut
1434 3624 1551 3695 lyra
1585 3622 1840 3688 distabit,
1878 3623 2016 3678 illud
2051 3638 2138 3678 re-

549 3733 757 3774 sonans
791 3717 939 3789 quod
981 3717 1258 3787 inspiratu
1309 3715 1575 3770 nimirum
1619 3722 1717 3770 aut
1762 3715 1974 3785 plectro
2016 3719 2139 3786 jus-

549 3827 670 3867 sum
698 3811 807 3866 erit
839 3830 852 3866 :
883 3817 939 3867 et
981 3811 1050 3866 ad
1087 3809 1356 3866 miracula
1390 3808 1602 3865 edenda
1637 3808 1805 3863 Pater
1835 3824 1901 3864 eo
1929 3817 2137 3877 utetur,

547 3919 658 3974 quo
691 3911 857 3974 pacto
909 3903 1054 3959 fabri
1093 3903 1316 3975 lignarii
1363 3917 1518 3958 serra
1565 3903 1649 3958 vel
1688 3903 1859 3959 ascia.
1895 3902 1965 3956 At
2005 3903 2137 3973 quid

549 3996 654 4051 hoc
699 3995 1040 4051 absurdius?
1076 3995 1212 4049 Nam
1257 4008 1386 4050 cum
1425 3993 1548 4062 ejus
1583 3993 1654 4048 sit
1696 4001 1933 4060 naturae,
1965 3999 2024 4048 ut
2062 3992 2140 4047 illi

550 4086 768 4154 dicunt,
801 4103 830 4142 a
856 4087 967 4144 Deo
997 4102 1063 4143 ac
1094 4088 1257 4142 Patre
1284 4101 1516 4158 prorsus
1549 4085 1766 4142 alienus
1801 4088 1934 4152 erit,
1957 4101 2021 4142 ea
2052 4100 2142 4140 ra-

548 4178 700 4234 tione
735 4193 843 4249 qua
871 4189 1069 4234 natura
1099 4179 1246 4236 Deus
1279 4187 1366 4235 est
1408 4179 1465 4234 in
1498 4179 1686 4245 nobis,
1727 4186 1782 4234 et
1807 4193 1972 4233 nemo
1999 4178 2142 4232 alius

549 4271 620 4326 ab
675 4273 817 4342 ipso.
865 4270 1024 4338 Quod
1075 4273 1125 4328 si
1169 4289 1200 4327 a
1242 4274 1424 4331 Patris
1476 4271 1790 4329 substantia
1834 4271 1912 4324 ita
1961 4268 2141 4325 Filius

2238 3071 2362 3143 [ίσ.
2394 3073 2785 3147 ὲναφαίρετόν]
2813 3076 2982 3140 ἐστιν,
3012 3075 3088 3139 ὡς
3119 3074 3291 3131 δοτόν.
3318 3071 3448 3147 τΑρ’
3473 3070 3589 3140 οῦν,
3623 3070 3668 3129 ὧ
3697 3075 3826 3146 βέλε-

2234 3181 2384 3218 τιστε
2421 3165 2781 3237 (τετράψεται
2826 3169 2935 3238 γάρ
2981 3167 3116 3237 πρὸς
3166 3167 3226 3220 σὲ
3256 3168 3286 3220 6
3312 3166 3470 3236 λόγος
3501 3166 3723 3237 πάλιν),
3761 3168 3818 3220 εἱ

2237 3256 2381 3311 κατὰ
2425 3256 2525 3328 τὴν
2577 3257 2716 3329 πρὸς
2763 3257 2822 3312 σὲ
2876 3259 3240 3313 ἀπαιδευσίαν
3295 3259 3393 3312 καὶ
3445 3258 3830 3329 ἀσεϐεστάτην

2241 3349 2531 3420 ὑπόληψιν,
2559 3348 2811 3423 καθάπερ
2844 3345 2914 3422 ἦν
2935 3352 2992 3404 ὲν
3017 3350 3095 3422 τῷ
3126 3350 3326 3422 Παύλῳ
3359 3350 3599 3422 Χριστὸς
3637 3350 3827 3405 λαλῶν

2240 3442 2336 3496 καὶ
2367 3443 2782 3515 τερατουργῶν,
2831 3443 3006 3508 οὑτως
3054 3442 3194 3500 εἶναι
3233 3444 3352 3514 δοίη
3403 3462 3488 3506 τις
3532 3445 3599 3499 ἂν
3643 3446 3702 3498 ἐν
3742 3447 3829 3516 τῷ

2240 3532 2356 3603 Υίῷ
2393 3531 2484 3587 τὸν
2515 3531 2758 3605 Πατέρα,
2800 3533 2920 3598 πῶς
2961 3535 3064 3590 οὐκ
3101 3536 3409 3607 ἀμφίλογον
3445 3536 3522 3601 ὡς
3554 3537 3689 3601 Θεὸς
3721 3538 3832 3608 μὲν

2241 3625 2394 3680 ἔσται
2429 3625 2570 3678 κατὰ
2593 3625 2755 3694 φύσιν
2791 3625 3066 3697 οὐδαμῶς,
3097 3627 3212 3681 ἀλλ’
3237 3628 3428 3700 ἔτερόν
3470 3647 3524 3683 τι
3554 3630 3705 3702 παρά
3728 3631 3831 3686 τὸν

2239 3717 2551 3774 ἐνοικοῦντα
2573 3718 2814 3790 Πατέρα,
2843 3717 2976 3774 Θεὸν
3004 3719 3135 3775 ὅντα
3163 3719 3309 3775 κατὰ
3337 3722 3600 3794 ἀλήθειαν
3623 3740 3637 3789 ;
3666 3723 3832 3777 Οὕτω

2240 3811 2347 3885 γὰρ
2377 3806 2444 3883 ἦν
2470 3812 2528 3864 ἐν
2555 3810 2633 3882 τῷ
2663 3811 2862 3883 Παύλῳ
2885 3811 3142 3884 Χριστός.
3173 3815 3444 3884 Ὄργανον
3473 3810 3566 3869 οῦν
3597 3815 3705 3886 ἄρα
3728 3819 3834 3871 καὶ

2242 3904 2431 3977 ὥσπερ
2461 3922 2514 3958 τι
2546 3902 2739 3967 σκεῦός
2782 3906 2965 3970 ἐστιν,
3017 3905 3099 3966 είς
3133 3904 3292 3969 δόξαν
3321 3908 3764 3979 κατηρτισμένον
3799 3912 3833 3964 ὀ

2242 3996 2586 4067 Μονογενὴς,
2629 3996 2724 4050 καὶ
2755 3995 2943 4049 διοίσει
2985 3996 3087 4067 μὲν
3116 3996 3270 4050 οὐδὲν
3308 3998 3471 4052 αὐλοῦ
3506 4000 3602 4052 καὶ
3631 3999 3833 4071 λύρας,

2242 4093 2418 4145 ἐκεῖνο
2443 4089 2654 4160 φωνῶν,
2673 4090 2808 4160 ὅπερ
2830 4089 2896 4144 ἂν
2920 4087 3227 4159 ἑμπνέηται
3247 4090 3430 4160 τυχὸν,
3450 4090 3617 4161 ἤγουν
3631 4091 3836 4162 εὐρύθ-

2247 4199 2364 4253 μως
2414 4181 2782 4253 ἀναμελῳδεῖν
2819 4179 2898 4252 τῷ
2929 4181 3192 4252 πλήκτρῳ
3234 4181 3524 4254 κελεύηται
3550 4198 3564 4212 ο
3592 4183 3743 4237 ἔσται
3771 4185 3836 4238 δὲ

2244 4275 2387 4328 οὑτω
2413 4275 2752 4346 παράδεκτος
2779 4276 2859 4340 είς
2891 4273 3343 4346 θαυματουργίαν
3371 4273 3450 4345 τῷ
3496 4276 3673 4346 Πατρὶ
3698 4315 3714 4340 ,
3751 4277 3836 4342 ὡς

548 4363 868 4419 excluditur
907 4372 968 4418 ut
1008 4379 1120 4420 non
1153 4365 1228 4420 sit
1268 4375 1466 4421 natura
1506 4365 1674 4428 Deus,
1713 4362 1993 4433 quomodo
2028 4377 2136 4416 non

2247 4366 2313 4420 ἂν
2343 4369 2518 4420 νοοῖτο
2559 4366 2724 4436 τυχὸν
2756 4365 2958 4437 πρίων,
2987 4364 3020 4432 ἢ
3060 4364 3370 4435 σκέπαρνον
3400 4365 3515 4428 τοῖς
3561 4364 3729 4418 εἰδόσι·
3769 4366 3839 4419 τὸ

547 4471 679 4510 vere
716 4455 956 4512 dicimus
991 4471 1118 4510 eum
1153 4457 1297 4512 inter
1327 4465 1615 4512 creaturas
1643 4455 1978 4508 collocatum
2009 4468 2142 4508 con-

549 4555 900 4600 numeratum
950 4561 1098 4613 esse,
1149 4555 1315 4616 atque
1363 4545 1718 4602 instrumenti
1769 4545 1890 4598 loco
1928 4559 2144 4600 assum-

551 4645 727 4707 ptum,
777 4645 833 4692 et
880 4653 981 4708 pro
1039 4636 1272 4694 Domino
1323 4639 1640 4694 ministrum
1689 4636 1912 4692 tandem
1967 4637 2142 4691 videri

551 4727 777 4794 Filium,
805 4729 900 4798 qui
938 4728 1050 4784 Deo
1086 4745 1150 4785 ac
1179 4727 1330 4784 Patri
1362 4730 1591 4793 assidet,
1620 4730 1729 4784 imo
1762 4744 1831 4784 ne
1863 4743 1990 4785 vere
2019 4729 2146 4798 qui-

551 4820 676 4876 dem
699 4835 824 4875 esse
848 4818 1092 4874 Filium?
1124 4819 1237 4876 Nec
1267 4822 1416 4876 enim
1447 4820 1598 4892 quod
1632 4821 1990 4875 instrumenti
2025 4820 2147 4875 loco

553 4911 779 4982 ponitur
813 4928 913 4982 pro
949 4909 1092 4968 Filio
1125 4914 1253 4984 quis
1287 4915 1543 4985 accipiet.
1577 4913 2010 4969 lnstrumentum
2040 4915 2148 4968 ita-

551 5021 662 5076 que
695 5022 814 5062 sute
847 5007 986 5061 artis
1019 5017 1116 5062 aut
1159 5009 1446 5079 sapientia:
1485 5008 1648 5064 Pater
1689 5009 1905 5080 genuit,
1939 5017 1996 5063 et
2045 5009 2148 5062 ali-

553 5097 686 5167 quid
733 5099 884 5154 aliud
923 5115 1091 5170 quam
1133 5099 1282 5170 quod
1325 5101 1443 5172 ipse
1474 5101 1549 5156 sit
1597 5101 1861 5173 genuisse
1904 5100 2147 5155 videtur.

555 5189 625 5242 At
654 5191 936 5257 quomodo
962 5189 1079 5246 ﬁeri
1111 5188 1245 5244 illud
1275 5198 1478 5260 potest,
1511 5199 1608 5245 aut
1646 5189 1929 5261 quomodo
1955 5189 2149 5246 istius-

555 5282 707 5337 modi
742 5284 1006 5352 quiddam
1048 5285 1104 5340 in
1153 5284 1400 5339 animum
1437 5285 1544 5340 sibi
1582 5285 1872 5351 reducere,
1909 5301 2019 5340 non
2061 5291 2148 5340 est

561 5373 984 5429 stultissimutn?
1012 5375 1132 5433 Nisi
1168 5394 1302 5448 ergo
1340 5377 1539 5433 Filium
1575 5379 2006 5434 instrumentum
2053 5387 2146 5432 aut

561 5461 881 5518 ministrum
937 5466 1258 5525 existimare
1300 5468 1628 5533 cessaveris,
1675 5483 1910 5539 eumque
1959 5483 2142 5524 veram

563 5551 878 5622 genituram
929 5569 1053 5611 esse
1098 5572 1208 5612 non
1268 5558 1586 5622 admittens,
1636 5558 1966 5614 ineﬂ'abilem
2025 5559 2147 5628 ejus

567 5646 1003 5715 generationem,
1025 5664 1091 5705 ex
1109 5650 1420 5706 substantia
1449 5652 1541 5707 Dei
1566 5668 1628 5706 ac
1657 5652 1837 5706 Patris
1865 5652 2145 5714 nimirum,

570 5740 879 5810 negaveris,
927 5741 981 5795 in
1026 5741 1208 5812 ipsam
1249 5743 1528 5799 Ccniloris
1583 5745 1810 5813 gloriam
1866 5750 2144 5799 contume-

2249 4456 2586 4529 ξυλουργείν.
2624 4451 2761 4510 Εἶτα
2797 4456 2852 4510 τί
2891 4455 3083 4510 τούτου
3130 4454 3622 4526 παραλογώτερονς
3672 4455 3840 4511 Οῦτω

2248 4549 2357 4619 γὰρ
2386 4548 2524 4619 ἔχων
2557 4547 2794 4617 φύσεως,
2824 4546 3076 4619 καθάπερ
3101 4547 3300 4601 ἐκεῖνοί
3325 4563 3512 4617 φασιν,
3550 4547 3839 4619 ἀλλότριος

2250 4640 2402 4695 ἔσται
2433 4639 2712 4703 παντελῶς
2747 4637 2842 4693 τοῦ
2884 4639 3021 4693 θεοῦ
3059 4640 3154 4693 καὶ
3186 4639 3424 4708 Πατρὸς,
3462 4639 3586 4693 ὅσον
3625 4640 3746 4694 ἐστὶ
3775 4641 3840 4694 τὸ

2249 4729 2389 4786 εἶναι
2419 4733 2578 4802 φύσει
2606 4730 2741 4795 Θεὸς
2779 4732 2837 4786 ὲν
2880 4732 3010 4800 ἡμῖν
3035 4770 3049 4795 ,
3099 4730 3196 4784 καὶ
3237 4730 3426 4800 ἕτερος
3483 4731 3616 4802 παρ’
3670 4733 3838 4786 αὑτὸν

2249 4825 2443 4888 οὐδείς.
2485 4826 2548 4878 Εἰ
2590 4825 2647 4878 δὲ
2693 4824 2795 4895 τῆς
2839 4823 2934 4878 τοῦ
2975 4823 3192 4895 Πατρὸς
3231 4824 3420 4888 οὐσίας
3462 4826 3491 4878 6
3522 4824 3653 4888 Υἱὸς
3701 4827 3838 4879 ἀπο-

2253 4914 2600 4988 σχοινίζεται,
2631 4917 2773 4970 κατά
2809 4933 2873 4986 γε
2923 4916 2984 4969 τὸ
3025 4913 3165 4971 εἶναι
3200 4915 3361 4986 φύσει
3399 4915 3555 4981 Θεὸς,
3590 4915 3709 4980 πῶς
3737 4919 3839 4970 οὐκ

2250 5007 2467 5079 ἀληθῶς
2494 5007 2594 5079 ήδη
2639 5005 2842 5076 φαμὲν,
2887 5005 2968 5058 ὃτι
3001 5007 3068 5076 τῇ
3119 5006 3295 5059 κτίσει
3345 5003 3714 5059 συντέτακται
3743 5008 3840 5059 καὶ

2253 5099 2654 5170 συνηρίθμηται
2697 5100 2810 5162 τοῖς
2840 5097 3146 5168 ποιήμασι,
3182 5096 3278 5150 καὶ
3321 5098 3382 5149 ἐν
3414 5095 3652 5166 ὀργάνου
3694 5115 3840 5169 παρ-

2253 5190 2462 5261 ελήφθη
2510 5189 2668 5260 χρείᾳ
2694 5228 2710 5252 ,
2750 5188 2846 5242 καὶ
2889 5187 3162 5259 ὑπουργὸς
3212 5189 3346 5257 ἡμῖν
3391 5187 3515 5241 ἀντὶ
3569 5187 3838 5241 δεσπότου

2255 5281 2495 5349 πέφηνεν
2519 5278 2618 5348 ἤδη
2649 5277 2833 5330 λοιπὸν
2857 5277 2886 5330 ὀ
2912 5274 2992 5346 τῷ
3019 5274 3138 5345 Θεῷ
3171 5275 3266 5328 καὶ
3297 5275 3472 5346 Πατρὶ
3501 5273 3840 5344 συνεδρεύων

2255 5373 2380 5434 Υἱὸς
2405 5411 2420 5434 ,
2455 5369 2657 5441 μᾶλλον
2693 5368 2751 5422 δὲ
2782 5366 2906 5422 οὐδὲ
2947 5366 3074 5429 Υίός
3098 5367 3217 5419 ἐστι
3259 5365 3402 5418 κατὰ
3427 5364 3729 5435 ἀλήθειανς
3761 5363 3840 5416 Οὐ

2252 5466 2361 5536 γὰρ
2401 5465 2462 5518 τὸ
2503 5465 2561 5518 ὲν
2609 5462 2842 5534 ὀργάνου
2873 5459 3028 5524 τάξει
3063 5457 3219 5512 τεθὲν
3248 5459 3330 5520 είς
3356 5457 3485 5509 Υίόν
3514 5474 3602 5520 τις
3640 5456 3842 5526 νοήσαι

2257 5559 2352 5612 καὶ
2394 5555 2773 5627 παραδέξαιτό.
2825 5551 3136 5623 Ἑργαλεῖον
3182 5545 3278 5604 οῦν
3317 5549 3426 5620 ἄρα
3459 5549 3561 5618 τῆς
3606 5547 3848 5618 ἐνούσης

2259 5648 2406 5717 αὑτῷ
2447 5647 2641 5716 τέχνης
2673 5646 2788 5714 ἤτοι
2827 5644 3018 5712 σοφίας
3047 5642 3234 5696 ἔτεκεν
3263 5644 3290 5696 ὁ
3335 5641 3549 5714 Πατὴρ,
3591 5643 3686 5694 καὶ
3719 5641 3852 5695 ἓτε-

2257 5741 2346 5811 ρὸν
2389 5758 2440 5792 τι
2491 5741 2616 5809 παρ’
2663 5741 2798 5808 ὅπερ
2850 5737 2995 5791 ἐστὶν
3044 5736 3203 5800 αὐτὸς
3254 5735 3575 5805 ἀποκυήσας
3617 5734 3853 5806 ὁρᾶται.
