4042 6204
234 268 345 323 225

1337 262 1401 317 IN
1436 259 1724 318 JOANNIS
1743 257 2196 316 EVANGELIUM
2238 260 2361 316 [ΑΒ.
2401 261 2492 316 IX.

3391 269 3548 324 226'

235 381 351 436 Καὶ
384 379 501 441 πῶς
529 377 598 432 ἂν
629 376 928 447 ἑνδέχοιτος
961 376 1074 439 πῶς
1104 375 1160 428 δὲ
1189 376 1290 428 οὑκ
1311 375 1506 444 εὔηθες
1535 374 1813 436 παντελῶς

1917 374 2096 432 liosus
2125 380 2257 432 eris.
2292 376 2402 432 Nec
2431 376 2580 432 enim
2613 377 2752 432 ultra
2784 379 2943 433 Pater
2981 380 3143 450 79o
3173 397 3296 437 vere
3337 382 3499 440 Pater

235 471 298 524 τὺ
326 473 466 524 νοεῖν
496 487 550 522 τι
598 467 872 534 τοιοῦτον;
917 469 1031 522 Οὐκ
1082 467 1399 533 ἀπαλλάξας
1438 467 1618 521 τοίνυν
1649 467 1816 536 ὀργα-

237 561 396 631 νικῆς
423 577 483 613 τε
517 559 610 613 καὶ
635 558 914 628 οἰκετικῆς
944 557 1263 628 ὑπολήψεως
1288 557 1380 608 τὸν
1403 556 1551 620 Υίὸν,
1574 555 1818 626 γέννημα

237 654 296 707 δὲ
323 651 467 705 κατὰ
497 649 756 722 ἀλήθειαν
790 649 1069 718 ὁμολογῶν
1111 647 1273 701 αὐτὸν
1303 647 1555 717 οὐδαμῶς
1575 687 1590 710 ,
1621 646 1820 717 ἀρνού-

248 762 407 817 μενος
436 744 492 797 δὲ
522 744 622 811 τὴν
651 741 894 812 ἄρρητον
938 740 1190 810 γέννησιν
1215 782 1230 805 ,
1277 738 1376 810 τὴν
1406 740 1471 792 ὲκ
1506 737 1608 808 τῆς
1635 736 1821 800 οὐσίας

243 837 338 891 τοῦ
375 835 510 888 Θεοῦ
555 834 651 887 καὶ
706 832 926 904 Πατρός
979 848 1158 902 φημι,
1213 831 1386 901 αὐτὴν
1417 830 1696 900 ἀδικήσεις
1721 829 1816 882 τοῦ

246 929 490 990 τεκόντος
516 927 615 996 τὴν
649 924 830 989 δόξαν.
862 925 977 977 Οὐκ
1020 923 1102 977 ἔτι
1143 924 1252 994 γὰρ
1281 924 1434 977 ἔσται
1465 923 1658 995 Πατὴρ
1697 923 1818 975 κατ’

246 1017 500 1088 ἀλήθειαν
547 1019 576 1070 6
618 1017 832 1087 Πατήρ.
894 1017 953 1069 '0
999 1015 1108 1086 γάρ
1151 1015 1228 1086 μὴ
1275 1015 1542 1085 γεννήσας
1581 1013 1717 1076 ὅλως
1761 1013 1820 1079 ἐξ

246 1107 457 1174 ἑαυτοῦ,
493 1108 638 1170 τίνος
693 1107 760 1161 ἂν
817 1107 904 1178 εἴη
954 1111 1097 1160 κατὰ
1149 1106 1314 1176 φύσιν
1366 1107 1586 1177 πατήρ;
1639 1103 1819 1158 Ψευδ-

242 1196 454 1269 ὡνυμος
485 1193 581 1250 οὖν
601 1198 711 1267 ἄρα
754 1196 1093 1266 παντελῶςὴ
1130 1196 1262 1264 ἁγία
1303 1197 1507 1268 Τριὰς,
1547 1197 1684 1266 μήτε
1723 1193 1819 1248 τοῦ

246 1290 456 1361 Πατρὸς
480 1289 637 1352 ὄντος
664 1288 808 1342 κατά
835 1288 1095 1358 ἀλήθειαν
1126 1289 1362 1358 Πατρός,
1397 1289 1536 1359 μήτε
1559 1289 1664 1358 μὴν
1687 1286 1819 1340 Υἰοῦ

245 1381 386 1434 κατὰ
413 1381 579 1450 φύσιν
609 1379 704 1432 τοῦ
741 1379 899 1432 Υἰοῦσ
934 1380 1294 1451 ἀκολουθήσει
1326 1380 1383 1433 δὲ
1414 1379 1696 1448 ἀναλόγως
1739 1379 1820 1450 τῷ

243 1474 564 1545 θεωρήματι
602 1473 698 1525 καὶ
739 1475 773 1543 ἡ
822 1472 964 1526 κατὰ
1007 1472 1104 1525 τοῦ
1157 1472 1473 1544 Πνεύματος
1516 1470 1816 1542 δυσφημία.

241 1565 452 1620 θὺκοῦν
506 1563 862 1635 ἠπατήμεθα,
909 1565 1003 1618 καὶ
1045 1563 1360 1634 διέψευσται
1401 1563 1558 1634 μὲνὴ
1595 1563 1816 1623 πίστις·

247 1655 572 1725 ψευδομυθεῖ
601 1655 657 1707 δὲ
687 1657 720 1724 ἡ
754 1655 886 1722 ἁγία
929 1653 1120 1725 Γραφὴ
1142 1693 1157 1717 ,
1204 1653 1424 1726 Πατέρα
1452 1652 1696 1707 καλοῦσα
1727 1651 1818 1705 τὸν

1922 465 2144 523 futurus
2171 479 2274 524 est.
2301 467 2437 523 Nam
2458 469 2552 539 qui
2586 471 2812 526 omnino
2833 487 2900 527 ex
2932 473 3114 543 seipso
3139 489 3248 528 non
3287 478 3494 544 genuit,

1918 560 2210 629 cujusnam
2248 561 2552 617 secundum
2583 572 2839 619 naturam
2865 573 3020 635 pater
3045 565 3190 621 erit?
3216 564 3376 622 Falso
3397 569 3498 622 ita-

1918 668 2028 720 que
2060 661 2253 709 sancta
2289 653 2536 709 Trinitas
2578 671 2808 725 prorsus
2846 656 3187 721 nominatur,
3225 659 3271 712 si
3321 674 3500 729 neque

1919 743 2081 799 Pater
2111 744 2184 799 sit
2208 760 2276 800 ex
2305 745 2385 799 rei
2421 746 2658 801 veritate
2693 745 2876 811 Pater,
2910 762 3088 816 neque
3127 762 3292 817 porro
3328 747 3500 804 Filius

1920 835 1993 889 sit
2021 839 2324 892 secundum
2353 845 2609 893 naturam
2638 836 2809 894 Filius
2837 857 2850 892 :
2879 847 2933 894 et
2961 849 3363 909 consequenter
3385 841 3500 910 pia-

1919 929 2106 983 culum
2137 928 2284 984 istud
2317 930 2424 984 erit
2464 945 2686 1001 quoque
2723 931 2991 986 adversus
3034 931 3319 1001 Spiritum.
3353 931 3502 997 Quo-

1920 1021 2072 1074 circa
2114 1019 2324 1090 deecpti
2365 1036 2580 1081 sumus.
2613 1031 2668 1077 et
2700 1021 2905 1077 trustra
2945 1031 3030 1078 est
3065 1023 3198 1078 ﬁdes
3230 1042 3244 1076 :
3283 1025 3412 1093 quin
3448 1034 3501 1076 et

1922 1110 2205 1180 Scriptura
2267 1121 2460 1167 sancta
2522 1113 2820 1177 mentitur,
2886 1128 3005 1184 qua:
3069 1113 3286 1168 Patrem
3341 1123 3499 1168 vorat

1921 1200 2090 1256 Deum
2123 1219 2136 1254 :
2169 1211 2241 1265 et,
2264 1202 2309 1257 si
2337 1218 2444 1257 non
2487 1213 2572 1258 est
2601 1205 2904 1259 secundum
2940 1214 3191 1258 naturam
3233 1204 3376 1260 Deus
3409 1205 3499 1259 Fi-

1920 1295 2050 1359 lius,
2082 1303 2140 1349 ut
2163 1311 2228 1350 ex
2258 1293 2370 1350 Deo
2405 1303 2460 1349 et
2497 1294 2659 1349 Patre
2683 1297 2927 1366 genitus,
2959 1312 3060 1351 nos
3100 1297 3319 1366 quidem
3359 1297 3498 1350 falli-

1921 1401 2062 1452 mur,
2089 1395 2143 1440 et
2175 1400 2282 1439 una
2314 1401 2438 1440 cum
2465 1386 2782 1442 hominibus
2815 1402 3054 1456 superna
3087 1388 3182 1441 illa
3223 1389 3418 1443 civitas
3445 1398 3499 1442 et

1921 1485 2242 1533 sanctorum
2271 1478 2591 1546 angelorum
2637 1477 2939 1546 purissima
2972 1478 3174 1532 cohors
3203 1477 3496 1548 decipitur,

1921 1581 2042 1635 quae
2077 1565 2245 1620 Deum
2277 1567 2585 1622 secundum
2619 1576 2874 1620 naturam
2909 1565 3191 1620 nobiscum
3225 1566 3498 1635 gloriﬁcat

1922 1665 1976 1712 et
2005 1657 2217 1722 adorat,
2250 1670 2315 1710 ac
2354 1657 2544 1712 nescio
2587 1655 2864 1725 quomodo
2913 1654 3136 1709 inducta
3181 1662 3264 1708 est
3294 1664 3352 1709 ut
3385 1656 3498 1710 dei-

247 1715 374 1800 ὸεόν
391 1715 529 1799 ’.καὶ
555 1748 600 1798 εἰ
635 1715 720 1817 μή.
740 1715 857 1798 ἐστι
892 1715 1032 1798 κατὰ
1059 1715 1223 1814 ιρῦσιν
1259 1715 1391 1808 Θεὸς
1416 1747 1444 1798 6
1471 1744 1618 1807 Υἱὸς,
1654 1744 1729 1808 ὡς
1756 1745 1816 1798 ὲκ

1922 1747 2098 1803 ferum
2140 1747 2411 1817 quoddam
2452 1761 2549 1802 vas
2592 1755 2649 1801 et
2683 1753 3064 1801 creaturarum
3113 1760 3303 1809 unam,
3341 1746 3498 1814 juxta

247 1835 376 1889 Θεοῦ
400 1837 495 1888 καὶ
519 1835 731 1905 [ἰατρὸς
757 1834 1062 1905 γεννηθεὶς,
1091 1834 1338 1905 πεπλανὴ
1347 1833 1486 1904 μεθα
1514 1833 1613 1904 μὲν
1637 1834 1817 1904 ἡμεῖς,

246 1926 700 1996 συμπεπλάνηται
733 1926 790 1979 δὲ
818 1928 930 1988 τοῖς
954 1925 1046 1978 ἐπὶ
1068 1925 1168 1995 τῆς
1203 1925 1309 1995 γῆς
1331 1925 1426 1979 καὶ
1449 1927 1482 1996 ἡ
1506 1923 1618 1978 ἄνω
1643 1924 1819 1993 πόλις,

247 2017 337 2070 καὶ
365 2019 401 2088 ἡ
432 2016 542 2072 τῶν
566 2017 738 2086 ἁγίων
767 2019 1016 2087 ἀγγέλων
1063 2019 1426 2090 καθαρωτάτη
1473 2017 1706 2088 πληθὺς,
1739 2015 1820 2087 τῷ

247 2110 386 2163 κατὰ
434 2111 596 2178 φύσιν
627 2109 745 2180 Θεῷ
788 2108 1186 2174 συνδοξάζουσά
1228 2128 1287 2163 τε
1336 2110 1433 2164 καί⁵
1473 2125 1818 2181 συμπροσκυ-

249 2199 428 2264 νοῦσα,
464 2201 560 2254 καὶ
599 2201 701 2254 οὐκ
729 2197 826 2253 οἷδ’
853 2201 1001 2266 ὅπως
1028 2201 1330 2270 δοξολογεῖν
1371 2199 1816 2270 ἀναπεπεισμένη

243 2292 499 2362 θεοφόρον
538 2309 592 2344 τι
627 2291 841 2355 σκεῦος,
873 2294 967 2346 καὶ
995 2292 1105 2345 τῶν
1128 2293 1448 2362 ποιημάτων
1469 2290 1549 2358 ἓν,
1580 2291 1723 2344 κατά
1753 2306 1817 2360 γε

246 2381 340 2451 τὴν
375 2381 600 2434 ἐκείνων
634 2380 986 2451 ἀδελτηρὶαν,
1020 2380 1185 2450 φημί.
1217 2381 1278 2432 Εἰ
1323 2380 1378 2433 δὲ
1411 2379 1651 2450 βούλοιτό
1689 2395 1818 2432 ποτε

243 2473 336 2540 τῆς
369 2472 449 2530 εἰς
487 2470 576 2522 τὸν
607 2470 733 2523 Υἰὸν
773 2471 1013 2540 σχέσεως
1051 2471 1144 2522 καὶ
1181 2472 1280 2540 τῆς
1322 2470 1649 2540 ἐνοικήσεως
1691 2469 1818 2521 ἀναο

242 2562 446 2630 χωρεῖν
481 2560 511 2610 ὁ
553 2560 736 2631 Πατὴρ
760 2603 775 2627 ,
805 2561 956 2614 οὐδὲν
990 2560 1181 2613 διοίσει
1211 2561 1350 2630 τάχα
1387 2560 1496 2612 τῶν
1524 2559 1818 2629 διωλισθη-

243 2650 418 2700 κότων
449 2649 548 2718 τῆς
578 2648 706 2714 ἰδίας
729 2653 904 2722 ἀρχῆς
927 2690 942 2715 ,
989 2651 1120 2704 ἴδιον
1162 2651 1261 2721 μὲν
1287 2651 1428 2721 ἔχων
1457 2649 1610 2704 οὐδὲν
1632 2692 1646 2716 ,
1691 2649 1816 2703 οὔτε

242 2740 349 2810 μὴν
378 2741 436 2792 ἐν
467 2741 573 2811 ἰδίᾳ
610 2741 768 2810 φύσει
813 2745 905 2795 τὸν
933 2745 1274 2814 γεννήσαντα
1316 2743 1520 2814 φέρων,
1553 2742 1731 2796 πάντα
1761 2742 1817 2794 δὲ

243 2830 443 2899 μᾶλλον
475 2831 739 2902 ὑπάρχων
770 2833 839 2887 τά
883 2833 1006 2886 καθ’
1037 2836 1220 2905 ἡμᾶς,
1264 2835 1358 2887 καὶ
1403 2834 1543 2904 μόνῃ
1589 2835 1654 2904 τῇ
1699 2833 1819 2904 θεία

243 2919 601 2992 νευρούμενος
642 2922 862 2992 χάριτι,
892 2923 1030 2976 ἀλλὰ
1061 2924 1155 2976 καὶ
1192 2922 1272 2993 τῷ
1299 2926 1399 2994 τῆς
1433 2923 1675 2994 υἱότητος
1706 2923 1820 2975 ὀνό-

246 3028 372 3080 ματι
403 3011 528 3082 μεθ’
565 3011 724 3083 ἡμῶν
751 3013 1136 3086 τετιμημένος.
1175 3013 1241 3066 Τί
1266 3009 1358 3068 οὗν
1379 3053 1394 3079 ,
1426 3013 1547 3066 εἰπέ
1587 3031 1710 3085 μοι,
1745 3013 1818 3084 μὴ

244 3105 333 3158 καὶ
380 3105 547 3170 αὐτὸς
597 3107 692 3160 σὺν
736 3108 867 3178 ἡμῖν
907 3108 1008 3178 τὴν
1060 3107 1268 3161 οἰκείαν
1315 3107 1568 3177 ὁμολογεῖ
1615 3107 1815 3176 φύσιν;

245 3193 379 3248 διατι
418 3196 477 3249 δὲ
521 3197 684 3266 ἡμεῖς
716 3197 1080 3269 ἀπολλύμενοι
1123 3197 1215 3252 τὸν
1250 3198 1458 3263 αἰῶνα,
1511 3198 1606 3250 καὶ
1655 3199 1817 3262 αὐτὸς

245 3284 550 3354 καθήμενος
586 3285 679 3338 τὸν
708 3286 912 3354 αἰῶνας
943 3288 1038 3341 τοῦ
1087 3287 1145 3340 δὲ
1190 3287 1255 3358 δὴ
1305 3288 1466 3358 χάριν
1507 3289 1671 3358 ἡμεῖς
1719 3288 1817 3358 μὲν

244 3375 466 3444 οἰκέται,
505 3376 696 3447 κύριος
735 3377 794 3430 δὲ
835 3379 1033 3444 αὒτός;
1081 3379 1150 3432 Εἰ
1185 3377 1292 3450 γὰρ
1335 3379 1428 3432 καὶ
1463 3379 1570 3432 υἱοί
1616 3379 1814 3450 κεκλή-

247 3468 381 3538 μεθα
413 3469 586 3533 Θεοῦ,
625 3468 725 3541 τὴν
781 3470 918 3526 ἰδίαν
969 3471 1130 3541 φύσιν
1178 3473 1328 3528 οὐδὲν
1369 3469 1530 3546 ἦττον
1562 3471 1818 3540 ὲπιγινὼο

248 3575 482 3625 σκοντες,
507 3562 608 3615 οὐκ
639 3562 1003 3633 αἰσχυνόμεθα
1041 3563 1138 3634 τὴν
1171 3563 1327 3630 δόξαν
1351 3580 1364 3593 ·
1395 3565 1557 3626 αὐτὸς
1585 3562 1664 3628 δὲ,
1695 3563 1816 3616 εἰπέ

249 3665 346 3717 μοι,
372 3650 465 3703 διὰ
487 3651 651 3704 ποίαν
674 3653 868 3719 αἰτίαν,
896 3653 1052 3722 εἰπερ
1082 3653 1199 3705 ἐστὶ
1230 3654 1349 3706 καθ’
1374 3654 1541 3724 ἡμᾶς,
1573 3653 1666 3706 καὶ
1694 3653 1814 3708 κατ’

245 3744 385 3797 οὐδὲν
431 3745 543 3798 τῶν
576 3749 889 3818 κτισμάτων
938 3751 995 3801 έν
1035 3749 1312 3818 ἀμείνοσι,
1361 3747 1502 3802 κατά
1536 3765 1598 3815 γε
1631 3748 1692 3801 τὺ
1739 3747 1815 3818 μὴ

246 3831 374 3888 εἶναι
403 3837 551 3889 κατὰ
579 3835 740 3905 φύσιν
778 3837 909 3900 Θεὸς
954 3837 1145 3908 (τοῦτο
1185 3838 1294 3908 γὰρ
1324 3840 1437 3901 τοῖς
1466 3838 1814 3902 ἀπαιδεύτοις

243 3925 438 3995 δοκεῖ),
465 3927 520 3979 τί
547 3928 622 3997 μὴ
667 3927 786 3998 μεθ’
809 3930 843 3999 ἡ
853 3929 968 3998 μῶν
992 3930 1242 4000 ὁμολογεῖ
1268 3929 1365 4000 τὴν
1393 3929 1670 3996 δουλείαν;
1703 3929 1814 4001 Τὴν

241 4018 292 4070 δὲ
315 4019 640 4090 πρέπουσαν
665 4021 760 4072 καὶ
798 4021 1159 4092 ἀνακειμένην
1201 4021 1382 4084 ἰδικῶς
1406 4024 1473 4092 τῇ
1501 4021 1623 4092 θείᾳ
1654 4022 1814 4092 φύσει

241 4112 399 4179 τιμήν
433 4126 492 4160 τε
533 4109 631 4163 καί
656 4110 812 4176 δόξαν
847 4111 1020 4182 ἑαυτῷ
1047 4112 1291 4182 περιθεὶς
1315 4152 1332 4178 ,
1361 4116 1474 4175 τοῖς
1502 4113 1677 4182 ἁγίοις
1709 4130 1815 4183 μα-

241 4201 424 4270 θηταῖς
466 4201 779 4271 εὐρίσκεται
827 4202 999 4272 λέγων
1032 4219 1046 4234 ’
1090 4223 1108 4256 ι
1170 4205 1359 4276 Ὑμεῖς
1402 4206 1617 4259 καλεῖτέ
1650 4223 1738 4277 με,
1784 4209 1813 4260 6

240 4291 443 4362 Κύριος
482 4293 578 4343 καί
609 4293 638 4343 ό
676 4292 1036 4360 Διδάσκαλος,
1084 4296 1179 4350 καὶ
1208 4297 1389 4360 καλῶς
1434 4297 1620 4365 λέγετε
1647 4315 1660 4328 ·
1696 4299 1813 4370 εἰμί

1921 1839 2144 1892 stultam
2187 1836 2572 1892 haereticorum
2615 1836 2977 1897 sententiam,
3019 1835 3311 1905 gloriﬁcet.
3341 1835 3498 1900 Quod

1919 1930 1966 1984 si
2005 1927 2164 1983 Pater
2204 1941 2450 1997 unquam
2487 1925 2554 1981 ab
2589 1927 2681 1980 illa
2711 1926 3107 1996 conjunctione
3144 1933 3196 1980 et
3227 1927 3498 1979 inhabita-

1919 2021 2070 2075 tione
2103 2035 2228 2074 cum
2260 2017 2402 2074 Filio
2428 2019 2684 2074 recedere
2710 2019 2861 2083 velit,
2887 2019 3025 2073 nihil
3053 2019 3244 2088 utique
3272 2018 3498 2073 distabit

1917 2111 1986 2168 ab
2028 2111 2096 2167 iis
2136 2112 2229 2182 qui
2277 2111 2601 2166 exciderunt
2641 2125 2744 2165 suo
2787 2110 3144 2180 principatu,
3181 2109 3321 2163 nihil
3368 2125 3497 2180 pro-

1914 2205 2090 2275 prium
2120 2203 2350 2266 habens.
2380 2218 2482 2258 nec
2514 2204 2570 2258 in
2593 2216 2694 2259 sua
2720 2213 2921 2257 natura
2945 2201 3260 2258 Genitorem
3288 2201 3495 2266 ferens,
3557 2205 3564 2212 ‘

1917 2295 2012 2350 sed
2037 2293 2092 2348 in
2116 2294 2375 2349 omnibus
2407 2294 2586 2349 nostri
2622 2293 2824 2349 similis
2860 2293 3162 2357 exsistens,
3187 2301 3241 2346 et
3263 2292 3380 2346 sola
3407 2293 3496 2346 di-

1914 2386 2042 2440 vina
2087 2385 2380 2441 roboratus
2417 2386 2632 2455 gratia,
2671 2383 2809 2438 adde
2848 2393 2901 2438 et
2948 2383 3234 2438 ﬁliationis
3273 2383 3496 2437 nomine

1917 2479 2205 2532 nobiscum
2244 2485 2492 2534 ornatus.
2522 2477 2723 2542 Quidni
2772 2477 2958 2547 igitur,
2995 2493 3212 2547 quaeso,
3253 2477 3418 2531 etiam
3452 2479 3499 2530 is

1916 2570 2206 2624 nobiscum
2239 2584 2396 2625 suam
2421 2567 2718 2624 conﬁtetur
2745 2568 3045 2621 naturam?
3069 2576 3162 2622 aut
3189 2583 3290 2621 cur
3311 2583 3412 2624 nos
3438 2570 3497 2622 in

1917 2660 2121 2715 saeculo
2164 2660 2431 2730 perimus,
2463 2659 2580 2729 ipse
2631 2673 2764 2714 vero
2799 2658 3007 2713 smculo
3052 2659 3292 2714 insidet?
3330 2674 3497 2729 quam

1917 2752 1988 2806 ob
2029 2767 2255 2806 causam
2289 2765 2392 2806 nos
2442 2750 2663 2816 famuli,
2710 2750 2826 2819 ipse
2856 2764 2988 2804 vero
3033 2749 3346 2804 Dominus?
3377 2749 3494 2803 Etsi

1917 2845 2064 2900 enim
2109 2843 2206 2899 ﬁlii
2236 2858 2624 2914 nuncupemur
2659 2842 2787 2908 Dei,
2819 2842 3186 2896 nihilominus
3242 2849 3495 2895 naturam

1917 2945 2165 2989 nostram
2219 2941 2609 3005 agnoscentes,
2635 2933 2869 3004 gloriam
2908 2947 3018 2986 non
3047 2933 3431 2987 erubescimus
3450 2935 3495 2986 °.

1845 3061 1886 3120 ο
1920 3024 2042 3095 Ipse
2070 3040 2199 3080 vero
2223 3024 2269 3080 si
2289 3025 2451 3080 nobis
2480 3032 2564 3079 est
2595 3024 2828 3090 similis,
2870 3039 2972 3080 nec
3003 3025 3116 3079 ullo
3144 3026 3310 3081 modo
3341 3042 3498 3082 crea-

1923 3114 2064 3170 turis
2083 3115 2363 3184 superior,
2393 3115 2449 3168 in
2469 3123 2737 3183 quantum
2759 3129 2870 3168 non
2885 3121 2966 3168 est
2990 3123 3187 3167 natura
3211 3113 3353 3169 Deus
3373 3117 3499 3186 (hoc

1919 3206 2064 3261 enim
2112 3206 2356 3276 imperiti
2401 3205 2696 3276 sentiunt),
2728 3204 2924 3274 qttidni
2967 3205 3289 3259 servitutem
3320 3205 3501 3259 nobis-

1919 3311 2043 3351 cum
2079 3296 2400 3366 proﬁtetur?
2427 3295 2535 3351 Sed
2573 3296 2996 3350 convenientem
3040 3296 3260 3365 proprie
3289 3304 3500 3350 natura:

1918 3388 2117 3444 divinae
2164 3388 2432 3444 honorem
2477 3394 2532 3442 et
2577 3387 2807 3458 gloriam
2861 3387 2967 3440 sibi
3021 3386 3338 3449 vindicans,
3384 3388 3501 3441 suis

1917 3479 2205 3550 discipulis
2233 3479 2421 3535 dicere
2447 3480 2728 3550 reperitur
2755 3499 2767 3532 :
2805 3496 2824 3530 ι
2856 3477 2968 3533 Vos
2998 3479 3212 3533 vocatis
3242 3494 3348 3540 me,
3383 3478 3498 3531 Ma-

1917 3572 2091 3642 gister
2115 3579 2170 3626 et
2195 3569 2425 3626 Domine
2450 3590 2465 3638 ;
2494 3579 2550 3626 et
2577 3571 2718 3626 bene
2739 3569 2930 3625 dicitis
2960 3589 2972 3624 :
3009 3586 3129 3624 sum
3152 3571 3358 3625 etenim
3382 3571 3446 3624 ¹⁰.
3473 3589 3493 3622 ι

1916 3661 2095 3732 Atque
2125 3661 2244 3717 haec
2273 3661 2492 3731 quidem
2521 3660 2777 3718 Salvator
2817 3680 2829 3716 :
2864 3661 2959 3716 sed
2994 3660 3126 3716 boni
3158 3661 3235 3714 illi
3272 3662 3501 3732 dogma-

1917 3760 2034 3808 tum
2063 3753 2448 3809 hereticorum
2487 3753 2824 3823 interpretes
2869 3753 3095 3806 laudant
3125 3753 3344 3822 quidem
3371 3768 3498 3807 eum

1917 3851 2254 3900 asserentem
2280 3859 2345 3898 ac
2368 3844 2647 3900 dicentem
2685 3859 2744 3899 se
2767 3860 2896 3899 vere
2919 3859 3149 3913 prorsus
3173 3844 3356 3897 vocari
3391 3841 3496 3897 Do-

1915 3935 2150 4001 minum,
2183 3935 2278 3990 sed
2306 3949 2337 3987 a
2369 3935 2608 3988 naturali
2637 3934 3014 3989 dominatione
3048 3949 3174 3988 eum
3198 3933 3497 3988 excluden-

1916 4031 1998 4079 tes
2029 4040 2097 4078 ex
2121 4039 2188 4079 eo
2214 4023 2361 4094 quod
2385 4023 2587 4079 nolunt
2603 4038 2729 4078 eum
2763 4022 2932 4078 Deum
2959 4023 3028 4078 de
3051 4022 3161 4077 Deo
3187 4023 3494 4078 secundum

1915 4119 2170 4166 naturam
2206 4111 2491 4176 conﬁteri,
2519 4128 2629 4166 non
2660 4120 2846 4166 tamen
2890 4120 3184 4182 propterea
3233 4113 3338 4168 sibi
3372 4129 3498 4183 pcr-

1916 4202 2148 4258 suadent
2197 4219 2256 4259 se
2303 4203 2506 4273 piaculi
2556 4203 2645 4258 sui
2699 4201 2936 4273 prodere
2984 4202 3314 4258 fmditatem.
3357 4203 3494 4258 Nam

1915 4296 2060 4366 quod
2124 4311 2224 4351 nec
2280 4296 2334 4350 in
2394 4293 2730 4348 famulorum
2787 4292 3022 4360 ordine,
3071 4308 3174 4349 nec
3231 4294 3286 4348 in
3342 4309 3496 4349 crea-

239 4380 362 4452 γάρ.
403 4400 420 4431 ι
459 4381 569 4436 Καὶ
595 4383 770 4438 ταῦτα
803 4384 901 4454 μὲν
928 4387 956 4438 6
983 4386 1174 4458 Σωτήρ
1197 4403 1211 4418 ·
1247 4389 1297 4440 οἱ
1329 4387 1386 4440 δὲ
1434 4387 1588 4442 καλοί
1627 4405 1684 4442 τε
1717 4390 1810 4442 καὶ

1916 4396 2161 4442 turarum
2215 4401 2443 4442 numero
2490 4385 2750 4441 collocari
2809 4385 2960 4450 velit,
3014 4385 3110 4441 sed
3163 4385 3231 4440 ad
3270 4385 3494 4440 liberta-

240 4472 431 4538 ἀγαθοὶ
469 4472 577 4524 τῶν
617 4473 738 4525 κατ’
787 4475 954 4528 αὑτοῦ
1001 4476 1284 4546 δογμάτων
1317 4480 1609 4551 εἰσηγηταί
1651 4482 1812 4534 ἐπαι-

237 4561 384 4614 νοῦσι
427 4563 528 4633 μὲν
562 4563 788 4631 λέγοντα
826 4567 920 4620 καὶ
949 4565 1346 4638 διατεινόμενον
1370 4613 1386 4635 ,
1421 4571 1498 4634 ὼς
1524 4571 1611 4640 εῖη
1673 4588 1811 4625 παν-

239 4656 451 4724 αληθῶς
484 4656 818 4726 καλούμενος
849 4656 1073 4729 Κύριος,
1103 4658 1202 4729 τῆς
1243 4659 1298 4712 δὲ
1336 4661 1478 4714 κατὰ
1510 4660 1672 4730 φύσιν
1715 4679 1814 4714 κυ-

238 4749 486 4818 ριότητος
539 4748 868 4815 ἐξωθοῦντες
917 4751 1078 4804 αὑτὸν
1126 4751 1213 4804 διὰ
1266 4752 1358 4806 τοῦ
1403 4753 1477 4824 μὴ
1528 4753 1814 4823 βούλεσθαι

234 4842 363 4895 θεὸν
387 4843 452 4894 ὲκ
486 4842 623 4895 Θεοῦ
656 4842 797 4895 κατὰ
825 4842 986 4912 φύσιν
1009 4843 1314 4914 ὁμολογεῖν,
1345 4846 1441 4898 καὶ
1478 4847 1576 4919 τῆς
1605 4848 1814 4901 ἑαυτῶν

235 4929 520 5002 βδελυρίας
541 4932 609 4984 τά
638 4933 853 4985 πάντων
875 4931 1129 5002 αἴσχιστα
1151 4936 1478 5004 κατηγορεῖν
1506 4935 1565 4986 οὐ
1591 4936 1814 4988 πιστεύ-

232 5039 402 5077 ουσιν.
446 5023 572 5076 Ὀτι
614 5023 724 5094 γὰρ
767 5025 866 5077 οὐκ
914 5025 973 5078 ὲν
1005 5026 1118 5088 τοῖς
1163 5024 1261 5095 τὴν
1317 5025 1572 5097 δουλικὴν
1626 5026 1812 5096 ἔχουσι

232 5112 426 5176 τάξιν,
478 5113 600 5166 οὐδὲ
653 5117 766 5178 τοῖς
819 5115 926 5169 τῶν
989 5115 1291 5185 γεγονότων
1354 5117 1677 5186 κσταλόγοις
1730 5120 1813 5172 ὲν-

233 5204 493 5274 αρξθμιος
542 5201 682 5258 εἶναι
739 5206 1023 5276 βούλεται,
1095 5206 1283 5277 βλέπει
1347 5208 1405 5262 δὲ
1481 5209 1681 5278 μᾶλλον
1733 5213 1814 5274 εἰς

231 5297 331 5365 τὴν
392 5297 621 5350 ἐνοῦσαν
680 5298 830 5370 αὐτῷ
883 5299 1027 5352 κατὰ
1083 5299 1244 5368 φύσιν
1299 5299 1654 5372 ἐλευθερίαν,
1718 5303 1814 5355 καὶ

232 5389 321 5441 ὅτε
395 5392 619 5459 γέγονεν
685 5393 743 5444 ὲν
815 5394 881 5463 τῇ
964 5391 1058 5444 τοῦ
1133 5391 1318 5444 δούλου
1416 5396 1637 5464 μορφῇ,
1717 5393 1810 5447 καὶ

233 5481 318 5534 διὰ
359 5482 552 5535 τούτου
596 5485 866 5546 συνήσεις.
916 5481 1164 5552 Ἀφίκετο
1201 5482 1298 5552 μὲν
1344 5482 1452 5553 γάρ
1497 5485 1552 5536 ἐν
1597 5485 1817 5553 Καφαρ-

301 5661 323 5692 ⁹
358 5661 373 5713 l
404 5660 569 5716 .loan.
614 5677 711 5726 III,
748 5663 795 5715 l.

876 5663 916 5692 '°
963 5660 1117 5715 Joan.
1159 5676 1276 5724 XIII,
1310 5659 1390 5712 l5.
1471 5661 1512 5692 ¹¹
1551 5659 1781 5728 Philipp.
1814 5675 1849 5714 ll
1876 5701 1887 5722 ,
1915 5659 2023 5714 68.

1919 4488 2024 4533 tem
2076 4478 2258 4546 potius
2307 4483 2518 4546 spectet
2573 4475 2680 4531 sibi
2718 4489 2745 4528 a
2805 4487 3001 4530 natura
3045 4473 3295 4541 insitam,
3327 4474 3493 4528 etiam

1919 4583 2044 4622 cum
2097 4567 2272 4621 factus
2314 4575 2399 4622 est
2439 4567 2494 4620 in
2537 4566 2714 4621 forma
2756 4566 2902 4622 servi
2928 4566 3003 4632 “,
3037 4564 3194 4634 791
3245 4567 3331 4619 vel
3367 4565 3497 4619 hinc

1918 4657 2208 4728 intelliges.
2237 4655 2526 4711 Profectus
2553 4666 2638 4711 est
2681 4656 2735 4710 in
2779 4655 3205 4725 Capharnaum,
3239 4656 3386 4709 sicut
3439 4655 3496 4709 in

1918 4749 2229 4820 Evangeliis
2273 4748 2508 4818 legimus
2563 4765 2577 4802 :
2625 4753 2921 4802 exactores
2960 4754 3143 4801 autem
3189 4745 3497 4799 didrachmi

1919 4841 2146 4896 Petrum
2180 4839 2452 4896 adeuntes
2494 4839 2575 4892 sic
2611 4853 2738 4892 eum
2789 4837 3200 4908 compellarunt
3234 4855 3246 4890 :
3282 4853 3301 4886 ι
3327 4834 3495 4906 Magi-

1921 4943 2034 4989 ster
2075 4944 2254 4989 vester
2306 4948 2416 4986 non
2476 4931 2643 4985 solvit
2693 4929 3027 4984 didrachma
3056 4929 3187 4981 “?»
3236 4925 3354 4980 Hoc
3401 4927 3492 4980 ubi

1920 5025 2176 5081 Christus
2210 5024 2459 5086 rescivit,
2493 5020 2625 5091 quid
2651 5021 2720 5075 ad
2755 5021 2978 5076 Petrum
3011 5017 3381 5088 responderit,
3415 5017 3486 5073 via

1920 5113 2052 5168 dere
2089 5121 2176 5168 est
2207 5127 2387 5182 opera:
2429 5111 2668 5180 pretium
2706 5129 2720 5166 :
2757 5129 2775 5161 ι
2803 5110 2982 5180 Reges
3013 5118 3192 5172 terrae,
3226 5122 3255 5160 a
3288 5107 3492 5176 quibus

1914 5204 2198 5273 accipiunt
2228 5217 2476 5264 censum,
2510 5209 2604 5254 aut
2641 5201 2889 5256 tributa?
2918 5213 2948 5253 a
2988 5195 3118 5252 ﬁliis
3151 5195 3290 5258 suis,
3325 5211 3394 5250 an
3423 5195 3493 5249 ab

1914 5295 2110 5348 alienis
2137 5293 2261 5346 "‘2:
2309 5290 2472 5346 Petro
2519 5301 2702 5346 autem
2765 5292 3046 5360 sapienter
3089 5295 3146 5343 et
3195 5286 3495 5357 prudenter

1917 5386 2217 5442 conﬁtente
2258 5384 2474 5455 legibus
2509 5399 2573 5438 ac
2604 5384 2830 5439 tributis
2860 5398 2984 5437 cum
3027 5382 3329 5436 obnoxium
3370 5394 3494 5436 esse

1922 5483 2143 5547 debere,
2177 5482 2270 5552 qui
2318 5495 2486 5553 regno
2519 5495 2618 5534 nec
2669 5494 2869 5549 genere
2921 5493 3023 5532 nec
3077 5477 3186 5530 alio
3232 5475 3391 5531 modo
3419 5472 3492 5535 sit

2103 5661 2144 5690 ¹²
2180 5658 2372 5713 Matth.
2400 5671 2530 5718 xvtt,
2557 5654 2647 5709 9.3.
2729 5657 2772 5687 ¹³
2805 5654 2932 5708 ihid.
2970 5655 3059 5709 ﬁt.
