4042 6204
555 252 662 307 227

1580 258 1638 314 S.
1680 254 1960 312 CYlilLLl
1996 255 2471 313 ALEXANDRINI
2516 255 2840 314 ARCHIEP.

559 361 868 432 proximus,
903 364 1087 420 statim
1132 364 1424 436 subiunxit
1462 365 1743 430 Christus,
1782 366 1896 422 Deo
1931 379 2135 421 conve-

2245 367 2434 438 ναοὺμ,
2465 368 2717 440 καθάπερ
2758 371 2818 423 ἐν
2854 369 2968 434 τοῖς
3006 370 3364 440 Εὐαγγελίοις
3392 370 3742 442 ἀνέγνωμεν
3779 372 3829 429 οι

559 455 724 510 uicus
770 456 1147 512 testimonium
1201 458 1307 512 sibi
1354 457 1611 513 tribuens
1654 474 1669 511 :
1724 476 1743 508 ι
1781 455 1927 529 Ergo
1977 457 2137 513 liberi

559 556 689 601 sunt
727 546 827 602 lilii
855 548 920 602 “.
966 567 986 600 ι
1028 548 1186 614 Quod
1219 549 1266 603 si
1301 564 1607 606 conservus
1642 557 1748 615 est,
1778 565 1845 605 ac
1890 566 2003 606 non
2047 548 2137 605 Fi-

559 640 666 694 lius
701 655 829 695 vere
860 656 926 695 ex
958 639 1139 697 Patris
1185 643 1501 697 substantia
1535 643 1787 714 genitus,
1823 657 2003 714 neque
2040 657 2128 696 na-

557 730 792 784 turalem
846 729 1059 786 habens
1099 748 1225 787 cum
1281 731 1446 788 Patre
1501 733 1985 803 eonjuuctionem,
2038 749 2139 790 cur

556 822 700 877 alios
777 838 975 878 omnes
1073 825 1302 880 tributis
1353 826 1626 881 obnoxios
1670 824 1905 894 faciens,
1937 835 1999 881 ut
2040 827 2136 897 qui

557 913 725 968 alieni
777 928 886 968 non
934 915 1048 969 siut
1097 925 1292 970 natura
1345 917 1416 971 ab
1452 925 1715 972 exactore
1763 919 1957 974 tributi
1995 926 2052 973 et
2080 918 2133 972 in

557 1020 845 1061 servorum
882 1007 1001 1061 loco
1043 1008 1231 1078 positi,
1269 1008 1375 1064 sibi
1407 1008 1501 1064 uni
1535 1009 1843 1065 libertatem
1887 1010 2137 1065 vindica-

557 1097 671 1151 vit?
702 1098 947 1154 Abusive
983 1101 1192 1156 etenim
1240 1100 1311 1156 de
1349 1101 1514 1157 nobis
1545 1102 1807 1157 dicuntur
1849 1118 1972 1171 qua:
2012 1120 2138 1173 pro-

556 1187 676 1256 prie
704 1202 773 1242 ac
793 1204 922 1244 vere
941 1188 1136 1245 deitati
1167 1199 1481 1260 congruunt
1510 1192 1672 1261 eique
1695 1207 1883 1247 revera
1923 1193 2136 1259 insunt,

556 1279 635 1333 ita
660 1287 721 1333 ut
751 1280 797 1335 si
827 1281 953 1350 quis
987 1292 1375 1338 creaturarum
1414 1292 1669 1339 naturam
1717 1298 1976 1341 accurate
2006 1302 2139 1341 cou-

557 1370 788 1439 sideret,
825 1374 1109 1430 servitutis
1152 1377 1338 1445 utique
1382 1391 1584 1432 nomen
1637 1392 1702 1432 ac
1744 1393 1861 1433 rem
1907 1379 1957 1434 ei
2003 1394 2139 1434 con-

555 1465 749 1519 venire
805 1464 1081 1534 imprimis
1134 1469 1459 1538 comperiat.
1507 1468 1605 1524 Sin
1652 1480 1837 1526 autem
1882 1480 2135 1527 nostrum

553 1556 728 1626 aliqui
763 1556 1038 1612 libertatis
1078 1559 1253 1628 gloria
1296 1560 1543 1617 deeorati
1576 1569 1730 1627 sunt,
1764 1561 1993 1618 abusive
2040 1563 2139 1616 ha-

554 1647 688 1704 bent
730 1648 877 1718 quod
919 1648 1031 1705 Deo
1063 1651 1168 1706 soli
1209 1652 1461 1709 debetur.
1494 1652 1670 1710 Porro
1721 1655 1958 1711 libenter
1989 1656 2042 1711 id
2070 1670 2137 1711 ex

2236 459 2297 512 δὲ
2342 459 2436 513 τοῦ
2489 462 2632 515 κατά
2685 460 2849 530 νόμον
2894 460 3189 533 διδράχμου
3244 461 3578 533 πράκτορες,
3637 463 3832 536 Πέτρῳ

2238 551 2556 622 προσιόντες
2595 551 2862 620 ἔφασκον·
2893 570 2913 603 ι
2963 555 3020 606 '0
3052 553 3370 617 διδάσκαλος
3410 554 3567 625 ὑμῶν
3592 557 3653 608 οὐ
3685 558 3834 612 τελεῖ

2238 640 2299 694 τὸ
2322 640 2650 713 δίδραχμον;
2678 665 2696 696 ι
2721 644 2829 698 Καὶ
2842 644 3028 717 ἐπειδὴ
3056 645 3215 699 τοῦτο
3261 646 3496 716 Χριστὸς
3525 646 3829 712 διεπύθετο,

2236 732 2290 784 τί
2308 732 2445 802 πρὸς
2463 734 2556 787 τὸν
2580 734 2789 805 Πέτρον
2810 735 3166 806 ἁπεκρίνατο,
3196 736 3405 790 δίκαιον
3433 732 3527 790 οὖν
3547 737 3698 794 ἰδεῖν.
3727 758 3747 790 ι
3769 742 3830 793 Οί

2240 822 2483 893 βασιλεῖς
2530 825 2633 896 τῆς
2665 828 2791 897 γῆς,
2823 828 2932 879 ἀπὸ
2979 827 3139 881 τίνων
3196 827 3537 898 λαμϐάνουσι
3568 830 3770 900 κῆνσον
3796 832 3829 903 ἢ

2238 915 2365 985 τέλη
2392 934 2407 982 ;
2441 916 2547 969 ἀπὸ
2577 916 2687 971 τῶν
2716 917 2868 982 υίῶν,
2898 918 2931 989 ἢ
2968 918 3076 971 ἀπὸ
3095 918 3203 971 τῶν
3228 918 3526 989 ἀλλοτρίων
3551 937 3600 986 ς»
3636 920 3743 973 Τοῦ
3777 920 3833 972 δὲ

2239 1006 2448 1079 Πέτρου
2479 1008 2655 1077 σοφῶς
2683 1027 2741 1062 τε
2765 1010 2860 1063 καὶ
2888 1009 3155 1080 νουνεχῶς
3185 1010 3278 1064 τὸν
3306 1012 3407 1081 τῆς
3431 1010 3708 1080 βασιλείας
3730 1012 3834 1065 ἀλ-

2239 1098 2473 1171 λότριον,
2500 1102 2625 1154 ὅσον
2652 1102 2732 1166 είς
2760 1102 2917 1171 γένος
2948 1103 3043 1157 καὶ
3070 1102 3171 1174 τὴν
3203 1102 3325 1156 καθ’
3349 1105 3499 1173 ἡμᾶς
3528 1104 3830 1174 νοουμένην

2239 1192 2593 1261 ἀγχιστείαν,
2659 1194 2983 1248 ὑποκεῖσθαι
3031 1194 3142 1248 δεῖν
3194 1197 3307 1256 τοῖς
3369 1195 3592 1265 θεσμοῖς
3635 1196 3670 1267 ἦ
3715 1198 3831 1260 τοῖς

2239 1285 2447 1339 τέλεσιν
2479 1285 2939 1357 ὁμολογήσαντος,
2983 1285 3150 1350 εὐθὺς
3198 1288 3479 1358 ἐπήγαγεν
3518 1288 3548 1340 6
3575 1287 3826 1358 Χριστὸς,

2240 1377 2417 1448 ἑαυτῷ
2451 1379 2552 1449 τὴν
2580 1377 2857 1450 θεοπρεπῆ
2897 1380 3202 1451 μαρτυρίαν
3231 1381 3308 1443 ὡς
3348 1378 3566 1451 ἀληθῶς
3603 1380 3829 1433 ἐνοῦσαν

2241 1468 2586 1538 προσνέμωνο
2619 1469 2798 1540 «Ἄρα
2831 1484 2896 1537 γε
2935 1467 3213 1539 ἐλεύθεροί
3241 1470 3379 1522 εἰσιν
3394 1470 3445 1521 oi
3474 1468 3602 1522 υἱοί.
3636 1487 3654 1518 ι
3686 1469 3748 1522 Εἰ
3770 1469 3828 1522 δὲ

2237 1548 2307 1625 ἦν
2322 1554 2628 1624 ὀμόδουλος,
2653 1557 2750 1610 καὶ
2761 1556 2861 1626 οὐχ
2891 1555 3017 1620 Υίὸς
3036 1556 3252 1627 ἀληθῶς
3280 1556 3347 1609 ἐκ
3368 1557 3473 1627 τῆς
3498 1556 3593 1611 τοῦ
3617 1557 3830 1629 Πατρὸς

2239 1646 2427 1708 οὐσίας
2466 1648 2885 1719 γεγεννημένος,
2911 1647 3033 1700 οὐδὲ
3080 1648 3313 1719 φυσικὴν
3363 1649 3504 1719 ἔχων
3556 1648 3695 1719 πρὸς
3736 1648 3830 1701 τὸν

554 1739 637 1795 eis
672 1740 950 1797 sciscitari
980 1742 1170 1808 velint,
1199 1760 1331 1799 num
1363 1745 1637 1802 deiferum
1665 1745 1898 1803 Paulum
1935 1747 2137 1803 dicturi

2245 1737 2464 1790 τεκόντα
2493 1738 2593 1810 τὴν
2624 1740 2951 1810 οἰκειότητα,
2975 1739 3029 1792 τί
3065 1740 3194 1803 τοὺς
3231 1740 3422 1802 ἄλλους
3446 1741 3691 1802 ἅπαντας
3718 1741 3832 1802 τοῖς

558 1830 692 1895 sint,
717 1834 864 1900 quod
899 1831 1162 1890 Christus
1191 1836 1463 1893 inhabitet
1495 1840 1551 1894 in
1579 1854 1648 1895 eo
1686 1854 1786 1909 per
1808 1856 1969 1896 suum
2014 1840 2140 1912 Spi-

558 1922 729 1976 ritum
767 1943 782 1978 :
814 1938 883 1977 an
907 1933 964 1979 et
994 1925 1097 1981 hoc
1131 1936 1406 1998 nugantes
1441 1928 1739 1987 iuﬁciaturi
1773 1932 1907 1986 sint.
1932 1931 2066 1986 Nam
2092 1933 2138 1988 si

556 2027 750 2070 revera
798 2015 1071 2072 deiferum
1133 2033 1243 2074 non
1285 2035 1411 2077 esse
1460 2022 1688 2089 dicent,
1748 2025 1940 2095 utique
1989 2025 2139 2080 istud

558 2103 795 2162 sulliciet
857 2117 918 2163 ut
963 2111 1227 2168 omnibus
1266 2114 1644 2183 persuadeant
1677 2116 2010 2188 rejiciendas
2048 2133 2142 2173 eo-

557 2211 682 2251 rum
731 2214 856 2254 esse
898 2217 1076 2272 nugas
1119 2216 1173 2258 et
1206 2219 1428 2261 summo
1458 2208 1588 2262 odio
1616 2208 1922 2275 habendas,
1956 2222 2015 2264 ut
2044 2212 2139 2281 qui

558 2288 699 2342 nihil
745 2291 973 2346 absurdi
1016 2295 1090 2348 sit
1132 2296 1282 2366 quod
1311 2298 1561 2368 proferre
1596 2310 1873 2357 recusent.
1909 2300 2005 2357 Sin
2037 2319 2139 2358 auo

558 2390 666 2435 tem
704 2382 808 2435 hoc
841 2382 1118 2451 fugientes
1150 2389 1217 2442 ad
1247 2404 1436 2444 verum
1482 2391 1780 2447 dicendum
1814 2405 2141 2451 convertan-

557 2478 675 2536 tur,
711 2486 776 2526 ac
827 2488 956 2528 vere
990 2476 1263 2531 deiferum
1297 2495 1425 2534 eum
1473 2480 1811 2547 fatebuntur,
1847 2496 2140 2556 pr0pterea

555 2561 705 2631 quod
741 2561 883 2619 Deus
928 2564 982 2619 in
1017 2565 1137 2635 ipso
1187 2567 1417 2631 habitet,
1445 2571 1725 2640 quomodo
1770 2587 1880 2626 non
1925 2587 2142 2629 summa

557 2670 684 2710 eum
726 2657 1009 2727 impietate
1060 2660 1245 2716 dicere
1285 2672 1588 2731 arguentur
1622 2680 1653 2719 a
1702 2665 1797 2720 Dei
1851 2680 1917 2721 ac
1957 2666 2142 2725 Patris

560 2748 876 2803 substantia
916 2751 1155 2805 alienum
1193 2768 1319 2809 esse
1371 2752 1614 2810 Filium?
1658 2755 1777 2811 Non
1826 2759 1939 2828 jam
1994 2762 2141 2813 enim

558 2836 734 2894 deiter
765 2848 849 2893 est
890 2840 1115 2904 Paulus,
1142 2843 1188 2897 si
1222 2859 1331 2897 non
1363 2844 1505 2902 Deus
1550 2848 1856 2904 secundum
1888 2859 2141 2906 naturam

563 2931 637 2986 sit
677 2929 894 2996 Filius;
953 2932 1052 2988 sed
1090 2937 1486 2996 erubescentes
1526 2942 1862 3014 quandoque
1904 2950 2143 3013 (summa

2228 1830 2450 1883 τέλεσιν
2479 1831 2721 1897 ὑποθεὶς,
2753 1831 2830 1894 ὡς
2867 1831 2967 1885 οὐκ
3006 1831 3319 1903 ἀλλοτρίους
3347 1832 3509 1896 δντας
3546 1832 3689 1885 κατά
3730 1833 3831 1902 τὴν

2241 1919 2402 1989 φύσιν
2434 1920 2527 1974 τοῦ
2568 1922 2924 1992 δασμολογεῖν
2961 1920 3266 1989 ὀφείλοντος
3289 1961 3305 1987 ,
3362 1924 3456 1975 καὶ
3497 1922 3555 1974 ἐν
3602 1920 3833 1974 οἰκετῶν

2239 2012 2392 2077 τάξει
2425 2012 2732 2084 κειμένους,
2767 2014 2912 2083 μόνῳ
2959 2014 3059 2083 τὴν
3105 2012 3420 2083 ἐλευθερίαν
3471 2011 3828 2083 μεμαρτύρη-

2242 2121 2338 2158 κεν
2387 2105 2604 2176 ἐαυτῴ;
2647 2103 3120 2177 Καταχρηστικῶς
3164 2103 3263 2175 μὲν
3311 2103 3422 2175 γὰρ
3453 2105 3541 2173 ἐφ’
3582 2107 3714 2174 ημῖν
3759 2102 3831 2157 τὰ

2241 2198 2447 2269 κυρίως
2491 2214 2551 2251 τε
2601 2197 2696 2250 καὶ
2750 2197 2968 2267 ἀληθῶς
3011 2196 3147 2268 μόνῃ
3185 2196 3465 2267 πρέποντα
3498 2199 3564 2268 τῇ
3613 2197 3830 2266 θεότητι

2243 2293 2492 2362 φέρεται,
2528 2290 2823 2361 ἐνυπάρχει
2878 2289 2935 2343 δὲ
2986 2289 3138 2360 αὐτῷ
3184 2289 3328 2344 κατά
3376 2289 3653 2360 ἀλήθειαν,
3686 2289 3831 2342 ὥστε

2241 2385 2342 2454 τὴν
2375 2382 2483 2437 τῶν
2517 2383 2760 2454 γενητῶν
2788 2384 2842 2436 εῐ
2865 2400 2952 2447 τις
2983 2382 3230 2455 ἀκριϐῶς
3257 2383 3635 2441 διασκέπτοιτο
3666 2381 3836 2452 φύσιν

2245 2472 2519 2544 θεωρῆσαι
2549 2474 2766 2535 πάντως
2793 2473 2932 2543 αὐτῇ
2959 2473 3021 2525 τὸ
3042 2473 3143 2543 τῆς
3168 2471 3415 2535 δουλείας
3444 2472 3617 2543 ὄνομα
3645 2488 3707 2524 τε
3733 2472 3837 2525 καὶ

2243 2568 2477 2637 πρᾶγμα
2510 2565 2978 2637 πρεπωδέστατον.
3012 2564 3075 2619 Ei
3100 2566 3159 2619 δέ
3189 2581 3337 2629 τινες
3364 2564 3472 2618 τῶν
3513 2566 3572 2618 ἐν
3600 2567 3732 2635 ἡμῖν
3759 2566 3836 2634 τῇ

2242 2660 2342 2729 τῆς
2396 2659 2711 2731 ἐλευθερίας
2766 2661 3083 2731 τετίμηνται
3150 2658 3275 2730 δόξῃ
3302 2700 3317 2726 ,
3378 2655 3840 2729 καταχρηστικῶς

2245 2749 2428 2820 ἔχουσι
2467 2751 2530 2804 τὸ
2569 2751 2716 2822 μόνῳ
2754 2750 2875 2821 Θεῷ
2921 2750 3387 2823 χρεωστούμενον.
3441 2749 3645 2812 Ἡδέως
3686 2749 3731 2802 δ’
3766 2747 3840 2803 ἂν

2246 2846 2455 2917 σφόδρα
2485 2847 2707 2899 κάκεῖνο
2747 2847 2884 2918 πρὸς
2927 2846 3137 2908 τούτοις
3184 2845 3413 2917 ἐροίμην
3455 2842 3686 2907 αὐτούς·
3721 2837 3843 2912 ἆρα

2247 2939 2501 3010 θεοφόρον
2541 2938 2726 3009 ἐροῦσι
2773 2941 2865 2992 τὸν
2903 2938 3137 3004 Παῦλον,
3166 2936 3404 3010 Χριστοῦ
3453 2933 3844 2996 κατοικοῦντος

559 3024 762 3078 etenim
793 3023 1046 3111 vafrities
1068 3035 1124 3082 et
1148 3028 1462 3100 malignitas
1488 3032 1542 3087 in
1570 3033 1636 3090 iis
1664 3038 1792 3106 est),
1820 3035 1988 3092 Deum
2021 3039 2139 3107 qui-

2245 3032 2332 3085 διὰ
2393 3030 2488 3085 τοῦ
2538 3032 2668 3086 ἰδίου
2716 3032 3065 3103 Πνεύματος·
3097 3032 3131 3101 ἢ
3192 3030 3286 3085 καὶ
3333 3028 3491 3083 τοῦτο
3539 3026 3844 3132 ληροῦητες

560 3114 688 3169 dem
718 3104 1065 3174 vere'dicent
1096 3118 1318 3187 Filium,
1349 3139 1457 3178 non
1492 3134 1674 3181 tamen
1702 3104 1767 3182 es
1797 3127 1906 3183 Deo
1940 3104 2141 3186 secun-

559 3207 690 3263 dum
730 3218 988 3265 naturam
1027 3228 1152 3269 esse
1181 3216 1448 3284 genitum,
1482 3235 1584 3275 nec
1616 3220 1850 3276 dubium
1888 3232 1973 3278 est
2006 3226 2143 3295 quin

558 3299 645 3353 vel
673 3298 761 3354 hic
792 3300 847 3354 in
880 3315 976 3358 eos
1006 3304 1193 3373 quivis
1239 3305 1515 3377 insurgat.
1554 3310 1846 3376 Quomodo
1875 3313 2022 3367 enim
2055 3331 2142 3369 es-

559 3399 643 3445 set
672 3388 820 3446 Deus
852 3392 919 3457 is,
955 3395 1049 3463 qui
1077 3410 1186 3449 non
1206 3406 1292 3453 est
1318 3414 1381 3453 ex
1410 3399 1523 3455 Deo
1556 3405 1862 3458 secundum
1882 3416 2142 3461 naturam

560 3484 827 3552 genitus?
862 3483 1253 3543 Verumtamen
1290 3490 1423 3544 illud
1460 3493 1699 3550 dicimus
1734 3496 1933 3567 :792
1974 3497 2142 3553 Deum

560 3587 686 3627 esse
710 3574 793 3628 ais
816 3576 1118 3630 secundum
1158 3590 1410 3635 naturam
1439 3581 1659 3638 Filium.
1699 3586 1991 3652 Quomodo
2014 3605 2145 3659 ergo

561 3662 739 3718 deifer
772 3668 899 3731 erit,
922 3677 1017 3721 aut
1051 3684 1201 3727 certe
1232 3671 1324 3726 Dei
1366 3676 1668 3747 particeps,
1707 3680 1798 3748 qui
1840 3683 2144 3738 secundum

562 3766 828 3812 naturam
868 3768 955 3814 est
998 3762 1177 3817 Deus?
1209 3781 1309 3819 nec
1340 3768 1484 3821 enim
1522 3771 1607 3824 sui
1657 3770 1832 3839 ipsius
1870 3776 2146 3846 particeps

2249 3126 2595 3197 ἀρνήσονται.
2628 3124 2691 3177 Ei
2738 3124 2836 3196 μὲν
2874 3124 2983 3195 γὰρ
3021 3123 3206 3195 ἐροῦσι
3249 3123 3505 3194 θεοφόρον
3550 3122 3651 3175 οὐκ
3680 3117 3842 3183 ςεῐναι

2251 3218 2370 3274 κατ’
2408 3216 2687 3288 ἀλήθειαν,
2735 3217 2961 3290 ἀρκέσει
3005 3217 3069 3289 δὴ
3122 3216 3280 3269 τοῦτο
3326 3216 3463 3287 πρὸς
3503 3218 3565 3267 τὸ
3625 3213 3845 3278 πάντας

2249 3311 2540 3364 ἀναπεῖσαι
2574 3309 2758 3364 λοιπὸν
2807 3309 2937 3380 παρ’
2971 3308 3149 3363 αὐτῶν
3192 3307 3541 3361 ἀποσείεσθαι
3568 3305 3845 3376 φλυαρίας

2252 3408 2345 3459 καὶ
2380 3407 2557 3476 μισεῖν
2598 3406 2678 3468 εἰς
2716 3403 2905 3473 ἄκρον,
2952 3402 3028 3468 ὡς
3071 3402 3226 3455 οὐδὲν
3262 3402 3435 3455 εἰπεῖν
3471 3400 3581 3452 τῶν
3617 3399 3846 3452 ἀτόπων

2255 3498 2741 3572 παραιτουμένους.
2779 3497 2841 3548 Ei
2874 3495 2932 3549 δέ
2970 3512 3033 3565 γε
3071 3495 3230 3549 τοῦτο
3266 3494 3558 3565 φεύγοντες
3602 3491 3736 3563 πρός
3770 3507 3842 3559 γε

2250 3594 2311 3646 τὸ
2339 3592 2537 3662 χρῆναι
2568 3590 2746 3658 λέγειν
2766 3590 3139 3661 τραπήσονται
3172 3588 3426 3659 τάληθὲς,
3454 3587 3547 3641 καὶ
3580 3584 3843 3655 θεοερόρον

2252 3682 2467 3753 ἀληθῶς
2496 3681 2922 3751 ὁμολογήσουσιν
2953 3680 3138 3742 αὐτὸν,
3168 3680 3256 3734 διὰ
3289 3680 3352 3733 τὸ
3391 3681 3484 3735 τὸν
3514 3680 3750 3751 Χριστὸν
3779 3679 3847 3731 ἐν

2253 3774 2399 3845 αὑτῷ
2438 3774 2730 3837 κατοικεῖν,
2762 3770 2879 3834 πῶς
2905 3772 2966 3824 οὐ
3002 3771 3205 3842 σφόδρα
3231 3771 3505 3835 δυσσεϐῶς
3537 3770 3849 3827 ἁλώσονται

560 3844 731 3939 fuerit
788 3865 1034 3920 unquam
1075 3871 1088 3907 :
1125 3857 1191 3910 ad
1229 3858 1360 3927 quid
1404 3860 1553 3913 enim
1600 3861 1866 3917 habitabit
1913 3865 2057 3922 Deus
2083 3844 2139 3922 in

2249 3868 2349 3939 τῆς
2376 3844 2470 3919 τοῦ
2496 3863 2630 3918 Θεοῦ
2662 3865 2757 3918 καὶ
2798 3864 3011 3935 Πατρὸς
3050 3864 3239 3927 οὐσίας
3262 3863 3539 3933 ἀλλότριον
3567 3859 3704 3916 εἶναι
3749 3862 3848 3916 λέ-

562 3937 697 4003 Deo,
731 3951 791 3995 ut
836 3944 977 3997 alter
1013 3946 1065 3998 in
1101 3948 1317 4003 altero?
1354 3949 1409 4003 Si
1439 3951 1585 4005 enim
1633 3951 1777 4007 idem
1815 3966 1900 4010 est
1949 3966 2139 4013 natura

2252 3937 2440 4029 γοντες
2471 3960 2562 4012 τὸν
2592 3958 2753 4023 Υίόν;
2796 3958 2994 4012 Οὐκέτι
3021 3957 3130 4029 γὰρ
3171 3957 3430 4028 θεοφόρος
3460 3959 3489 4011 6
3521 3956 3752 4021 Παῦλος,
3793 3958 3848 4010 εί

561 4034 712 4102 quod
745 4037 982 4106 suscipit
1013 4053 1137 4093 cum
1165 4056 1232 4096 eo
1262 4042 1407 4113 quod
1437 4044 1730 4114 inhabitat,
1761 4048 1893 4118 quid
1924 4049 2139 4105 demum

2256 4054 2329 4124 μὴ
2355 4052 2487 4115 Θεὸς
2521 4052 2663 4105 κατὰ
2697 4050 2859 4119 φύσιν
2902 4049 3049 4102 ἐστὶν
3095 4053 3123 4103 6
3152 4050 3299 4113 Υἱός*
3332 4049 3447 4104 ἀλλ’
3478 4048 3851 4123 ἐρυθριῶντες

562 4128 985 4198 participatione
1013 4147 1154 4202 opus
1178 4136 1320 4190 erit?
1345 4135 1439 4191 Sin
1472 4145 1655 4193 autem
1680 4142 2139 4209 quemadmodum

2253 4143 2364 4196 ἐσθ’
2401 4145 2488 4196 ὅτε
2519 4142 2798 4215 (πρόσεστι
2831 4139 2941 4211 γὰρ
2968 4141 3063 4194 καὶ
3101 4140 3161 4194 τὸ
3205 4141 3508 4213 πανοῦργον
3535 4142 3715 4203 αὐτοῖς
3743 4141 3853 4195 καὶ

559 4217 684 4289 ipse
734 4220 1066 4279 inhabitavit
1100 4226 1153 4280 in
1190 4226 1382 4295 Paulo,
1421 4231 1496 4285 ita
1544 4243 1598 4286 et
1628 4231 1792 4288 Pater
1824 4244 1909 4288 est
1958 4235 2013 4288 in
2056 4250 2139 4301 eo,

2253 4232 2521 4299 κακόηθες
2559 4234 2639 4294 είς
2683 4231 2917 4299 λόγους),
2945 4230 3077 4283 Θεὸν
3118 4231 3216 4302 μὲν
3258 4232 3474 4301 ἐροῦσιν
3506 4229 3720 4300 ἀληθῶς
3749 4230 3851 4282 τὸν

561 4314 845 4380 quomodo
868 4330 978 4371 non
1004 4317 1179 4374 deiler
1198 4322 1426 4390 perinde
1457 4338 1522 4377 ac
1550 4321 1757 4381 Paulus
1790 4325 1919 4389 erit,
1942 4326 2139 4396 quippe

2254 4324 2403 4386 Υίὸν,
2441 4322 2514 4393 μὴ
2562 4323 2666 4392 μὴν
2712 4324 2776 4375 ἐκ
2802 4321 2937 4375 Θεοῦ
2976 4323 3334 4394 γεγεννῆσθαι
3364 4324 3505 4377 κατά
3532 4322 3714 4391 φύσιν·
3748 4322 3853 4374 καὶ

561 4404 659 4473 qui
701 4406 849 4459 trulla
901 4424 967 4463 ex
1020 4419 1178 4480 parte
1229 4413 1341 4480 jam
1398 4415 1598 4470 habeat
1632 4426 1693 4469 ut
1734 4417 1806 4473 sit
1839 4420 2139 4473 secundum

2253 4416 2335 4468 ὅτι
2363 4415 2461 4486 μὲν
2487 4414 2824 4469 ἁπαστισοῦν
2859 4415 3038 4469 αὐτῶν
3087 4418 3187 4469 κάν
3213 4416 3390 4487 τούτῳ
3428 4414 3849 4485 καταῦοήσειεν,

561 4501 819 4548 naturam
860 4497 1027 4564 Deus,
1076 4516 1201 4555 cum
1237 4505 1456 4573 potiore
1488 4507 1582 4575 qui
1619 4507 1889 4565 inhabitet
1936 4514 2045 4567 Deo
2092 4512 2139 4567 ei

2248 4510 2349 4562 οὐκ
2378 4509 2701 4580 ἀμφίλογον.
2732 4510 2857 4573 Πῶς
2885 4509 2994 4582 γὰρ
3023 4510 3089 4565 ἂν
3116 4512 3202 4582 εἴη
3231 4512 3383 4574 Θεὸς,
3413 4514 3442 4564 6
3479 4509 3553 4580 μὴ
3602 4509 3665 4561 ἐκ
3704 4507 3851 4560 Θεοῦ

562 4597 704 4675 οΡυθ
730 4586 840 4675 Si}?
2250 4601 2392 4655 κατά
2443 4600 2603 4669 φύσιν
2657 4604 3092 4675 γεγεννημένος;
3148 4603 3293 4674 Πλὴν
3344 4606 3521 4658 ἐκεῖνο
3571 4601 3848 4671 λέγομεν·

562 4674 698 4770 θεῷ
743 4673 884 4730 εἶναι
932 4678 1037 4752 φὴς
1078 4681 1223 4735 κατὰ
1266 4684 1426 4751 φύσιν
1466 4686 1556 4740 τὸν
1598 4688 1761 4754 Υίάνὲ
1798 4690 1923 4754 Πῶῖ
1958 4688 2049 4746 οὖν
2115 4694 2182 4748 ἂν
2255 4697 2338 4767 εἴη
2379 4694 2637 4765 θεοφόρος
2687 4673 3037 4766 ἡγουνΘΘεοῦ
3092 4699 3347 4770 μέτοχος,
3406 4702 3435 4752 6
3487 4698 3626 4751 κατά
3682 4694 3851 4763 φύσιν

562 4766 886 4863 θεέςᾷἓᾲοῦδὲ
928 4773 1037 4844 γὰρ
1077 4774 1143 4827 ἂν
1188 4777 1383 4831 ἑαυτοῦ
1430 4780 1689 4852 μετάσχοι
1728 4785 1891 4837 ποτέο
1923 4788 2002 4850 εἰς
2032 4788 2089 4840 τί
2115 4787 2225 4858 γὰρ
2264 4766 2476 4859 οἰκήσει
2512 4787 2644 4852 Θεὸς
2685 4789 2742 4841 ἐν
2772 4788 2911 4860 Θεῷ,
2956 4789 3033 4854 ὼς
3072 4766 3256 4861 ἔτερος
3286 4792 3344 4844 ἐν
3376 4790 3587 4863 ἑτέρως
3630 4786 3693 4840 Ei
3732 4784 3850 4853 γὰρ

560 4857 715 4913 τοῦτ’
743 4860 860 4915 ἔστι
912 4865 1053 4920 κατὰ
1086 4867 1245 4935 φύσιν
1279 4870 1339 4923 τὸ
1371 4871 1658 4944 δεχόμενον
1706 4877 1842 4949 ὅπερ
1893 4879 1959 4933 ἂν
1987 4881 2159 4933 νοοῖτο
2197 4879 2291 4934 καὶ
2320 4880 2380 4933 τὸ
2404 4880 2664 4944 ἐνοικοῦν,
2712 4881 2841 4935 ποία
2918 4877 3010 4935 οὖν
3035 4882 3220 4937 λοιπὸν
3256 4888 3290 4954 η
3340 4882 3438 4953 τῆς
3485 4881 3720 4953 μετοχῆς
3745 4880 3846 4948 γέο

560 4964 708 5002 νοιτο
746 4952 938 5022 χρεία;
974 4954 1038 5007 Ei
1076 4956 1133 5008 δὲ
1174 4956 1361 5030 ὥσπερ
1400 4963 1563 5027 αὐτὸς
1608 4964 1851 5038 ἐνῴκησε
1890 4968 1968 5038 τῷ
2014 4966 2233 5033 Παύλω,
2264 4969 2356 5022 τὸν
2386 4970 2550 5024 αὐτὸν
2578 4970 2641 5041 δὴ
2680 4972 2879 5042 τρόπον
2917 4972 3010 5026 καὶ
3071 4974 3099 5025 6
3136 4973 3326 5043 Πατὴρ
3389 4975 3446 5025 ἐν
3487 4970 3657 5040 αὐτῷ,
3728 4972 3847 5034 πῶς

560 5042 622 5137 PP
658 5044 917 5115 θεοφόρος
953 5046 1102 5101 ἔσται
1148 5052 1289 5105 κατὰ
1333 5053 1423 5106 τὸν
1458 5057 1693 5126 Παῦλον,
1747 5062 1809 5112 τὸ
1836 5055 1977 5115 εἶναι
2020 5061 2153 5125 Θεὸς
2192 5062 2333 5116 κατὰ
2369 5062 2531 5133 φύσιν
2573 5063 2872 5136 οὐδαμόθεν
2912 5065 3053 5137 ἔχων
3110 5065 3212 5133 ἔτι,
3261 5042 3351 5119 διὰ
3427 5066 3488 5119 τὸ
3533 5062 3849 5137 κρείττονος

561 5135 819 5207 δεηθῆναι
853 5139 946 5193 τοῦ
974 5141 1310 5209 ἐνοικοῦντος
1353 5147 1520 5217 Θεοῦ;

631 5225 807 5284 Porro
854 5238 1120 5287 strenuus
1169 5234 1259 5288 hic
1300 5234 1392 5291 Dei
1439 5238 1618 5296 hostis
1660 5243 1871 5314 aliquid
1917 5245 2144 5316 insuper

560 5322 857 5388 excogitat,
886 5332 941 5378 et
973 5341 1069 5395 per
1104 5328 1332 5395 multas,
1360 5343 1419 5384 ut
1448 5333 1557 5387 sibi
1598 5337 1773 5407 tingit,
1798 5340 2143 5394 demonstra-

561 5411 738 5463 tiones
787 5425 945 5466 suam
986 5417 1294 5475 doctrinam
1329 5422 1381 5476 in
1424 5424 1622 5494 vulgus
1666 5444 1927 5500 spargere
1967 5448 2143 5487 cona—

582 5516 669 5556 ur.
722 5497 918 5568 Opera:
981 5508 1216 5572 pretium
1278 5514 1425 5569 enim
1481 5497 1723 5573 arbitror
1778 5497 1963 5576 omnia
2020 5524 2141 5593 ejus

659 5654 704 5750 ’ξ
735 5670 927 5733 Iatth.
971 5692 1101 5746 mt,
1132 5680 1222 5736 25.

2324 5234 2457 5293 Εἶτα
2511 5241 2672 5294 πάλιν
2713 5243 2805 5294 ἐπὶ
2844 5243 3053 5309 τούτοις
3101 5247 3129 5298 ό
3181 5245 3442 5315 γεννάδας
3497 5246 3628 5315 ἡμῖν
3664 5248 3851 5301 οὐτοσὶ

2252 5336 2620 5403 προσεπινοεῖ,
2672 5335 2765 5387 καὶ
2812 5337 2897 5388 διὰ
2935 5337 3143 5390 πολλῶν
3195 5337 3543 5402 ἀποδείξεων,
3574 5337 3651 5402 ὡς
3693 5340 3846 5391 ὑπερι

2249 5425 2420 5494 ληφεν
2467 5425 2647 5489 αὐτὸς,
2695 5425 2785 5478 τὸν
2817 5429 3014 5481 οίκεῖον
3054 5428 3315 5500 θρυλλοῦν
3360 5431 3620 5499 πειρᾶται
3665 5428 3849 5498 λόγον.

2254 5519 2438 5585 ’Ἄξιον
2474 5520 2582 5589 γὰρ
2618 5516 2773 5591 οἶμαι
2816 5519 2905 5574 διὰ
2949 5521 3163 5576 πάντων
3204 5521 3372 5575 αὐτοῦ
3415 5521 3523 5576 τῶν
3577 5522 3854 5593 ῥημάτων
