4042 6204
311 263 426 319 229

1404 260 1472 316 IN
1504 260 1793 321 JOANNIS
1822 259 2280 347 EVANGELIUM
2313 262 2445 320 LIB.
2481 265 2576 320 ιχ.

3486 271 3597 327 230

312 371 492 427 ἐλθεῖν
521 409 538 435 ,
596 369 693 425 καὶ
740 369 843 441 τῆς
892 370 1119 441 ἐνούσης
1177 369 1328 441 αὑτῷ
1384 369 1651 443 θεομάχου
1712 371 1886 444 βουλῆι

2012 374 2178 429 verba
2211 390 2560 446 percurrere,
2596 385 2650 433 et
2672 376 2793 448 ejus
2820 377 3045 449 impiam
3073 393 3137 435 ac
3166 379 3275 435 Deo
3309 380 3593 439 inimicam

315 461 573 519 ἁπλῶσαι
620 459 721 531 τὴν
773 460 987 526 πεῦσιν,
1028 461 1115 514 ἵνα
1183 460 1527 534 διελέγχηται
1587 463 1773 533 σαφῶς
1828 465 1933 518 ὅτι

311 558 429 620 τοῖς
481 554 785 624 ποιήμασιν
846 553 1159 625 ἐναρίθμιον
1217 552 1425 608 τίθεται
1463 557 1553 609 τὸν
1605 557 1906 629 Μονογενῆ,

314 648 413 702 καὶ
443 643 924 716 κεκομψευμέναις
954 646 1192 709 ἀπάταις
1220 645 1319 717 τὴν
1356 649 1437 712 είς
1465 647 1625 703 αὑτὸν
1654 648 1908 703 ἀσέϐειαν

316 735 643 808 καταχώσας
681 736 710 788 6
744 736 996 799 δείλαιος,
1042 736 1173 791 Θεὸν
1206 737 1305 807 μὲν
1351 734 1491 792 εἶναι
1536 739 1903 810 συνομολογεῖ,

313 830 418 899 τῆς
453 846 515 897 γε
545 828 652 900 μὴν
678 828 895 900 ἀληθῶς
930 830 1022 883 καὶ
1052 829 1194 883 κατά
1222 829 1384 899 φύσιν
1410 831 1661 897 θεότητος
1700 832 1907 903 ἐκπέμ-

317 940 437 976 πων
472 921 637 975 αὑτὸν
662 962 678 987 ,
726 922 900 976 οἴεταί
938 939 1057 986 πως
1094 922 1353 975 δύνασθαι
1402 922 1584 975 λαθεῖν
1631 922 1759 987 τοὺς
1825 926 1905 987 είς

312 1014 488 1084 αὐτὴν
514 1013 811 1084 βλέποντας
840 1012 938 1083 τὴν
975 1012 1251 1083 ἀλήθειαν.
1305 1013 1509 1084 Γράφει
1557 1013 1734 1066 τοίνυν
1773 1014 1899 1067 ὡδί·

326 1105 467 1158 Ἀλλ’
509 1105 700 1175 ὥσπερ
729 1105 887 1174 ἡμεῖς
932 1105 989 1157 ὲν
1039 1103 1189 1175 αὑτῷ
1218 1100 1352 1158 εἶναι
1385 1105 1689 1176 λεγόμενοι,
1714 1107 1899 1177 φησὶν,

308 1198 491 1269 ἀμιγῆ
521 1197 660 1269 πρὸς
690 1197 855 1251 αὑτὸν
890 1195 1087 1268 ἔχομεν
1131 1196 1230 1268 τὴν
1265 1198 1560 1252 ὑπόστασιν
1579 1215 1592 1228 ο
1624 1197 1714 1252 τὸν
1740 1199 1902 1251 αὑτὸν

310 1288 517 1359 τρόπον
547 1288 644 1342 καὶ
667 1288 696 1339 ό
730 1287 856 1349 Υἱὸς
894 1287 952 1338 ὲν
982 1285 1061 1356 τῷ
1089 1286 1263 1357 Πατρὶ
1309 1288 1595 1358 τυγχάνων
1623 1288 1898 1359 διακεκρισ

316 1381 487 1452 μένην
530 1380 623 1433 τοῦ
675 1380 970 1449 ἀγεννήτου
1015 1378 1128 1449 ἔχει
1187 1380 1286 1452 τὴν
1333 1380 1512 1452 χάριν.
1552 1381 1657 1434 Φεῦ
1696 1398 1759 1449 γε
1807 1381 1899 1435 τοῦ

311 1472 690 1543 τολμήματοςί
743 1470 819 1533 ὡς
870 1470 1042 1534 δεινὸς
1093 1473 1120 1524 ὁ
1167 1471 1345 1541 λόγος,
1386 1473 1481 1527 καὶ
1528 1474 1725 1545 μεστὸς
1766 1476 1901 1528 ἀπο-

310 1564 482 1629 νοίας,
525 1563 724 1633 μᾶλλον
772 1563 830 1617 δὲ
880 1562 1197 1628 δυσϐουλίας
1244 1566 1463 1636 ἁπάσης
1506 1566 1598 1618 καὶ
1648 1566 1900 1639 ἀποπλη-

312 1658 468 1725 ξίαςι
510 1655 940 1728 Ἐμωράνθησαν
976 1657 1146 1721 ὅντως
1193 1658 1493 1725 φάσκοντες
1546 1653 1696 1712 εἶναι’
1742 1661 1895 1729 σοφοὶ

2013 477 2252 522 mentem
2294 469 2654 538 perscrutari,
2684 477 2742 523 ut
2771 470 2922 525 clare
2971 480 3238 541 arguatur
3281 473 3337 526 in
3374 484 3596 529 creatu—

2011 572 2196 613 rarum
2246 576 2483 615 numero
2536 559 2892 632 Unigenitum
2926 562 3220 627 collocare,
3253 573 3307 617 et
3355 566 3593 634 eleganti

2012 645 2204 702 fraude
2246 663 2402 703 suam
2452 650 2509 704 in
2544 666 2673 705 eum
2722 650 3063 719 impietatem
3114 653 3367 719 celando,
3421 654 3591 708 Deum

2009 738 2228 808 quidem
2265 754 2390 793 esse
2412 738 2705 795 nobiscum
2739 738 2923 803 fateri,
2956 739 3023 796 de
3048 756 3176 795 vera
3206 748 3389 797 tamen
3417 751 3473 798 et
3501 759 3592 797 na-

2009 828 2172 881 turali
2207 827 2413 884 deitate
2444 845 2565 883 eum
2593 829 2668 883 ita
2699 828 3014 896 excludere,
3047 840 3108 885 ut
3138 831 3310 886 latere
3336 847 3395 887 se
3426 848 3593 903 posse

2009 926 2163 989 putet
2210 934 2308 975 eos
2339 921 2431 991 qui
2478 921 2531 974 in
2571 921 2749 990 ipsam
2798 922 3087 977 veritatem
3130 925 3452 994 respiciunt.
3500 925 3593 980 Sic

2006 1026 2138 1080 ergo
2178 1012 2374 1066 scribit
2401 1031 2415 1068 :
2448 1011 2652 1067 Verum
2681 1014 3145 1086 quemadmodum
3174 1031 3275 1072 nos
3309 1018 3403 1087 qui
3440 1020 3593 1074 ineo

2006 1113 2128 1154 esse
2175 1098 2433 1164 dicimur,
2468 1101 2684 1173 inquit,
2721 1102 3039 1158 nullatenus
3081 1120 3206 1159 cum
3255 1121 3323 1161 eo
3365 1109 3589 1165 mistam

2005 1190 2343 1262 bypostasim
2392 1193 2661 1249 habemus
2694 1213 2707 1250 :
2738 1197 2809 1249 ita
2836 1205 2890 1251 et
2923 1195 3096 1254 Filius
3130 1213 3257 1252 cum
3288 1200 3362 1253 sit
3389 1200 3443 1254 in
3482 1199 3590 1255 Pa-

2006 1290 2105 1348 tre,
2144 1283 2461 1338 distinctam
2520 1286 2675 1341 habet
2717 1287 2785 1342 ah
2835 1288 3084 1359 ingenito
3137 1291 3395 1361 gratiam.
3440 1290 3593 1347 Proh

2004 1370 2222 1427 facinus
2280 1372 2494 1428 audax!
2547 1389 2580 1429 o
2636 1390 2796 1431 voces
2857 1377 3098 1435 nefarias
3152 1389 3206 1434 et
3259 1380 3584 1451 impietatis,

2004 1462 2253 1518 stultitiae
2277 1479 2342 1518 ac
2376 1466 2623 1536 stuporis
2660 1467 3052 1536 plenissimas!
3094 1467 3261 1524 Stulti
3290 1469 3423 1525 facti
3455 1478 3593 1527 sunt

2001 1554 2250 1624 profecto
2300 1557 2553 1613 dicentes
2603 1575 2663 1615 se
2714 1561 2996 1630 sapientes
3057 1563 3132 1627 ³³,
3177 1549 3346 1634 atque
3403 1565 3479 1619 ita
3515 1566 3593 1623 de

2002 1643 2301 1716 Unigenito
2348 1647 2649 1703 sentientes
2693 1665 2708 1702 :
2749 1650 3038 1705 Dominum
3071 1653 3164 1721 qui
3210 1654 3442 1709 redemit
3485 1671 3591 1713 eos

308 1717 758 1820 aiaI'cppovoﬁvzzs;
777 1717 921 1801 οὑτω
949 1748 1077 1819 περὶ
1100 1717 1217 1802 τοῦ¹
1236 1717 1573 1817 Μονογενοῦς
1590 1765 1605 1779 ·
1634 1748 1726 1803 τὸν
1763 1717 1886 1819 ἀγο-

1998 1737 2359 1807 abnegarunt,
2387 1739 2533 1794 sicut
2558 1742 2828 1810 scriptum
2862 1749 2948 1797 est
2970 1743 3035 1799 “.
3064 1740 3199 1796 Nam
3233 1744 3278 1798 si
3306 1744 3585 1803 hominem

306 1839 553 1911 ράσαντα
584 1839 781 1903 αὑτοὺς
830 1840 1106 1910 Δεσπότην
1143 1840 1473 1911 ἠρνήσαντο,
1517 1839 1659 1896 κατὰ
1702 1840 1762 1895 τὸ
1796 1858 1891 1912 γε·

302 1929 645 2001 γραμμένον.
687 1931 750 1983 Εἰ
801 1931 900 2001 μὲν
937 1931 1046 2002 γὰρ
1092 1930 1379 2001 ἄνθρωπον
1430 1926 1571 1986 εἶναί
1612 1950 1746 2003 φασι
1793 1934 1888 1988 καὶ

298 2024 399 2078 ἕνα
426 2025 534 2080 τῶν
569 2025 691 2078 καθ’
711 2027 858 2096 ἡμᾶς
879 2026 968 2079 τὸν
998 2026 1091 2080 τοῦ
1139 2026 1273 2081 Θεοῦ
1318 2029 1511 2097 Λόγον,
1534 2028 1687 2082 οὐδὲν
1718 2028 1798 2082 ἔτι
1827 2029 1887 2083 τὸ

298 2113 510 2168 κωλύον
535 2116 710 2168 εἰπεῖν
732 2114 906 2179 οὕτως
929 2115 1197 2187 ὑπάρχειν
1218 2116 1382 2171 αὑτὸν
1407 2122 1465 2171 ἐν
1488 2118 1606 2189 Θεῷ
1634 2118 1886 2191 καθάπερ

296 2207 493 2277 ἡμεῖς·
527 2207 575 2260 εξ
621 2206 680 2260 δὲ
729 2205 861 2260 Θεὸν
911 2200 1050 2262 εἶναι
1101 2208 1438 2274 πιστεύουσι,
1483 2212 1577 2266 καὶ
1617 2212 1692 2276 ὡς
1729 2212 1888 2267 τοῦτο

296 2296 443 2351 κατὰ
487 2298 651 2369 φύσιν
691 2298 991 2370 ὑπάρχοντι
1037 2303 1363 2373 προσκυνεῖν
1404 2302 1699 2370 ἐγνώκασι,
1730 2304 1782 2357 τί
1814 2307 1887 2376 μὴ

296 2388 503 2458 μᾶλλον
524 2391 890 2461 ἀπονέμουσιν
933 2392 1082 2464 αὑτῷ
1111 2393 1172 2446 τὺ
1202 2392 1523 2465 θεοπρεπῶς
1563 2395 1889 2467 ἐνυπάρχειν

292 2480 378 2552 τῷ
410 2481 528 2553 ίδίῳ
563 2482 871 2554 Γιννήτορι,
913 2482 1058 2554 ἔχειν
1103 2502 1162 2539 τε
1188 2484 1351 2539 αὑτὸν
1382 2488 1440 2539 ἐν
1478 2487 1692 2557 ὲαυτῷ;
1732 2488 1890 2541 τοῦτο

290 2572 417 2641 γάρ
457 2565 612 2642 οἶμαι
651 2575 861 2643 φρονεῖν
897 2590 956 2626 τε
1007 2575 1101 2629 καὶ
1143 2575 1321 2645 λέγειν
1361 2579 1475 2639 τοῖς
1503 2576 1671 2641 ὅντως
1709 2577 1891 2649 θεοφι-

289 2661 419 2717 λέσι
465 2664 928 2736 πρεπωδέστερον.
955 2668 1017 2721 Ei
1056 2668 1135 2733 δὲ,
1179 2669 1483 2741 ἄθραυστον
1529 2671 1661 2741 ἡμῖν
1694 2673 1888 2743 ἐπιτη-

291 2755 544 2820 δεύοντες
567 2756 665 2828 τὴν
707 2759 1119 2831 ἀναισχυντίαν,
1161 2760 1487 2832 ἐμμένουσιν
1530 2758 1611 2826 οἷς
1658 2764 1886 2835 εἰρήκα-

295 2865 385 2901 σιν
406 2886 422 2913 ,
453 2847 598 2902 οὕτω
634 2850 696 2902 τὲ
726 2868 889 2920 φασιν
921 2854 979 2906 ἐν
1005 2853 1180 2923 Πατρὶ
1208 2852 1299 2907 τὸν
1326 2853 1454 2907 Υῖὺν
1478 2853 1667 2925 ὥσπερ
1705 2854 1770 2908 ἂν
1799 2855 1881 2925 εἴη

291 2940 455 3011 τυχὸν
491 2943 587 2994 καὶ
610 2942 772 3013 ἡμῶν
808 2943 1036 3008 ἕκαστος
1075 2944 1182 2997 τῶν
1224 2943 1284 3010 ἐξ
1321 2945 1420 2998 οὐκ
1452 2946 1620 2999 ὄντων
1650 2948 1743 2999 καὶ
1777 2948 1883 3000 ἀπὸ

292 3030 399 3101 τῆς
425 3031 491 3085 δι’
513 3033 682 3086 αὐτοῦ
707 3035 1030 3103 γεγονότων,
1062 3036 1113 3089 τί
1146 3038 1220 3106 μὴ
1260 3039 1371 3100 τοῖς
1420 3036 1695 3092 ἐθέλουσιν
1735 3041 1878 3108 ὲφεῖ-
1914 3064 1959 3125 C

289 3138 383 3177 ται
423 3122 611 3178 λοιπὸν
661 3125 960 3191 ἀκινδύνως
1011 3128 1214 3180 εἰπεῖν⁸
1247 3145 1265 3178 ι
1308 3128 1366 3180 '0
1414 3129 1673 3199 ἑωρακὼς
1730 3131 1831 3200 ἐμὲ
1870 3171 1883 3196 ,

291 3210 503 3283 ἑώρακε
545 3212 638 3266 τὸν
660 3214 900 3287 Πατέρα,
926 3216 1082 3284 κάγὼ
1118 3220 1173 3269 ἐν
1218 3214 1295 3287 τῷ
1334 3217 1530 3286 Πατρὶ,
1571 3219 1665 3271 καὶ
1705 3219 1733 3271 ὁ
1776 3221 1887 3273 Πα-

286 3300 395 3374 τὴρ
426 3304 482 3356 ἐν
504 3303 628 3373 ἐμοί
661 3305 830 3373 ἐστινς
859 3325 877 3358 ι
916 3306 1075 3371 Ἀλλ’,
1101 3302 1273 3378 οἶμαι,
1302 3307 1512 3378 μωρίας
1533 3307 1631 3378 τῆς
1656 3309 1884 3363 ἀπασῶν

286 3390 528 3464 ἐσχάτης
556 3393 709 3467 ἁλοίη
757 3413 844 3458 τις
899 3396 965 3449 ἂν
1007 3397 1098 3450 ἐπὶ
1142 3396 1315 3468 τούτῳ
1363 3401 1567 3469 γραφῇ,
1607 3399 1697 3452 καὶ
1739 3399 1883 3470 μάλα

286 3482 535 3547 ιικὸτως.
573 3485 810 3558 Ἀπηχές
830 3504 887 3540 τε
922 3489 1047 3560 γὰρ,
1082 3491 1175 3543 καὶ
1204 3491 1323 3543 κατ’
1348 3490 1560 3554 οὐδενὸς
1582 3489 1689 3543 τῶν
1713 3490 1883 3559 ἁγίων

286 3574 491 3648 ἠνέχθη
539 3578 673 3631 ποτὲ
730 3578 954 3650 τοιαύτη
1010 3580 1159 3652 φωνὴ
1212 3582 1362 3655 παρά
1416 3586 1482 3655 τῇ
1541 3581 1883 3655 θεοπνεύστῳ

286 3666 482 3740 Γραφῇ
504 3686 518 3699 ο
551 3672 943 3744 παραχωροῦσι
976 3674 1031 3727 δὲ
1065 3675 1279 3737 πάντως
1300 3674 1376 3746 τῷ
1406 3675 1548 3729 κατὰ
1582 3676 1743 3744 φύσιν
1771 3678 1881 3729 Κυ-

290 3759 391 3831 ρίῳ
419 3762 515 3815 καὶ
543 3762 663 3833 Θεῷ
694 3764 771 3835 τῷ
802 3770 1099 3835 μονογενεῖ,
1131 3767 1228 3838 τὴν
1276 3770 1360 3839 ἐφ’
1390 3769 1561 3823 ἅπασι
1595 3771 1707 3832 τοῖς
1742 3770 1879 3838 ἀγα-

286 3852 401 3916 θοῖς
448 3856 797 3928 ἀσυγκρίτως
839 3859 1145 3930 ὑπεροχὴν,
1189 3861 1281 3914 καὶ
1321 3860 1384 3933 δὴ
1428 3861 1522 3913 καὶ
1574 3862 1878 3933 κεκράγασι

286 3942 573 4012 λέγοντεςο
619 3964 637 3996 ι
680 3946 775 4009 Τίς
826 3948 1221 4018 ὁμοιωθήσεται
1271 3948 1349 4019 τῷ
1382 3948 1593 4021 Κυρίῳ
1644 3952 1700 4003 ἐν
1743 3952 1876 4015 υἱοῖς

288 4033 424 4088 Θεοῦ
451 4054 466 4102 ;
504 4055 523 4087 ι
570 4035 695 4099 Πῶς
723 4032 816 4090 οὖν
844 4038 922 4091 ἔτι
969 4040 1091 4093 καθ’
1124 4042 1271 4111 ἡμᾶς
1299 4043 1326 4094 ὁ
1351 4041 1681 4110 Μονογενὴς,
1720 4041 1876 4114 εἴπερ

286 4125 465 4190 οὐδεὶς
501 4127 615 4183 ἴσος
643 4145 702 4180 τε
738 4129 829 4181 καὶ
863 4130 1043 4199 ὅμοιος
1074 4131 1239 4202 αὑτῷ,
1272 4132 1412 4185 κατά
1443 4131 1541 4202 τὴν
1570 4132 1677 4185 τῶν
1708 4132 1876 4201 ἁγίων

290 4220 510 4287 φωνήν;
544 4219 606 4270 El
649 4219 707 4272 δὲ
740 4219 910 4283 οὑτως
950 4222 1097 4274 ἐστὶν
1147 4224 1204 4275 ἐν
1244 4221 1362 4293 Θεῷ
1412 4223 1665 4298 καθάπερ
1690 4226 1872 4296 ἡμεῖς,

289 4308 409 4371 πῶς
451 4309 552 4362 οὑκ
602 4312 815 4382 ἀνάγκη
867 4310 1050 4365 λοιπὸν
1091 4313 1495 4384 ψευδομυθῆθσαι
1552 4316 1651 4387 μὲν
1696 4316 1873 4386 λέγειν

1995 1844 2120 1885 esse
2151 1831 2347 1886 dicunt
2390 1839 2445 1887 et
2489 1848 2659 1886 unum
2708 1848 2739 1888 e
2783 1833 2948 1889 nobis
2994 1834 3093 1889 Dei
3140 1833 3405 1904 Verbum,
3447 1838 3584 1894 nihil

1995 1920 2108 1992 jam
2160 1924 2420 1996 prohibet
2466 1926 2654 1983 dicere
2694 1942 2820 1983 eum
2865 1928 2941 1982 ita
2985 1928 3042 1984 in
3092 1930 3204 1987 Deo
3248 1948 3370 1989 esse
3415 1933 3583 1990 sicuti

2002 2029 2140 2080 nos;
2188 2016 2337 2085 quod
2395 2017 2441 2072 si
2487 2016 2656 2073 Deum
2706 2034 2833 2075 esse
2869 2021 3129 2089 credunt,
3183 2040 3421 2095 eumque
3461 2035 3582 2083 tan-

2003 2121 2166 2177 quam
2196 2116 2393 2162 natura
2427 2108 2478 2163 id
2521 2110 2883 2166 exsistentem
2919 2112 3267 2169 adorandum
3299 2125 3577 2186 statuunt,

2000 2197 2190 2267 quidni
2217 2199 2402 2269 potius
2438 2202 2757 2258 concedunt
2789 2218 2914 2258 eum
2954 2203 3066 2261 Deo
3101 2209 3499 2265 convenienter
3521 2209 3584 2265 in

1996 2302 2103 2342 suo
2127 2286 2290 2343 Patre
2319 2290 2613 2356 exsistere,
2642 2307 2884 2364 eumque
2918 2294 2972 2349 in
3019 2296 3205 2367 seipso
3246 2297 3494 2354 habere?
3521 2299 3581 2354 id

1992 2378 2139 2433 enim
2196 2379 2408 2435 sentire
2459 2394 2525 2434 ac
2582 2380 2768 2437 dicere
2819 2400 2979 2439 veros
3034 2384 3128 2440 Dei
3185 2389 3430 2443 cultores
3479 2388 3579 2444 de-

1991 2482 2118 2522 cere
2168 2468 2341 2539 magis
2387 2471 2652 2526 arbitror.
2683 2471 2779 2526 Sin
2827 2485 3009 2529 autem
3061 2476 3353 2547 praefracta
3390 2480 3575 2550 impu-

1992 2557 2175 2612 dentia
2206 2568 2458 2628 perstant
2500 2561 2556 2615 in
2613 2563 2685 2617 iis
2717 2580 2840 2633 quae
2893 2564 3187 2632 dixerunt,
3214 2577 3380 2637 atque
3415 2569 3487 2623 ita
3516 2570 3577 2625 in

1994 2646 2155 2703 Patre
2202 2648 2399 2705 Filium
2436 2667 2562 2707 esse
2613 2652 2808 2709 dicunt
2842 2655 3007 2710 sicuti
3056 2659 3441 2732 unusquisque
3469 2675 3574 2714 no-

1994 2746 2173 2796 strum
2219 2743 2317 2812 qui
2371 2758 2435 2798 ex
2480 2744 2654 2801 nihilo
2700 2758 2753 2802 et
2804 2747 2873 2801 de
2927 2758 3076 2803 terra
3126 2765 3222 2819 per
3265 2767 3390 2806 cum
3442 2751 3575 2808 facti

1995 2843 2187 2886 sumus
2223 2849 2238 2886 :
2274 2833 2470 2902 quidni
2516 2834 2704 2890 licebit
2741 2837 3038 2907 unicuique
3082 2848 3334 2893 nostrum
3376 2855 3576 2897 secure

1990 2922 2179 2979 dicere
2216 2943 2228 2979 :
2273 2925 2420 2991 «Qui
2474 2926 2624 2982 videt
2669 2942 2755 2983 me
2806 2929 2958 2983 videt
3004 2938 3058 2983 et
3106 2929 3409 2999 Patremp
3464 2940 3571 2989 et:

1997 3013 2140 3083 (Ego
2170 3015 2222 3070 in
2251 3015 2435 3083 Patre,
2469 3028 2521 3073 et
2548 3017 2708 3075 Pater
2732 3020 2787 3074 in
2823 3036 2911 3076 me
2942 3021 3069 3076 est?
3098 3041 3117 3075 ι
3148 3022 3254 3078 Sed
3288 3031 3573 3091 extremm,

1989 3113 2206 3180 opinor,
2249 3113 2549 3171 dementia:
2606 3131 2772 3171 nemo
2820 3132 2932 3172 non
2979 3117 3034 3173 id
3086 3133 3210 3174 esse
3247 3118 3374 3188 jure
3417 3119 3574 3176 dixe-

1986 3205 2080 3259 rit.
2118 3206 2279 3277 793
2314 3207 2632 3262 Absurdum
2662 3217 2746 3263 est
2778 3210 2998 3279 quippe,
3032 3226 3133 3265 nec
3159 3210 3226 3265 de
3247 3220 3571 3268 sanctorum

1988 3296 2098 3350 ullo
2121 3298 2175 3350 in
2195 3299 2370 3352 sacris
2385 3297 2609 3353 Litteris
2625 3297 2896 3367 ejusmodi
2913 3315 3020 3353 vox
3037 3303 3213 3370 reperi
3225 3302 3436 3365 tur,sed
3452 3317 3572 3356 om-

1986 3388 2122 3442 nino
2154 3389 2392 3442 naturali
2428 3380 2657 3444 Domino
2687 3398 2741 3444 et
2776 3389 2885 3444 Deo
2918 3389 3248 3462 Unigenito,
3283 3394 3575 3463 incompa-

1984 3481 2218 3536 rabilem
2261 3496 2425 3552 supra
2457 3496 2651 3537 omnes
2686 3482 2861 3538 bonos
2902 3482 3253 3537 eminentiam
3295 3483 3568 3554 tribuunt,

1983 3574 2230 3643 adeoque
2263 3575 2605 3629 exclamant:
2642 3593 2661 3625 ι
2691 3574 2828 3641 Quis
2858 3574 3057 3631 similis
3086 3576 3193 3629 erit
3222 3574 3455 3632 Domino
3480 3577 3571 3632 in-

1982 3672 2066 3720 ter
2093 3666 2234 3722 lilios
2274 3664 2367 3720 Dei
2397 3665 2485 3718 u‘?
2514 3686 2533 3718 ι
2565 3664 2855 3732 Quomodo
2883 3683 3016 3737 ergo
3049 3667 3250 3723 similis
3279 3669 3440 3725 nobis
3482 3676 3570 3727 est

1984 3758 2336 3828 Unigenitus,
2397 3757 2444 3812 si
2498 3759 2684 3813 nullus
2728 3759 2775 3813 ei
2834 3760 3064 3829 aequalis
3103 3767 3185 3816 est
3225 3771 3317 3815 aut
3341 3760 3567 3832 similis,

1974 3850 2129 3921 juxta
2163 3858 2488 3904 sanctorum
2522 3849 2754 3904 vocem?
2792 3849 2951 3916 Quod
2984 3852 3029 3907 si
3067 3866 3135 3905 eo
3186 3851 3351 3906 modo
3391 3861 3477 3907 est
3508 3853 3568 3909 in

1980 3940 2093 3995 Deo
2153 3957 2262 4011 quo
2330 3955 2456 4003 nos,
2508 3941 2774 4010 numquid
2809 3956 3036 3997 necesse
3081 3951 3165 3997 est
3218 3951 3278 3997 ut
3312 3943 3569 4000 dicamus

1978 4041 2295 4088 sanctorum
2320 4031 2554 4084 chorum
2610 4032 2854 4098 mentiri,
2888 4033 3206 4103 nullamque
3240 4035 3567 4105 praerogati-

1978 4140 2101 4180 vam
2140 4125 2373 4179 naturali
2427 4124 2568 4180 Filio
2624 4126 2888 4189 tribuere,
2926 4140 3023 4195 per
3074 4140 3242 4196 quam
3300 4133 3568 4197 praestare

1978 4218 2249 4287 adoptivis
2280 4216 2766 4288 videatur?Apage
2802 4227 2915 4271 tam
2937 4216 3320 4271 detestandum
3355 4218 3564 4283 scelus,

1977 4328 2010 4366 ο
2032 4310 2212 4376 bone;
2267 4324 2614 4379 nequaquam
2674 4323 2777 4363 nos
2806 4308 2881 4362 ita
2927 4310 3217 4372 sentimus,
3253 4308 3434 4364 absit!
3468 4311 3567 4364 sed

288 4400 383 4450 τὸν
410 4397 519 4451 τῶν
551 4399 719 4467 ἁγίων
765 4400 943 4472 χορὸν,
989 4402 1138 4455 οὐδὲν
1169 4403 1224 4456 δὲ
1254 4402 1314 4455 τὸ
1363 4404 1543 4458 πλεῖον
1583 4407 1875 4478 ἀπονεῖμαι

1990 4414 2296 4459 sanctorum
2338 4399 2565 4454 Patrum
2596 4399 2914 4470 opinionem
2965 4408 3280 4470 sequentes,
3329 4401 3563 4471 gloriam

286 4489 365 4562 τῷ
392 4489 530 4543 κατὰ
563 4491 724 4559 φύσιν
759 4492 894 4563 Υἰῷ,
929 4493 995 4545 δι’
1023 4488 1191 4564 οὗπερ
1224 4494 1286 4548 ἂν
1320 4497 1561 4565 φαίνοιτο
1589 4500 1700 4561 τοῖς
1730 4500 1871 4553 κατά

290 4581 436 4637 θέσιν
490 4585 593 4637 οὐκ
642 4585 979 4650 ίσοστατῶν;
1023 4587 1238 4657 ’Ἄπαγε
1285 4590 1381 4659 τῆς
1435 4590 1735 4662 βδελυρίας,
1781 4592 1872 4646 ἄν·

288 4674 500 4745 θρωπεί
536 4677 882 4747 φρονήσομεν
917 4677 1024 4749 γὰρ
1067 4679 1164 4749 οὑχ
1218 4679 1389 4744 οὕτως
1433 4684 1617 4752 ἡμεῖς,
1649 4684 1722 4754 μὴ
1773 4684 1870 4752 γέ-

283 4784 447 4832 νοιτο,
476 4770 591 4831 tati;
630 4768 687 4820 δὲ
724 4769 831 4822 τῶν
874 4770 1043 4839 ἁγίων
1074 4770 1330 4841 Πατέρων
1376 4773 1629 4841 ἑπόμενοι
1668 4773 1866 4841 δόξαις,

280 4855 660 4927 εὐδοκιμήσειν
698 4860 847 4928 παρὰ
889 4859 1008 4928 Θεῷ
1054 4861 1405 4931 πιστεύομεν.
1448 4862 1663 4936 Ἐπειδὴ
1701 4864 1756 4917 δὲ
1791 4867 1871 4929 είς

276 4947 555 5011 ἀπόδειξιν
582 4942 657 5001 ὧν
692 4951 946 5017 φρονοῦσι
976 4953 1070 5005 καὶ
1114 4953 1358 5021 λέγουσιν
1392 4955 1567 5008 ἐκεῖνο
1610 4956 1869 5026 παρήγα-

275 5053 375 5104 γον
404 5036 465 5088 τὸ
495 5037 786 5108 εἰρημένον
834 5039 922 5093 διὰ
947 5041 1039 5094 τοῦ
1075 5042 1308 5106 Παύλου,
1346 5043 1427 5094 ὅτι
1459 5063 1478 5094 ι
1500 5044 1587 5096 Ἑν
1621 5043 1739 5114 Θεῷ
1765 5044 1869 5107 ζῶ-

278 5145 407 5197 μεν,
436 5129 530 5180 καὶ
564 5131 880 5199 κινούμεθα,
918 5132 1013 5186 καὶ
1042 5133 1228 5202 ἐσμὲν,
1257 5152 1274 5184 ι
1314 5133 1373 5186 τὸ
1404 5136 1461 5187 ἐν
1500 5135 1675 5206 Πατρὶ
1715 5135 1869 5205 λέγε-

276 5218 407 5271 σθαι
442 5219 531 5272 τὸν
558 5213 693 5275 Υἱὸν
724 5222 1032 5287 δεικνύντες
1077 5227 1280 5278 είκαῖον
1306 5228 1367 5279 ἐκ
1393 5226 1500 5280 τῶν
1538 5228 1660 5281 καθ’
1695 5229 1864 5300 ἡμᾶς,

272 5314 413 5384 φέρε
446 5318 568 5378 ταῖς
613 5314 982 5387 καθηκούσαις
1029 5316 1275 5388 ἐρεύναις
1318 5318 1378 5370 τὸ
1430 5317 1591 5390 ῥηθὲν
1628 5319 1864 5373 ὑποϐάλ-

267 5403 464 5468 λοντες
492 5406 857 5476 διελέγχωμεν
891 5407 1086 5470 αὐτοὺς
1119 5408 1210 5461 καὶ
1246 5409 1335 5462 τὸν
1376 5408 1483 5461 τῶν
1519 5409 1689 5478 ἁγίων
1726 5410 1862 5462 ἀπο-

271 5494 486 5552 στόλων
517 5501 869 5568 συκοφαντεῖν
919 5500 1169 5555 ὲθέλοντα
1211 5501 1325 5573 [γρ.
1377 5500 1684 5576 ἐθέλοντας]
1715 5502 1859 5570 νοῦν,

1980 4495 2121 4566 apud
2170 4493 2338 4548 Deum
2375 4508 2479 4548 nos
2526 4500 2927 4548 consecuturos
2956 4493 3254 4549 credimus.
3289 4493 3395 4549 Sed
3425 4509 3567 4565 quo-

1978 4587 2123 4639 niam
2161 4584 2226 4639 ad
2283 4582 2812 4638 demonstrationem
2865 4597 3055 4637 eorum
3105 4596 3228 4652 qua:
3266 4581 3459 4637 dicunt
3496 4595 3565 4637 ac

1977 4680 2221 4733 sentiunt
2274 4677 2407 4732 illud
2444 4675 2601 4730 Pauli
2651 4676 2859 4731 dictum
2894 4676 3198 4730 attulerunt
3235 4694 3247 4730 :
3289 4694 3308 4728 ι
3350 4675 3408 4730 ιη
3451 4675 3563 4732 Deo

1978 4770 2234 4833 vivimus,
2276 4783 2561 4824 tnovemur
2614 4774 2670 4821 et
2698 4782 2891 4822 sumus
2917 4767 2978 4832 ιθ,
3018 4785 3036 4819 ι
3074 4767 3208 4822 illud
3242 4766 3389 4838 quod
3419 4768 3562 4823 dici-

1976 4868 2088 4927 tur,
2141 4859 2335 4915 Filium
2366 4861 2421 4914 in
2477 4858 2666 4924 Patre,
2701 4857 3051 4914 ostendentes
3089 4874 3289 4913 vanum
3338 4876 3461 4916 esse
3489 4877 3560 4916 ex

1977 4954 2157 5016 nobis,
2183 4967 2282 5023 age
2302 4952 2513 5007 dictum
2539 4949 2671 5005 illud
2695 4950 3086 5007 convenienter
3108 4961 3440 5017 scrutantes,
3459 4951 3557 5007 de~

1976 5054 2347 5099 monstremus
2376 5058 2472 5098 COS
2486 5053 2540 5097 Θῐ
2568 5049 2886 5098 sanctorum
2920 5044 3294 5113 apostolorum
3320 5052 3556 5098 mentem

1973 5135 2321 5201 calumniari,
2341 5142 2397 5190 et
2431 5136 2484 5188 in
2502 5136 2831 5190 sententiam
2859 5152 3014 5192 suam
3033 5150 3154 5205 qua:
3179 5144 3329 5188 recte
3362 5133 3548 5188 admo-

1973 5228 2102 5281 dum
2142 5228 2287 5282 dicta
2321 5235 2449 5281 sunt
2478 5228 2807 5284 stultissime
2848 5227 3199 5294 detorquere.
3248 5225 3381 5278 Nam
3427 5241 3554 5280 cum

1973 5318 2205 5373 Athenis
2236 5327 2381 5374 esset
2423 5320 2621 5375 beatus
2648 5318 2850 5375 Paulus
2900 5318 3273 5388 populumque
3312 5315 3557 5381 videret,

1971 5410 2225 5478 quamvis
2253 5409 2533 5478 sapientia:
2555 5410 2777 5463 nomine
2791 5408 3083 5472 celebrem,
3114 5408 3338 5462 deorum
3372 5416 3555 5462 tamen

1972 5500 2110 5556 falsa
2143 5501 2406 5571 religione
2447 5504 2644 5569 teneri,
2698 5502 2805 5572 piis
2846 5501 3157 5558 rationibus
3185 5517 3283 5557 eos
3318 5516 3350 5555 a
3386 5499 3555 5556 veteri

366 5684 415 5716 "
451 5683 612 5741 Rom.
639 5700 692 5750 ι,
718 5686 791 5740 εν
875 5687 918 5719 ¹⁶
943 5687 1067 5744 Act.
1098 5703 1159 5744 ιιι
1182 5731 1195 5757 ,
1237 5688 1322 5755 1⁸5,
1363 5686 1443 5741 14.
1526 5687 1565 5718 ⁸⁷
1597 5685 1744 5743 l’sal.
1767 5701 1886 5742 tu:

1994 5704 2047 5751 ι,
2085 5689 2136 5743 8.
2219 5690 2259 5720 ⁸⁸
2312 5689 2433 5743 Act.
2474 5686 2727 5749 “41,98.
2796 5761 2800 5767 γ
