  <div class='ocr_page' id='page_1' title='image "/cluster/home/n/w/nwhite01/storage/ocr_20150623/74/hvd.32044048207120/121.png"; bbox 0 0 4042 6204; ppageno 0'>
   <div class='ocr_carea' id='block_1_1' title="bbox 513 287 611 341">
    <p class='ocr_par' dir='ltr' id='par_1_1' title="bbox 513 287 611 341">
     <span class='ocr_line' id='line_1_1' title="bbox 513 287 611 341; baseline -0.02 0"><span class='ocrx_word' id='word_1_1' title='bbox 513 287 611 341; x_wconf 72' lang='lat'><strong>251</strong></span> 
     </span>
    </p>
   </div>
   <div class='ocr_carea' id='block_1_2' title="bbox 1511 280 2755 346">
    <p class='ocr_par' dir='ltr' id='par_1_2' title="bbox 1511 280 2755 346">
     <span class='ocr_line' id='line_1_2' title="bbox 1511 280 2755 346; baseline 0.005 -11"><span class='ocrx_word' id='word_1_2' title='bbox 1511 280 1568 339; x_wconf 89' lang='lat' dir='ltr'><strong>S.</strong></span> <span class='ocrx_word' id='word_1_3' title='bbox 1610 280 1887 339; x_wconf 73' lang='lat' dir='ltr'><strong>CYlllLLl</strong></span> <span class='ocrx_word' id='word_1_4' title='bbox 1924 280 2393 342; x_wconf 68' lang='lat' dir='ltr'><strong>ALEXANDHINI</strong></span> <span class='ocrx_word' id='word_1_5' title='bbox 2438 284 2755 346; x_wconf 73' lang='lat' dir='ltr'><strong>AHCllIEP.</strong></span> 
     </span>
    </p>
   </div>
   <div class='ocr_carea' id='block_1_3' title="bbox 3670 290 3780 344">
    <p class='ocr_par' dir='ltr' id='par_1_3' title="bbox 3670 290 3780 344">
     <span class='ocr_line' id='line_1_3' title="bbox 3670 290 3780 344; baseline -0.009 0"><span class='ocrx_word' id='word_1_6' title='bbox 3670 290 3780 344; x_wconf 67' lang='lat'><strong>232</strong></span> 
     </span>
    </p>
   </div>
   <div class='ocr_carea' id='block_1_4' title="bbox 515 395 2105 469">
    <p class='ocr_par' dir='ltr' id='par_1_4' title="bbox 515 395 2093 468">
     <span class='ocr_line' id='line_1_4' title="bbox 515 395 2093 468; baseline 0.001 -15"><span class='ocrx_word' id='word_1_7' title='bbox 515 397 706 453; x_wconf 89' lang='lat' dir='ltr'><strong>fraude</strong></span> <span class='ocrx_word' id='word_1_8' title='bbox 749 396 817 452; x_wconf 89' lang='lat' dir='ltr'><strong>ad</strong></span> <span class='ocrx_word' id='word_1_9' title='bbox 864 398 1030 453; x_wconf 88' lang='lat' dir='ltr'><strong>unius</strong></span> <span class='ocrx_word' id='word_1_10' title='bbox 1064 413 1127 452; x_wconf 88' lang='lat' dir='ltr'><strong>ac</strong></span> <span class='ocrx_word' id='word_1_11' title='bbox 1158 397 1275 453; x_wconf 87' lang='lat' dir='ltr'><strong>veri</strong></span> <span class='ocrx_word' id='word_1_12' title='bbox 1324 395 1419 453; x_wconf 90' lang='lat' dir='ltr'><strong>Dei</strong></span> <span class='ocrx_word' id='word_1_13' title='bbox 1448 399 1783 468; x_wconf 90' lang='lat' dir='ltr'><strong>agnitionem</strong></span> <span class='ocrx_word' id='word_1_14' title='bbox 1832 411 2093 455; x_wconf 86' lang='lat' dir='ltr'><strong>revocare</strong></span> 
     </span>
    </p>
   </div>
   <div class='ocr_carea' id='block_1_5' title="bbox 2210 395 3779 469">
    <p class='ocr_par' dir='ltr' id='par_1_5' title="bbox 2210 397 3779 469">
     <span class='ocr_line' id='line_1_5' title="bbox 2210 397 3779 469; baseline -0.003 -13"><span class='ocrx_word' id='word_1_15' title='bbox 2210 405 2289 460; x_wconf 72' lang='grc' dir='ltr'>ιιαὶ</span> <span class='ocrx_word' id='word_1_16' title='bbox 2322 404 2400 466; x_wconf 87' lang='grc' dir='ltr'><strong>είς</strong></span> <span class='ocrx_word' id='word_1_17' title='bbox 2434 402 2497 455; x_wconf 81' lang='grc' dir='ltr'>τὸ</span> <span class='ocrx_word' id='word_1_18' title='bbox 2532 400 2721 458; x_wconf 80' lang='grc' dir='ltr'>δοκοῦν</span> <span class='ocrx_word' id='word_1_19' title='bbox 2748 400 2929 463; x_wconf 85' lang='grc' dir='ltr'>αὑτοῖς</span> <span class='ocrx_word' id='word_1_20' title='bbox 2956 397 3287 452; x_wconf 74' lang='grc' dir='ltr'>ἀϐουλότατα</span> <span class='ocrx_word' id='word_1_21' title='bbox 3320 398 3779 469; x_wconf 51' lang='grc' dir='ltr'>παρατρέποντας</span> 
     </span>
    </p>
   </div>
   <div class='ocr_carea' id='block_1_6' title="bbox 513 488 2095 560">
    <p class='ocr_par' dir='ltr' id='par_1_6' title="bbox 513 488 2095 560">
     <span class='ocr_line' id='line_1_6' title="bbox 513 488 2095 560; baseline -0.001 -14"><span class='ocrx_word' id='word_1_22' title='bbox 513 490 838 554; x_wconf 83' lang='lat' dir='ltr'><strong>conabatur,</strong></span> <span class='ocrx_word' id='word_1_23' title='bbox 870 489 960 560; x_wconf 85' lang='lat' dir='ltr'><strong>qui</strong></span> <span class='ocrx_word' id='word_1_24' title='bbox 985 489 1258 544; x_wconf 75' lang='lat' dir='ltr'><strong>creaturis</strong></span> <span class='ocrx_word' id='word_1_25' title='bbox 1283 488 1400 543; x_wconf 85' lang='lat' dir='ltr'><strong>suis</strong></span> <span class='ocrx_word' id='word_1_26' title='bbox 1424 489 1590 544; x_wconf 90' lang='lat' dir='ltr'><strong>vitam</strong></span> <span class='ocrx_word' id='word_1_27' title='bbox 1616 500 1812 545; x_wconf 89' lang='lat' dir='ltr'><strong>etesse</strong></span> <span class='ocrx_word' id='word_1_28' title='bbox 1844 489 2095 560; x_wconf 88' lang='lat' dir='ltr'><strong>largitur.</strong></span> 
     </span>
    </p>
   </div>
   <div class='ocr_carea' id='block_1_7' title="bbox 512 582 2098 654">
    <p class='ocr_par' dir='ltr' id='par_1_7' title="bbox 512 582 2098 654">
     <span class='ocr_line' id='line_1_7' title="bbox 512 582 2098 654; baseline -0.003 -13"><span class='ocrx_word' id='word_1_29' title='bbox 512 586 725 641; x_wconf 79' lang='lat' dir='ltr'><strong>Cuncta</strong></span> <span class='ocrx_word' id='word_1_30' title='bbox 751 585 957 654; x_wconf 84' lang='lat' dir='ltr'><strong>quippe</strong></span> <span class='ocrx_word' id='word_1_31' title='bbox 985 583 1248 648; x_wconf 83' lang='lat' dir='ltr'><strong>viviﬁcat,</strong></span> <span class='ocrx_word' id='word_1_32' title='bbox 1271 582 1381 636; x_wconf 75' lang='lat' dir='ltr'><strong>vita</strong></span> <span class='ocrx_word' id='word_1_33' title='bbox 1409 597 1533 638; x_wconf 92' lang='lat' dir='ltr'><strong>cum</strong></span> <span class='ocrx_word' id='word_1_34' title='bbox 1566 583 1638 638; x_wconf 91' lang='lat' dir='ltr'><strong>sit</strong></span> <span class='ocrx_word' id='word_1_35' title='bbox 1671 583 1974 638; x_wconf 90' lang='lat' dir='ltr'><strong>secundum</strong></span> <span class='ocrx_word' id='word_1_36' title='bbox 2006 598 2098 638; x_wconf 90' lang='lat' dir='ltr'><strong>na-</strong></span> 
     </span>
    </p>
   </div>
   <div class='ocr_carea' id='block_1_8' title="bbox 515 673 2097 746">
    <p class='ocr_par' dir='ltr' id='par_1_8' title="bbox 515 673 2097 746">
     <span class='ocr_line' id='line_1_8' title="bbox 515 673 2097 746; baseline -0.004 -11"><span class='ocrx_word' id='word_1_37' title='bbox 515 693 723 739; x_wconf 87' lang='lat' dir='ltr'><strong>turam.</strong></span> <span class='ocrx_word' id='word_1_38' title='bbox 761 676 1147 731; x_wconf 88' lang='lat' dir='ltr'><strong>universorum</strong></span> <span class='ocrx_word' id='word_1_39' title='bbox 1194 673 1402 745; x_wconf 82' lang='lat' dir='ltr'><strong>opifex,</strong></span> <span class='ocrx_word' id='word_1_40' title='bbox 1430 689 1547 730; x_wconf 68' lang='lat' dir='ltr'><strong>sua:</strong></span> <span class='ocrx_word' id='word_1_41' title='bbox 1586 675 1941 746; x_wconf 80' lang='lat' dir='ltr'><strong>proprietatis</strong></span> <span class='ocrx_word' id='word_1_42' title='bbox 1989 677 2097 730; x_wconf 90' lang='lat' dir='ltr'><strong>vim</strong></span> 
     </span>
    </p>
   </div>
   <div class='ocr_carea' id='block_1_9' title="bbox 512 765 2101 828">
    <p class='ocr_par' dir='ltr' id='par_1_9' title="bbox 512 765 2101 828">
     <span class='ocr_line' id='line_1_9' title="bbox 512 765 2101 828; baseline -0.003 0"><span class='ocrx_word' id='word_1_43' title='bbox 512 775 596 828; x_wconf 92' lang='lat' dir='ltr'><strong>eis</strong></span> <span class='ocrx_word' id='word_1_44' title='bbox 628 769 979 826; x_wconf 83' lang='lat' dir='ltr'><strong>ineffabiliter</strong></span> <span class='ocrx_word' id='word_1_45' title='bbox 1022 767 1342 823; x_wconf 83' lang='lat' dir='ltr'><strong>infundens.</strong></span> <span class='ocrx_word' id='word_1_46' title='bbox 1365 765 1477 823; x_wconf 86' lang='lat' dir='ltr'><strong>Nec</strong></span> <span class='ocrx_word' id='word_1_47' title='bbox 1509 767 1655 822; x_wconf 89' lang='lat' dir='ltr'><strong>enim</strong></span> <span class='ocrx_word' id='word_1_48' title='bbox 1681 767 1841 823; x_wconf 89' lang='lat' dir='ltr'><strong>aliter</strong></span> <span class='ocrx_word' id='word_1_49' title='bbox 1875 782 2101 824; x_wconf 90' lang='lat' dir='ltr'><strong>conser-</strong></span> 
     </span>
    </p>
   </div>
   <div class='ocr_carea' id='block_1_10' title="bbox 516 860 2101 936">
    <p class='ocr_par' dir='ltr' id='par_1_10' title="bbox 516 860 2101 936">
     <span class='ocr_line' id='line_1_10' title="bbox 516 860 2101 936; baseline -0.003 -17"><span class='ocrx_word' id='word_1_50' title='bbox 516 865 634 919; x_wconf 87' lang='lat' dir='ltr'><strong>vari</strong></span> <span class='ocrx_word' id='word_1_51' title='bbox 667 871 893 936; x_wconf 84' lang='lat' dir='ltr'><strong>possent</strong></span> <span class='ocrx_word' id='word_1_52' title='bbox 929 863 983 915; x_wconf 92' lang='lat' dir='ltr'><strong>in</strong></span> <span class='ocrx_word' id='word_1_53' title='bbox 1032 875 1157 917; x_wconf 84' lang='lat' dir='ltr'><strong>esse</strong></span> <span class='ocrx_word' id='word_1_54' title='bbox 1181 874 1286 915; x_wconf 92' lang='lat' dir='ltr'><strong>suo</strong></span> <span class='ocrx_word' id='word_1_55' title='bbox 1315 875 1435 930; x_wconf 67' lang='lat' dir='ltr'><strong>quae</strong></span> <span class='ocrx_word' id='word_1_56' title='bbox 1470 870 1653 916; x_wconf 91' lang='lat' dir='ltr'><strong>ortum</strong></span> <span class='ocrx_word' id='word_1_57' title='bbox 1699 860 1921 916; x_wconf 91' lang='lat' dir='ltr'><strong>enihilo</strong></span> <span class='ocrx_word' id='word_1_58' title='bbox 1942 875 2101 931; x_wconf 89' lang='lat' dir='ltr'><strong>cepe-</strong></span> 
     </span>
    </p>
   </div>
   <div class='ocr_carea' id='block_1_11' title="bbox 516 950 2097 1024">
    <p class='ocr_par' dir='ltr' id='par_1_11' title="bbox 516 950 2097 1024">
     <span class='ocr_line' id='line_1_11' title="bbox 516 950 2097 1024; baseline -0.004 -11"><span class='ocrx_word' id='word_1_59' title='bbox 516 965 649 1013; x_wconf 86' lang='lat' dir='ltr'><strong>runt</strong></span> <span class='ocrx_word' id='word_1_60' title='bbox 681 974 694 1011; x_wconf 91' lang='lat'>:</span> <span class='ocrx_word' id='word_1_61' title='bbox 730 954 936 1024; x_wconf 80' lang='lat' dir='ltr'><strong>alioqui</strong></span> <span class='ocrx_word' id='word_1_62' title='bbox 969 956 1114 1009; x_wconf 91' lang='lat' dir='ltr'><strong>enim</strong></span> <span class='ocrx_word' id='word_1_63' title='bbox 1147 953 1216 1009; x_wconf 89' lang='lat' dir='ltr'><strong>ad</strong></span> <span class='ocrx_word' id='word_1_64' title='bbox 1247 968 1403 1010; x_wconf 90' lang='lat' dir='ltr'><strong>suam</strong></span> <span class='ocrx_word' id='word_1_65' title='bbox 1453 964 1710 1008; x_wconf 88' lang='lat' dir='ltr'><strong>naturam</strong></span> <span class='ocrx_word' id='word_1_66' title='bbox 1742 950 2007 1013; x_wconf 84' lang='lat' dir='ltr'><strong>redirent.</strong></span> <span class='ocrx_word' id='word_1_67' title='bbox 2044 951 2097 1006; x_wconf 90' lang='lat' dir='ltr'><strong>id</strong></span> 
     </span>
    </p>
   </div>
   <div class='ocr_carea' id='block_1_12' title="bbox 515 1045 2096 1117">
    <p class='ocr_par' dir='ltr' id='par_1_12' title="bbox 515 1045 2096 1117">
     <span class='ocr_line' id='line_1_12' title="bbox 515 1045 2096 1117; baseline -0.003 -13"><span class='ocrx_word' id='word_1_68' title='bbox 515 1048 684 1104; x_wconf 83' lang='lat' dir='ltr'><strong>estin</strong></span> <span class='ocrx_word' id='word_1_69' title='bbox 733 1046 990 1112; x_wconf 84' lang='lat' dir='ltr'><strong>nihilum,</strong></span> <span class='ocrx_word' id='word_1_70' title='bbox 1032 1046 1139 1102; x_wconf 88' lang='lat' dir='ltr'><strong>nisi</strong></span> <span class='ocrx_word' id='word_1_71' title='bbox 1193 1045 1590 1117; x_wconf 85' lang='lat' dir='ltr'><strong>conjunctione</strong></span> <span class='ocrx_word' id='word_1_72' title='bbox 1633 1052 1689 1100; x_wconf 89' lang='lat' dir='ltr'><strong>et</strong></span> <span class='ocrx_word' id='word_1_73' title='bbox 1733 1045 2002 1100; x_wconf 86' lang='lat' dir='ltr'><strong>relatione</strong></span> <span class='ocrx_word' id='word_1_74' title='bbox 2030 1045 2096 1099; x_wconf 91' lang='lat' dir='ltr'><strong>ad</strong></span> 
     </span>
    </p>
   </div>
   <div class='ocr_carea' id='block_1_13' title="bbox 474 1139 2096 1212">
    <p class='ocr_par' dir='ltr' id='par_1_13' title="bbox 474 1139 2096 1212">
     <span class='ocr_line' id='line_1_13' title="bbox 474 1139 2096 1212; baseline -0.003 -15"><span class='ocrx_word' id='word_1_75' title='bbox 474 1157 643 1197; x_wconf 91' lang='lat' dir='ltr'><strong>-cum</strong></span> <span class='ocrx_word' id='word_1_76' title='bbox 710 1142 805 1212; x_wconf 89' lang='lat' dir='ltr'><strong>qui</strong></span> <span class='ocrx_word' id='word_1_77' title='bbox 851 1150 935 1197; x_wconf 88' lang='lat' dir='ltr'><strong>est</strong></span> <span class='ocrx_word' id='word_1_78' title='bbox 975 1141 1061 1197; x_wconf 90' lang='lat' dir='ltr'><strong>sui</strong></span> <span class='ocrx_word' id='word_1_79' title='bbox 1115 1151 1270 1196; x_wconf 89' lang='lat' dir='ltr'><strong>ortus</strong></span> <span class='ocrx_word' id='word_1_80' title='bbox 1324 1139 1699 1194; x_wconf 88' lang='lat' dir='ltr'><strong>inﬁrmitatem</strong></span> <span class='ocrx_word' id='word_1_81' title='bbox 1753 1146 2096 1208; x_wconf 84' lang='lat' dir='ltr'><strong>superarent.</strong></span> 
     </span>
    </p>
   </div>
   <div class='ocr_carea' id='block_1_14' title="bbox 516 1228 2101 1302">
    <p class='ocr_par' dir='ltr' id='par_1_14' title="bbox 516 1228 2101 1302">
     <span class='ocr_line' id='line_1_14' title="bbox 516 1228 2101 1302; baseline 0.001 -17"><span class='ocrx_word' id='word_1_82' title='bbox 516 1228 689 1288; x_wconf 82' lang='lat' dir='ltr'><strong>Recte</strong></span> <span class='ocrx_word' id='word_1_83' title='bbox 742 1231 927 1302; x_wconf 88' lang='lat' dir='ltr'><strong>itaque</strong></span> <span class='ocrx_word' id='word_1_84' title='bbox 991 1231 1213 1287; x_wconf 86' lang='lat' dir='ltr'><strong>divinus</strong></span> <span class='ocrx_word' id='word_1_85' title='bbox 1261 1229 1468 1285; x_wconf 88' lang='lat' dir='ltr'><strong>Paulus</strong></span> <span class='ocrx_word' id='word_1_86' title='bbox 1531 1231 1736 1295; x_wconf 85' lang='lat' dir='ltr'><strong>aiebat,</strong></span> <span class='ocrx_word' id='word_1_87' title='bbox 1803 1229 2101 1286; x_wconf 86' lang='lat' dir='ltr'><strong>ostendens</strong></span> 
     </span>
    </p>
   </div>
   <div class='ocr_carea' id='block_1_15' title="bbox 515 1320 2097 1388">
    <p class='ocr_par' dir='ltr' id='par_1_15' title="bbox 515 1320 2097 1388">
     <span class='ocr_line' id='line_1_15' title="bbox 515 1320 2097 1388; baseline 0.001 -13"><span class='ocrx_word' id='word_1_88' title='bbox 515 1320 690 1378; x_wconf 91' lang='lat' dir='ltr'><strong>Deum</strong></span> <span class='ocrx_word' id='word_1_89' title='bbox 750 1323 1138 1377; x_wconf 88' lang='lat' dir='ltr'><strong>universorum</strong></span> <span class='ocrx_word' id='word_1_90' title='bbox 1178 1323 1347 1377; x_wconf 89' lang='lat' dir='ltr'><strong>vitam</strong></span> <span class='ocrx_word' id='word_1_91' title='bbox 1376 1336 1519 1385; x_wconf 88' lang='lat' dir='ltr'><strong>esse,</strong></span> <span class='ocrx_word' id='word_1_92' title='bbox 1555 1335 1659 1376; x_wconf 91' lang='lat' dir='ltr'><strong>nos</strong></span> <span class='ocrx_word' id='word_1_93' title='bbox 1709 1321 1766 1375; x_wconf 90' lang='lat' dir='ltr'><strong>in</strong></span> <span class='ocrx_word' id='word_1_94' title='bbox 1795 1335 1862 1376; x_wconf 92' lang='lat' dir='ltr'><strong>eo</strong></span> <span class='ocrx_word' id='word_1_95' title='bbox 1894 1321 2097 1388; x_wconf 86' lang='lat' dir='ltr'><strong>vivere,</strong></span> 
     </span>
    </p>
   </div>
   <div class='ocr_carea' id='block_1_16' title="bbox 516 1410 2097 1484">
    <p class='ocr_par' dir='ltr' id='par_1_16' title="bbox 516 1410 2097 1484">
     <span class='ocr_line' id='line_1_16' title="bbox 516 1410 2097 1484; baseline -0.003 -14"><span class='ocrx_word' id='word_1_96' title='bbox 516 1424 572 1470; x_wconf 93' lang='lat' dir='ltr'><strong>et</strong></span> <span class='ocrx_word' id='word_1_97' title='bbox 611 1414 843 1473; x_wconf 85' lang='lat' dir='ltr'><strong>moveri.</strong></span> <span class='ocrx_word' id='word_1_98' title='bbox 873 1420 929 1469; x_wconf 92' lang='lat' dir='ltr'><strong>et</strong></span> <span class='ocrx_word' id='word_1_99' title='bbox 957 1428 1081 1469; x_wconf 88' lang='lat' dir='ltr'><strong>esse</strong></span> <span class='ocrx_word' id='word_1_100' title='bbox 1138 1432 1152 1468; x_wconf 89' lang='lat'><strong>:</strong></span> <span class='ocrx_word' id='word_1_101' title='bbox 1186 1429 1299 1469; x_wconf 89' lang='lat' dir='ltr'><strong>non</strong></span> <span class='ocrx_word' id='word_1_102' title='bbox 1330 1414 1519 1484; x_wconf 87' lang='lat' dir='ltr'><strong>utique</strong></span> <span class='ocrx_word' id='word_1_103' title='bbox 1575 1411 1897 1484; x_wconf 85' lang='lat' dir='ltr'><strong>signiﬁcans</strong></span> <span class='ocrx_word' id='word_1_104' title='bbox 1941 1410 2097 1480; x_wconf 88' lang='lat' dir='ltr'><strong>illud,</strong></span> 
     </span>
    </p>
   </div>
   <div class='ocr_carea' id='block_1_17' title="bbox 517 1502 2100 1575">
    <p class='ocr_par' dir='ltr' id='par_1_17' title="bbox 517 1502 2100 1575">
     <span class='ocr_line' id='line_1_17' title="bbox 517 1502 2100 1575; baseline -0.001 -17"><span class='ocrx_word' id='word_1_105' title='bbox 517 1503 664 1575; x_wconf 90' lang='lat' dir='ltr'><strong>quod</strong></span> <span class='ocrx_word' id='word_1_106' title='bbox 690 1503 793 1573; x_wconf 91' lang='lat' dir='ltr'><strong>ipsi</strong></span> <span class='ocrx_word' id='word_1_107' title='bbox 819 1503 913 1574; x_wconf 85' lang='lat' dir='ltr'><strong>qui</strong></span> <span class='ocrx_word' id='word_1_108' title='bbox 943 1517 1224 1559; x_wconf 89' lang='lat' dir='ltr'><strong>sacrarum</strong></span> <span class='ocrx_word' id='word_1_109' title='bbox 1243 1502 1576 1557; x_wconf 86' lang='lat' dir='ltr'><strong>Litterarum</strong></span> <span class='ocrx_word' id='word_1_110' title='bbox 1604 1510 1809 1557; x_wconf 90' lang='lat' dir='ltr'><strong>rectam</strong></span> <span class='ocrx_word' id='word_1_111' title='bbox 1834 1502 2100 1557; x_wconf 88' lang='lat' dir='ltr'><strong>rationem</strong></span> 
     </span>
    </p>
   </div>
   <div class='ocr_carea' id='block_1_18' title="bbox 518 1593 2099 1665">
    <p class='ocr_par' dir='ltr' id='par_1_18' title="bbox 518 1593 2099 1665">
     <span class='ocr_line' id='line_1_18' title="bbox 518 1593 2099 1665; baseline -0.001 -15"><span class='ocrx_word' id='word_1_112' title='bbox 518 1604 942 1665; x_wconf 88' lang='lat' dir='ltr'><strong>corrumpentes</strong></span> <span class='ocrx_word' id='word_1_113' title='bbox 971 1593 1039 1648; x_wconf 90' lang='lat' dir='ltr'><strong>ad</strong></span> <span class='ocrx_word' id='word_1_114' title='bbox 1068 1610 1231 1650; x_wconf 90' lang='lat' dir='ltr'><strong>suum</strong></span> <span class='ocrx_word' id='word_1_115' title='bbox 1255 1609 1487 1665; x_wconf 92' lang='lat' dir='ltr'><strong>scopum</strong></span> <span class='ocrx_word' id='word_1_116' title='bbox 1512 1596 1812 1659; x_wconf 78' lang='lat' dir='ltr'><strong>ﬁnxerunt,</strong></span> <span class='ocrx_word' id='word_1_117' title='bbox 1830 1594 1928 1650; x_wconf 91' lang='lat' dir='ltr'><strong>sed</strong></span> <span class='ocrx_word' id='word_1_118' title='bbox 1952 1595 2099 1665; x_wconf 90' lang='lat' dir='ltr'><strong>quod</strong></span> 
     </span>
    </p>
   </div>
   <div class='ocr_carea' id='block_1_19' title="bbox 518 1685 2098 1758">
    <p class='ocr_par' dir='ltr' id='par_1_19' title="bbox 518 1685 2098 1758">
     <span class='ocr_line' id='line_1_19' title="bbox 518 1685 2098 1758; baseline -0.001 -16"><span class='ocrx_word' id='word_1_119' title='bbox 518 1702 709 1742; x_wconf 79' lang='lat' dir='ltr'><strong>verum</strong></span> <span class='ocrx_word' id='word_1_120' title='bbox 741 1693 859 1741; x_wconf 82' lang='lat' dir='ltr'><strong>erat</strong></span> <span class='ocrx_word' id='word_1_121' title='bbox 886 1694 941 1741; x_wconf 90' lang='lat' dir='ltr'><strong>et</strong></span> <span class='ocrx_word' id='word_1_122' title='bbox 977 1685 1071 1741; x_wconf 81' lang='lat' dir='ltr'><strong>Det</strong></span> <span class='ocrx_word' id='word_1_123' title='bbox 1100 1685 1415 1758; x_wconf 80' lang='lat' dir='ltr'><strong>cognitione</strong></span> <span class='ocrx_word' id='word_1_124' title='bbox 1453 1701 1630 1754; x_wconf 89' lang='lat' dir='ltr'><strong>nuper</strong></span> <span class='ocrx_word' id='word_1_125' title='bbox 1664 1686 1890 1742; x_wconf 87' lang='lat' dir='ltr'><strong>imbutis</strong></span> <span class='ocrx_word' id='word_1_126' title='bbox 1925 1687 2098 1742; x_wconf 86' lang='lat' dir='ltr'><strong>utilis-</strong></span> 
     </span>
    </p>
   </div>
   <div class='ocr_carea' id='block_1_20' title="bbox 2204 490 3784 567">
    <p class='ocr_par' dir='ltr' id='par_1_20' title="bbox 2204 490 3784 567">
     <span class='ocr_line' id='line_1_20' title="bbox 2204 490 3784 567; baseline -0.003 -18"><span class='ocrx_word' id='word_1_127' title='bbox 2204 495 2273 549; x_wconf 76' lang='grc' dir='ltr'>τὰ</span> <span class='ocrx_word' id='word_1_128' title='bbox 2302 496 2423 549; x_wconf 82' lang='grc' dir='ltr'><strong>λίαν</strong></span> <span class='ocrx_word' id='word_1_129' title='bbox 2454 493 2631 567; x_wconf 80' lang='grc' dir='ltr'>ὀρθῶς</span> <span class='ocrx_word' id='word_1_130' title='bbox 2663 491 2945 565; x_wconf 77' lang='grc' dir='ltr'>εἰρημένα.</span> <span class='ocrx_word' id='word_1_131' title='bbox 2988 490 3247 563; x_wconf 78' lang='grc' dir='ltr'><strong>Ἀθήνῃσι</strong></span> <span class='ocrx_word' id='word_1_132' title='bbox 3277 491 3377 561; x_wconf 77' lang='grc' dir='ltr'>μὲν</span> <span class='ocrx_word' id='word_1_133' title='bbox 3407 490 3514 562; x_wconf 67' lang='grc' dir='ltr'>γὰρ</span> <span class='ocrx_word' id='word_1_134' title='bbox 3540 490 3784 560; x_wconf 65' lang='grc' dir='ltr'>γεγοιὼς</span> 
     </span>
    </p>
   </div>
   <div class='ocr_carea' id='block_1_21' title="bbox 2204 578 3785 658">
    <p class='ocr_par' dir='ltr' id='par_1_21' title="bbox 2204 578 3785 658">
     <span class='ocr_line' id='line_1_21' title="bbox 2204 578 3785 658; baseline -0.004 -17"><span class='ocrx_word' id='word_1_135' title='bbox 2204 589 2233 641; x_wconf 83' lang='grc' dir='ltr'>ὁ</span> <span class='ocrx_word' id='word_1_136' title='bbox 2276 587 2544 658; x_wconf 83' lang='grc' dir='ltr'>μακάριος</span> <span class='ocrx_word' id='word_1_137' title='bbox 2587 583 2817 649; x_wconf 83' lang='grc' dir='ltr'><strong>Παῦλος,</strong></span> <span class='ocrx_word' id='word_1_138' title='bbox 2864 578 2985 637; x_wconf 86' lang='grc' dir='ltr'>εἶτα</span> <span class='ocrx_word' id='word_1_139' title='bbox 3033 581 3168 635; x_wconf 87' lang='grc' dir='ltr'><strong>πολὺ</strong></span> <span class='ocrx_word' id='word_1_140' title='bbox 3219 581 3342 635; x_wconf 92' lang='grc' dir='ltr'>λίαν</span> <span class='ocrx_word' id='word_1_141' title='bbox 3390 581 3469 644; x_wconf 85' lang='grc' dir='ltr'><strong>είς</strong></span> <span class='ocrx_word' id='word_1_142' title='bbox 3524 581 3785 635; x_wconf 83' lang='grc' dir='ltr'>πολύθεον</span> 
     </span>
    </p>
   </div>
   <div class='ocr_carea' id='block_1_22' title="bbox 2207 664 3786 748">
    <p class='ocr_par' dir='ltr' id='par_1_22' title="bbox 2207 664 3786 748">
     <span class='ocr_line' id='line_1_22' title="bbox 2207 664 3786 748; baseline -0.005 -17"><span class='ocrx_word' id='word_1_143' title='bbox 2207 677 2415 748; x_wconf 80' lang='grc' dir='ltr'><strong>πλάνην</strong></span> <span class='ocrx_word' id='word_1_144' title='bbox 2461 675 2897 745; x_wconf 83' lang='grc' dir='ltr'>ἁνεπτοημένους</span> <span class='ocrx_word' id='word_1_145' title='bbox 2946 671 3122 743; x_wconf 87' lang='grc' dir='ltr'>ὁρῶν,</span> <span class='ocrx_word' id='word_1_146' title='bbox 3172 670 3348 725; x_wconf 88' lang='grc' dir='ltr'>καίτοι</span> <span class='ocrx_word' id='word_1_147' title='bbox 3399 669 3594 739; x_wconf 79' lang='grc' dir='ltr'>σοφοὺς</span> <span class='ocrx_word' id='word_1_148' title='bbox 3641 664 3786 725; x_wconf 75' lang='grc' dir='ltr'>εἶναι</span> 
     </span>
    </p>
   </div>
   <div class='ocr_carea' id='block_1_23' title="bbox 2205 759 3787 839">
    <p class='ocr_par' dir='ltr' id='par_1_23' title="bbox 2205 759 3787 839">
     <span class='ocr_line' id='line_1_23' title="bbox 2205 759 3787 839; baseline -0.004 -16"><span class='ocrx_word' id='word_1_149' title='bbox 2205 767 2667 839; x_wconf 80' lang='grc' dir='ltr'><strong>πεπιστευμένους</strong></span> <span class='ocrx_word' id='word_1_150' title='bbox 2722 766 2849 829; x_wconf 79' lang='grc' dir='ltr'>τοὺς</span> <span class='ocrx_word' id='word_1_151' title='bbox 2903 764 3082 817; x_wconf 75' lang='grc' dir='ltr'>ἐκεῖσε</span> <span class='ocrx_word' id='word_1_152' title='bbox 3129 762 3329 827; x_wconf 82' lang='grc' dir='ltr'>λαοὺς,</span> <span class='ocrx_word' id='word_1_153' title='bbox 3379 759 3787 833; x_wconf 77' lang='grc' dir='ltr'><strong>παρακομίζειν</strong></span> 
     </span>
    </p>
   </div>
   <div class='ocr_carea' id='block_1_24' title="bbox 2205 854 3789 931">
    <p class='ocr_par' dir='ltr' id='par_1_24' title="bbox 2205 854 3789 931">
     <span class='ocr_line' id='line_1_24' title="bbox 2205 854 3789 931; baseline -0.005 -15"><span class='ocrx_word' id='word_1_154' title='bbox 2205 861 2404 925; x_wconf 83' lang='grc' dir='ltr'>αὐτοὺς</span> <span class='ocrx_word' id='word_1_155' title='bbox 2432 860 2690 931; x_wconf 72' lang='grc' dir='ltr'>ἐπειρᾶτο</span> <span class='ocrx_word' id='word_1_156' title='bbox 2718 860 2818 929; x_wconf 81' lang='grc' dir='ltr'><strong>τῆς</strong></span> <span class='ocrx_word' id='word_1_157' title='bbox 2843 854 3075 928; x_wconf 77' lang='grc' dir='ltr'><strong>ἀρχαίας</strong></span> <span class='ocrx_word' id='word_1_158' title='bbox 3108 855 3345 925; x_wconf 82' lang='grc' dir='ltr'><strong>ἀπάτης,</strong></span> <span class='ocrx_word' id='word_1_159' title='bbox 3377 856 3488 919; x_wconf 86' lang='grc' dir='ltr'>τοῖς</span> <span class='ocrx_word' id='word_1_160' title='bbox 3522 855 3602 918; x_wconf 82' lang='grc' dir='ltr'>είς</span> <span class='ocrx_word' id='word_1_161' title='bbox 3630 855 3789 908; x_wconf 84' lang='grc' dir='ltr'>εὑσέ-</span> 
     </span>
    </p>
   </div>
   <div class='ocr_carea' id='block_1_25' title="bbox 2207 945 3777 1022">
    <p class='ocr_par' dir='ltr' id='par_1_25' title="bbox 2207 945 3777 1022">
     <span class='ocr_line' id='line_1_25' title="bbox 2207 945 3777 1022; baseline -0.004 -15"><span class='ocrx_word' id='word_1_162' title='bbox 2207 953 2361 1007; x_wconf 85' lang='grc' dir='ltr'>6ειαν</span> <span class='ocrx_word' id='word_1_163' title='bbox 2389 952 2668 1022; x_wconf 81' lang='grc' dir='ltr'><strong>λογισμοῖς</strong></span> <span class='ocrx_word' id='word_1_164' title='bbox 2703 947 2957 1020; x_wconf 81' lang='grc' dir='ltr'>μεταθεὶς</span> <span class='ocrx_word' id='word_1_165' title='bbox 2988 945 3203 1017; x_wconf 80' lang='grc' dir='ltr'><strong>εὐφυῶς</strong></span> <span class='ocrx_word' id='word_1_166' title='bbox 3232 948 3313 1011; x_wconf 90' lang='grc' dir='ltr'><strong>είς</strong></span> <span class='ocrx_word' id='word_1_167' title='bbox 3354 946 3414 1001; x_wconf 86' lang='grc' dir='ltr'><strong>τὸ</strong></span> <span class='ocrx_word' id='word_1_168' title='bbox 3446 950 3645 1019; x_wconf 70' lang='grc' dir='ltr'>χρῆναι</span> <span class='ocrx_word' id='word_1_169' title='bbox 3674 947 3777 1001; x_wconf 84' lang='grc' dir='ltr'>λοι-</span> 
     </span>
    </p>
   </div>
   <div class='ocr_carea' id='block_1_26' title="bbox 2208 1037 3786 1113">
    <p class='ocr_par' dir='ltr' id='par_1_26' title="bbox 2208 1037 3786 1113">
     <span class='ocr_line' id='line_1_26' title="bbox 2208 1037 3786 1113; baseline -0.004 -13"><span class='ocrx_word' id='word_1_170' title='bbox 2208 1047 2306 1101; x_wconf 84' lang='grc' dir='ltr'>πὸν</span> <span class='ocrx_word' id='word_1_171' title='bbox 2333 1046 2428 1098; x_wconf 74' lang='grc' dir='ltr'>ἕνα</span> <span class='ocrx_word' id='word_1_172' title='bbox 2451 1060 2511 1097; x_wconf 91' lang='grc' dir='ltr'><strong>τε</strong></span> <span class='ocrx_word' id='word_1_173' title='bbox 2553 1045 2648 1097; x_wconf 82' lang='grc' dir='ltr'>καὶ</span> <span class='ocrx_word' id='word_1_174' title='bbox 2691 1042 2851 1113; x_wconf 84' lang='grc' dir='ltr'>μόνον</span> <span class='ocrx_word' id='word_1_175' title='bbox 2882 1039 3079 1094; x_wconf 81' lang='grc' dir='ltr'>εἰδέναι</span> <span class='ocrx_word' id='word_1_176' title='bbox 3115 1038 3268 1104; x_wconf 85' lang='grc' dir='ltr'>Θεὸν,</span> <span class='ocrx_word' id='word_1_177' title='bbox 3308 1040 3421 1104; x_wconf 87' lang='grc' dir='ltr'>τοῖς</span> <span class='ocrx_word' id='word_1_178' title='bbox 3453 1037 3584 1111; x_wconf 88' lang='grc' dir='ltr'>παρ’</span> <span class='ocrx_word' id='word_1_179' title='bbox 3616 1039 3786 1094; x_wconf 89' lang='grc' dir='ltr'>αὑτοῦ</span> 
     </span>
    </p>
   </div>
   <div class='ocr_carea' id='block_1_27' title="bbox 2206 1126 3790 1208">
    <p class='ocr_par' dir='ltr' id='par_1_27' title="bbox 2206 1126 3790 1208">
     <span class='ocr_line' id='line_1_27' title="bbox 2206 1126 3790 1208; baseline -0.004 -17"><span class='ocrx_word' id='word_1_180' title='bbox 2206 1138 2455 1208; x_wconf 85' lang='grc' dir='ltr'>γεγονόσι</span> <span class='ocrx_word' id='word_1_181' title='bbox 2484 1136 2577 1190; x_wconf 74' lang='grc' dir='ltr'>καὶ</span> <span class='ocrx_word' id='word_1_182' title='bbox 2615 1134 2678 1188; x_wconf 79' lang='grc' dir='ltr'><strong>τὸ</strong></span> <span class='ocrx_word' id='word_1_183' title='bbox 2716 1132 2979 1188; x_wconf 82' lang='grc' dir='ltr'>κινεῖσθαι</span> <span class='ocrx_word' id='word_1_184' title='bbox 3016 1132 3110 1186; x_wconf 76' lang='grc' dir='ltr'><strong>καὶ</strong></span> <span class='ocrx_word' id='word_1_185' title='bbox 3146 1129 3245 1203; x_wconf 79' lang='grc' dir='ltr'><strong>ζῇν</strong></span> <span class='ocrx_word' id='word_1_186' title='bbox 3286 1132 3379 1185; x_wconf 70' lang='grc' dir='ltr'><strong>καὶ</strong></span> <span class='ocrx_word' id='word_1_187' title='bbox 3415 1126 3555 1185; x_wconf 74' lang='grc' dir='ltr'>εἶναι</span> <span class='ocrx_word' id='word_1_188' title='bbox 3583 1132 3790 1204; x_wconf 87' lang='grc' dir='ltr'>δωρού-</span> 
     </span>
    </p>
   </div>
   <div class='ocr_carea' id='block_1_28' title="bbox 2211 1223 3789 1302">
    <p class='ocr_par' dir='ltr' id='par_1_28' title="bbox 2211 1223 3789 1302">
     <span class='ocr_line' id='line_1_28' title="bbox 2211 1223 3789 1302; baseline -0.003 -20"><span class='ocrx_word' id='word_1_189' title='bbox 2211 1246 2390 1302; x_wconf 82' lang='grc' dir='ltr'>μενον.</span> <span class='ocrx_word' id='word_1_190' title='bbox 2446 1228 2713 1297; x_wconf 86' lang='grc' dir='ltr'>Ζωογονεῖ</span> <span class='ocrx_word' id='word_1_191' title='bbox 2767 1225 2876 1298; x_wconf 87' lang='grc' dir='ltr'>γὰρ</span> <span class='ocrx_word' id='word_1_192' title='bbox 2924 1223 2994 1278; x_wconf 83' lang='grc' dir='ltr'>τὰ</span> <span class='ocrx_word' id='word_1_193' title='bbox 3047 1224 3246 1290; x_wconf 86' lang='grc' dir='ltr'>πάντα,</span> <span class='ocrx_word' id='word_1_194' title='bbox 3298 1223 3412 1296; x_wconf 77' lang='grc' dir='ltr'><strong>ζωὴ</strong></span> <span class='ocrx_word' id='word_1_195' title='bbox 3454 1224 3597 1279; x_wconf 85' lang='grc' dir='ltr'><strong>κατά</strong></span> <span class='ocrx_word' id='word_1_196' title='bbox 3624 1224 3789 1294; x_wconf 72' lang='grc' dir='ltr'>φύσιν</span> 
     </span>
    </p>
   </div>
   <div class='ocr_carea' id='block_1_29' title="bbox 2209 1314 3789 1390">
    <p class='ocr_par' dir='ltr' id='par_1_29' title="bbox 2209 1314 3789 1390">
     <span class='ocr_line' id='line_1_29' title="bbox 2209 1314 3789 1390; baseline -0.003 -17"><span class='ocrx_word' id='word_1_197' title='bbox 2209 1320 2469 1390; x_wconf 80' lang='grc' dir='ltr'>ὑπάρχων</span> <span class='ocrx_word' id='word_1_198' title='bbox 2500 1319 2529 1371; x_wconf 85' lang='grc' dir='ltr'>ὁ</span> <span class='ocrx_word' id='word_1_199' title='bbox 2559 1316 2775 1371; x_wconf 82' lang='grc' dir='ltr'>πάντων</span> <span class='ocrx_word' id='word_1_200' title='bbox 2809 1314 3171 1387; x_wconf 85' lang='grc' dir='ltr'>Δημιουργὺς,</span> <span class='ocrx_word' id='word_1_201' title='bbox 3195 1314 3294 1385; x_wconf 82' lang='grc' dir='ltr'><strong>τῆς</strong></span> <span class='ocrx_word' id='word_1_202' title='bbox 3344 1314 3478 1378; x_wconf 78' lang='grc' dir='ltr'>ιδίας</span> <span class='ocrx_word' id='word_1_203' title='bbox 3526 1314 3789 1386; x_wconf 87' lang='grc' dir='ltr'>ίδιότητος</span> 
     </span>
    </p>
   </div>
   <div class='ocr_carea' id='block_1_30' title="bbox 2210 1400 3848 1483">
    <p class='ocr_par' dir='ltr' id='par_1_30' title="bbox 2210 1400 3848 1483">
     <span class='ocr_line' id='line_1_30' title="bbox 2210 1400 3848 1483; baseline -0.004 -18"><span class='ocrx_word' id='word_1_204' title='bbox 2210 1412 2436 1475; x_wconf 72' lang='grc' dir='ltr'>ἐντιθεὶς</span> <span class='ocrx_word' id='word_1_205' title='bbox 2462 1410 2716 1483; x_wconf 75' lang='grc' dir='ltr'>ἀρρήτως</span> <span class='ocrx_word' id='word_1_206' title='bbox 2740 1409 2922 1472; x_wconf 87' lang='grc' dir='ltr'>αὑτοῖς</span> <span class='ocrx_word' id='word_1_207' title='bbox 2948 1406 3048 1478; x_wconf 81' lang='grc' dir='ltr'>τὴν</span> <span class='ocrx_word' id='word_1_208' title='bbox 3072 1405 3320 1477; x_wconf 82' lang='grc' dir='ltr'>δύναμιν.</span> <span class='ocrx_word' id='word_1_209' title='bbox 3345 1405 3419 1460; x_wconf 86' lang='grc' dir='ltr'>Οὑ</span> <span class='ocrx_word' id='word_1_210' title='bbox 3448 1407 3555 1477; x_wconf 83' lang='grc' dir='ltr'><strong>γάρ</strong></span> <span class='ocrx_word' id='word_1_211' title='bbox 3576 1402 3644 1477; x_wconf 76' lang='grc' dir='ltr'><strong>ἦν</strong></span> <span class='ocrx_word' id='word_1_212' title='bbox 3668 1407 3791 1461; x_wconf 74' lang='grc' dir='ltr'>ἑτέ·</span> <span class='ocrx_word' id='word_1_213' title='bbox 3844 1400 3848 1404; x_wconf 17' lang='grc' dir='ltr'><strong>Δ</strong></span> 
     </span>
    </p>
   </div>
   <div class='ocr_carea' id='block_1_31' title="bbox 2213 1496 3788 1576">
    <p class='ocr_par' dir='ltr' id='par_1_31' title="bbox 2213 1496 3788 1576">
     <span class='ocr_line' id='line_1_31' title="bbox 2213 1496 3788 1576; baseline -0.003 -18"><span class='ocrx_word' id='word_1_214' title='bbox 2213 1522 2319 1576; x_wconf 86' lang='grc' dir='ltr'><strong>ρως</strong></span> <span class='ocrx_word' id='word_1_215' title='bbox 2342 1501 2700 1568; x_wconf 74' lang='grc' dir='ltr'>διασώζεσθαι</span> <span class='ocrx_word' id='word_1_216' title='bbox 2734 1501 2868 1574; x_wconf 83' lang='grc' dir='ltr'>πρὸς</span> <span class='ocrx_word' id='word_1_217' title='bbox 2896 1501 2957 1555; x_wconf 80' lang='grc' dir='ltr'>τὸ</span> <span class='ocrx_word' id='word_1_218' title='bbox 2994 1496 3130 1554; x_wconf 69' lang='grc' dir='ltr'>εἶναι</span> <span class='ocrx_word' id='word_1_219' title='bbox 3169 1499 3603 1572; x_wconf 86' lang='grc' dir='ltr'>διακρατούμενα</span> <span class='ocrx_word' id='word_1_220' title='bbox 3626 1500 3693 1553; x_wconf 87' lang='grc' dir='ltr'><strong>τά</strong></span> <span class='ocrx_word' id='word_1_221' title='bbox 3720 1502 3788 1554; x_wconf 84' lang='grc' dir='ltr'>ἐκ</span> 
     </span>
    </p>
   </div>
   <div class='ocr_carea' id='block_1_32' title="bbox 2208 1588 3788 1669">
    <p class='ocr_par' dir='ltr' id='par_1_32' title="bbox 2208 1588 3788 1669">
     <span class='ocr_line' id='line_1_32' title="bbox 2208 1588 3788 1669; baseline -0.004 -19"><span class='ocrx_word' id='word_1_222' title='bbox 2208 1595 2301 1650; x_wconf 91' lang='grc' dir='ltr'><strong>τοῦ</strong></span> <span class='ocrx_word' id='word_1_223' title='bbox 2332 1594 2407 1669; x_wconf 79' lang='grc' dir='ltr'>μὴ</span> <span class='ocrx_word' id='word_1_224' title='bbox 2433 1594 2600 1658; x_wconf 79' lang='grc' dir='ltr'>ὅντως</span> <span class='ocrx_word' id='word_1_225' title='bbox 2630 1591 2742 1666; x_wconf 81' lang='grc' dir='ltr'>[γρ.</span> <span class='ocrx_word' id='word_1_226' title='bbox 2771 1590 2945 1663; x_wconf 73' lang='grc' dir='ltr'>ὄντος]</span> <span class='ocrx_word' id='word_1_227' title='bbox 2970 1590 3200 1663; x_wconf 76' lang='grc' dir='ltr'><strong>λαχόντα</strong></span> <span class='ocrx_word' id='word_1_228' title='bbox 3222 1590 3319 1662; x_wconf 82' lang='grc' dir='ltr'>τὴν</span> <span class='ocrx_word' id='word_1_229' title='bbox 3342 1589 3555 1659; x_wconf 87' lang='grc' dir='ltr'>γένεσιν</span> <span class='ocrx_word' id='word_1_230' title='bbox 3573 1609 3584 1622; x_wconf 93' lang='grc'><strong>·</strong></span> <span class='ocrx_word' id='word_1_231' title='bbox 3617 1588 3649 1660; x_wconf 77' lang='grc' dir='ltr'><strong>ἢ</strong></span> <span class='ocrx_word' id='word_1_232' title='bbox 3677 1590 3788 1660; x_wconf 80' lang='grc' dir='ltr'>γὰρ</span> 
     </span>
    </p>
   </div>
   <div class='ocr_carea' id='block_1_33' title="bbox 2210 1670 3791 1758">
    <p class='ocr_par' dir='ltr' id='par_1_33' title="bbox 2210 1670 3791 1758">
     <span class='ocr_line' id='line_1_33' title="bbox 2210 1670 3791 1758; baseline -0.004 -15"><span class='ocrx_word' id='word_1_233' title='bbox 2210 1688 2276 1743; x_wconf 84' lang='grc' dir='ltr'>ἂν</span> <span class='ocrx_word' id='word_1_234' title='bbox 2304 1687 2465 1753; x_wconf 76' lang='grc' dir='ltr'>εὐθὺς</span> <span class='ocrx_word' id='word_1_235' title='bbox 2498 1688 2576 1751; x_wconf 87' lang='grc' dir='ltr'><strong>είς</strong></span> <span class='ocrx_word' id='word_1_236' title='bbox 2602 1686 2701 1758; x_wconf 83' lang='grc' dir='ltr'><strong>τὴν</strong></span> <span class='ocrx_word' id='word_1_237' title='bbox 2734 1686 2941 1739; x_wconf 85' lang='grc' dir='ltr'>οἰκείαν</span> <span class='ocrx_word' id='word_1_238' title='bbox 2986 1684 3315 1754; x_wconf 86' lang='grc' dir='ltr'>ὑπενόστησε</span> <span class='ocrx_word' id='word_1_239' title='bbox 3347 1670 3697 1755; x_wconf 43' lang='lat' dir='ltr'><strong>(poenae/qui</strong></span> <span class='ocrx_word' id='word_1_240' title='bbox 3729 1684 3791 1737; x_wconf 77' lang='grc' dir='ltr'>δὲ</span> 
     </span>
    </p>
   </div>
   <div class='ocr_carea' id='block_1_34' title="bbox 519 1774 2105 1851">
    <p class='ocr_par' dir='ltr' id='par_1_34' title="bbox 519 1777 2105 1848">
     <span class='ocr_line' id='line_1_34' title="bbox 519 1777 2105 1848; baseline -0.001 -15"><span class='ocrx_word' id='word_1_241' title='bbox 519 1778 747 1834; x_wconf 91' lang='lat' dir='ltr'><strong>simum.</strong></span> <span class='ocrx_word' id='word_1_242' title='bbox 788 1778 989 1848; x_wconf 83' lang='lat' dir='ltr'><strong>Atque,</strong></span> <span class='ocrx_word' id='word_1_243' title='bbox 1023 1785 1083 1831; x_wconf 91' lang='lat' dir='ltr'><strong>ut</strong></span> <span class='ocrx_word' id='word_1_244' title='bbox 1109 1778 1354 1848; x_wconf 86' lang='lat' dir='ltr'><strong>apertius</strong></span> <span class='ocrx_word' id='word_1_245' title='bbox 1386 1778 1696 1848; x_wconf 78' lang='lat' dir='ltr'><strong>loquamur,</strong></span> <span class='ocrx_word' id='word_1_246' title='bbox 1733 1793 1843 1832; x_wconf 89' lang='lat' dir='ltr'><strong>non</strong></span> <span class='ocrx_word' id='word_1_247' title='bbox 1870 1777 1984 1847; x_wconf 85' lang='lat' dir='ltr'><strong>jam</strong></span> <span class='ocrx_word' id='word_1_248' title='bbox 2028 1777 2105 1833; x_wconf 89' lang='lat' dir='ltr'><strong>si—</strong></span> 
     </span>
    </p>
   </div>
   <div class='ocr_carea' id='block_1_35' title="bbox 2210 1774 3788 1851">
    <p class='ocr_par' dir='ltr' id='par_1_35' title="bbox 2210 1774 3788 1851">
     <span class='ocr_line' id='line_1_35' title="bbox 2210 1774 3788 1851; baseline -0.003 -18"><span class='ocrx_word' id='word_1_249' title='bbox 2210 1779 2344 1851; x_wconf 83' lang='grc' dir='ltr'>πρὸς</span> <span class='ocrx_word' id='word_1_250' title='bbox 2383 1779 2445 1832; x_wconf 82' lang='grc' dir='ltr'><strong>τὸ</strong></span> <span class='ocrx_word' id='word_1_251' title='bbox 2486 1778 2561 1851; x_wconf 82' lang='grc' dir='ltr'>μὴ</span> <span class='ocrx_word' id='word_1_252' title='bbox 2598 1774 2738 1832; x_wconf 76' lang='grc' dir='ltr'>εἶναι.</span> <span class='ocrx_word' id='word_1_253' title='bbox 2784 1776 2968 1840; x_wconf 87' lang='grc' dir='ltr'>πάλιν,</span> <span class='ocrx_word' id='word_1_254' title='bbox 3012 1777 3063 1829; x_wconf 86' lang='grc' dir='ltr'><strong>εί</strong></span> <span class='ocrx_word' id='word_1_255' title='bbox 3115 1776 3190 1848; x_wconf 84' lang='grc' dir='ltr'>μὴ</span> <span class='ocrx_word' id='word_1_256' title='bbox 3235 1777 3303 1846; x_wconf 82' lang='grc' dir='ltr'>τῇ</span> <span class='ocrx_word' id='word_1_257' title='bbox 3347 1775 3483 1845; x_wconf 83' lang='grc' dir='ltr'>πρὸς</span> <span class='ocrx_word' id='word_1_258' title='bbox 3529 1775 3621 1827; x_wconf 85' lang='grc' dir='ltr'><strong>τὸν</strong></span> <span class='ocrx_word' id='word_1_259' title='bbox 3657 1775 3788 1828; x_wconf 77' lang='grc' dir='ltr'>ὅντα</span> 
     </span>
    </p>
   </div>
   <div class='ocr_carea' id='block_1_36' title="bbox 519 1869 2105 1942">
    <p class='ocr_par' dir='ltr' id='par_1_36' title="bbox 519 1869 2105 1942">
     <span class='ocr_line' id='line_1_36' title="bbox 519 1869 2105 1942; baseline -0.001 -18"><span class='ocrx_word' id='word_1_260' title='bbox 519 1870 792 1942; x_wconf 82' lang='lat' dir='ltr'><strong>gniﬁcare</strong></span> <span class='ocrx_word' id='word_1_261' title='bbox 826 1870 1001 1923; x_wconf 87' lang='lat' dir='ltr'><strong>voluit</strong></span> <span class='ocrx_word' id='word_1_262' title='bbox 1025 1883 1149 1933; x_wconf 90' lang='lat' dir='ltr'><strong>nos,</strong></span> <span class='ocrx_word' id='word_1_263' title='bbox 1178 1883 1302 1924; x_wconf 93' lang='lat' dir='ltr'><strong>cum</strong></span> <span class='ocrx_word' id='word_1_264' title='bbox 1322 1876 1519 1923; x_wconf 88' lang='lat' dir='ltr'><strong>natura</strong></span> <span class='ocrx_word' id='word_1_265' title='bbox 1541 1870 1792 1926; x_wconf 80' lang='lat' dir='ltr'><strong>homines</strong></span> <span class='ocrx_word' id='word_1_266' title='bbox 1821 1870 2017 1933; x_wconf 92' lang='lat' dir='ltr'><strong>simus,</strong></span> <span class='ocrx_word' id='word_1_267' title='bbox 2049 1869 2105 1924; x_wconf 89' lang='lat' dir='ltr'><strong>in</strong></span> 
     </span>
    </p>
   </div>
   <div class='ocr_carea' id='block_1_37' title="bbox 520 1959 2106 2033">
    <p class='ocr_par' dir='ltr' id='par_1_37' title="bbox 520 1959 2106 2033">
     <span class='ocr_line' id='line_1_37' title="bbox 520 1959 2106 2033; baseline -0.002 -16"><span class='ocrx_word' id='word_1_268' title='bbox 520 1960 833 2016; x_wconf 83' lang='lat' dir='ltr'><strong>substantia</strong></span> <span class='ocrx_word' id='word_1_269' title='bbox 858 1959 1039 2017; x_wconf 86' lang='lat' dir='ltr'><strong>Patris</strong></span> <span class='ocrx_word' id='word_1_270' title='bbox 1068 1976 1193 2017; x_wconf 90' lang='lat' dir='ltr'><strong>esse</strong></span> <span class='ocrx_word' id='word_1_271' title='bbox 1211 1960 1426 2030; x_wconf 89' lang='lat' dir='ltr'><strong>positos</strong></span> <span class='ocrx_word' id='word_1_272' title='bbox 1456 1968 1511 2015; x_wconf 90' lang='lat' dir='ltr'><strong>et</strong></span> <span class='ocrx_word' id='word_1_273' title='bbox 1544 1959 1710 2033; x_wconf 64' lang='grc'><strong>’194</strong></span> <span class='ocrx_word' id='word_1_274' title='bbox 1727 1961 1886 2033; x_wconf 91' lang='lat' dir='ltr'><strong>quasi</strong></span> <span class='ocrx_word' id='word_1_275' title='bbox 1911 1961 1965 2015; x_wconf 89' lang='lat' dir='ltr'><strong>in</strong></span> <span class='ocrx_word' id='word_1_276' title='bbox 1984 1961 2106 2031; x_wconf 92' lang='lat' dir='ltr'><strong>ipso</strong></span> 
     </span>
    </p>
   </div>
   <div class='ocr_carea' id='block_1_38' title="bbox 521 2052 2107 2120">
    <p class='ocr_par' dir='ltr' id='par_1_38' title="bbox 521 2052 2107 2120">
     <span class='ocr_line' id='line_1_38' title="bbox 521 2052 2107 2120; baseline -0.001 -10"><span class='ocrx_word' id='word_1_277' title='bbox 521 2052 831 2117; x_wconf 80' lang='lat' dir='ltr'><strong>exsistere,</strong></span> <span class='ocrx_word' id='word_1_278' title='bbox 892 2053 986 2107; x_wconf 89' lang='lat' dir='ltr'><strong>sed</strong></span> <span class='ocrx_word' id='word_1_279' title='bbox 1026 2067 1128 2108; x_wconf 91' lang='lat' dir='ltr'><strong>nos</strong></span> <span class='ocrx_word' id='word_1_280' title='bbox 1182 2053 1391 2120; x_wconf 87' lang='lat' dir='ltr'><strong>vivere,</strong></span> <span class='ocrx_word' id='word_1_281' title='bbox 1440 2064 1496 2110; x_wconf 90' lang='lat' dir='ltr'><strong>et</strong></span> <span class='ocrx_word' id='word_1_282' title='bbox 1544 2054 1599 2109; x_wconf 92' lang='lat' dir='ltr'><strong>in</strong></span> <span class='ocrx_word' id='word_1_283' title='bbox 1650 2053 1761 2109; x_wconf 88' lang='lat' dir='ltr'><strong>Deo</strong></span> <span class='ocrx_word' id='word_1_284' title='bbox 1799 2069 1946 2120; x_wconf 91' lang='lat' dir='ltr'><strong>esse,</strong></span> <span class='ocrx_word' id='word_1_285' title='bbox 1991 2053 2107 2109; x_wconf 90' lang='lat' dir='ltr'><strong>sive</strong></span> 
     </span>
    </p>
   </div>
   <div class='ocr_carea' id='block_1_39' title="bbox 519 2142 2106 2215">
    <p class='ocr_par' dir='ltr' id='par_1_39' title="bbox 519 2142 2106 2215">
     <span class='ocr_line' id='line_1_39' title="bbox 519 2142 2106 2215; baseline 0.002 -18"><span class='ocrx_word' id='word_1_286' title='bbox 519 2142 848 2199; x_wconf 84' lang='lat' dir='ltr'><strong>subsistere.</strong></span> <span class='ocrx_word' id='word_1_287' title='bbox 885 2142 1133 2198; x_wconf 88' lang='lat' dir='ltr'><strong>Observa</strong></span> <span class='ocrx_word' id='word_1_288' title='bbox 1168 2143 1314 2199; x_wconf 89' lang='lat' dir='ltr'><strong>enim</strong></span> <span class='ocrx_word' id='word_1_289' title='bbox 1350 2160 1462 2199; x_wconf 90' lang='lat' dir='ltr'><strong>non</strong></span> <span class='ocrx_word' id='word_1_290' title='bbox 1491 2144 1818 2215; x_wconf 85' lang='lat' dir='ltr'><strong>simpliciter</strong></span> <span class='ocrx_word' id='word_1_291' title='bbox 1846 2153 1901 2200; x_wconf 89' lang='lat' dir='ltr'><strong>et</strong></span> <span class='ocrx_word' id='word_1_292' title='bbox 1940 2144 2106 2200; x_wconf 88' lang='lat' dir='ltr'><strong>abso-</strong></span> 
     </span>
    </p>
   </div>
   <div class='ocr_carea' id='block_1_40' title="bbox 519 2230 2108 2305">
    <p class='ocr_par' dir='ltr' id='par_1_40' title="bbox 519 2230 2108 2305">
     <span class='ocr_line' id='line_1_40' title="bbox 519 2230 2108 2305; baseline 0.003 -20"><span class='ocrx_word' id='word_1_293' title='bbox 519 2230 635 2286; x_wconf 91' lang='lat' dir='ltr'><strong>lute</strong></span> <span class='ocrx_word' id='word_1_294' title='bbox 657 2231 861 2294; x_wconf 87' lang='lat' dir='ltr'><strong>dicere,</strong></span> <span class='ocrx_word' id='word_1_295' title='bbox 893 2247 995 2287; x_wconf 90' lang='lat' dir='ltr'><strong>nos</strong></span> <span class='ocrx_word' id='word_1_296' title='bbox 1021 2233 1198 2287; x_wconf 90' lang='lat' dir='ltr'><strong>solum</strong></span> <span class='ocrx_word' id='word_1_297' title='bbox 1223 2232 1281 2286; x_wconf 91' lang='lat' dir='ltr'><strong>in</strong></span> <span class='ocrx_word' id='word_1_298' title='bbox 1300 2231 1412 2287; x_wconf 92' lang='lat' dir='ltr'><strong>Deo</strong></span> <span class='ocrx_word' id='word_1_299' title='bbox 1431 2249 1573 2298; x_wconf 92' lang='lat' dir='ltr'><strong>esse,</strong></span> <span class='ocrx_word' id='word_1_300' title='bbox 1604 2242 1825 2305; x_wconf 87' lang='lat' dir='ltr'><strong>propter</strong></span> <span class='ocrx_word' id='word_1_301' title='bbox 1849 2243 2024 2298; x_wconf 86' lang='lat' dir='ltr'><strong>tuam,</strong></span> <span class='ocrx_word' id='word_1_302' title='bbox 2049 2243 2108 2289; x_wconf 91' lang='lat' dir='ltr'><strong>ut</strong></span> 
     </span>
    </p>
   </div>
   <div class='ocr_carea' id='block_1_41' title="bbox 520 2323 2108 2394">
    <p class='ocr_par' dir='ltr' id='par_1_41' title="bbox 520 2323 2108 2394">
     <span class='ocr_line' id='line_1_41' title="bbox 520 2323 2108 2394; baseline 0.003 -17"><span class='ocrx_word' id='word_1_303' title='bbox 520 2323 782 2378; x_wconf 84' lang='lat' dir='ltr'><strong>credibile</strong></span> <span class='ocrx_word' id='word_1_304' title='bbox 804 2330 907 2389; x_wconf 90' lang='lat' dir='ltr'><strong>est,</strong></span> <span class='ocrx_word' id='word_1_305' title='bbox 934 2323 1292 2394; x_wconf 88' lang='lat' dir='ltr'><strong>imperitiam,</strong></span> <span class='ocrx_word' id='word_1_306' title='bbox 1333 2339 1366 2377; x_wconf 91' lang='grc' dir='ltr'><strong>ο</strong></span> <span class='ocrx_word' id='word_1_307' title='bbox 1405 2324 1588 2390; x_wconf 90' lang='lat' dir='ltr'><strong>bone;</strong></span> <span class='ocrx_word' id='word_1_308' title='bbox 1646 2325 1741 2380; x_wconf 91' lang='lat' dir='ltr'><strong>sed</strong></span> <span class='ocrx_word' id='word_1_309' title='bbox 1771 2325 1925 2379; x_wconf 90' lang='lat' dir='ltr'><strong>vario</strong></span> <span class='ocrx_word' id='word_1_310' title='bbox 1945 2327 2108 2381; x_wconf 91' lang='lat' dir='ltr'><strong>modo</strong></span> 
     </span>
    </p>
   </div>
   <div class='ocr_carea' id='block_1_42' title="bbox 518 2413 2107 2486">
    <p class='ocr_par' dir='ltr' id='par_1_42' title="bbox 518 2413 2107 2486">
     <span class='ocr_line' id='line_1_42' title="bbox 518 2413 2107 2486; baseline 0.003 -19"><span class='ocrx_word' id='word_1_311' title='bbox 518 2414 666 2485; x_wconf 86' lang='lat' dir='ltr'><strong>quod</strong></span> <span class='ocrx_word' id='word_1_312' title='bbox 695 2413 882 2470; x_wconf 85' lang='lat' dir='ltr'><strong>dicere</strong></span> <span class='ocrx_word' id='word_1_313' title='bbox 908 2414 1086 2469; x_wconf 90' lang='lat' dir='ltr'><strong>voluit</strong></span> <span class='ocrx_word' id='word_1_314' title='bbox 1119 2414 1473 2485; x_wconf 80' lang='lat' dir='ltr'><strong>explicando,</strong></span> <span class='ocrx_word' id='word_1_315' title='bbox 1502 2418 1793 2486; x_wconf 60' lang='lat' dir='ltr'><strong>praemisso</strong></span> <span class='ocrx_word' id='word_1_316' title='bbox 1824 2416 1940 2483; x_wconf 90' lang='lat' dir='ltr'><strong>illo,</strong></span> <span class='ocrx_word' id='word_1_317' title='bbox 1976 2418 2107 2472; x_wconf 79' lang='lat' dir='ltr'><strong>vivi-</strong></span> 
     </span>
    </p>
   </div>
   <div class='ocr_carea' id='block_1_43' title="bbox 520 2504 2109 2571">
    <p class='ocr_par' dir='ltr' id='par_1_43' title="bbox 520 2504 2109 2571">
     <span class='ocr_line' id='line_1_43' title="bbox 520 2504 2109 2571; baseline 0.004 -14"><span class='ocrx_word' id='word_1_318' title='bbox 520 2520 660 2566; x_wconf 82' lang='lat' dir='ltr'><strong>mus,</strong></span> <span class='ocrx_word' id='word_1_319' title='bbox 694 2504 892 2561; x_wconf 88' lang='lat' dir='ltr'><strong>deinde</strong></span> <span class='ocrx_word' id='word_1_320' title='bbox 932 2504 1141 2571; x_wconf 90' lang='lat' dir='ltr'><strong>addito,</strong></span> <span class='ocrx_word' id='word_1_321' title='bbox 1172 2522 1462 2567; x_wconf 81' lang='lat' dir='ltr'><strong>movemur.</strong></span> <span class='ocrx_word' id='word_1_322' title='bbox 1503 2506 1572 2561; x_wconf 89' lang='lat' dir='ltr'><strong>ad</strong></span> <span class='ocrx_word' id='word_1_323' title='bbox 1621 2513 1932 2563; x_wconf 79' lang='lat' dir='ltr'><strong>extremum</strong></span> <span class='ocrx_word' id='word_1_324' title='bbox 1958 2509 2109 2564; x_wconf 90' lang='lat' dir='ltr'><strong>intu-</strong></span> 
     </span>
    </p>
   </div>
   <div class='ocr_carea' id='block_1_44' title="bbox 520 2595 2105 2669">
    <p class='ocr_par' dir='ltr' id='par_1_44' title="bbox 520 2595 2105 2669">
     <span class='ocr_line' id='line_1_44' title="bbox 520 2595 2105 2669; baseline 0.005 -22"><span class='ocrx_word' id='word_1_325' title='bbox 520 2595 674 2657; x_wconf 83' lang='lat' dir='ltr'><strong>lisse,</strong></span> <span class='ocrx_word' id='word_1_326' title='bbox 713 2611 919 2662; x_wconf 76' lang='lat' dir='ltr'><strong>sumus,</strong></span> <span class='ocrx_word' id='word_1_327' title='bbox 946 2607 1006 2650; x_wconf 92' lang='lat' dir='ltr'><strong>ut</strong></span> <span class='ocrx_word' id='word_1_328' title='bbox 1040 2597 1468 2665; x_wconf 75' lang='lat' dir='ltr'><strong>praecedentium</strong></span> <span class='ocrx_word' id='word_1_329' title='bbox 1501 2612 1728 2654; x_wconf 88' lang='lat' dir='ltr'><strong>sensum</strong></span> <span class='ocrx_word' id='word_1_330' title='bbox 1752 2600 2105 2669; x_wconf 83' lang='lat' dir='ltr'><strong>exprimeret.</strong></span> 
     </span>
    </p>
   </div>
   <div class='ocr_carea' id='block_1_45' title="bbox 519 2685 2109 2759">
    <p class='ocr_par' dir='ltr' id='par_1_45' title="bbox 519 2685 2109 2759">
     <span class='ocr_line' id='line_1_45' title="bbox 519 2685 2109 2759; baseline 0.006 -18"><span class='ocrx_word' id='word_1_331' title='bbox 519 2685 789 2759; x_wconf 89' lang='lat' dir='ltr'><strong>Equidem</strong></span> <span class='ocrx_word' id='word_1_332' title='bbox 851 2690 1112 2744; x_wconf 82' lang='lat' dir='ltr'><strong>existimo</strong></span> <span class='ocrx_word' id='word_1_333' title='bbox 1166 2688 1262 2744; x_wconf 88' lang='lat' dir='ltr'><strong>Dei</strong></span> <span class='ocrx_word' id='word_1_334' title='bbox 1327 2688 1544 2746; x_wconf 86' lang='lat' dir='ltr'><strong>hostem</strong></span> <span class='ocrx_word' id='word_1_335' title='bbox 1595 2691 1767 2747; x_wconf 85' lang='lat' dir='ltr'><strong>hisce‘</strong></span> <span class='ocrx_word' id='word_1_336' title='bbox 1799 2693 2109 2750; x_wconf 85' lang='lat' dir='ltr'><strong>rationibus</strong></span> 
     </span>
    </p>
   </div>
   <div class='ocr_carea' id='block_1_46' title="bbox 521 2781 2107 2851">
    <p class='ocr_par' dir='ltr' id='par_1_46' title="bbox 521 2781 2107 2851">
     <span class='ocr_line' id='line_1_46' title="bbox 521 2781 2107 2851; baseline 0.003 -12"><span class='ocrx_word' id='word_1_337' title='bbox 521 2784 711 2839; x_wconf 79' lang='lat' dir='ltr'><strong>forsan</strong></span> <span class='ocrx_word' id='word_1_338' title='bbox 730 2781 1029 2837; x_wconf 88' lang='lat' dir='ltr'><strong>confusum</strong></span> <span class='ocrx_word' id='word_1_339' title='bbox 1061 2782 1167 2848; x_wconf 87' lang='lat' dir='ltr'><strong>iri;</strong></span> <span class='ocrx_word' id='word_1_340' title='bbox 1198 2782 1296 2838; x_wconf 89' lang='lat' dir='ltr'><strong>sed</strong></span> <span class='ocrx_word' id='word_1_341' title='bbox 1319 2783 1367 2839; x_wconf 91' lang='lat' dir='ltr'><strong>si</strong></span> <span class='ocrx_word' id='word_1_342' title='bbox 1386 2800 1585 2840; x_wconf 86' lang='lat' dir='ltr'><strong>rursus</strong></span> <span class='ocrx_word' id='word_1_343' title='bbox 1604 2785 1851 2851; x_wconf 85' lang='lat' dir='ltr'><strong>insultet,</strong></span> <span class='ocrx_word' id='word_1_344' title='bbox 1878 2796 1933 2843; x_wconf 92' lang='lat' dir='ltr'><strong>et</strong></span> <span class='ocrx_word' id='word_1_345' title='bbox 1951 2786 2107 2850; x_wconf 86' lang='lat' dir='ltr'><strong>illud,</strong></span> 
     </span>
    </p>
   </div>
   <div class='ocr_carea' id='block_1_47' title="bbox 521 2872 2111 2948">
    <p class='ocr_par' dir='ltr' id='par_1_47' title="bbox 521 2872 2111 2948">
     <span class='ocr_line' id='line_1_47' title="bbox 521 2872 2111 2948; baseline 0.005 -21"><span class='ocrx_word' id='word_1_346' title='bbox 521 2876 578 2928; x_wconf 79' lang='lat' dir='ltr'><strong>in</strong></span> <span class='ocrx_word' id='word_1_347' title='bbox 612 2873 740 2939; x_wconf 83' lang='lat' dir='ltr'><strong>Deo,</strong></span> <span class='ocrx_word' id='word_1_348' title='bbox 776 2872 843 2927; x_wconf 90' lang='lat' dir='ltr'><strong>ad</strong></span> <span class='ocrx_word' id='word_1_349' title='bbox 885 2873 1104 2928; x_wconf 88' lang='lat' dir='ltr'><strong>libitum</strong></span> <span class='ocrx_word' id='word_1_350' title='bbox 1139 2889 1300 2931; x_wconf 90' lang='lat' dir='ltr'><strong>suum</strong></span> <span class='ocrx_word' id='word_1_351' title='bbox 1347 2875 1697 2948; x_wconf 87' lang='lat' dir='ltr'><strong>detorqueat,</strong></span> <span class='ocrx_word' id='word_1_352' title='bbox 1724 2877 1995 2935; x_wconf 88' lang='lat' dir='ltr'><strong>divinitus</strong></span> <span class='ocrx_word' id='word_1_353' title='bbox 2022 2879 2111 2935; x_wconf 90' lang='lat' dir='ltr'><strong>in-</strong></span> 
     </span>
    </p>
   </div>
   <div class='ocr_carea' id='block_1_48' title="bbox 523 2964 2112 3036">
    <p class='ocr_par' dir='ltr' id='par_1_48' title="bbox 523 2964 2112 3036">
     <span class='ocr_line' id='line_1_48' title="bbox 523 2964 2112 3036; baseline 0.004 -16"><span class='ocrx_word' id='word_1_354' title='bbox 523 2967 747 3036; x_wconf 59' lang='lat' dir='ltr'><strong>spirata:</strong></span> <span class='ocrx_word' id='word_1_355' title='bbox 776 2964 1045 3020; x_wconf 67' lang='lat' dir='ltr'><strong>doctrinae</strong></span> <span class='ocrx_word' id='word_1_356' title='bbox 1069 2967 1531 3024; x_wconf 90' lang='lat' dir='ltr'><strong>consuetudinem</strong></span> <span class='ocrx_word' id='word_1_357' title='bbox 1561 2970 1934 3029; x_wconf 87' lang='lat' dir='ltr'><strong>ostendemus.</strong></span> <span class='ocrx_word' id='word_1_358' title='bbox 1961 2970 2112 3028; x_wconf 90' lang='lat' dir='ltr'><strong>Solet</strong></span> 
     </span>
    </p>
   </div>
   <div class='ocr_carea' id='block_1_49' title="bbox 522 3057 2109 3132">
    <p class='ocr_par' dir='ltr' id='par_1_49' title="bbox 522 3057 2109 3132">
     <span class='ocr_line' id='line_1_49' title="bbox 522 3057 2109 3132; baseline 0.005 -20"><span class='ocrx_word' id='word_1_359' title='bbox 522 3059 671 3112; x_wconf 87' lang='lat' dir='ltr'><strong>enim</strong></span> <span class='ocrx_word' id='word_1_360' title='bbox 716 3057 806 3111; x_wconf 88' lang='lat' dir='ltr'><strong>illa</strong></span> <span class='ocrx_word' id='word_1_361' title='bbox 840 3057 1175 3128; x_wconf 87' lang='lat' dir='ltr'><strong>quandoque</strong></span> <span class='ocrx_word' id='word_1_362' title='bbox 1214 3074 1317 3129; x_wconf 87' lang='lat' dir='ltr'><strong>pro</strong></span> <span class='ocrx_word' id='word_1_363' title='bbox 1348 3074 1415 3115; x_wconf 90' lang='lat' dir='ltr'><strong>eo</strong></span> <span class='ocrx_word' id='word_1_364' title='bbox 1442 3060 1587 3131; x_wconf 90' lang='lat' dir='ltr'><strong>quod</strong></span> <span class='ocrx_word' id='word_1_365' title='bbox 1643 3070 1749 3128; x_wconf 90' lang='lat' dir='ltr'><strong>est,</strong></span> <span class='ocrx_word' id='word_1_366' title='bbox 1778 3078 1872 3132; x_wconf 84' lang='lat' dir='ltr'><strong>per</strong></span> <span class='ocrx_word' id='word_1_367' title='bbox 1916 3063 2109 3131; x_wconf 85' lang='lat' dir='ltr'><strong>Deum,</strong></span> 
     </span>
    </p>
   </div>
   <div class='ocr_carea' id='block_1_50' title="bbox 522 3149 2110 3226">
    <p class='ocr_par' dir='ltr' id='par_1_50' title="bbox 522 3149 2110 3226">
     <span class='ocr_line' id='line_1_50' title="bbox 522 3149 2110 3226; baseline 0.004 -21"><span class='ocrx_word' id='word_1_368' title='bbox 522 3150 729 3216; x_wconf 89' lang='lat' dir='ltr'><strong>dicere,</strong></span> <span class='ocrx_word' id='word_1_369' title='bbox 782 3151 839 3205; x_wconf 79' lang='lat' dir='ltr'><strong>in</strong></span> <span class='ocrx_word' id='word_1_370' title='bbox 890 3149 1022 3205; x_wconf 85' lang='lat' dir='ltr'><strong>Deo.</strong></span> <span class='ocrx_word' id='word_1_371' title='bbox 1077 3150 1299 3224; x_wconf 81' lang='lat' dir='ltr'><strong>Alioqui</strong></span> <span class='ocrx_word' id='word_1_372' title='bbox 1350 3153 1687 3223; x_wconf 87' lang='lat' dir='ltr'><strong>respondeat</strong></span> <span class='ocrx_word' id='word_1_373' title='bbox 1740 3155 2016 3226; x_wconf 89' lang='lat' dir='ltr'><strong>quomodo</strong></span> <span class='ocrx_word' id='word_1_374' title='bbox 2056 3157 2110 3211; x_wconf 93' lang='lat' dir='ltr'><strong>in</strong></span> 
     </span>
    </p>
   </div>
   <div class='ocr_carea' id='block_1_51' title="bbox 524 3240 2113 3305">
    <p class='ocr_par' dir='ltr' id='par_1_51' title="bbox 524 3240 2113 3305">
     <span class='ocr_line' id='line_1_51' title="bbox 524 3240 2113 3305; baseline 0.004 -9"><span class='ocrx_word' id='word_1_375' title='bbox 524 3240 761 3298; x_wconf 87' lang='lat' dir='ltr'><strong>Psalmis</strong></span> <span class='ocrx_word' id='word_1_376' title='bbox 791 3242 1115 3297; x_wconf 87' lang='lat' dir='ltr'><strong>clamaverit</strong></span> <span class='ocrx_word' id='word_1_377' title='bbox 1143 3241 1313 3300; x_wconf 90' lang='lat' dir='ltr'><strong>David</strong></span> <span class='ocrx_word' id='word_1_378' title='bbox 1353 3262 1366 3299; x_wconf 90' lang='lat'><strong>:</strong></span> <span class='ocrx_word' id='word_1_379' title='bbox 1410 3262 1428 3296; x_wconf 76' lang='grc' dir='ltr'><strong>ι</strong></span> <span class='ocrx_word' id='word_1_380' title='bbox 1468 3244 1529 3300; x_wconf 86' lang='lat' dir='ltr'><strong>In</strong></span> <span class='ocrx_word' id='word_1_381' title='bbox 1562 3245 1672 3303; x_wconf 89' lang='lat' dir='ltr'><strong>Deo</strong></span> <span class='ocrx_word' id='word_1_382' title='bbox 1700 3246 1963 3305; x_wconf 87' lang='lat' dir='ltr'><strong>faciemus</strong></span> <span class='ocrx_word' id='word_1_383' title='bbox 1998 3251 2113 3303; x_wconf 87' lang='lat' dir='ltr'><strong>vir-</strong></span> 
     </span>
    </p>
   </div>
   <div class='ocr_carea' id='block_1_52' title="bbox 524 3333 2112 3406">
    <p class='ocr_par' dir='ltr' id='par_1_52' title="bbox 524 3333 2112 3406">
     <span class='ocr_line' id='line_1_52' title="bbox 524 3333 2112 3406; baseline 0.006 -19"><span class='ocrx_word' id='word_1_384' title='bbox 524 3339 700 3388; x_wconf 91' lang='lat' dir='ltr'><strong>tutem</strong></span> <span class='ocrx_word' id='word_1_385' title='bbox 729 3334 815 3399; x_wconf 83' lang='grc'><strong>¹⁹;</strong></span> <span class='ocrx_word' id='word_1_386' title='bbox 882 3352 901 3386; x_wconf 73' lang='grc' dir='ltr'><strong>ο</strong></span> <span class='ocrx_word' id='word_1_387' title='bbox 943 3333 1072 3389; x_wconf 90' lang='lat' dir='ltr'><strong>item</strong></span> <span class='ocrx_word' id='word_1_388' title='bbox 1106 3336 1171 3390; x_wconf 85' lang='lat' dir='ltr'><strong>ad</strong></span> <span class='ocrx_word' id='word_1_389' title='bbox 1209 3335 1386 3406; x_wconf 91' lang='lat' dir='ltr'><strong>ipsum</strong></span> <span class='ocrx_word' id='word_1_390' title='bbox 1423 3335 1591 3392; x_wconf 92' lang='lat' dir='ltr'><strong>Deum</strong></span> <span class='ocrx_word' id='word_1_391' title='bbox 1659 3354 1919 3395; x_wconf 91' lang='lat' dir='ltr'><strong>sermone</strong></span> <span class='ocrx_word' id='word_1_392' title='bbox 1980 3355 2112 3397; x_wconf 89' lang='lat' dir='ltr'><strong>con-</strong></span> 
     </span>
    </p>
   </div>
   <div class='ocr_carea' id='block_1_53' title="bbox 525 3427 2114 3488">
    <p class='ocr_par' dir='ltr' id='par_1_53' title="bbox 525 3427 2114 3488">
     <span class='ocr_line' id='line_1_53' title="bbox 525 3427 2114 3488; baseline 0.006 -10"><span class='ocrx_word' id='word_1_393' title='bbox 525 3440 689 3482; x_wconf 90' lang='lat' dir='ltr'><strong>verso</strong></span> <span class='ocrx_word' id='word_1_394' title='bbox 722 3443 736 3481; x_wconf 90' lang='lat'><strong>:</strong></span> <span class='ocrx_word' id='word_1_395' title='bbox 771 3445 789 3477; x_wconf 82' lang='grc' dir='ltr'><strong>ι</strong></span> <span class='ocrx_word' id='word_1_396' title='bbox 818 3428 880 3481; x_wconf 85' lang='grc' dir='ltr'>ιη</span> <span class='ocrx_word' id='word_1_397' title='bbox 904 3434 955 3482; x_wconf 92' lang='lat' dir='ltr'><strong>te</strong></span> <span class='ocrx_word' id='word_1_398' title='bbox 991 3427 1248 3484; x_wconf 90' lang='lat' dir='ltr'><strong>inimicos</strong></span> <span class='ocrx_word' id='word_1_399' title='bbox 1295 3439 1516 3486; x_wconf 90' lang='lat' dir='ltr'><strong>nostros</strong></span> <span class='ocrx_word' id='word_1_400' title='bbox 1554 3431 1948 3488; x_wconf 89' lang='lat' dir='ltr'><strong>ventilabimus</strong></span> <span class='ocrx_word' id='word_1_401' title='bbox 1990 3447 2114 3488; x_wconf 90' lang='lat' dir='ltr'><strong>cor-</strong></span> 
     </span>
    </p>
   </div>
   <div class='ocr_carea' id='block_1_54' title="bbox 523 3516 2114 3594">
    <p class='ocr_par' dir='ltr' id='par_1_54' title="bbox 523 3516 2114 3594">
     <span class='ocr_line' id='line_1_54' title="bbox 523 3516 2114 3594; baseline 0.004 -22"><span class='ocrx_word' id='word_1_402' title='bbox 523 3522 597 3572; x_wconf 76' lang='lat' dir='ltr'><strong>‘nu</strong></span> <span class='ocrx_word' id='word_1_403' title='bbox 630 3516 702 3573; x_wconf 79' lang='grc'><strong>³⁸.</strong></span> <span class='ocrx_word' id='word_1_404' title='bbox 736 3535 755 3569; x_wconf 73' lang='grc' dir='ltr'><strong>ι</strong></span> <span class='ocrx_word' id='word_1_405' title='bbox 789 3516 900 3574; x_wconf 86' lang='lat' dir='ltr'><strong>Nec</strong></span> <span class='ocrx_word' id='word_1_406' title='bbox 930 3521 1076 3573; x_wconf 89' lang='lat' dir='ltr'><strong>enim</strong></span> <span class='ocrx_word' id='word_1_407' title='bbox 1100 3518 1154 3573; x_wconf 92' lang='lat' dir='ltr'><strong>id</strong></span> <span class='ocrx_word' id='word_1_408' title='bbox 1184 3520 1254 3575; x_wconf 89' lang='lat' dir='ltr'><strong>ab</strong></span> <span class='ocrx_word' id='word_1_409' title='bbox 1285 3535 1350 3575; x_wconf 92' lang='lat' dir='ltr'><strong>eo</strong></span> <span class='ocrx_word' id='word_1_410' title='bbox 1379 3521 1487 3576; x_wconf 88' lang='lat' dir='ltr'><strong>dici</strong></span> <span class='ocrx_word' id='word_1_411' title='bbox 1518 3524 1805 3594; x_wconf 87' lang='lat' dir='ltr'><strong>quisquam</strong></span> <span class='ocrx_word' id='word_1_412' title='bbox 1834 3524 2114 3581; x_wconf 81' lang='lat' dir='ltr'><strong>existima-</strong></span> 
     </span>
    </p>
   </div>
   <div class='ocr_carea' id='block_1_55' title="bbox 525 3609 2113 3686">
    <p class='ocr_par' dir='ltr' id='par_1_55' title="bbox 525 3609 2113 3686">
     <span class='ocr_line' id='line_1_55' title="bbox 525 3609 2113 3686; baseline 0.007 -23"><span class='ocrx_word' id='word_1_413' title='bbox 525 3609 683 3674; x_wconf 88' lang='lat' dir='ltr'><strong>verit,</strong></span> <span class='ocrx_word' id='word_1_414' title='bbox 726 3610 887 3679; x_wconf 89' lang='lat' dir='ltr'><strong>quasi</strong></span> <span class='ocrx_word' id='word_1_415' title='bbox 910 3610 965 3663; x_wconf 89' lang='lat' dir='ltr'><strong>in</strong></span> <span class='ocrx_word' id='word_1_416' title='bbox 997 3611 1306 3665; x_wconf 86' lang='lat' dir='ltr'><strong>substantia</strong></span> <span class='ocrx_word' id='word_1_417' title='bbox 1329 3612 1422 3668; x_wconf 88' lang='lat' dir='ltr'><strong>Dei</strong></span> <span class='ocrx_word' id='word_1_418' title='bbox 1448 3614 1708 3669; x_wconf 83' lang='lat' dir='ltr'><strong>virtutem</strong></span> <span class='ocrx_word' id='word_1_419' title='bbox 1732 3615 2026 3686; x_wconf 86' lang='lat' dir='ltr'><strong>quamdam</strong></span> <span class='ocrx_word' id='word_1_420' title='bbox 2052 3632 2113 3673; x_wconf 88' lang='lat' dir='ltr'><strong>se</strong></span> 
     </span>
    </p>
   </div>
   <div class='ocr_carea' id='block_1_56' title="bbox 526 3697 2112 3777">
    <p class='ocr_par' dir='ltr' id='par_1_56' title="bbox 526 3697 2112 3777">
     <span class='ocr_line' id='line_1_56' title="bbox 526 3697 2112 3777; baseline 0.009 -25"><span class='ocrx_word' id='word_1_421' title='bbox 526 3697 803 3754; x_wconf 87' lang='lat' dir='ltr'><strong>facturum</strong></span> <span class='ocrx_word' id='word_1_422' title='bbox 860 3699 1117 3772; x_wconf 89' lang='lat' dir='ltr'><strong>recipiat,</strong></span> <span class='ocrx_word' id='word_1_423' title='bbox 1154 3718 1256 3758; x_wconf 92' lang='lat' dir='ltr'><strong>nec</strong></span> <span class='ocrx_word' id='word_1_424' title='bbox 1285 3703 1342 3758; x_wconf 92' lang='lat' dir='ltr'><strong>in</strong></span> <span class='ocrx_word' id='word_1_425' title='bbox 1388 3705 1506 3775; x_wconf 87' lang='lat' dir='ltr'><strong>ipsa</strong></span> <span class='ocrx_word' id='word_1_426' title='bbox 1544 3707 1638 3777; x_wconf 91' lang='lat' dir='ltr'><strong>qui</strong></span> <span class='ocrx_word' id='word_1_427' title='bbox 1689 3722 1820 3765; x_wconf 90' lang='lat' dir='ltr'><strong>suos</strong></span> <span class='ocrx_word' id='word_1_428' title='bbox 1854 3708 2112 3766; x_wconf 89' lang='lat' dir='ltr'><strong>inimicos</strong></span> 
     </span>
    </p>
   </div>
   <div class='ocr_carea' id='block_1_57' title="bbox 525 3787 2110 3869">
    <p class='ocr_par' dir='ltr' id='par_1_57' title="bbox 525 3787 2110 3869">
     <span class='ocr_line' id='line_1_57' title="bbox 525 3787 2110 3869; baseline 0.008 -25"><span class='ocrx_word' id='word_1_429' title='bbox 525 3787 860 3845; x_wconf 87' lang='lat' dir='ltr'><strong>offenderint</strong></span> <span class='ocrx_word' id='word_1_430' title='bbox 895 3807 991 3847; x_wconf 89' lang='lat' dir='ltr'><strong>eos</strong></span> <span class='ocrx_word' id='word_1_431' title='bbox 1014 3793 1384 3853; x_wconf 88' lang='lat' dir='ltr'><strong>ventilaturos</strong></span> <span class='ocrx_word' id='word_1_432' title='bbox 1413 3812 1586 3853; x_wconf 90' lang='lat' dir='ltr'><strong>cornu</strong></span> <span class='ocrx_word' id='word_1_433' title='bbox 1611 3798 1909 3858; x_wconf 88' lang='lat' dir='ltr'><strong>Psalmista</strong></span> <span class='ocrx_word' id='word_1_434' title='bbox 1940 3803 2110 3869; x_wconf 78' lang='lat' dir='ltr'><strong>dicat,</strong></span> 
     </span>
    </p>
   </div>
   <div class='ocr_carea' id='block_1_58' title="bbox 524 3881 2110 3961">
    <p class='ocr_par' dir='ltr' id='par_1_58' title="bbox 524 3881 2110 3961">
     <span class='ocr_line' id='line_1_58' title="bbox 524 3881 2110 3961; baseline 0.01 -25"><span class='ocrx_word' id='word_1_435' title='bbox 524 3881 620 3936; x_wconf 89' lang='lat' dir='ltr'><strong>sed</strong></span> <span class='ocrx_word' id='word_1_436' title='bbox 644 3882 700 3936; x_wconf 77' lang='lat' dir='ltr'><strong>in</strong></span> <span class='ocrx_word' id='word_1_437' title='bbox 743 3881 853 3937; x_wconf 81' lang='lat' dir='ltr'><strong>Deo</strong></span> <span class='ocrx_word' id='word_1_438' title='bbox 886 3883 982 3951; x_wconf 88' lang='lat' dir='ltr'><strong>ait,</strong></span> <span class='ocrx_word' id='word_1_439' title='bbox 1009 3901 1108 3956; x_wconf 84' lang='lat' dir='ltr'><strong>pro</strong></span> <span class='ocrx_word' id='word_1_440' title='bbox 1142 3902 1208 3942; x_wconf 93' lang='lat' dir='ltr'><strong>eo</strong></span> <span class='ocrx_word' id='word_1_441' title='bbox 1244 3887 1390 3959; x_wconf 89' lang='lat' dir='ltr'><strong>quod</strong></span> <span class='ocrx_word' id='word_1_442' title='bbox 1420 3898 1526 3957; x_wconf 88' lang='lat' dir='ltr'><strong>est,</strong></span> <span class='ocrx_word' id='word_1_443' title='bbox 1554 3908 1646 3961; x_wconf 79' lang='lat' dir='ltr'><strong>per</strong></span> <span class='ocrx_word' id='word_1_444' title='bbox 1672 3892 1857 3961; x_wconf 85' lang='lat' dir='ltr'><strong>Deum,</strong></span> <span class='ocrx_word' id='word_1_445' title='bbox 1886 3904 1939 3950; x_wconf 91' lang='lat' dir='ltr'><strong>et</strong></span> <span class='ocrx_word' id='word_1_446' title='bbox 1977 3895 2110 3952; x_wconf 91' lang='lat' dir='ltr'><strong>illud</strong></span> 
     </span>
    </p>
   </div>
   <div class='ocr_carea' id='block_1_59' title="bbox 525 3976 2112 4057">
    <p class='ocr_par' dir='ltr' id='par_1_59' title="bbox 525 3976 2112 4057">
     <span class='ocr_line' id='line_1_59' title="bbox 525 3976 2112 4057; baseline 0.011 -27"><span class='ocrx_word' id='word_1_447' title='bbox 525 3976 580 4031; x_wconf 79' lang='lat' dir='ltr'><strong>in</strong></span> <span class='ocrx_word' id='word_1_448' title='bbox 617 3986 686 4046; x_wconf 80' lang='lat' dir='ltr'><strong>te,</strong></span> <span class='ocrx_word' id='word_1_449' title='bbox 728 3993 947 4045; x_wconf 90' lang='lat' dir='ltr'><strong>rursus,</strong></span> <span class='ocrx_word' id='word_1_450' title='bbox 994 3994 1095 4049; x_wconf 89' lang='lat' dir='ltr'><strong>pro</strong></span> <span class='ocrx_word' id='word_1_451' title='bbox 1133 3996 1199 4035; x_wconf 86' lang='lat' dir='ltr'><strong>eo</strong></span> <span class='ocrx_word' id='word_1_452' title='bbox 1247 3984 1392 4053; x_wconf 92' lang='lat' dir='ltr'><strong>quod</strong></span> <span class='ocrx_word' id='word_1_453' title='bbox 1439 3993 1546 4053; x_wconf 88' lang='lat' dir='ltr'><strong>est,</strong></span> <span class='ocrx_word' id='word_1_454' title='bbox 1584 3999 1770 4057; x_wconf 77' lang='lat' dir='ltr'><strong>perte.</strong></span> <span class='ocrx_word' id='word_1_455' title='bbox 1811 3986 1932 4045; x_wconf 82' lang='lat' dir='ltr'><strong>Jam</strong></span> <span class='ocrx_word' id='word_1_456' title='bbox 1980 4007 2112 4048; x_wconf 88' lang='lat' dir='ltr'><strong>vero</strong></span> 
     </span>
    </p>
   </div>
   <div class='ocr_carea' id='block_1_60' title="bbox 525 4068 2105 4140">
    <p class='ocr_par' dir='ltr' id='par_1_60' title="bbox 525 4068 2105 4140">
     <span class='ocr_line' id='line_1_60' title="bbox 525 4068 2105 4140; baseline 0.011 -17"><span class='ocrx_word' id='word_1_457' title='bbox 525 4082 627 4123; x_wconf 91' lang='lat' dir='ltr'><strong>cur</strong></span> <span class='ocrx_word' id='word_1_458' title='bbox 682 4069 874 4125; x_wconf 90' lang='lat' dir='ltr'><strong>beatus</strong></span> <span class='ocrx_word' id='word_1_459' title='bbox 941 4068 1144 4127; x_wconf 87' lang='lat' dir='ltr'><strong>Paulus</strong></span> <span class='ocrx_word' id='word_1_460' title='bbox 1202 4072 1505 4132; x_wconf 78' lang='lat' dir='ltr'><strong>Corinthiis</strong></span> <span class='ocrx_word' id='word_1_461' title='bbox 1559 4078 1808 4136; x_wconf 90' lang='lat' dir='ltr'><strong>scribens</strong></span> <span class='ocrx_word' id='word_1_462' title='bbox 1886 4083 2105 4140; x_wconf 81' lang='lat' dir='ltr'><strong>aiebat:</strong></span> 
     </span>
    </p>
   </div>
   <div class='ocr_carea' id='block_1_61' title="bbox 531 4156 2108 4246">
    <p class='ocr_par' dir='ltr' id='par_1_61' title="bbox 531 4156 2108 4246">
     <span class='ocr_line' id='line_1_61' title="bbox 531 4156 2108 4246; baseline 0.013 -36"><span class='ocrx_word' id='word_1_463' title='bbox 531 4177 550 4210; x_wconf 78' lang='grc' dir='ltr'><strong>ι</strong></span> <span class='ocrx_word' id='word_1_464' title='bbox 588 4156 806 4215; x_wconf 87' lang='lat' dir='ltr'><strong>Gratias</strong></span> <span class='ocrx_word' id='word_1_465' title='bbox 834 4176 936 4232; x_wconf 82' lang='lat' dir='ltr'><strong>ago</strong></span> <span class='ocrx_word' id='word_1_466' title='bbox 957 4161 1065 4217; x_wconf 91' lang='lat' dir='ltr'><strong>Deo</strong></span> <span class='ocrx_word' id='word_1_467' title='bbox 1088 4180 1210 4219; x_wconf 91' lang='lat' dir='ltr'><strong>meo</strong></span> <span class='ocrx_word' id='word_1_468' title='bbox 1241 4182 1339 4235; x_wconf 89' lang='lat' dir='ltr'><strong>pro</strong></span> <span class='ocrx_word' id='word_1_469' title='bbox 1369 4168 1630 4227; x_wconf 89' lang='lat' dir='ltr'><strong>omnibus</strong></span> <span class='ocrx_word' id='word_1_470' title='bbox 1662 4172 1817 4228; x_wconf 91' lang='lat' dir='ltr'><strong>vobis</strong></span> <span class='ocrx_word' id='word_1_471' title='bbox 1839 4174 1893 4228; x_wconf 92' lang='lat' dir='ltr'><strong>in</strong></span> <span class='ocrx_word' id='word_1_472' title='bbox 1930 4177 2108 4246; x_wconf 89' lang='lat' dir='ltr'><strong>gratia</strong></span> 
     </span>
    </p>
   </div>
   <div class='ocr_carea' id='block_1_62' title="bbox 526 4250 2107 4324">
    <p class='ocr_par' dir='ltr' id='par_1_62' title="bbox 526 4250 2107 4324">
     <span class='ocr_line' id='line_1_62' title="bbox 526 4250 2107 4324; baseline 0.011 -19"><span class='ocrx_word' id='word_1_473' title='bbox 526 4250 621 4308; x_wconf 90' lang='lat' dir='ltr'><strong>Dei</strong></span> <span class='ocrx_word' id='word_1_474' title='bbox 652 4268 774 4324; x_wconf 75' lang='lat' dir='ltr'><strong>qua:</strong></span> <span class='ocrx_word' id='word_1_475' title='bbox 796 4253 922 4309; x_wconf 88' lang='lat' dir='ltr'><strong>data</strong></span> <span class='ocrx_word' id='word_1_476' title='bbox 951 4264 1036 4310; x_wconf 90' lang='lat' dir='ltr'><strong>est</strong></span> <span class='ocrx_word' id='word_1_477' title='bbox 1076 4259 1232 4314; x_wconf 90' lang='lat' dir='ltr'><strong>vobis</strong></span> <span class='ocrx_word' id='word_1_478' title='bbox 1264 4260 1316 4313; x_wconf 89' lang='lat' dir='ltr'><strong>in</strong></span> <span class='ocrx_word' id='word_1_479' title='bbox 1350 4260 1571 4317; x_wconf 84' lang='lat' dir='ltr'><strong>Christo</strong></span> <span class='ocrx_word' id='word_1_480' title='bbox 1603 4261 1854 4321; x_wconf 72' lang='lat' dir='ltr'><strong>Jesu“?i</strong></span> <span class='ocrx_word' id='word_1_481' title='bbox 1882 4266 1947 4322; x_wconf 88' lang='lat' dir='ltr'><strong>Et</strong></span> <span class='ocrx_word' id='word_1_482' title='bbox 1980 4283 2107 4322; x_wconf 90' lang='lat' dir='ltr'><strong>rur-</strong></span> 
     </span>
    </p>
   </div>
   <div class='ocr_carea' id='block_1_63' title="bbox 524 4345 2107 4425">
    <p class='ocr_par' dir='ltr' id='par_1_63' title="bbox 524 4345 2107 4425">
     <span class='ocr_line' id='line_1_63' title="bbox 524 4345 2107 4425; baseline 0.011 -26"><span class='ocrx_word' id='word_1_483' title='bbox 524 4359 621 4400; x_wconf 90' lang='lat' dir='ltr'><strong>sus</strong></span> <span class='ocrx_word' id='word_1_484' title='bbox 655 4362 670 4400; x_wconf 91' lang='lat'><strong>:</strong></span> <span class='ocrx_word' id='word_1_485' title='bbox 714 4364 734 4398; x_wconf 79' lang='grc' dir='ltr'><strong>ι</strong></span> <span class='ocrx_word' id='word_1_486' title='bbox 799 4345 874 4401; x_wconf 83' lang='lat' dir='ltr'><strong>Ex</strong></span> <span class='ocrx_word' id='word_1_487' title='bbox 923 4347 1045 4418; x_wconf 91' lang='lat' dir='ltr'><strong>ipso</strong></span> <span class='ocrx_word' id='word_1_488' title='bbox 1076 4358 1256 4406; x_wconf 90' lang='lat' dir='ltr'><strong>autem</strong></span> <span class='ocrx_word' id='word_1_489' title='bbox 1300 4368 1395 4408; x_wconf 87' lang='lat' dir='ltr'><strong>vos</strong></span> <span class='ocrx_word' id='word_1_490' title='bbox 1436 4355 1572 4411; x_wconf 90' lang='lat' dir='ltr'><strong>estis</strong></span> <span class='ocrx_word' id='word_1_491' title='bbox 1602 4356 1658 4411; x_wconf 90' lang='lat' dir='ltr'><strong>in</strong></span> <span class='ocrx_word' id='word_1_492' title='bbox 1693 4356 1917 4413; x_wconf 85' lang='lat' dir='ltr'><strong>Christo</strong></span> <span class='ocrx_word' id='word_1_493' title='bbox 1955 4358 2107 4425; x_wconf 87' lang='lat' dir='ltr'><strong>Jesu,</strong></span> 
     </span>
    </p>
   </div>
   <div class='ocr_carea' id='block_1_64' title="bbox 2208 1865 3786 1941">
    <p class='ocr_par' dir='ltr' id='par_1_64' title="bbox 2208 1865 3786 1941">
     <span class='ocr_line' id='line_1_64' title="bbox 2208 1865 3786 1941; baseline 0 -18"><span class='ocrx_word' id='word_1_494' title='bbox 2208 1870 2391 1941; x_wconf 86' lang='grc' dir='ltr'>σχέσει</span> <span class='ocrx_word' id='word_1_495' title='bbox 2421 1870 2522 1941; x_wconf 71' lang='grc' dir='ltr'>τῆς</span> <span class='ocrx_word' id='word_1_496' title='bbox 2561 1871 2768 1933; x_wconf 80' lang='grc' dir='ltr'>οἰκείας</span> <span class='ocrx_word' id='word_1_497' title='bbox 2805 1869 3075 1939; x_wconf 87' lang='grc' dir='ltr'>γενέσεως</span> <span class='ocrx_word' id='word_1_498' title='bbox 3107 1866 3328 1938; x_wconf 78' lang='grc' dir='ltr'>ἐνίκησε</span> <span class='ocrx_word' id='word_1_499' title='bbox 3353 1867 3451 1940; x_wconf 81' lang='grc' dir='ltr'>τὴν</span> <span class='ocrx_word' id='word_1_500' title='bbox 3481 1865 3786 1923; x_wconf 84' lang='grc' dir='ltr'>ἀσθένειαν.</span> 
     </span>
    </p>
   </div>
   <div class='ocr_carea' id='block_1_65' title="bbox 2210 1959 3791 2034">
    <p class='ocr_par' dir='ltr' id='par_1_65' title="bbox 2210 1959 3791 2034">
     <span class='ocr_line' id='line_1_65' title="bbox 2210 1959 3791 2034; baseline -0.001 -19"><span class='ocrx_word' id='word_1_501' title='bbox 2210 1963 2356 2033; x_wconf 82' lang='grc' dir='ltr'>Ἔφη</span> <span class='ocrx_word' id='word_1_502' title='bbox 2400 1962 2692 2034; x_wconf 84' lang='grc' dir='ltr'>τοιγαροῦν</span> <span class='ocrx_word' id='word_1_503' title='bbox 2726 1964 2755 2016; x_wconf 86' lang='grc' dir='ltr'><strong>ό</strong></span> <span class='ocrx_word' id='word_1_504' title='bbox 2800 1962 3090 2026; x_wconf 82' lang='grc' dir='ltr'>θεσπέσιος</span> <span class='ocrx_word' id='word_1_505' title='bbox 3132 1960 3341 2024; x_wconf 85' lang='grc' dir='ltr'><strong>Παῦλος</strong></span> <span class='ocrx_word' id='word_1_506' title='bbox 3383 1959 3556 2030; x_wconf 82' lang='grc' dir='ltr'>ὀρθῶς</span> <span class='ocrx_word' id='word_1_507' title='bbox 3600 1976 3658 2014; x_wconf 89' lang='grc' dir='ltr'><strong>τε</strong></span> <span class='ocrx_word' id='word_1_508' title='bbox 3693 1962 3791 2013; x_wconf 71' lang='grc' dir='ltr'>καὶ</span> 
     </span>
    </p>
   </div>
   <div class='ocr_carea' id='block_1_66' title="bbox 2210 2050 3795 2126">
    <p class='ocr_par' dir='ltr' id='par_1_66' title="bbox 2210 2050 3795 2126">
     <span class='ocr_line' id='line_1_66' title="bbox 2210 2050 3795 2126; baseline -0.005 -16"><span class='ocrx_word' id='word_1_509' title='bbox 2210 2053 2356 2126; x_wconf 85' lang='grc' dir='ltr'>μάλα</span> <span class='ocrx_word' id='word_1_510' title='bbox 2384 2054 2584 2120; x_wconf 88' lang='grc' dir='ltr'>καλῶς,</span> <span class='ocrx_word' id='word_1_511' title='bbox 2611 2052 2756 2126; x_wconf 79' lang='grc' dir='ltr'>ζωὴν</span> <span class='ocrx_word' id='word_1_512' title='bbox 2776 2053 2886 2108; x_wconf 89' lang='grc' dir='ltr'><strong>τῶν</strong></span> <span class='ocrx_word' id='word_1_513' title='bbox 2905 2053 3042 2107; x_wconf 78' lang='grc' dir='ltr'>ὅλων</span> <span class='ocrx_word' id='word_1_514' title='bbox 3073 2051 3383 2116; x_wconf 74' lang='grc' dir='ltr'>ἐπιδεικνὺς</span> <span class='ocrx_word' id='word_1_515' title='bbox 3407 2050 3500 2104; x_wconf 73' lang='grc' dir='ltr'>τὸν</span> <span class='ocrx_word' id='word_1_516' title='bbox 3523 2050 3675 2116; x_wconf 71' lang='grc' dir='ltr'>Θεὸν,</span> <span class='ocrx_word' id='word_1_517' title='bbox 3710 2051 3795 2113; x_wconf 88' lang='grc' dir='ltr'><strong>ὠς</strong></span> 
     </span>
    </p>
   </div>
   <div class='ocr_carea' id='block_1_67' title="bbox 2207 2143 3793 2220">
    <p class='ocr_par' dir='ltr' id='par_1_67' title="bbox 2207 2143 3793 2220">
     <span class='ocr_line' id='line_1_67' title="bbox 2207 2143 3793 2220; baseline -0.004 -18"><span class='ocrx_word' id='word_1_518' title='bbox 2207 2150 2266 2203; x_wconf 83' lang='grc' dir='ltr'><strong>ὲν</strong></span> <span class='ocrx_word' id='word_1_519' title='bbox 2314 2147 2463 2220; x_wconf 90' lang='grc' dir='ltr'>αὑτῷ</span> <span class='ocrx_word' id='word_1_520' title='bbox 2507 2146 2714 2220; x_wconf 82' lang='grc' dir='ltr'>ζῶμεν,</span> <span class='ocrx_word' id='word_1_521' title='bbox 2761 2146 2856 2202; x_wconf 82' lang='grc' dir='ltr'>καὶ</span> <span class='ocrx_word' id='word_1_522' title='bbox 2910 2145 3241 2219; x_wconf 81' lang='grc' dir='ltr'>κινούμεθα,</span> <span class='ocrx_word' id='word_1_523' title='bbox 3297 2144 3390 2198; x_wconf 77' lang='grc' dir='ltr'><strong>καὶ</strong></span> <span class='ocrx_word' id='word_1_524' title='bbox 3439 2144 3636 2215; x_wconf 85' lang='grc' dir='ltr'>ὲσμέν·</span> <span class='ocrx_word' id='word_1_525' title='bbox 3687 2143 3793 2196; x_wconf 77' lang='grc' dir='ltr'>οὐκ</span> 
     </span>
    </p>
   </div>
   <div class='ocr_carea' id='block_1_68' title="bbox 2208 2233 3791 2312">
    <p class='ocr_par' dir='ltr' id='par_1_68' title="bbox 2208 2233 3791 2312">
     <span class='ocr_line' id='line_1_68' title="bbox 2208 2233 3791 2312; baseline -0.004 -17"><span class='ocrx_word' id='word_1_526' title='bbox 2208 2243 2385 2296; x_wconf 75' lang='grc' dir='ltr'>έκεῖνο</span> <span class='ocrx_word' id='word_1_527' title='bbox 2431 2240 2649 2305; x_wconf 83' lang='grc' dir='ltr'>πάντως</span> <span class='ocrx_word' id='word_1_528' title='bbox 2700 2238 2896 2312; x_wconf 88' lang='grc' dir='ltr'>δηλῶν,</span> <span class='ocrx_word' id='word_1_529' title='bbox 2959 2240 3098 2310; x_wconf 82' lang='grc' dir='ltr'>ὅπερ</span> <span class='ocrx_word' id='word_1_530' title='bbox 3145 2238 3299 2291; x_wconf 69' lang='grc' dir='ltr'>αὐτοὶ</span> <span class='ocrx_word' id='word_1_531' title='bbox 3333 2238 3432 2308; x_wconf 87' lang='grc' dir='ltr'>τὴν</span> <span class='ocrx_word' id='word_1_532' title='bbox 3481 2233 3590 2290; x_wconf 87' lang='grc' dir='ltr'><strong>τῶν</strong></span> <span class='ocrx_word' id='word_1_533' title='bbox 3628 2236 3791 2308; x_wconf 86' lang='grc' dir='ltr'>ἱερῶν</span> 
     </span>
    </p>
   </div>
   <div class='ocr_carea' id='block_1_69' title="bbox 2207 2330 3794 2408">
    <p class='ocr_par' dir='ltr' id='par_1_69' title="bbox 2207 2330 3794 2408">
     <span class='ocr_line' id='line_1_69' title="bbox 2207 2330 3794 2408; baseline -0.005 -19"><span class='ocrx_word' id='word_1_534' title='bbox 2207 2335 2559 2408; x_wconf 88' lang='grc' dir='ltr'>Γραμμάτων</span> <span class='ocrx_word' id='word_1_535' title='bbox 2607 2334 2875 2408; x_wconf 85' lang='grc' dir='ltr'>ὀρθότητα</span> <span class='ocrx_word' id='word_1_536' title='bbox 2915 2333 3383 2405; x_wconf 82' lang='grc' dir='ltr'>παραφθείροντες</span> <span class='ocrx_word' id='word_1_537' title='bbox 3433 2330 3794 2385; x_wconf 85' lang='grc' dir='ltr'>διεπλάσαντο</span> 
     </span>
    </p>
   </div>
   <div class='ocr_carea' id='block_1_70' title="bbox 2209 2421 3794 2498">
    <p class='ocr_par' dir='ltr' id='par_1_70' title="bbox 2209 2421 3794 2498">
     <span class='ocr_line' id='line_1_70' title="bbox 2209 2421 3794 2498; baseline -0.005 -16"><span class='ocrx_word' id='word_1_538' title='bbox 2209 2429 2330 2482; x_wconf 86' lang='grc' dir='ltr'>κατ’</span> <span class='ocrx_word' id='word_1_539' title='bbox 2364 2429 2564 2482; x_wconf 88' lang='grc' dir='ltr'>οίκεῖον</span> <span class='ocrx_word' id='word_1_540' title='bbox 2604 2428 2825 2494; x_wconf 81' lang='grc' dir='ltr'>σκοπὸν,</span> <span class='ocrx_word' id='word_1_541' title='bbox 2868 2427 2984 2481; x_wconf 78' lang='grc' dir='ltr'>ἀλλ’</span> <span class='ocrx_word' id='word_1_542' title='bbox 3030 2427 3166 2498; x_wconf 83' lang='grc' dir='ltr'>ὅπερ</span> <span class='ocrx_word' id='word_1_543' title='bbox 3195 2421 3262 2497; x_wconf 78' lang='grc' dir='ltr'><strong>ἦν</strong></span> <span class='ocrx_word' id='word_1_544' title='bbox 3310 2423 3508 2496; x_wconf 81' lang='grc' dir='ltr'>ἀληθὲς</span> <span class='ocrx_word' id='word_1_545' title='bbox 3554 2424 3644 2477; x_wconf 72' lang='grc' dir='ltr'><strong>καὶ</strong></span> <span class='ocrx_word' id='word_1_546' title='bbox 3675 2423 3794 2483; x_wconf 79' lang='grc' dir='ltr'>τοῖς</span> 
     </span>
    </p>
   </div>
   <div class='ocr_carea' id='block_1_71' title="bbox 2209 2514 3795 2593">
    <p class='ocr_par' dir='ltr' id='par_1_71' title="bbox 2209 2514 3795 2593">
     <span class='ocr_line' id='line_1_71' title="bbox 2209 2514 3795 2593; baseline -0.005 -17"><span class='ocrx_word' id='word_1_547' title='bbox 2209 2521 2334 2593; x_wconf 79' lang='grc' dir='ltr'>ἄρτι</span> <span class='ocrx_word' id='word_1_548' title='bbox 2385 2519 2925 2592; x_wconf 82' lang='grc' dir='ltr'>παιδαγωγουμένοις</span> <span class='ocrx_word' id='word_1_549' title='bbox 2957 2521 3037 2584; x_wconf 81' lang='grc' dir='ltr'>εἰς</span> <span class='ocrx_word' id='word_1_550' title='bbox 3069 2517 3398 2588; x_wconf 89' lang='grc' dir='ltr'>θεογνωσίαν</span> <span class='ocrx_word' id='word_1_551' title='bbox 3447 2514 3795 2586; x_wconf 79' lang='grc' dir='ltr'>ὠφελιμῶτα·</span> 
     </span>
    </p>
   </div>
   <div class='ocr_carea' id='block_1_72' title="bbox 2208 2602 3796 2683">
    <p class='ocr_par' dir='ltr' id='par_1_72' title="bbox 2208 2602 3796 2683">
     <span class='ocr_line' id='line_1_72' title="bbox 2208 2602 3796 2683; baseline -0.004 -18"><span class='ocrx_word' id='word_1_552' title='bbox 2208 2630 2322 2670; x_wconf 92' lang='grc' dir='ltr'>τον.</span> <span class='ocrx_word' id='word_1_553' title='bbox 2365 2612 2478 2666; x_wconf 76' lang='grc' dir='ltr'><strong>Καὶ</strong></span> <span class='ocrx_word' id='word_1_554' title='bbox 2510 2612 2559 2664; x_wconf 91' lang='grc' dir='ltr'><strong>εί</strong></span> <span class='ocrx_word' id='word_1_555' title='bbox 2593 2611 2675 2665; x_wconf 89' lang='grc' dir='ltr'><strong>δεῖ</strong></span> <span class='ocrx_word' id='word_1_556' title='bbox 2704 2611 3034 2683; x_wconf 85' lang='grc' dir='ltr'>σαφέστερον</span> <span class='ocrx_word' id='word_1_557' title='bbox 3065 2611 3260 2674; x_wconf 80' lang='grc' dir='ltr'>εἰπεῖν,</span> <span class='ocrx_word' id='word_1_558' title='bbox 3289 2609 3388 2662; x_wconf 82' lang='grc' dir='ltr'><strong>οὑκ</strong></span> <span class='ocrx_word' id='word_1_559' title='bbox 3434 2607 3514 2661; x_wconf 76' lang='grc' dir='ltr'>ἔτι</span> <span class='ocrx_word' id='word_1_560' title='bbox 3555 2602 3796 2678; x_wconf 80' lang='grc' dir='ltr'>σημῆναι</span> 
     </span>
    </p>
   </div>
   <div class='ocr_carea' id='block_1_73' title="bbox 2212 2699 3799 2776">
    <p class='ocr_par' dir='ltr' id='par_1_73' title="bbox 2212 2699 3799 2776">
     <span class='ocr_line' id='line_1_73' title="bbox 2212 2699 3799 2776; baseline -0.003 -18"><span class='ocrx_word' id='word_1_561' title='bbox 2212 2703 2534 2776; x_wconf 76' lang='grc' dir='ltr'>βεϐούληται</span> <span class='ocrx_word' id='word_1_562' title='bbox 2570 2704 2653 2757; x_wconf 82' lang='grc' dir='ltr'><strong>ὅτι</strong></span> <span class='ocrx_word' id='word_1_563' title='bbox 2687 2702 2963 2774; x_wconf 80' lang='grc' dir='ltr'>ἄνθρωποι</span> <span class='ocrx_word' id='word_1_564' title='bbox 3003 2702 3102 2774; x_wconf 79' lang='grc' dir='ltr'>τὴν</span> <span class='ocrx_word' id='word_1_565' title='bbox 3139 2700 3299 2772; x_wconf 82' lang='grc' dir='ltr'>φύσιν</span> <span class='ocrx_word' id='word_1_566' title='bbox 3327 2700 3699 2771; x_wconf 85' lang='grc' dir='ltr'>τυγχάνοντες,</span> <span class='ocrx_word' id='word_1_567' title='bbox 3727 2699 3799 2754; x_wconf 78' lang='grc' dir='ltr'>ὲν</span> 
     </span>
    </p>
   </div>
   <div class='ocr_carea' id='block_1_74' title="bbox 2209 2789 3800 2870">
    <p class='ocr_par' dir='ltr' id='par_1_74' title="bbox 2209 2789 3800 2870">
     <span class='ocr_line' id='line_1_74' title="bbox 2209 2789 3800 2870; baseline -0.003 -21"><span class='ocrx_word' id='word_1_568' title='bbox 2209 2800 2277 2870; x_wconf 82' lang='grc' dir='ltr'>τῇ</span> <span class='ocrx_word' id='word_1_569' title='bbox 2304 2795 2463 2868; x_wconf 79' lang='grc' dir='ltr'>οὐσίᾳ</span> <span class='ocrx_word' id='word_1_570' title='bbox 2508 2793 2603 2849; x_wconf 90' lang='grc' dir='ltr'><strong>τοῦ</strong></span> <span class='ocrx_word' id='word_1_571' title='bbox 2653 2794 2863 2867; x_wconf 81' lang='grc' dir='ltr'>Πατρδς</span> <span class='ocrx_word' id='word_1_572' title='bbox 2914 2792 3146 2866; x_wconf 88' lang='grc' dir='ltr'>κείμεθά</span> <span class='ocrx_word' id='word_1_573' title='bbox 3193 2809 3254 2846; x_wconf 85' lang='grc' dir='ltr'><strong>τε</strong></span> <span class='ocrx_word' id='word_1_574' title='bbox 3306 2792 3400 2846; x_wconf 76' lang='grc' dir='ltr'><strong>καὶ</strong></span> <span class='ocrx_word' id='word_1_575' title='bbox 3435 2792 3511 2854; x_wconf 87' lang='grc' dir='ltr'>ὡς</span> <span class='ocrx_word' id='word_1_576' title='bbox 3550 2789 3701 2854; x_wconf 75' lang='grc' dir='ltr'>ὄντες</span> <span class='ocrx_word' id='word_1_577' title='bbox 3730 2790 3800 2845; x_wconf 70' lang='grc' dir='ltr'><strong>ἐν</strong></span> 
     </span>
    </p>
   </div>
   <div class='ocr_carea' id='block_1_75' title="bbox 2211 2881 3802 2961">
    <p class='ocr_par' dir='ltr' id='par_1_75' title="bbox 2211 2881 3802 2961">
     <span class='ocr_line' id='line_1_75' title="bbox 2211 2881 3802 2961; baseline -0.005 -17"><span class='ocrx_word' id='word_1_578' title='bbox 2211 2889 2361 2961; x_wconf 84' lang='grc' dir='ltr'>αὑτῷ</span> <span class='ocrx_word' id='word_1_579' title='bbox 2407 2888 2730 2961; x_wconf 83' lang='grc' dir='ltr'>φαινόμεθα,</span> <span class='ocrx_word' id='word_1_580' title='bbox 2775 2886 2891 2942; x_wconf 77' lang='grc' dir='ltr'>ἀλλ’</span> <span class='ocrx_word' id='word_1_581' title='bbox 2933 2888 3015 2942; x_wconf 85' lang='grc' dir='ltr'>ὅτι</span> <span class='ocrx_word' id='word_1_582' title='bbox 3070 2885 3167 2941; x_wconf 76' lang='grc' dir='ltr'>καὶ</span> <span class='ocrx_word' id='word_1_583' title='bbox 3217 2884 3423 2957; x_wconf 80' lang='grc' dir='ltr'>ζῶμεν,</span> <span class='ocrx_word' id='word_1_584' title='bbox 3472 2883 3566 2939; x_wconf 79' lang='grc' dir='ltr'>καὶ</span> <span class='ocrx_word' id='word_1_585' title='bbox 3613 2881 3802 2937; x_wconf 79' lang='grc' dir='ltr'>κινού-</span> 
     </span>
    </p>
   </div>
   <div class='ocr_carea' id='block_1_76' title="bbox 2216 2968 3802 3052">
    <p class='ocr_par' dir='ltr' id='par_1_76' title="bbox 2216 2968 3802 3052">
     <span class='ocr_line' id='line_1_76' title="bbox 2216 2968 3802 3052; baseline -0.007 -17"><span class='ocrx_word' id='word_1_586' title='bbox 2216 2980 2375 3052; x_wconf 89' lang='grc' dir='ltr'>μεθα,</span> <span class='ocrx_word' id='word_1_587' title='bbox 2416 2979 2508 3033; x_wconf 75' lang='grc' dir='ltr'><strong>καὶ</strong></span> <span class='ocrx_word' id='word_1_588' title='bbox 2551 2978 2718 3049; x_wconf 76' lang='grc' dir='ltr'>ἐσμὲν</span> <span class='ocrx_word' id='word_1_589' title='bbox 2746 2979 2810 3031; x_wconf 80' lang='grc' dir='ltr'><strong>ὲν</strong></span> <span class='ocrx_word' id='word_1_590' title='bbox 2841 2974 2980 3047; x_wconf 90' lang='grc' dir='ltr'>Θεῷ,</span> <span class='ocrx_word' id='word_1_591' title='bbox 3015 2976 3133 3047; x_wconf 78' lang='grc' dir='ltr'>ἦτοι</span> <span class='ocrx_word' id='word_1_592' title='bbox 3167 2974 3595 3046; x_wconf 85' lang='grc' dir='ltr'>συνεστήκαμεν.</span> <span class='ocrx_word' id='word_1_593' title='bbox 3627 2968 3802 3036; x_wconf 84' lang='grc' dir='ltr'>Σύνες</span> 
     </span>
    </p>
   </div>
   <div class='ocr_carea' id='block_1_77' title="bbox 2213 3061 3803 3145">
    <p class='ocr_par' dir='ltr' id='par_1_77' title="bbox 2213 3061 3803 3145">
     <span class='ocr_line' id='line_1_77' title="bbox 2213 3061 3803 3145; baseline -0.007 -18"><span class='ocrx_word' id='word_1_594' title='bbox 2213 3074 2321 3145; x_wconf 85' lang='grc' dir='ltr'>γὰρ</span> <span class='ocrx_word' id='word_1_595' title='bbox 2342 3072 2419 3137; x_wconf 83' lang='grc' dir='ltr'>ὡς</span> <span class='ocrx_word' id='word_1_596' title='bbox 2443 3071 2542 3143; x_wconf 89' lang='grc' dir='ltr'><strong>οὑχ</strong></span> <span class='ocrx_word' id='word_1_597' title='bbox 2577 3069 2763 3134; x_wconf 87' lang='grc' dir='ltr'>ἁπλῶς</span> <span class='ocrx_word' id='word_1_598' title='bbox 2798 3086 2858 3123; x_wconf 83' lang='grc' dir='ltr'><strong>τε</strong></span> <span class='ocrx_word' id='word_1_599' title='bbox 2897 3068 2991 3122; x_wconf 78' lang='grc' dir='ltr'>καὶ</span> <span class='ocrx_word' id='word_1_600' title='bbox 3020 3066 3321 3138; x_wconf 83' lang='grc' dir='ltr'>ἀνειμένως</span> <span class='ocrx_word' id='word_1_601' title='bbox 3342 3064 3446 3136; x_wconf 78' lang='grc' dir='ltr'><strong>ἔφη</strong></span> <span class='ocrx_word' id='word_1_602' title='bbox 3477 3062 3556 3130; x_wconf 81' lang='grc' dir='ltr'><strong>τὺ,</strong></span> <span class='ocrx_word' id='word_1_603' title='bbox 3589 3064 3669 3118; x_wconf 82' lang='grc' dir='ltr'>ὅτι</span> <span class='ocrx_word' id='word_1_604' title='bbox 3702 3061 3803 3134; x_wconf 78' lang='lat' dir='ltr'><strong>p.6-</strong></span> 
     </span>
    </p>
   </div>
   <div class='ocr_carea' id='block_1_78' title="bbox 2213 3151 3795 3236">
    <p class='ocr_par' dir='ltr' id='par_1_78' title="bbox 2213 3151 3795 3236">
     <span class='ocr_line' id='line_1_78' title="bbox 2213 3151 3795 3236; baseline -0.008 -16"><span class='ocrx_word' id='word_1_605' title='bbox 2213 3183 2301 3220; x_wconf 84' lang='lat' dir='ltr'><strong>vov</strong></span> <span class='ocrx_word' id='word_1_606' title='bbox 2337 3165 2503 3236; x_wconf 76' lang='grc' dir='ltr'>ἐσμὲν</span> <span class='ocrx_word' id='word_1_607' title='bbox 2532 3164 2589 3217; x_wconf 84' lang='grc' dir='ltr'><strong>ὲν</strong></span> <span class='ocrx_word' id='word_1_608' title='bbox 2617 3163 2758 3233; x_wconf 86' lang='grc' dir='ltr'>Θεῷ,</span> <span class='ocrx_word' id='word_1_609' title='bbox 2789 3161 2875 3215; x_wconf 81' lang='grc' dir='ltr'>διὰ</span> <span class='ocrx_word' id='word_1_610' title='bbox 2924 3160 3020 3232; x_wconf 82' lang='grc' dir='ltr'>τὴν</span> <span class='ocrx_word' id='word_1_611' title='bbox 3055 3158 3174 3230; x_wconf 82' lang='grc' dir='ltr'>σὴν,</span> <span class='ocrx_word' id='word_1_612' title='bbox 3204 3157 3280 3221; x_wconf 84' lang='grc' dir='ltr'>ὡς</span> <span class='ocrx_word' id='word_1_613' title='bbox 3320 3155 3489 3223; x_wconf 77' lang='grc' dir='ltr'>εἰκὸς,</span> <span class='ocrx_word' id='word_1_614' title='bbox 3529 3151 3795 3226; x_wconf 81' lang='grc' dir='ltr'>ἀμαθίαν,</span> 
     </span>
    </p>
   </div>
   <div class='ocr_carea' id='block_1_79' title="bbox 2212 3245 3804 3324">
    <p class='ocr_par' dir='ltr' id='par_1_79' title="bbox 2212 3245 3804 3324">
     <span class='ocr_line' id='line_1_79' title="bbox 2212 3245 3804 3324; baseline -0.011 -14"><span class='ocrx_word' id='word_1_615' title='bbox 2212 3249 2258 3309; x_wconf 80' lang='grc' dir='ltr'><strong>ὦ</strong></span> <span class='ocrx_word' id='word_1_616' title='bbox 2287 3257 2406 3319; x_wconf 78' lang='grc' dir='ltr'>τᾶν,</span> <span class='ocrx_word' id='word_1_617' title='bbox 2440 3252 2576 3307; x_wconf 86' lang='grc' dir='ltr'>ἀλλὰ</span> <span class='ocrx_word' id='word_1_618' title='bbox 2606 3251 2899 3324; x_wconf 81' lang='grc' dir='ltr'>διαφόρως,</span> <span class='ocrx_word' id='word_1_619' title='bbox 2933 3250 3071 3320; x_wconf 81' lang='grc' dir='ltr'>ὅπερ</span> <span class='ocrx_word' id='word_1_620' title='bbox 3110 3246 3376 3319; x_wconf 72' lang='grc' dir='ltr'>ἠθέλησεν</span> <span class='ocrx_word' id='word_1_621' title='bbox 3415 3246 3590 3299; x_wconf 83' lang='grc' dir='ltr'>εἰπεῖν</span> <span class='ocrx_word' id='word_1_622' title='bbox 3618 3245 3804 3317; x_wconf 81' lang='grc' dir='ltr'>ἑρμη-</span> 
     </span>
    </p>
   </div>
   <div class='ocr_carea' id='block_1_80' title="bbox 2212 3335 3801 3414">
    <p class='ocr_par' dir='ltr' id='par_1_80' title="bbox 2212 3335 3801 3414">
     <span class='ocr_line' id='line_1_80' title="bbox 2212 3335 3801 3414; baseline -0.008 -13"><span class='ocrx_word' id='word_1_623' title='bbox 2212 3346 2404 3411; x_wconf 87' lang='grc' dir='ltr'>νεύων,</span> <span class='ocrx_word' id='word_1_624' title='bbox 2428 3346 2524 3400; x_wconf 75' lang='grc' dir='ltr'><strong>καὶ</strong></span> <span class='ocrx_word' id='word_1_625' title='bbox 2554 3344 2615 3398; x_wconf 82' lang='grc' dir='ltr'>τὺ</span> <span class='ocrx_word' id='word_1_626' title='bbox 2651 3342 2835 3413; x_wconf 79' lang='grc' dir='ltr'>ζῶμεν</span> <span class='ocrx_word' id='word_1_627' title='bbox 2862 3340 3157 3414; x_wconf 79' lang='grc' dir='ltr'>προτάξας,</span> <span class='ocrx_word' id='word_1_628' title='bbox 3197 3336 3493 3408; x_wconf 77' lang='grc' dir='ltr'>ἐπαγαγὼν</span> <span class='ocrx_word' id='word_1_629' title='bbox 3533 3337 3589 3390; x_wconf 86' lang='grc' dir='ltr'>δὲ</span> <span class='ocrx_word' id='word_1_630' title='bbox 3621 3335 3801 3409; x_wconf 79' lang='grc' dir='ltr'>τούτῳ</span> 
     </span>
    </p>
   </div>
   <div class='ocr_carea' id='block_1_81' title="bbox 2213 3429 3800 3508">
    <p class='ocr_par' dir='ltr' id='par_1_81' title="bbox 2213 3429 3800 3508">
     <span class='ocr_line' id='line_1_81' title="bbox 2213 3429 3800 3508; baseline -0.008 -13"><span class='ocrx_word' id='word_1_631' title='bbox 2213 3441 2306 3495; x_wconf 78' lang='grc' dir='ltr'><strong>καὶ</strong></span> <span class='ocrx_word' id='word_1_632' title='bbox 2332 3439 2393 3493; x_wconf 86' lang='grc' dir='ltr'>τὸ</span> <span class='ocrx_word' id='word_1_633' title='bbox 2427 3438 2768 3507; x_wconf 78' lang='grc' dir='ltr'>κινούμεθα,</span> <span class='ocrx_word' id='word_1_634' title='bbox 2793 3435 2975 3508; x_wconf 90' lang='grc' dir='ltr'>τρίτον</span> <span class='ocrx_word' id='word_1_635' title='bbox 3006 3435 3255 3507; x_wconf 78' lang='grc' dir='ltr'>ἐπήγαγε</span> <span class='ocrx_word' id='word_1_636' title='bbox 3280 3432 3340 3486; x_wconf 80' lang='grc' dir='ltr'><strong>τὸ</strong></span> <span class='ocrx_word' id='word_1_637' title='bbox 3368 3431 3575 3503; x_wconf 79' lang='grc' dir='ltr'>ἐσμὲν,</span> <span class='ocrx_word' id='word_1_638' title='bbox 3596 3431 3661 3503; x_wconf 81' lang='grc' dir='ltr'>τῇ</span> <span class='ocrx_word' id='word_1_639' title='bbox 3684 3429 3800 3484; x_wconf 89' lang='grc' dir='ltr'><strong>τῶν</strong></span> 
     </span>
    </p>
   </div>
   <div class='ocr_carea' id='block_1_82' title="bbox 2213 3518 3802 3605">
    <p class='ocr_par' dir='ltr' id='par_1_82' title="bbox 2213 3518 3802 3605">
     <span class='ocr_line' id='line_1_82' title="bbox 2213 3518 3802 3605; baseline -0.006 -19"><span class='ocrx_word' id='word_1_640' title='bbox 2213 3531 2593 3605; x_wconf 78' lang='grc' dir='ltr'>προλαϐόντων</span> <span class='ocrx_word' id='word_1_641' title='bbox 2619 3529 2824 3600; x_wconf 81' lang='grc' dir='ltr'>διανοίᾳ</span> <span class='ocrx_word' id='word_1_642' title='bbox 2863 3527 2960 3583; x_wconf 79' lang='grc' dir='ltr'>καὶ</span> <span class='ocrx_word' id='word_1_643' title='bbox 3005 3526 3136 3580; x_wconf 80' lang='grc' dir='ltr'>αὑτὸ</span> <span class='ocrx_word' id='word_1_644' title='bbox 3172 3525 3546 3598; x_wconf 80' lang='grc' dir='ltr'>χαριζόμενος.</span> <span class='ocrx_word' id='word_1_645' title='bbox 3580 3524 3688 3577; x_wconf 61' lang='grc' dir='ltr'><strong>Καὶ¹</strong></span> <span class='ocrx_word' id='word_1_646' title='bbox 3714 3518 3802 3577; x_wconf 80' lang='grc' dir='ltr'>οῖ·-</span> 
     </span>
    </p>
   </div>
   <div class='ocr_carea' id='block_1_83' title="bbox 2216 3617 3804 3699">
    <p class='ocr_par' dir='ltr' id='par_1_83' title="bbox 2216 3617 3804 3699">
     <span class='ocr_line' id='line_1_83' title="bbox 2216 3617 3804 3699; baseline -0.008 -17"><span class='ocrx_word' id='word_1_647' title='bbox 2216 3646 2314 3699; x_wconf 89' lang='grc' dir='ltr'>μαι</span> <span class='ocrx_word' id='word_1_648' title='bbox 2353 3626 2453 3696; x_wconf 82' lang='grc' dir='ltr'><strong>μὲν</strong></span> <span class='ocrx_word' id='word_1_649' title='bbox 2495 3627 2577 3680; x_wconf 83' lang='grc' dir='ltr'>ὅτι</span> <span class='ocrx_word' id='word_1_650' title='bbox 2621 3624 2935 3695; x_wconf 85' lang='grc' dir='ltr'>δυσωπήσει</span> <span class='ocrx_word' id='word_1_651' title='bbox 2979 3623 3121 3693; x_wconf 85' lang='grc' dir='ltr'>τάχα</span> <span class='ocrx_word' id='word_1_652' title='bbox 3154 3638 3257 3675; x_wconf 86' lang='grc' dir='ltr'><strong>που</strong></span> <span class='ocrx_word' id='word_1_653' title='bbox 3292 3620 3385 3674; x_wconf 76' lang='grc' dir='ltr'><strong>τὸν</strong></span> <span class='ocrx_word' id='word_1_654' title='bbox 3413 3618 3675 3690; x_wconf 85' lang='grc' dir='ltr'>θεομάχον</span> <span class='ocrx_word' id='word_1_655' title='bbox 3701 3617 3804 3686; x_wconf 82' lang='grc' dir='ltr'><strong>ὀρ-</strong></span> 
     </span>
    </p>
   </div>
   <div class='ocr_carea' id='block_1_84' title="bbox 2215 3708 3801 3791">
    <p class='ocr_par' dir='ltr' id='par_1_84' title="bbox 2215 3708 3801 3791">
     <span class='ocr_line' id='line_1_84' title="bbox 2215 3708 3801 3791; baseline -0.008 -17"><span class='ocrx_word' id='word_1_656' title='bbox 2215 3720 2321 3785; x_wconf 88' lang='grc' dir='ltr'><strong>θῶς</strong></span> <span class='ocrx_word' id='word_1_657' title='bbox 2353 3720 2493 3791; x_wconf 79' lang='grc' dir='ltr'>ἑχων</span> <span class='ocrx_word' id='word_1_658' title='bbox 2527 3719 2659 3790; x_wconf 81' lang='grc' dir='ltr'>ἡμῖν</span> <span class='ocrx_word' id='word_1_659' title='bbox 2696 3719 2724 3771; x_wconf 86' lang='grc' dir='ltr'><strong>ὁ</strong></span> <span class='ocrx_word' id='word_1_660' title='bbox 2755 3715 2886 3788; x_wconf 75' lang='grc' dir='ltr'>περὶ</span> <span class='ocrx_word' id='word_1_661' title='bbox 2926 3713 3118 3769; x_wconf 88' lang='grc' dir='ltr'>τούτου</span> <span class='ocrx_word' id='word_1_662' title='bbox 3145 3712 3334 3782; x_wconf 89' lang='grc' dir='ltr'>λόγος·</span> <span class='ocrx_word' id='word_1_663' title='bbox 3377 3709 3710 3781; x_wconf 79' lang='grc' dir='ltr'>ὲνισταμένῳ</span> <span class='ocrx_word' id='word_1_664' title='bbox 3734 3708 3801 3762; x_wconf 80' lang='grc' dir='ltr'><strong>δὲ</strong></span> 
     </span>
    </p>
   </div>
   <div class='ocr_carea' id='block_1_85' title="bbox 2213 3801 3805 3879">
    <p class='ocr_par' dir='ltr' id='par_1_85' title="bbox 2213 3801 3805 3879">
     <span class='ocr_line' id='line_1_85' title="bbox 2213 3801 3805 3879; baseline -0.009 -11"><span class='ocrx_word' id='word_1_665' title='bbox 2213 3814 2397 3879; x_wconf 86' lang='grc' dir='ltr'>πάλιν,</span> <span class='ocrx_word' id='word_1_666' title='bbox 2426 3813 2519 3867; x_wconf 71' lang='grc' dir='ltr'><strong>καὶ</strong></span> <span class='ocrx_word' id='word_1_667' title='bbox 2548 3812 2609 3865; x_wconf 81' lang='grc' dir='ltr'><strong>τὸ</strong></span> <span class='ocrx_word' id='word_1_668' title='bbox 2651 3811 2722 3865; x_wconf 84' lang='grc' dir='ltr'><strong>ἐν</strong></span> <span class='ocrx_word' id='word_1_669' title='bbox 2750 3809 2831 3876; x_wconf 84' lang='grc' dir='ltr'><strong>τῷ</strong></span> <span class='ocrx_word' id='word_1_670' title='bbox 2866 3808 2987 3873; x_wconf 87' lang='grc' dir='ltr'>Θεῷ</span> <span class='ocrx_word' id='word_1_671' title='bbox 3019 3807 3397 3879; x_wconf 84' lang='grc' dir='ltr'>περιέλκοντες</span> <span class='ocrx_word' id='word_1_672' title='bbox 3439 3803 3550 3877; x_wconf 73' lang='grc' dir='ltr'>[γρ.</span> <span class='ocrx_word' id='word_1_673' title='bbox 3580 3801 3805 3874; x_wconf 85' lang='grc' dir='ltr'>περιέλ-</span> 
     </span>
    </p>
   </div>
   <div class='ocr_carea' id='block_1_86' title="bbox 2213 3893 3804 3980">
    <p class='ocr_par' dir='ltr' id='par_1_86' title="bbox 2213 3893 3804 3980">
     <span class='ocr_line' id='line_1_86' title="bbox 2213 3893 3804 3980; baseline -0.011 -18"><span class='ocrx_word' id='word_1_674' title='bbox 2213 3906 2383 3980; x_wconf 87' lang='grc' dir='ltr'>κοντι]</span> <span class='ocrx_word' id='word_1_675' title='bbox 2426 3905 2563 3978; x_wconf 82' lang='grc' dir='ltr'>πρὸς</span> <span class='ocrx_word' id='word_1_676' title='bbox 2586 3904 2648 3959; x_wconf 85' lang='grc' dir='ltr'><strong>τδ</strong></span> <span class='ocrx_word' id='word_1_677' title='bbox 2673 3902 2820 3974; x_wconf 86' lang='grc' dir='ltr'>αὑτῷ</span> <span class='ocrx_word' id='word_1_678' title='bbox 2865 3900 2958 3956; x_wconf 71' lang='grc' dir='ltr'>καὶ</span> <span class='ocrx_word' id='word_1_679' title='bbox 2989 3902 3136 3972; x_wconf 83' lang='grc' dir='ltr'>μόνῳ</span> <span class='ocrx_word' id='word_1_680' title='bbox 3172 3897 3384 3963; x_wconf 83' lang='grc' dir='ltr'>δοκοῦν,</span> <span class='ocrx_word' id='word_1_681' title='bbox 3414 3897 3513 3966; x_wconf 75' lang='grc' dir='ltr'>τῆς</span> <span class='ocrx_word' id='word_1_682' title='bbox 3544 3893 3804 3949; x_wconf 86' lang='grc' dir='ltr'>θεοπνεύ-</span> 
     </span>
    </p>
   </div>
   <div class='ocr_carea' id='block_1_87' title="bbox 2214 3983 3802 4068">
    <p class='ocr_par' dir='ltr' id='par_1_87' title="bbox 2214 3983 3802 4068">
     <span class='ocr_line' id='line_1_87' title="bbox 2214 3983 3802 4068; baseline -0.011 -16"><span class='ocrx_word' id='word_1_683' title='bbox 2214 4015 2340 4052; x_wconf 88' lang='grc' dir='ltr'>στου</span> <span class='ocrx_word' id='word_1_684' title='bbox 2370 3997 2595 4068; x_wconf 84' lang='grc' dir='ltr'>Γραφῆς</span> <span class='ocrx_word' id='word_1_685' title='bbox 2629 3996 2729 4067; x_wconf 82' lang='grc' dir='ltr'><strong>τὴν</strong></span> <span class='ocrx_word' id='word_1_686' title='bbox 2776 3994 3062 4063; x_wconf 83' lang='grc' dir='ltr'>συνήθειαν</span> <span class='ocrx_word' id='word_1_687' title='bbox 3108 3989 3465 4059; x_wconf 77' lang='grc' dir='ltr'>ἐπιδείξομεν.</span> <span class='ocrx_word' id='word_1_688' title='bbox 3498 3985 3655 4048; x_wconf 80' lang='grc' dir='ltr'>Ἐθος</span> <span class='ocrx_word' id='word_1_689' title='bbox 3684 3983 3802 4055; x_wconf 87' lang='grc' dir='ltr'><strong>γάρ</strong></span> 
     </span>
    </p>
   </div>
   <div class='ocr_carea' id='block_1_88' title="bbox 2212 4073 3797 4160">
    <p class='ocr_par' dir='ltr' id='par_1_88' title="bbox 2212 4073 3797 4160">
     <span class='ocr_line' id='line_1_88' title="bbox 2212 4073 3797 4160; baseline -0.008 -17"><span class='ocrx_word' id='word_1_690' title='bbox 2212 4089 2350 4160; x_wconf 79' lang='grc' dir='ltr'>αὑτῇ</span> <span class='ocrx_word' id='word_1_691' title='bbox 2380 4087 2559 4156; x_wconf 90' lang='grc' dir='ltr'>λέγειν</span> <span class='ocrx_word' id='word_1_692' title='bbox 2589 4086 2699 4139; x_wconf 77' lang='grc' dir='ltr'>ἔσθ’</span> <span class='ocrx_word' id='word_1_693' title='bbox 2727 4085 2814 4138; x_wconf 82' lang='grc' dir='ltr'>ὅτε</span> <span class='ocrx_word' id='word_1_694' title='bbox 2848 4084 2969 4138; x_wconf 75' lang='grc' dir='ltr'>ἀντὶ</span> <span class='ocrx_word' id='word_1_695' title='bbox 2997 4080 3093 4135; x_wconf 91' lang='grc' dir='ltr'><strong>τοῦ</strong></span> <span class='ocrx_word' id='word_1_696' title='bbox 3131 4080 3231 4134; x_wconf 84' lang='grc' dir='ltr'>διὰ</span> <span class='ocrx_word' id='word_1_697' title='bbox 3260 4078 3427 4141; x_wconf 61' lang='grc' dir='ltr'>Θωῦ,</span> <span class='ocrx_word' id='word_1_698' title='bbox 3459 4077 3521 4130; x_wconf 84' lang='grc' dir='ltr'><strong>τὸ</strong></span> <span class='ocrx_word' id='word_1_699' title='bbox 3550 4076 3620 4130; x_wconf 78' lang='grc' dir='ltr'><strong>ὲν</strong></span> <span class='ocrx_word' id='word_1_700' title='bbox 3649 4073 3797 4138; x_wconf 84' lang='grc' dir='ltr'>Θεῷ.</span> 
     </span>
    </p>
   </div>
   <div class='ocr_carea' id='block_1_89' title="bbox 2224 4166 3802 4248">
    <p class='ocr_par' dir='ltr' id='par_1_89' title="bbox 2224 4166 3802 4248">
     <span class='ocr_line' id='line_1_89' title="bbox 2224 4166 3802 4248; baseline -0.01 -16"><span class='ocrx_word' id='word_1_701' title='bbox 2224 4180 2384 4233; x_wconf 82' lang='grc' dir='ltr'>Ἐπεὶ</span> <span class='ocrx_word' id='word_1_702' title='bbox 2405 4177 2610 4247; x_wconf 82' lang='grc' dir='ltr'>λεγέτω</span> <span class='ocrx_word' id='word_1_703' title='bbox 2628 4176 2738 4248; x_wconf 79' lang='grc' dir='ltr'><strong>γάρ</strong></span> <span class='ocrx_word' id='word_1_704' title='bbox 2759 4176 2964 4238; x_wconf 79' lang='grc' dir='ltr'>ἐκεῖνος</span> <span class='ocrx_word' id='word_1_705' title='bbox 2986 4175 3139 4244; x_wconf 77' lang='grc' dir='ltr'>ἡμῖν,</span> <span class='ocrx_word' id='word_1_706' title='bbox 3164 4171 3282 4236; x_wconf 83' lang='grc' dir='ltr'><strong>πῶς</strong></span> <span class='ocrx_word' id='word_1_707' title='bbox 3312 4172 3371 4225; x_wconf 87' lang='grc' dir='ltr'><strong>ἐν</strong></span> <span class='ocrx_word' id='word_1_708' title='bbox 3405 4168 3648 4238; x_wconf 81' lang='grc' dir='ltr'>Ψαλμοῖς</span> <span class='ocrx_word' id='word_1_709' title='bbox 3671 4166 3802 4218; x_wconf 85' lang='grc' dir='ltr'>ἀνα-</span> 
     </span>
    </p>
   </div>
   <div class='ocr_carea' id='block_1_90' title="bbox 2211 4256 3801 4343">
    <p class='ocr_par' dir='ltr' id='par_1_90' title="bbox 2211 4256 3801 4343">
     <span class='ocr_line' id='line_1_90' title="bbox 2211 4256 3801 4343; baseline -0.011 -19"><span class='ocrx_word' id='word_1_710' title='bbox 2211 4272 2452 4340; x_wconf 83' lang='grc' dir='ltr'>κέκραγε</span> <span class='ocrx_word' id='word_1_711' title='bbox 2480 4268 2654 4338; x_wconf 88' lang='grc' dir='ltr'>λέγων</span> <span class='ocrx_word' id='word_1_712' title='bbox 2674 4283 2808 4343; x_wconf 51' lang='grc' dir='ltr'>.τις⁶</span> <span class='ocrx_word' id='word_1_713' title='bbox 2844 4287 2861 4319; x_wconf 79' lang='grc' dir='ltr'><strong>ι</strong></span> <span class='ocrx_word' id='word_1_714' title='bbox 2909 4266 2998 4319; x_wconf 87' lang='grc' dir='ltr'>Ἐν</span> <span class='ocrx_word' id='word_1_715' title='bbox 3022 4263 3100 4335; x_wconf 87' lang='grc' dir='ltr'><strong>τῷ</strong></span> <span class='ocrx_word' id='word_1_716' title='bbox 3135 4262 3256 4333; x_wconf 87' lang='grc' dir='ltr'><strong>Θεῷ</strong></span> <span class='ocrx_word' id='word_1_717' title='bbox 3302 4261 3598 4332; x_wconf 86' lang='grc' dir='ltr'>ποιήσομεν</span> <span class='ocrx_word' id='word_1_718' title='bbox 3634 4256 3801 4309; x_wconf 75' lang='grc' dir='ltr'>δύναο</span> 
     </span>
    </p>
   </div>
   <div class='ocr_carea' id='block_1_91' title="bbox 2215 4347 3800 4434">
    <p class='ocr_par' dir='ltr' id='par_1_91' title="bbox 2215 4347 3800 4434">
     <span class='ocr_line' id='line_1_91' title="bbox 2215 4347 3800 4434; baseline -0.011 -17"><span class='ocrx_word' id='word_1_719' title='bbox 2215 4377 2339 4434; x_wconf 87' lang='grc' dir='ltr'>μιν·</span> <span class='ocrx_word' id='word_1_720' title='bbox 2376 4379 2395 4413; x_wconf 73' lang='grc' dir='ltr'><strong>ι</strong></span> <span class='ocrx_word' id='word_1_721' title='bbox 2429 4361 2524 4415; x_wconf 74' lang='grc' dir='ltr'><strong>καὶ</strong></span> <span class='ocrx_word' id='word_1_722' title='bbox 2576 4359 2737 4414; x_wconf 87' lang='grc' dir='ltr'>πάλιν</span> <span class='ocrx_word' id='word_1_723' title='bbox 2781 4358 2858 4422; x_wconf 82' lang='grc' dir='ltr'><strong>ὡς</strong></span> <span class='ocrx_word' id='word_1_724' title='bbox 2910 4356 3049 4429; x_wconf 77' lang='grc' dir='ltr'>πρὸς</span> <span class='ocrx_word' id='word_1_725' title='bbox 3100 4354 3292 4408; x_wconf 84' lang='grc' dir='ltr'>αὑτόν·</span> <span class='ocrx_word' id='word_1_726' title='bbox 3330 4371 3349 4404; x_wconf 75' lang='grc' dir='ltr'><strong>ι</strong></span> <span class='ocrx_word' id='word_1_727' title='bbox 3393 4352 3483 4406; x_wconf 87' lang='grc' dir='ltr'>Ἐν</span> <span class='ocrx_word' id='word_1_728' title='bbox 3538 4350 3619 4402; x_wconf 74' lang='grc' dir='ltr'><strong>σοὶ</strong></span> <span class='ocrx_word' id='word_1_729' title='bbox 3665 4347 3800 4412; x_wconf 76' lang='grc' dir='ltr'>τοὺς</span> 
     </span>
    </p>
   </div>
   <div class='ocr_carea' id='block_1_92' title="bbox 523 4437 2105 4525">
    <p class='ocr_par' dir='ltr' id='par_1_92' title="bbox 523 4437 2105 4521">
     <span class='ocr_line' id='line_1_92' title="bbox 523 4437 2105 4521; baseline 0.012 -32"><span class='ocrx_word' id='word_1_730' title='bbox 523 4438 620 4506; x_wconf 90' lang='lat' dir='ltr'><strong>qui</strong></span> <span class='ocrx_word' id='word_1_731' title='bbox 654 4437 835 4494; x_wconf 89' lang='lat' dir='ltr'><strong>factus</strong></span> <span class='ocrx_word' id='word_1_732' title='bbox 865 4447 950 4494; x_wconf 89' lang='lat' dir='ltr'><strong>est</strong></span> <span class='ocrx_word' id='word_1_733' title='bbox 996 4443 1157 4498; x_wconf 89' lang='lat' dir='ltr'><strong>nobis</strong></span> <span class='ocrx_word' id='word_1_734' title='bbox 1187 4446 1456 4514; x_wconf 88' lang='lat' dir='ltr'><strong>sapientia</strong></span> <span class='ocrx_word' id='word_1_735' title='bbox 1487 4462 1515 4499; x_wconf 89' lang='lat' dir='ltr'><strong>a</strong></span> <span class='ocrx_word' id='word_1_736' title='bbox 1544 4447 1676 4515; x_wconf 90' lang='lat' dir='ltr'><strong>Deo,</strong></span> <span class='ocrx_word' id='word_1_737' title='bbox 1700 4459 1754 4506; x_wconf 90' lang='lat' dir='ltr'><strong>et</strong></span> <span class='ocrx_word' id='word_1_738' title='bbox 1786 4453 2024 4521; x_wconf 87' lang='lat' dir='ltr'><strong>justitia,</strong></span> <span class='ocrx_word' id='word_1_739' title='bbox 2052 4462 2105 4508; x_wconf 92' lang='lat' dir='ltr'><strong>ct</strong></span> 
     </span>
    </p>
   </div>
   <div class='ocr_carea' id='block_1_93' title="bbox 2210 4437 3805 4525">
    <p class='ocr_par' dir='ltr' id='par_1_93' title="bbox 2212 4439 3805 4523">
     <span class='ocr_line' id='line_1_93' title="bbox 2212 4439 3805 4523; baseline -0.01 -18"><span class='ocrx_word' id='word_1_740' title='bbox 2212 4450 2441 4523; x_wconf 74' lang='grc' dir='ltr'>ἐχθροὺς</span> <span class='ocrx_word' id='word_1_741' title='bbox 2489 4448 2645 4520; x_wconf 83' lang='grc' dir='ltr'>ἡμῶν</span> <span class='ocrx_word' id='word_1_742' title='bbox 2684 4446 3065 4520; x_wconf 85' lang='grc' dir='ltr'>κερατιοῦμεν.</span> <span class='ocrx_word' id='word_1_743' title='bbox 3105 4464 3124 4497; x_wconf 76' lang='grc' dir='ltr'><strong>ι</strong></span> <span class='ocrx_word' id='word_1_744' title='bbox 3153 4443 3230 4500; x_wconf 90' lang='grc' dir='ltr'>Οὑ</span> <span class='ocrx_word' id='word_1_745' title='bbox 3262 4443 3371 4514; x_wconf 84' lang='grc' dir='ltr'>γὰρ</span> <span class='ocrx_word' id='word_1_746' title='bbox 3407 4442 3470 4511; x_wconf 88' lang='grc' dir='ltr'>δή</span> <span class='ocrx_word' id='word_1_747' title='bbox 3508 4457 3590 4503; x_wconf 90' lang='grc' dir='ltr'><strong>τις</strong></span> <span class='ocrx_word' id='word_1_748' title='bbox 3622 4439 3805 4509; x_wconf 66' lang='grc' dir='ltr'>οἰήσε-</span> 
     </span>
    </p>
   </div>
   <div class='ocr_carea' id='block_1_94' title="bbox 524 4528 2105 4609">
    <p class='ocr_par' dir='ltr' id='par_1_94' title="bbox 524 4528 2105 4609">
     <span class='ocr_line' id='line_1_94' title="bbox 524 4528 2105 4609; baseline 0.009 -26"><span class='ocrx_word' id='word_1_749' title='bbox 524 4528 912 4595; x_wconf 87' lang='lat' dir='ltr'><strong>sanctiﬁcatio,</strong></span> <span class='ocrx_word' id='word_1_750' title='bbox 961 4540 1015 4585; x_wconf 91' lang='lat' dir='ltr'><strong>et</strong></span> <span class='ocrx_word' id='word_1_751' title='bbox 1049 4532 1360 4604; x_wconf 90' lang='lat' dir='ltr'><strong>redemptio</strong></span> <span class='ocrx_word' id='word_1_752' title='bbox 1402 4538 1502 4590; x_wconf 67' lang='grc' dir='ltr'><strong>ι’.»</strong></span> <span class='ocrx_word' id='word_1_753' title='bbox 1537 4536 1797 4609; x_wconf 87' lang='lat' dir='ltr'><strong>Nunquid</strong></span> <span class='ocrx_word' id='word_1_754' title='bbox 1819 4543 1990 4609; x_wconf 74' lang='lat' dir='ltr'><strong>etritn,</strong></span> <span class='ocrx_word' id='word_1_755' title='bbox 2020 4545 2105 4597; x_wconf 89' lang='lat' dir='ltr'><strong>in-</strong></span> 
     </span>
    </p>
   </div>
   <div class='ocr_carea' id='block_1_95' title="bbox 523 4619 2103 4697">
    <p class='ocr_par' dir='ltr' id='par_1_95' title="bbox 523 4619 2103 4697">
     <span class='ocr_line' id='line_1_95' title="bbox 523 4619 2103 4697; baseline 0.011 -25"><span class='ocrx_word' id='word_1_756' title='bbox 523 4619 678 4690; x_wconf 88' lang='lat' dir='ltr'><strong>quiet</strong></span> <span class='ocrx_word' id='word_1_757' title='bbox 732 4620 1032 4689; x_wconf 86' lang='lat' dir='ltr'><strong>prudenter</strong></span> <span class='ocrx_word' id='word_1_758' title='bbox 1075 4623 1262 4680; x_wconf 89' lang='lat' dir='ltr'><strong>forsan</strong></span> <span class='ocrx_word' id='word_1_759' title='bbox 1296 4627 1520 4697; x_wconf 91' lang='lat' dir='ltr'><strong>aliquis,</strong></span> <span class='ocrx_word' id='word_1_760' title='bbox 1582 4630 1836 4685; x_wconf 85' lang='lat' dir='ltr'><strong>traditam</strong></span> <span class='ocrx_word' id='word_1_761' title='bbox 1882 4636 2103 4692; x_wconf 69' lang='lat' dir='ltr'><strong>coalitus</strong></span> 
     </span>
    </p>
   </div>
   <div class='ocr_carea' id='block_1_96' title="bbox 523 4710 2101 4786">
    <p class='ocr_par' dir='ltr' id='par_1_96' title="bbox 523 4710 2101 4786">
     <span class='ocr_line' id='line_1_96' title="bbox 523 4710 2101 4786; baseline 0.011 -21"><span class='ocrx_word' id='word_1_762' title='bbox 523 4710 829 4767; x_wconf 82' lang='lat' dir='ltr'><strong>Corinthiis</strong></span> <span class='ocrx_word' id='word_1_763' title='bbox 849 4713 1079 4782; x_wconf 85' lang='lat' dir='ltr'><strong>gratiam</strong></span> <span class='ocrx_word' id='word_1_764' title='bbox 1108 4716 1162 4770; x_wconf 91' lang='lat' dir='ltr'><strong>in</strong></span> <span class='ocrx_word' id='word_1_765' title='bbox 1195 4716 1313 4786; x_wconf 89' lang='lat' dir='ltr'><strong>ipsa</strong></span> <span class='ocrx_word' id='word_1_766' title='bbox 1336 4718 1539 4776; x_wconf 89' lang='lat' dir='ltr'><strong>Christi</strong></span> <span class='ocrx_word' id='word_1_767' title='bbox 1576 4723 1888 4781; x_wconf 87' lang='lat' dir='ltr'><strong>substantia</strong></span> <span class='ocrx_word' id='word_1_768' title='bbox 1919 4728 2101 4784; x_wconf 84' lang='lat' dir='ltr'><strong>datam</strong></span> 
     </span>
    </p>
   </div>
   <div class='ocr_carea' id='block_1_97' title="bbox 522 4801 2106 4879">
    <p class='ocr_par' dir='ltr' id='par_1_97' title="bbox 522 4801 2106 4879">
     <span class='ocr_line' id='line_1_97' title="bbox 522 4801 2106 4879; baseline 0.013 -24"><span class='ocrx_word' id='word_1_769' title='bbox 522 4802 600 4855; x_wconf 86' lang='lat' dir='ltr'><strong>ait</strong></span> <span class='ocrx_word' id='word_1_770' title='bbox 625 4801 943 4871; x_wconf 87' lang='lat' dir='ltr'><strong>Apostolus,</strong></span> <span class='ocrx_word' id='word_1_771' title='bbox 983 4814 1077 4860; x_wconf 91' lang='lat' dir='ltr'><strong>aut</strong></span> <span class='ocrx_word' id='word_1_772' title='bbox 1108 4807 1316 4879; x_wconf 91' lang='lat' dir='ltr'><strong>aliquid</strong></span> <span class='ocrx_word' id='word_1_773' title='bbox 1342 4811 1487 4867; x_wconf 90' lang='lat' dir='ltr'><strong>aliud</strong></span> <span class='ocrx_word' id='word_1_774' title='bbox 1520 4814 1649 4869; x_wconf 87' lang='lat' dir='ltr'><strong>huic</strong></span> <span class='ocrx_word' id='word_1_775' title='bbox 1686 4817 1870 4873; x_wconf 90' lang='lat' dir='ltr'><strong>simile</strong></span> <span class='ocrx_word' id='word_1_776' title='bbox 1905 4820 2106 4875; x_wconf 84' lang='lat' dir='ltr'><strong>intelli-</strong></span> 
     </span>
    </p>
   </div>
   <div class='ocr_carea' id='block_1_98' title="bbox 523 4893 2106 4984">
    <p class='ocr_par' dir='ltr' id='par_1_98' title="bbox 523 4893 2106 4984">
     <span class='ocr_line' id='line_1_98' title="bbox 523 4893 2106 4984; baseline 0.015 -38"><span class='ocrx_word' id='word_1_777' title='bbox 523 4894 651 4963; x_wconf 73' lang='lat' dir='ltr'><strong>git?</strong></span> <span class='ocrx_word' id='word_1_778' title='bbox 686 4893 752 4949; x_wconf 85' lang='lat' dir='ltr'><strong>At</strong></span> <span class='ocrx_word' id='word_1_779' title='bbox 783 4896 1060 4965; x_wconf 85' lang='lat' dir='ltr'><strong>quomodo</strong></span> <span class='ocrx_word' id='word_1_780' title='bbox 1089 4914 1201 4956; x_wconf 91' lang='lat' dir='ltr'><strong>non</strong></span> <span class='ocrx_word' id='word_1_781' title='bbox 1233 4901 1381 4958; x_wconf 87' lang='lat' dir='ltr'><strong>istud</strong></span> <span class='ocrx_word' id='word_1_782' title='bbox 1415 4908 1612 4977; x_wconf 88' lang='lat' dir='ltr'><strong>nugari</strong></span> <span class='ocrx_word' id='word_1_783' title='bbox 1640 4909 1711 4963; x_wconf 90' lang='lat' dir='ltr'><strong>sit</strong></span> <span class='ocrx_word' id='word_1_784' title='bbox 1731 4909 1754 4963; x_wconf 88' lang='lat'><strong>?</strong></span> <span class='ocrx_word' id='word_1_785' title='bbox 1774 4909 1886 4964; x_wconf 87' lang='lat' dir='ltr'><strong>Cur</strong></span> <span class='ocrx_word' id='word_1_786' title='bbox 1917 4913 2106 4984; x_wconf 85' lang='lat' dir='ltr'><strong>itaque</strong></span> 
     </span>
    </p>
   </div>
   <div class='ocr_carea' id='block_1_99' title="bbox 521 4986 2104 5060">
    <p class='ocr_par' dir='ltr' id='par_1_99' title="bbox 521 4986 2104 5060">
     <span class='ocr_line' id='line_1_99' title="bbox 521 4986 2104 5060; baseline 0.014 -22"><span class='ocrx_word' id='word_1_787' title='bbox 521 5000 808 5041; x_wconf 84' lang='lat' dir='ltr'><strong>sacrarum</strong></span> <span class='ocrx_word' id='word_1_788' title='bbox 852 4986 1184 5046; x_wconf 87' lang='lat' dir='ltr'><strong>Litterarum</strong></span> <span class='ocrx_word' id='word_1_789' title='bbox 1230 5000 1689 5054; x_wconf 89' lang='lat' dir='ltr'><strong>consuetudinem</strong></span> <span class='ocrx_word' id='word_1_790' title='bbox 1736 5012 1991 5059; x_wconf 86' lang='lat' dir='ltr'><strong>evertens</strong></span> <span class='ocrx_word' id='word_1_791' title='bbox 2052 5014 2104 5060; x_wconf 84' lang='lat' dir='ltr'><strong>et</strong></span> 
     </span>
    </p>
   </div>
   <div class='ocr_carea' id='block_1_100' title="bbox 522 5073 2105 5160">
    <p class='ocr_par' dir='ltr' id='par_1_100' title="bbox 522 5073 2105 5160">
     <span class='ocr_line' id='line_1_100' title="bbox 522 5073 2105 5160; baseline 0.015 -30"><span class='ocrx_word' id='word_1_792' title='bbox 522 5073 669 5132; x_wconf 75' lang='lat' dir='ltr'><strong>beati</strong></span> <span class='ocrx_word' id='word_1_793' title='bbox 706 5076 863 5134; x_wconf 87' lang='lat' dir='ltr'><strong>Pauli</strong></span> <span class='ocrx_word' id='word_1_794' title='bbox 899 5089 1138 5136; x_wconf 89' lang='lat' dir='ltr'><strong>mentem</strong></span> <span class='ocrx_word' id='word_1_795' title='bbox 1172 5085 1457 5156; x_wconf 87' lang='lat' dir='ltr'><strong>cavillans,</strong></span> <span class='ocrx_word' id='word_1_796' title='bbox 1486 5106 1609 5146; x_wconf 88' lang='lat' dir='ltr'><strong>esse</strong></span> <span class='ocrx_word' id='word_1_797' title='bbox 1637 5107 1738 5148; x_wconf 92' lang='lat' dir='ltr'><strong>nos</strong></span> <span class='ocrx_word' id='word_1_798' title='bbox 1761 5093 1815 5147; x_wconf 91' lang='lat' dir='ltr'><strong>in</strong></span> <span class='ocrx_word' id='word_1_799' title='bbox 1840 5092 1971 5160; x_wconf 87' lang='lat' dir='ltr'><strong>Deo,</strong></span> <span class='ocrx_word' id='word_1_800' title='bbox 1998 5096 2105 5153; x_wconf 86' lang='lat' dir='ltr'><strong>hoc</strong></span> 
     </span>
    </p>
   </div>
   <div class='ocr_carea' id='block_1_101' title="bbox 521 5171 2102 5247">
    <p class='ocr_par' dir='ltr' id='par_1_101' title="bbox 521 5171 2102 5247">
     <span class='ocr_line' id='line_1_101' title="bbox 521 5171 2102 5247; baseline 0.013 -22"><span class='ocrx_word' id='word_1_801' title='bbox 521 5182 607 5225; x_wconf 91' lang='lat' dir='ltr'><strong>est</strong></span> <span class='ocrx_word' id='word_1_802' title='bbox 630 5171 685 5224; x_wconf 91' lang='lat' dir='ltr'><strong>in</strong></span> <span class='ocrx_word' id='word_1_803' title='bbox 719 5172 1031 5229; x_wconf 85' lang='lat' dir='ltr'><strong>substantia</strong></span> <span class='ocrx_word' id='word_1_804' title='bbox 1058 5173 1260 5241; x_wconf 85' lang='lat' dir='ltr'><strong>Patris,</strong></span> <span class='ocrx_word' id='word_1_805' title='bbox 1303 5180 1405 5247; x_wconf 90' lang='lat' dir='ltr'><strong>ais,</strong></span> <span class='ocrx_word' id='word_1_806' title='bbox 1434 5197 1560 5237; x_wconf 91' lang='lat' dir='ltr'><strong>cum</strong></span> <span class='ocrx_word' id='word_1_807' title='bbox 1594 5185 1756 5242; x_wconf 89' lang='lat' dir='ltr'><strong>audis</strong></span> <span class='ocrx_word' id='word_1_808' title='bbox 1783 5202 1908 5241; x_wconf 91' lang='lat' dir='ltr'><strong>eum</strong></span> <span class='ocrx_word' id='word_1_809' title='bbox 1934 5190 2102 5245; x_wconf 88' lang='lat' dir='ltr'><strong>Athe-</strong></span> 
     </span>
    </p>
   </div>
   <div class='ocr_carea' id='block_1_102' title="bbox 521 5263 2105 5346">
    <p class='ocr_par' dir='ltr' id='par_1_102' title="bbox 521 5263 2105 5346">
     <span class='ocr_line' id='line_1_102' title="bbox 521 5263 2105 5346; baseline 0.013 -29"><span class='ocrx_word' id='word_1_810' title='bbox 521 5263 610 5317; x_wconf 90' lang='lat' dir='ltr'><strong>nis</strong></span> <span class='ocrx_word' id='word_1_811' title='bbox 648 5266 1036 5333; x_wconf 64' lang='lat' dir='ltr'><strong>praadicantem</strong></span> <span class='ocrx_word' id='word_1_812' title='bbox 1074 5289 1088 5326; x_wconf 93' lang='lat'><strong>:</strong></span> <span class='ocrx_word' id='word_1_813' title='bbox 1149 5288 1167 5323; x_wconf 80' lang='grc' dir='ltr'><strong>ι</strong></span> <span class='ocrx_word' id='word_1_814' title='bbox 1205 5270 1343 5341; x_wconf 80' lang='lat' dir='ltr'><strong>Quia</strong></span> <span class='ocrx_word' id='word_1_815' title='bbox 1405 5274 1460 5328; x_wconf 91' lang='lat' dir='ltr'><strong>in</strong></span> <span class='ocrx_word' id='word_1_816' title='bbox 1513 5275 1634 5346; x_wconf 91' lang='lat' dir='ltr'><strong>ipso</strong></span> <span class='ocrx_word' id='word_1_817' title='bbox 1674 5279 1935 5344; x_wconf 86' lang='lat' dir='ltr'><strong>vivimus,</strong></span> <span class='ocrx_word' id='word_1_818' title='bbox 1986 5298 2105 5338; x_wconf 79' lang='lat' dir='ltr'><strong>mo—</strong></span> 
     </span>
    </p>
   </div>
   <div class='ocr_carea' id='block_1_103' title="bbox 522 5359 2100 5436">
    <p class='ocr_par' dir='ltr' id='par_1_103' title="bbox 522 5359 2100 5436">
     <span class='ocr_line' id='line_1_103' title="bbox 522 5359 2100 5436; baseline 0.017 -36"><span class='ocrx_word' id='word_1_819' title='bbox 522 5365 717 5405; x_wconf 87' lang='lat' dir='ltr'><strong>vemur</strong></span> <span class='ocrx_word' id='word_1_820' title='bbox 767 5364 820 5408; x_wconf 92' lang='lat' dir='ltr'><strong>et</strong></span> <span class='ocrx_word' id='word_1_821' title='bbox 848 5359 1086 5415; x_wconf 85' lang='lat' dir='ltr'><strong>sumus?</strong></span> <span class='ocrx_word' id='word_1_822' title='bbox 1121 5379 1141 5413; x_wconf 73' lang='grc' dir='ltr'><strong>ι</strong></span> <span class='ocrx_word' id='word_1_823' title='bbox 1180 5360 1421 5426; x_wconf 88' lang='lat' dir='ltr'><strong>Atcnim,</strong></span> <span class='ocrx_word' id='word_1_824' title='bbox 1452 5363 1625 5431; x_wconf 88' lang='lat' dir='ltr'><strong>inquit</strong></span> <span class='ocrx_word' id='word_1_825' title='bbox 1662 5371 2100 5436; x_wconf 88' lang='lat' dir='ltr'><strong>perniciosorum</strong></span> 
     </span>
    </p>
   </div>
   <div class='ocr_carea' id='block_1_104' title="bbox 520 5436 2103 5521">
    <p class='ocr_par' dir='ltr' id='par_1_104' title="bbox 520 5436 2103 5521">
     <span class='ocr_line' id='line_1_104' title="bbox 520 5436 2103 5521; baseline 0.011 -28"><span class='ocrx_word' id='word_1_826' title='bbox 520 5436 834 5509; x_wconf 83' lang='lat' dir='ltr'><strong>dogmatum</strong></span> <span class='ocrx_word' id='word_1_827' title='bbox 893 5447 1173 5517; x_wconf 87' lang='lat' dir='ltr'><strong>magister,</strong></span> <span class='ocrx_word' id='word_1_828' title='bbox 1231 5450 1675 5521; x_wconf 87' lang='lat' dir='ltr'><strong>quandoquidem</strong></span> <span class='ocrx_word' id='word_1_829' title='bbox 1728 5454 1825 5510; x_wconf 89' lang='lat' dir='ltr'><strong>tibi</strong></span> <span class='ocrx_word' id='word_1_830' title='bbox 1884 5457 2103 5514; x_wconf 88' lang='lat' dir='ltr'><strong>videtur</strong></span> 
     </span>
    </p>
   </div>
   <div class='ocr_carea' id='block_1_105' title="bbox 520 5530 2101 5619">
    <p class='ocr_par' dir='ltr' id='par_1_105' title="bbox 520 5530 2101 5619">
     <span class='ocr_line' id='line_1_105' title="bbox 520 5530 2101 5619; baseline 0.013 -34"><span class='ocrx_word' id='word_1_831' title='bbox 520 5530 765 5597; x_wconf 83' lang='lat' dir='ltr'><strong>lllud,in</strong></span> <span class='ocrx_word' id='word_1_832' title='bbox 789 5531 901 5589; x_wconf 87' lang='lat' dir='ltr'><strong>Deo</strong></span> <span class='ocrx_word' id='word_1_833' title='bbox 945 5554 1074 5605; x_wconf 75' lang='lat' dir='ltr'><strong>esse,</strong></span> <span class='ocrx_word' id='word_1_834' title='bbox 1111 5551 1258 5598; x_wconf 88' lang='lat' dir='ltr'><strong>recte</strong></span> <span class='ocrx_word' id='word_1_835' title='bbox 1305 5544 1537 5616; x_wconf 83' lang='lat' dir='ltr'><strong>intelligi</strong></span> <span class='ocrx_word' id='word_1_836' title='bbox 1585 5560 1685 5617; x_wconf 74' lang='lat' dir='ltr'><strong>pro</strong></span> <span class='ocrx_word' id='word_1_837' title='bbox 1708 5562 1775 5602; x_wconf 85' lang='lat' dir='ltr'><strong>eo</strong></span> <span class='ocrx_word' id='word_1_838' title='bbox 1803 5549 1949 5619; x_wconf 89' lang='lat' dir='ltr'><strong>quod</strong></span> <span class='ocrx_word' id='word_1_839' title='bbox 1995 5561 2101 5616; x_wconf 89' lang='lat' dir='ltr'><strong>est,</strong></span> 
     </span>
    </p>
   </div>
   <div class='ocr_carea' id='block_1_106' title="bbox 2209 4530 3802 4609">
    <p class='ocr_par' dir='ltr' id='par_1_106' title="bbox 2209 4530 3802 4609">
     <span class='ocr_line' id='line_1_106' title="bbox 2209 4530 3802 4609; baseline -0.006 -13"><span class='ocrx_word' id='word_1_840' title='bbox 2209 4560 2302 4596; x_wconf 88' lang='grc' dir='ltr'><strong>ται</strong></span> <span class='ocrx_word' id='word_1_841' title='bbox 2344 4541 2503 4596; x_wconf 86' lang='grc' dir='ltr'>τοῦτο</span> <span class='ocrx_word' id='word_1_842' title='bbox 2545 4541 2724 4609; x_wconf 83' lang='grc' dir='ltr'>λέγειν</span> <span class='ocrx_word' id='word_1_843' title='bbox 2771 4539 2953 4606; x_wconf 81' lang='grc' dir='ltr'>αὑτὸν,</span> <span class='ocrx_word' id='word_1_844' title='bbox 3000 4538 3076 4602; x_wconf 86' lang='grc' dir='ltr'>ῶς</span> <span class='ocrx_word' id='word_1_845' title='bbox 3123 4539 3180 4591; x_wconf 83' lang='grc' dir='ltr'><strong>ὲν</strong></span> <span class='ocrx_word' id='word_1_846' title='bbox 3219 4539 3286 4608; x_wconf 82' lang='grc' dir='ltr'>τῇ</span> <span class='ocrx_word' id='word_1_847' title='bbox 3329 4535 3488 4606; x_wconf 73' lang='grc' dir='ltr'>οὑσίᾳ</span> <span class='ocrx_word' id='word_1_848' title='bbox 3529 4533 3621 4588; x_wconf 85' lang='grc' dir='ltr'><strong>τοῦ</strong></span> <span class='ocrx_word' id='word_1_849' title='bbox 3656 4530 3802 4586; x_wconf 80' lang='grc' dir='ltr'>Θεοῦ</span> 
     </span>
    </p>
   </div>
   <div class='ocr_carea' id='block_1_107' title="bbox 2209 4622 3805 4705">
    <p class='ocr_par' dir='ltr' id='par_1_107' title="bbox 2209 4622 3805 4705">
     <span class='ocr_line' id='line_1_107' title="bbox 2209 4622 3805 4705; baseline -0.009 -16"><span class='ocrx_word' id='word_1_850' title='bbox 2209 4634 2438 4705; x_wconf 87' lang='grc' dir='ltr'>δύναμίν</span> <span class='ocrx_word' id='word_1_851' title='bbox 2476 4649 2590 4685; x_wconf 79' lang='grc' dir='ltr'>τινα</span> <span class='ocrx_word' id='word_1_852' title='bbox 2621 4631 3045 4703; x_wconf 84' lang='grc' dir='ltr'>δημιουργήσειν</span> <span class='ocrx_word' id='word_1_853' title='bbox 3088 4627 3502 4698; x_wconf 77' lang='grc' dir='ltr'>ἐπαγγέλλεται,</span> <span class='ocrx_word' id='word_1_854' title='bbox 3532 4624 3646 4679; x_wconf 75' lang='grc' dir='ltr'>ἀλλ’</span> <span class='ocrx_word' id='word_1_855' title='bbox 3673 4622 3805 4676; x_wconf 81' lang='grc' dir='ltr'>οὑδὲ</span> 
     </span>
    </p>
   </div>
   <div class='ocr_carea' id='block_1_108' title="bbox 2210 4718 3805 4797">
    <p class='ocr_par' dir='ltr' id='par_1_108' title="bbox 2210 4718 3805 4797">
     <span class='ocr_line' id='line_1_108' title="bbox 2210 4718 3805 4797; baseline -0.009 -16"><span class='ocrx_word' id='word_1_856' title='bbox 2210 4731 2268 4781; x_wconf 83' lang='grc' dir='ltr'>ὲν</span> <span class='ocrx_word' id='word_1_857' title='bbox 2301 4727 2438 4797; x_wconf 83' lang='grc' dir='ltr'>αὑτῇ</span> <span class='ocrx_word' id='word_1_858' title='bbox 2484 4725 2611 4789; x_wconf 79' lang='grc' dir='ltr'>τοὺς</span> <span class='ocrx_word' id='word_1_859' title='bbox 2656 4725 2816 4787; x_wconf 85' lang='grc' dir='ltr'>ἰδίους</span> <span class='ocrx_word' id='word_1_860' title='bbox 2858 4724 3085 4796; x_wconf 71' lang='grc' dir='ltr'>ἐχθροὺς</span> <span class='ocrx_word' id='word_1_861' title='bbox 3130 4720 3480 4791; x_wconf 84' lang='grc' dir='ltr'>εὑρίσκοντας</span> <span class='ocrx_word' id='word_1_862' title='bbox 3521 4718 3805 4788; x_wconf 80' lang='grc' dir='ltr'>κερατιεῖν</span> 
     </span>
    </p>
   </div>
   <div class='ocr_carea' id='block_1_109' title="bbox 2211 4806 3806 4886">
    <p class='ocr_par' dir='ltr' id='par_1_109' title="bbox 2211 4806 3806 4886">
     <span class='ocr_line' id='line_1_109' title="bbox 2211 4806 3806 4886; baseline -0.008 -15"><span class='ocrx_word' id='word_1_863' title='bbox 2211 4818 2408 4881; x_wconf 78' lang='grc' dir='ltr'>αὑτοὺς</span> <span class='ocrx_word' id='word_1_864' title='bbox 2457 4819 2484 4870; x_wconf 78' lang='grc' dir='ltr'>ὁ</span> <span class='ocrx_word' id='word_1_865' title='bbox 2525 4815 2743 4886; x_wconf 78' lang='grc' dir='ltr'>ψάλλων</span> <span class='ocrx_word' id='word_1_866' title='bbox 2783 4816 2967 4885; x_wconf 77' lang='grc' dir='ltr'>φησὶν,</span> <span class='ocrx_word' id='word_1_867' title='bbox 3016 4813 3129 4868; x_wconf 79' lang='grc' dir='ltr'>ἀλλ’</span> <span class='ocrx_word' id='word_1_868' title='bbox 3171 4813 3241 4866; x_wconf 77' lang='grc' dir='ltr'><strong>ὲν</strong></span> <span class='ocrx_word' id='word_1_869' title='bbox 3280 4809 3402 4876; x_wconf 80' lang='grc' dir='ltr'><strong>Θεῷ</strong></span> <span class='ocrx_word' id='word_1_870' title='bbox 3436 4825 3619 4879; x_wconf 80' lang='grc' dir='ltr'>φησιν,</span> <span class='ocrx_word' id='word_1_871' title='bbox 3676 4806 3806 4859; x_wconf 76' lang='grc' dir='ltr'>ἀντὶ</span> 
     </span>
    </p>
   </div>
   <div class='ocr_carea' id='block_1_110' title="bbox 2211 4895 3802 4970">
    <p class='ocr_par' dir='ltr' id='par_1_110' title="bbox 2211 4895 3802 4970">
     <span class='ocr_line' id='line_1_110' title="bbox 2211 4895 3802 4970; baseline -0.006 -8"><span class='ocrx_word' id='word_1_872' title='bbox 2211 4907 2305 4962; x_wconf 89' lang='grc' dir='ltr'><strong>τοῦ</strong></span> <span class='ocrx_word' id='word_1_873' title='bbox 2350 4907 2449 4962; x_wconf 82' lang='grc' dir='ltr'>διὰ</span> <span class='ocrx_word' id='word_1_874' title='bbox 2496 4907 2644 4961; x_wconf 84' lang='grc' dir='ltr'>Θεοῦ</span> <span class='ocrx_word' id='word_1_875' title='bbox 2665 4923 2678 4937; x_wconf 77' lang='grc'><strong><em>⁸</em></strong></span> <span class='ocrx_word' id='word_1_876' title='bbox 2712 4907 2805 4961; x_wconf 72' lang='grc' dir='ltr'>καὶ</span> <span class='ocrx_word' id='word_1_877' title='bbox 2832 4905 2893 4958; x_wconf 84' lang='grc' dir='ltr'><strong>τὸ</strong></span> <span class='ocrx_word' id='word_1_878' title='bbox 2923 4905 2992 4960; x_wconf 80' lang='grc' dir='ltr'><strong>ἐν</strong></span> <span class='ocrx_word' id='word_1_879' title='bbox 3021 4905 3122 4959; x_wconf 78' lang='grc' dir='ltr'>σοὶ</span> <span class='ocrx_word' id='word_1_880' title='bbox 3172 4902 3356 4970; x_wconf 87' lang='grc' dir='ltr'>πάλιν,</span> <span class='ocrx_word' id='word_1_881' title='bbox 3387 4899 3508 4955; x_wconf 74' lang='grc' dir='ltr'>ἀντὶ</span> <span class='ocrx_word' id='word_1_882' title='bbox 3555 4896 3650 4951; x_wconf 88' lang='grc' dir='ltr'><strong>τοῦ</strong></span> <span class='ocrx_word' id='word_1_883' title='bbox 3695 4895 3802 4952; x_wconf 79' lang='grc' dir='ltr'>διὰ</span> 
     </span>
    </p>
   </div>
   <div class='ocr_carea' id='block_1_111' title="bbox 2210 4990 3807 5070">
    <p class='ocr_par' dir='ltr' id='par_1_111' title="bbox 2210 4990 3807 5070">
     <span class='ocr_line' id='line_1_111' title="bbox 2210 4990 3807 5070; baseline -0.008 -17"><span class='ocrx_word' id='word_1_884' title='bbox 2210 4999 2348 5055; x_wconf 83' lang='grc' dir='ltr'>σοῦ.</span> <span class='ocrx_word' id='word_1_885' title='bbox 2388 5000 2453 5053; x_wconf 90' lang='grc' dir='ltr'>Τί</span> <span class='ocrx_word' id='word_1_886' title='bbox 2494 4999 2551 5052; x_wconf 79' lang='grc' dir='ltr'>δὲ</span> <span class='ocrx_word' id='word_1_887' title='bbox 2586 4999 2681 5055; x_wconf 80' lang='grc' dir='ltr'>καὶ</span> <span class='ocrx_word' id='word_1_888' title='bbox 2724 5001 2752 5053; x_wconf 86' lang='grc' dir='ltr'>ὁ</span> <span class='ocrx_word' id='word_1_889' title='bbox 2794 4998 3060 5070; x_wconf 86' lang='grc' dir='ltr'>μακάριος</span> <span class='ocrx_word' id='word_1_890' title='bbox 3101 4995 3313 5059; x_wconf 82' lang='grc' dir='ltr'>Παῦλος</span> <span class='ocrx_word' id='word_1_891' title='bbox 3347 4990 3654 5065; x_wconf 78' lang='grc' dir='ltr'>Κορινθίοις</span> <span class='ocrx_word' id='word_1_892' title='bbox 3680 4991 3807 5042; x_wconf 77' lang='grc' dir='ltr'>ἐπι-</span> 
     </span>
    </p>
   </div>
   <div class='ocr_carea' id='block_1_112' title="bbox 2215 5083 3806 5162">
    <p class='ocr_par' dir='ltr' id='par_1_112' title="bbox 2215 5083 3806 5162">
     <span class='ocr_line' id='line_1_112' title="bbox 2215 5083 3806 5162; baseline -0.006 -19"><span class='ocrx_word' id='word_1_893' title='bbox 2215 5090 2447 5144; x_wconf 84' lang='grc' dir='ltr'>στέλλων</span> <span class='ocrx_word' id='word_1_894' title='bbox 2478 5090 2664 5157; x_wconf 81' lang='grc' dir='ltr'>ἔλεγεν</span> <span class='ocrx_word' id='word_1_895' title='bbox 2688 5108 2702 5156; x_wconf 89' lang='grc'><strong>;</strong></span> <span class='ocrx_word' id='word_1_896' title='bbox 2734 5108 2752 5140; x_wconf 83' lang='grc' dir='ltr'><strong>ι</strong></span> <span class='ocrx_word' id='word_1_897' title='bbox 2788 5089 3110 5162; x_wconf 84' lang='grc' dir='ltr'>Εὑχαριστῶ</span> <span class='ocrx_word' id='word_1_898' title='bbox 3132 5089 3210 5159; x_wconf 86' lang='grc' dir='ltr'><strong>τῷ</strong></span> <span class='ocrx_word' id='word_1_899' title='bbox 3238 5086 3357 5158; x_wconf 89' lang='grc' dir='ltr'><strong>Θεῷ</strong></span> <span class='ocrx_word' id='word_1_900' title='bbox 3386 5102 3487 5157; x_wconf 90' lang='grc' dir='ltr'><strong>μου</strong></span> <span class='ocrx_word' id='word_1_901' title='bbox 3511 5083 3639 5152; x_wconf 78' lang='grc' dir='ltr'>περὶ</span> <span class='ocrx_word' id='word_1_902' title='bbox 3662 5083 3806 5136; x_wconf 79' lang='grc' dir='ltr'>πάν-</span> 
     </span>
    </p>
   </div>
   <div class='ocr_carea' id='block_1_113' title="bbox 2209 5173 3804 5254">
    <p class='ocr_par' dir='ltr' id='par_1_113' title="bbox 2209 5173 3804 5254">
     <span class='ocr_line' id='line_1_113' title="bbox 2209 5173 3804 5254; baseline -0.007 -17"><span class='ocrx_word' id='word_1_903' title='bbox 2209 5201 2317 5237; x_wconf 87' lang='grc' dir='ltr'><strong>των</strong></span> <span class='ocrx_word' id='word_1_904' title='bbox 2348 5182 2502 5254; x_wconf 86' lang='grc' dir='ltr'>ὑμῶν</span> <span class='ocrx_word' id='word_1_905' title='bbox 2555 5183 2646 5235; x_wconf 79' lang='grc' dir='ltr'><strong>ἐπὶ</strong></span> <span class='ocrx_word' id='word_1_906' title='bbox 2696 5185 2762 5253; x_wconf 85' lang='grc' dir='ltr'>τῇ</span> <span class='ocrx_word' id='word_1_907' title='bbox 2815 5182 3032 5254; x_wconf 79' lang='grc' dir='ltr'>δοθείσῃ</span> <span class='ocrx_word' id='word_1_908' title='bbox 3076 5182 3205 5252; x_wconf 87' lang='grc' dir='ltr'>ὑμῖν</span> <span class='ocrx_word' id='word_1_909' title='bbox 3251 5181 3310 5234; x_wconf 83' lang='grc' dir='ltr'><strong>ἐν</strong></span> <span class='ocrx_word' id='word_1_910' title='bbox 3355 5176 3578 5250; x_wconf 80' lang='grc' dir='ltr'>Χριστῷ</span> <span class='ocrx_word' id='word_1_911' title='bbox 3621 5173 3804 5246; x_wconf 80' lang='grc' dir='ltr'>Ἰησοῦ</span> 
     </span>
    </p>
   </div>
   <div class='ocr_carea' id='block_1_114' title="bbox 2209 5266 3802 5346">
    <p class='ocr_par' dir='ltr' id='par_1_114' title="bbox 2209 5266 3802 5346">
     <span class='ocr_line' id='line_1_114' title="bbox 2209 5266 3802 5346; baseline -0.008 -18"><span class='ocrx_word' id='word_1_912' title='bbox 2209 5277 2413 5346; x_wconf 88' lang='grc' dir='ltr'>χάριτι.</span> <span class='ocrx_word' id='word_1_913' title='bbox 2451 5293 2470 5325; x_wconf 75' lang='grc' dir='ltr'><strong>ι</strong></span> <span class='ocrx_word' id='word_1_914' title='bbox 2504 5275 2614 5326; x_wconf 81' lang='grc' dir='ltr'><strong>Καὶ</strong></span> <span class='ocrx_word' id='word_1_915' title='bbox 2653 5274 2850 5327; x_wconf 83' lang='grc' dir='ltr'>πάλιν·</span> <span class='ocrx_word' id='word_1_916' title='bbox 2889 5294 2907 5326; x_wconf 80' lang='grc' dir='ltr'><strong>ι</strong></span> <span class='ocrx_word' id='word_1_917' title='bbox 2958 5273 3048 5341; x_wconf 83' lang='grc' dir='ltr'><strong>Ἐξ</strong></span> <span class='ocrx_word' id='word_1_918' title='bbox 3079 5272 3243 5327; x_wconf 90' lang='grc' dir='ltr'>αὑτοῦ</span> <span class='ocrx_word' id='word_1_919' title='bbox 3283 5271 3341 5326; x_wconf 78' lang='grc' dir='ltr'><strong>δὲ</strong></span> <span class='ocrx_word' id='word_1_920' title='bbox 3391 5271 3546 5340; x_wconf 83' lang='grc' dir='ltr'>ὑμεῖς</span> <span class='ocrx_word' id='word_1_921' title='bbox 3586 5267 3713 5318; x_wconf 79' lang='grc' dir='ltr'>ἐστε</span> <span class='ocrx_word' id='word_1_922' title='bbox 3739 5266 3802 5318; x_wconf 77' lang='grc' dir='ltr'><strong>ὲν</strong></span> 
     </span>
    </p>
   </div>
   <div class='ocr_carea' id='block_1_115' title="bbox 2207 5355 3797 5438">
    <p class='ocr_par' dir='ltr' id='par_1_115' title="bbox 2207 5355 3797 5438">
     <span class='ocr_line' id='line_1_115' title="bbox 2207 5355 3797 5438; baseline 0 -18"><span class='ocrx_word' id='word_1_923' title='bbox 2207 5365 2430 5437; x_wconf 82' lang='grc' dir='ltr'>Χριστῷ</span> <span class='ocrx_word' id='word_1_924' title='bbox 2471 5365 2666 5436; x_wconf 87' lang='grc' dir='ltr'>Ἰησοῦ,</span> <span class='ocrx_word' id='word_1_925' title='bbox 2714 5366 2771 5431; x_wconf 85' lang='grc' dir='ltr'>ὃς</span> <span class='ocrx_word' id='word_1_926' title='bbox 2817 5365 3046 5438; x_wconf 76' lang='grc' dir='ltr'>ἐγενήθη</span> <span class='ocrx_word' id='word_1_927' title='bbox 3095 5366 3226 5437; x_wconf 73' lang='grc' dir='ltr'>ἡμῖν</span> <span class='ocrx_word' id='word_1_928' title='bbox 3268 5362 3427 5433; x_wconf 79' lang='grc' dir='ltr'>σοφία</span> <span class='ocrx_word' id='word_1_929' title='bbox 3480 5358 3588 5413; x_wconf 84' lang='grc' dir='ltr'><strong>ἀπὸ</strong></span> <span class='ocrx_word' id='word_1_930' title='bbox 3632 5355 3797 5420; x_wconf 67' lang='grc' dir='ltr'>Θεοῦ.</span> 
     </span>
    </p>
   </div>
   <div class='ocr_carea' id='block_1_116' title="bbox 2207 5444 3799 5531">
    <p class='ocr_par' dir='ltr' id='par_1_116' title="bbox 2207 5444 3799 5531">
     <span class='ocr_line' id='line_1_116' title="bbox 2207 5444 3799 5531; baseline -0.007 -19"><span class='ocrx_word' id='word_1_931' title='bbox 2207 5457 2521 5530; x_wconf 87' lang='grc' dir='ltr'>δικαιοσύνη</span> <span class='ocrx_word' id='word_1_932' title='bbox 2552 5476 2614 5511; x_wconf 85' lang='grc' dir='ltr'><strong>τε</strong></span> <span class='ocrx_word' id='word_1_933' title='bbox 2642 5460 2737 5514; x_wconf 73' lang='grc' dir='ltr'>καὶ</span> <span class='ocrx_word' id='word_1_934' title='bbox 2761 5458 3051 5531; x_wconf 77' lang='grc' dir='ltr'>ἁγιασμὸς,</span> <span class='ocrx_word' id='word_1_935' title='bbox 3077 5459 3171 5512; x_wconf 79' lang='grc' dir='ltr'><strong>καὶ</strong></span> <span class='ocrx_word' id='word_1_936' title='bbox 3199 5454 3572 5526; x_wconf 84' lang='grc' dir='ltr'>ἀπολύτρωσις</span> <span class='ocrx_word' id='word_1_937' title='bbox 3618 5444 3799 5521; x_wconf 59' lang='grc' dir='ltr'>»τΑρα</span> 
     </span>
    </p>
   </div>
   <div class='ocr_carea' id='block_1_117' title="bbox 2211 5542 3799 5622">
    <p class='ocr_par' dir='ltr' id='par_1_117' title="bbox 2211 5542 3799 5622">
     <span class='ocr_line' id='line_1_117' title="bbox 2211 5542 3799 5622; baseline -0.004 -19"><span class='ocrx_word' id='word_1_938' title='bbox 2211 5550 2341 5622; x_wconf 86' lang='grc' dir='ltr'>γὰρ,</span> <span class='ocrx_word' id='word_1_939' title='bbox 2370 5551 2485 5621; x_wconf 80' lang='grc' dir='ltr'>ἐρεῖ</span> <span class='ocrx_word' id='word_1_940' title='bbox 2512 5568 2595 5614; x_wconf 88' lang='grc' dir='ltr'><strong>τις</strong></span> <span class='ocrx_word' id='word_1_941' title='bbox 2624 5552 2910 5622; x_wconf 86' lang='grc' dir='ltr'>νουνεχῶς,</span> <span class='ocrx_word' id='word_1_942' title='bbox 2937 5552 3018 5605; x_wconf 79' lang='grc' dir='ltr'>ὅτι</span> <span class='ocrx_word' id='word_1_943' title='bbox 3046 5551 3145 5622; x_wconf 78' lang='grc' dir='ltr'>τὴν</span> <span class='ocrx_word' id='word_1_944' title='bbox 3179 5546 3612 5620; x_wconf 63' lang='grc' dir='ltr'>ἀπνεμηθεῖσάν</span> <span class='ocrx_word' id='word_1_945' title='bbox 3649 5542 3799 5598; x_wconf 76' lang='grc' dir='ltr'><strong>ἄνω·</strong></span> 
     </span>
    </p>
   </div>
   <div class='ocr_carea' id='block_1_118' title="bbox 596 5700 2105 5796">
    <p class='ocr_par' dir='ltr' id='par_1_118' title="bbox 596 5700 2081 5796">
     <span class='ocr_line' id='line_1_118' title="bbox 596 5700 2081 5796; baseline 0.014 -36"><span class='ocrx_word' id='word_1_946' title='bbox 596 5701 642 5737; x_wconf 79' lang='lat'><strong><em>”</em></strong></span> <span class='ocrx_word' id='word_1_947' title='bbox 672 5700 815 5764; x_wconf 82' lang='lat' dir='ltr'><strong>l’sal.</strong></span> <span class='ocrx_word' id='word_1_948' title='bbox 845 5711 1069 5777; x_wconf 65' lang='lat'><strong>1.13,”.</strong></span> <span class='ocrx_word' id='word_1_949' title='bbox 1149 5715 1194 5745; x_wconf 73' lang='grc'><strong>⁸⁸³</strong></span> <span class='ocrx_word' id='word_1_950' title='bbox 1225 5712 1373 5771; x_wconf 88' lang='lat' dir='ltr'><strong>Psal.</strong></span> <span class='ocrx_word' id='word_1_951' title='bbox 1415 5735 1549 5776; x_wconf 74' lang='lat' dir='ltr'><strong>xun</strong></span> <span class='ocrx_word' id='word_1_952' title='bbox 1573 5763 1587 5791; x_wconf 91' lang='lat'><strong>,</strong></span> <span class='ocrx_word' id='word_1_953' title='bbox 1617 5723 1669 5777; x_wconf 86' lang='lat'><strong>6.</strong></span> <span class='ocrx_word' id='word_1_954' title='bbox 1754 5728 1793 5757; x_wconf 83' lang='grc'>²¹</span> <span class='ocrx_word' id='word_1_955' title='bbox 1829 5724 1846 5778; x_wconf 94' lang='lat' dir='ltr'><strong>l</strong></span> <span class='ocrx_word' id='word_1_956' title='bbox 1889 5726 2017 5781; x_wconf 81' lang='lat' dir='ltr'><strong>Cor.</strong></span> <span class='ocrx_word' id='word_1_957' title='bbox 2045 5745 2081 5796; x_wconf 89' lang='grc' dir='ltr'><strong>ι,</strong></span> 
     </span>
    </p>
   </div>
   <div class='ocr_carea' id='block_1_119' title="bbox 2210 5700 2580 5796">
    <p class='ocr_par' dir='ltr' id='par_1_119' title="bbox 2245 5729 2580 5784">
     <span class='ocr_line' id='line_1_119' title="bbox 2245 5729 2580 5784; baseline 0 0"><span class='ocrx_word' id='word_1_958' title='bbox 2245 5732 2287 5761; x_wconf 80' lang='grc'><strong>²²</strong></span> <span class='ocrx_word' id='word_1_959' title='bbox 2326 5729 2463 5784; x_wconf 82' lang='lat' dir='ltr'><strong>ibid.</strong></span> <span class='ocrx_word' id='word_1_960' title='bbox 2493 5731 2580 5784; x_wconf 69' lang='grc' dir='ltr'><strong>δυ.</strong></span> 
     </span>
    </p>
   </div>
  </div>
