4042 6204
317 330 429 388 233

1400 332 1469 386 IN
1506 330 1793 388 JOANNIS
1834 331 2281 391 EV’ANGELIUM
2323 334 2451 388 LIB.
2498 332 2588 388 IX.

3478 336 3586 393 254

318 449 413 501 θεν
442 447 555 510 τοῖς
593 444 898 515 Κορινθίοις
923 443 1082 518 χάριν
1120 447 1177 499 ὲν
1210 445 1345 517 αὐτῇ
1370 449 1435 517 τῇ
1460 447 1618 519 οὐσίᾳ
1650 448 1743 502 τοῦ
1775 450 1899 520 Χρι-

2008 464 2099 517 per
2129 448 2314 513 Deum,
2352 447 2483 517 quid
2525 446 2729 503 frustra
2767 446 3013 516 nugaris,
3051 455 3145 500 aut
3194 461 3294 501 cur
3327 447 3589 519 blasphe-

320 537 447 592 στοῦ
490 536 734 591 δεδόσθαι
784 537 949 607 φησὶν
988 540 1017 590 6
1063 538 1525 610 πνευματοφ6ρος,
1571 541 1739 610 ἠγουν
1776 539 1905 592 ἀκο-

318 631 523 693 λούθως
571 628 745 696 τούτῳ
790 628 851 680 τὸ
896 627 1084 700 ἕτερον
1117 628 1449 700 ὲκλήψεται;
1496 629 1606 682 Καὶ
1648 629 1764 693 πῶς
1805 631 1905 683 οὐκ

322 726 386 778 ἂν
414 723 585 794 ὁρῷτο
626 721 809 792 ληρῶν
835 738 849 784 ;
880 720 945 772 Τί
980 720 1153 773 τοίνυν
1188 722 1282 773 καὶ
1312 721 1445 774 αὐτὸ
1488 721 1549 774 τὸ
1592 721 1701 774 τῶν
1745 722 1907 792 ἱερῶν

324 813 665 884 Γραμμάτων
705 809 1001 881 παραλύων
1034 809 1173 875 ἔθος,
1219 811 1311 864 καὶ
1358 811 1456 881 τὴν
1502 810 1594 864 τοῦ
1633 811 1905 880 μακαρίου

323 904 532 957 Παύλου
592 902 788 974 βουλὴν
845 903 1293 973 συκοφαντήσας,
1341 902 1608 974 ὑπάρχειν
1650 904 1800 973 ἡμᾶς
1848 904 1906 955 ἐν

319 996 457 1068 Θεῷ,
492 996 638 1049 τοῦτ’
681 996 828 1049 ἔστιν
884 997 942 1047 ὲν
974 998 1040 1066 τῇ
1095 995 1252 1066 οὐσία
1298 995 1391 1049 τοῦ
1436 997 1668 1067 Πατρὸς,
1704 997 1903 1065 λέγεις,

315 1091 444 1142 ὅταν
469 1088 710 1159 ἀκούσῃς
748 1090 859 1150 τοῖς
896 1089 953 1140 ὲν
997 1087 1251 1161 Ἀθήνῃσι
1282 1088 1605 1152 διειπόντος·
1642 1107 1659 1139 ι
1700 1090 1819 1142 Ὅτι
1848 1091 1907 1143 ἐν

316 1179 466 1249 αὐτῷ
498 1178 700 1248 ζῶμεν,
753 1178 847 1230 καὶ
890 1177 1224 1247 κινούμεθα,
1277 1178 1372 1231 καὶ
1424 1179 1627 1248 ὲσμέν;
1685 1197 1703 1230 ι
1747 1178 1907 1232 nam

284 1252 426 1332 ¹ναὶ,
472 1268 639 1338 φησὶν
681 1268 709 1319 6
751 1267 859 1319 τῶν
907 1267 1167 1339 ὀλεθρίων
1215 1268 1501 1339 δογμάτων
1530 1267 1903 1339 προεστηκὼς,

313 1361 435 1413 ἐπεί
466 1378 548 1413 σοι
587 1360 735 1414 δοκεῖ
774 1361 867 1412 καὶ
900 1360 1077 1431 ὀρθῶς
1111 1359 1255 1431 ἔχειν
1300 1360 1637 1429 φαίνεταιτὸ
1679 1360 1750 1413 ἐν
1785 1359 1908 1425 Θεῷ

311 1450 489 1517 εἶναι,
536 1437 632 1506 καὶ
679 1447 915 1506 νοεῖσθαι
957 1454 1055 1507 διὰ
1102 1454 1273 1518 Θεοῦ,
1305 1453 1358 1506 τί
1389 1454 1565 1524 μάτην
1603 1452 1908 1522 καταφλυα-

316 1546 472 1613 ρεῖςς
526 1542 580 1595 τί
629 1542 685 1596 δὲ
731 1544 842 1605 τοῖς
881 1542 1192 1614 δυσφημίας
1241 1544 1581 1614 ἐγκλήμασιν
1621 1543 1902 1613 ὑποτίθης,

313 1637 440 1687 ὅταν
469 1634 801 1705 πεποιῆσθαι
841 1636 931 1690 διὰ
976 1635 1069 1689 τοῦ
1119 1635 1332 1707 Πατρδς
1376 1633 1771 1705 διατεινώμεθα
1813 1635 1906 1689 τὸν

316 1728 483 1791 Υἱὸνς
524 1729 652 1781 Ἰδοὺ
700 1728 808 1800 γάρ
852 1729 1012 1792 αὑτός
1065 1745 1267 1798 φησιν·
1318 1747 1335 1779 ι
1383 1727 1507 1781 Ὅτι
1557 1726 1667 1796 ἐγὼ
1705 1727 1778 1781 ἐν
1824 1724 1906 1792 τῷ

314 1823 518 1890 Harp},
556 1842 574 1873 ›
609 1824 730 1877 ἀντὶ
752 1822 848 1875 τοῦ
873 1823 969 1877 διὰ
995 1824 1102 1878 τοῦ
1133 1822 1384 1891 Πατρός,
1417 1823 1558 1877 κατά
1578 1840 1642 1891 γε
1667 1822 1759 1876 τὸν
1787 1820 1900 1886 σὺν,

311 1907 358 1967 ὦ
385 1910 559 1978 οὗτος,
602 1914 760 1982 λόγον
804 1916 898 1969 καὶ
937 1916 1035 1986 τὴν
1077 1914 1278 1985 ἀρτίως
1321 1916 1453 1985 ἡμῖν
1498 1916 1561 1968 ἐκ
1602 1914 1710 1967 τῶν
1742 1913 1903 1986 ἱερῶν

313 2005 662 2075 Γραμμάτων
692 2006 1114 2077 παρενεχθεῖσαν
1141 2007 1447 2078 συνήθειαν.
1500 2004 1642 2075 Ἐγὼ
1682 2005 1739 2059 δὲ
1769 2006 1904 2075 πρὸς

313 2095 474 2147 τοῦτό
540 2112 683 2166 φημι
734 2095 846 2149 δεῖν
910 2096 1360 2168 ἀπολογήσασθαι
1409 2095 1610 2158 πάλιν,
1655 2095 1750 2148 καὶ
1805 2095 1903 2158 τὰς

314 2185 538 2238 ἐκείνων
589 2186 928 2258 κακουργίας
972 2186 1371 2258 ἀπογυμνῶσαι
1404 2187 1499 2240 καὶ
1534 2185 1729 2256 βλάϐη.
1761 2182 1903 2238 Θαυ-

317 2274 476 2344 pago
520 2275 629 2347 γὰρ
679 2276 830 2340 ὅπως
863 2275 1118 2347 ἀσμένως
1170 2276 1510 2339 ἀκούσαντες
1540 2277 1621 2330 ὅτι
1653 2276 1723 2329 ἐν
1754 2276 1898 2342 Θεῷ,

314 2367 410 2421 διὰ
445 2368 591 2423 Θεοῦ
626 2367 809 2437 λέγειν
844 2368 965 2432 ἔθος
996 2371 1060 2440 τῇ
1095 2369 1217 2440 θείᾳ
1255 2371 1473 2442 Γραφῇ,
1501 2370 1594 2422 καὶ
1622 2368 1712 2422 διὰ
1738 2370 1897 2439 μόνον

312 2460 374 2513 τὸ
400 2461 662 2515 δύνασθαι
693 2463 977 2515 κατειπεῖν
1011 2480 1063 2514 τι
1086 2462 1183 2532 τῆς
1216 2461 1376 2533 δόξης
1406 2461 1510 2519 τοῦ,
1534 2459 1894 2529 Μονογενοῦς,

315 2554 734 2618 συναινέσαντές
765 2572 822 2607 τε
854 2554 950 2608 καὶ
981 2554 1079 2624 τὴν
1126 2553 1271 2620 λέξιν
1307 2552 1767 2626 παραδεξάμενοι,
1799 2554 1898 2624 λη-

319 2644 549 2714 ροῦντες
587 2647 664 2699 ὅτι
716 2645 882 2700 πάλιν
935 2646 1088 2699 οὐδὲν
1125 2641 1290 2718 ἦττον
1339 2644 1639 2699 ἁλώσονται
1677 2644 1901 2714 διεγνώ-

313 2754 480 2789 κασιν
513 2738 778 2808 οὐδαμῶς,
812 2739 988 2793 καίτοι
1018 2740 1320 2809 φάσκοντες
1348 2734 1488 2794 εἶναι
1526 2740 1681 2810 σοφοί
1706 2759 1764 2794 τε
1804 2741 1901 2797 καὶ

312 2827 550 2899 δριμεῖς.
578 2826 643 2882 Εἰ
677 2830 775 2899 μὲν
804 2830 1126 2901 γὰρ’μὸνοις
1154 2832 1366 2900 ἐφεῖται
1396 2832 1509 2894 τοῖς
1544 2830 1611 2884 δι’
1650 2830 1900 2894 ἐναντίας

314 2919 377 2973 τὸ
423 2921 522 2990 τῆς
554 2920 915 2976 θεοπνεύστου
956 2922 1183 2995 Γραφῆς
1224 2924 1311 2976 ἀεὶ
1356 2920 1617 2993 τειχίζειν
1658 2922 1779 2986 ἔθος
1831 2924 1895 2994 τῇ

316 3014 476 3086 οὐσίᾳ
506 3013 602 3068 τοῦ
651 3016 1020 3085 Μονογενοῦς,
1070 3016 1165 3070 καὶ
1220 3016 1309 3071 διὰ
1355 3016 1514 3070 τοῦτο
1566 3015 1897 3086 πεποιῆσθαι

2011 541 2132 595 mia:
2194 556 2293 595 uos
2348 553 2598 605 accusas,
2641 553 2766 592 eum
2816 536 3019 591 factum
3075 552 3201 592 csse
3227 553 3323 606 per
3368 538 3585 595 Patrem

2010 630 2208 685 Filium
2242 629 2670 685 contendimus?
2720 626 2862 683 Ecce
2916 628 3062 681 enim
3115 628 3233 696 ipse
3266 628 3395 683 ait:
3449 628 3588 695 Quia

2008 738 2107 794 ego
2165 725 2218 776 in
2266 722 2449 789 Patre,
2506 722 2559 777 id
2607 729 2692 777 est
2742 735 2833 788 per
2890 719 3151 783 Patrem,
3210 720 3372 789 juxta
3441 730 3587 778 luam

2010 815 2367 869 sentcntiaur'
2414 822 2468 869 et
2533 813 2698 868 modo
2785 813 2945 868 nobis
3019 813 3243 868 allatam
3304 830 3588 871 sacrarum

2010 904 2423 973 Scripturarum
2493 904 2966 960 consuetudinem.
3024 904 3138 975 Ego
3210 921 3339 960 vero
3407 907 3591 961 denuo

2012 996 2097 1051 his
2143 996 2588 1067 respondendum
2642 998 2902 1063 arbitror,
2950 1012 3252 1068 eorumque
3279 999 3441 1069 795
3477 1018 3563 1054 ma

2009 1088 2182 1145 litiam
2217 1090 2592 1159 retegendam.
2637 1088 2802 1145 Miror
2845 1089 2990 1144 enim
3021 1089 3320 1159 quomodo,
3359 1099 3568 1145 tamets

2010 1181 2288 1235 audierint
2318 1180 2519 1235 divinae
2546 1179 2848 1250 Scriptura:
2898 1195 3104 1235 morem
3147 1195 3269 1249 esse
3304 1190 3363 1235 ut
3393 1181 3446 1234 in
3485 1174 3588 1233 De};

2009 1270 2161 1326 dicat
2195 1287 2294 1342 pro
2333 1286 2399 1326 eo
2425 1273 2574 1342 quod
2604 1281 2690 1327 est
2721 1288 2815 1341 per
2847 1272 3036 1335 Deum,
3070 1280 3235 1342 atque
3273 1271 3341 1326 ad
3386 1273 3590 1341 Unige-

2008 1363 2112 1418 niti
2142 1364 2372 1434 gloriam
2395 1364 2786 1419 tantummodo
2820 1361 3188 1420 cavillauda'm‘
3221 1366 3586 1428 assenserint,

2007 1468 2072 1509 ac
2108 1454 2407 1510 dictionem
2442 1455 2591 1509 illam
2622 1455 2984 1526 arripuerint,
3020 1471 3131 1511 non
3162 1464 3346 1512 tamen
3395 1473 3455 1514 se
3489 1472 3585 1511 va-

2008 1561 2112 1602 nos
2159 1553 2214 1602 et
2278 1546 2471 1604 inanes
2521 1562 2647 1602 esse
2695 1547 3173 1614 animadvertant,
3234 1550 3589 1619 quantumvis

2008 1636 2285 1706 sapientes
2318 1650 2379 1691 se
2411 1645 2464 1691 et
2505 1643 2703 1691 acutos
2734 1636 3036 1693 venditem.
3069 1635 3204 1692 Nam
3243 1639 3289 1693 si
3324 1638 3460 1693 solis
3491 1640 3589 1692 ad-

2008 1728 2273 1785 versariis
2311 1728 2650 1798 permittitur
2685 1742 2862 1784 sacra:
2895 1727 3197 1798 Scriptura:
3235 1731 3593 1785 consuetudi-

2007 1835 2132 1875 nem
2189 1819 2404 1875 ﬁrmare
2459 1834 2680 1890 semper
2722 1819 3002 1890 Unigeuiti
3046 1821 3381 1885 substantia,
3418 1828 3588 1890 atque

2004 1912 2215 1967 idcirco
2261 1926 2385 1966 eum
2435 1926 2466 1964 a
2515 1909 2679 1965 Patre
2729 1910 2932 1966 factum
2963 1928 3087 1967 esse
3117 1912 3326 1976 dicere,
3363 1913 3492 1983 quia
3530 1914 3584 1967 in

2008 2002 2117 2056 Deo
2161 2016 2221 2056 se
2268 2000 2492 2069 quidem
2527 2015 2653 2056 esse
2685 2001 2841 2066 dicit,
2880 2003 2933 2055 in
2970 2002 3077 2057 Deo
3105 2018 3237 2058 vero
3269 2003 3587 2074 signiﬁcare

2001 2107 2094 2161 per
2125 2091 2297 2146 Deum
2327 2091 2735 2157 concessimus,
2773 2094 2989 2148 ratione
3027 2095 3211 2165 aliqua
3251 2094 3353 2149 niti
3392 2110 3585 2150 eorum

2003 2185 2184 2240 scelus
2231 2182 2376 2239 forte
2409 2184 2709 2239 videretur.
2767 2182 2862 2239 Sin
2903 2193 3088 2241 autem
3140 2185 3278 2241 nihil
3334 2186 3587 2256 prohibet

2003 2276 2163 2331 etiam
2212 2290 2313 2330 nos
2347 2275 2549 2345 quibus
2592 2276 2940 2346 propositum
2994 2285 3079 2333 est
3129 2278 3466 2334 deductione
3515 2278 3585 2332 ad

2004 2367 2267 2436 majorem
2301 2367 2695 2435 absurditatem
2724 2370 2917 2439 putida
2942 2385 3133 2425 eorum
3163 2370 3421 2441 dogmata
3449 2386 3584 2426 con-

2003 2457 2223 2522 vellere,
2259 2459 2324 2513 ad
2355 2460 2537 2528 ipsum
2571 2473 2792 2530 quoque
2823 2459 3035 2515 Patrem
3065 2461 3172 2515 vim
3205 2472 3258 2517 et
3308 2463 3583 2519 rationem

2000 2552 2121 2622 ejus
2156 2552 2301 2622 quod
2332 2552 2679 2623 significatur
2700 2563 3041 2621 convertere,
3072 2555 3333 2626 clareque
3362 2557 3577 2621 dicere,

2001 2643 2170 2716 quod,
2204 2658 2330 2698 cum
2360 2644 2458 2711 ait,
2498 2663 2517 2696 ι
2556 2644 2720 2701 Pater
2748 2645 2802 2700 in
2836 2661 2921 2701 me
2954 2658 3060 2712 est,
3105 2665 3123 2697 ι
3166 2647 3584 2719 intelligendum

2000 2737 2073 2793 sit
2107 2736 2264 2805 quasi
2293 2733 2441 2789 dicat
2466 2751 2558 2804 per
2588 2751 2690 2797 me,
2725 2744 2783 2789 ut
2815 2743 2870 2790 et
2911 2736 3035 2806 ipse
3063 2737 3285 2792 demum
3321 2737 3480 2794 Pater
3509 2739 3583 2795 sit

1998 2838 2240 2891 creatus,
2267 2827 2545 2897 quomodo
2568 2827 2756 2882 stultis
2786 2827 3080 2882 admodum
3112 2828 3425 2885 rationibus
3457 2845 3580 2886 cou-

2002 2921 2104 2986 ﬁsi,
2140 2935 2250 2974 non
2282 2935 2511 2974 summa:
2550 2919 2963 2974 damnabuntur
2997 2919 3274 2976 insaniaa?
3304 2921 3583 2988 Quemad-

1998 3013 2221 3069 modum
2257 3011 2432 3067 Filius
2464 3012 2712 3082 seipsum
2750 3013 2803 3066 in
2839 3011 3005 3067 Patre
3049 3028 3174 3069 esse
3226 3014 3381 3081 dicit,
3421 3015 3503 3069 sic
3529 3025 3584 3069 et

316 3106 497 3174 λέγειν
531 3107 691 3161 αὑτὸν
725 3108 877 3178 παρά
921 3108 1015 3161 τοῦ
1057 3109 1307 3179 Πατρδς,
1351 3110 1583 3180 ἐπείπερ
1616 3104 1755 3162 εἶναι
1795 3107 1893 3178 μὲν

2005 3104 2216 3159 Patrem
2251 3106 2304 3158 in
2334 3104 2515 3173 seipso
2543 3118 2666 3159 esse
2695 3104 2836 3159 dixit
2867 3122 2880 3159 :
2917 3104 3067 3175 quod
3101 3104 3146 3160 si
3181 3105 3342 3171 illud,
3383 3107 3436 3159 in
3470 3104 3584 3159 Pa-

316 3201 376 3251 ὲν
406 3197 760 3269 Θεῷφησιν,
796 3201 856 3253 τὸ
903 3201 959 3254 δὲ
1004 3201 1074 3254 ἐν
1110 3198 1264 3266 Θεῷ,
1320 3197 1422 3253 διὰ
1469 3200 1619 3255 Θεοῦ
1660 3194 1896 3255 νοεῖσθαι

313 3289 653 3360 δεδώκαμεν,
688 3289 868 3356 ἔδοξεν
897 3290 984 3357 ἂν,
1021 3290 1164 3343 κατά
1193 3308 1255 3359 γε
1279 3291 1340 3344 τὸ
1371 3290 1541 3357 εἰκὸς,
1570 3290 1728 3361 λόγον
1755 3292 1899 3362 ἔχειν

313 3381 501 3444 αὐτοῖς
531 3380 652 3450 οὐχὶ
700 3380 820 3433 λίαν
870 3380 1056 3452 ἀμαθῆ
1104 3381 1165 3433 τὸ
1212 3382 1599 3454 κακούργημα.
1646 3384 1707 3436 Et
1750 3383 1900 3437 δὲτὸ

312 3471 535 3524 κωλύον
578 3469 731 3523 οὐδὲν
778 3471 872 3523 καὶ
921 3472 1071 3540 ἡμᾶς
1116 3471 1313 3534 αὐτοὺς
1356 3471 1445 3524 διὰ
1500 3473 1600 3542 τῆς
1653 3471 1899 3543 μείζονος

307 3560 546 3624 ἀτοπίας
574 3560 899 3630 ἀνατρέπειν
930 3560 1218 3625 ἐθέλοντας
1254 3561 1353 3634 τὴν
1400 3562 1507 3615 τῶν
1537 3563 1666 3634 παρ’
1714 3563 1900 3626 αὐτοῖς

310 3651 603 3721 δογμάτων
636 3646 944 3724 σαθρότητα
964 3693 979 3718 ,
1014 3654 1106 3707 καὶ
1148 3655 1237 3706 ἐπ’
1269 3654 1431 3707 αὐτὸν
1464 3654 1759 3725 ἀναφέρειν
1806 3655 1897 3708 τὸν

313 3744 539 3814 Πατέρα
572 3743 666 3796 τοῦ
699 3745 1100 3815 σημαινομένου
1154 3746 1252 3817 τὴν
1305 3745 1538 3817 δύναμιν
1560 3785 1575 3810 ,
1628 3747 1802 3800 είπεῖν
1836 3764 1895 3800 τε

315 3834 528 3904 σαφῶς,
557 3834 633 3897 ὼς
662 3835 893 3907 ἐπείπερ
918 3834 1197 3889 καὶτοῦτο
1233 3854 1400 3908 φησιν
1433 3838 1516 3891 ὅτι
1552 3857 1569 3889 ι
1617 3838 1672 3891 Ὁ
1705 3837 1896 3909 Πατὴρ

312 3927 377 3978 ἐν
409 3925 534 3996 ὲμοί
563 3926 711 3988 ἐστι,
754 3942 772 3974 ›
820 3925 1087 3995 προσήκει
1122 3928 1264 3979 νοεῖν
1293 3967 1307 3989 ,
1341 3928 1460 3979 ἀντὶ
1491 3927 1584 3980 τοῦ
1624 3927 1699 3982 δι’
1724 3926 1892 3998 ἐμοῦ,

315 4018 408 4072 ενα
436 4018 622 4071 λοιπὸν
653 4016 881 4087 γενητὸς
902 4015 1128 4087 γένηται
1162 4018 1256 4070 καὶ
1287 4017 1447 4081 αὐτὸς
1475 4018 1503 4070 6
1528 4019 1740 4088 Πατὴρ,
1776 4020 1894 4084 πῶς

313 4108 380 4160 οὐ
423 4109 543 4162 λίαν
594 4106 876 4170 ἀσυνέτοις
917 4106 1389 4180 ὲπιθαρσήσαντες
1440 4109 1754 4179 λογισμοῖς,
1796 4111 1894 4180 τὴν

315 4199 405 4249 ἐπ’
444 4197 665 4268 ἀκράτῳ
709 4195 889 4266 μωρίᾳ
925 4196 1105 4266 ψῆφον
1144 4196 1501 4265 cinctam/tat;
1541 4199 1752 4270 Ὥσπερ
1784 4199 1895 4271 γὰρ

314 4292 347 4341 6
379 4290 504 4352 Υίδς
529 4289 717 4342 ἑαυτὸν
752 4285 890 4342 εἷναί
925 4306 1092 4361 φησιν
1130 4291 1190 4341 ὲν
1228 4288 1308 4359 τῷ
1339 4290 1539 4361 Πατρὶ,
1578 4289 1752 4355 οὕτως
1788 4290 1890 4361 ἔφη

316 4377 412 4429 καὶ
443 4377 531 4428 τὸν
569 4377 789 4447 Πατέρα
822 4372 964 4431 εἶναι
1001 4380 1058 4430 ὲν
1092 4377 1273 4448 ἐαυτῷ
1294 4395 1308 4408 ·
1338 4379 1386 4430 εί
1415 4379 1471 4431 δὲ
1504 4378 1581 4448 τῷ
1627 4380 1756 4451 [γρ.
1792 4379 1889 4453 τὸ]

2005 3205 2102 3259 tre,
2142 3212 2235 3265 per
2297 3193 2517 3249 Patrem
2568 3192 2864 3263 signiﬁcat,
2920 3195 3048 3263 quid
3103 3196 3355 3265 prohibet
3402 3196 3586 3253 dicere

2001 3287 2155 3349 illud,
2193 3288 2249 3339 in
2283 3284 2459 3349 Filio;
2503 3301 2625 3341 cSSe
2681 3286 3101 3355 intelligendum
3152 3288 3311 3356 quasi
3360 3304 3451 3357 per
3486 3286 3585 3342 Fi-

2002 3379 2131 3431 lium
2172 3376 2487 3445 signiﬁcet?
2537 3375 2643 3430 Sed
2688 3376 2832 3429 absit
2868 3384 2925 3429 ut
2960 3377 3014 3430 in
3046 3384 3254 3430 tantam
3293 3392 3400 3431 una
3453 3394 3579 3432 cum

1998 3469 2066 3523 iis
2091 3467 2461 3538 ,prolabamur
2524 3466 2835 3522 insaniam!
2878 3466 2990 3522 Nec
3028 3466 3172 3522 enim
3227 3482 3326 3539 per
3360 3466 3579 3522 Patrem

2001 3561 2202 3617 factum
2237 3575 2363 3617 esse
2403 3559 2600 3615 Filium
2629 3560 2897 3624 dicemus,
2946 3574 3123 3630 neque
3172 3562 3307 3616 adeo
3347 3575 3444 3629 per
3489 3559 3581 3615 Fi-

2001 3653 2132 3707 lium
2164 3651 2374 3707 factum
2405 3668 2529 3708 esse
2558 3668 2681 3708 eum
2715 3667 2781 3707 ex
2806 3667 2917 3722 quo
2951 3652 3084 3708 Sunt
3119 3654 3327 3720 omnia,
3364 3653 3579 3709 Patrem

1999 3758 2063 3797 ac
2098 3742 2267 3798 Deum
2304 3762 2317 3797 :
2363 3743 2457 3799 sed
2491 3744 2763 3799 divinitus
2804 3745 3091 3814 inspirata:
3122 3742 3425 3814 Scriptura:
3460 3762 3582 3800 mo-

1998 3847 2111 3888 rem
2147 3832 2449 3903 unieuique
2511 3834 2785 3905 tempori,
2848 3847 3120 3902 personae,
3164 3848 3230 3887 ac
3270 3833 3350 3887 rei
3394 3834 3581 3902 potius

1998 3931 2271 3994 aptantes,
2311 3939 2509 3995 purum
2535 3933 2588 3979 et
2630 3924 2974 3993 inculpatum
3014 3923 3082 3979 de
3123 3923 3384 3979 omnibus
3416 3925 3583 3980 rebus

1996 4017 2330 4072 necessariis
2357 4031 2667 4070 sermonem
2705 4023 2972 4071 texemus.
3021 4013 3207 4071 Rebus
3252 4015 3397 4070 cnim
3422 4031 3454 4070 e
3490 4016 3581 4069 ui-

1998 4108 2109 4162 hilo
2130 4107 2412 4177 productis
2449 4123 2512 4162 ac
2557 4123 2654 4178 per
2691 4108 2863 4162 Deum
2915 4106 3100 4173 factis,
3133 4107 3410 4176 quomodo
3470 4123 3579 4161 nou

1998 4199 2235 4253 maxime
2266 4198 2560 4253 conveniet
2593 4197 2703 4251 dici
2732 4213 2761 4250 a
2783 4196 2946 4251 nobis
2977 4212 3041 4251 ac
3069 4197 3283 4251 censeri
3324 4211 3449 4251 esse
3484 4212 3580 4251 eas

1996 4291 2050 4343 in
2082 4290 2213 4353 Deo,
2245 4290 2297 4343 id
2324 4298 2410 4344 est
2436 4304 2527 4357 per
2557 4287 2723 4343 Deum
2750 4291 2774 4343 ἵ
2806 4291 2868 4341 In
2901 4288 3143 4342 naturali
3180 4303 3313 4342 vero
3354 4287 3577 4349 Filium,

1999 4378 2288 4434 Dominum
2314 4392 2378 4432 ac
2410 4378 2604 4442 Deum,
2637 4385 2690 4433 ct
2716 4378 3099 4433 universorum
3122 4376 3396 4448 opiﬁcem,
3442 4393 3579 4432 neu-

316 4469 388 4521 ἐν
410 4468 615 4535 Πατρί,
639 4468 738 4522 διὰ
771 4469 877 4522 τοῦ
902 4470 1134 4536 Πατρός
1162 4470 1402 4523 νοεῖσθαι
1439 4470 1710 4540 βούλεται,
1752 4473 1803 4526 τί
1830 4473 1892 4526 τὸ

2003 4472 2206 4542 liquam
2240 4472 2407 4536 istud,
2441 4473 2664 4541 opinor,
2699 4472 2920 4542 proprie
2940 4485 3006 4526 ac
3035 4486 3165 4526 vere
3193 4468 3575 4540 quadraverit,

318 4560 579 4629 ἀπεῖργον
611 4562 806 4621 εἰπεῖν,
840 4560 920 4613 ὅτι
954 4560 1048 4612 καὶ
1078 4561 1139 4613 τὸ
1166 4560 1236 4613 ἐν
1264 4559 1393 4626 Υιῷ,
1420 4561 1497 4616 δι’
1538 4562 1674 4616 Υἱοῦ
1694 4563 1892 4635 νοηθή-

319 4666 503 4714 σεται;
573 4649 715 4703 Ἀλλ’
756 4652 857 4704 οὐκ
909 4653 988 4715 είς
1033 4651 1190 4705 τοῦτο
1247 4651 1459 4723 μωρίας
1516 4656 1611 4708 συν
1657 4656 1894 4725 ,ἐκείνοις

317 4740 657 4793 κατολισθεῖν
704 4741 1006 4811 ἀνεξόμεθα
1063 4743 1256 4795 πάλιν
1323 4742 1444 4796 οὔτε
1501 4745 1608 4816 γὰρ
1660 4746 1749 4799 διὰ
1797 4747 1892 4801 τοῦ

314 4830 531 4899 Πατρὸς
561 4830 796 4902 ἐροῦμεν
832 4832 1158 4902 πεποιῆσθαι
1188 4833 1277 4886 τὸν
1322 4834 1445 4887 Υίὸν
1468 4875 1483 4900 ,
1527 4835 1651 4889 οὔτε
1688 4837 1794 4909 μὴν
1827 4840 1893 4893 δι’

314 4919 449 4973 Υἱοῦ
490 4924 746 4989 γενέσθαι
790 4924 881 4976 τὸν
933 4926 991 4989 ἐξ
1032 4920 1092 4978 οὗ
1138 4924 1207 4978 τά
1262 4927 1469 4991 πάντα,
1524 4927 1747 4999 Πατέρα
1799 4933 1895 4984 καὶ

2001 4564 2098 4620 sed
2156 4578 2280 4619 esse
2336 4565 2661 4621 naturaliter
2683 4565 2738 4619 in
2768 4563 2951 4629 Patre,
2985 4563 3039 4618 in
3080 4578 3257 4635 eoque
3283 4564 3576 4623 exsistere.

2000 4672 2237 4728 eumque
2297 4660 2367 4712 in.
2403 4660 2588 4729 seipso
2646 4659 2872 4724 habere,
2940 4667 3170 4731 prepter
3225 4658 3577 4713 identitatem

2000 4751 2365 4816 substantiaz,
2413 4751 2661 4820 nihilque
2696 4752 2900 4807 habere
2942 4767 3173 4821 prorsus
3225 4751 3578 4820 interjectum

2001 4849 2096 4896 aut
2126 4842 2274 4912 quod
2301 4857 2426 4898 eum
2479 4858 2508 4896 a
2545 4841 2714 4899 Patre
2739 4843 2977 4898 naturali
3015 4843 3342 4899 diversitate
3374 4841 3574 4897 distin‘

2000 4941 2154 5005 guaL

310 5010 447 5065 Θεὸν
470 5031 484 5043 ·
527 5014 647 5078 ἔθος
682 5015 739 5068 δὲ
777 5016 977 5086 μᾶλλον
1018 5017 1079 5069 τὸ
1110 5017 1211 5087 τῆς
1254 5018 1613 5074 θεοπνεύστου
1659 5023 1884 5095 Γραφῆς
1924 5028 2142 5100 ἑκάστῳ
2175 5030 2495 5101 πρεπόντως
2522 5027 2977 5101 ἑπιρριπτοῦντες
3010 5028 3205 5099 καιρῷ,
3272 5027 3367 5080 καὶ
3405 5042 3577 5096 προσ-

307 5106 491 5178 ὡπῳ,
519 5109 613 5161 καὶ
680 5108 1006 5179 πράγματι,
1050 5109 1290 5183 καθαρόν
1335 5130 1395 5165 τε
1446 5114 1539 5166 καὶ
1607 5114 1935 5173 ἀνυπαίτιον
1977 5122 2069 5175 τὸν
2102 5122 2190 5190 ἐφ’
2226 5122 2398 5176 ἅπασι
2437 5124 2548 5186 τοῖς
2594 5122 2917 5191 ἀναγκαίοις
2966 5118 3342 5189 ὲξυφανοῦμεν
3396 5117 3573 5185 λόγον.

307 5202 357 5253 Τ
360 5205 440 5266 οῖς
476 5203 576 5272 μὲν
597 5203 706 5273 γὰρ
733 5203 793 5268 ἐξ
816 5205 917 5257 οὐκ
949 5204 1118 5258 ὄντων
1141 5207 1221 5271 είς
1242 5207 1302 5260 τὸ
1330 5202 1467 5261 εἶναι
1504 5211 1888 5281 παρενεχθεῖσι
1928 5217 2025 5269 κοιλ⁸
2050 5217 2302 5284 γεγονόσι
2330 5216 2419 5269 διὰ
2456 5216 2613 5282 Θεοῦ,
2650 5215 2768 5280 πῶς
2794 5216 2895 5269 οὐκ
2959 5214 3025 5267 ἂν
3071 5213 3308 5283 μάλιστα
3376 5208 3578 5281 πρέποι

304 5292 376 5345 τὸ
404 5293 639 5347 νοεῖσθαί
685 5312 742 5347 τε
818 5296 914 5349 καὶ
959 5296 1214 5365 λέγεσθαι
1266 5299 1398 5371 παρ’
1449 5300 1607 5369 ἡμῶν
1651 5302 1727 5366 ὡς
1781 5306 1919 5358 εἰσὶν
1956 5306 2026 5359 ἑν
2052 5307 2210 5373 Θεῷ,
2266 5308 2413 5360 τοῦτ’
2481 5309 2596 5362 ἔστι
2647 5308 2745 5362 διὰ
2777 5307 2971 5373 Θεοῦ;
3029 5305 3119 5376 Τῷ
3160 5321 3225 5374 γε
3287 5302 3392 5375 μὴν
3439 5302 3582 5356 κατὰ

306 5386 486 5455 φύσιν
515 5387 630 5458 Υἱῷ
657 5389 752 5441 καὶ
794 5390 980 5461 Κυρίῳ
1007 5392 1100 5444 καὶ
1127 5391 1266 5462 Θεῷ,
1306 5393 1402 5446 καὶ
1428 5393 1746 5468 δημιουργῷ
1774 5398 1883 5453 τῶν
1921 5398 2060 5453 ὅλων
2085 5441 2098 5464 ,
2140 5403 2241 5456 οὐκ
2270 5401 2337 5455 ἂν
2362 5445 2375 5468 ,
2421 5398 2574 5475 οἶμαι
2596 5445 2610 5469 ,
2645 5404 2804 5457 τοῦτο
2870 5402 3076 5475 κυρίως
3110 5419 3170 5455 τε
3208 5400 3302 5454 καὶ
3367 5397 3581 5467 ἀληθῶς

307 5477 644 5548 ἁρμόσειεν,
724 5476 861 5533 εἶναι
913 5481 969 5533 δὲ
1025 5482 1267 5549 φυσικῶς
1323 5484 1381 5536 ὲν
1432 5485 1636 5557 Πατρὶ,
1686 5489 1780 5541 καὶ
1860 5492 2191 5564 ἐνυπάρχειν
2232 5493 2385 5565 αὐτῷ
2414 5535 2428 5559 ,
2474 5494 2619 5565 ἔχειν
2666 5511 2725 5547 τε
2790 5494 2952 5549 αὐτὸν
2997 5494 3056 5547 ὲν
3131 5488 3353 5563 ἑαυτῷ,
3398 5487 3486 5539 διὰ
3523 5485 3584 5535 τὸ

308 5575 371 5625 ἐν
427 5570 618 5633 οὐσίας
673 5573 963 5643 ταυτότητι
1008 5572 1325 5641 φαίνεσθαι,
1380 5577 1474 5628 καὶ
1527 5579 1691 5649 μηδὲν
1745 5580 1891 5651 ἔχειν
1930 5586 2213 5650 παντελῶς
2237 5586 2300 5640 τὸ
2326 5587 2787 5657 μεσολαϐοὖνκαὶ
2808 5588 3094 5660 διατέμνον
3152 5590 3233 5651 είς
3284 5578 3581 5651 ἑτερότητα

314 5665 573 5733 φυσικήν.

383 5761 496 5812 Καὶ
532 5761 614 5813 ὅτι
646 5758 745 5828 μὲν
785 5760 914 5823 ἴσως
955 5766 1075 5827 τοῖς
1106 5764 1524 5840 εὐμαθεστέροις
1552 5809 1565 5837 ,
1597 5771 1672 5834 ὥς
1701 5771 1763 5840 γέ
1796 5789 1886 5842 μοι

2070 5770 2192 5825 llaec
2232 5778 2378 5826 recte
2436 5767 2659 5841 quidem
2691 5784 2719 5822 a
2750 5786 2835 5826 me
2874 5772 3018 5825 dicta
3067 5785 3189 5823 esse
3233 5764 3491 5826 studiesi,
3525 5774 3582 5821 ut

609 5851 879 5913 PATROL.
926 5858 1040 5915 Gn.
1093 5860 1345 5923 LXXIV.
3181 5860 3214 5917 δ
