4042 6204
446 263 552 317 255

1472 259 1530 317 S.
1571 260 1844 317 CYRILLI
1874 257 2346 318 ALEXANDRINI
2379 259 2700 318 ARCHIEP.

3596 260 3704 317 256

446 392 590 440 reor,
641 376 987 447 putaverint,
1052 391 1397 448 nequaquam
1453 385 1634 433 tamen
1681 377 2021 434 assentietur

2128 377 2402 446 φαίνεται,
2435 378 2616 444 καλῶς
2653 378 2921 451 διείρηται
2949 376 3150 444 δόξειεν
3182 375 3270 440 ἂν,
3308 372 3613 428 συναινέσει
3642 390 3707 441 γε

444 468 818 532 adversarius,
864 469 963 524 sed
1015 471 1269 541 repetitis
1303 470 1371 526 iis
1393 486 1518 541 qua:
1558 469 1832 541 principio
1859 469 2024 542 796

444 560 648 624 attulit,
692 560 839 616 dicet
862 562 936 616 ita
972 560 1191 617 Patrem
1239 570 1364 618 esse
1425 562 1481 617 in
1511 559 1670 624 Filio.
1719 562 1888 639 sicuti
1920 576 2023 618 nos

445 651 498 705 in
532 651 674 721 ipso.
728 653 869 718 Quid
901 667 1033 724 ergo
1069 653 1177 723 (sic
1207 654 1353 708 enim
1382 664 1434 709 te
1479 654 1573 725 qui
1612 662 1723 708 tam
1756 654 1945 724 putida
1969 660 2025 709 et

440 744 705 814 juvenilia
734 745 905 800 sentis
936 760 1001 799 ae
1026 744 1167 801 dicis
1192 747 1528 817 compellare
1554 746 1770 818 juvat)?
1793 754 1906 801 tum
1942 746 2024 804 sic

444 852 569 892 esse
588 835 786 890 Filium
810 837 866 890 in
922 835 1086 893 Patre
1115 836 1277 904 dicis,
1326 837 1786 907 quemadmodum
1827 852 1929 893 nos
1967 837 2023 892 in

443 931 609 1002 ipso?
635 930 923 986 Praeclare.
956 930 1024 984 At
1048 930 1245 1000 quidni
1268 928 1477 985 eisdem
1522 944 1624 984 nos
1653 929 1878 1000 gloriari
1905 944 2024 985 ser-

444 1023 722 1086 monibus,
743 1022 946 1091 quibus
977 1029 1032 1076 ct
1072 1022 1192 1092 ipse
1221 1019 1501 1085 Christus,
1549 1028 1763 1075 natura:
1820 1027 2025 1075 nostrae

442 1116 585 1169 ratio
624 1113 872 1185 patitur?
898 1114 1020 1183 Ipse
1049 1111 1197 1168 enim
1240 1113 1374 1182 quia
1406 1104 1492 1167 est
1520 1112 1574 1167 in
1601 1110 1781 1174 Patre,
1824 1119 1879 1166 et
1927 1110 2027 1165 ha-

442 1205 534 1262 bet
564 1206 619 1260 in
652 1206 836 1276 seipse
866 1204 1113 1271 Patrem,
1167 1206 1376 1276 quippe
1427 1204 1523 1274 qui
1565 1203 1687 1273 ejus
1738 1203 1926 1273 imago
1971 1210 2026 1257 et

442 1299 733 1355 character
757 1297 831 1353 sit
861 1313 956 1368 per
988 1297 1176 1353 omnia
1200 1298 1409 1352 idcirco
1434 1295 1672 1352 similis:
1708 1313 1727 1347 ι
1750 1294 1855 1361 Qui
1887 1294 2026 1350 vidit

441 1404 551 1453 me,
588 1388 791 1459 inquit,
817 1388 950 1443 vidit
980 1396 1033 1442 et
1080 1387 1322 1443 Patrem.
1374 1386 1488 1458 Ego
1547 1395 1603 1442 et
1648 1386 1815 1441 Pater
1853 1401 2023 1440 unum

441 1494 656 1533 sumus.
701 1498 719 1530 ι
749 1477 860 1534 Nos
882 1486 1088 1543 autem,
1127 1477 1323 1533 amabo
1342 1489 1417 1543 te,
1452 1479 1502 1533 si
1529 1477 1613 1532 sic
1645 1491 1842 1532 sumus
1879 1475 1933 1530 in
1958 1489 2025 1531 eo

440 1580 496 1626 et
526 1572 646 1642 ipse
692 1571 746 1624 in
797 1570 968 1626 nobis
996 1578 1104 1635 est,
1139 1578 1201 1624 ut
1239 1571 1358 1641 ipse
1380 1570 1640 1625 nimirum
1683 1571 1739 1625 in
1773 1569 1934 1625 Patre
1968 1578 2027 1623 et

439 1665 603 1721 Pater
634 1666 688 1720 in
722 1667 866 1734 ipso,
916 1663 1108 1735 quidni
1144 1672 1330 1720 erecta
1359 1663 1574 1720 cervice
1612 1678 1677 1720 ac
1710 1664 1887 1729 vultu,
1925 1677 2025 1734 pa-

439 1760 548 1814 lam
573 1773 639 1814 ac
661 1773 857 1815 secure
884 1757 1122 1813 dicimus
1146 1773 1161 1808 :
1188 1755 1302 1827 Ego
1335 1756 1391 1810 in
1416 1754 1662 1820 Christo,
1688 1764 1743 1810 et
1772 1753 2025 1812 Christus

440 1852 499 1906 in
530 1865 614 1906 me
639 1848 761 1905 est?
794 1848 896 1915 Qui
931 1846 1070 1903 vidit
1100 1861 1207 1912 me,
1241 1845 1380 1901 vidit
1408 1853 1460 1901 et
1490 1844 1798 1901 Christum.
1835 1844 1949 1910 Ego
1969 1856 2026 1901 et

440 1941 694 1997 Christus
717 1954 886 1996 unum
916 1941 1149 1995 'sumus.
1184 1934 1328 2003 Quid
1357 1949 1528 2008 porro
1562 1936 1693 1992 hinc
1722 1936 2027 2007 sequetur?

438 2031 634 2099 Nemo,
668 2039 728 2086 ut
757 2031 975 2103 opinor,
1012 2031 1250 2101 idipsum
1290 2028 1360 2085 de
1388 2037 1543 2099 patre
1594 2027 1780 2085 dicere
1814 2027 2028 2085 verebi-

439 2134 554 2190 tur,
593 2143 613 2177 ρ
654 2124 767 2197 Ego
796 2131 853 2179 et
881 2131 1040 2195 pater
1074 2138 1243 2203 unum
1268 2136 1489 2178 sumus.
1524 2141 1544 2175 ι
1589 2119 1726 2175 Nam
1768 2120 1814 2178 si
1852 2136 2022 2176 unum

440 2228 525 2276 est
555 2227 712 2291 pater
735 2234 859 2274 cum
893 2216 1027 2283 lilio,
1063 2213 1344 2288 quomodo
1372 2228 1484 2269 non
1512 2213 1749 2282 aqualis
1777 2213 1887 2268 erit
1919 2212 2023 2283 ipsi

439 2312 612 2380 Patri,
664 2326 790 2367 cum
837 2325 936 2382 per
982 2309 1166 2365 omnia
1219 2306 1422 2363 similis
1450 2306 1632 2377 imago
1671 2305 1746 2361 sit
1776 2304 1924 2360 nulla
1956 2319 2021 2359 ex

438 2412 592 2478 parte
614 2403 915 2460 evariantis
978 2400 1258 2471 imaginis,
1298 2398 1351 2453 id
1380 2403 1465 2455 est
1487 2395 1654 2452 Filii?
1715 2395 1854 2462 Quis
1888 2409 2022 2468 ergo

437 2511 505 2551 eo
534 2493 809 2550 vecordia:
852 2491 1070 2546 labetur
1132 2502 1400 2559 unquam,
1445 2497 1507 2543 ut
1552 2488 1739 2545 dicere
1777 2487 2022 2543 audeat:

336 2572 347 2579 ’
439 2587 542 2655 Qui
572 2585 773 2642 viderit
810 2600 896 2640 me
916 2623 931 2649 ,
962 2583 1164 2640 viderit
1196 2590 1252 2640 et
1282 2581 1602 2639 Christum?
1642 2582 1755 2653 Ego
1782 2588 1837 2637 et
1862 2581 2025 2635 Chri-

439 2688 561 2736 stus
591 2692 761 2734 unum
789 2675 1023 2732 sumus?
1051 2672 1188 2729 Nam
1218 2675 1263 2729 si
1288 2689 1384 2745 per
1413 2672 1792 2728 habitudinem
1819 2688 1884 2727 ac
1911 2688 2021 2727 non

438 2785 537 2841 per
564 2778 818 2824 naturam
869 2765 1072 2820 Filium
1099 2780 1224 2821 esse
1256 2766 1310 2819 in
1361 2764 1523 2820 Patre
1559 2763 1847 2830 concedis,
1882 2772 1936 2820 et
1967 2764 2020 2819 in

438 2859 624 2928 seipse
641 2857 848 2912 habere
865 2853 1104 2921 Patrem,
1132 2854 1413 2925 similique
1452 2852 1614 2910 modo
1637 2868 1741 2911 nos
1768 2854 1825 2910 in
1862 2854 2024 2911 Chri-

438 2956 549 3012 sto,
601 2955 658 3002 οι
705 2945 973 3023 Christus
1023 2942 1079 2997 in
1122 2943 1286 2998 nobis
1347 2951 1478 2999 est:
1514 2943 1750 3014 primunt
1798 2944 2021 3015 quidem

450 3038 642 3094 eodem
672 3052 784 3108 quo
821 3051 924 3091 nos
974 3034 1175 3090 ordine
1221 3032 1396 3090 Filius
1433 3036 1788 3103 censebitur;
1825 3035 2024 3093 deinde

440 3130 577 3186 nihil
609 3128 816 3184 vetabit
848 3126 1149 3198 quominus
1184 3125 1349 3180 etiam
1383 3126 1608 3196 ipsum,
1660 3125 1707 3181 si
1742 3125 1978 3185 velimus
2000 3168 2018 3197 ,

437 3229 814 3293 praetergresm
856 3217 1093 3286 Filium,
1140 3225 1202 3272 ut
1250 3219 1345 3288 qui
1408 3218 1736 3288 interjectus
1783 3218 1888 3285 sit,
1946 3204 2021 3276 ad

436 3315 616 3385 ipsum
644 3312 858 3367 Patrem
890 3317 1039 3367 recta
1063 3308 1476 3381 quodammodo
1502 3309 1816 3377 tendamus,
1859 3311 2021 3382 eique

437 3421 542 3462 nos
570 3415 676 3460 tam
726 3402 969 3476 perfecte
1005 3411 1060 3458 et
1115 3412 1311 3459 exacte
1342 3403 1682 3460 assimilatos
1707 3418 1834 3460 esse
1869 3403 2022 3461 dica-

439 3512 584 3560 mus,
620 3503 679 3548 ιιι
703 3494 840 3548 nihil
862 3494 1006 3549 inter
1037 3508 1138 3549 nos
1175 3504 1229 3548 et
1257 3493 1412 3548 illum
1435 3501 1696 3564 appareat
1741 3495 2022 3551 discrimi-

439 3590 546 3644 nis.
577 3588 757 3644 Unum
787 3586 994 3658 quippe
1023 3600 1146 3642 esse
1179 3584 1440 3656 quiddam
1481 3601 1607 3641 cum
1644 3588 1855 3659 aliquo,
1879 3588 2024 3645 hanc

438 3682 548 3734 vim
576 3688 631 3735 et
658 3678 1118 3750 signiﬁcationem
1162 3678 1347 3734 habet.
1377 3676 1657 3749 Numquid
1692 3695 1824 3751 ergo
1866 3681 2022 3737 vide-

439 3774 511 3828 tis
544 3780 805 3843 quantam
867 3771 922 3825 in
975 3770 1265 3826 stultitiam
1331 3777 1389 3826 et
1447 3770 1783 3841 impietatem
1828 3787 2021 3829 eorum

437 3872 655 3919 mentes
685 3861 1010 3928 ceciderint,
1043 3869 1098 3918 et
1131 3868 1340 3932 quanta
1369 3876 1431 3917 se
1464 3861 1624 3917 nobis
1653 3861 2020 3918 absurdarum

438 3955 720 4010 rationum
766 3953 929 4009 turba
956 3951 1583 4023 ingesserit?Qu:enam
1630 3944 1800 4024 igitur
1850 3968 2019 4010 causa

439 4046 515 4103 sit
546 4063 646 4103 cur
676 4045 794 4101 hate
820 4044 1004 4100 dicant
1055 4051 1225 4115 atque
1262 4041 1625 4109 contendant,
1661 4053 1884 4114 tamque
1923 4044 2025 4098 fri-

437 4138 580 4193 volis
609 4136 955 4193 sermonibus
985 4135 1268 4199 innatent,
1306 4150 1577 4207 erponam
1612 4151 1831 4192 rursus.

2130 469 2237 541 μὴν
2262 471 2291 523 6
2321 470 2388 524 6t’
2421 470 2674 534 ἐναντίας
2707 470 2993 542 οὐδαμῶς·
3026 470 3145 542 ἐρεῖ
3173 469 3232 523 δὲ
3264 467 3330 537 δὴ
3366 466 3568 534 πάλιν,
3615 467 3708 522 τὸν

2125 563 2185 617 ἐν
2218 563 2417 633 ἀρχαῖς
2442 563 2931 634 είσκεκομισμένον
2970 560 3407 633 ἀναμασώμενος
3432 558 3592 628 λόγον
3620 560 3706 614 ὅτι

2124 654 2300 720 οὕτως
2328 656 2476 709 ἐστὶν
2514 656 2543 708 6
2572 654 2763 726 Πατὴρ
2805 655 2863 707 ὲν
2913 652 2992 724 τῷ
3038 651 3187 724 Υίῷ,
3238 651 3429 721 ῶσπερ
3459 651 3621 723 ἡμεῖς
3650 651 3708 704 ὲν

2124 745 2294 818 αὐτῷ.
2323 745 2388 800 Τί
2416 741 2509 800 οὖν
2540 746 2682 817 ἄρας
2712 745 3011 816 (φήσαιμεν
3034 742 3101 798 ἂν
3119 744 3221 796 οὐκ
3252 742 3528 805 ἀσυνέτως
3554 739 3711 812 ἐλέγο

2124 853 2336 909 χοντες,
2378 836 2558 910 σαθρά
2586 854 2645 890 τε
2688 837 2785 892 καὶ
2815 834 3151 909 μειρακιώδη
3188 833 3492 905 φρονοῦντα
3522 851 3584 888 τε
3612 836 3711 889 καὶ⁸

2125 927 2377 1000 λέγοντα)
2405 928 2581 992 οὕτως
2606 923 2748 983 εἶναι
2774 929 2881 999 φὴς
2923 927 3015 982 τὸν
3048 927 3178 981 Υίὸν
3208 927 3267 980 ὲν
3307 926 3505 998 Πατρὶ,
3535 924 3710 980 καθά-

2126 1038 2234 1092 περ
2261 1022 2413 1093 ἡμᾶς
2437 1022 2496 1075 ὲν
2520 1021 2670 1092 αὐτῷ
2694 1039 2710 1090 ;
2752 1020 2970 1084 Καλῶς.
3002 1016 3138 1074 Εἶτα
3166 1019 3218 1074 τί
3251 1018 3340 1091 δὴ,
3384 1018 3524 1089 πρὸς
3546 1016 3710 1071 τοῦτο

2126 1110 2508 1183 ὲροῦμεν,-μὴ
2539 1112 2653 1176 τοῖς
2687 1110 2822 1177 ἴσοις
2850 1112 2999 1183 ἡμᾶς
3028 1108 3508 1182 ὲπισεμνύνεσθαι
3526 1107 3709 1178 λόγοις

2123 1203 2186 1257 τὸ
2216 1205 2318 1274 τῆς
2347 1203 2623 1275 ἡμετέρας
2669 1203 2884 1274 φύσεως
2914 1205 3102 1277 ἐφίησι
3150 1203 3350 1275 μέτρον
3369 1242 3383 1269 ,
3415 1197 3613 1274 οἷσπερ
3640 1200 3708 1256 ἂν

2125 1296 2302 1369 ὁρῷτο
2331 1297 2427 1351 καὶ
2448 1298 2618 1363 αὐτὸς
2651 1299 2680 1352 6
2705 1297 2977 1369 Χριστός;
3008 1295 3181 1360 Αὐτὸς
3208 1295 3307 1365 μὲν
3329 1294 3439 1364 γὰρ
3472 1293 3706 1363 ἐπείπερ

2127 1390 2276 1444 ἐστὶν
2309 1389 2367 1443 ὲν
2396 1389 2605 1461 Πατρὶ,
2640 1389 2755 1460 ἔχει
2785 1388 2843 1443 δὲ
2883 1388 2941 1441 ὲν
2989 1387 3166 1459 ἑαυτῷ
3196 1387 3288 1440 τὸν
3318 1384 3541 1456 Πατέρα
3560 1425 3577 1447 ,
3610 1385 3707 1438 ἆτε

2124 1481 2188 1555 δὴ
2212 1481 2309 1536 καὶ
2338 1480 2502 1535 είκὼν
2525 1480 2690 1536 αὐτοῦ
2730 1481 2828 1537 καὶ
2853 1479 3142 1554 χαρακτὴρ
3175 1478 3595 1551 ἀπαράλλακτος
3617 1476 3709 1532 διὰ

2124 1572 2283 1626 τοῦτο
2313 1571 2577 1644 ὑπάρχων
2600 1587 2614 1602 ·
2652 1590 2672 1625 ι
2717 1570 2778 1627 '0
2812 1569 3075 1643 ἑωρακὼς
3106 1569 3228 1642 ἐμὲ,
3272 1569 3461 1640 φησιν,
3493 1566 3707 1639 ἑώρακε

2123 1664 2216 1717 τὸν
2253 1662 2474 1736 Πατέρα
2506 1679 2518 1696 ο
2557 1661 2668 1732 ἐγὼ
2708 1664 2858 1718 καὶὸ
2910 1663 3096 1735 Πατὴρ
3124 1662 3183 1716 ἓν
3217 1663 3407 1732 ἐσμεν.
3444 1679 3464 1712 ι
3517 1660 3707 1730 Ἡμεῖς
3781 1735 3787 1741 ἱ

2055 1736 2097 1793 Β
2124 1755 2217 1822 δὲ,
2244 1755 2367 1810 είπέ
2402 1773 2533 1828 μοι,
2576 1756 2624 1810 εί
2658 1754 2832 1820 οὕτως
2875 1755 3043 1827 ἐσμὲν
3080 1756 3138 1809 ὲν
3176 1753 3364 1825 αὐτῷ,
3411 1751 3608 1825 ἔχομέν
3644 1767 3709 1806 τε

2126 1848 2291 1903 αὐτὸν
2320 1850 2376 1903 ὲν
2414 1850 2660 1913 ἑαυτοῖς,
2709 1848 2901 1921 ῶσπερ
2944 1843 3037 1903 οὖν
3080 1849 3278 1920 ἀμέλει
3313 1847 3409 1902 καὶ
3436 1846 3602 1910 αὐτὸς
3648 1846 3708 1899 ὲν

2127 1942 2305 2015 Πατρὶ
2337 1942 2433 1996 καὶ
2471 1940 2498 1992 6
2526 1941 2718 2013 Πατὴρ
2754 1941 2814 1995 έν
2843 1939 3014 2011 αὐτῷ,
3043 1939 3187 1993 διατί
3221 1939 3296 2011 μὴ
3324 1939 3535 2011 μακρὸν
3571 1940 3707 1994 ἀνα-

2125 2034 2395 2100 τείνοντες
2427 2032 2519 2088 τδν
2548 2033 2755 2105 αὐχένα
2782 2034 2879 2087 καὶ
2908 2031 3112 2103 ὑψηλὸν
3142 2032 3256 2095 τοῖς
3294 2029 3575 2085 ὑπαντῶσι
3596 2030 3710 2084 δει-

2125 2128 2350 2193 κνύντες
2418 2126 2482 2181 τὸ
2541 2125 2871 2197 πρόσωπον,
2936 2121 3077 2195 μετὰ
3124 2121 3441 2194 παρρησίας
3492 2119 3704 2191 φαμέν·

2137 2219 2279 2291 Ἐγὼ
2306 2222 2365 2274 ὲν
2396 2218 2475 2290 τῷ
2502 2216 2750 2290 Χριστῷ,
2785 2216 2882 2271 καὶ
2906 2217 2934 2270 6
2968 2214 3204 2286 Χριστὸς
3232 2216 3292 2268 ὲν
3326 2212 3478 2285 ἐμοί·
3515 2212 3574 2266 '0
3605 2213 3711 2266 ἑω-

2126 2311 2311 2385 ρακὼς
2343 2310 2444 2382 ἐμὲ
2469 2349 2484 2375 ,
2526 2308 2740 2381 ἑώρακε
2779 2307 2872 2361 τὸν
2918 2307 3176 2379 Χριστόνο
3218 2304 3361 2374 Ἐγὼ
3390 2305 3486 2360 καὶ
3514 2305 3542 2358 6
3571 2305 3711 2376 Χρι-

2126 2403 2249 2467 στὸς
2277 2402 2338 2457 ἓν
2366 2404 2571 2472 ὲσμεν;
2598 2396 2733 2454 Εἶτα
2760 2398 2813 2452 τί
2838 2398 2900 2453 τὸ
2933 2397 3223 2466 ὲντεῦθεν;
3265 2399 3379 2452 Οὐκ
3408 2396 3497 2463 ἂν,
3529 2392 3706 2466 οἶμαι,

2122 2493 2207 2558 τις
2237 2491 2606 2547 καταδείσειεν
2630 2489 2827 2561 ὀρθῶς,
2852 2489 2963 2544 οὐδ’
2994 2488 3061 2544 ἂν
3089 2491 3423 2560 κατοκνήσαι
3465 2487 3704 2560 πρεπόνο

2122 2599 2232 2647 τως
2276 2580 2436 2635 τοῦτο
2488 2580 2624 2634 αὐτὸ
2669 2579 2836 2650 φάναι
2883 2578 3166 2651 τολμήσας
3208 2580 3304 2634 καὶ
3352 2578 3481 2651 περὶ
3536 2575 3708 2632 αὑτοῦ

2123 2670 2310 2725 λοιπὸν
2348 2671 2528 2725 εἰπεῖν
2564 2669 2658 2723 τοῦ
2687 2669 2904 2741 Πατρός
2926 2684 2940 2697 ⁸
2982 2687 3001 2721 ι
3044 2667 3185 2738 Ἐγὼ
3230 2669 3325 2726 κα)⁵
3354 2669 3382 2723 6
3410 2667 3601 2740 Πατὴρ
3645 2667 3708 2721 ἔν

2124 2764 2312 2834 ἐσμεν.
2349 2781 2368 2815 ι
2403 2761 2467 2816 El
2502 2762 2614 2833 γάρ
2647 2762 2707 2815 ἓν
2760 2763 2910 2815 ἐστιν
2939 2761 2967 2814 6
2997 2761 3188 2833 Πατὴρ
3240 2760 3378 2832 πρὸς
3416 2760 3511 2815 τὸν
3552 2759 3706 2825 Υίδν,

2124 2854 2243 2918 πῶς
2276 2854 2378 2908 οὐκ
2402 2852 2554 2926 αὑτῷ
2578 2852 2767 2927 λοιπὸν
2796 2854 3139 2925 ίσομοιρήσει
3185 2851 3264 2925 τῷ
3295 2852 3494 2924 Πατρὶ,
3541 2850 3710 2906 εἰκὼν

2123 2947 2542 3021 ἀπαράλλακτος
2573 2946 2997 3018 ἀπαραλλάκτου
3035 2946 3276 3017 γεγονὼς
3301 2945 3531 3014 εἰκόνος,
3558 2943 3710 2999 τοῦτ’

2125 3042 2241 3098 ἔστι
2269 3042 2366 3097 τοῦ
2390 3041 2523 3096 Υἱοῦ
2549 3058 2564 3109 ;
2594 3041 2691 3106 Τίς
2719 3038 2813 3096 οὖν
2842 3042 2952 3113 ἄρα
2983 3040 3121 3114 πρὸς
3148 3039 3307 3094 τοῦτο
3339 3040 3534 3111 μανίας
3569 3056 3709 3093 κατ-

2124 3135 2407 3207 οιχήσεταί
2447 3151 2580 3189 ποτε
2603 3174 2618 3199 ,
2650 3134 2727 3198 ὡς
2767 3134 3037 3206 τολμῆσαι
3070 3133 3251 3202 λέγειν
3276 3150 3290 3164 ·
3338 3133 3397 3186 '0
3445 3130 3714 3202 ἑωρακὼς

2127 3227 2250 3300 ἐμὲ,
2294 3225 2511 3298 ἑώρακε
2554 3226 2645 3280 τὸν
2696 3226 2932 3298 Χριστόν
2955 3243 2969 3257 ⁸
3028 3224 3172 3295 Ἐγὼ
3197 3224 3294 3279 καὶ.
3319 3227 3350 3279 6
3375 3223 3610 3296 Χριστὸς
3649 3223 3713 3277 ἓν

2128 3320 2295 3391 ὲσμεν
2317 3336 2332 3387 ;
2357 3320 2420 3373 El
2446 3319 2557 3390 γὰρ
2592 3319 2858 3390 σχετικῶς
2887 3319 2983 3373 καὶ
3009 3318 3071 3373 οὺ
3113 3319 3257 3373 κατὰ
3304 3318 3471 3389 φύσιν
3504 3317 3712 3372 ἀπονέ-

2131 3430 2254 3485 μεις
2276 3411 2355 3482 τῷ
2383 3411 2500 3482 Υἱῷ
2526 3411 2586 3465 τὸ
2605 3406 2749 3465 εἶναι
2773 3412 2830 3464 ὲν
2861 3410 2941 3482 τῷ
2964 3412 3160 3483 Πατρὶ,
3189 3412 3331 3483 ἔχειν
3359 3428 3423 3466 τε
3446 3413 3504 3465 ὲν
3528 3410 3711 3481 ἑαυτῷ

2126 3499 2221 3553 τὸν
2257 3499 2508 3570 Πατέρα,
2547 3498 2691 3553 οὕτω
2724 3499 2821 3553 καὶ
2858 3500 3019 3571 ἡμεῖς
3050 3501 3107 3554 ὲν
3133 3500 3354 3573 Χριστῷ
3376 3541 3393 3565 ,
3431 3501 3527 3554 καὶ⁸
3571 3502 3711 3570 Χρι-

2129 3589 2254 3652 στὸς
2285 3590 2343 3643 ὲν
2387 3590 2519 3660 ἡμῖν
2540 3603 2552 3618 ⁶
2584 3588 2799 3661 πρῶτον
2830 3590 2931 3661 μὲν
2960 3593 3020 3647 ὲν
3053 3589 3206 3656 τάξει
3231 3595 3296 3663 τῇ
3328 3589 3452 3645 καθ’
3493 3592 3643 3663 ἡμᾶς
3680 3593 3712 3645 6

2128 3680 2277 3744 Υίὸς,
2313 3674 2431 3735 εἶτα
2459 3680 2520 3734 τὸ
2542 3681 2753 3738 κωλύον
2777 3681 2932 3737 οὐδὲν
2955 3683 3374 3755 παρελάσαντας
3399 3683 3496 3738 καὶ
3516 3682 3707 3749 αὑτὸν,
3748 3708 3759 3713 σ

2128 3773 2178 3825 εί
2213 3771 2536 3843 βουλοίμεθα
2560 3813 2578 3839 ,
2622 3772 2715 3826 τὸν
2749 3773 2878 3828 Υίδν
2900 3812 2916 3839 ,
2959 3773 3036 3839 ὡς
3083 3773 3170 3828 διὰ
3225 3775 3395 3845 μέσου
3431 3773 3707 3844 κείμενον,

2125 3864 2213 3917 ἐπ’
2241 3862 2403 3918 αὐτὸν
2424 3862 2614 3934 ὥσπερ
2642 3863 2996 3936 εὐθυδρομεῖν
3029 3864 3121 3919 τὸν
3145 3864 3387 3937 Πατέρα,
3417 3863 3515 3917 καὶ
3553 3861 3711 3932 αὐτῷ

2128 3954 2588 4027 προσωμοιῶσθαι
2631 3956 2812 4025 λέγειν
2852 3958 3005 4027 ἡμᾶς
3056 3955 3231 4020 οὕτως
3291 3954 3576 4025 ἀκριϐῶς,
3629 3954 3711 4018 ὡς

2126 4045 2296 4118 μηδὲν
2328 4045 2562 4118 ὁρᾶσθαι
2590 4048 2652 4100 τὸ
2677 4046 3016 4101 διαλλάττον.
3046 4048 3120 4101 Τὸ
3163 4047 3272 4119 γὰρ
3307 4046 3366 4100 ἓν
3394 4043 3536 4101 εἶναι
3565 4046 3712 4116 πρός

2123 4156 2175 4192 τι
2205 4138 2495 4209 λέγεσθαι,
2538 4139 2798 4212 τοιαύτην
2836 4138 2903 4194 ἂν
2953 4138 3067 4210 ἔχοι
3118 4139 3216 4210 τὴν
3269 4138 3525 4210 δύναμιν.
3573 4133 3708 4208 Ἆρ’

436 4226 532 4289 οὖν
552 4231 651 4302 οὐχ
682 4230 847 4300 ὁρᾶτε
875 4231 955 4291 είς
1003 4230 1137 4302 ὅσην
1187 4230 1371 4293 αὐτοῖς
1412 4228 1713 4283 ηάσυνεσίαν
1771 4246 1831 4283 τε
1877 4230 2015 4302 ὁμοῦ
2055 4232 2152 4286 καὶ
2196 4232 2455 4287 ἀσέϐειαν
2495 4230 2801 4287 κατὼλισθε
2848 4230 2919 4286 τὰ
2958 4232 3320 4304 φρονήματα,
3391 4232 3490 4285 καὶ
3563 4229 3713 4283 ὅσων

436 4328 571 4398 ἡμῖν
619 4324 895 4396 λογισμῶν
935 4324 1154 4379 ἀτόπων
1200 4325 1571 4397 εἰσπεπήδηκε
1604 4323 1866 4396 θόρυϐοςς
1920 4326 2018 4390 Τίς
2055 4322 2151 4381 οὖν
2187 4329 2221 4399 η
2252 4328 2527 4399 πρόφασις
2581 4328 2676 4382 τοῦ
2715 4326 2892 4383 ταῦτα
2921 4327 3103 4398 λέγειν
3142 4327 3237 4381 καὶ
3316 4325 3709 4393 διατείνεσθαι,

437 4417 675 4480 καὶτοῖς
719 4416 892 4480 οὕτως
935 4415 1123 4480 ἑώλοις
1163 4417 1519 4488 ἐπινήχεσθαι
1569 4415 1750 4484 λόγοις
1797 4417 2015 4483 αὐτοὺς,
2055 4419 2165 4491 ὲρῶ
2196 4420 2260 4493 δὴ
2291 4420 2474 4476 πάλιν.

510 4508 668 4564 Unus
693 4511 774 4564 eis
803 4522 1007 4578 scopus
1058 4508 1375 4578 propositus
1406 4515 1515 4573 est,
1556 4505 1757 4562 Filium
1788 4523 1819 4562 a
1839 4506 2022 4565 Patris

2199 4512 2411 4576 Σκοπὸς
2457 4506 2538 4575 εἷς
2592 4510 2817 4577 αὐτοῖς,
2868 4508 3147 4582 ἀλλότριόν
3200 4526 3260 4563 τε
3315 4510 3412 4564 καὶ
3471 4508 3713 4579 ἔκφυλον

439 4602 751 4659 substantia
796 4615 1022 4671 prorsus
1074 4600 1392 4657 excludere.
1436 4598 1565 4655 Haec
1604 4602 1752 4655 enim
1792 4615 1823 4655 a
1858 4601 2022 4658 nobis

438 4708 570 4749 vere
605 4692 735 4755 dici,
762 4708 827 4747 ex
851 4692 1211 4763 sequentibus
1238 4702 1292 4746 et
1322 4692 1391 4748 iis
1445 4707 1568 4762 quae
1594 4691 1874 4762 prioribus
1900 4691 2023 4762 ejus

441 4784 604 4857 797
660 4784 1019 4855 hlasphemiis
1080 4784 1378 4852 subiuncta
1449 4792 1580 4840 sunt
1635 4798 2017 4854 agnoscemus.

440 4878 641 4934 Subdit
668 4880 815 4933 enim
845 4898 859 4934 :
892 4875 1095 4934 Verum
1127 4876 1591 4949 quemadmodum
1622 4892 1725 4932 nos
1747 4916 1762 4943 ,
1801 4877 2019 4947 inquit,

437 4973 533 5044 qui
562 4987 758 5026 sumus
791 4971 846 5024 in
878 4972 1032 5041 ipso,
1077 4970 1480 5041 impermistam
1533 4977 1717 5024 tamen
1775 4983 1900 5023 cum
1955 4984 2021 5024 eo

438 5064 706 5120 habemus
760 5064 1147 5135 hypostasim:
1194 5063 1270 5117 ita
1321 5072 1373 5118 et
1423 5061 1634 5125 Filius,
1669 5075 1793 5114 cum
1841 5062 1913 5115 sit
1961 5060 2017 5115 in

437 5153 635 5214 Patre.
684 5155 1004 5212 distinctam
1046 5165 1232 5211 tamen
1285 5154 1450 5209 habet
1506 5155 1575 5208 ab
1626 5152 1873 5223 ingenito
1908 5151 2018 5207 Deo

439 5244 830 5300 substantiam.
894 5246 1037 5316 Quid
1096 5248 1216 5309 ais,
1281 5246 1553 5302 demens?
1612 5254 1852 5313 apertam
1916 5244 2019 5299 hoe

439 5333 605 5389 modo
636 5334 816 5391 fecisti
849 5347 998 5393 tuam
1049 5340 1101 5394 in
1148 5337 1347 5396 Filium
1392 5337 1810 5407 blasphemiam.
1846 5334 2018 5392 Nutu-

439 5423 573 5494 quid
601 5437 737 5493 ergo
764 5426 948 5494 quivis
981 5429 1243 5488 fatebitur
1272 5444 1373 5487 nos
1412 5443 1520 5483 non
1568 5427 1775 5488 frustra
1814 5443 2016 5482 vanum

437 5529 505 5569 ac
558 5512 713 5569 futile
762 5516 1021 5571 cavillum
1073 5519 1128 5572 in
1183 5521 1570 5576 hmreticorum
1619 5525 1787 5587 caput
1844 5528 2020 5573 retur-

440 5605 653 5669 quere?
687 5605 829 5662 Ecce
871 5609 1019 5663 enim
1058 5620 1206 5680 patet
1236 5627 1331 5667 eos
1365 5611 1498 5664 nihil
1555 5611 1677 5680 plus
1727 5607 1868 5664 Filio
1917 5610 2019 5664 tri-

441 5695 612 5756 buere
653 5713 819 5771 quam
872 5702 1109 5757 terrenis
1158 5702 1509 5767 hominibus,
1550 5711 1604 5757 et
1639 5700 1916 5756 creaturis
1948 5702 2014 5757 ab

2126 4603 2407 4668 παντελῶς
2427 4604 2525 4675 τῆς
2556 4602 2652 4657 τοῦ
2675 4601 2891 4674 Πατρός
2919 4602 3108 4665 οὐσίας
3126 4602 3413 4674 ἀποφῆναι
3435 4602 3527 4657 τὸν
3554 4602 3711 4657 Υἱόν.

2130 4698 2253 4750 ’Ότι
2287 4695 2398 4768 γὰρ
2440 4695 2801 4766 ἀληθεύοντες
2843 4694 2913 4748 τὰ
2948 4694 3178 4749 τοιαῦτά
3211 4711 3393 4765 φαμεν
3416 4736 3430 4762 ,
3476 4696 3542 4749 ὲκ
3595 4694 3716 4749 τῶν

2125 4787 2324 4859 ἐφεξῆς
2375 4787 2469 4841 καὶ
2509 4786 2972 4859 παρεζευγμένων
3022 4788 3146 4850 ταῖς
3193 4787 3487 4860 προτέραις
3537 4787 3713 4841 αὐτοῦ

2124 4880 2462 4951 δυσφημίαις
2498 4878 2791 4950 εἰσόμεθα.
2846 4879 3074 4948 Ἐπάγει
3122 4879 3229 4951 γὰρ
3284 4879 3494 4945 οὕτως’
3564 4881 3712 4935 Ἀλλ’

2127 4972 2317 5043 ῶσπερ
2343 4974 2503 5042 ἡμεῖς
2522 5012 2537 5035 ,
2569 4970 2735 5042 φησιν
2757 5011 2771 5033 ,
2821 4972 2879 5024 ὲν
2910 4971 3063 5042 αὐτῷ
3105 4972 3262 5035 ὄντες
3283 5016 3297 5038 ,
3339 4973 3515 5044 ἀμιγῆ
3568 4973 3713 5043 πρὸς

2128 5064 2291 5119 αὐτὸν
2322 5064 2519 5135 ἔχομεν
2553 5062 2651 5134 τὴν
2680 5063 2979 5117 ὑπόστασιν
3002 5080 3015 5091 ·
3051 5063 3143 5117 τὸν
3175 5065 3341 5119 αὐτὸν
3372 5066 3577 5137 τρόπον
3615 5070 3718 5121 καὶ

2128 5158 2156 5209 6
2196 5156 2346 5221 Υἱὸς,
2376 5157 2435 5209 ὲν
2483 5154 2563 5225 τῷ
2606 5155 2785 5225 Ila-cpi.
2811 5155 3119 5225 τυγχάνων,
3154 5155 3584 5228 διακεκριμένην
3613 5158 3715 5212 τοῦ

2126 5246 2422 5316 ἁγεννήτου
2449 5243 2586 5297 θεοῦ
2610 5243 2723 5315 ἔχει
2746 5244 2842 5314 τὴν
2865 5245 3073 5299 οὐσίαν.
3100 5246 3163 5298 Τί
3189 5246 3315 5317 φὴς,
3338 5246 3715 5318 ὲμόρόντητες

2126 5338 2339 5410 γυμνὴν
2376 5336 2520 5392 οὕτω
2555 5338 2655 5408 τὴν
2677 5337 2756 5399 εἰς
2779 5337 2870 5391 τὸν
2895 5338 3020 5391 Υἱὸν
3044 5340 3342 5409 πεποίησαι
3370 5340 3710 5411 δυσφημίαν.

2126 5424 2254 5499 Ἆρ’
2282 5422 2376 5482 οὖν
2408 5427 2483 5498 μὴ
2514 5426 2762 5480 διάκενον
2789 5428 2907 5498 ἐρεῖ
2927 5444 3011 5491 τις
3036 5429 3405 5497 συκοφαντίαν
3446 5432 3713 5499 καταχεῖν

2127 5520 2278 5590 ἡμᾶς
2303 5517 2622 5587 ἐπείγεσθαι
2653 5520 2891 5590 τῆςητῶν
2921 5519 3211 5592 Θεομάχων
3249 5522 3490 5592 κεφαλῆς
3518 5538 3533 5588 ;
3575 5521 3709 5577 Ἰδοὺ

2125 5612 2235 5679 γὰρ
2264 5608 2473 5679 σαφῶς,
2502 5608 2655 5662 οὐδὲν
2687 5609 2820 5672 ὅλως
2849 5608 2911 5661 τὸ
2944 5610 3126 5677 πλεῖον
3154 5611 3525 5682 ἀπονέμουσιν
3554 5614 3714 5686 αὐτῷ

2121 5703 2230 5760 τῶν
2263 5703 2371 5757 ἀπὸ
2398 5688 2503 5773 γῆς
2524 5700 2846 5771 γεγονότων,
2882 5702 2976 5756 καὶ
2997 5702 3065 5757 δι’
3101 5703 3268 5758 αὑτοῦ
3302 5705 3440 5778 πρὸς
3472 5704 3535 5760 τὸ
3569 5701 3718 5762 εἷναι
