4042 6204
310 298 406 354 257

1362 295 1433 352 ΙΝ
1468 295 1755 352 JOANNIS
1793 289 2247 350 EVANGELIUM
2286 290 2422 346 LIB.
2448 290 2543 348 1X.

3464 292 3571 349 258

314 407 824 481 παρενηνεγμένων.
892 411 1033 480 Ἐγὼ
1085 411 1164 477 δὲ,
1195 412 1373 467 καίτοι
1423 413 1545 469 λίαν
1596 413 1887 484 ἀφορήτως

1992 406 2056 461 'eo
2090 406 2158 462 ad
2195 422 2322 463 esse
2354 404 2675 478 productis.
2720 402 2835 476 Ego
2864 417 2998 460 vero
3027 405 3281 474 quamvis
3329 406 3573 478 graviter

313 502 447 572 ἔχων
484 501 572 569 ἐφ’
598 497 682 563 οἷς
710 501 885 555 εἰπεῖν
917 502 967 554 οί
995 501 1218 556 δείλαιοι
1244 504 1665 575 τετολμήκασιν,
1709 505 1886 557 ἐκεῖνο

311 595 478 660 δεῖξαι
527 594 885 665 πειράσομαι,
917 593 996 665 τῷ
1046 595 1233 666 σκοπῷ
1273 596 1434 650 πάλιν
1476 596 1741 665 ἑπόμενος
1787 595 1888 665 τῆς

314 687 459 749 θείας
518 685 783 756 Γραφῆς,
843 685 919 750 ὡς
968 687 1201 759 ἔπείπερ
1247 687 1541 759 ἀρνοῦνται
1586 686 1677 741 τὸν
1733 686 1884 751 Υίδν,

316 778 718 848 συνηρνήσαντο
752 776 847 830 τὸν
876 778 1099 849 Πατέρα
1121 820 1137 843 ,
1187 780 1282 832 καὶ
1322 779 1508 834 λοιπόν
1538 781 1678 832 είσιν
1710 779 1884 845 ἀθεοι,

314 871 403 921 καὶ
426 867 621 922 ἐλπίδα
667 868 743 939 μὴ
780 869 995 940 ἔχοντες
1024 871 1083 922 ἐν
1114 869 1249 940 τῷδε
1278 870 1358 941 τῷ
1399 871 1620 942 κόσμῳ,
1656 871 1799 926 κατὰ
1815 871 1887 925 ’τὸ

311 950 714 1029 γεγραμμένον.
741 961 853 1013 Καὶ
869 962 951 1015 ὅτι
990 961 1171 1031 φαμὲν
1195 960 1399 1026 καλῶς,
1435 961 1644 1033 ἀληθὴς
1675 962 1888 1033 μάρτυς

310 1053 437 1122 ἡμῖν
504 1051 822 1122 είσδήσεται
875 1054 904 1105 ὁ
956 1052 1210 1125 θεοφιλὴς
1280 1052 1535 1124 Ἰωάννης
1590 1052 1887 1124 γεγραφὼς

308 1143 469 1197 ὡδί-ι
500 1144 560 1197 '0
588 1143 921 1215 ἀρνούμενος
949 1146 1040 1197 τὸν
1070 1145 1310 1217 Πατέρα,
1342 1146 1436 1200 καὶ
1474 1146 1567 1200 τὸν
1587 1145 1738 1199 Υίδνο
1778 1146 1889 1209 πᾶς

309 1238 336 1291 δ
360 1235 698 1309 ἀρνούμενος
733 1237 826 1291 τὸν
868 1239 994 1292 Υἱὸν
1017 1279 1033 1304 ,
1075 1240 1197 1294 οὐδὲ
1251 1240 1345 1296 τὸν
1386 1241 1610 1314 Πατέρα
1651 1241 1800 1312 ἔχει·
1858 1243 1888 1294 ὁ

309 1327 586 1397 ὁμολογῶν
615 1328 708 1381 τὸν
746 1327 893 1392 Υίδν,
922 1330 1017 1382 καὶ
1050 1330 1141 1383 τὸν
1177 1331 1395 1404 Πατέρα
1436 1330 1570 1403 ἔχει.
1614 1351 1633 1384 ι
1680 1331 1888 1404 Ὀρθῶς

310 1418 363 1473 δέ
387 1437 443 1471 τι
471 1419 594 1473 λίαν
632 1421 663 1473 δ
692 1422 1138 1494 πνευματοφόρος
1163 1464 1178 1487 ,
1212 1425 1309 1477 καὶ
1336 1426 1436 1495 τῆς
1465 1423 1545 1495 τῷ
1573 1424 1717 1494 λόγῳ
1759 1441 1889 1495 πρε-

312 1510 514 1579 πούσης
537 1511 808 1581 ἁρμονίας
828 1512 929 1565 οὐκ
957 1512 1063 1577 ἔξω
1084 1512 1253 1577 τιθεὶς
1275 1514 1337 1567 τὸ
1354 1512 1533 1586 θεὼρη
1543 1532 1636 1585 μα.
1669 1514 1886 1586 Ἐπειδὴ

311 1604 417 1676 γὰρ
447 1600 589 1657 οἶδεν
615 1604 717 1658 οὐκ
759 1605 986 1676 ὀνόματι
1043 1606 1237 1676 μόνον,
1273 1607 1525 1679 ἐνεργείᾳ
1567 1608 1624 1662 δὲ
1662 1607 1885 1678 μᾶλλον,

310 1695 444 1767 ὅπερ
475 1690 615 1750 εἶναι
644 1697 741 1750 καὶ
777 1696 1026 1766 λέγεται,
1070 1697 1219 1752 τοῦτ’
1270 1698 1385 1752 ἔστι
1410 1738 1426 1764 ,
1477 1699 1669 1771 Πατὴρ
1694 1739 1708 1763 ,
1744 1697 1889 1753 κατὰ

312 1787 471 1856 φύσιν
513 1788 829 1860 ὑπάρχοντα
854 1829 870 1854 ,
901 1790 1219 1860 ἀναγκαίως
1246 1789 1692 1861 συνεξαρνεῖσθαί
1721 1808 1890 1862 φησιν

312 1878 481 1951 ἑτέρῳ
505 1879 601 1933 τὸν
631 1880 837 1951 ἕτερον.
872 1881 1253 1954 Συνειστρέχει
1284 1882 1395 1954 γάρ
1428 1901 1546 1947 πως
1579 1884 1667 1937 ἀεὶ
1700 1883 1777 1956 τῷ
1821 1899 1889 1953 γε

310 1969 418 2024 δντι
465 1970 605 2024 κατά
638 1971 802 2040 φύσιν
829 1973 924 2027 καὶ
951 1976 1228 2045 νοουμένῳ
1256 1976 1435 2047 Πατρὶ
1459 1974 1555 2029 τοῦ
1591 1975 1890 2046 προελθόν-

311 2079 396 2125 τος
428 2063 490 2127 ἐξ
516 2063 684 2117 αὑτοῦ
715 2065 1058 2136 γεννήματος
1092 2067 1125 2137 ἡ
1153 2066 1358 2135 γνῶσίς
1393 2083 1452 2120 τε
1497 2067 1594 2121 καὶ
1631 2067 1886 2139 δήλωσις,

312 2153 402 2208 καὶ
437 2153 516 2224 τῷ
550 2154 865 2227 γεννηθέντι
924 2156 1068 2212 κατά
1118 2157 1414 2229 ἀλήθειαν,
1457 2159 1518 2213 τὸ
1557 2157 1650 2213 τοῦ
1685 2160 1887 2213 τίκτειν

310 2247 618 2316 πεφυκότος
659 2250 1053 2302 συνεπινοείται
1107 2250 1420 2321 πρόσωπον.
1450 2251 1602 2321 Ἀμα
1644 2251 1753 2323 γάρ
1802 2269 1889 2317 τις

312 2335 454 2404 ἔγνω
486 2335 723 2407 πατέρα,
758 2337 993 2409 συνῆκεν
1029 2338 1111 2391 ὃτι
1139 2339 1459 2411 γεγέννηκε,
1496 2341 1591 2394 καὶ
1616 2342 1665 2394 εί
1699 2341 1885 2413 μάθει⁶

307 2426 368 2482 τὸ
397 2427 678 2498 γέννημα,
706 2428 1039 2483 διακείσεται
1076 2432 1296 2495 πάντως
1336 2433 1418 2486 ὅτι
1473 2433 1680 2505 πατρὸς
1723 2434 1886 2503 ἐξέφυ

306 2518 474 2583 τινός.
505 2518 713 2573 Οὐκοῦν
742 2520 813 2574 δι’
845 2521 1049 2591 ἀμφοῖν
1078 2524 1194 2585 τοῖς
1226 2522 1599 2592 ἀκροωμένοις
1630 2524 1664 2594 ἡ
1692 2523 1887 2578 ἐκατέ-

309 2626 408 2680 ρου
441 2610 642 2678 γνῶσις
679 2611 983 2667 ὲντίκτεται
1008 2628 1022 2641 ·
1062 2613 1158 2667 καὶ
1205 2614 1586 2685 ἀρνησάμενος
1633 2616 1732 2686 μέν
1779 2634 1884 2682 τις,

302 2705 387 2758 ὅτι
422 2704 615 2774 Πατήρ
646 2704 795 2757 ἑστιν
822 2704 1043 2775 ἀληθῶς
1076 2706 1105 2758 ὁ
1142 2704 1294 2770 Θεὸς,
1329 2709 1717 2778 συναναιρήσει
1749 2707 1887 2762 πάν-

303 2812 413 2858 τως
452 2796 553 2866 τὴν
583 2795 677 2848 τοῦ
710 2795 839 2849 Υίοῦ
886 2796 1163 2868 γέννησιν.
1208 2796 1465 2869 Γέννημα
1506 2798 1563 2852 δὲ
1594 2799 1756 2855 πάλιν
1786 2801 1886 2872 οὐχ

303 2887 644 2958 ὁμολογήσας
667 2883 809 2940 εἶναι
838 2887 931 2941 τὸν
960 2887 1109 2952 Υίὸν,
1139 2888 1238 2960 τὴν
1272 2889 1404 2961 περὶ
1443 2889 1536 2943 τοῦ
1566 2892 1783 2963 Πατρὸς
1809 2893 1885 2961 (1)

303 2979 506 3049 γνῶσιν
532 2971 807 3046 συνεξελεῖ
838 2978 904 3051 δὴ
951 2979 1170 3044 πάντως
1197 2980 1367 3053 αὐτῷ.
1395 2983 1525 3036 Ὅτε
1551 2982 1731 3036 τοίνυν
1773 2984 1887 3046 τοῖς

303 3072 539 3136 ἀνοσίοις
591 3072 738 3142 ἡμᾶς
789 3072 1300 3144 κατασφενδονήσας
1342 3072 1522 3142 λόγοις
1543 3114 1557 3139 ,
1603 3074 1887 3147 διακεκρι-

306 3163 474 3234 μένην
517 3161 615 3215 τοῦ
660 3164 960 3235 ἀγεννήτου
994 3163 1133 3217 Θεοῦ
1180 3164 1280 3236 τὴν
1320 3165 1509 3220 οὐσίαν
1557 3165 1886 3222 διατείνεται

303 3248 445 3319 ἔχειν
475 3249 571 3303 τὸν
599 3249 764 3317 Υίδν,
798 3251 917 3314 πῶς
946 3252 1008 3304 ού
1040 3252 1340 3323 διαρρήδην
1374 3255 1497 3308 οὐδὲ
1543 3255 1672 3310 Υἱὸν
1710 3257 1888 3329 ὑπάρ-

302 3356 419 3411 χειν
450 3341 620 3395 αὐτὸν
661 3342 955 3411 ὁμολογεῖς
1014 3343 1145 3398 Υίοῦ
1194 3344 1252 3400 δὲ
1304 3347 1407 3400 ούκ
1435 3346 1589 3411 ὄντος
1612 3388 1627 3411 ,
1676 3349 1787 3403 οὐδ’
1819 3349 1885 3404 ἂν

310 3432 472 3497 αὐτὸς
502 3433 534 3485 δ
557 3433 747 3506 Πατὴρ
775 3434 993 3506 ἀληθῶς
1020 3435 1101 3489 ἔτι
1134 3440 1307 3492 νοοῖτο
1339 3440 1550 3511 Πατήρ.
1588 3440 1748 3504 Τίνος
1776 3440 1887 3513 γὰρ

304 3523 456 3577 ἔσται
498 3526 700 3596 πατὴρ,
747 3528 797 3580 εί
829 3527 905 3597 μὴ
930 3528 1165 3596 τέτοκες
1197 3533 1593 3605 Διακεκρίσθαι
1626 3535 1727 3604 μὲν
1777 3536 1888 3609 γὰρ

302 3616 424 3686 οὐχὶ
451 3617 555 3687 τῆς
583 3617 805 3683 οὐσίας,
854 3620 993 3674 ἀλλά
1043 3621 1138 3675 τοῦ
1189 3624 1487 3694 προσώπου
1539 3627 1635 3680 τοῦ
1676 3629 1889 3697 Πατρὺς

202 3752 209 3761 κ
306 3711 397 3763 καὶ
431 3710 591 3764 αύτοὶ
630 3728 810 3782 φαμεν
837 3713 943 3767 τὺνκ
975 3713 1134 3779 Υίδν,
1183 3716 1283 3786 οὐχ
1331 3715 1408 3780 ὡς
1434 3716 1723 3791 ἀλλότριον
1755 3721 1889 3778 ὄντα

305 3800 445 3854 κατά
483 3800 649 3870 φύσιν
681 3801 850 3856 αὑτοῦ
874 3844 889 3869 ,
935 3804 1186 3878 καθάπερ
1215 3807 1410 3877 ἀμέλει
1449 3810 1565 3874 τοῖς
1593 3809 1888 3884 θεομάχοις

301 3890 470 3957 δοκεῖ,
509 3891 626 3945 ἀλλ’
652 3893 728 3957 ὠς
763 3894 892 3948 ὄντα
920 3913 979 3950 τε
1013 3898 1109 3951 καὶ
1144 3898 1437 3979 νοούμενον
1466 3903 1525 3956 ὲν
1571 3903 1686 3976 ίδίῳ
1713 3922 1889 3977 προσ-

299 3982 464 4056 ώπῳ,
508 3986 605 4039 καὶ
638 3988 756 4040 κατ’
804 3986 942 4040 ίδίαν
975 3987 1211 4060 ὕπαρξιν
1254 3992 1559 4065 ἑτερότητι.
1611 3996 1742 4061 Tib;
1777 3998 1889 4072 γάρ

302 4076 450 4141 ἔστι,
492 4078 593 4131 καὶ
626 4080 687 4132 οὐ
714 4080 902 4151 Πατήρ
925 4097 939 4111 ·
971 4082 1352 4155 διακεκρίσθαι
1390 4103 1454 4155 γε
1505 4088 1615 4159 μὴν
1648 4091 1770 4145 κατ’
1798 4092 1889 4146 ού-

306 4169 429 4255 σίαν
456 4168 574 4223 οὔτ’
599 4170 669 4225 ἂν
701 4172 856 4226 αὐτοὶ
887 4174 1150 4247 φαίημεν,
1184 4175 1240 4230 ετ
1258 4195 1321 4247 γε
1353 4180 1661 4253 φρονοῦμεν
1686 4182 1887 4255 ὀρθῶς,

304 4253 427 4349 οὔτε
468 4257 577 4349 τινὶ
606 4257 716 4311 τῶν
761 4260 1023 4349 ἁδελφῶν-
1052 4265 1589 4340 συμϐουλεύσαιμεν.
1624 4253 1752 4338 Πῶς
1780 4275 1892 4349 γὰρ

305 4344 370 4396 ἂν
398 4346 496 4400 καὶ
534 4347 878 4421 διακέκριται
910 4344 1073 4423 μόνον
1093 4394 1110 4421 ,
1152 4356 1275 4410 καθ’
1306 4358 1446 4431 ὅπερ
1482 4362 1631 4417 ἐστὶν
1672 4344 1893 4432 ἰδιαζόν-

1993 505 2048 554 et
2081 499 2274 569 iniquo
2302 499 2493 552 animo
2526 496 2701 553 feram
2737 512 2802 553 ea
2829 511 2953 568 qua:
2985 496 3235 569 proferre
3264 498 3387 552 ausi
3442 506 3573 554 sunt

1995 590 2210 655 miseri,
2242 591 2543 647 ostendere
2573 598 2755 644 tamen
2808 589 3056 645 conabor
3108 603 3339 660 scopum
3375 605 3572 645 rursus

1995 696 2236 752 sequens
2264 680 2467 737 divinae
2498 680 2803 752 Scriptum
2824 720 2839 745 ,
2877 696 2975 737 eos
3015 696 3214 752 nempe
3242 681 3337 752 qui
3374 692 3576 752 negant

1994 770 2194 828 Filium
2213 815 2228 840 ,
2261 772 2428 828 simul
2454 787 2674 843 quoque
2705 782 2911 844 negare
2937 770 3158 827 Patrem
3182 812 3198 837 ,
3223 787 3431 844 eosque
3456 772 3575 828 sine

1994 865 2106 922 Deo
2162 866 2382 922 tandem
2436 880 2602 929 esse,
2651 874 2705 920 et
2751 880 2907 936 spem
2960 880 3071 920 non
3118 864 3323 920 habere
3371 863 3427 919 in
3471 863 3575 917 hoc

1996 958 2239 1019 mundo,
2275 957 2423 1012 sicut
2448 957 2716 1027 scriptum
2751 962 2837 1011 est
2871 956 2960 1009 "l
2990 954 3145 1022 Quod
3176 962 3326 1011 recte
3353 971 3382 1009 a
3416 954 3572 1010 u‘ohis

1994 1049 2143 1114 diei,
2179 1048 2338 1105 testis
2390 1049 2642 1120 locuples
2687 1048 2851 1103 nobis
2904 1048 3011 1103 erit
3059 1048 3184 1119 pius
3215 1048 3307 1103 ille
3330 1046 3569 1103 Joannes

1994 1142 2069 1195 ita
2098 1140 2387 1197 seribens:
2419 1159 2437 1191 ι
2461 1139 2566 1206 Qui
2601 1140 2818 1195 Patrem
2843 1149 3043 1211 negat,
3067 1148 3227 1211 negat
3249 1146 3303 1194 et
3328 1137 3530 1193 Filium
3555 1154 3570 1168 ·

1995 1232 2178 1288 omnis
2208 1232 2305 1301 qui
2342 1238 2505 1302 negat
2536 1229 2739 1285 Filium
2763 1271 2779 1296 ,
2816 1245 2918 1285 nec
2962 1229 3183 1285 Patrem
3228 1232 3396 1287 habet
3428 1250 3441 1286 :
3476 1231 3573 1302 qui

1994 1322 2289 1379 conﬁtetur
2318 1322 2520 1377 Filium
2541 1362 2558 1388 ,
2590 1330 2645 1378 et
2677 1322 2896 1378 Patrem
2933 1323 3096 1379 habet
3129 1325 3194 1378 θ’.
3226 1342 3246 1375 ›
3276 1323 3442 1380 [lecte
3472 1339 3576 1378 au-

1995 1422 2106 1470 tem
2139 1415 2227 1467 vir
2253 1414 2503 1480 divinus,
2552 1428 2735 1484 neque
2781 1414 2835 1469 id
2871 1423 3027 1471 extra
3060 1417 3337 1472 sermonis
3374 1419 3574 1474 seriem

1995 1484 2356 1560 et‘ordinem.
2391 1504 2526 1559 Nam
2558 1520 2682 1559 cum
2719 1505 2890 1561 sciret
2934 1523 3044 1562 non
3090 1508 3266 1563 solum
3318 1510 3573 1574 nomine,

1996 1601 2093 1657 sed
2142 1616 2203 1657 re
2243 1610 2298 1656 et
2337 1608 2461 1656 actu
2497 1601 2717 1672 potius,
2758 1601 2811 1656 id
2843 1602 2990 1672 quod
3031 1618 3155 1659 esse
3195 1603 3423 1672 dicitur,
3468 1603 3577 1657 Pa-

1996 1701 2133 1748 trem
2166 1692 2429 1747 nimirum
2460 1693 2766 1749 secundum
2818 1703 3068 1748 naturam
3123 1696 3427 1759 exsistere,
3477 1711 3577 1750 ne-

1923 1766 1968 1821 B
1999 1782 2243 1840 cessario
2289 1781 2458 1838 infert
2521 1783 2757 1839 alterum
2806 1785 2997 1855 negari
3045 1802 3152 1841 una
3197 1802 3322 1841 cum
3375 1787 3575 1843 altero.

1993 1873 2294 1931 Concurrit
2328 1875 2475 1930 enim
2521 1889 2646 1930 cum
2693 1891 2761 1931 eo
2807 1876 2901 1946 qui
2944 1884 3140 1932 natura
3191 1878 3353 1933 Pater
3394 1888 3475 1935 est
3513 1894 3580 1934 ac.

1994 1967 2351 2039 intelligitur,
2379 1968 2742 2038 procedentis
2784 1983 2852 2025 ex
2889 1969 3011 2040 ipso
3045 1967 3170 2024 Filii
3205 1972 3447 2043 cognitio
3495 1982 3579 2033 at-~

1993 2075 2102 2132 que
2129 2060 2461 2133 signiﬁcatio
2481 2100 2497 2129 ,
2536 2068 2592 2117 et
2623 2076 2747 2117 cum
2782 2077 2848 2118 co
2875 2064 2967 2133 qui
3003 2079 3194 2120 revera
3225 2066 3444 2136 genitus
3470 2076 3575 2131 est,

1990 2154 2263 2226 genitoris
2291 2168 2527 2224 persona
2559 2154 2725 2211 simul
2759 2156 3094 2226 concipitur.
3131 2154 3307 2211 Simul
3338 2171 3403 2211 ac
3429 2157 3576 2212 enim

1993 2254 2208 2318 patrem
2252 2246 2410 2301 novit
2441 2247 2677 2318 aliquis,
2714 2247 2974 2319 genuisse
3016 2247 3308 2320 intelligit;
3338 2256 3396 2304 et
3428 2249 3477 2305 si
3514 2249 3577 2303 li-

1993 2335 2127 2391 lium
2160 2330 2443 2404 audierit,
2475 2336 2670 2408 utique
2699 2338 2900 2411 sentiet
2933 2354 3000 2394 ex
3036 2339 3227 2410 aliquo
3262 2349 3416 2410 patre
3458 2340 3577 2394 edi-

1994 2437 2128 2485 tum.
2158 2429 2427 2496 Quocirca
2450 2446 2547 2501 per
2569 2431 2807 2487 alterum
2828 2431 3058 2487 alterius
3083 2433 3279 2487 notitia
3303 2433 3358 2487 in
3384 2434 3577 2489 menti-

1992 2521 2098 2578 bus
2127 2522 2441 2578 auditorum
2470 2522 2735 2594 gignitur,
2765 2530 2820 2581 et
2844 2523 2891 2578 si
2923 2522 3049 2593 quis
3081 2524 3370 2595 negaverit
3405 2523 3575 2579 Deum

1993 2627 2123 2668 vere
2149 2627 2275 2668 esse
2305 2610 2524 2666 Patrem
2546 2653 2561 2677 ,
2597 2612 2760 2668 simul
2797 2613 2962 2668 etiam
2995 2611 3117 2667 Filii
3161 2612 3574 2685 generationem

1993 2712 2227 2762 evertet.
2266 2704 2480 2761 Rursus
2506 2720 2675 2769 vero,
2707 2707 3029 2776 quicunque
3057 2706 3312 2776 genimeu
3346 2722 3456 2762 non
3493 2705 3575 2760 fa-

1991 2794 2199 2851 tebitur
2227 2809 2353 2850 esse
2383 2793 2583 2849 Filium
2604 2834 2619 2860 ,
2669 2795 2897 2849 omnino
2930 2794 3114 2851 Patris
3159 2796 3417 2852 notitiam
3465 2814 3574 2853 una

1991 2901 2119 2944 cum
2152 2889 2274 2960 ipso
2302 2887 2519 2958 eripiet.
2551 2887 2686 2944 Cum
2717 2903 2850 2959 ergo
2884 2903 2985 2945 nos
3018 2887 3202 2958 impiis
3233 2897 3430 2960 petens
3458 2905 3574 2946 ser-
3652 2890 3661 2901 ’

1993 2980 2287 3045 monibus,
2319 2978 2643 3034 distinctam
2671 2977 2741 3033 ab
2774 2979 3023 3052 ingenito
3050 2978 3165 3036 Deo
3202 2980 3573 3037 substantiam

1996 3073 2199 3131 habere
2216 3070 2416 3127 Filium
2441 3070 2769 3136 contendat,
2796 3072 3061 3142 numquid
3094 3081 3283 3143 aperte
3310 3073 3576 3144 prmdicat

1993 3182 2063 3223 ne
2092 3166 2276 3238 ipsum
2301 3165 2527 3236 quidem
2558 3180 2683 3221 esse
2711 3163 2910 3219 Filium
2935 3166 2957 3220 ?
2988 3164 3146 3232 Quod
3182 3167 3228 3221 si
3256 3165 3433 3223 Filius
3464 3184 3573 3222 non

1990 3259 2097 3325 sit,
2128 3273 2198 3315 ne
2223 3258 2342 3328 ipse
2366 3257 2606 3328 quidcm'
2617 3257 2733 3327 jam
2758 3256 2921 3312 Pater
2945 3273 3073 3313 vere
3099 3259 3442 3313 censebitur.
3469 3260 3576 3313 (Iu-

1984 3350 2078 3421 jus
2124 3350 2274 3406 enim
2320 3358 2477 3420 pater
2523 3348 2743 3404 futurus
2787 3356 2894 3416 est,
2942 3350 2989 3403 si
3041 3365 3149 3403 non
3196 3350 3577 3419 genuit?Dis-

1991 3442 2227 3497 tinctum
2269 3443 2472 3512 quippe
2506 3457 2632 3498 esse
2683 3456 2796 3497 non
2833 3456 2864 3495 a
2899 3440 3213 3498 substantia
3237 3481 3254 3507 ,
3305 3443 3400 3499 scd
3451 3457 3577 3512 per-

1990 3548 2124 3589 sona
2160 3532 2340 3588 Patris
2367 3533 2471 3604 ipsi
2499 3548 2721 3605 quoque
2747 3532 3051 3591 asserimus
3073 3575 3088 3600 ,
3121 3549 3230 3589 non
3257 3533 3416 3604 quasi
3447 3533 3578 3588 alie-

1989 3639 2100 3681 nus
2133 3624 2208 3679 sit
2240 3624 2311 3679 ab
2338 3637 2406 3679 eo
2438 3623 2750 3679 secundum
2781 3633 3037 3679 naturam
3058 3663 3073 3690 ,
3104 3624 3267 3679 sicuti
3312 3624 3574 3679 nimirum

1992 3716 2088 3773 Dei
2125 3715 2386 3774 hostibus
2416 3716 2661 3782 videtur,
2688 3716 2785 3772 sed
2820 3727 2880 3772 ut
2904 3717 2996 3787 qui
3026 3716 3099 3772 sit
3137 3725 3194 3773 et
3238 3717 3577 3788 intelligatur

1993 3807 2051 3865 in
2085 3807 2309 3879 propria
2342 3822 2582 3878 persona
2603 3849 2618 3874 ,
2652 3806 2819 3879 798
2848 3817 2903 3863 et
2944 3808 3233 3879 hypostast
3277 3809 3437 3864 alter.
3485 3809 3578 3864 Fi-

1991 3898 2103 3955 lius
2155 3900 2304 3955 enim
2351 3908 2466 3964 est,
2514 3915 2579 3954 ae
2614 3916 2722 3955 non
2755 3900 2956 3956 Pater:
2994 3917 3177 3971 neque
3222 3909 3408 3958 tamen
3444 3904 3576 3959 'sub-

1993 3992 2202 4048 stantia
2248 3991 2515 4063 distingui
2559 3992 2906 4058 dixerimus,
2952 3992 2999 4049 si
3047 4009 3202 4050 mens
3245 3994 3407 4050 nobis
3442 4009 3581 4071 sana

1992 4081 2101 4148 sit,
2136 4096 2317 4155 neque
2362 4082 2421 4138 id
2476 4082 2574 4138 ulli
2622 4082 2859 4138 fratrum
2910 4086 3379 4141 consuluerimus.
3430 4085 3580 4151 Quo-

1993 4174 2159 4230 modo
2188 4174 2336 4231 enim
2365 4174 2534 4231 etiam
2565 4174 2999 4245 unumquodque
3032 4175 3426 4246 singularitate
3457 4190 3579 4244 per-

1994 4283 2144 4326 sona:
2178 4275 2392 4324 tantum
2426 4266 2833 4338 distinguitur?
2858 4266 3055 4322 Petrus
3087 4267 3231 4320 enim
3261 4275 3349 4322 est
3378 4265 3579 4323 Petrus

1993 4375 2059 4416 ac
2084 4376 2199 4417 non
2235 4359 2469 4425 Paulus;
2501 4365 2557 4415 et
2586 4357 2795 4415 Paulus
2826 4366 2910 4415 est
2940 4358 3171 4426 Paulus,
3197 4375 3307 4414 non
3339 4359 3540 4416 Petrus
3562 4403 3579 4428 ,

304 4452 412 4499 τως
446 4436 722 4505 ἔκαστον;
778 4442 837 4494 ’0
873 4444 1081 4517 Πέτρος
1119 4447 1230 4518 γὰρ
1284 4450 1493 4523 Πέτρος
1536 4454 1655 4508 ἐστὶ
1692 4457 1788 4510 καὶ
1828 4458 1888 4512 οὒ

1996 4460 2379 4509 verumtamen
2450 4451 2763 4509 iudistincti
2820 4461 3106 4508 remanent
3169 4462 3391 4509 natura.
3458 4452 3581 4510 Una

306 4528 551 4620 Παῦλος,
581 4531 674 4584 καὶ
717 4534 746 4585 ὁ
778 4533 992 4598 Παῦλος
1025 4536 1086 4589 ού
1136 4538 1343 4611 Πέτρος
1371 4581 1386 4603 ,
1420 4543 1645 4614 μένουσί
1682 4562 1746 4615 γε
1782 4549 1891 4620 μὴν

306 4617 607 4711 ἀδιάκριτοι
637 4624 779 4677 κατά
809 4625 909 4697 τὴν
940 4626 1122 4696 φύσιν.
1164 4625 1261 4695 Εἷς
1289 4633 1397 4704 γὰρ
1442 4636 1529 4689 ἐπ’
1560 4636 1762 4709 ἀμφοῖν
1785 4617 1892 4711 τῆς

306 4709 493 4775 οὐσίας
518 4714 550 4765 ὀ
574 4713 756 4783 λόγος,
787 4715 884 4769 καὶ
928 4717 1038 4771 τῶν
1062 4719 1256 4775 ἀὐτῶν
1299 4723 1744 4796 ἀπαραλλάκτως
1777 4709 1890 4797 ἔξει

303 4799 373 4897 τά
421 4803 833 4897 πρὸςένότητα
866 4810 1124 4897 ’φυσικὴν
1173 4815 1530 4888 συνδούμενα.
1584 4819 1693 4875 Τοῦ
1737 4822 1794 4875 δὲ
1823 4824 1889 4897 δὴ

308 4887 466 4985 χάριν
528 4890 607 4985 τάν
658 4893 887 4948 τοιαῦτά
937 4913 1162 4968 φαμεν;
1241 4887 1535 4973 Ἐπιδεῖξαι
1594 4910 1703 4983 γὰρ
1760 4887 1892 4985 ἡμῖν

307 4981 535 5073 σκοπὸς,
582 4983 666 5037 ὃτι
709 4987 1036 5055 φρονοῦντες
1061 4991 1262 5046 ἐκεῖνοι
1291 4994 1586 5067 δυσσεῦὦς,
1618 4981 1721 5073 τῆς
1750 4981 1893 5061 κατά

304 5071 469 5171 φύσιν
525 5073 779 5171 θεύτητος
836 5079 1117 5146 ἐξέλκουσι
1169 5085 1262 5139 τὸν
1307 5088 1470 5154 Υἱὸν,
1533 5071 1690 5149 οὐδὲν
1742 5099 1893 5171 αὐτῷ

303 5162 491 5230 πλέον,
527 5167 782 5241 καθάπερ
818 5171 918 5242 ἤδη
964 5175 1301 5249 προείπομεν
1323 5221 1338 5245 ,
1402 5187 1659 5257 σχετικῆς
1687 5162 1890 5243 ἀπονέζ

305 5270 501 5323 μοντες
529 5259 862 5332 οἰκειότητος
899 5264 1001 5335 τῆς
1048 5266 1124 5331 ὡς
1155 5270 1296 5342 πρὸς
1339 5274 1560 5347 Πατέρα
1594 5281 1690 5334 καὶ
1735 5282 1888 5340 Θεόν.

316 5348 471 5450 ΞΙῖἒπεὶ
497 5349 783 5450 but-notat:
830 5358 1011 5412 αίτίαν
1043 5362 1193 5431 ἡμᾶς
1240 5370 1663 5443 παραδείγματα
1702 5394 1888 5450 παρα-

302 5437 491 5504 θέντες
525 5443 621 5497 τοῦ
668 5445 863 5514 λόγου,
913 5451 1181 5526 Καθάπερ
1225 5437 1422 5528 ἡμεῖς,
1460 5437 1624 5534 φασὶν
1648 5513 1662 5535 ,
1710 5437 1888 5543 ἀμιγῆ

385 5597 430 5629 ’³
474 5598 674 5669 Eplies.
713 5620 776 5670 ιι,
812 5605 896 5661 12.
982 5571 1076 5665 u‘l
1106 5609 1266 5669 Joau.
1298 5631 1361 5682 ιι,
1393 5618 1486 5677 22.

1994 4547 2146 4603 enim
2188 4554 2275 4602 est
2316 4546 2376 4602 in
2411 4547 2685 4602 ambobus
2725 4548 2870 4602 ratio
2904 4547 3263 4614 substantias,
3296 4557 3352 4605 et
3385 4548 3580 4606 eadem

1995 4640 2138 4695 citra
2171 4639 2536 4693 variationem
2571 4638 2740 4693 ullam
2772 4638 2981 4695 habent
3010 4655 3135 4711 qua:
3166 4641 3234 4696 ad
3268 4644 3579 4698 naturalem

1995 4732 2262 4786 unitatem
2295 4731 2651 4803 colligantur.
2675 4730 2851 4798 Quam
2875 4748 3008 4788 vero
3034 4733 3105 4788 ob
3132 4749 3352 4789 causam
3386 4734 3581 4790 istbmc

1995 4823 2277 4879 dicimus?
2309 4823 2525 4894 Quippe
2579 4825 2924 4894 propositum
2958 4835 3044 4882 est
3089 4826 3250 4882 nobis
3286 4827 3583 4884 ostendere

1996 4917 2170 4989 quod,
2200 4932 2323 4972 cum
2356 4918 2438 4972 illi
2466 4918 2632 4988 impie
2660 4919 2971 4986 sentiant,a
2998 4920 3239 4975 naturali
3266 4920 3468 4975 deitatc
3494 4918 3585 4973 Fi-

1999 5010 2135 5065 liqu
2163 5008 2500 5073 excludunt,
2533 5008 2711 5065 nihilo
2747 5011 2874 5080 plus
2906 5010 2955 5065 ei
2982 5049 2997 5075 ,
3028 5020 3086 5065 ut
3114 5023 3279 5065 antea
3302 5008 3573 5073 diximus,

1998 5103 2342 5166 tribuentes,
2365 5116 2531 5171 quam
2567 5102 2855 5157 relativam
2885 5118 3010 5158 cum
3040 5101 3200 5157 Patre
3225 5112 3278 5156 et
3311 5102 3418 5157 Deo
3442 5117 3581 5157 cou-

1992 5195 2359 5263 junctionem.
2389 5192 2567 5260 Quam
2597 5195 2742 5249 cnim
2771 5195 2842 5249 ob
2868 5209 3089 5249 causam
3120 5193 3283 5250 nobis
3308 5194 3362 5249 in
3392 5209 3581 5250 exem-

2001 5287 2149 5356 plum
2191 5286 2314 5355 ejus
2353 5286 2501 5356 quod
2545 5287 2703 5342 aiunt
2735 5286 3034 5357 prepositis
3060 5304 3076 5342 :
3103 5286 3579 5355 Quemadmodum

2001 5397 2102 5437 nos
2123 5424 2137 5446 ,
2169 5380 2460 5452 inquiunt,
2499 5382 2797 5437 immistam
2831 5396 2957 5436 cum
2991 5396 3059 5438 eo
3098 5384 3372 5440 habemus
3403 5382 3579 5452 hypo-

2000 5478 2226 5543 stasim,
2262 5495 2387 5534 cum
2422 5482 2594 5537 simus
2631 5480 2682 5534 in
2719 5480 2871 5553 ipso,
2912 5482 2984 5537 ita
3018 5491 3076 5537 et
3105 5483 3222 5554 ipse
3254 5482 3575 5540 distinctam

380 5759 454 5830 (l)
491 5759 617 5830 Ed.,
649 5760 987 5835 Πνεύματος.
1024 5769 1298 5846 luterprcs
1333 5784 1514 5835 tamen
1545 5780 1756 5853 Πατρὸς
1791 5782 1888 5856 legi

1992 5825 2015 5855 τ.
2053 5784 2207 5842 Eutr.
