4042 6204
297 320 398 377 241

1377 321 1445 377 IN
1464 321 1762 380 'JOANNIS
1809 319 2252 377 EVANGELIUM
2295 320 2421 377 LIB.
2458 321 2548 376 IX.

3451 326 3559 381 259.

302 439 481 511 ἔργων
516 438 758 509 ίσότητός
790 455 849 492 τε
879 436 974 492 καὶ
1016 440 1331 512 ὁμοιότητος
1367 440 1723 513 ποδηγεῖσθαι
1754 438 1876 512 βού-

2003 446 2146 494 atem
2175 454 2406 510 operum
2436 418 2473 492 εἶ
2495 437 2656 494 nobis
2680 436 2887 508 inquiri
2921 438 3148 504 volens,
3176 455 3280 496 suo
3306 441 3454 498 Patri
3481 461 3561 500 se-

302 525 452 583 λεται
484 528 576 582 τὸν
607 528 875 599 ἡμέτερον
919 528 1045 583 νοῦν
1085 530 1181 584 ἐπὶ
1224 530 1288 584 τὸ
1338 530 1538 602 χρῆναι
1597 532 1878 585 πιστεύειν

302 619 712 682 ἀνενδοιάστως,
753 619 830 682 ὡς
864 620 952 690 εἴη
998 621 1096 692 μὲν
1126 621 1288 684 αὐτὸς
1317 623 1375 676 ὲν
1413 621 1623 695 Πατρὶ,
1674 622 1789 692 ἔχει
1823 621 1880 675 δὲ

304 704 370 761 αὖ
399 708 562 762 πάλιν
591 709 650 762 ἐν
688 707 866 779 ἐαυτῷ
909 709 1003 763 τὸν
1047 711 1268 783 Πατέρα
1294 728 1308 777 ;
1346 707 1424 766 Ἦ
1456 714 1562 785 γάρ
1593 713 1713 783 οὐχὶ
1745 714 1879 766 πᾶσι

307 797 700 868 προδηλότατον
728 800 823 851 καὶ
858 799 1058 870 ἀληθὲς
1080 801 1339 872 κὺπάρχον
1376 805 1570 877 ὁρᾶται
1594 843 1609 866 ,
1658 805 1741 857 ὅτι
1779 804 1879 875 τὴν

305 891 413 942 τῶν
441 889 621 960 ἔργων
656 890 1016 963 λαμπρότητα
1047 893 1178 963 παρ’
1213 894 1367 965 ήμῶν
1397 894 1748 960 ἐξετάζεσθαι
1800 895 1884 950 θέ-

302 982 431 1044 λων,
458 981 709 1053 ίσοσθενῆ
742 983 1021 1038 δείκνυσιν
1049 986 1243 1040 ἐαυτὸν
1282 985 1361 1057 τῷ
1402 987 1518 1058 ἰδίῳ
1562 986 1761 1058 Πατρὶ,
1806 988 1882 1051 ὡς

301 1070 494 1124 οὐδένα
530 1070 690 1139 λόγον
716 1071 949 1143 ἐχούσης
979 1074 1060 1127 ἐτι
1108 1075 1206 1146 τῆς
1239 1076 1357 1128 κατ’
1388 1076 1577 1129 οὐσίαν
1616 1077 1883 1147 διακοπῆς

304 1168 399 1216 καὶ
444 1163 680 1233 φυσικῆς
726 1164 1046 1237 ἑτερότητος
1069 1204 1086 1229 ,
1143 1168 1193 1220 εί
1242 1168 1355 1230 τοῖς
1407 1166 1542 1230 ἴσοις
1597 1170 1882 1238 ἐπαυχοῖεν

304 1252 724 1324 κατορθώμασιν
756 1254 919 1318 αὑτός
955 1272 1014 1309 τε
1054 1257 1150 1311 καὶ
1180 1259 1209 1310 ὁ
1247 1258 1473 1328 Πατήρ;
1526 1258 1726 1312 Ἑννόει
1774 1258 1884 1331 γὰρ

303 1343 453 1404 ὅπως
510 1336 713 1396 ούκ’ὲν
758 1341 968 1409 τούτοις
1019 1346 1208 1415 ήμεῖς,
1238 1346 1354 1400 ἀλλ’
1404 1346 1612 1420 ἐτέροις
1643 1350 1753 1402 τισὶ
1784 1350 1885 1422 τὴν

307 1433 444 1504 πρὸς
474 1432 567 1486 τὸν
594 1432 727 1487 Θεὸν
757 1435 1108 1506 συμμορφίαν
1139 1437 1584 1507 ἐπιτηδεύοντες,
1612 1440 1712 1510 τῆς
1747 1441 1885 1512 πρὸς

305 1524 469 1577 αὐτὸν
526 1524 811 1587 κοινωνίας
871 1526 1191 1597 ἁξιούμεθα.
1258 1529 1722 1603 Ἐποικτείροντες
1776 1532 1887 1606 γάρ

308 1616 572 1688 ἀλλήλους
592 1656 607 1681 ,
649 1617 742 1671 καὶ
787 1617 894 1672 τῶν
922 1619 1023 1690 τῆς
1054 1620 1275 1691 ἀγάπης
1307 1621 1482 1693 ἔργων
1519 1623 1689 1695 ἀπρὶξ
1719 1623 1887 1695 ἐξημ-

311 1708 496 1779 μένοι,
538 1710 635 1763 καὶ
686 1711 869 1763 πᾶσαν
920 1710 1333 1781 ἐπιτηδεύοντες
1386 1715 1485 1785 τὴν
1529 1716 1588 1767 ἐν
1640 1714 1719 1786 τῷ
1762 1716 1885 1770 καθ’

1979 529 2157 600 ipsum
2183 529 2452 600 aequalem
2482 530 2759 595 ostendit,
2796 530 2933 585 adeo
2961 537 3021 584 ut
3052 530 3259 585 nullam
3291 533 3558 589 rationem

1971 613 2089 685 jam
2122 615 2321 671 habeat
2351 616 2443 670 illa
2472 617 2860 673 substantialis
2883 627 2936 673 et
2960 618 3228 674 naturalis
3251 620 3557 686 distinctio,

1979 708 2024 761 si
2048 707 2355 777 aequalibus
2377 705 2539 763 factis
2564 707 2679 779 ipse
2701 716 2758 764 et
2778 707 2940 765 Pater
2963 709 3295 779 glorientur.
3317 709 3559 767 Observa

1980 797 2123 853 enim
2141 808 2322 853 utnon
2338 798 2392 853 in
2405 798 2492 855 his
2510 814 2632 866 nos,
2653 798 2749 857 sed
2765 800 2888 855 aliis
2903 800 3234 870 quibusdam
3250 800 3563 858 conforma-

1978 888 2184 945 tionem
2208 889 2277 944 ad
2301 889 2471 947 Deum
2499 891 2772 957 colentes,
2798 892 3061 949 societate
3092 908 3217 949 cum
3245 894 3370 964 ipso
3391 893 3565 948 done-

1980 993 2125 1034 mur.
2151 980 2258 1034 Alii
2284 981 2430 1035 enim
2454 982 2597 1037 alios
2625 982 2988 1045 miserantes,
3018 991 3073 1039 et
3101 982 3395 1039 charitatis
3431 998 3563 1053 ope-

1982 1070 2143 1126 ribus
2172 1072 2458 1127 mordicus
2488 1072 2845 1139 inhaerentes,
2874 1089 3204 1144 omnemque
3238 1075 3292 1129 in
3318 1074 3423 1130 hac
3447 1076 3565 1130 vita

1982 1156 2321 1215 honestatem
2343 1168 2399 1214 et
2418 1146 2744 1232 gravitatem
2776 1163 3039 1226 colentes,
3061 1171 3192 1219 tunc
3213 1173 3365 1221 certe
3392 1165 3481 1220 vix
3508 1166 3563 1219 in

1985 1249 2096 1304 Deo
2129 1266 2253 1307 esse
2285 1252 2547 1309 dicimur.
2586 1254 2761 1326 Cujus
2796 1256 2874 1309 rei
2911 1256 3070 1312 testis
3097 1264 3182 1311 est
3206 1255 3447 1313 Joannes
3476 1258 3564 1312 di-

1984 1357 2115 1397 cens
2137 1361 2151 1396 :
2171 1362 2189 1395 ι
2214 1343 2270 1398 lu
2301 1344 2403 1399 hoc
2431 1346 2640 1402 scimus
2666 1347 2792 1417 quia
2822 1346 2878 1400 in
2909 1347 3029 1417 ipso
3054 1364 3271 1403 sumus.
3296 1348 3400 1414 Qui
3431 1348 3566 1403 dicit

1985 1449 2045 1488 se
2080 1436 2132 1488 iu
2170 1436 2290 1505 ipso
2323 1452 2542 1493 manere
2565 1479 2581 1502 ,
2619 1437 2815 1503 debet,
2847 1439 2992 1495 sicut
3022 1441 3113 1496 ille
3142 1441 3483 1505 ambulavit,
3514 1449 3569 1497 et

1986 1525 2099 1596 ipse
2136 1527 2419 1582 ambulare
2449 1530 2549 1582 ³⁸.»
2595 1529 2661 1583 Et
2700 1546 2933 1587 rursus:
2966 1550 2984 1583 ι
3017 1531 3146 1594 Vos,
3175 1534 3390 1602 inquit,
3418 1533 3568 1603 quod

1987 1614 2222 1671 audistis
2252 1618 2321 1671 ah
2350 1617 2507 1673 initio
2528 1659 2541 1682 ,
2581 1619 2634 1673 in
2665 1620 2822 1674 vobis
2855 1631 3194 1690 permaneat.
3240 1622 3294 1677 Si
3326 1624 3379 1676 in
3415 1624 3570 1680 vobis

1988 1709 2356 1776 permanserit
2389 1710 2535 1779 quol
2572 1709 2809 1767 audistis
2839 1712 2907 1766 ab
2940 1712 3098 1766 initio
3122 1754 3135 1776 ,
3168 1721 3223 1768 et
3252 1729 3352 1769 vos
3383 1716 3439 1768 in
3475 1714 3570 1767 Fi-

305 1802 455 1871 ήμίς
483 1797 585 1872 βίῳ
616 1803 951 1873 σεμνότητα,
988 1803 1109 1857 τότε
1160 1805 1223 1876 δὴ
1273 1784 1530 1875 μόλιςίέν
1574 1784 1700 1877 Θεῷή
1748 1804 1888 1862 εἶναι

2000 1799 2064 1853 lio
2094 1798 2338 1855 etPatre
2366 1801 2665 1857 manebitis
2696 1802 2762 1858 ".
2799 1822 2817 1855 ι
2845 1803 2908 1856 Et
2938 1804 3068 1874 quid
3102 1806 3173 1859 sit
3202 1805 3337 1859 illud
3367 1806 3436 1860 ab
3463 1806 3570 1860 ini-

305 1890 600 1962 λεγόμεθα.
640 1892 749 1945 Καὶ
772 1891 983 1964 μάρτυς
1017 1893 1270 1964 Ἰωάννης
1296 1896 1471 1965 λέγων
1491 1912 1506 1928 ο
1541 1917 1559 1948 ι
1600 1899 1686 1951 Ἐν
1713 1898 1890 1970 τούτῳ

306 1982 650 2054 γινώσκομεν
672 1986 781 2038 ’ὅτι
827 1986 886 2039 ἐν
931 1986 1082 2058 αὐτῷ
1117 1988 1308 2057 ἐσμέν.
1356 1988 1415 2042 Ὀ
1446 1987 1620 2057 λέγων
1651 1992 1708 2044 ἐν
1739 1991 1891 2062 αύτῷ

310 2075 530 2145 μένειν,
576 2075 817 2145 ὀφείλει,
865 2076 1049 2142 καθὼς
1087 2080 1296 2143 ἐκεῖνος
1326 2080 1701 2153 περιεπάτησε
1728 2124 1743 2149 ,
1797 2085 1892 2138 καὶ

308 2168 470 2232 αὐτὸς
512 2173 861 2241 περιπατεῖν.
913 2190 931 2221 ι
967 2172 1079 2226 Καὶ
1126 2171 1323 2225 πάλιν·
1378 2192 1397 2225 ι
1450 2174 1664 2246 Ὑμεῖς,
1702 2176 1891 2247 φησὶν,

307 2258 338 2312 δ
364 2261 461 2314 ἀπ’
490 2261 669 2333 ἀρχῆς
693 2261 987 2332 ἠκούσατε,
1015 2266 1072 2318 ἐν
1107 2264 1238 2336 ὑμῖν
1268 2265 1478 2336 μενέτω
1496 2283 1509 2297 ·
1544 2269 1638 2319 ἐάν
1679 2269 1735 2321 ἐν
1762 2268 1893 2338 ὑμῖν

312 2352 471 2425 μείνῃ
497 2353 525 2407 ὃ
556 2355 650 2408 ἀπ’
683 2354 860 2426 ἀρχῆς
887 2354 1159 2425 ἠκούσατε
1186 2396 1200 2423 ,
1249 2357 1344 2412 καὶ
1380 2358 1539 2430 ὑμεῖς
1576 2361 1633 2412 ἐν
1665 2360 1741 2431 τῷ
1778 2360 1893 2432 Υἱῷ

308 2446 405 2499 καὶ
450 2447 510 2499 ἐν
558 2445 637 2516 τῷ
669 2446 844 2518 Πατρὶ
877 2450 1111 2518 μενεῖτε.
1149 2466 1168 2499 ι
1199 2449 1311 2503 Καὶ
1353 2450 1407 2503 τί
1454 2452 1515 2503 τὸ
1556 2452 1649 2505 ἀπ’
1694 2453 1892 2525 ἀρχῆς,

306 2536 450 2607 ὅπερ
490 2538 624 2606 ἡμῖν
668 2537 1043 2592 διακελεύεται
1075 2539 1295 2610 μένειν,
1341 2541 1428 2594 ἴνα
1463 2543 1623 2612 ἡμεῖς
1656 2541 1806 2614 ὦμεν
1836 2547 1894 2598 ἐν

311 2624 468 2694 Θεῷ,
501 2625 662 2690 αὐτὸς
691 2628 823 2698 ἡμῖν
852 2626 1004 2681 οὐδὲν
1037 2621 1202 2699 ⁴ἧττον
1252 2632 1510 2699 σαφηνιεῖ
1551 2628 1726 2697 λέγων
1752 2671 1765 2695 ,
1813 2631 1894 2684 ὃτι

317 2735 336 2767 ι
372 2714 524 2785 Αὕτη
557 2716 702 2770 ἐστὶν
737 2717 771 2787 ἡ
800 2717 1102 2787 ἐπαγγελία
1123 2760 1139 2784 ,
1170 2718 1239 2791 ῆν
1268 2719 1540 2788 ἠκούσατε
1571 2721 1666 2773 ἀπ’
1696 2721 1893 2793 ἀρχῆς,

312 2809 404 2862 ῐνα
446 2809 701 2878 ἀγαπᾶτε
747 2808 1029 2880 ἀλλήλους.
1071 2828 1090 2861 ι
1136 2808 1382 2874 Ἀκούεις
1428 2811 1576 2874 ὅπως
1616 2812 1783 2882 ἐσμὲν
1839 2815 1896 2867 ἐν

311 2898 453 2970 Θεῷ,
483 2899 584 2972 τὴν
632 2899 854 2970 ἀγάπην
898 2899 1138 2969 δηλονότι
1167 2900 1267 2973 τὴν
1306 2902 1386 2965 είς
1415 2900 1677 2972 ἀλλήλους
1709 2905 1897 2973 ἐπιτη-

310 2994 579 3057 δεύοντες,
630 2994 726 3047 κα)⁸
754 2992 854 3066 τὴν
891 2992 986 3046 τοῦ
1035 2993 1288 3066 Σωτῆρος
1338 2994 1642 3065 ίχνηλατεῖν
1672 2995 1895 3068 ἀρετὴν,

1992 1891 2068 1946 tio
2092 1933 2106 1955 ,
2136 1893 2285 1963 quod
2316 1892 2369 1947 in
2400 1894 2562 1949 nobis
2594 1910 2818 1951 manere
2850 1896 3095 1965 jubetur,
3145 1906 3202 1951 ut
3248 1912 3352 1952 nos
3396 1899 3573 1953 Simus

1993 1984 2048 2039 in
2085 1985 2227 2049 Deo,
2264 1986 2378 2057 ipse
2428 1986 2588 2043 nobis
2617 1988 2978 2043 nihiloseeius
3007 1988 3312 2044 declarabit
3339 1988 3569 2046 dicens:

1999 2093 2017 2124 ι
2049 2072 2164 2127 lloc
2209 2084 2294 2129 est
2344 2075 2702 2137 mandatmn,
2760 2076 2907 2145 quod
2966 2076 3204 2133 audistis
3258 2077 3327 2133 ab
3379 2078 3573 2142 initio,

1991 2164 2158 2234 800
2190 2173 2250 2219 ut
2276 2166 2523 2237 diligatis
2555 2167 2795 2223 invicem
2831 2168 2894 2221 ⁸ο.
2930 2188 2948 2220 ι
2978 2168 3152 2227 Audis
3182 2170 3466 2241 quomodo
3500 2171 3576 2226 si-

1996 2272 2119 2311 mus
2156 2257 2211 2312 in
2254 2257 2400 2322 Deo,
2434 2260 2760 2316 charitalem
2803 2261 3063 2318 videlicet
3107 2264 3340 2320 invicem
3388 2265 3576 2321 colen-

1997 2358 2115 2412 tes,
2150 2358 2204 2403 et
2237 2349 2548 2407 Servatoris
2590 2353 2891 2418 virtutem,
2931 2354 3115 2424 quoad
3158 2356 3321 2420 licet,
3369 2357 3575 2411 sectari

1996 2450 2262 2497 conantes
2284 2483 2299 2506 ,
2333 2444 2597 2498 virtutem
2631 2444 2795 2508 dico,
2832 2461 2939 2499 nou
2986 2445 3136 2499 illam
3180 2445 3449 2500 cmlorum
3484 2455 3578 2500 aut

1997 2533 2318 2602 angelorum
2352 2535 2675 2590 creatricem
2700 2573 2715 2598 ,
2752 2550 2865 2590 non
2898 2549 3005 2604 qua
3042 2543 3246 2590 terram
3287 2536 3573 2600 fundavit,

1998 2630 2095 2677 aut
2128 2638 2278 2678 mare
2306 2624 2587 2692 extendit,
2629 2640 2730 2680 nec
2763 2641 2882 2682 eam
2920 2641 3028 2695 qua
3076 2626 3338 2683 ineffabili
3387 2636 3443 2683 et
3491 2628 3577 2681 iu-

1998 2715 2288 2771 scrutahili
2318 2723 2607 2785 potestate,
2641 2718 2808 2772 verbo
2853 2717 3106 2787 quidem,
3146 2725 3435 2773 ventorum
3468 2718 3576 2773 vim

1999 2803 2247 2869 sedavit,
2284 2812 2378 2858 aut
2410 2812 2659 2861 mortuos
2691 2807 2989 2873 excitavit,
3042 2817 3138 2861 aut
3183 2809 3346 2864 caecis
3399 2808 3577 2863 visum

2000 2894 2279 2960 restituit,
2318 2902 2414 2949 aut
2450 2895 2728 2966 leprosum
2765 2900 3018 2953 mundari
3049 2898 3262 2967 jussit;
3297 2901 3392 2956 sed
3430 2901 3579 2955 illam

2001 2984 2188 3053 potius
2222 3000 2345 3055 quae
2379 2984 2742 3043 humanitatis
2776 2989 3080 3044 conditioni
3114 2990 3394 3061 congruit.
3429 2990 3582 3044 Iuve-

314 3088 433 3142 καθ’
464 3090 590 3144 ὅσον
622 3089 735 3155 ἔνι,
784 3088 1215 3154 σπουδάζοντεςο
1269 3089 1472 3163 ἀρετὴν
1504 3090 1565 3145 δέ
1612 3108 1785 3162 φημι,
1834 3090 1894 3144 οὐ

2002 3074 2216 3131 niemus
2246 3092 2401 3140 eum,
2432 3077 2894 3145 quemadmodum
2920 3078 3124 3136 Paulus
3153 3081 3229 3134 ait
3252 3080 3320 3111 ³⁰⁹
3343 3123 3357 3147 ,
3386 3080 3453 3134 ab
3481 3079 3579 3134 imo

312 3182 414 3253 τὴν
442 3183 500 3236 ἐν
534 3180 613 3252 τῷ
654 3180 912 3236 δύνασθαι
962 3183 1169 3247 κτίζειν
1219 3183 1487 3254 οὐρανοὺς
1528 3182 1561 3253 ἢ
1593 3184 1768 3236 ποιεῖν
1796 3184 1896 3252 ἀγ-

312 3273 504 3341 γέλους
531 3313 546 3336 ,
598 3272 631 3343 ἢ
664 3272 985 3348 καθιδρῦσαι
1026 3275 1131 3345 γῆν
1154 3316 1169 3340 ,
1213 3274 1246 3346 ἢ
1289 3274 1565 3329 θάλασσαν
1588 3274 1894 3343 ⁸ιέξαπλοῦν,

314 3363 437 3418 οὔτε
473 3364 581 3435 μὴν
615 3364 712 3435 τὴν
740 3365 800 3417 ἐν
839 3365 1034 3437 ἐκείνῳ
1057 3365 1179 3419 καθ’
1202 3363 1232 3417 ὃ
1261 3366 1486 3437 ἀρρήτῳ
1519 3366 1612 3421 καὶ
1643 3367 1897 3437 ἀπεριερ-

314 3457 503 3527 γάστῳ
524 3456 773 3523 δυνάμει,
802 3456 947 3528 λόγῳ
977 3457 1099 3528 μὲν,
1124 3457 1455 3529 πνευμάτων
1478 3458 1727 3530 ἐκοίμισε
1756 3458 1895 3527 βίας,

314 3546 560 3619 διανίστη
605 3548 662 3600 δέ
696 3547 824 3610 τοὺς
869 3546 1235 3619 τεθνηκότας,
1289 3548 1459 3619 ἤγουν
1517 3550 1630 3612 τοῖς
1678 3547 1900 3617 τυφλοῖς

316 3640 608 3713 ἐχαρίζετο
650 3640 713 3693 τδ
756 3638 1015 3710 βλέπειν,
1064 3639 1097 3710 ἢ
1153 3639 1232 3711 τῷ
1278 3639 1466 3712 λεπρῷ
1508 3639 1902 3712 καθαρίζεσθαι

321 3731 458 3802 μετά
488 3731 694 3804 πολλῆς
737 3748 885 3795 τινος
911 3732 1013 3804 τῆς
1039 3730 1291 3797 ἐξουσίας
1323 3732 1618 3787 ἐπέταττεν
1644 3750 1657 3764 ο
1688 3732 1904 3803 ἐκείνην

315 3823 371 3878 δὲ
404 3824 610 3894 μᾶλλον
636 3824 780 3895 ἥπερ
808 3822 875 3877 ἂν
903 3823 1166 3895 άρμόττοι
1213 3824 1325 3886 τοῖς
1357 3824 1461 3893 τῆς
1484 3822 1903 3896 ἀνθρωπότητος

320 3916 566 3987 μέτροις.
612 3914 934 3988 Εύρήσομεν
987 3914 1186 3980 αὐτὸν,
1237 3912 1427 3984 ὥσπερ
1470 3910 1564 3972 οὖν
1610 3915 1639 3965 ὁ
1694 3914 1902 3978 Παῦλός

320 4025 485 4075 φησι,
530 4006 914 4080 λοιδορηθέντα
966 4007 1067 4079 μέν
1117 4006 1271 4079 παρὰ
1320 4006 1430 4059 τῶν
1473 4006 1705 4061 ἀνοσίων
1769 4008 1905 4060 Ἰου-

318 4098 483 4152 δαίων
512 4100 617 4153 οὑκ
643 4086 1154 4171 ἀντιλοιδορήσαντα
1183 4099 1264 4166 δέ,
1287 4098 1423 4153 ἀλλά
1468 4099 1747 4170 πάσχοντα
1780 4097 1900 4169 μὲν,

320 4192 417 4244 οὐκ
454 4191 833 4262 ἀπειλήσαντα
877 4191 955 4258 δέ,
993 4191 1310 4263 παραδόντα
1351 4191 1407 4244 δὲ
1440 4190 1644 4261 μᾶλλον
1669 4189 1749 4262 τῷ
1787 4189 1909 4261 κρί-

322 4299 463 4336 νοντι
514 4281 768 4345 δικαίως.
824 4270 1149 4353 Εὑρήσομεν
1202 4282 1367 4335 αὐτὸν
1418 4282 1651 4350 λέγοντα
1704 4281 1905 4337 πάλιν·

330 4389 347 4422 ι
376 4371 597 4426 Μάθετε
643 4370 739 4425 ἀπ’
778 4371 915 4441 ἐμοῦ
946 4372 1027 4425 ὅτι
1066 4371 1242 4443 πρᾶός
1275 4372 1391 4441 είμι
1425 4371 1520 4424 καὶ
1552 4370 1810 4434 ταπεινὸς
1836 4372 1905 4443 τῇ

2008 3168 2114 3239 piis
2134 3169 2357 3239 quidem
2392 3168 2595 3226 Judmis
2629 3172 2893 3228 conviciis
2917 3174 3173 3243 petitum,
3210 3174 3304 3229 sed
3340 3188 3448 3228 non
3486 3189 3581 3230 re-

2008 3262 2422 3317 maledicentem
2446 3301 2461 3327 ,
2490 3271 2545 3318 et
2572 3264 2867 3333 patientem
2897 3271 2953 3317 at
2980 3279 3089 3319 non
3122 3266 3449 3331 minantem,
3485 3264 3582 3320 sed

2010 3352 2317 3410 tradentem
2352 3356 2533 3423 potius
2557 3356 2709 3426 juste
2754 3354 3049 3426 judicantl.
3086 3356 3432 3413 Inveniemus
3456 3373 3581 3414 eum

2009 3455 2208 3497 rursus
2259 3443 2575 3499 dicentem:
2613 3462 2631 3495 ι
2661 3443 2868 3501 Discite
2902 3460 2930 3499 a
2967 3460 3054 3503 me
3086 3444 3217 3517 quia
3260 3446 3411 3502 mitis
3462 3461 3583 3502 sunt

2007 3540 2062 3588 et
2089 3532 2315 3589 humilis
2343 3535 2541 3599 corde,
2573 3547 2628 3591 et
2658 3536 2956 3592 invenietis
2998 3536 3246 3607 requiem
3291 3537 3587 3595 animabus

2005 3626 2213 3682 vestris
2242 3626 2307 3679 ⁸¹.
2340 3646 2358 3680 ι
2385 3625 2553 3698 Igitur
2586 3637 2666 3682 tot
2695 3630 2977 3700 przeclaris
3012 3630 3273 3701 operibus
3302 3630 3599 3691 Christum.

2006 3718 2190 3774 omnis
2217 3720 2377 3775 nobis
2413 3721 2637 3777 virtutis
2666 3722 2863 3778 ducem
2913 3723 3115 3778 imitari
3168 3723 3488 3789 studentes,
3532 3732 3588 3779 et

2007 3810 2065 3865 in
2093 3807 2256 3866 Patre
2286 3818 2341 3865 et
2368 3809 2423 3865 in
2457 3812 2581 3882 ipso
2599 3827 2829 3868 manere
2875 3811 3134 3879 dicimur,
3162 3812 3445 3882 prmmium
3473 3815 3588 3867 vel-

2013 3899 2092 3953 uti
2122 3898 2401 3969 quoddam
2433 3915 2501 3955 ac
2527 3900 2952 3956 retributionem
2990 3900 3297 3956 honestatis
3329 3901 3465 3956 illud
3499 3916 3588 3956 re-

2012 3997 2322 4059 portantes.
2360 3987 2537 4046 Filius
2564 3999 2744 4046 autem
2769 4031 2785 4057 ,
2814 4005 2925 4045 non
2954 3989 3175 4061 quidem
3206 4008 3272 4047 ex
3307 3990 3397 4047 his
3429 4006 3586 4046 suam

2012 4080 2246 4150 probare
2276 4081 2395 4135 vult
2426 4082 2772 4144 claritatem,
2820 4083 2917 4137 sed
2970 4082 3363 4137 miraculorum
3416 4082 3589 4153 maje-

2012 4178 2208 4226 statem
2238 4186 2344 4242 qua
2374 4173 2491 4227 lieri
2525 4179 2705 4244 potest
2728 4173 2959 4227 solertia
2998 4173 3364 4239 attendentes,
3403 4175 3590 4230 consi-

2012 4263 2209 4320 derare
2234 4264 2391 4333 juhet
2422 4264 2573 4319 nulla
2605 4280 2669 4319 ex
2702 4274 2858 4335 parte
2901 4265 3208 4320 variantem
3251 4282 3414 4336 quam
3457 4281 3588 4322 cum

2014 4372 2118 4413 suo
2152 4358 2315 4413 Patre
2346 4358 2513 4413 habet
2542 4357 2967 4413 similitudinem
2988 4398 3003 4422 ,
3034 4366 3198 4429 atque
3242 4359 3317 4415 ita
3364 4360 3593 4416 credere

326 4461 542 4532 καρδίᾳ,
569 4461 667 4514 καὶ
689 4461 951 4533 εὑρήσετε
981 4462 1286 4515 ἀνάπαυσιν
1313 4462 1434 4525 ταῖς
1458 4459 1658 4531 ψυχαῖς
1680 4458 1853 4530 ὑμῶν.
1885 4478 1896 4512 ι

2015 4450 2235 4506 demum
2265 4450 2409 4521 quod
2442 4466 2566 4504 cum
2618 4451 2691 4506 sit
2738 4450 3264 4517 consubstantialis,
3322 4451 3490 4507 habet
3534 4452 3590 4506 in

328 4552 532 4606 Οὐκοῦν
580 4552 670 4606 διὰ
708 4552 810 4623 μὲν
849 4552 961 4606 τῶν
998 4553 1271 4606 τοσούτων
1325 4551 1771 4623 κατορθωμάτων
1819 4570 1910 4624 μι-

333 4642 545 4708 μεῖσθαι
610 4641 1007 4707 σπουδάζοντες
1062 4644 1156 4696 τὸν
1213 4642 1435 4713 ἀπάσης
1507 4644 1641 4714 ἡμῖν
1706 4643 1909 4715 ἀρετῆς

329 4734 574 4803 ήγεμὸνα
608 4732 867 4804 Χριστὸν,
900 4732 957 4784 ἐν
982 4749 1041 4785 τε
1067 4732 1145 4803 τῷ
1180 4733 1357 4804 Πατρὶ
1399 4733 1494 4786 καὶ
1531 4734 1588 4786 ἐν
1635 4732 1785 4804 αὐτῷ
1814 4734 1910 4805 μέ-

330 4840 435 4876 νειν
470 4823 773 4894 λεγόμεθα,
803 4823 972 4893 γέρας
1002 4823 1193 4895 ὥσπερ
1226 4825 1316 4877 καὶ
1341 4825 1688 4894 ἀντιμισθίαν
1717 4828 1817 4896 τῆς
1850 4826 1910 4878 ἐν

328 4910 426 4983 βέῳ
479 4913 816 4984 σεμνότητος
859 4914 919 4967 τὸ
965 4915 1200 4985 πρᾶγμα
1264 4913 1660 4985 κερδαίνοντες.
1722 4915 1783 4969 '0
1851 4915 1908 4970 δὲ

328 5003 454 5069 Υἱὸς
478 5006 581 5060 οὐκ
612 5007 680 5059 ἐκ
703 5005 912 5060 τούτων
933 5006 1082 5075 ήμᾶς
1104 5005 1201 5078 την
1229 5004 1454 5059 ἐνοῦσαν
1485 5006 1635 5077 αὐτῷ
1664 5005 1911 5078 λαμπρόο

286 5112 462 5167 -τητα
504 5098 826 5170 δοκιμάζειν
870 5097 1151 5169 βούλεται,
1202 5101 1267 5169 τῇ
1323 5098 1378 5152 δέ
1428 5097 1539 5153 τῶν
1590 5098 1912 5171 παραδόξων

329 5190 714 5260 μεγαλειότητι
738 5190 877 5260 μετά
901 5191 998 5261 τῆς
1032 5189 1256 5260 ἐνούσης
1291 5189 1574 5259 ἀγχινοίας
1602 5206 1909 5261 προσεσχη-

327 5280 491 5345 κότας
523 5281 950 5337 διασκέπτεσθαι
996 5282 1109 5335 δεῖν
1139 5280 1421 5335 ἐπιτάττει
1459 5282 1560 5353 τὴν
1590 5281 1911 5363 ἀπαράλλα-

323 5390 456 5426 κτον
475 5375 778 5447 ἐμφέρειαν
800 5374 869 5445 ἢν
888 5373 1000 5443 ἔχει
1027 5373 1163 5445 πρὸς
1192 5373 1282 5425 τὸν
1315 5370 1535 5444 Πατέρα
1567 5371 1659 5424 τὸν
1690 5371 1909 5438 ἐαυτοῦ,

324 5465 607 5521 πιστεύειν
641 5483 704 5521 τε
736 5465 879 5519 οὕτω
916 5465 1103 5518 λοιπὸν
1146 5464 1222 5529 ὡς
1248 5465 1482 5534 ἐπείπερ
1524 5464 1673 5517 ἐστὶν
1714 5464 1912 5534 όμοού-

328 5570 471 5618 σιος,
514 5555 628 5627 ἔχει
660 5555 763 5628 μὲν
799 5558 857 5609 ἐν
882 5552 1061 5625 ἐαυτῷ
1096 5553 1187 5607 τὸν
1216 5555 1576 5625 γεννήσαντα,
1616 5555 1912 5625 ἐνυπάρχει

415 5737 459 5769 ’⁸
498 5734 512 5787 Ι
542 5736 701 5791 Joau.
737 5752 798 5801 ιι,
831 5738 883 5804 5,
915 5737 966 5793 6.

1046 5739 1090 5770 ¹⁹
1135 5735 1269 5793 ibid.
1299 5735 1389 5790 Ἡ.
1471 5737 1514 5768 ³⁰
1556 5733 1573 5787 1
1611 5733 1769 5790 Joan.
1811 5750 1892 5801 ιιι,
1932 5734 2018 5789 Η.

2016 4543 2201 4612 seipse
2225 4540 2560 4608 Genitorem,
2593 4552 2647 4599 et
2678 4544 2796 4615 ipse
2838 4545 2893 4599 in
2944 4559 3011 4600 eo
3056 4550 3161 4599 est.
3216 4544 3437 4616 Alioqui
3483 4547 3588 4600 do-

2016 4643 2178 4687 ceant
2204 4633 2387 4689 obiter
2418 4634 2718 4691 adversarii
2756 4635 2967 4707 praemii
2999 4634 3153 4701 loco,
3188 4634 3352 4690 sicuti
3394 4636 3591 4705 nobis,

2017 4726 2070 4781 id
2104 4726 2153 4780 ci
2186 4742 2407 4797 quoque
2437 4742 2596 4790 esse,
2642 4736 2697 4783 et
2747 4727 3131 4784 retributionis
3182 4730 3309 4785 vita:
3354 4744 3594 4800 evange-

2019 4816 2171 4877 licae.
2208 4816 2354 4886 quod
2406 4816 2463 4871 in
2508 4816 2673 4872 Patre
2715 4816 3062 4888 intelligitur.
3109 4817 3218 4873 Sed
3270 4819 3595 4889 neutiquam

2017 4907 2165 4963 istud
2195 4907 2277 4963 eis
2307 4923 2475 4978 grave
2500 4908 2636 4972 erit,
2668 4912 2889 4979 Opinor.
2922 4907 3139 4975 Quibus
3169 4909 3313 4964 enim
3346 4910 3607 4980 petulan-

2015 5002 2109 5056 tiae
2135 5000 2350 5055 nullum
2377 5015 2548 5071 genus
2577 5009 2660 5056 est
2690 5001 3020 5056 intentatum
3043 5044 3057 5067 ,
3082 4999 3341 5071 quidnam
3370 5000 3595 5056 absurdi

2016 5095 2289 5151 intactum
2331 5093 2702 5165 reliquerint?
2733 5094 3162 5166 Respondebunt
3186 5109 3339 5165 ergo,
3387 5104 3447 5148 ut
3473 5109 3596 5150 cre—

2018 5188 2185 5243 dibile
2207 5196 2293 5243 est
2310 5227 2326 5253 ,
2349 5186 2553 5243 Filium
2582 5188 2791 5243 idcirco
2814 5187 2869 5241 in
2897 5186 3057 5242 Patre
3082 5202 3226 5249 csse,
3252 5194 3305 5241 et
3330 5185 3383 5239 in
3411 5185 3598 5257 seipse

2019 5295 2219 5334 rursus
2252 5278 2462 5335 habere
2491 5278 2744 5347 Patrem,
2776 5281 2908 5351 quia
2954 5279 3256 5336 virtutibus
3302 5295 3444 5351 quas
3493 5281 3597 5350 ipsi

2019 5386 2240 5442 quoque
2268 5372 2639 5443 assequimur,
2660 5371 2729 5425 ad
2760 5387 2884 5426 eum
2916 5370 3314 5428 conformatur.
3335 5373 3405 5427 At
3430 5372 3597 5443 quid-

2019 5464 2075 5518 ni
2106 5478 2301 5519 rursus
2322 5503 2337 5527 ,
2368 5462 2595 5533 inquam
2617 5502 2632 5527 ,
2674 5478 2707 5518 ο
2759 5459 2923 5528 boni,
2955 5477 3081 5517 cum
3126 5462 3416 5536 Philippus
3446 5463 3597 5517 dicc-

2020 5562 2102 5610 ret
2152 5574 2166 5610 :
2221 5572 2238 5605 ι
2270 5553 2497 5609 Domine
2520 5593 2535 5618 ,
2570 5552 2802 5610 ostende
2834 5553 2996 5610 nobis
3036 5553 3254 5611 Patrem
3278 5596 3291 5620 ,
3325 5574 3343 5606 ι
3371 5560 3598 5609 sanctos

2102 5736 2163 5765 ³⁰⁶
2198 5733 2213 5786 l
2244 5732 2393 5791 Petr.
2427 5740 2509 5801 tt,‘
2531 5735 2620 5790 25.
2701 5736 2739 5766 ³⁸
2784 5735 2973 5791 Matth.
3008 5749 3084 5796 xl,
3113 5733 3199 5787 29.
