4042 6204
420 292 531 361 245

1422 291 1481 351 S.
1523 290 1802 350 CYlilLLl
1856 290 2328 350 ALEXANDBINI
2368 294 2689 355 ARCHIEP.

3572 293 3687 350 2M

426 425 622 468 omnes
674 410 958 484 apostolos
1008 411 1077 468 ad
1133 411 1427 484 imaginem
1481 419 1535 467 et
1585 411 2003 467 similitudinem

2111 411 2168 467 δὲ
2198 415 2293 468 καὶ
2326 413 2488 479 αὐτὸς
2518 414 2685 486 αὐτῷ.
2717 415 2789 468 Ἦ
2812 413 3215 469 διδασκέτωσαν
3239 410 3602 486 παρελθόντες
3636 411 3687 465 οἰ

428 509 682 559 exactam
716 503 839 574 ejus
874 504 1023 576 quod
1064 505 1120 560 in
1163 504 1348 559 animo
1394 504 1631 560 habebat
1681 503 2005 573 proferens,

434 593 692 649 Christus
712 594 895 650 aiebat
917 614 931 650 :
962 593 1173 651 «Tanto
1190 604 1438 665 tempore
1459 593 1747 649 nobiscum
1770 593 2006 648 invicem

427 700 642 751 sumus,
662 692 717 741 et
734 701 845 740 non
870 686 1183 757 cognovisti
1201 685 1461 741 Patrem?
1490 705 1509 738 ι
1534 687 1698 756 Atqui
1732 687 2005 742 nemiuem

422 778 661 831 aliorum
695 792 883 833 secum
918 779 1185 845 assumit,
1219 778 1314 835 sed
1349 778 1529 834 solum
1564 778 1727 848 801
1763 793 1824 833 se
1852 764 2006 831 Patri

421 866 528 920 soli
559 876 909 936 comparans,
941 876 1129 924 nostra
1162 869 1436 938 praeterit,
1469 876 1530 924 ut
1559 869 1719 924 valde
1748 876 2005 939 angusta,

421 971 665 1027 cumque
702 959 758 1012 in
793 959 878 1014 his
907 958 1154 1014 divinam
1183 960 1557 1016 substantiam
1590 966 1851 1015 accurate
1881 958 2004 1031 nol:

420 1045 497 1100 let
528 1047 876 1117 exprimere,
912 1050 1014 1106 soli
1049 1050 1157 1105 sibi
1187 1051 1653 1121 perfectissimam
1684 1049 2007 1106 similitudi-

422 1155 547 1194 nem
582 1143 887 1197 reservavit
912 1160 926 1197 :
948 1162 966 1194 ι
991 1141 1098 1209 Qui
1130 1144 1275 1199 enim
1306 1160 1391 1200 me
1421 1143 1595 1211 vidit,
1624 1143 1838 1214 inquit,
1868 1143 2007 1198 vid-it

419 1237 473 1284 et
499 1229 771 1287 Patrem.»
803 1230 1009 1288 Deinde
1034 1233 1121 1290 his
1153 1234 1340 1288 statim
1370 1234 1695 1304 subjunxit:
1724 1253 1743 1286 ι
1765 1232 2006 1290 Creditis

420 1322 549 1388 quia
571 1336 672 1393 ego
692 1322 746 1377 in
775 1322 957 1389 Patre,
980 1333 1032 1379 et
1048 1323 1211 1378 Pater
1235 1326 1288 1378 in
1314 1340 1399 1379 me
1424 1325 1546 1379 est?
1573 1324 1833 1390 iQuando
1853 1324 2000 1380 enim

420 1414 883 1484 perfectissimam
940 1416 995 1469 in
1025 1417 1282 1471 omnibus
1332 1416 1499 1472 habet
1539 1416 1999 1498 similitudinem,

417 1508 696 1577 quomodo
721 1523 830 1562 non
860 1508 1021 1563 habet
1050 1508 1166 1578 ipse
1196 1509 1418 1563 demum
1445 1509 1499 1563 in
1534 1510 1718 1580 seipso
1745 1507 1962 1563 Patrem
1986 1549 2000 1574 ,

416 1600 515 1655 sed
547 1600 956 1669 quodammodo
987 1599 1221 1656 habetur
1247 1614 1276 1652 ιι
1304 1599 1512 1655 Patre?
1532 1599 1665 1655 Tale
1693 1600 1825 1670 quid
1853 1599 2001 1654 enim

416 1695 619 1764 cogita,
634 1700 687 1747 et
705 1692 772 1747 ad
791 1707 983 1748 eorum
1011 1708 1135 1762 quae
1156 1693 1304 1748 dicta
1327 1700 1455 1749 sunt
1472 1692 2000 1753 demonstrationem

2111 505 2178 558 δι’
2208 506 2456 570 ἐναντίας
2501 507 2583 560 ὅτι
2623 507 2792 578 γέρας
2822 506 2936 576 ἔχει
2958 545 2973 570 ,
3003 503 3255 576 καθάπερ
3284 505 3448 576 ήμεῖς
3469 546 3484 570 ,
3523 503 3585 558 τὸ
3628 505 3690 557 ὲν

2108 596 2189 669 τῷ
2220 598 2398 669 Πατρὶ
2445 598 2684 653 νοεῖσθαι
2733 600 2828 653 καὶ
2871 596 3076 663 αὐτὸς,
3121 595 3216 650 καὶ
3267 594 3545 660 πολιτείας
3588 594 3690 666 τῆς

2110 690 2250 744 κατὰ
2282 691 2448 761 νόμον
2477 690 2855 761 εὐαγγελικὸν
2880 690 3210 762 ἀντίρροπον
3238 688 3497 760 ἀμοιϐήν.
3544 686 3688 740 Ἀλλ’

2107 782 2281 847 οὐδὲν,
2319 777 2495 853 οἶμαι,
2534 782 2707 837 δεινὸν
2732 783 2958 846 ἐκείνοις
2988 781 3236 852 φαίνεται
3267 779 3363 833 καὶ
3385 777 3563 835 τοῦτο.
3592 771 3690 841 Οἷς

2108 872 2219 944 γὰρ
2252 868 2391 937 εἶδος
2422 871 2574 927 οὐδὲν
2604 870 2986 941 γλωσσαλγίας
3014 869 3432 941 ἀνεπιτήδευτον
3451 910 3466 935 ,
3503 866 3554 921 τί
3578 866 3690 920 τῶν

2108 964 2231 1019 λίαν
2280 964 2678 1036 ἀπηχεστάτων
2727 962 2826 1034 οὐχ
2869 960 3205 1032 ἰππήλατον;
3258 959 3423 1022 Εἰκὸς
3464 954 3560 1012 οὖν
3604 956 3689 1010 ὄτι

2108 1057 2334 1111 κάκεῖνο
2371 1055 2624 1128 ἐροῦσιν,
2656 1055 2732 1118 ὡς
2774 1055 2859 1125 εῖη
2899 1051 2997 1124 μὲν
3049 1052 3078 1105 6
3116 1049 3246 1115 Υἱὸς
3286 1051 3345 1103 ὲν
3386 1050 3566 1119 Πατρὶ
3600 1047 3689 1101 διὰ

2107 1147 2289 1214 τοῦτο,
2330 1147 2444 1219 ἔχοι
2478 1147 2536 1200 δὲ
2560 1142 2627 1201 αὖ
2667 1146 2827 1200 πάλιν
2856 1146 2914 1197 ὲν
2943 1141 3122 1214 ἐαυτῷ
3146 1141 3238 1196 τὸν
3266 1139 3509 1210 Πατέριί,
3537 1138 3688 1191 ἐπεί-

2109 1257 2215 1312 περ
2239 1241 2360 1304 ταῖς
2399 1239 2495 1293 καί.
2531 1240 2664 1311 ἡμῖν
2689 1238 2942 1307 ὲφικταῖς
2971 1235 3194 1306 ἀρεταῖς
3217 1275 3232 1299 ,
3260 1232 3336 1295 ὡς
3363 1230 3501 1302 πρὸς
3526 1228 3689 1283 αὐτόν

2110 1331 2528 1404 σχηματίζεται.
2563 1330 2673 1384 Καὶ
2693 1330 2746 1382 τί
2772 1329 2836 1399 δὴ
2873 1327 3057 1393 πάλιν,
3093 1318 3137 1378 ὣ
3166 1323 3451 1394 βέλτιστοι,
3483 1320 3685 1390 φαμὲν,

2106 1422 2374 1477 Φιλίππου
2421 1419 2672 1490 λέγοντος
2698 1434 2711 1449 ·
2754 1436 2772 1470 ι
2825 1416 2998 1488 Κύριε
3020 1456 3035 1480 ,
3076 1411 3248 1477 δεῖξον
3279 1411 3412 1482 ἡμῖν
3448 1408 3537 1462 τὸν
3571 1407 3688 1459 Παι-

2105 1515 2274 1587 τέρα,
2314 1532 2333 1565 ι
2399 1511 2474 1583 μὴ
2531 1510 2741 1574 πάντας
2794 1509 2922 1572 τοὺς
2980 1506 3170 1575 ἁγίους
3230 1499 3561 1563 ἀποστόλους
3607 1500 3688 1564 εἰς

2107 1606 2294 1661 εἰκόνα
2317 1605 2413 1660 καὶ
2440 1603 2700 1675 ὁμοίωσιν
2734 1600 2935 1673 ἀκριϐῆ
2971 1597 3066 1652 τοῦ
3096 1594 3386 1666 νοουμένου
3418 1591 3689 1665 παραθεὶς

2107 1699 2349 1770 ἔφασκεν
2386 1699 2415 1751 6
2454 1696 2691 1767 Χριστός
2716 1711 2731 1725 ·
2762 1688 3015 1761 Τοσούτῳ
3045 1689 3220 1761 χρόνῳ
3276 1683 3413 1758 μετά
3443 1682 3691 1754 ἀλλήλων

419 1802 573 1856 cape.
609 1784 886 1855 Numquid
916 1788 1061 1841 enim
1085 1830 1099 1851 ,
1134 1787 1181 1843 si
1211 1786 1482 1849 Abrabm,
1514 1792 1609 1839 aut
1641 1783 1872 1840 alterius
1905 1798 2001 1839 cu-

2108 1767 2298 1865 ὲσμὲν,
2344 1790 2440 1845 καὶ
2476 1790 2579 1842 οὐκ
2612 1787 2858 1856 ἔγνωκας
2886 1784 2980 1838 τόν
3012 1782 3273 1854 Πατέρας
3308 1778 3455 1865 ,Ἀλλ’
3497 1776 3690 1831 οὐδένα

414 1873 636 1943 jusdam
665 1873 906 1930 hominis
938 1875 1109 1928 lilium
1142 1875 1343 1946 aliquis
1375 1876 1430 1930 in
1460 1876 1703 1931 medium
1735 1874 2002 1938 adducat,

418 1973 535 2018 tum
570 1966 840 2034 genitoris
866 1972 1117 2020 naturam
1139 1976 1371 2036 quaerat,
1393 1973 1860 2036 pereunteturque
1882 1965 2005 2035 qui-

418 2072 546 2111 nam
575 2064 630 2113 et
660 2058 841 2128 qualis
872 2058 944 2114 sit
974 2058 1021 2113 is
1050 2059 1147 2129 qui
1181 2059 1404 2130 genuit,
1436 2067 1587 2115 recte
1619 2060 1815 2129 utique
1845 2073 2002 2115 suam

418 2153 674 2201 naturam
724 2148 1166 2215 demonstraret,
1217 2149 1411 2205 dicens
1444 2170 1456 2205 :
1488 2169 1505 2201 ι
1536 2149 1642 2217 Qui
1690 2150 1831 2205 vidit
1883 2166 2001 2218 me,

417 2240 557 2293 vidit
579 2249 634 2295 et
654 2242 913 2310 patrem?
950 2240 1062 2313 Ego
1093 2242 1146 2297 in
1175 2249 1350 2312 patre,
1375 2251 1430 2297 ct
1467 2252 1623 2314 pater
1646 2243 1700 2298 in
1730 2259 1816 2299 me
1845 2250 1953 2300 est.
1981 2261 1999 2296 ι

420 2333 628 2390 Deinde
658 2344 713 2389 ut
747 2334 1063 2391 ostenderet
1091 2351 1151 2391 se
1189 2351 1318 2391 vere
1347 2335 1520 2406 loqui,
1570 2334 1836 2407 numquid
1868 2351 2001 2391 con-

417 2426 707 2481 venienter
736 2425 960 2482 afferret
991 2427 1047 2482 in
1076 2427 1338 2483 humanis
1370 2428 1633 2498 operibus
1664 2436 1759 2482 aut
1790 2435 2006 2483 natura:

418 2518 644 2573 dotibus
688 2518 1031 2575 identitatem
1057 2561 1071 2585 ,
1102 2519 1296 2577 dicens
1323 2540 1336 2575 :
1371 2538 1390 2572 ι
1419 2518 1654 2592 Propter
1686 2536 1852 2593 opera
1884 2521 2004 2591 ipsa

420 2608 557 2662 mihi
611 2609 839 2665 credite.
874 2629 893 2662 ι
923 2609 1135 2665 Cuncta
1166 2611 1313 2665 enim
1366 2611 1579 2676 habeo,
1631 2619 1685 2668 et
1737 2626 2005 2683 peragere

419 2708 623 2754 cuncta
654 2715 797 2771 queo
825 2716 950 2772 qua:
992 2708 1206 2756 natura:
1254 2702 1513 2757 humana:
1562 2703 1777 2759 insunt.
1834 2704 2003 2775 Atqui

418 2808 551 2848 vera
580 2808 684 2849 nos
711 2793 897 2849 dicere
927 2780 1089 2849 nemo
1116 2809 1227 2849 non
1253 2836 1267 2861 ,
1302 2795 1519 2865 opinor,
1553 2795 1679 2865 jure
1717 2794 1999 2863 fatebitur,

419 2897 476 2941 et
511 2886 800 2941 identitate
830 2887 885 2941 in
921 2886 1131 2942 nostris
1173 2886 1439 2957 operibus
1486 2889 1541 2942 id
1584 2897 1745 2944 acute
1776 2889 2005 2944 demon-

421 2978 610 3032 strari.
643 2978 848 3045 Quidni
880 2993 1012 3050 ergo
1042 2978 1138 3050 qui
1170 2985 1319 3035 recta
1369 2989 1703 3049 pervertunt
1755 2982 1821 3048 ³’,
1856 2981 2000 3037 haud

420 3080 629 3126 rectam
660 3072 934 3127 doctrina:
968 3072 1221 3128 semitam
1260 3073 1524 3130 insistere
1559 3074 1677 3130 suis
1709 3074 2002 3145 discipulis

2106 1885 2214 1941 τῶν
2231 1883 2406 1939 ἄλλων
2431 1880 2610 1952 ἑαυτῷ
2633 1877 3058 1949 συνεισδέχεται,
3090 1875 3253 1946 μόνον
3274 1864 3331 1926 δὲ
3354 1870 3502 1943 μόνῳ
3517 1885 3691 1940 παρα-

2108 1978 2222 2042 θεὶς
2255 1974 2334 2047 τῷ
2364 1973 2576 2045 Πατρὶ,
2612 1972 2688 2036 ὡς
2738 1968 2912 2043 μικρά
2966 1969 3063 2040 μὲν
3116 1965 3317 2036 κομιδῆ
3350 1960 3689 2035 παρατρέχει

2107 2070 2175 2124 τά
2198 2068 2443 2140 ἡμέτερα
2469 2106 2484 2131 ,
2533 2066 2634 2119 οὐκ
2677 2067 2737 2117 ὲν
2783 2063 2998 2125 τούτοις
3025 2060 3083 2114 δὲ
3121 2057 3366 2130 ἀκριϐῶς
3409 2056 3508 2126 τὴν
3537 2053 3691 2108 θείαν

2078 2164 2295 2220 ὀὐσίαν
2328 2158 2752 2229 ἑξεικονίζεσθαι
2784 2156 2953 2210 θέλων
2974 2197 2988 2222 ,
3021 2152 3200 2224 ἐαυτῷ
3232 2151 3503 2222 τετήρηκε
3541 2147 3688 2220 μόνῳ

2107 2257 2204 2329 τήν
2238 2258 2317 2320 εἰς
2359 2254 2536 2326 ἄκραν
2574 2250 2905 2322 ἐμφέρειαν·
2945 2265 2965 2299 ι
3012 2246 3072 2299 '0
3114 2244 3223 2316 γὰρ
3270 2240 3531 2315 ἑωρακὼς
3566 2239 3686 2310 ἐμὲ,

2108 2350 2261 2421 φησὶ,
2307 2348 2399 2401 τὸν
2424 2343 2644 2414 Πατέρα
2676 2341 2942 2413 ἑώρακεν.
2985 2358 3003 2391 ι
3038 2332 3174 2391 Εἶτα
3206 2334 3416 2397 τούτοις
3451 2333 3687 2404 ἐπήνεγ-

2106 2460 2204 2496 κεν
2238 2438 2429 2503 εὑθύς·
2470 2458 2488 2490 ι
2534 2433 2829 2489 Πιστεύετε
2870 2433 2954 2486 ὅτι
3000 2428 3114 2499 ἐγὼ
3152 2430 3209 2481 ὲν
3249 2425 3326 2498 τῷ
3356 2424 3552 2497 Πατρί,
3593 2421 3690 2476 καὶ

2106 2531 2134 2583 6
2167 2528 2361 2600 Πατὴρ
2392 2528 2449 2582 δὲ
2480 2529 2539 2581 ὲν
2578 2523 2702 2595 ἐμοί
2741 2524 2925 2589 tactv;
2964 2539 2983 2573 ι
3019 2521 3195 2574 Ὅπου
3222 2516 3331 2589 γὰρ
3363 2512 3686 2587 ἀπαραλλά-

2107 2638 2249 2684 κτως
2285 2619 2397 2691 ἔχει
2428 2616 2571 2672 κατά
2599 2632 2663 2684 γε
2690 2613 2787 2686 τὴν
2819 2611 3049 2667 εἰσάπαν
3089 2609 3410 2682 ἐμφέρειαν,
3444 2606 3563 2671 πῶς
3585 2604 3690 2658 οὐκ

2104 2713 2171 2769 ἂν
2218 2712 2331 2783 ἔχοι
2371 2709 2559 2763 λοιπὸν
2605 2705 2767 2766 αὐτὸς
2821 2704 2921 2775 μὲν
2969 2703 3025 2756 ὲν
3075 2699 3256 2771 ἑαυτῷ
3303 2698 3395 2752 τὸν
3444 2697 3699 2784 Πατέραη

2106 2805 2289 2878 ἔχεται
2331 2803 2389 2856 δὲ
2440 2800 2630 2870 ὥσπερ
2670 2797 2775 2851 ὑπὸ
2820 2798 2915 2853 τοῦ
2958 2793 3202 2865 [ἱατρός;
3254 2792 3456 2846 Ἐννόει
3488 2791 3597 2860 γάρ
3636 2806 3692 2842 τι

2104 2895 2367 2955 τοιοῦτον,
2410 2893 2505 2945 καί
2537 2890 2675 2959 πρὸς
2704 2888 2981 2954 ἀπόδειξιν
3016 2885 3169 2957 δέχου
3205 2884 3316 2938 τῶν
3357 2882 3687 2954 εἰρημένων.

2105 2983 2253 3061 Ἀρα
2288 2985 2420 3056 γὰρ,
2471 2983 2525 3037 εἴ
2562 3000 2647 3045 τις
2680 2980 2740 3036 τδ
2796 2979 3068 3055 Ἀϐραὰμ,
3109 2979 3277 3049 ῆγουν
3323 2975 3512 3047 ἑτέρου
3543 2972 3696 3036 τινος

2105 3077 2396 3151 ἀνθρώπου
2417 3074 2580 3146 τυχὸν
2614 3075 2696 3138 εἰς
2736 3072 2899 3143 μέσον
2929 3072 3132 3140 ἀγάγοι
3177 3068 3410 3131 παιδίον,
3439 3062 3556 3120 εἶτα
3590 3065 3694 3134 τὴν

422 3163 799 3232 persuadent,
830 3164 930 3219 sed
951 3208 965 3231 ,
1002 3165 1195 3219 relicta
1225 3164 1315 3220 via
1345 3166 1496 3237 regia
1519 3206 1535 3230 ,
1569 3165 1918 3223 inaccessam
1948 3175 2003 3223 et

2106 3170 2200 3226 τοῦ
2226 3168 2475 3231 τεκόντος
2504 3165 2639 3220 αὐτὸ
2678 3163 2967 3235 διερωτοίη
3000 3161 3184 3232 φύσιν,
3214 3160 3296 3224 τίς
3333 3176 3393 3212 τε
3430 3158 3569 3221 ὅλως
3602 3156 3695 3226 εἴη

421 3272 676 3327 asperam
708 3257 925 3313 calcare
961 3273 1021 3313 se
1052 3257 1340 3328 ignorant,
1383 3265 1439 3313 et
1483 3272 1619 3314 suos
1663 3258 1908 3316 asseclas
1938 3275 2004 3316 eo

386 3354 391 3359 '
421 3349 763 3418 compellunt
790 3350 814 3404 ?
841 3348 948 3405 Sed
982 3365 1117 3413 nos,
1150 3349 1490 3420 ejuscemodi
1537 3350 1618 3404 via
1653 3351 1882 3417 relicta,
1909 3367 2006 3423 per

422 3449 629 3493 rectam
663 3440 1022 3505 incedemus,
1068 3448 1157 3505 et,
1202 3455 1490 3496 sacrarum
1537 3441 1866 3496 Litterarum
1910 3458 2006 3497 au-

340 3550 346 3559 -
419 3531 679 3586 etoz-itate
720 3532 955 3595 muniti,
1008 3532 1433 3602 mqiripoteiitem
1465 3539 1520 3587 et
1552 3533 2005 3589 consubstantia-

418 3624 528 3677 lem
580 3621 694 3677 Deo
737 3638 800 3678 ac
840 3622 991 3678 Patri
1034 3622 1235 3679 Filium
1265 3625 1388 3696 ejus
1418 3627 1723 3681 secundum
1753 3636 2004 3684 naturam

418 3731 545 3774 esse
576 3716 893 3782 credimus,
922 3716 1157 3788 ejusque
1198 3718 1495 3788 imaginem
1536 3734 1659 3776 esse
1681 3762 1695 3787 ,
1728 3729 1893 3792 atque
1926 3722 2008 3777 id-

419 3809 571 3865 eirco
601 3809 655 3864 in
688 3808 851 3864 Patre
878 3824 1033 3872 esse,
1070 3818 1126 3865 et
1155 3809 1209 3864 in
1246 3811 1366 3876 ipso
1392 3808 1636 3869 Patrem.

2106 3265 2202 3319 καί
2230 3254 2470 3323 ποδαπὸς
2494 3259 2523 3313 6
2557 3255 2735 3311 τεκὼν
2762 3255 3009 3327 βούλοιτο
3040 3254 3257 3326 μαθεῖν,
3294 3253 3395 3305 οὐκ
3435 3250 3501 3303 ἂν
3534 3247 3692 3302 εὐλό-

2110 3373 2222 3426 γως
2251 3352 2525 3424 ὲφὼνησε,
2553 3349 2756 3421 μᾶλλον
2781 3347 2960 3417 δὲτὴν
2990 3346 3200 3400 οἰκείαν
3228 3342 3475 3407 ἐπέδειξε
3505 3340 3692 3411 φύσιν.

2106 3447 2319 3516 λέγων·
2379 3463 2397 3496 ι
2459 3444 2519 3496 '0
2567 3439 2830 3512 ἑωρακὼς
2863 3438 3003 3509 ἐμὲ,
3052 3435 3266 3510 ἑώρακε
3304 3434 3396 3488 τὸν
3438 3431 3692 3503 πατέρας

2126 3535 2267 3602 Ἐγὼ
2306 3537 2362 3591 ὲν
2408 3535 2485 3605 τῷ
2538 3532 2746 3603 πατρὶ,
2778 3531 2873 3585 καὶ
2906 3531 2934 3584 ὁ
2983 3529 3165 3601 πατὴρ
3210 3530 3267 3583 ὲν
3309 3526 3431 3598 ἐμοί
3464 3526 3632 3578 ἐστιν.
3667 3542 3686 3574 ι

2108 3626 2243 3687 Εἶτα
2289 3627 2426 3699 πρὸς
2468 3623 2744 3689 ἀπόδειξιν
2774 3621 2866 3677 τοῦ
2913 3621 3014 3693 τὴν
3062 3619 3320 3692 ἀλήθειαν
3353 3618 3559 3680 εἰπεῖν,
3589 3615 3696 3667 οὐκ

2099 3724 2166 3778 ἂν
2221 3719 2483 3792 παροίσαι
2535 3716 2856 3788 πρεπόντως
2910 3713 3032 3786 τὴν.
3067 3713 3126 3765 ὲν
3162 3714 3276 3776 τοῖς
3328 3707 3697 3783 ἀνθρωπίνοις

2108 3813 2331 3884 ἔργοις,
2377 3810 2497 3881 ήτοι
2559 3809 2812 3877 φυσικοῖς
2868 3804 3309 3876 πλεονεκτήμασι
3362 3800 3695 3869 ταυτότητα,

418 3904 625 3973 λέγων’
667 3925 684 3956 ι
721 3905 820 3960 Διά
855 3906 928 3960 τὰ
960 3904 1097 3976 ἔργα
1136 3905 1275 3960 αὑτά
1319 3905 1606 3961 πιστεύετέ
1639 3925 1750 3977 μοι.
1795 3928 1813 3961 ι
1854 3909 2005 3981 Ἐχω
2042 3910 2152 3981 γὰρ
2192 3908 2395 3971 πάντα,
2470 3903 2565 3961 καὶ
2605 3903 2848 3975 ἐνεργεῖν
2918 3899 3086 3971 ἰσχύω
3135 3898 3204 3953 τὰ
3255 3900 3320 3970 τῇ
3373 3895 3699 3967 ἀνθρωπεία.

418 4001 694 4071 προσόντα
720 4003 901 4071 φύσει.
948 4001 1110 4066 Ἀλλ’,
1139 3998 1311 4072 οἶμαι,
1349 4005 1457 4067 πᾶς
1485 4022 1571 4067 τις
1595 4005 1714 4077 ἐρεῖ
1782 4008 1876 4061 καὶ
1942 4005 2247 4060 συναινέσει
2294 3998 2518 4062 δικαίως
2578 3996 2660 4050 ὅτι
2711 3994 2968 4064 λέγοιμεν
3015 3992 3233 4064 ἀληθῆ,
3306 3990 3558 4063 δριμεῖαν
3629 3987 3693 4040 δὲ

415 4092 526 4147 τῶν
572 4094 630 4145 ἐν
660 4095 772 4157 τοῖς
810 4093 959 4157 ἰδίοις
990 4092 1173 4165 ἔργοις
1221 4094 1499 4160 ἀπόδειξιν
1543 4096 1643 4167 τὴν
1683 4098 1993 4170 ταυτότητα
2029 4092 2434 4167 παρακομίσαι.
2471 4088 2537 4142 Τί
2571 4084 2863 4158 τοιγαροῦν
2890 4085 2940 4137 oi
2973 4083 3042 4137 τὰ
3070 4082 3248 4155 ὀρθῶς
3310 4080 3502 4153 ἔχοντα
3554 4078 3693 4151 ¹δια-

417 4190 763 4263 στρέφοντες,
811 4188 885 4261 μὴ
925 4190 1024 4262 τὴν
1058 4189 1273 4245 εὐθεῖαν
1300 4191 1411 4245 τῶν
1450 4192 1825 4265 θεωρημάτων
1857 4195 1996 4248 ἰέναι
2031 4190 2217 4264 τρίϐον
2248 4188 2375 4251 τοὺς
2411 4185 2575 4248 ἰδίους
2642 4180 2995 4237 ἀναπείθουσι
3037 4177 3323 4251 φοιτητὰς,
3360 4174 3519 4240 ἀλλὰ,
3587 4173 3699 4243 τῆς

416 4285 701 4356 βασιλικῆς
726 4301 785 4337 τε
813 4284 906 4337 καὶ
928 4284 1296 4357 τετριμμένης
1327 4285 1651 4354 ἐξώσαντες,
1674 4288 1775 4358 τὴν
1799 4288 1997 4360 ἀστιϐῆ
2069 4286 2165 4341 καὶ
2232 4283 2493 4356 τραχεῖαν
2544 4275 2831 4349 ἐρχόμενοι
2877 4271 3225 4343 διαλελήθασι
3280 4268 3381 4343 μὲν
3439 4266 3697 4360 ἑαυτοίις,

415 4376 760 4447 συντρίϐουσι
824 4378 881 4431 δὲ
928 4378 1020 4431 καὶ
1068 4379 1197 4442 τοὺς
1251 4380 1484 4433 ἕπεσθαι
1538 4381 1650 4434 δεῖν
1708 4358 1994 4453 οἰομένους
2030 4380 2250 4443 αὐτοῖς;
2294 4374 2434 4429 Ἀλλ’
2463 4375 2648 4445 ἡμεῖς,
2692 4370 2753 4424 οὗ
2796 4366 3004 4439 ταύτην
3032 4365 3319 4439 ἐρχόμενοι
3383 4361 3491 4453 τὴλς
3546 4358 3697 4453 ὀξδνς

410 4467 510 4534 τὴν
562 4467 822 4536 εὐθυτενῆ
870 4467 1238 4537 βαδιούμεθα,
1289 4471 1420 4537 καί,
1467 4475 1581 4535 τοῖς
1613 4474 1780 4544 ἱεροῖς
1847 4472 2158 4542 πειθόμενοι
2222 4468 2596 4541 Γράμμασιν,
2646 4460 2895 4531 ἰσοσθενῆ
2939 4459 3032 4513 καὶ
3099 4454 3384 4527 όμοούσιον
3423 4450 3501 4523 τῷ
3568 4447 3702 4520 Θεῷ

411 4561 504 4611 καὶ
546 4560 723 4629 Πατρὶ
771 4561 1100 4630 πιστεύομεν
1149 4559 1288 4618 εἶναι
1336 4565 1427 4618 τὸν
1474 4566 1532 4632 ἐξ
1586 4566 1753 4621 αὐτοῦ
1795 4570 2129 4641 γεννηθέντα
2196 4565 2338 4621 κατὰ
2383 4562 2544 4633 φύσιν
2584 4559 2749 4624 Υἱὸν,
2813 4556 2999 4611 εἰκόνα
3047 4572 3107 4609 τε
3161 4554 3429 4625 ὑπάρχειν
3497 4545 3698 4614 αὐτοῦ,

408 4648 499 4701 διά
526 4664 586 4701 τε
619 4648 778 4702 τοῦτο
809 4649 972 4703 αὑτὸν
1002 4653 1101 4722 μὲν
1138 4648 1281 4706 εἶναι
1312 4655 1369 4708 ὲν
1402 4657 1596 4728 Πατρί,
1637 4657 1695 4711 ἐν
1725 4659 1906 4731 ἑαυτῷ
1935 4660 1995 4714 δὲ
2030 4659 2123 4713 τὸν
2156 4656 2398 4727 Πατέρα.

484 4737 622 4803 XIV,
660 4739 745 4806 1‘2,
781 4741 865 4795 15.
895 4744 1081 4807 Amen,
1113 4762 1266 4800 amen
1292 4746 1410 4802 dico
1436 4749 1599 4814 vobis,
1625 4751 1716 4820 qui
1740 4751 1909 4806 credit
1933 4753 1989 4808 in

2177 4747 2375 4816 Ἀμὴν,
2406 4744 2569 4816 ἀμὴν
2600 4742 2756 4809 λέγω
2804 4740 2965 4811 ὑμῖν,
3020 4742 3052 4794 ὀ
3090 4737 3393 4791 πιστεύων
3432 4735 3520 4800 είς
3559 4734 3700 4805 ἐμὲο

412 4847 492 4885 me
517 4871 531 4896 ,
577 4846 736 4898 opera
761 4849 879 4903 qua:
907 4850 998 4903 ego
1016 4834 1157 4903 facio
1179 4879 1193 4898 ,
1236 4846 1287 4890 et
1319 4839 1432 4907 ipse
1458 4839 1649 4909 faciet,
1696 4853 1746 4896 et
1784 4845 1994 4914 majora

2106 4841 2169 4895 τὰ
2202 4838 2343 4907 ἔργα
2371 4835 2411 4891 ἂ
2450 4835 2564 4904 ἐγὼ
2610 4833 2780 4898 ποιῶ,
2830 4830 3111 4896 κάκεῖνος
3140 4827 3404 4895 ποιήσει,
3441 4827 3540 4913 καί
3563 4827 3705 4897 yel-

412 4924 600 4975 Iwrum
633 4921 813 4990 faciet,
840 4925 965 4994 quia
987 4942 1080 4995 ego
1104 4926 1173 4979 ad
1199 4925 1416 4984 Patrem
1441 4932 1595 4987 vado.
1630 4932 1693 4987 Et
1723 4935 1996 5005 quodcun-

2106 4930 2239 4993 ζονα
2275 4930 2503 4985 τούτων
2539 4925 2801 4991 ποιήσει,
2842 4922 2932 4976 ὅτι
2973 4922 3089 4991 ἐγὼ
3120 4920 3271 4990 πρὸς
3310 4918 3420 4973 τὸν
3459 4917 3707 4987 Πατέρα

409 5032 507 5082 que
539 5016 801 5084 petieritis
843 5016 1057 5071 Patrem
1094 5019 1146 5071 in
1178 5022 1386 5076 nomine
1419 5040 1530 5078 meo
1553 5065 1568 5088 ,
1622 5025 1719 5079 hoc
1750 5025 1992 5095 faciam;

2106 5023 2444 5092 πορεύομαι.
2480 5020 2590 5073 Καὶ
2628 5016 2662 5071 ὅ
2691 5035 2746 5071 τι
2777 5016 2855 5069 ἂν
2893 5014 3184 5083 αἰτήσητε
3223 5012 3294 5066 ἐν
3332 5010 3413 5077 τῷ
3443 5010 3707 5080 ὀνόματι

415 5116 470 5158 ιιι
498 5108 829 5180 glori/iretur
862 5108 1027 5166 Pater
1049 5114 1100 5166 in
1132 5111 1298 5168 Filio.

2106 5133 2234 5184 μου,
2269 5114 2444 5169 τοῦτο
2484 5111 2739 5177 ποιήσω,
2782 5109 2882 5163 ἵνα
2914 5104 3187 5176 δοξασθῇ
3217 5109 3249 5160 ό
3278 5103 3486 5173 Πατὴρ
3515 5104 3589 5158 ἐν
3613 5103 3705 5170 τῷ

2113 5206 2243 5273 Υἱῷ.

483 5281 538 5335 Si
580 5286 706 5353 quis
740 5306 902 5356 quam
954 5292 1117 5364 longe
1164 5302 1311 5365 patet
1359 5293 1464 5350 loci
1515 5296 1681 5367 hujus
1720 5299 1995 5368 expositio

2174 5299 2273 5369 Εἵη
2302 5297 2402 5369 μὲν
2424 5296 2512 5360 ἂν,
2543 5293 2698 5364 εἰπερ
2743 5312 2821 5364 τῳ
2846 5293 3015 5355 δοκεῖ,
3060 5289 3138 5362 τῷ
3170 5290 3281 5343 τῶν
3311 5289 3703 5362 προκειμένων

410 5373 647 5430 dicendo
695 5381 919 5435 extendi
952 5385 1118 5448 velit,
1160 5387 1320 5455 longa
1356 5395 1404 5441 et
1450 5387 1557 5442 alta
1594 5390 1813 5459 quidem
1844 5398 1993 5449 esset

2106 5389 2421 5462 θεωρήματι
2450 5385 2890 5440 συνεκτείνεσθαι
2923 5382 3138 5442 πλάτει.
3173 5380 3383 5452 μακρὸς
3404 5379 3703 5448 “algam”;

409 5467 589 5555 oratio
621 5486 633 5520 :
670 5470 765 5524 sed
805 5473 935 5542 quid
971 5474 1025 5528 in
1054 5476 1219 5546 802
1258 5493 1369 5533 rem
1403 5479 1718 5534 auditurum
1753 5483 1821 5536 sit
1868 5484 1991 5536 ani-

2106 5482 2128 5534 ὁ
2159 5481 2335 5550 λόγος·
2364 5479 2425 5532 τὸ
2452 5478 2508 5532 δὲ
2537 5480 2649 5539 τοῖς
2679 5475 3053 5548 ἀκροωμένοις
3083 5472 3391 5536 ἐννοοῦντες
3420 5469 3705 5525 λυσιτελέ-

411 5575 501 5613 mo
532 5569 812 5616 versantes
834 5601 849 5625 ,
880 5562 1099 5636 dempta
1141 5570 1413 5626 sermonis
1458 5572 1770 5640 prolixitate
1793 5613 1806 5637 ,
1866 5590 1991 5629 eum

2106 5592 2312 5648 στερον,
2342 5571 2770 5645 περιδράξασθαι
2804 5569 2912 5623 τῶν
2941 5567 3358 5640 σημαινομένων
3388 5562 3707 5637 οἰησόμεθα.

481 5737 524 5767 ³⁸
564 5737 723 5794 Mit-h.
766 5755 860 5803 In,
895 5744 947 5795 υ.
