4042 6204
379 292 488 348 2ιὸ

1448 282 1513 338 ΙΝ
1551 283 1840 340 JOANNIS
1875 279 2332 339 EVANGELIUM
2373 277 2503 335 LIB.
2545 278 2632 333 IX.

3540 272 3645 328 2l6

370 402 624 474 πρέπειν,
674 399 734 452 τὸ
762 396 896 451 πολῦ
924 395 1018 450 τοῦ
1061 396 1221 466 λόγου
1255 398 1700 467 περιστείλαντες
1734 399 1908 469 μῆκος
1936 412 1953 428 ο

2060 396 2517 467 explanabimus:
2554 394 2663 449 erit
2693 390 2842 448 enim
2869 389 2962 447 hic
2989 389 3149 446 locus
3171 388 3280 446 isto
3307 390 3470 446 modo
3498 389 3645 444 mul-

367 491 450 562 εῐη
486 489 596 560 γάρ
624 487 691 542 ἂν
723 487 865 540 οὕτω
898 488 1133 558 μάλιστα
1165 489 1279 552 τοῖς
1307 488 1524 553 πολλοῖς
1551 491 1959 561 εὐπαράδεκτον

367 582 428 634 τὸ
465 578 751 649 θεώρημα.
806 577 1104 644 Ἐπιδείξαι
1139 577 1430 649 τοιγαροῦν
1471 579 1734 650 ἐθελήσας
1767 581 1843 645 ὠς
1873 582 1957 653 εἴη

374 674 470 744 μὲν
517 669 804 742 ὀμοούσιος
834 669 912 740 τῷ
958 670 1071 741 ἰδίῳ
1101 669 1392 741 Γεννήτορι
1432 671 1528 724 καὶ
1561 673 1644 726 ὅτι
1673 674 1960 744 χαρακτήρ

372 768 516 817 ἐστιν
570 761 758 826 αὑτοῦ,
815 761 1149 833 φορούμενος
1202 761 1300 832 μὲν
1334 761 1410 825 ὡς
1449 763 1509 816 ἐν
1558 763 1852 836 ἀρχετύπῳ
1880 764 1960 836 τῷ

372 855 568 925 Πατρὶ,
618 853 758 924 ἔχων
802 870 867 921 γε
919 852 1025 923 μὴν
1073 853 1132 906 ἐν
1183 852 1362 923 ἐαυτῷ
1406 853 1468 907 τὺ
1508 854 1838 926 ἀρχέτυπον,
1883 857 1961 920 ώς

371 945 657 1016 χαρακτὴρ
679 942 925 1013 φυσικῶς
953 960 1011 995 τε
1038 943 1129 994 καὶ
1149 942 1440 1007 ούσιωδῶς,
1469 945 1563 997 καὶ
1583 945 1644 996 οὐ
1670 943 1813 997 κατά
1838 961 1960 998 τινα

370 1035 754 1106 σχηματισμὸν
796 1034 887 1087 τὸν
933 1036 990 1086 ἐν
1019 1032 1308 1087 διαπλάσει
1334 1033 1624 1105 νοούμενον
1676 1036 1824 1106 (άνω
1849 1034 1958 1106 γάρ

372 1125 673 1195 σχημάτων
715 1123 776 1177 τὺ
813 1123 994 1187 Θεῖον,
1049 1123 1171 1176 ἐπεὶ
1199 1125 1294 1178 καὶ
1325 1123 1637 1195 ἀσώματον)
1661 1166 1675 1190 ,
1731 1144 1750 1176 ι
1791 1125 1956 1195 Ἐγὼ,

369 1218 556 1285 φησὶν,
585 1219 643 1268 ἐν
670 1215 747 1286 τῷ
773 1215 969 1285 Πατρὶ,
1009 1217 1103 1268 καὶ
1131 1216 1159 1268 6
1188 1214 1378 1286 Πατὴρ
1411 1215 1468 1268 δέ
1494 1217 1552 1269 ἐν
1579 1216 1702 1286 ἐμοί
1733 1219 1899 1271 ἐστιν.
1935 1236 1953 1269 ι

382 1307 524 1360 Ἀλλ’
570 1307 658 1359 ἵνα
699 1307 798 1376 τῆς
844 1307 1141 1376 ἐμφερείας
1187 1306 1287 1376 τήν
1333 1307 1553 1378 ίσότητα
1600 1308 1777 1360 καὶτὸ
1822 1308 1959 1380 σύμ-

372 1417 582 1470 μορφον
612 1399 1050 1470 ἀπαραλλάκτως
1081 1399 1156 1470 μὴ
1185 1399 1309 1453 καθ’
1339 1400 1528 1471 ἕτερόν
1552 1418 1674 1454 τινα
1707 1401 1958 1470 ζητῶμεν

367 1490 574 1558 τρόπον
600 1489 633 1561 ἢ
669 1491 733 1542 ἐκ
769 1489 946 1560 μόνων
977 1488 1086 1542 τῶν
1112 1492 1179 1560 τῇ
1209 1489 1369 1558 φύσει
1399 1489 1710 1560 προσόντων
1742 1490 1960 1543 πλεονε-

370 1579 674 1647 κτημάτων
716 1577 1010 1644 (ἐντεῦθεν
1041 1578 1150 1649 γάρ
1191 1574 1260 1648 ἦν
1303 1577 1537 1649 ούσιώδη
1583 1579 1677 1631 καὶ
1723 1579 1957 1648 φυσικὴν

370 1671 504 1740 όρᾷν
537 1669 634 1740 τὴν
661 1669 978 1740 ὁμοίωσιν),
1039 1690 1055 1720 ι
1087 1671 1148 1723 Εἰ
1200 1670 1257 1723 δὲ
1311 1669 1407 1741 μὴ,
1459 1670 1656 1740 φησὶν,
1709 1670 1816 1723 ἀπὸ
1848 1671 1956 1723 τῶν

2063 489 2133 544 tis
2177 495 2347 558 captu
2389 486 2587 541 facilis.
2623 483 2830 540 Volens
2865 483 3034 554 igitur
3077 482 3372 538 ostendere
3420 497 3481 538 se
3521 496 3647 536 esse

2061 579 2282 652 quidem
2317 595 2418 636 suo
2445 578 2593 633 Patri
2622 575 3154 634 consubstantialem
3188 574 3424 644 ejusque
3452 575 3646 628 chara-

2061 682 2262 728 cterem
2282 715 2297 737 ,
2337 671 2430 742 qui
2469 672 2526 726 in
2555 670 2718 725 Patre
2747 677 3008 740 tanquam
3043 669 3098 722 in
3128 667 3432 738 archetypo
3466 667 3644 719 couti-

2063 771 2296 828 neatur,
2336 762 2535 818 habeat
2583 770 2771 817 tamen
2823 763 2877 815 in
2931 761 3112 829 seipso
3143 758 3542 829 archetypum,
3586 765 3646 809 ut

2061 857 2350 912 character
2399 863 2598 910 natura
2654 863 2818 924 atque
2875 853 3230 920 substantia,
3289 867 3400 907 non
3459 860 3641 905 autem

2063 947 2251 1001 forma
2290 963 2352 1002 ac
2405 947 2575 1016 figura
2614 947 2864 1018 (figuras
2911 946 3056 1000 enim
3109 944 3250 1000 Deus
3300 959 3409 997 non
3459 943 3641 1013 capit,

2061 1053 2185 1091 cum
2221 1038 2292 1093 sit
2325 1038 2725 1108 incorporeus)
2752 1077 2767 1100 ,
2810 1057 2827 1089 ι
2868 1037 3002 1108 Ego,
3034 1038 3240 1104 inquit,
3273 1035 3327 1088 in
3357 1033 3555 1096 Patre,
3591 1043 3645 1088 et

2063 1129 2220 1184 Pater
2267 1130 2323 1185 in
2373 1145 2458 1185 me
2497 1139 2601 1186 est.
2637 1149 2655 1182 ι
2699 1130 2802 1184 Sed
2851 1137 2910 1183 ut
2942 1127 3327 1184 similitudinis
3361 1128 3644 1196 mqnalita-

2064 1229 2170 1275 tem
2215 1229 2267 1274 et
2301 1219 2744 1275 conformitatem
2798 1235 2893 1290 per
2925 1219 3112 1272 omnia
3149 1219 3385 1272 similem
3423 1218 3644 1272 aliunde

2063 1327 2176 1365 non
2208 1327 2518 1381 qtta‘ranius
2548 1327 2712 1380 quam
2763 1326 2829 1364 ex
2859 1311 2990 1365 solis
3023 1319 3238 1364 natura:
3269 1309 3642 1379 prmrogativis

2063 1402 2233 1468 (hinc
2281 1404 2426 1456 enim
2469 1401 2892 1457 substantialem
2945 1411 2999 1456 et
3051 1402 3362 1456 naturalem
3415 1415 3644 1456 cernere

2063 1491 2186 1544 licet
2217 1491 2641 1546 similitudinem
2669 1495 2719 1558 ),
2758 1511 2776 1542 ‹
2805 1491 3047 1560 Alioqui,
3087 1493 3186 1555 ait,
3219 1499 3446 1562 propter
3475 1505 3642 1560 opera

2061 1581 2294 1637 credite.
2335 1602 2352 1634 ›
2391 1581 2556 1638 Recte
2587 1584 2790 1653 quippe
2823 1583 3176 1638 existimabat
3209 1583 3356 1653 quod
3382 1623 3398 1645 ,
3437 1582 3483 1638 si
3511 1583 3642 1652 quis

2063 1689 2122 1728 se
2155 1673 2457 1743 :equalibus
2486 1690 2610 1727 cmn
2660 1672 2770 1728 Deo
2815 1688 2879 1728 ac
2915 1673 3079 1727 Patre
3122 1674 3382 1742 operibus
3417 1673 3642 1743 conspi-

370 1760 551 1831 ἔργων
599 1759 907 1812 πιστεύετε.
940 1779 958 1811 δ
1009 1761 1168 1830 ᾯετο
1211 1763 1319 1832 γάρ
1368 1760 1431 1832 δὴ
1475 1761 1596 1814 λίαν
1638 1761 1816 1829 ὀρθῶς
1861 1763 1953 1826 ὡς,

2061 1778 2224 1818 cuum
2263 1766 2546 1833 spectarit,
2577 1779 2676 1834 pro
2706 1765 2942 1818 naturali
2973 1765 3296 1819 charactere
3320 1777 3372 1819 et
3406 1764 3642 1833 imagine

371 1854 530 1925 εἴπερ
553 1856 689 1917 ὅλως
714 1852 968 1907 θεάσαιτό
997 1869 1081 1915 τις
1109 1852 1274 1906 αὑτὸν
1308 1855 1418 1916 τοῖς
1449 1853 1584 1916 ἴσοις
1609 1853 1960 1924 ἐκλάμποντα

373 1945 763 2016 κατορθώμασι
799 1944 874 2016 τῷ
907 1944 1025 2016 Θεῷ
1060 1945 1155 1998 καὶ
1186 1946 1383 2014 Πατρὶ,
1422 1947 1501 2008 είς
1536 1946 1764 2014 φυσικὸν
1792 1945 1959 2011 ὅντως

373 2037 743 2108 παραδέξαιτο
777 2037 1104 2107 χαρακτῆρα
1137 2036 1232 2088 καὶ
1266 2036 1454 2090 εἰκόνα
1495 2036 1598 2105 τῆς
1639 2038 1825 2102 οὐσίας
1859 2039 1958 2091 αύ-

371 2128 467 2181 τοῦ
492 2144 506 2157 ⁸
563 2127 624 2180 ού
658 2127 767 2198 γάρ
796 2129 862 2180 ἂν
914 2143 1043 2179 ποτε
1073 2126 1270 2198 δράσαι
1315 2125 1384 2178 τὰ
1416 2126 1504 2178 ἴσα
1537 2125 1614 2196 τῷ
1639 2125 1756 2196 Θεῷ
1784 2127 1842 2179 τὸ
1881 2127 1956 2198 μὴ

371 2220 439 2271 ἐκ
483 2217 618 2270 Θεοῦ
665 2218 805 2271 κατὰ
852 2217 1032 2286 φύσιν,
1083 2217 1195 2271 ἀλλ’
1230 2217 1338 2270 οὐδ’
1371 2217 1437 2271 ἂν
1469 2217 1820 2288 προσγένοιτό
1851 2236 1954 2270 τινι

370 2308 481 2361 τῶν
509 2289 755 2378 γὲὴτῶν
784 2307 845 2360 τὸ
885 2308 943 2362 ἐν
991 2305 1090 2377 ἴσῳ
1127 2309 1312 2378 μέτρῳ
1340 2310 1405 2378 τῇ
1443 2307 1562 2380 θείᾳ
1601 2308 1762 2378 φύσει
1794 2327 1956 2380 τερα-

371 2402 623 2469 τουργεῖν
667 2399 927 2453 δύνασθαί
967 2417 1120 2456 ποτε.
1161 2401 1374 2455 Ἀϐατα
1407 2401 1517 2472 γάρ
1562 2403 1656 2454 καὶ
1701 2402 1957 2472 ἀνέπαφα

373 2489 660 2554 παντελῶς
685 2493 797 2554 τοῖς
828 2489 888 2555 ἐξ
907 2490 1005 2543 οὐκ
1031 2490 1199 2543 ὄντων
1229 2491 1310 2554 είς
1341 2492 1402 2546 τὸ
1427 2488 1567 2545 εἶναι
1601 2493 1958 2562 κεκλημένοις

375 2583 450 2636 τά
481 2581 578 2633 τοῦ
609 2582 694 2634 ἀεὶ
723 2583 873 2646 ὄντος
908 2585 1054 2648 ἰδίως
1087 2583 1271 2652 ἀγαθά
1295 2601 1308 2615 °
1359 2583 1455 2636 καὶ
1487 2584 1569 2636 ὅτι
1606 2584 1704 2653 μὲν
1753 2585 1958 2637 ἀλοιδό-

373 2690 544 2743 ρητος
593 2674 866 2738 παντελῶς
913 2675 1065 2746 παρά
1116 2692 1178 2743 γε
1213 2677 1324 2738 τοῖς
1366 2670 1426 2727 εὖ
1476 2674 1762 2746 φρονοῦσιν
1807 2677 1835 2728 6
1865 2677 1955 2730 τοῦ

371 2765 626 2834 Σωτῆρος
652 2764 802 2818 ἔσται
832 2765 1010 2835 λόγος,
1054 2765 1354 2836 οὐδαμόθεν
1387 2766 1680 2819 ἐνδοιάσειν
1714 2767 1860 2832 εἰκὸς
1889 2765 1957 2839 ἦν

366 2871 540 2919 τινας·
563 2855 782 2910 ἔσεσθαί
810 2874 873 2925 γε
898 2857 1003 2928 μὴν
1032 2860 1143 2919 τοῖς
1173 2858 1431 2912 τάναντία
1449 2858 1760 2925 δοξάζουσιν
1777 2860 1958 2930 ἐτερο-

366 2947 714 3013 διδασκαλίας
762 2949 1016 3020 ἀφορμὴν
1052 2950 1143 3002 καὶ
1191 2950 1463 3020 πρόφασιν
1523 2951 1715 3004 καὶτὸ
1777 2951 1958 3016 καλῶς

370 3040 682 3109 εἰρημένον,
716 3040 816 3093 ούκ
847 3040 1137 3111 ἠγνόησεν,
1184 3041 1258 3105 ώς
1292 3041 1442 3106 Θεός.
1495 3043 1612 3096 Ἵνα
1659 3042 1839 3098 τοίνυν
1877 3044 1951 3115 μὴ
1980 3087 2022 3146 C

367 3131 480 3192 τοῖς
510 3129 578 3182 τά
621 3130 758 3201 ὀρθὰ
791 3131 1207 3203 διαστρέφουσιν
1241 3131 1678 3203 άθυρογλωττίας
1719 3136 1782 3188 ἐν
1827 3135 1952 3187 τού-

367 3237 480 3283 τοις
508 3221 891 3292 περιλείπηται
918 3222 1099 3285 τόπος,
1134 3222 1267 3292 μηδὲ
1291 3223 1498 3290 λέγοιεν
1520 3225 1601 3277 ὅτι
1623 3225 1956 3296 δημιουργὸς

366 3312 475 3364 τῶν
512 3313 808 3383 θαυμάτων
839 3315 1060 3383 γέγονεν
1093 3318 1121 3368 6
1155 3315 1280 3378 Υἱὸς
1330 3317 1430 3368 οὐκ
1475 3318 1538 3369 ἐκ
1585 3317 1686 3387 τῆς
1729 3317 1955 3389 ἐνούσης

371 3404 554 3474 ξσχύος
585 3405 736 3476 αὐτῷ
777 3406 897 3460 οὐδὲ
927 3407 985 3473 ἐξ
1037 3407 1174 3471 ἰδίας
1204 3407 1511 3480 δυνάμεως,
1558 3411 1672 3464 ἀλλ’
1723 3412 1955 3484 ἐπείπερ

368 3490 511 3564 εἶχεν
540 3497 597 3546 ἐν
632 3494 810 3565 ἐαυτῷ
836 3496 926 3548 τὸν
960 3497 1178 3568 Πατέρα
1209 3498 1466 3552 ποιοῦντα
1497 3499 1566 3552 τὰ
1594 3500 1752 3571 ἔργα,
1789 3501 1955 3556 καθά-

367 3602 474 3655 περ
502 3581 598 3638 οὖν
632 3586 792 3650 αὐτὸς
843 3586 946 3656 ἔφη
977 3589 1071 3640 καὶ
1102 3589 1498 3661 διισχυρίσατο,
1551 3591 1955 3662 τεθεράπευκεν

365 3676 684 3744 ἀναγκαίως
709 3677 738 3727 6
769 3677 974 3747 Κύριος
999 3683 1118 3743 ταῖς
1147 3681 1256 3732 τῶν
1285 3682 1574 3752 νοημάτων
1602 3685 1950 3754 ἐπαγωγαῖςο

367 3766 559 3819 ἐαυτὸν
597 3768 696 3838 μὲν
723 3768 834 3839 γὰρ
862 3770 918 3821 ἐν
943 3769 1153 3836 τούτοις
1177 3772 1396 3826 ἔσεσθαι
1425 3775 1660 3846 χορηγὸν
1688 3777 1955 3846 ἐπαγγέλ-

363 3858 516 3912 λεται
536 3861 654 3923 τοῖς
680 3861 1028 3915 πιστεύουσιν
1055 3866 1133 3928 είς
1158 3865 1343 3930 αὐτὸν,
1368 3859 1552 3939 ὦνπερ
1580 3869 1645 3922 ἂν
1676 3860 1953 3926 ἐθέλουσιν

364 3952 560 4016 αἰτεῖν,
612 3953 707 4005 καὶ
739 3955 861 4024 οὐχὶ
896 3955 1066 4028 μόνην
1098 3958 1282 4022 αὐτοῖς
1315 3961 1713 4028 ἐπαγγέλλεται
1754 3964 1952 4017 τοσαύ-

363 4057 465 4112 την
497 4044 834 4114 χορηγήσειν
864 4046 1094 4119 δύναμιν
1128 4049 1224 4102 καὶ
1258 4049 1529 4115 ἐξουσίαν,
1561 4051 1698 4106 ἀλλὰ
1722 4054 1821 4125 τὴν
1859 4055 1952 4109 ἐπὶ

365 4134 502 4188 πολύ
526 4152 540 4165 '
573 4136 796 4206 μείζονα
817 4137 946 4210 γὰρ,
975 4141 1158 4211 φησιν,
1182 4135 1256 4194 ὧν
1281 4141 1392 4210 ἐγὼ
1415 4145 1690 4215 πεποίηκα
1713 4149 1948 4219 ποιήσει.

374 4225 540 4296 Ὁρᾷς
567 4222 662 4280 οὖν
695 4228 843 4292 ὅπως
888 4231 1186 4286 ἀνακόπτει
1216 4236 1501 4306 χρησίμως
1545 4237 1653 4291 τῶν
1698 4238 1766 4291 δι’
1801 4242 1951 4295 ἐναν-

363 4317 484 4381 τίας
523 4319 586 4371 τὸ
637 4318 858 4390 θράσος,
915 4323 1012 4376 καὶ
1062 4325 1414 4396 ἀνασειράζει
1442 4326 1644 4398 τρόπον
1687 4330 1810 4384 τινὰ
1840 4335 1951 4396 τοῖς

2063 1854 2392 1910 substantia:
2445 1855 2565 1924 ejus
2607 1855 2652 1886 ³³
2714 1855 2892 1926 ipsum
2945 1857 3253 1925 susceperit
3295 1873 3308 1909 :
3359 1872 3640 1926 nunquam

2061 1946 2206 2000 enim
2250 1947 2403 2015 paria
2463 1961 2588 2000 cum
2636 1943 2747 2001 Deo
2793 1946 2960 2000 faciat
2994 1947 3084 2016 qui
3120 1962 3184 2001 ex
3239 1945 3348 2000 Deo
3395 1961 3505 2000 non
3554 1953 3640 2000 est

2061 2036 2364 2090 secundum
2414 2044 2702 2099 naturam,
2757 2035 2853 2089 sed
2911 2050 3088 2104 neque
3141 2042 3392 2088 creatura
3441 2032 3640 2087 divinae

2062 2136 2273 2181 natura:
2321 2126 2604 2181 miraculis
2636 2125 2922 2196 patrandis
2965 2141 3062 2196 par
3092 2141 3215 2180 esse
3249 2125 3441 2195 possit.
3489 2124 3638 2178 Bona

2063 2218 2209 2272 enim
2263 2226 2475 2271 natura:
2527 2217 2674 2271 illius
2714 2231 2836 2286 qua:
2886 2230 3101 2285 semper
3161 2221 3244 2268 est
3294 2213 3508 2282 penitus
3550 2211 3637 2266 in-

2063 2324 2288 2365 accessa
2331 2316 2460 2364 sunt
2495 2308 2562 2362 iis
2593 2323 2716 2378 quae
2750 2323 2816 2362 ex
2847 2306 3018 2361 nihilo
3058 2306 3326 2376 producta
3361 2313 3530 2369 sunt;
3585 2311 3639 2358 et

2060 2401 2406 2470 inculpatum
2449 2397 2667 2470 quidem
2711 2412 2940 2468 prorsus
2971 2394 3116 2466 apud
3158 2402 3308 2449 recte
3338 2394 3638 2450 sentientes

2062 2491 2373 2546 Servatoris
2425 2504 2737 2546 sermonem
2789 2487 2946 2552 fore,
2997 2486 3260 2556 credibile
3305 2493 3423 2540 erat
3460 2484 3640 2538 nulla-

2041 2593 2218 2640 'tenus
2277 2583 2628 2638 dubitaturos
2684 2581 2938 2650 aliquos;
2987 2587 3364 2635 verumtamen
3419 2576 3638 2632 haereti-

2057 2691 2154 2732 cos
2207 2689 2362 2729 novae
2409 2673 2682 2728 doctrina:
2715 2672 3070 2728 occasionem
3103 2679 3158 2726 et
3185 2678 3506 2742 praetextum
3547 2683 3636 2723 ar-

2059 2779 2313 2838 repturos
2334 2765 2498 2820 etiam
2525 2765 2576 2819 id
2606 2763 2751 2834 quod
2778 2771 2926 2819 recte
2950 2762 3160 2818 dictum
3184 2771 3322 2829 erat,
3349 2777 3459 2818 non
3483 2762 3638 2834 igno-

2060 2859 2236 2922 ravit,
2274 2865 2336 2911 ut
2381 2857 2543 2912 Deus.
2584 2854 2658 2911 Ne
2699 2855 2866 2924 igitur
2896 2854 2965 2908 iis
3001 2854 3092 2924 qui
3127 2862 3279 2908 recta
3319 2859 3638 2923 pervertunt

2060 2951 2380 3020 petulantia:
2431 2949 2587 3004 locus
2639 2948 2728 3003 hic
2773 2949 3182 3018 relinqueretur
3223 2946 3406 3010 ullus,
3459 2961 3637 3014 neque

2058 3043 2306 3098 dicereut
2336 3041 2600 3096 miracula
2638 3050 2890 3111 patrasse
2941 3037 3143 3093 Filium
3177 3052 3290 3092 nun
3332 3037 3385 3090 vi
3413 3037 3636 3106 quidem

2057 3150 2122 3190 ac
2153 3141 2424 3205 potestate
2466 3148 2598 3196 sua,
2646 3133 2744 3187 sed
2776 3131 2908 3201 quia
2947 3130 3184 3186 habebat
3221 3130 3276 3183 iu
3317 3129 3498 3197 seipso
3532 3126 3637 3180 Pa--

2057 3233 2194 3282 trem
2245 3225 2531 3281 facientem
2582 3238 2787 3293 opera,
2827 3219 3292 3292 quemadmodum
3341 3220 3460 3290 ipse
3498 3219 3638 3273 dixit

2056 3326 2221 3388 atque
2262 3313 2646 3378 confirmavit,
2689 3312 3006 3368 necessario
3037 3309 3303 3363 Dominus
3333 3308 3636 3362 remedium

2055 3409 2258 3473 attulit,
2289 3407 2632 3477 subjungens
2663 3421 2722 3460 se
2750 3403 3106 3460 credentibus
3139 3402 3193 3455 in
3219 3416 3279 3458 se
3310 3401 3635 3470 largiturum

2054 3515 2118 3556 ea
2149 3515 2270 3570 qua:
2296 3507 2480 3570 petere
2507 3498 2822 3564 voluerint;
2859 3512 3036 3566 neque
3063 3511 3198 3550 vero
3223 3502 3428 3550 tantam
3455 3510 3514 3550 se
3539 3494 3638 3549 da-

2054 3597 2240 3643 turum
2270 3588 2380 3641 vim
2426 3602 2492 3641 ac
2522 3594 2847 3656 potestatem
2892 3586 3200 3656 promittit,
3249 3585 3345 3641 sed
3402 3585 3638 3655 amplio-

2053 3694 2168 3734 rem
2196 3698 2210 3734 :
2241 3697 2260 3730 ι
2289 3677 2497 3749 Maiora
2525 3679 2698 3744 enim,
2732 3679 2932 3750 inquit,
2969 3677 3137 3733 faciet
3167 3678 3252 3733 his
3280 3693 3400 3748 qua:
3421 3693 3522 3750 ego
3556 3677 3637 3732 fa-

2053 3773 2194 3828 cio.»
2226 3771 2389 3828 Vides
2421 3786 2551 3842 ergo
2572 3787 2682 3841 quo
2714 3780 2875 3842 pacto
2893 3769 3338 3825 adversariorum
3372 3770 3636 3839 infringat

2051 3864 2368 3929 audaciam,
2408 3871 2464 3918 et
2496 3871 2718 3919 revocet
2753 3861 3161 3932 quodammodo
3189 3876 3289 3915 eos
3316 3862 3418 3931 qui
3454 3862 3506 3915 in
3543 3877 3636 3931 po-

2053 3966 2166 4011 tras
2189 3956 2320 4010 caeci
2353 3961 2540 4008 ruunt.
2568 3953 2720 4008 Dicet
2749 3954 2894 4008 enim
2921 3953 3003 4007 eis
3034 3950 3231 4020 aliquis
3259 3970 3272 4006 :
3307 3952 3352 4007 0
3383 3953 3539 4008 stulti
3569 3967 3634 4008 ac

2052 4049 2203 4112 caeci,
2223 4049 2316 4118 qui
2339 4047 2553 4101 nihilex
2574 4045 2757 4115 seipso
2777 4044 2972 4100 Filium
2994 4044 3176 4100 facere
3210 4061 3374 4115 posse
3405 4046 3629 4116 putatis.

2051 4139 2148 4196 sed
2175 4139 2224 4194 ei
2248 4138 2431 4193 datam
2459 4152 2580 4193 esse
2599 4137 2780 4206 potius
2809 4135 3198 4190 miraculorum
3223 4135 3386 4204 803
3412 4143 3633 4204 patran-

2051 4231 2245 4286 dorum
2279 4229 2389 4282 vim
2426 4241 2490 4281 ac
2524 4231 2851 4294 potestatem
2893 4240 2921 4277 a
2951 4223 3114 4278 Patre
3138 4263 3152 4286 ,
3196 4223 3473 4294 quomodo
3517 4239 3633 4278 ma-

2045 4321 2164 4392 jora
2201 4321 2460 4375 daturum
2497 4333 2556 4374 sc
2595 4317 2885 4387 pollicetur
2911 4315 3267 4370 credentibus
3321 4315 3377 4368 in
3408 4315 3635 4384 ipsum?

364 4409 608 4478 ἐλέγχοις
655 4412 986 4482 ἐρχομένους
1031 4415 1172 4470 κατὰ
1221 4417 1459 4488 πετρῶν.
1526 4417 1672 4490 Ἑρεί
1714 4423 1822 4493 γάρ
1863 4441 1946 4488 τις

2055 4411 2337 4479 Quoinodo
2363 4409 2511 4482 quod
2542 4425 2654 4462 non
2703 4407 2831 4462 fecit
2859 4407 2972 4477 ipse
3003 4447 3017 4470 ,
3058 4407 3198 4461 alter
3229 4406 3495 4477 perﬁciet,
3523 4409 3634 4462 vir-

363 4504 546 4567 αὐτοῖς
571 4521 585 4534 ·
628 4501 699 4556 Ὦ
736 4506 952 4576 ἀνόητοι
982 4508 1075 4560 καὶ¹
1102 4509 1314 4578 τυφλοὶ,
1348 4511 1516 4582 μηδὲν
1550 4512 1610 4577 ἐξ
1641 4513 1834 4568 ἐαυτοῦ
1865 4516 1948 4570 δε-

362 4590 620 4660 δυνῆσθαι
653 4594 958 4664 κατορθοῦν
987 4597 1347 4668 ὑπειληφότες
1391 4599 1484 4654 τὸν
1515 4601 1662 4668 Υἱὸν,
1719 4621 1947 4677 κεχορη-

363 4682 560 4751 τῆσθαι
589 4683 646 4736 δέ
680 4686 883 4754 μᾶλλον
911 4686 1009 4758 τὴν
1043 4689 1128 4757 ἐφ’
1157 4690 1328 4744 ἆπασι
1357 4694 1471 4756 τοῖς
1507 4695 1826 4766 παραδόξως
1857 4714 1945 4750 τε-

359 4771 706 4843 τελεσμένοις
731 4775 961 4846 δύναμίν
984 4796 1041 4832 τε
1069 4780 1161 4832 καὶ
1189 4780 1434 4845 ἐξουσίαν
1457 4784 1561 4836 ὑπὸ
1584 4785 1678 4838 τοῦ
1707 4787 1942 4859 Πατρὸς,

357 4863 479 4926 πῶς
523 4865 618 4918 καὶ
673 4867 899 4936 μείζονα
929 4870 1254 4941 κατορθοῦν,
1307 4873 1704 4944 ἐπαγγέλλεται
1751 4878 1944 4936 δώσειν

353 4957 470 5017 τοῖς
497 4957 848 5012 πιστεύουσιν
874 4961 954 5023 είς
987 4963 1149 5015 αὐτόν
1175 4980 1190 5029 ;
1242 4964 1366 5029 Πῶς
1393 4965 1422 5018 ὃ
1453 4967 1527 5038 μὴ
1559 4967 1816 5040 δέδρακεν
1842 4973 1942 5025 αύ-

351 5046 468 5110 τὺς,
491 5048 577 5101 ἒτε
586 5067 679 5120 ρος
709 5051 1066 5122 κατορθώσει,
1090 5055 1190 5126 τὴν
1215 5058 1346 5128 παρ’
1366 5059 1531 5112 αὑτοῦ
1559 5059 1944 5128 δανεισάμενος

350 5137 619 5209 δύναμιν;
675 5143 786 5196 Θέα
814 5142 924 5212 γάρ
957 5145 1104 5210 ὅπως
1146 5149 1246 5201 οὐκ
1278 5150 1498 5221 εἴρηκεν
1528 5153 1586 5204 ἐν
1612 5153 1823 5216 τούτοις
1858 5154 1941 5206 ὅτι

347 5231 656 5302 χορηγήσει
703 5236 818 5298 τοῖς
864 5237 1182 5292 πιστεύουσι
1231 5241 1458 5312 δύναμιν
1486 5245 1514 5296 6
1546 5244 1768 5314 Πατὴρ,
1825 5245 1940 5298 ἀλλ’

352 5338 375 5371 ι
413 5321 482 5373 Ὅ
504 5338 557 5373 τι
599 5323 666 5376 ἂν
698 5327 957 5398 αἰτήσητε
1006 5332 1063 5383 ἐν
1092 5331 1168 5402 τῷ
1200 5333 1427 5404 ὀνόματί
1472 5351 1596 5406 μου,
1645 5337 1877 5408 ποιήσω.
1915 5356 1932 5389 ι

355 5412 422 5464 Ὀ
453 5413 514 5466 δὲ
544 5418 656 5479 τοῖς
686 5416 869 5484 ἄλλοις
897 5422 990 5475 καὶ
1020 5423 1089 5476 τά
1117 5423 1288 5494 μείζω
1319 5425 1584 5481 δύνασθαι
1612 5429 1934 5500 κατορθοῦν,

338 5505 424 5567 ὡς
451 5503 609 5570 Θεὸς,
662 5509 954 5579 ἐπιδιδοὺς,
1008 5515 1123 5580 πῶς
1156 5517 1222 5572 ἂν
1255 5517 1415 5583 αὐτὸς
1447 5520 1756 5592 ἐχορηγήθη
1809 5525 1935 5593 παρ’

421 5686 468 5719 ⁸³
508 5685 676 5744 Hebr.
713 5706 750 5754 l,
788 5692 841 5745 ὗ.

2051 4511 2166 4560 tute
2195 4505 2263 4557 ab
2300 4518 2368 4557 eo
2399 4502 2688 4556 mutuata?
2731 4499 2971 4554 Advorte
2999 4497 3144 4554 enim
3182 4505 3239 4552 ut
3279 4515 3390 4554 non
3425 4498 3518 4555 hic
3547 4500 3633 4556 di-

2046 4599 2184 4654 xerit
2214 4595 2428 4650 Patrem
2471 4594 2726 4648 ﬁdelibus
2777 4593 3042 4646 virtutem
3087 4591 3446 4661 largiturum,
3496 4593 3618 4659 sed,

2055 4710 2072 4742 ‹
2108 4688 2264 4756 Quod
2315 4686 2582 4757 petieritis
2639 4687 2693 4740 in
2750 4685 2976 4740 nomine
3019 4698 3160 4749 meo,
3194 4684 3298 4739 hoc
3349 4684 3571 4750 faciam.
3607 4705 3626 4738 ι

2049 4783 2153 4851 Qui
2177 4795 2308 4852 ergo
2330 4780 2474 4846 aliis,
2495 4786 2555 4832 ut
2574 4778 2738 4842 Deus,
2764 4777 2972 4846 majora
2997 4777 3248 4846 patrandi
3279 4778 3388 4831 vim
3411 4779 3626 4840 tribuit,

2047 4873 2322 4949 quomodo
2367 4872 2484 4943 ipse
2530 4871 2598 4925 ab
2643 4871 2764 4925 aliis
2793 4871 2897 4926 ista
2936 4869 3173 4924 faciendi
3211 4871 3470 4924 virtutem
3508 4887 3628 4924 mn-

2049 4968 2279 5026 tuetur?
2320 4964 2693 5031 Quamobrem
2715 4978 2871 5033 nuga:
2901 4975 3030 5018 sunt
3069 4963 3254 5016 istbznc
3300 4977 3528 5030 prorsus
3563 4977 3628 5016 ac

2045 5057 2332 5115 diabolicae
2360 5053 2739 5125 perversitatis
2773 5053 3016 5107 iuventa.
3047 5051 3154 5105 Nec
3195 5050 3344 5104 enim
3370 5048 3492 5103 Filii
3518 5052 3624 5103 vim

2047 5168 2111 5206 ac
2132 5157 2462 5220 potestatem
2494 5145 2704 5200 finitam
2737 5160 2960 5210 cernes,
3011 5151 3069 5196 ut
3105 5143 3170 5196 ad
3204 5142 3470 5196 nonnulla
3504 5143 3626 5212 qui-

2047 5239 2171 5293 dem
2193 5252 2253 5292 se
2279 5235 2561 5299 extendat,
2587 5233 2684 5288 sed
2709 5233 3010 5302 majoribus
3036 5246 3384 5302 nequaquam
3409 5249 3506 5303 par
3531 5235 3624 5298 sit,

2048 5346 2236 5386 verum
2267 5343 2612 5399 quaacunque
2642 5326 2769 5382 velit
2793 5324 2956 5378 facile
2996 5330 3342 5393 peragentem
3369 5362 3384 5384 ,
3416 5323 3628 5394 dignis;

2044 5440 2153 5496 que
2181 5423 2503 5494 largientem
2543 5428 2606 5475 ut
2633 5418 2937 5490 aequalibus
2984 5416 3102 5472 sive
3131 5417 3297 5472 etiam
3329 5417 3622 5471 altioribus

2047 5518 2204 5577 soliis
2237 5517 2564 5590 glorientur.
2599 5511 2786 5584 Neque
2813 5518 2999 5568 tamen
3025 5510 3317 5583 quisquam
3349 5516 3499 5582 putet
3520 5521 3619 5566 nos
