4042 6204
472 271 573 328 2έῖ

1473 263 1531 320 S.
1555 262 1833 319 CYRILLI
1861 263 2329 348 APEXANDRINI
2355 263 2672 321 ARCHIEP.

3626 272 3733 327 248

475 387 746 441 allirmare
765 386 983 456 aliquos
1005 396 1196 441 eorum
1220 380 1312 453 qui
1344 382 1399 436 in
1423 396 1549 437 eum
1568 381 1825 443 credunt,
1858 394 2030 433 crean'

2152 379 2338 451 ἐτέρου
2383 380 2445 433 τὸ
2487 379 2779 446 δύνασθαι;
2835 376 3046 434 Οὐκοῦν
3078 381 3244 452 λῆρος
3274 382 3375 453 μὲν
3406 381 3475 437 τὰ
3509 385 3734 440 ἐκείνων

475 477 530 532 di
561 478 750 541 caelos,
774 476 1064 546 solemque
1085 490 1149 530 ae
1177 475 1361 529 lunam
1388 513 1403 538 ,
1441 480 1534 527 aut
1569 473 1838 526 illustrem
1874 478 2048 524 astro-

474 585 594 624 rum
621 569 884 632 chorum,
932 569 1014 624 vel
1038 569 1201 624 etiam
1236 567 1460 636 angelos
1485 605 1500 630 ,
1544 577 1638 619 aut
1668 573 1873 619 terram
1903 602 1918 629 ,
1954 568 2048 616 aut

472 677 594 729 qua:
636 660 691 713 in
748 675 811 715 ea
866 669 1019 725 sunt,
1050 658 1322 714 condendi
1361 659 1415 713 vi
1468 657 1696 728 pollere.
1738 654 1852 710 Nec
1900 655 2046 710 enim

472 751 527 804 in
579 750 666 805 his
713 751 981 805 orationis
1017 765 1217 818 scopus
1249 754 1517 813 vertitur,
1552 746 1647 803 sed
1685 746 1754 801 ad
1796 760 1917 815 qua:
1950 759 2048 815 par

470 848 555 895 est
583 840 903 896 extenditur
926 879 940 905 ,
976 849 1030 896 et
1063 841 1314 895 humana:
1338 839 1609 894 claritatis
1638 853 1762 909 qua:
1790 836 1960 907 gloria
1994 842 2048 888 et

471 931 913 988 sanctiﬁcatione
967 939 1188 987 constat
1239 931 1461 986 modum
1520 944 1631 985 non
1681 927 2044 993 transcendit.

470 1025 685 1081 Idcirco
713 1026 863 1081 enim
898 1027 1173 1082 sermonis
1214 1025 1865 1081 liberiorenrexcursum
1901 1036 2041 1091 quo—

469 1118 763 1173 dammodo
800 1108 1055 1174 inhibens
1083 1159 1098 1181 ,
1139 1125 1195 1172 et
1228 1116 1514 1172 miraculis
1554 1129 1583 1168 a
1639 1130 1699 1169 se
1753 1114 1807 1168 in
1854 1120 1999 1166 terra
2027 1146 2046 1175 ,

469 1211 691 1279 quando
737 1208 915 1265 factus
960 1218 1046 1264 est
1096 1209 1297 1272 homo,
1347 1207 1513 1261 editis
1555 1205 1821 1275 majorem
1880 1218 2047 1274 porro

468 1301 903 1371 magnitudinem
935 1314 1246 1370 apponens,
1286 1319 1304 1349 ‹
1348 1296 1481 1363 Quae
1514 1313 1615 1368 ego
1646 1296 1780 1359 feci,
1822 1295 2043 1365 inquit,

468 1393 655 1460 faciet,
683 1403 737 1448 et
760 1394 970 1464 majora
1003 1394 1106 1449 his.
1136 1412 1154 1444 ι
1191 1391 1308 1446 Νοη
1336 1392 1484 1448 enim
1508 1393 1667 1462 quasi
1700 1392 1908 1461 majora
1938 1405 2044 1444 non

380 1480 389 1487 ’
468 1493 679 1553 posset,
708 1466 865 1539 suain
894 1491 1223 1553 potestatem
1245 1483 1411 1539 rebus
1440 1498 1469 1536 a
1499 1500 1557 1538 se
1584 1484 1748 1539 editis
1776 1482 2042 1547 deﬁnivit,

467 1576 563 1631 sed
595 1577 835 1645 peractis
878 1592 999 1645 quae
1040 1577 1327 1646 oportebat
1369 1584 1423 1631 et
1451 1590 1798 1645 qumcunque
1827 1584 2044 1644 tempus

464 1666 520 1720 in
558 1667 801 1722 medium
842 1667 1066 1729 attulit,
1100 1665 1717 1735 incomprehensibilem
1748 1664 2040 1734 potestatis

464 1772 582 1813 sua!
630 1757 1064 1826 magnitudinem
1107 1756 1175 1810 iis
1215 1754 1421 1812 ﬁnibus
1464 1774 1573 1810 non
1622 1755 1908 1810 terminari
1954 1755 2040 1809 his

460 1846 649 1901 verbis
703 1846 916 1901 utiliter
960 1847 1177 1903 educet.
1220 1845 1421 1901 Verum
1472 1856 1568 1910 ut,
1616 1847 1718 1902 loci
1768 1847 2036 1917 propositi

461 1939 710 1993 ordinem
764 1950 1091 2003 servantes,
1142 1938 1450 1993 auditorum
1487 1937 1704 1994 animos
1758 1940 1824 1994 ad
1873 1938 2040 2008 hujus

459 2031 593 2084 dicti
633 2031 1081 2085 observationem
1113 2030 1394 2100 erigamus
1442 2050 1454 2084 :
1517 2050 1536 2082 ι
1575 2033 1747 2085 Amen
1771 2070 1787 2095 ,
1820 2030 2035 2101 inquit,

408 2192 421 2193 γ
459 2124 583 2177 dico
617 2124 806 2189 vobis,
841 2123 934 2192 qui
966 2122 1142 2177 credit
1175 2122 1229 2176 in
1269 2137 1354 2175 me
1376 2160 1391 2185 ,
1420 2136 1589 2192 opera
1615 2137 1739 2191 qua:
1766 2136 1869 2192 ego
1895 2120 2037 2176 facio

458 2224 513 2268 et
542 2214 660 2283 ipse
686 2213 887 2276 faciet,
914 2212 1043 2283 quia
1076 2226 1178 2283 ego
1208 2211 1274 2266 ad
1304 2211 1522 2266 Patrem
1550 2212 1710 2266 vado.
1751 2230 1770 2262 ι
1812 2212 1881 2265 At
1904 2210 2036 2280 quid

457 2305 535 2359 rei
573 2312 695 2369 est,
758 2304 967 2374 inquiet
1011 2303 1214 2373 aliquis
1258 2303 1450 2357 l'orsan
1496 2303 1813 2357 auditorum
1869 2304 2036 2374 paulo

455 2393 673 2449 exteris
703 2394 936 2464 aequior,
963 2393 1111 2462 quod
1136 2391 1313 2455 Filius
1345 2394 1458 2462 ipse
1488 2408 1546 2448 se
1578 2394 1645 2447 ad
1669 2392 1882 2448 Patrem
1912 2408 2036 2463 pro—

455 2486 626 2541 licisci
661 2486 857 2555 inquit,
890 2493 949 2539 ut
981 2485 1074 2555 qui
1102 2484 1334 2541 credunt
1367 2484 1424 2539 in
1449 2499 1575 2539 eum
1609 2487 1821 2556 majora
1849 2484 2033 2540 facere

455 2577 675 2645 possint
721 2591 888 2646 quam
939 2591 1060 2646 qua:
1109 2577 1225 2647 ipse
1286 2576 1505 2631 edidit?
1557 2575 1702 2632 Sane
1754 2576 2029 2631 occultam

453 2668 751 2736 quamdam
773 2668 824 2721 in
850 2683 908 2722 se
927 2667 1269 2738 habet804.
1289 2669 1497 2722 dictum
1532 2668 1666 2723 illud
1691 2669 2033 2738 contempla-

452 2761 680 2813 tionem.
716 2757 857 2825 Quid
887 2774 1017 2830 ergo
1039 2759 1109 2813 sit
1137 2760 1268 2813 illud
1304 2764 1449 2829 quod
1475 2761 1555 2813 ait
1578 2798 1592 2821 ,
1630 2760 1811 2830 ipsum
1842 2760 2033 2830 accipe

453 2850 529 2903 ita
560 2850 953 2920 propemodum
980 2851 1354 2919 explicantem
1385 2870 1397 2905 :
1448 2849 1493 2906 Ο
1519 2866 1834 2907 sermonum
1878 2868 2030 2909 meo-

450 2957 575 2997 rum
613 2941 850 2999 ministri
883 2956 945 2994 ac
976 2942 1089 2996 veri
1124 2940 1412 3011 discipuli,
1453 2944 1697 3013 quandiu
1742 2944 2029 3001 vobiscum

2153 470 2429 535 παντελῶς
2459 472 2551 524 καὶ
2572 470 2727 532 ῦθλος
2750 471 2953 532 εἰκαῖος
2978 470 3072 524 καὶ
3100 470 3485 541 δαιμονιώδους
3506 472 3734 543 δύστρο-

2152 564 2283 627 πίας
2310 563 2611 633 εὐρέματα.
2661 560 3093 631 Πεπερασμένην
3124 560 3180 613 δὲ
3226 560 3480 632 οὐδαμῶς
3513 563 3611 634 τὴν
3637 564 3733 618 τοῦ

2149 655 2281 724 Υἱοῦ
2308 655 2537 726 δύναμιν
2584 653 2858 725 θεωρήσαι
2885 671 2969 717 τις
3019 653 3109 717 ἂν,
3157 654 3276 707 οὐδέ
3304 653 3602 722 διήκουσαν
3632 656 3734 726 μὲν

2149 747 2241 801 ἐπί
2267 765 2318 801 τι
2348 746 2456 800 τῶν
2486 746 2676 810 ὄντων,
2706 746 2808 799 οὐκ
2838 743 3116 817 ἀρκοῦσαν
3146 744 3202 797 δέ
3228 748 3339 808 τοῖς
3359 744 3440 799 ἔτι
3467 745 3731 817 μείζοσιν,

2147 840 2264 893 ἀλλ’
2306 842 2517 910 ὅσαπερ
2565 838 2633 892 ἂν
2667 836 2909 908 βούλοιτο
2936 836 3108 890 ταῦτά
3134 854 3191 890 τε
3224 835 3437 908 δρῶσαν
3466 838 3728 906 εὐκόλως,

2148 933 2242 987 καὶ
2273 935 2384 996 τοῖς
2413 930 2586 997 ἀξίοις
2614 928 2981 1001 χαριζομένην
3000 928 3060 982 τὸ
3083 929 3195 992 τοῖς
3218 929 3354 1005 ἴσοις
3378 929 3537 1000 τυχὸν
3562 931 3733 1001 ἡγουν

2148 1026 2242 1078 καὶ
2272 1023 2690 1095 ὐπερκειμένοις
2719 1019 3108 1091 ἐναδρύνεσθαι
3142 1018 3360 1082 θώκοις.
3400 1021 3510 1074 Καὶ
3545 1023 3618 1092 μή
3647 1039 3732 1085 τις

2147 1116 2343 1170 οἰέσθω
2370 1116 2550 1184 λέγειν
2581 1115 2733 1185 ἡμᾶς
2776 1113 2856 1167 ὅτι
2890 1111 3173 1185 περιέσται
3220 1111 3352 1165 ποτὲ
3383 1112 3445 1165 τὸ
3472 1112 3729 1166 δύνασθαι

2147 1228 2253 1264 τινι
2278 1209 2386 1263 τῶν
2414 1208 2513 1280 τὴν
2540 1209 2622 1272 εἰς
2656 1206 2818 1262 αὐτὸν
2849 1206 3031 1260 πίστιν
3058 1205 3431 1275 τετιμηκὸτων
3459 1205 3726 1278 δημιουρ-

2147 1303 2316 1374 γῆσαι
2347 1303 2443 1374 μὲν
2469 1301 2719 1372 οὐρανὸν,
2751 1299 2902 1370 ἥλιον
2928 1299 2983 1352 δέ
3015 1298 3108 1352 καὶ
3148 1297 3400 1368 σελήνην,
3439 1300 3606 1369 ἤγουν
3637 1299 3729 1351 τὸν

2148 1393 2425 1466 περιφανῆ
2450 1394 2561 1447 τῶν
2587 1391 3023 1462 ἀστέρωνηχορύν
3050 1387 3338 1456 ἀναδεῖξαι,
3363 1389 3545 1443 κτίσαι
3565 1391 3726 1460 τυχὸν

2147 1487 2432 1557 ἀγγέλους,
2462 1486 2496 1555 ἢ
2528 1486 2652 1554 γῆν,
2684 1484 2718 1555 ἢ
2750 1483 2819 1536 τὰ
2849 1483 2908 1536 ἐν
2935 1482 3093 1553 αὐτῇ.
3145 1480 3457 1552 Τέτραπται
3486 1481 3596 1552 γὰρ
3622 1482 3724 1535 οὐκ

2146 1581 2205 1631 ἐν
2231 1579 2439 1641 τούτοις
2470 1580 2499 1630 ό
2528 1576 2621 1629 τοῦ
2651 1575 2808 1643 λόγου
2839 1573 3058 1640 σκοπὸς,
3101 1573 3216 1627 ἀλλ’
3247 1572 3333 1640 ἐφ’
3370 1566 3449 1636 οἷς
3477 1568 3545 1644 ἦν
3579 1574 3727 1637 εἰκὸς

2149 1668 2504 1732 συντείνεται,
2538 1666 2633 1719 καὶ
2674 1666 2773 1735 τῆς
2809 1661 3312 1735 ἀνθρωποπρεποῦς
3339 1663 3725 1735 λαμπρὰτητος

2074 1719 2114 1771 Β
2142 1719 2201 1810 ιν
2229 1757 2376 1828 δόξῃ,
2420 1719 2589 1837 φημι,
2640 1719 3043 1825 καί-ἁγιασμῷ
3071 1719 3132 1808 τὲ
3183 1719 3382 1825 μέτρον
3414 1719 3521 1824 ὀὐχ
3554 1719 3723 1824 saep:

2140 1848 2343 1918 τρέχει.
2391 1848 2490 1900 Διὰ
2523 1846 2631 1917 γάρ
2658 1863 2740 1899 τοι
2785 1845 2943 1899 τοῦτο
2993 1844 3358 1915 περιστέλλων
3404 1843 3594 1916 ὥσπερ
3623 1845 3722 1899 τοῦ

2139 1940 2298 2009 λόγου
2351 1940 2441 1992 τὸν
2494 1939 2578 2007 ἐφ’
2625 1939 2763 2007 ὅπερ
2809 1936 2875 1991 ἄν
2920 1955 3003 2001 τις
3056 1936 3296 2006 βούλοιτο
3352 1936 3584 2009 δρόμον,
3627 1939 3723 1992 καὶ

2142 2032 2324 2102 μόνοις
2347 2033 2461 2094 τοῖς
2490 2028 2619 2098 παρ’
2654 2028 2818 2083 αὐτοῦ
2847 2028 3166 2100 παραδόξως
3195 2027 3597 2098 τετελεσμένοις
3625 2028 3721 2082 ἐπὶ

2136 2122 2234 2193 τῆς
2268 2121 2389 2191 γῆς,
2441 2121 2530 2173 ὅτε
2575 2120 2795 2187 γέγονεν
2837 2115 3143 2189 ἄνθρωπος,
3175 2116 3284 2171 τῶν
3330 2116 3411 2169 ἔτι
3458 2115 3721 2187 μειζόνων

2136 2210 2585 2282 ἀντιπαρεξάγων
2610 2209 2670 2261 τὸ
2696 2207 2945 2279 μέγεθος,
2973 2226 2991 2258 ι
3010 2208 3077 2260 Ἃ
3100 2205 3210 2276 ἐγὼ
3238 2206 3535 2277 πεποίηκα.
3561 2207 3714 2277 φησι,

2137 2304 2374 2374 ποιήσει,
2431 2301 2526 2354 καὶ
2561 2300 2784 2370 μείζονα
2820 2299 3047 2353 τούτων.
3093 2318 3111 2348 ι
3173 2299 3250 2352 Οὐ
3293 2298 3402 2370 γὰρ
3450 2299 3715 2369 ἀτονήσας

2136 2396 2266 2466 περὶ
2302 2393 2370 2447 τὰ
2404 2392 2576 2464 μείζω
2608 2393 2767 2463 μέχρι
2794 2392 2904 2446 τῶν
2931 2392 3354 2462 τετελεσμένων,
3380 2391 3481 2462 τὴν
3510 2391 3716 2444 οἰκείαν

2134 2487 2402 2558 ἐπέστησε
2437 2486 2698 2556 δύναμιν,
2755 2485 3071 2548 ἐπιτελέσας
3114 2484 3170 2538 δὲ
3221 2483 3364 2555 ἅπερ
3408 2482 3575 2552 ἐχρῆν
3620 2481 3716 2535 καὶ

2133 2577 2341 2646 ὅσαπερ
2368 2574 2531 2646 τυχὸν
2566 2578 2646 2639 είς
2696 2576 2864 2645 μέσον
2908 2574 3281 2646 παρεκόμισεν
3314 2577 3342 2629 ό
3372 2575 3584 2645 καιρὸς,
3631 2572 3714 2627 ὅτι

2137 2667 2209 2738 μὴ
2241 2667 2432 2738 μέχρις
2463 2667 2689 2721 ἐκείνων
2715 2667 3059 2737 ἀφικνεῖσθαι
3088 2666 3313 2721 δύναται
3348 2666 3452 2747 τῆς
3487 2665 3713 2735 ἐνούσης

2131 2760 2381 2827 ἐξουσίας
2426 2760 2577 2831 αὐτῷ
2622 2759 2684 2813 τὸ
2734 2760 3093 2831 ἀπερινόητον
3126 2758 3354 2829 μέγεθος
3407 2756 3714 2810 ἐκδιδάσκει

2131 2852 2417 2923 χρησίμως
2449 2851 2536 2905 διὰ
2580 2850 2686 2906 τῶν
2717 2850 3042 2922 εἰρημένων.
3104 2849 3244 2905 Ἀλλ’
3282 2849 3388 2914 ἵνα,
3433 2848 3530 2920 τὴν
3557 2845 3712 2912 τάξιν

2129 2945 2239 2999 τῶν
2273 2943 2647 3015 προκειμένων
2678 2944 3036 3014 τηρήσαντες,
3065 2945 3131 3013 τῇ
3161 2942 3258 3012 τῆς
3282 2940 3478 3007 λέξεως
3508 2939 3713 3010 θεωρίᾳ

452 3036 507 3089 in
554 3033 716 3089 terris
762 3035 1132 3088 conversabar
1157 3073 1171 3098 ,
1207 3034 1319 3088 vixi
1353 3042 1414 3090 ut
1448 3034 1612 3089 homo
1635 3075 1649 3098 ,
1684 3053 1795 3091 non
1838 3043 2025 3107 aperte

2133 3037 2240 3111 τῶν
2285 3035 2649 3109 ἀκροωμένων
2698 3035 2792 3089 τὸν
2834 3033 2958 3089 νοῦν
3002 3034 3407 3105 έπιστήσωμεν,
3465 3052 3484 3084 ι
3515 3030 3710 3101 Ἀμην,

448 3125 676 3180 omnino
722 3124 881 3179 vobis
934 3124 1158 3180 deitatis
1203 3140 1335 3182 mete
1385 3136 1712 3198 potestatem
1760 3129 2023 3198 ostendi;

449 3217 550 3271 sed
589 3223 642 3272 et
677 3216 1057 3289 locutuslsum
1082 3258 1097 3282 ,
1147 3227 1203 3273 et
1239 3218 1343 3274 feci
1373 3221 1773 3299 convenienter
1806 3222 2028 3277 humili-

451 3309 582 3365 tatis
629 3309 936 3364 conditioni
986 3318 1041 3364 et
1090 3309 1283 3365 forma:
1332 3311 1546 3367 servili.
1582 3311 1855 3377 Quoniam
1899 3328 2027 3369 vero

449 3401 540 3453 illa
582 3400 803 3469 demum
855 3415 954 3470 pro
1007 3415 1073 3455 eo
1121 3415 1186 3454 ac
1228 3401 1457 3456 decebat
1504 3411 1722 3472 peracta
1758 3414 1930 3468 sunt,
1974 3411 2027 3458 et

448 3491 731 3560 impletum
767 3490 903 3544 mihi
940 3497 1026 3545 est
1061 3490 1495 3561 dispensationis
1535 3508 1664 3548 cum
1705 3508 1869 3549 carne
1910 3510 2026 3565 my-

448 3581 679 3635 sterium
712 3581 975 3650 (jamjam
1002 3582 1147 3635 enim
1172 3592 1403 3637 mortem
1432 3585 1730 3653 perpetiar,
1755 3593 1809 3640 et
1841 3601 2024 3640 resur-

447 3687 568 3743 gam
593 3671 612 3743 )
638 3714 653 3739 ,
694 3673 962 3742 polliceor
1004 3689 1090 3728 me
1120 3674 1279 3730 vobis
1318 3673 1577 3729 daturum
1617 3676 1825 3747 majora
1861 3694 2023 3748 quam

445 3779 568 3832 qua:
599 3777 696 3833 per
742 3778 830 3819 me
866 3761 1010 3819 facta
1043 3771 1204 3830 sunt,
1243 3763 1509 3818 miracula
1545 3764 1745 3819 edendi
1779 3773 2024 3835 potesla~

445 3865 578 3920 tem,
618 3856 860 3910 instante
883 3854 998 3925 jam
1024 3862 1272 3927 tempore
1298 3863 1352 3911 et
1380 3855 1666 3911 voluntate
1689 3872 1751 3911 ea
1780 3856 2022 3928 largien-

443 3952 520 4004 di.
560 3949 653 4004 lbo
692 3951 896 4020 quippe
946 3949 1014 4003 ad
1053 3947 1271 4003 Patrem
1298 3988 1313 4014 ,
1354 3964 1727 4005 consessurus
1767 3950 2023 4005 videlicet

443 4050 998 4112 conregnaturusque
1031 4057 1154 4096 cum
1189 4055 1255 4095 eo
1280 4049 1338 4095 ut
1369 4039 1514 4098 Deus
1545 4058 1612 4097 ex
1646 4041 1778 4106 Deo,
1814 4042 2023 4097 incern-

444 4135 718 4203 prehensa
765 4132 970 4189 virtute
1019 4148 1082 4188 a':
1134 4141 1405 4205 potestate
1445 4133 1642 4190 amicis
1692 4133 1832 4189 meis
1876 4134 2021 4190 bona

442 4229 703 4298 largiens.
758 4247 775 4278 ι
824 4226 1200 4300 ριιοθοιιιι.,λο
1230 4228 1504 4298 petieritis
1529 4267 1544 4292 ,
1575 4228 1758 4298 inquit
1784 4267 1797 4291 ,
1832 4228 1886 4281 in
1919 4242 2021 4282 no-

440 4322 589 4377 mine
626 4336 771 4389 meo,
800 4320 906 4375 hoc
942 4319 1168 4383 faciam,
1191 4338 1208 4371 ι
1248 4330 1472 4389 peracto
1501 4332 1748 4391 tempore
1778 4336 1889 4390 quo
1919 4336 2019 4375 ne-

2133 3130 2290 3202 φησὶ,
2321 3130 2464 3198 λέγω
2490 3128 2640 3198 ὑμῖν,
2671 3129 2700 3181 ό
2728 3126 3000 3181 πιστεύων
3029 3127 3110 3190 είς
3132 3126 3255 3196 ἐμὲ,
3287 3124 3354 3179 τὰ
3381 3123 3517 3196 ἔργα
3543 3122 3577 3176 ἃ
3599 3122 3713 3191 ἐγὼ

2131 3222 2289 3287 ποιῶ,
2312 3224 2562 3285 κάκεῖνος
2593 3221 2832 3292 ποιήσει,
2864 3221 2958 3274 καὶ
2990 3216 3213 3290 μείζονα
3239 3217 3441 3272 τούτων
3471 3219 3708 3288 ποιήσει,

2128 3315 2209 3369 ὅτι
2230 3312 2342 3383 ἐγὼ
2363 3313 2500 3386 πρὸς
2522 3314 2614 3367 τὸν
2640 3312 2859 3384 Πατέρα
2883 3313 3206 3382 πορεύομαι.
3241 3328 3259 3361 ι
3294 3305 3430 3363 Εἶτα
3450 3309 3505 3362 τί
3523 3306 3709 3373 τοῦτο,

2128 3405 2353 3475 φήσειεν
2387 3405 2452 3458 ἄν
2483 3420 2567 3465 τις
2604 3400 2713 3455 τῶν
2747 3401 3114 3472 ἀκροωμένων
3153 3399 3556 3468 ἐπιεικέστερον

2129 3491 2576 3565 ἐπιεικέστερος],
2603 3492 2665 3546 τὸ
2690 3491 3019 3563 πορεύεσθαί
3050 3508 3192 3561 φημι
3215 3491 3351 3562 πρὸς
3380 3489 3471 3543 τὸν
3491 3488 3712 3559 Πατέρα

2125 3587 2218 3642 τὸν
2246 3586 2397 3651 Υίὸν,
2455 3585 2593 3656 πρὸς
2634 3584 2696 3638 τὸ
2747 3583 3009 3637 δύνασθαι
3049 3582 3346 3654 κατορθοῦν
3396 3582 3492 3634 καὶ
3523 3580 3594 3633 τά
3625 3580 3711 3633 ἔτι

2130 3677 2301 3750 μείζω
2324 3677 2433 3731 τῶν
2467 3676 2595 3745 παρ’
2622 3674 2784 3729 αὐτοῦ
2815 3674 3171 3746 δεδειγμένων
3197 3674 3322 3736 τοῦς
3351 3671 3709 3733 πιστεύοντας

2126 3771 2205 3834 είς
2240 3768 2437 3835 αὐτόν;
2492 3766 2702 3821 Οὐκοῦν
2736 3766 3126 3838 κεκρυμμένην
3160 3764 3283 3818 τινὰ
3329 3763 3563 3834 θεωρίαν
3592 3764 3710 3816 εἰσ-

2126 3859 2282 3932 φέρει
2307 3859 2369 3912 τὺ
2409 3858 2717 3931 εἰρημένον.
2766 3857 2831 3909 Τί
2876 3851 2968 3910 οῦν
3001 3858 3147 3909 ἐστιν
3178 3857 3207 3910 ὃ
3241 3872 3393 3924 φησι.
3427 3854 3583 3925 δέχου
3614 3852 3709 3907 λέ-

2125 3973 2290 4026 γοντα
2314 3954 2505 4025 τυχόν’
2547 3948 2616 4007 Ὦ
2643 3952 2751 4007 τῶν
2786 3951 2934 4023 ἐμῶν
2961 3950 3229 4022 ὑπηρέται
3253 3949 3426 4017 λόγων
3453 3948 3546 4000 καὶ
3574 3949 3712 4015 γνήο

2127 4067 2230 4103 σιοι
2288 4047 2562 4119 φοιτηταὶ,
2617 4047 2725 4111 ἕως
2785 4046 2884 4116 μὲν
2931 4046 3027 4100 σὺν
3091 4045 3219 4115 ὑμῖν
3273 4043 3371 4106 τὰς
3422 4041 3711 4112 διατριϐὰς

2125 4140 2428 4213 ἐποιούμην
2461 4141 2554 4193 ἐπὶ
2579 4139 2681 4209 τῆς
2715 4139 2850 4210 γῆς,
2903 4136 3337 4207 ἐπολιτευσάμην
3380 4135 3455 4198 ὡς
3493 4133 3711 4200 ἀνθρω-

2125 4251 2246 4298 πος,
2291 4234 2393 4288 οὐκ
2436 4232 2672 4303 ἄκρατον
2716 4231 2844 4302 ὐμίν
2890 4230 2988 4295 τῆς
3034 4229 3286 4299 θεότητος
3325 4228 3425 4299 τὴν
3455 4225 3709 4293 ἐξουσίαν

2124 4323 2488 4397 ἐπεδειξάμην
2517 4340 2530 4354 ·
2569 4320 2720 4378 εἶπόν
2745 4340 2807 4376 τε
2832 4324 2924 4377 καὶ
2954 4322 3214 4393 πέπραχα
3243 4322 3560 4392 πρεπόντως
3584 4336 3711 4382 πως

440 4425 597 4466 cesse
637 4418 793 4476 erat,
834 4410 1055 4478 inquit,
1102 4410 1157 4462 in
1203 4410 1536 4466 humilitatis
1599 4409 1774 4464 forma
1819 4410 2017 4466 videri.

2133 4417 2222 4471 καὶ
2251 4415 2329 4487 τῷ
2354 4417 2454 4487 τῆς
2486 4414 2871 4477 ταπεινώσεως
2902 4413 3086 4484 μέτρῳ
3118 4413 3212 4465 καὶ
3242 4411 3320 4482 τῷ
3353 4413 3590 4483 σχήματι
3624 4410 3711 4480 τῷ

438 4500 595 4566 Quod
641 4499 871 4554 decebat
915 4498 1205 4553 observavi
1254 4508 1478 4569 propter
1503 4501 2015 4569 dispensationem:

2133 4508 2489 4579 Βουλοπρεπεῖ.
2538 4504 2841 4576 Ἐπειδὴδέ
2891 4504 3076 4560 λοιπὸν
3125 4506 3308 4558 ἐκεῖνα
3355 4502 3711 4573 καθηκόντως

438 4605 587 4644 unite
615 4603 749 4643 vero
770 4590 947 4658 palam
993 4605 1048 4645 ev;
1096 4600 1283 4660 aperte
1325 4591 1591 4660 polliceor
1627 4608 1715 4647 me
1745 4592 2019 4648 facturum

2133 4602 2448 4663 τετέλεσται,
2501 4599 2596 4653 καὶ
2630 4598 2987 4671 πεπλήρωται
3040 4614 3131 4666 μοι
3181 4597 3280 4669 τῆς
3316 4596 3454 4667 μετὰ
3500 4594 3713 4666 σαρκὸς

435 4699 499 4737 ea
524 4696 645 4752 quae
670 4680 764 4737 Dei
797 4691 950 4748 sunt,
984 4686 1053 4738 ab
1083 4684 1185 4737 hac
1213 4691 1324 4737 tam
1358 4686 1560 4741 illustri
1587 4688 1766 4757 gloria
1798 4688 2016 4745 Patrem

2133 4690 2427 4760 ›ίκονομίας
2451 4688 2513 4741 τὸ
2538 4690 2831 4759 μυστήριον
2853 4704 2867 4719 ·
2922 4688 3180 4759 πείσομαι
3206 4688 3314 4759 γὰρ
3340 4689 3463 4740 ὅσον
3490 4684 3716 4738 οὐδέπω

438 4789 548 4828 non
581 4774 885 4829 excludens
910 4817 924 4841 ,
961 4775 1055 4832 sed
1100 4784 1169 4849 tut
1216 4776 1559 4846 gloriﬁcetur
1594 4780 1648 4832 in
1682 4777 1842 4835 Filio.
1880 4779 2014 4836 Nam

2133 4782 2208 4835 τὸν
2248 4781 2500 4847 θάνατον,
2542 4782 2636 4834 καὶ
2674 4780 3080 4852 ἐγερθήσομαι·
3137 4779 3445 4851 χαριεῖσθαι
3485 4778 3542 4831 δέ
3562 4778 3716 4848 ,ὑμῖν

440 4868 613 4924 Filius
652 4868 698 4923 si
742 4869 1101 4940 gloriﬁcelur,
1151 4873 1377 4927 omnino
1412 4873 1465 4926 in
1498 4889 1565 4927 eo
1599 4888 1822 4945 quoque
1856 4874 2019 4932 Pater

437 4961 861 5032 glorifieabitur.
896 4961 1097 5017 Filium
1124 4965 1329 5034 quippe
1348 4975 1548 5020 natura
1572 4983 1670 5022 sua
1697 4968 1864 5024 Deum
1893 4987 2015 5026 esse

437 5051 628 5106 multis
676 5059 838 5105 antea
885 5051 998 5120 jam
1045 5052 1488 5109 demonstratum
1530 5066 1612 5112 est
1642 5078 1654 5112 :
1689 5060 1783 5115 sed
1814 5061 2012 5117 nihin

438 5141 620 5196 minus
651 5143 814 5197 etiam
847 5143 947 5196 hoc
976 5158 1039 5197 ex
1074 5159 1139 5197 eo
1171 5152 1319 5213 patet
1346 5148 1493 5215 quod
1531 5160 1853 5205 sanctorum
1891 5168 2015 5207 ora:

439 5234 616 5287 tiones
640 5234 895 5303 suscipit.
923 5235 1116 5305 eisque
1142 5252 1266 5305 quae
1321 5240 1577 5307 petierint
1613 5260 1677 5298 ac
1710 5245 1878 5299 velint
1905 5247 2015 5300 lar-

438 5325 604 5390 gitur.
639 5322 925 5388 Quomodo
957 5342 1089 5397 ergo
1126 5327 1286 5383 Pater
1319 5330 1371 5383 in
1408 5345 1472 5384 eo
1500 5348 1606 5386 non
1642 5336 2018 5404 gloriliretur?

443 5414 511 5469 lit
537 5415 681 5469 ettim
704 5416 827 5485 jure
856 5417 1096 5475 dedecus
1128 5422 1175 5475 ei
1205 5422 1423 5492 aliquod
1454 5425 1771 5489 inferretur,
1800 5432 1842 5482 si
1875 5428 2016 5486 lleus

439 5524 546 5563 non
570 5516 712 5562 esset
740 5518 936 5561 natura
964 5511 1008 5565 is
1034 5513 1129 5577 qui
1161 5530 1223 5566 ex
1255 5517 1372 5583 ipso
1399 5519 1693 5585 processit,
1719 5522 1798 5573 sic
1831 5523 2015 5590 gloriae

440 5602 670 5655 multum
696 5600 948 5668 accipiet,
977 5603 1020 5655 si
1051 5603 1216 5657 Deum
1239 5624 1426 5660 verum
1453 5608 1669 5673 haheat,
1698 5620 1749 5663 et
1778 5614 2011 5666 l'ruetum

439 5708 505 5749 ex
542 5694 847 5750 substantia
881 5709 975 5747 sua
1013 5696 1436 5766 procedentem,
1482 5702 1571 5771 qui
1603 5709 1656 5757 ct
1694 5712 1892 5757 cuntta
1933 5704 2011 5757 lli-

2120 4873 2532 4944 έπαγγέλλομαι
2575 4874 2667 4926 καὶ
2692 4872 2758 4927 τὰ
2788 4872 2867 4929 ἔτι
2897 4873 3118 4942 μείζονα
3159 4873 3267 4926 τῶν
3306 4872 3372 4925 δι’
3409 4870 3545 4941 ἐμοῦ
3578 4870 3719 4923 eau-

2124 4970 2311 5039 μάτων
2346 4966 2603 5021 δύνασθαι
2638 4965 2914 5037 πληροῦν,
2964 4965 3231 5036 παρόντος
3277 4965 3356 5017 ἔτι
3387 4964 3480 5017 τοῦ
3508 4963 3717 5032 καιροῦ

2121 5062 2215 5116 καὶ
2240 5061 2335 5130 τῆς
2367 5061 2456 5113 ἐπὶ
2477 5058 2685 5123 τούτοις
2715 5057 3043 5129 φιλοτιμίας.
3069 5055 3415 5127 Πορεύσομαι
3435 5054 3544 5124 γὰρ
3569 5051 3717 5122 πρὸς

2120 5153 2210 5205 τὸν
2242 5152 2481 5221 Πατέρα,
2534 5148 2903 5220 συνεδρεύσων
2955 5148 3105 5218 αὐτῷ
3155 5132 3400 5216 δηλονότι
3443 5145 3539 5197 καὶ
3567 5160 3716 5213 συμ-

2122 5245 2478 5306 ϐασιλεύσων,
2509 5243 2583 5305 ὡς
2612 5242 2745 5305 Θεὸς
2777 5244 2840 5294 ἐκ
2872 5240 3027 5304 Θεοῦ,
3067 5238 3512 5307 ἀκατακαλύπτῳ
3540 5235 3714 5289 δυνά-

2126 5356 2217 5408 μει
2253 5338 2346 5390 καὶ
2377 5334 2611 5406 ἐξουσίᾳ.
2657 5378 2668 5389 .
2712 5375 2724 5388 .
2772 5376 2783 5389 .
2830 5373 2843 5387 .
2890 5375 2902 5387 .
2976 5333 3074 5402 τῆς
3118 5330 3356 5402 ἐμαυτοῦ
3392 5329 3611 5399 φύσεως
3649 5332 3720 5382 τὺ

2122 5428 2321 5483 διδόναι
2344 5431 2455 5491 τοῖς
2475 5427 2719 5496 γνησίοις
2743 5426 2811 5479 τὰ
2844 5426 3041 5493 ἀγαθά.
3082 5444 3099 5475 ι
3129 5425 3309 5495 Ὅπερ
3333 5422 3400 5478 ἂν
3418 5422 3715 5492 αἰτήσητε,

2127 5522 2308 5592 φησὶν,
2357 5522 2447 5573 ἐπὶ
2492 5520 2568 5590 τῷ
2613 5520 2836 5589 ὀνόματί
2873 5538 2993 5588 μου,
3026 5517 3183 5571 τοῦτο
3212 5517 3448 5587 ποιήσω,
3484 5534 3502 5566 ι
3557 5531 3721 5566 τετε-

2122 5613 2381 5683 λεσμένου
2431 5612 2520 5666 τοῦ
2571 5612 2760 5682 καιροῦ
2790 5612 2911 5663 καθ’
2945 5612 2998 5664 ὃν
3036 5611 3163 5667 ἔδει.
3199 5609 3385 5676 φησὶν,
3416 5609 3472 5660 ἐν
3502 5605 3582 5675 τῷ
3605 5607 3720 5672 τῆς

2120 5703 2499 5771 ταπεινώσεως
2541 5704 2823 5776 φαίνεσθαι
2855 5706 3109 5775 σχήματι.
3147 5702 3435 5774 Τετήρηκα
3467 5697 3528 5751 τὸ
3564 5695 3717 5767 πρέ·
