4042 6204
315 272 425 330 249

1312 263 1384 320 ΙΝ
1424 262 1714 323 JOANNIS
1751 263 2199 322 EVANGELIUM
2240 265 2366 322 LIB.
2411 268 2500 323 IX.

3483 266 3591 323 250

318 407 423 447 πον
448 386 540 441 διὰ
572 385 675 457 τὴν
707 384 1020 455 οἰκονομίαν
1046 401 1060 415 ·
1108 384 1227 437 νυνί
1256 382 1313 437 δὲ
1339 383 1524 439 λοιπὸν
1553 386 1874 440 ἀκατακαλύ

2003 402 2131 444 cere
2157 394 2212 444 et
2236 389 2456 445 caeteris
2487 395 2545 443 ut
2572 387 2711 444 mira
2736 388 2947 445 l‘aciant
2976 387 3168 460 largiri
3205 386 3405 458 possit.
3431 385 3588 451 Quod

320 497 493 543 πτως,
533 478 609 540 ὡς
637 476 790 539 Θεὸς,
826 476 1143 546 ένεργήσειν
1190 475 1599 547 ἐπαγγέλλομαι
1641 477 1709 531 τά
1743 476 1897 541 Θεοῦ,

317 574 378 625 οὑ
411 571 505 622 τὸν
556 567 778 638 Πατέρα
821 567 920 636 τῆς
949 566 1092 621 οὑτω
1120 568 1437 640 πρεπούσης
1469 569 1627 640 δόξης
1667 570 1898 635 ἐξωθού-

2006 479 2056 536 si
2088 479 2156 534 ad
2191 480 2421 550 gloriam
2459 479 2638 536 Patris
2664 489 2879 551 spectat
2912 479 3116 551 Filium
3150 477 3354 533 divinis
3387 492 3592 547 praero-

2002 572 2206 642 gativis
2227 586 2351 627 esse
2373 573 2757 643 conspicuum,
2783 564 3034 643 quaenam
3061 571 3203 625 ratio
3225 569 3432 624 vetabit
3454 584 3590 636 quo-

322 681 500 735 μενος,
526 661 641 716 ἀλλ’
671 662 757 715 ἵνα
785 660 1013 731 δοξασθῇ
1047 662 1105 714 ὲν
1129 661 1207 732 τῷ
1237 662 1371 733 Υίῴ.
1400 663 1767 734 Δοξαζομένου
1793 664 1879 735 γὰρ

2007 664 2192 719 minus
2212 662 2523 733 puniendus
2550 664 2622 719 sit
2640 665 2953 730 haereticus,
2972 664 3066 733 qui
3095 659 3399 731 impudenti
3429 659 3575 712 blas-

317 756 413 809 τοὺ
434 755 792 824 γεννήματος,
822 752 1212 824 δοξασθήσεται
1243 754 1460 817 πάντως
1488 758 1547 808 ὲν
1573 754 1722 825 αὑτῷ
1751 756 1845 808 καὶ
1870 775 1879 808 ι

2004 754 2223 825 phemia
2251 756 2445 812 multis
2471 772 2600 811 eum
2637 758 2817 812 modis
2864 759 3086 813 elevare
3109 770 3220 808 uon
3243 752 3318 808 sit
3343 751 3592 805 veritus?

317 850 583 915 γεννήσας
627 844 810 899 αὑτόν.
856 844 990 907 Θεὸς
1022 845 1133 915 γάρ
1164 844 1230 899 ἂν
1264 847 1406 900 κατὰ
1433 847 1595 914 φύσιν
1635 847 1896 918 ὑπάρχων

315 940 344 991 ι
388 938 514 1001 Υἱὸς
557 938 652 991 καὶ
684 936 771 990 διὰ
815 936 1025 990 πολλῶν
1063 937 1160 1007 μὲν
1204 936 1406 1009 ἐτέρων
1440 938 1849 1008 καταπέφανται
1878 956 1892 970 °

313 1029 465 1082 οὐδὲν
515 1028 571 1082 δὲ
614 1023 778 1100 ἦττον
824 1028 920 1082 καὶ
965 1026 1055 1081 διὰ
1086 1028 1178 1082 τοῦ
1223 1028 1472 1100 δέχεσθαι
1518 1029 1618 1099 μὲν
1658 1030 1755 1095 τὰς
1788 1031 1894 1085 τῶν

312 1120 485 1187 άγίων
515 1118 702 1189 εὐχὰς,
744 1121 1000 1189 χορηγεῖν
1044 1118 1100 1173 δὲ
1142 1121 1355 1186 αὐτοῖς,
1405 1120 1550 1191 ειπερ
1584 1120 1649 1175 ἂν
1695 1123 1894 1176 αἰτοῖεν

310 1212 407 1265 καὶ
439 1211 731 1281 βούλοιντο.
786 1210 911 1273 Πῶς
956 1207 1049 1264 οὖν
1094 1211 1194 1265 οὑκ
1245 1212 1310 1266 ἂν
1353 1214 1382 1265 ὁ
1418 1214 1603 1282 Πατὴρ
1648 1215 1706 1266 ὲν
1743 1214 1894 1285 αὑτῷ

306 1299 619 1366 seadﬁci-ro;
654 1299 867 1369 Ὥσπερ
893 1300 1003 1370 γὰρ
1041 1300 1135 1353 καὶ
1180 1302 1404 1363 εἰκότως
1448 1301 1515 1355 ἂν
1557 1302 1890 1374 κατεψέχθη,

307 1392 448 1444 Θεοῦ
476 1390 618 1444 κατὰ
642 1391 804 1460 φύσιν
832 1391 932 1443 οὐκ
958 1391 1110 1454 ὄντος
1139 1390 1231 1444 τοῦ
1262 1391 1614 1461 προελθόντος
1640 1393 1698 1459 ἐξ
1725 1393 1890 1448 αὑτοῦ

307 1481 649 1549 γεννήματος
678 1496 692 1509 ⁸
741 1477 913 1543 οὕτως
944 1480 1099 1533 ἔσται
1127 1480 1262 1536 πολὺ
1300 1481 1421 1534 λίαν
1465 1482 1712 1554 εὐκλεὴς,
1760 1484 1890 1537 Θεὸν

307 1570 451 1640 ἔχων
474 1570 745 1640 ἀληθινὸν,
786 1572 880 1623 καὶ
905 1571 975 1624 τὰ
1015 1572 1194 1626 πάντα
1224 1573 1475 1643 ίσχύοντα
1503 1574 1636 1645 δρᾷν
1662 1592 1721 1627 τε
1751 1572 1888 1645 ὁμοῦ

308 1663 405 1717 καὶ
433 1661 642 1733 ἑτέροις
670 1661 988 1732 χαρίζεσθαι
1018 1663 1106 1715 τὸν
1131 1665 1196 1717 ἐκ
1226 1664 1322 1734 τῆς
1353 1666 1541 1728 οὑσίας
1566 1665 1729 1719 αὑτοῦ
1756 1684 1889 1738 προ-

1998 845 2221 901 Addam
2252 853 2310 902 et
2340 845 2487 901 aliud
2509 848 2655 916 quod
2682 847 2902 902 illarum
2933 844 3309 917 ignorantiam
3336 848 3392 897 et
3418 840 3589 909 impcv

2003 936 2186 991 ritiam
2207 952 2317 993 non
2350 938 2725 1002 mediocriter,
2759 947 2818 993 ut
2845 953 2993 1003 reor,
3031 941 3335 1007 Oppugnat.
3368 930 3504 986 Nam
3538 931 3587 986 si

1999 1026 2202 1082 Filium
2238 1042 2563 1097 precamur,
2603 1036 2657 1084 et
2687 1029 2758 1084 ab
2795 1043 2863 1085 eo
2894 1028 3188 1099 petitiones
3224 1024 3496 1094 petimus,
3532 1026 3590 1074 et

2002 1119 2121 1190 ipse
2164 1118 2422 1175 daturum
2477 1135 2537 1176 se
2592 1120 2918 1191 pollicetur,
2978 1114 3256 1188 quomodo
3308 1128 3419 1168 non
3480 1110 3587 1167 erit

1999 1218 2201 1266 natura
2234 1210 2381 1267 Deus
2432 1217 2486 1266 et
2519 1226 2582 1266 ex
2626 1211 2734 1267 Deo
2766 1210 3007 1265 naturali
3068 1204 3338 1277 genitus?
3371 1200 3504 1256 Nam
3537 1199 3585 1256 si

2000 1305 2317 1362 istiusmodi
2350 1306 2427 1361 ita
2460 1320 2520 1362 se
2558 1306 2757 1361 habere
2786 1321 2895 1360 nou
2929 1301 3274 1360 existimant,
3304 1296 3401 1352 sed
3430 1307 3586 1348 crea-

1999 1406 2115 1453 tum
2152 1398 2384 1465 dicunt,
2410 1413 2521 1468 qua
2553 1399 2608 1452 in
2645 1413 2704 1452 re
2741 1395 3061 1452 diﬂeremus
3098 1391 3265 1464 805
3292 1390 3362 1444 ab
3390 1388 3458 1444 iis
3487 1386 3585 1457 qui

1997 1487 2191 1554 solem,
2222 1495 2318 1542 aut
2341 1488 2565 1552 cmlum,
2596 1488 2714 1544 sive
2737 1495 3120 1542 creaturarum
3148 1484 3390 1551 aliquam
3420 1479 3582 1533 aliam

1995 1575 2296 1629 invocant?
2325 1575 2565 1631 Tametsi
2591 1577 2737 1632 enim
2766 1572 3251 1653 inconsiderantia:
3285 1585 3398 1625 suae
3427 1568 3585 1623 dede-

1995 1680 2125 1720 core
2155 1664 2373 1722 contusi
2401 1674 2713 1722 creaturam
2750 1668 2970 1736 quidem
2997 1666 3176 1735 ipsum
3202 1678 3330 1718 esse
3352 1661 3580 1720 dicunt,

305 1755 530 1808 ελθόντα
549 1755 783 1825 καρπόν.
820 1755 883 1808 Εἰ
903 1754 960 1807 δὲ
987 1756 1064 1818 είς
1086 1755 1241 1819 δόξαν
1270 1756 1528 1809 συντείνει
1556 1755 1650 1809 τοῦ
1679 1756 1879 1827 Πατρὸς

1991 1756 2209 1813 caeteris
2237 1757 2525 1827 aequalem,
2564 1757 2658 1814 sed
2695 1772 2865 1828 supra
2893 1771 3085 1811 omnes
3111 1753 3411 1810 eminentia
3441 1764 3582 1817 qua~

303 1849 367 1901 τὸ
395 1849 456 1899 ὲν
488 1850 597 1910 τοῖς
627 1845 990 1917 θεοπρεπέσιν
1023 1846 1329 1917 ἀξιώμασιν
1361 1848 1589 1916 ὁρᾶσθαι
1618 1848 1709 1901 τὸν
1736 1848 1884 1913 Υἰὸν,

304 1941 460 2003 ποῖος
500 1937 597 1992 τοῦ
635 1938 959 2003 κολάζεσθαι
992 1938 1148 2007 λόγος
1176 1939 1435 2006 ὲξελεῖται
1467 1940 1559 1993 τὸν
1590 1941 1884 2011 αἱρετικὸν,

301 2030 679 2102 ἀναισχύντοις
696 2029 1027 2099 δυσφημίαις
1049 2029 1514 2100 κατασμικρύνειν
1535 2029 1697 2083 αὑτὸν
1725 2029 1886 2084 πολυ-

302 2124 522 2195 τρόπως
550 2125 610 2175 οὑ
639 2123 1069 2187 καταδείσαντας
1112 2121 1253 2193 Ἐρῶ
1283 2122 1339 2175 δὲ
1367 2122 1502 2193 πρὸς
1531 2122 1740 2185 τούτοις
1766 2123 1883 2175 ἓτε-

302 2232 398 2284 ρον
436 2216 553 2277 ταῖς
588 2214 811 2267 ἐκείνων
846 2214 1225 2277 άπαιδευσίαις
1247 2214 1307 2267 οὑ
1346 2212 1605 2284 μετρίως,
1640 2214 1716 2276 ὡς
1741 2207 1881 2283 ὲγῷ-

304 2322 427 2375 μαι,
462 2306 787 2376 μαχόμενον.
833 2305 896 2359 Εἰ
926 2306 1034 2376 γὰρ
1061 2303 1334 2376 εὐχόμεθα
1359 2304 1437 2375 τῷ
1464 2304 1598 2375 Υίῷ,
1632 2305 1727 2358 καὶ
1754 2306 1883 2377 παρ’

1990 1848 2117 1904 dam
2141 1850 2431 1919 praeditum
2460 1889 2475 1915 ,
2504 1851 2684 1905 sciant
2715 1858 2896 1905 tamen
2955 1865 3015 1904 se
3072 1846 3439 1901 nihilominus
3476 1839 3581 1893 Pa-

1991 1941 2093 1996 tris
2121 1942 2355 2012 gloriam
2391 1942 2587 1998 lazdere
2610 1983 2626 2006 ,
2680 1944 2731 1998 id
2765 1951 2851 1998 cst
2884 1941 3089 1996 Filium
3118 1980 3134 2006 ,
3180 1937 3405 2009 quando
3436 1936 3583 1989 inter

1990 2041 2277 2090 creaturas
2306 2049 2431 2090 eum
2458 2035 2756 2091 collocant.
2783 2034 2896 2090 Nec
2928 2035 3075 2090 enim
3100 2032 3367 2102 quaeritur
3392 2038 3580 2083 utrum

1992 2140 2187 2195 magna
2219 2127 2312 2191 sit,
2348 2141 2417 2180 an
2447 2142 2613 2195 parva
2642 2134 2919 2189 creatura.
2948 2127 3042 2183 sed
3076 2141 3144 2179 an
3166 2124 3395 2180 omnino
3421 2136 3579 2176 crea-

1991 2227 2111 2272 tura
2156 2220 2250 2284 sit,
2281 2236 2350 2272 an
2401 2235 2508 2274 non
2541 2221 2729 2290 potius
2755 2221 2898 2277 Deus
2937 2219 3242 2276 secundum
3285 2224 3576 2278 naturam,

1989 2306 2136 2376 quod
2169 2324 2353 2361 verum
2381 2309 2604 2379 quidem
2633 2320 2736 2365 cst.

298 2398 468 2453 αὑτοῦ
501 2397 770 2469 ζητοῦμεν
799 2397 868 2450 τὰ
894 2398 1190 2468 αἰτήματα,
1238 2397 1330 2449 καὶ
1358 2396 1519 2461 αὑτὸς
1583 2397 1783 2451 διδόναι
1851 2400 2374 2468 κατεπαγγέλλεται,
2422 2401 2539 2464 πῶς
2584 2403 2684 2454 οὑκ
2750 2402 2816 2455 ἂν
2876 2402 2959 2470 είη
3000 2399 3158 2468 φύσει
3196 2397 3328 2459 Θεὸς
3373 2395 3468 2448 καὶ
3514 2396 3580 2447 ὲκ

296 2493 441 2546 Θεοῦ
463 2493 555 2547 τοὺ
578 2494 717 2546 κατά
745 2492 907 2561 φύσιν
930 2490 1356 2560 γεγεννημένος;
1393 2492 1455 2544 Εἰ
1477 2491 1587 2561 γὰρ
1612 2492 1685 2563 μὴ
1746 2491 1918 2555 οὕτως
1992 2493 2135 2563 ἔχειν
2184 2494 2659 2564 ὑπολαμϐάνουσιν
2709 2493 2894 2552 αὑτὸν,
2939 2491 3165 2560 γενητὸν
3209 2489 3266 2541 δὲ
3309 2484 3449 2539 εἶναι
3492 2484 3578 2536 λέ-

295 2601 487 2655 γουσι,
527 2582 665 2636 κατὰ
688 2581 738 2635 τί
765 2582 1035 2651 διοίσομεν
1099 2580 1180 2634 ἔτι
1209 2579 1317 2633 τῶν
1353 2580 1800 2651 ἐπικαλουμένων
1857 2582 1949 2634 τὸν
1989 2582 2161 2653 ἥλιον,
2206 2583 2238 2654 ἢ
2275 2584 2363 2636 τὸν
2394 2583 2642 2654 οὐρανὸν,
2694 2583 2861 2653 ἤγουν
2892 2580 3077 2649 ἕτερον
3110 2596 3163 2630 τι
3196 2577 3307 2631 τῶν
3341 2574 3571 2644 κτισμάο

291 2689 447 2736 τωνς
484 2673 544 2725 Εἰ
564 2670 668 2742 γὰρ
695 2672 804 2735 καὶ,
834 2671 1039 2741 σφόδρα
1068 2669 1390 2738 κακούργως
1414 2671 1511 2741 τῆς
1541 2670 1749 2724 ἑαυτῶν
1772 2671 1994 2740 ἀλογίας
2018 2675 2079 2726 τὸ
2122 2674 2357 2737 ἀκαλλὲς
2417 2673 2851 2742 δυσωπούμενοι,
2888 2672 3094 2741 κτίσμα
3163 2670 3260 2740 μὲν
3329 2667 3577 2735 λέγουσιν

292 2763 466 2817 αὑτὸν
508 2764 566 2815 ἐν
601 2761 699 2833 ἴσῳ
731 2763 846 2824 τοῖς
876 2761 1057 2819 ἄλλοις
1089 2759 1403 2830 κτίσμασιν,
1440 2760 1771 2831 ἀσύγκριτον
1816 2760 1873 2814 δέ
1911 2779 2033 2815 τινα
2055 2763 2154 2833 τὴν
2187 2763 2329 2816 κατὰ
2353 2763 2570 2815 πάντων
2598 2762 2740 2832 ἔχειν
2766 2761 3040 2833 ὑπεροχήν
3065 2776 3078 2788 ’
3157 2758 3270 2811 ἀλλ’
3342 2755 3579 2811 ἴστωσαν

291 2857 381 2910 ὅτι
402 2854 554 2907 οὐδὲν
572 2847 734 2924 ἦττον
762 2850 1009 2923 ὑϐριοὺσι
1038 2851 1137 2919 τὴν
1160 2850 1254 2903 τοῦ
1282 2849 1493 2922 Πατρὸς
1555 2850 1732 2916 δόξαν,
1795 2851 1942 2905 τοῦτ’
1980 2852 2096 2906 ἔστι
2116 2853 2208 2906 τὸν
2242 2853 2392 2916 Υίὸν,
2425 2852 2539 2905 ἔστ’
2561 2852 2625 2906 ἂν
2652 2853 2815 2906 αὑτὸν
2846 2850 3158 2923 ἐναρίθμιον
3185 2848 3417 2915 λέγωσιν
3438 2844 3576 2907 εἶναι

289 2949 409 3010 τοῖς
458 2943 864 3014 πεποιημένοις.
914 2944 986 2996 Τὸ
1015 2943 1122 3013 γάρ
1157 2941 1487 3013 ζητούμενόν
1516 2944 1666 2997 ἐστιν
1694 2943 1795 2998 οὐκ
1827 2946 1876 2997 εἰ
1917 2945 2060 3015 μέγα
2098 2946 2262 3016 τυχόν
2304 2948 2451 2999 ἐστιν
2501 2945 2534 3015 ἦ
2596 2944 2789 3016 μικρὸν
2842 2943 3088 3013 ποίημα,
3139 2939 3252 2995 ἀλλ’
3318 2939 3370 2991 εί
3441 2939 3576 3006 ὅλως

293 3036 521 3109 γενητὸς
549 3034 642 3090 καί⁸
675 3034 875 3105 μᾶλλον
915 3034 1036 3103 οὐχὶ
1062 3032 1193 3096 Θεὸς
1217 3033 1357 3087 κατὰ
1384 3019 1564 3102 φύσιν,
1595 3036 1732 3105 ὅπερ
1763 3034 1880 3089 ἐστὶ
1919 3036 2014 3088 καὶ⁸
2043 3036 2262 3107 ἀληθές.

379 3125 522 3181 Ἐάν
560 3143 616 3179 τι
657 3124 943 3192 αἰτήσητε
984 3124 1054 3179 ὲν
1094 3123 1174 3190 τῷ
1220 3126 1468 3196 ὀνόματί
1501 3144 1649 3195 μου,
1698 3127 1875 3182 τοῦτο

2050 3126 2199 3191 XIV,
2253 3128 2334 3182 l4.
2394 3126 2454 3183 Si
2494 3125 2620 3198 quid
2672 3126 2929 3195 petieritis
2968 3126 3023 3179 in
3061 3126 3272 3180 nomine
3311 3141 3445 3190 meo,
3480 3124 3575 3178 hoc

292 3221 553 3288 ποιήσω.

380 3311 881 3384 ’Δπημφιεσμένως
924 3313 1026 3383 ήδη
1071 3312 1236 3383 φησὶν
1280 3314 1394 3378 ὅτι,
1437 3313 1571 3377 Θεὸς
1618 3313 1879 3387 ὑπάρχων

290 3404 566 3477 ἀληθινὸς.
595 3401 942 3473 προσδέξεται
974 3403 1070 3473 μὲν
1093 3405 1184 3458 καὶ
1205 3403 1323 3458 λίαν
1342 3405 1588 3470 εὐπετῶς
1608 3406 1707 3470 τὰς
1730 3405 1881 3477 παρὰ

290 3496 405 3551 τῶν
442 3495 588 3549 ἰδίων
632 3493 823 3565 εὐχὰς,
874 3496 1173 3566 χορηγήσει
1205 3494 1261 3549 δὲ
1305 3496 1397 3549 καὶ
1432 3496 1638 3572 σφόδρα
1674 3496 1878 3567 προθύ-

294 3606 435 3660 μως,
483 3586 629 3656 άπερ
663 3585 729 3640 ἂν
767 3586 1066 3657 βούλωνται
1108 3586 1315 3653 λαϐεῖν,
1363 3586 1677 3658 χαρίσματα
1701 3588 1756 3641 δὲ
1782 3588 1877 3660 δη-

287 3681 470 3735 λονότι
498 3678 845 3751 πνευματικά
872 3679 968 3733 καὶ
1013 3678 1114 3748 τῆς
1144 3678 1351 3735 ἄνωθεν
1383 3679 1692 3751 φιλοτιμίας
1730 3679 1874 3746 ἄξια.

288 3773 405 3827 Καὶ
436 3773 536 3843 οὑχ
563 3773 640 3835 ὡς
668 3772 767 3841 τῆς
802 3773 989 3843 ἑτέρου
1023 3770 1434 3842 φιλανθρωπίας
1457 3772 1719 3838 διάκονος,
1753 3771 1874 3825 οὔτε

289 3864 402 3937 μὴν
434 3864 511 3930 ὡς
555 3863 843 3935 ἀλλοτρίας
873 3863 1211 3935 ἡμερότητος
1259 3863 1532 3935 ὑπουργὸς
1557 3865 1626 3917 τά
1652 3864 1878 3918 τοιαῦτά

287 3972 477 4026 φησιν,
511 3955 629 4009 ἀλλ’
658 3956 731 4019 ὡς
758 3953 893 4025 ἔχων
922 3956 981 4007 ὲν
1007 3954 1224 4026 ἐξουσίᾳ
1250 3954 1323 4006 τά
1351 3953 1548 4017 πάντα,
1598 3954 1736 4024 μετὰ
1758 3955 1877 4013 Πα-

285 4047 418 4115 τρὸς
440 4047 539 4100 καί⁸
572 4046 733 4109 αὐτὸς
766 4046 1048 4116 ὑπάρχων,
1080 4046 1108 4098 ὁ
1132 4045 1198 4097 δι’
1226 4038 1288 4099 οὗ
1316 4045 1384 4099 τά
1409 4044 1611 4108 πάντα,
1643 4046 1794 4115 παρά
1817 4062 1877 4098 τε

285 4138 448 4209 ἡμῶν
475 4140 558 4200 εἰς
588 4137 745 4198 Θεὸν.
781 4137 875 4191 καὶ
900 4139 979 4200 εἰς
1007 4138 1156 4207 ἡμᾶς
1194 4137 1326 4208 παρ’
1353 4135 1542 4191 αὑτοῦ.
1595 4136 1695 4190 Διὰ
1720 4136 1877 4190 τοῦτο

287 4229 387 4283 καὶ
433 4228 648 4291 Παῦλος
693 4230 782 4282 ἀεὶ
835 4227 1273 4297 συνεζευγμένας
1325 4227 1425 4290 τὰς
1486 4227 1594 4281 τῶν
1653 4226 1876 4296 ἀγαθῶν

287 4322 558 4391 χορηγίας
608 4323 724 4383 τοῖς
767 4320 940 4386 ἀξίοις
988 4318 1277 4389 ἐπεύχεται
1304 4358 1318 4381 ,
1371 4318 1546 4388 λέγων
1572 4335 1587 4350 ·
1651 4337 1670 4371 ι
1700 4320 1875 4392 Χάρις

289 4412 417 4481 ὑμῖν
441 4413 534 4466 καὶ
555 4413 747 4482 εἰρήνη
778 4411 887 4466 ἀπὸ
910 4411 1118 4481 Πατρὸς
1147 4409 1304 4481 ἡμῶν
1333 4410 1427 4462 καὶ
1457 4410 1661 4482 Κυρίου
1698 4410 1873 4482 Ἰησοῦ

290 4504 547 4573 Χριστοῦ.
580 4522 600 4555 ι
650 4502 761 4555 Καὶ
804 4504 865 4555 οὑ
909 4502 973 4571 δή
1005 4519 1087 4565 τις
1112 4501 1236 4554 νοῦν
1267 4501 1409 4571 ἔχων
1434 4503 1678 4571 οἰήσεται
1711 4502 1874 4555 πάλιν

288 4594 365 4655 ὡς
412 4594 519 4665 ἰδίᾳ
567 4594 665 4662 μέν
706 4611 828 4647 τινα
874 4594 1033 4663 χάριν
1080 4591 1293 4647 δίδωσιν
1340 4593 1370 4645 ὁ
1409 4592 1619 4664 Πατὴρ,
1666 4592 1772 4663 ἰδίᾳ
1817 4592 1874 4646 δὲ

289 4686 478 4758 ῶσπερ
524 4687 620 4740 καὶ
650 4686 756 4741 ἀνά
791 4686 956 4757 μέρος
1007 4680 1073 4738 αὖ
1121 4684 1281 4739 πάλιν
1312 4686 1341 4738 ὁ
1385 4684 1515 4748 Υἱός
1542 4702 1556 4716 ο
1610 4683 1726 4737 ἀλλ’
1757 4682 1874 4737 ἔστι

288 4775 393 4845 μὲν
440 4778 470 4847 ή
522 4776 661 4845 αὑτὴ
703 4777 799 4830 καὶ
851 4775 970 4846 μία,
1020 4778 1067 4829 εἰ
1111 4776 1205 4829 καὶ
1257 4774 1327 4828 δι’
1378 4777 1580 4845 ἀμφοῖν
1630 4774 1868 4844 λέγεται.

284 4867 530 4920 Ποιεῖτσ.;
555 4866 687 4935 γοῦν
718 4869 868 4937 ὅμως
892 4867 957 4921 τά
1004 4867 1183 4922 πάντα
1219 4867 1372 4939 παρὰ
1402 4868 1615 4940 Πατρὸς
1641 4868 1708 4923 δι’
1739 4867 1871 4923 Υίοῦ

278 4959 398 5019 τοῖς
442 4954 612 5020 ἀξίοις
647 4957 715 5010 τὰ
746 4957 946 5025 ἀγαθὰ,
989 4958 1081 5010 καὶ
1112 4960 1144 5027 ή
1175 4957 1282 5011 τῶν
1324 4958 1486 5012 θείων
1515 4960 1872 5031 χαρισμάτων

276 5047 538 5118 διανομὴ,
590 5049 691 5101 οὑκ
741 5050 799 5102 ὲν
849 5050 1153 5119 ὑπουργίας
1193 5050 1345 5115 τάξει
1402 5051 1868 5127 παραληφθέντος,

274 5139 541 5210 καθάπερ
583 5142 909 5212 εἰρήκαμεν,
961 5141 1074 5221 at):
1108 5142 1185 5206 ὡς
1218 5144 1541 5215 συνδοτῆρος
1589 5146 1683 5199 καὶ
1734 5162 1869 5214 συγ-

272 5231 526 5306 χορηγοῦ
552 5234 842 5303 νοουμένου
872 5251 931 5287 τε
957 5234 1052 5287 καὶ
1080 5235 1417 5306 ὑπάρχοντος
1473 5237 1578 5309 [αι.
1627 5238 1863 5307 ἐνυπάρ-

267 5324 495 5397 χοντος]
530 5325 761 5399 ἀληθῶς.
808 5327 925 5380 Μία
950 5327 1059 5398 γὰρ
1087 5330 1119 5395 ἡ
1152 5328 1252 5397 τῆς
1282 5328 1533 5399 θεότητος
1565 5328 1725 5398 φύσις
1750 5329 1866 5382 ἐστί

263 5438 332 5472 τε
380 5418 479 5472 καὶ
516 5416 658 5471 οὕτω
694 5416 1032 5471 πιστεύεται.
1073 5417 1193 5470 Κᾶν
1222 5417 1331 5489 γὰρ
1365 5420 1446 5481 εἰς
1477 5420 1696 5490 Πατέρα
1730 5420 1865 5474 πλα-

265 5512 510 5581 τύνηται
555 5509 648 5564 καί¹
687 5509 816 5561 Υἱὸν
854 5509 948 5561 καὶ
976 5510 1056 5572 εἰς
1096 5509 1158 5561 τὸ
1188 5509 1409 5580 Πνεῦμα
1435 5511 1496 5564 τὸ
1528 5513 1697 5583 ἅγιον,
1750 5514 1863 5568 ἀλλ’

350 5685 395 5716 ⁸⁸
436 5683 451 5737 Ι
487 5685 614 5740 Cor.
652 5702 772 5752 vui,
812 5689 863 5740 ti.
945 5687 985 5719 ³⁸
1026 5684 1257 5757 Philipp.
1300 5703 1337 5752 l,
1380 5687 1433 5741 2.

2007 3238 2199 3276 actam.
2260 3240 2269 3287 ι

2007 3238 2199 3276 actam.
2260 3240 2269 3287 ι

1981 3223 2012 3292 Γ
2050 3315 2257 3384 Aperte
2295 3313 2410 3382 jam
2452 3312 2529 3367 ait
2568 3326 2628 3366 se
2655 3352 2670 3377 ,
2723 3326 2848 3365 cum
2886 3310 3026 3365 Deus
3063 3310 3139 3365 sit
3168 3324 3337 3364 verus
3362 3348 3378 3374 ,
3416 3308 3577 3365 facile

1980 3407 2201 3477 quidem
2242 3419 2472 3460 suorum
2523 3418 2716 3473 preces
2754 3409 3156 3472 accepturum,
3215 3410 3270 3454 et
3323 3406 3578 3469 prompte

1980 3497 2271 3553 admodum
2307 3495 2633 3566 largiturum
2657 3509 2783 3565 quae
2816 3492 3099 3563 petierint.
3135 3491 3406 3561 apiritalia
3433 3490 3576 3544 dona

1940 3636 1943 3637 ν
1980 3590 2242 3645 nimirum
2273 3596 2327 3643 et
2360 3601 2604 3658 superna
2630 3586 3013 3641 muniﬁcentia
3044 3583 3230 3654 digna.
3257 3582 3447 3653 Neque
3477 3597 3575 3637 vc-

1979 3698 2042 3739 ro
2072 3692 2132 3737 ut
2158 3682 2348 3736 alienae
2375 3677 2737 3750 benignitatis
2767 3692 2833 3732 ac
2860 3676 3128 3731 bonitatis
3162 3674 3419 3729 minister
3461 3674 3577 3728 tunc

1978 3777 2094 3840 ait,
2143 3773 2242 3828 sed
2286 3781 2346 3827 ut
2385 3772 2480 3843 qui
2520 3772 2574 3827 in
2608 3777 2886 3842 potestate
2928 3783 3028 3824 sua
3082 3775 3287 3822 cuncta
3335 3766 3574 3834 habeat,

1978 3880 2101 3921 cum
2127 3863 2289 3919 Patre
2319 3870 2373 3918 et
2409 3864 2526 3933 ipse
2558 3864 2841 3918 exsisteus
2864 3901 2878 3925 ,
2936 3859 2986 3914 is
3020 3873 3117 3928 per
3137 3872 3305 3927 quem
3338 3856 3525 3910 omnia
3555 3893 3575 3922 ,

1976 3964 2031 4012 et
2060 3972 2089 4010 a
2126 3957 2285 4012 nobis
2316 3956 2371 4011 in
2410 3956 2581 4010 Deum
2610 3994 2625 4020 ,
2660 3962 2714 4009 et
2747 3953 2802 4007 in
2842 3966 2946 4006 nos
2981 3950 3052 4004 ab
3083 3949 3207 4019 ipso
3238 3948 3306 4003 “.
3362 3946 3576 4003 Idcirco

1975 4048 2140 4103 etiam
2166 4047 2375 4102 Paulus
2408 4046 2741 4116 coniunctas
2775 4044 2984 4114 pariter
3018 4041 3291 4096 bonorum
3325 4038 3578 4109 largitio-

1974 4154 2075 4193 nes
2113 4138 2297 4209 dignis
2328 4151 2544 4207 semper
2575 4144 2908 4205 apprecatur
2937 4172 2953 4198 ,
3006 4131 3202 4188 dicens
3247 4149 3260 4185 :
3319 4147 3339 4181 ι
3377 4128 3573 4185 Gratia

1974 4228 2133 4286 vobis
2182 4236 2238 4285 et
2286 4243 2389 4299 pax
2426 4242 2457 4280 a
2492 4228 2603 4282 Deo
2652 4224 2814 4279 Patre
2845 4230 3043 4278 nostro
3082 4229 3137 4277 et
3175 4220 3411 4276 Domino
3442 4218 3573 4275 Jesu

1974 4323 2203 4379 Christo
2245 4321 2309 4374 ⁸⁸.
2351 4339 2369 4372 ι
2417 4317 2607 4389 Neque
2638 4332 2771 4373 vero
2818 4316 3115 4387 quisquam
3163 4328 3314 4368 sana:
3370 4311 3571 4368 mentis

1975 4414 2252 4486 putaverit
2305 4411 2526 4466 Patrem
2585 4410 2819 4467 seorsim
2879 4407 3103 4478 quidem
3159 4405 3397 4477 gratiam
3462 4402 3568 4458 ali-

1976 4523 2139 4579 quam
2194 4521 2260 4561 ac
2308 4504 2547 4561 seorsim
2596 4502 2798 4556 Filium
2854 4499 3119 4568 elargiri,
3161 4500 3257 4553 sed
3302 4512 3470 4551 unam
3506 4510 3574 4552 ac

1976 4601 2224 4658 eamdem
2276 4613 2437 4663 esse,
2489 4597 2621 4652 licet
2672 4595 2741 4649 ab
2792 4604 3029 4662 utroque
3078 4592 3319 4647 dicatur.
3356 4590 3573 4646 Cuncta

1946 4703 1951 4708 ‘
1975 4695 2184 4766 quippe
2210 4693 2353 4748 bona
2379 4692 2563 4763 dignis
2605 4689 2903 4744 traduntur
2928 4701 2956 4740 a
2992 4685 3158 4741 Patre
3199 4699 3295 4755 per
3323 4683 3525 4739 Filium
3553 4725 3570 4751 ,

1974 4795 2031 4843 et
2058 4785 2372 4841 divinarum
2405 4783 2711 4856 gratiarum
2744 4780 2805 4835 ﬁt
2836 4777 3162 4834 distributio
3188 4818 3203 4843 ,
3236 4792 3346 4832 non
3380 4787 3565 4831 tamen

1976 4887 2237 4948 tanquam
2271 4893 2368 4947 per
2389 4876 2709 4931 ministrum
2739 4913 2754 4937 ,
2803 4872 2899 4929 sed
2930 4886 3029 4942 per
3063 4886 3187 4925 eum
3225 4870 3317 4939 qui
3350 4870 3571 4923 conlat-

1974 4967 2120 5038 gitor
2161 4968 2520 5039 intelligatur,
2558 4972 2613 5019 et
2650 4970 2735 5035 est
2762 4978 2909 5017 vere.
2945 4960 3062 5016 Una
3081 4960 3355 5030 siquidem
3392 4958 3569 5013 deita-

1973 5062 2045 5116 tis
2069 5068 2263 5115 natura
2299 5068 2383 5115 est
2413 5068 2579 5130 atque
2608 5058 2684 5111 ita
2709 5056 2977 5117 creditur.
2997 5054 3154 5109 Licet
3184 5052 3333 5107 enim
3364 5059 3562 5105 exten-

1973 5151 2138 5206 datur
2175 5152 2231 5205 in
2278 5150 2497 5205 Patrem
2532 5160 2587 5205 et
2617 5147 2818 5203 Filium
2858 5163 2920 5200 ac
2959 5154 3211 5200 sanctum
3245 5142 3514 5212 Spiritum
3547 5178 3564 5204 ,

1972 5257 2318 5312 nequaquam
2377 5249 2562 5295 tamen
2620 5240 3014 5308 unusquisque
3066 5235 3135 5288 ab
3173 5236 3351 5288 altero
3401 5232 3565 5302 plaue

1972 5332 2256 5388 diducitur
2283 5339 2445 5401 atque
2471 5340 2782 5403 separatur.
2818 5329 2991 5383 Recte
3024 5327 3232 5396 quippe
3257 5326 3561 5379 sentientes

1972 5425 2221 5481 dicemus
2249 5440 2315 5479 ex
2356 5424 2515 5480 Patre
2546 5440 2670 5480 esse
2706 5432 2760 5478 et
2814 5422 2869 5474 in
2900 5418 3068 5473 Patre
3106 5418 3431 5473 naturaliter
3467 5416 3558 5471 Fi-

1971 5519 2129 5585 lium,
2166 5532 2231 5573 ex
2262 5532 2438 5589 eoque
2465 5524 2518 5573 et
2550 5516 2605 5572 in
2635 5530 2721 5581 eo,
2752 5523 2803 5570 ct
2831 5513 2924 5586 qui
2957 5512 3216 5583 proprius
3239 5509 3362 5581 ejus
3394 5518 3557 5579 atque
