4042 6204
478 277 580 332 251

1473 265 1529 323 S.
1574 263 1850 321 CYRILLI
1888 262 2361 321 ALEXANDRIN!
2401 266 2722 324 ARCHIEP.

3647 258 3755 316 252

472 383 594 438 Filii
622 388 709 438 est
738 387 995 437 sanctum
1035 377 1326 450 Spiritum.
1358 375 1496 431 Cum
1525 377 1692 446 igitur
1724 391 1836 432 una
1881 376 1954 432 sit
1998 384 2054 432 et

2160 378 2256 432 οὐκ
2300 379 2413 449 ἔχει
2461 381 2552 433 τὸν
2606 379 2843 433 είσάπαν
2897 377 2992 431 καὶ
3049 374 3360 446 ὁλοκλήρως
3407 372 3754 450 διασπασμόν

473 475 819 544 intelligatur
846 472 1155 528 secundum
1192 477 1445 525 naturam
1487 469 1664 524 deitas
1686 511 1700 537 ,
1731 484 1826 539 per
1861 467 2064 522 Filium

473 584 503 622 a
539 566 708 622 Patre
760 566 815 620 in
867 566 1074 636 Spiritu
1125 547 1307 635 dignis
1337 576 1532 618 eorum
1567 561 1711 616 dona
1757 562 2064 624 tradentur,

469 669 524 714 et
555 667 744 713 nostra
766 660 818 712 in
855 658 1021 711 Deum
1049 657 1378 721 referentur,
1403 655 1680 710 mediante
1703 654 1962 708 nimirum
1981 652 2067 707 Fi-

471 751 564 804 lio.
587 749 755 805 Nemo
781 750 927 804 enim
953 749 1100 802 venit
1121 748 1288 818 806
1317 747 1382 800 ad
1408 745 1648 813 Patrem,
1667 747 1774 801 nisi
1799 761 1896 816 per
1913 762 2062 814 eum,

471 841 616 895 sicut
638 841 754 910 ipse
778 840 1036 894 nimirum
1065 841 1240 908 palam
1274 837 1563 908 professus
1594 847 1698 894 est.
1729 835 1906 892 Janua
1934 853 2064 908 ergo

470 940 526 987 et
552 933 638 986 via
669 932 924 986 amicitiae
952 947 1076 985 cum
1112 929 1224 984 Deo
1261 945 1324 984 ac
1353 929 1516 984 Patre
1543 929 1645 984 fuit
1675 937 1729 984 et
1757 938 1844 984 est
1867 928 2061 994 Filius,

469 1032 524 1078 et
554 1023 682 1078 doni
709 1023 857 1091 quod
879 1022 949 1076 ab
973 1023 1093 1092 ipso
1122 1023 1465 1093 conlargitor
1496 1022 1662 1077 simul
1692 1031 1858 1093 atque
1883 1023 2064 1078 distri.

469 1115 671 1180 butor,
713 1123 774 1166 ut
815 1130 880 1169 ex
913 1129 1020 1168 una
1069 1113 1235 1168 simul
1270 1120 1325 1166 et
1378 1114 1661 1167 communi
1705 1114 2060 1183 benignitate.

470 1201 589 1259 Una
615 1205 816 1274 quippe
842 1215 926 1259 est
954 1203 1178 1259 deitatis
1211 1213 1410 1258 natura
1443 1205 1495 1258 in
1531 1219 1771 1274 persona
1806 1213 1859 1259 et
1888 1206 2062 1276 liypo-

469 1299 607 1352 stasi
639 1296 824 1351 Patris
862 1305 917 1351 et
959 1294 1082 1349 Filii
1129 1295 1418 1366 sanctique
1448 1295 1709 1366 Spiritus.
1756 1295 1896 1362 Quia
1934 1313 2063 1352 vero

470 1387 798 1442 inusitatum
847 1386 1029 1441 adhuc
1068 1394 1187 1442 erat
1237 1386 1481 1456 antiquis
1516 1386 1734 1442 Patrem
1778 1387 1930 1443 adire
1966 1403 2063 1458 per

470 1477 712 1544 Filium,
745 1479 890 1534 istud
917 1494 1138 1549 quoque
1179 1479 1388 1534 utiliter
1419 1479 1618 1544 docet,
1655 1494 1719 1534 ac
1742 1479 1893 1549 jacto
1913 1481 2060 1535 velut

467 1571 714 1640 quodam
757 1571 922 1626 istius
955 1571 1032 1625 rei
1079 1569 1134 1624 in
1169 1571 1287 1625 suis
1330 1570 1628 1639 discipulis
1664 1569 2058 1638 fundamento,

467 1661 627 1716 ﬁdem
657 1676 720 1715 ac
752 1661 1110 1730 disciplinam
1141 1661 1307 1714 etiam
1344 1660 1399 1713 in
1440 1675 1542 1714 nos
1585 1659 1736 1729 ipsos
1765 1662 2055 1716 transmit-

2166 470 2257 525 τὸν
2395 472 2624 526 ἕκαστον
2661 471 2770 524 τῶν
2803 466 3416 541 σημαινομένωνφημί.
3468 445 3752 519 Διακεισό-

2170 563 2310 635 μεθα
2337 563 2446 634 γὰρ
2475 563 2797 635 φρονοῦντες
2844 562 3022 634 ὀρθῶς
3055 561 3129 624 ὡς
3174 561 3238 613 ὲκ
3273 558 3488 628 Πατρός
3528 558 3589 612 τέ
3637 560 3753 611 ἐστι

2166 656 2262 710 καὶ
2289 657 2348 708 ὲν
2396 655 2571 726 Πατρὶ
2621 653 2867 723 φυσικῶς
2912 654 2941 706 6
2984 651 3131 715 Υἰδς,
3180 650 3240 715 ἐξ
3273 648 3439 704 αὐτοῦ
3475 667 3534 702 τε
3567 650 3662 703 καὶ
3693 649 3754 702 ἐν

2165 748 2336 819 αὐτῷ,
2391 747 2486 802 καὶ
2530 748 2592 800 τὺ
2623 747 2751 801 ἴδιον
2792 746 2958 799 αὐτοῦ
2984 762 3044 798 τε
3071 743 3166 798 καὶ
3210 742 3306 796 τοῦ
3341 742 3472 795 Υίοῦ
3503 741 3749 813 Πνεῦμα,

2164 839 2312 894 τοῦτ’
2341 839 2477 906 ἔστι,
2522 839 2583 893 τὺ
2613 841 2788 908 ἅγιον.
2839 839 2988 900 Md;
3015 835 3309 907 τοιγαροῦν
3351 833 3520 904 οὐσης
3549 851 3610 886 τε
3655 834 3752 886 καὶ

2165 933 2458 1002 νοουμένης
2505 931 2606 997 τῆς
2636 929 2775 984 κατὰ
2821 930 2982 998 φύσιν
3011 927 3283 998 θεότητος,
3331 927 3398 979 δι’
3425 924 3556 978 Υἰοῦ
3598 925 3747 996 παρὰ

2165 1025 2378 1094 Πατρὸς
2398 1025 2455 1075 ὲν
2481 1023 2756 1094 Πνεύματι
2787 1025 2898 1085 τοῖς
2932 1021 3102 1086 ἀξίοις
3126 1021 3194 1074 τὰ
3226 1020 3355 1084 παρ’
3380 1019 3564 1080 αὐτοῖς
3585 1035 3751 1088 χορη-

2163 1115 2482 1186 γηθήσεται,
2535 1114 2628 1166 καὶ
2676 1112 2744 1166 τά
2790 1113 2918 1183 παρ’
2967 1111 3124 1182 ἡμῶν
3165 1111 3240 1172 εἱς
3282 1107 3414 1162 Θεὸν
3447 1107 3749 1178 ἀπενεχθή-

2165 1225 2338 1272 σεται,
2399 1205 2772 1276 μεσιτεύοντος
2811 1203 3052 1273 δηλονότι
3093 1202 3188 1256 τοῦ
3229 1200 3378 1255 Υίοῦ.
3423 1201 3614 1264 Οὐδεὶς
3641 1201 3749 1275 γάρ

2163 1297 2384 1368 ἔρχεται
2413 1297 2550 1367 πρὸς
2582 1297 2674 1350 τὸν
2705 1296 2943 1367 Πατέρα,
2993 1297 3041 1348 εἰ
3075 1294 3150 1367 μὴ
3181 1294 3246 1346 δι’
3277 1292 3464 1356 αὐτοῦ,
3496 1293 3747 1363 καθάπερ

2163 1387 2358 1457 ἀμέλει
2411 1385 2785 1456 διωμολόγηκε
2819 1385 2914 1438 καὶ
2943 1385 3126 1447 αὐτός.
3157 1383 3308 1454 Θύρα
3337 1382 3624 1454 τοιγαροῦν
3654 1383 3748 1436 καὶ

2161 1480 2280 1543 ὁδὸς
2323 1480 2421 1550 τῆς
2454 1479 2590 1550 πρὸς
2620 1478 2752 1532 Θεὸν
2795 1477 2890 1530 καὶ
2918 1477 3135 1548 Πατέρα
3171 1475 3355 1544 φιλίας
3383 1491 3440 1528 τε
3471 1473 3606 1544 ὁμοῦ
3656 1475 3748 1527 καὶ

2163 1573 2390 1644 προόδου
2439 1572 2628 1641 γέγονέ
2675 1587 2736 1624 τε
2784 1571 2880 1624 καὶ
2915 1570 3060 1622 ἔστιν
3087 1571 3116 1622 6
3163 1568 3312 1632 Υἱὸς,
3360 1568 3457 1620 καί
3486 1567 3583 1636 τῆς
3617 1575 3748 1636 παρ’

2160 1665 2327 1719 αὐτοῦ
2359 1665 2570 1736 δωρεᾶς
2605 1664 2866 1734 συνδοτήρ
2914 1679 2975 1714 τε
3008 1661 3142 1732 όμοῦ
3174 1660 3266 1713 καὶ
3304 1659 3620 1730 διανομεύς,
3672 1659 3748 1722 ὡς

463 1753 554 1815 tit,
590 1767 654 1807 ac
690 1751 1026 1822 precationis
1058 1752 1279 1805 modum
1303 1758 1358 1805 et
1390 1765 1541 1821 spem
1565 1749 1905 1808 manifestat.
1938 1753 2056 1823 Ipse

2163 1759 2228 1812 ὲκ
2264 1759 2392 1828 μιᾶς
2419 1775 2476 1810 τε
2506 1756 2622 1827 ἅμα
2670 1756 2763 1810 καὶ
2815 1753 3003 1823 κοινῆς
3043 1752 3371 1824 φιλοτιμίας.
3422 1751 3537 1806 Μία
3575 1751 3684 1822 γάρ
3713 1754 3746 1822 ἡ

465 1859 706 1914 namque
735 1860 856 1914 qua:
903 1844 1131 1914 petituri
1167 1843 1378 1897 orando
1405 1858 1599 1897 sumus
1626 1885 1641 1910 ,
1687 1844 1950 1900 daturum
1995 1862 2055 1902 se

465 1938 794 2008 pollicetur,
838 1939 892 1992 id
932 1937 1160 2006 insuper
1201 1935 1410 1990 addens
1455 1950 1671 2005 quoque
1717 1935 1934 1991 caeteris
1981 1938 2048 1991 ad

464 2030 959 2086 demonstrandam
1006 2028 1114 2086 sibi
1154 2043 1184 2083 a
1217 2035 1415 2082 natura
1446 2028 1668 2083 insitam
1704 2027 2052 2085 divinitatem

463 2128 906 2192 potestatemque
942 2123 1169 2192 regiam.

2161 1851 2260 1920 τῆς
2307 1848 2559 1920 θεότητος
2608 1847 2770 1917 φύσις
2817 1849 2876 1900 ὲν
2908 1845 3188 1918 προσώπῳ
3233 1863 3294 1899 τε
3329 1846 3424 1900 καὶ
3453 1844 3748 1898 ὑποστάσει

2161 1941 2377 2013 Πατρός
2419 1958 2480 1993 τε
2523 1941 2620 1993 καὶ
2648 1939 2778 1993 Υίοῦ
2825 1940 2920 1993 καὶ
2949 1939 3104 2008 ἀγίου
3134 1939 3473 2008 Πνεύματος.
3531 1937 3749 2009 Ἐπειδὴ

2163 2033 2220 2086 δὲ
2241 2029 2510 2101 ἀσύνηθες
2537 2047 2654 2093 πως
2676 2030 2788 2092 τοῖς
2816 2028 3192 2100 ἀρχαιοτέροις
3219 2031 3311 2082 καὶ
3332 2029 3749 2100 ἀνεπιτήδευτον

2159 2121 2228 2195 ἦν
2259 2123 2338 2176 ἔτι
2362 2123 2424 2176 τὸ
2449 2123 2517 2176 δι’
2552 2120 2684 2174 Υἰοῦ
2731 2121 3131 2192 προσέρχεσθαι
3161 2121 3238 2193 τῷ
3270 2123 3466 2191 Πατρὶ,
3507 2122 3748 2176 διδάσκει

463 2215 747 2270 καὶτοῦτο
796 2217 1104 2288 χρησίμως,
1150 2214 1244 2267 καὶ
1285 2212 1476 2284 ὥσπερ
1519 2213 1642 2267 τινά
1676 2216 1915 2286 κρηπῖδα
1957 2217 2051 2272 τοῦ
2090 2220 2418 2290 πράγματος
2484 2219 2542 2270 ὲν
2571 2217 2684 2279 τοῖς
2756 2216 2904 2278 ἰδίοις
2945 2214 3214 2284 μαθηταῖς
3261 2213 3748 2284 πῳκαταὸάλλων,

461 2310 556 2364 καὶ
601 2310 697 2383 τὴν
730 2311 824 2365 ἐπὶ
857 2311 1031 2381 τούτῳ
1080 2311 1262 2363 πίστιν
1308 2325 1368 2360 τε
1405 2309 1496 2360 καὶ
1563 2309 1819 2379 μάθησιν,
1866 2313 1962 2365 καὶ
2012 2315 2094 2378 εἰς

2163 2315 2310 2384 ἡμᾶς
2357 2313 2554 2376 αὐτοὺς
2605 2311 2968 2382 παραῆμπει
3013 2311 3108 2364 καί
3155 2310 3251 2378 τῆς
3300 2312 3607 2381 προσευχῆς
3655 2311 3750 2364 τὸν

460 2403 664 2475 τρόπον
693 2402 787 2456 καὶ
814 2405 914 2473 τῆς
947 2402 1163 2464 ἐλπίδος
1188 2399 1286 2472 τὴν
1311 2401 1562 2470 δήλωσιν.
1605 2402 1922 2458 Ἑπιδὼσειν
1948 2405 2058 2477 γάρ
2095 2407 2258 2469 αὐτὸς
2301 2406 2369 2458 τά
2416 2406 2474 2458 ὲν
2511 2404 2696 2474 εὐχαῖς
2727 2405 2857 2473 ἡμῖν
2925 2401 3340 2470 ἐπαγγέλλεται,
3383 2401 3582 2471 δεῖγμα
3646 2402 3749 2473 τῆς

461 2496 604 2551 κατά
630 2497 791 2565 φύσιν
813 2494 1060 2564 θεότητος
1094 2493 1188 2545 καὶ
1214 2492 1314 2560 τῆς
1341 2492 1567 2562 ἐνούσης
1593 2493 1741 2564 αὐτῷ
1763 2493 2051 2567 βασιλικῆς
2089 2497 2342 2564 ἐξουσίας
2373 2495 2466 2549 καὶ
2497 2495 2658 2548 τοῦτο
2693 2497 2804 2558 τοῖς
2835 2493 3016 2558 ἄλλοις
3054 2494 3388 2564 προστιθείς.

532 2607 675 2673 XIV,
707 2608 792 2662 15.
825 2606 884 2661 Si
915 2606 1144 2677 diligitis
1177 2621 1277 2689 me,
1313 2607 1572 2660 ntandata
1602 2623 1716 2660 mea
1748 2619 1976 2664 servate.

530 2743 668 2800 Cum
697 2741 934 2812 jusserit
955 2748 1014 2795 nt
1041 2741 1134 2810 qui
1162 2740 1384 2810 petituri
1416 2749 1571 2806 sunt,
1615 2740 1670 2794 in
1707 2743 1930 2798 nomine
1952 2761 2052 2800 suo

461 2848 692 2910 petant,
738 2847 792 2892 et
826 2838 1144 2906 petentibus
1196 2836 1530 2906 largiturum
1577 2851 1637 2891 se
1680 2837 2055 2907 quodcunque

464 2933 636 2986 velint
676 2930 1008 3000 polliceatur
1032 2969 1048 2994 ,
1098 2928 1149 2982 id
1182 2927 1457 2998 imprimis
1486 2934 1646 2982 cavet
1679 2943 1748 2982 ne
1784 2929 2055 2985 mentitus

466 3023 736 3089 videatur,
760 3029 985 3092 propter
1021 3021 1225 3090 impias
1257 3019 1724 3074 calumniatorum
1756 3035 1940 3075 voces.
1966 3019 2044 3074 Ex

2240 2613 2383 2670 Ἐὰν
2417 2613 2686 2684 ἀγαπᾶτέ
2717 2630 2815 2682 με,
2851 2611 2960 2679 τὰς
2986 2610 3243 2678 ἐντολάς
3274 2629 3393 2682 μου
3431 2614 3746 2682 τηρήσετε.

2229 2750 2444 2822 Χρῆναι
2471 2750 2570 2820 μὲν
2601 2751 2773 2802 αἰτεῖν
2801 2746 3131 2817 εὐχομένους
3163 2745 3259 2798 ἐπὶ
3284 2743 3362 2815 τῷ
3392 2745 3616 2816 ὀνόματι
3647 2746 3748 2800 αὐ-

2157 2841 2249 2894 τοῦ
2296 2839 2648 2910 διατεταχὼς,
2697 2837 3025 2909 χορηγήσειν
3059 2836 3116 2888 δὲ
3151 2837 3268 2898 τοῖς
3309 2834 3552 2889 αἰτοῦσιν
3582 2835 3753 2900 αὐτὸς

2155 2932 2291 3001 ὅπερ
2323 2931 2388 2985 ἂν
2416 2930 2713 3002 βούλωνται
2761 2928 2946 2982 λαϐεῖν
2993 2926 3445 2998 ὑπισχνούμενος,
3491 2928 3746 2996 φροντίδα

2168 3027 2401 3078 ποιεῖται
2432 3022 2630 3094 πολλὴν
2660 3019 2752 3074 τοῦ
2787 3021 2861 3092 μὴ
2890 3018 3271 3090 διαψεύδεσθαι
3298 3018 3496 3083 δοκεῖν,
3527 3019 3616 3073 διά
3643 3019 3747 3083 τάς

463 3117 600 3186 Ipsis
627 3116 773 3171 enim
814 3114 990 3170 sacris
1024 3112 1252 3168 Litteris
1283 3111 1634 3182 potissimum
1667 3110 1852 3165 videre
1882 3111 2046 3174 licet,

2160 3117 2267 3170 τῶν
2294 3115 2560 3169 εἰωθότων
2588 3087 2902 3184 φιλοψογεῖν
2932 3087 3263 3174 καταλαλιάς
3289 3111 3554 3175 ἀνοσίους.
3589 3112 3744 3165 Ἐστι

467 3208 770 3263 nonnullos
801 3207 958 3261 adire
1005 3204 1230 3275 quidem
1265 3204 1444 3274 ipsum
1481 3211 1536 3258 et
1571 3205 1627 3256 in
1669 3203 1790 3274 ejus
1832 3204 2056 3258 nomine

465 3310 650 3372 petere
675 3339 690 3364 ,
738 3312 1090 3369 nequaquam
1125 3305 1310 3350 tamen
1359 3295 1616 3366 accipere
1641 3335 1656 3359 ,
1693 3295 1825 3365 quid
1856 3294 2056 3365 cuique

463 3393 760 3448 conveniat
803 3400 859 3445 et
902 3389 1034 3458 quid
1079 3387 1396 3459 petentibus
1434 3388 1710 3442 conducat
1744 3401 1852 3441 non
1892 3387 2053 3456 igno-

463 3491 622 3538 rante
655 3481 768 3538 Deo
792 3482 858 3535 ³⁸.
897 3479 966 3534 Ut
1007 3495 1141 3550 ergo
1174 3479 1438 3534 Dominus
1466 3466 1655 3535 noster
1683 3477 1846 3534 Jesns
1889 3477 2055 3533 Chri-

463 3584 582 3630 stus
613 3573 791 3644 palam
820 3572 1140 3627 ostenderet
1164 3571 1231 3624 ad
1257 3585 1526 3640 quosnam
1556 3570 1720 3624 verba
1746 3569 1969 3633 faceret,
2002 3577 2056 3624 et

463 3661 795 3730 quibusnam
837 3658 1227 3728 promissionis
1279 3659 1458 3728 gratia
1513 3658 1848 3720 deberetur,
1896 3666 1953 3712 et
1997 3659 2051 3711 in

463 3768 574 3822 quo
599 3767 727 3807 vere
760 3751 949 3804 futura
980 3757 1160 3812 esset,
1210 3749 1397 3803 statim
1446 3747 1748 3818 diligentes
1792 3763 1853 3803 se
1897 3749 2054 3803 cxiii-

463 3844 580 3900 bnit
605 3884 620 3907 ,
655 3852 710 3899 et
743 3851 1000 3898 exactum
1037 3839 1174 3910 legis
1201 3838 1487 3894 custodem
1524 3838 1780 3906 adjnnxit
1805 3878 1818 3903 ,
1856 3847 2051 3894 osten-

463 3936 599 3992 deus
640 3950 750 3989 non
783 3934 850 3987 ad
885 3932 1026 3988 alios
1056 3947 1223 4003 quam
1260 3931 1327 3986 ad
1363 3931 1513 4000 ipsos
1549 3930 1664 3986 ﬁeri
1697 3931 2054 4001 benignitatis

465 4027 891 4096 promissionem
917 4033 971 4080 et
997 4023 1336 4095 spiritalium
1367 4022 1641 4078 bonorum
1679 4023 2051 4094 largitionem.

462 4117 600 4172 Nam
637 4118 890 4173 contrahi
925 4132 1069 4188 saepe
1101 4115 1199 4172 Dei
1242 4131 1499 4182 manum,
1544 4123 1600 4171 et
1631 4131 1816 4171 rerum
1859 4129 2055 4186 spera-

461 4221 641 4266 tarum
679 4211 886 4266 exitum
930 4210 998 4265 iis
1036 4210 1132 4280 qui
1175 4216 1326 4264 recte
1370 4216 1556 4278 petere
1594 4207 1844 4263 nesciant
1886 4208 2055 4261 inter-

461 4301 634 4370 cludi,
671 4303 835 4370 facile
869 4317 1141 4374 agnosces
1173 4300 1332 4356 exiis
1364 4315 1488 4370 qum
1515 4298 1720 4354 Cbristi
1749 4298 2054 4368 discipulus

461 4396 657 4450 scribit
686 4396 740 4449 in
774 4397 920 4450 hunc
952 4395 1176 4450 modum
1211 4410 1226 4447 ε
1278 4413 1297 4444 ‹
1327 4392 1519 4448 Petitis
1544 4433 1558 4458 ,
1599 4404 1655 4447 et
1697 4407 1808 4446 non
1839 4391 2052 4460 accipi-
2086 4431 2128 4486 υ

461 4488 532 4542 tis
558 4529 572 4551 ,
620 4502 687 4542 co
721 4488 869 4556 quod
909 4488 1051 4541 male
1080 4488 1308 4556 petitis,
1371 4495 1430 4539 ut
1481 4486 1536 4538 in
1577 4485 2052 4556 concupiscentiis

461 4576 660 4630 vestris
690 4579 1032 4631 consumatis
1065 4577 1130 4630 ³⁷.
1167 4596 1184 4627 ι
1227 4577 1442 4631 Idcirco
1470 4583 1525 4630 et
1553 4575 1621 4630 de
1653 4577 1846 4630 animo
1869 4577 2051 4647 dupli-

459 4666 618 4720 cibus
651 4667 729 4718 ait
753 4683 767 4719 :
809 4687 827 4718 ι
850 4665 972 4720 Non
998 4682 1128 4736 ergo
1157 4667 1395 4722 mstinict
1415 4667 1582 4720 homo
1611 4667 1701 4722 ille
1728 4667 1874 4737 quod
1904 4669 2052 4722 acci-

462 4756 575 4826 piat
607 4755 811 4825 aliquid
849 4772 880 4810 a
917 4755 1150 4811 Domino
1182 4773 1196 4810 :
1234 4757 1320 4811 vir
1347 4759 1492 4811 enim
1517 4756 1721 4827 duplex
1751 4758 1939 4814 animo
1968 4760 2052 4814 in-

462 4856 731 4904 constans
767 4855 851 4903 est
881 4847 936 4902 in
969 4849 1228 4904 omnibus
1259 4849 1366 4905 viis
1399 4850 1515 4906 suis
1555 4849 1619 4902 ³⁸.
1657 4869 1674 4901 ι
1726 4849 2050 4916 Petentibus

461 4939 607 4995 enim
635 4955 930 5010 supernam
955 4941 1185 5010 gratiam
1219 4957 1331 4997 non
1361 4942 1426 4997 ad
1454 4929 1618 5012 807
1639 4941 1898 4995 virtutem
1927 4957 2051 5011 per-

465 5031 754 5086 ticiendain
779 5069 794 5096 ,
823 5031 920 5086 sed
943 5033 1008 5085 ad
1040 5036 1228 5096 carnis
1264 5033 1601 5104 voluptatem
1648 5041 1703 5088 et
1738 5034 2051 5090 mundanas

463 5125 790 5194 cupiditates
828 5122 1092 5179 fruendas
1116 5163 1131 5188 ,
1181 5140 1370 5181 aurem
1403 5133 1616 5181 tantum
1653 5140 1764 5180 non
1815 5126 2057 5181 occludit

464 5213 629 5277 Deus,
658 5230 722 5268 ac
755 5215 894 5269 nihil
920 5230 1147 5285 prorsus
1178 5217 1448 5287 elargitur
1482 5236 1505 5272 ι»
1543 5233 1666 5288 qua:
1695 5217 1841 5272 enim
1867 5219 2054 5274 renuit

466 5318 529 5357 ac
557 5311 816 5373 tanquam
850 5307 1170 5364 detestanda
1213 5309 1425 5378 rejicit,
1456 5309 1736 5380 quomodo
1770 5311 2053 5368 nonnullis

465 5393 762 5463 largietur?
788 5406 880 5450 aut
899 5400 1176 5466 quomodo
1203 5400 1328 5456 fons
1351 5402 1535 5456 omnis
1561 5400 1870 5456 dulcedinis
1898 5416 2050 5455 ama-

466 5484 510 5540 ri
559 5483 837 5553 quidpiam
894 5491 1192 5545 emiserit?
1248 5491 1404 5559 Quod
1467 5502 1648 5547 autem
1715 5493 2046 5562 spiritalium

539 5668 584 5702 “
609 5667 628 5723 ι
658 5667 816 5725 Joan.
853 5686 906 5732 γ,
946 5672 1028 5724 Μ.
1110 5672 1150 5703 ³⁷
1192 5671 1307 5725 Jac.
1354 5688 1424 5739 Iv,
1453 5675 1504 5726 5.
1585 5673 1627 5706 ³⁸
1655 5670 1772 5726 Jac.
1811 5687 1845 5737 ι,
1875 5669 1928 5735 7,
1956 5671 2006 5726 8.

2155 3208 2264 3278 γάρ
2303 3207 2448 3271 ἰδεῖν,
2497 3207 2592 3260 καὶ
2639 3205 2699 3270 ἐξ
2743 3203 2923 3259 αὐτῶν
2961 3203 3196 3274 μάλιστα
3231 3201 3340 3256 τῶν
3372 3202 3528 3272 ἱερῶν
3561 3202 3747 3276 Γραμ-

2160 3299 2371 3370 μάτων,
2414 3299 2490 3362 ὡς
2523 3297 2784 3369 προσίασι
2822 3297 2920 3366 μὲν
2964 3295 3060 3349 καὶ
3104 3294 3442 3358 ὲξαιτοῦνταί
3473 3311 3617 3357 τινες
3649 3295 3744 3347 ἐπὶ

2155 3391 2233 3462 τῷ
2282 3391 2506 3460 ὀνόματι
2554 3388 2752 3452 αὐτοῦ,
2807 3388 3050 3458 δέχονταί
3110 3403 3174 3455 γε
3226 3386 3334 3458 μὴν
3384 3386 3633 3458 οὐδαμῶς
3683 3387 3745 3438 τὸ

2157 3484 2371 3554 ἑκάστῳ
2423 3483 2670 3554 πρέπον,
2727 3480 2821 3534 καὶ
2871 3483 2984 3544 τοῖς
3053 3479 3265 3533 αἰτοῦσι
3320 3479 3592 3542 λυσιτελὲς
3643 3479 3746 3531 οὐκ

2156 3575 2488 3646 ὴγνοηκότος
2518 3573 2672 3627 Θεοῦ.
2709 3574 2827 3626 Ἵνα
2861 3572 3040 3626 τοίνυν
3071 3571 3316 3644 ἐπιδείξῃ
3347 3571 3532 3640 σαφῶς
3569 3572 3598 3624 6
3632 3571 3746 3624 Κύ-

2160 3685 2271 3738 ριος
2310 3668 2467 3738 ἡμῶν
2515 3665 2722 3735 Ἰησοῦς
2753 3669 2782 3719 6
2823 3665 3079 3736 Χριστὸς,
3121 3665 3257 3736 πρὸς
3291 3664 3444 3725 τίνας
3474 3663 3623 3733 αὐτῷ
3647 3664 3746 3731 γέ-

2155 3761 2279 3827 γονέ
2301 3777 2360 3812 τε
2387 3759 2482 3811 καὶ
2505 3757 2596 3810 έστ
2608 3775 2657 3811 ιν
2677 3760 2705 3811 ὁ
2729 3757 2906 3826 λόγος,
2931 3759 3025 3810 καὶ
3043 3757 3184 3810 τίσιν
3207 3758 3241 3827 ἡ
3270 3756 3370 3826 τῆς
3398 3755 3746 3826 ὑποσχέσεως

2155 3851 2427 3919 ὀφείλεται
2458 3850 2638 3922 χάρις,
2688 3849 2770 3918 ἐφ’
2817 3843 2860 3917 ᾧ
2894 3848 3049 3903 ἔσται
3100 3849 3194 3902 καὶ
3225 3846 3464 3916 ἀληθῶς,
3507 3847 3748 3916 παρεκόο

2159 3957 2317 4011 μισεν
2359 3940 2523 4004 εὐθὺς
2571 3939 2678 3992 τῶν
2712 3938 3050 4007 ἀγαπώντων
3075 3939 3138 3991 τὸ
3182 3938 3494 4010 πρόσωπον,
3530 3937 3622 3990 καὶ
3653 3937 3746 3989 τὸν

2154 4032 2356 4104 ἀκριϐῆ
2391 4030 2742 4102 νομοφύλακα
2775 4029 3183 4100 παραζεύγνυσι
3221 4028 3298 4099 τῷ
3338 4028 3502 4098 λόγῳ,
3529 4028 3747 4091 δεικνὺς

2155 4125 2237 4178 ὅτι
2267 4125 2403 4196 πρὸς
2449 4125 2648 4187 αὐτοὺς
2691 4122 2788 4176 καὶ
2831 4122 2929 4192 οὐχ
2963 4123 3180 4192 ἐτέρους
3217 4124 3249 4192 ἡ
3278 4123 3378 4191 τῆς
3406 4120 3745 4192 ἡμερότητος

2155 4215 2460 4284 ἐπαγγελία
2491 4216 2586 4268 καὶ
2619 4216 2651 4285 ή
2680 4214 2789 4268 τῶν
2818 4214 3207 4285 πνευματικῶν
3249 4215 3470 4283 ἀγαθῶν
3501 4215 3743 4279 ἐπίδοσις

2155 4306 2222 4359 δι’
2254 4304 2418 4359 αὐτοῦ
2467 4307 2732 4376 κρατήσει
2777 4307 2871 4360 καὶ
2916 4307 3227 4376 γενήσεται.
3269 4307 3391 4360 Ὅτι
3437 4307 3544 4376 γὰρ
3597 4305 3746 4377 ὄκνῳ

2157 4397 2418 4460 πολλάκις
2463 4398 2497 4467 ἠ
2529 4397 2764 4467 χορηγὸς
2792 4396 3138 4449 συστέλλεται
3167 4397 3288 4468 χεὶρ
3321 4396 3415 4450 τοῦ
3441 4397 3596 4459 Θεοῦ,
3628 4400 3746 4461 τοῖς

2157 4489 2258 4544 οὐκ
2311 4487 2488 4560 ὀρθῶς
2543 4487 2818 4542 ἐθέλουσιν
2877 4489 3047 4543 αἰτεῖν
3107 4487 3170 4542 τὸ
3223 4488 3334 4542 τῶν
3378 4488 3748 4542 ἐλπισθέντων

2158 4583 2523 4637 ἀποκλείουσα
2557 4582 2751 4652 πέρας,
2794 4581 3048 4652 συνήσεις
3075 4581 3314 4644 εὐκόλως
3340 4581 3398 4646 ἐξ
3428 4574 3505 4634 ὧν
3542 4583 3570 4634 ό
3612 4583 3652 4633 Χ
3663 4600 3750 4651 ρι-

2159 4673 2286 4727 στοῦ
2334 4673 2583 4744 μαθητὴς
2629 4671 2978 4726 ἀποτείνεται
3024 4671 3254 4742 γράφων
3286 4671 3422 4724 ὡδίο
3480 4690 3498 4722 ι
3530 4672 3750 4724 Αἰτεῖτε

2159 4765 2253 4818 καὶ
2281 4764 2343 4816 οὐ
2373 4764 2700 4834 λαμϐάνετε,
2751 4763 2888 4817 διότι
2933 4761 3121 4825 κακῶς
3154 4764 3378 4825 αἰτεῖτε,
3419 4763 3506 4816 ἵνα
3533 4765 3590 4816 ἐν
3621 4767 3749 4827 ταῖς

2158 4854 2372 4926 ἡδοναῖς
2403 4853 2556 4925 ὑμῶν
2583 4855 2954 4924 δαπανήσητε.
2987 4871 3005 4904 ι
3045 4853 3135 4906 Διὸ
3169 4853 3262 4906 καὶ
3291 4853 3452 4907 πάλιν
3481 4853 3608 4925 περὶ
3635 4853 3751 4905 τῶν

2153 4945 2396 5015 διψυχεῖν
2427 4945 2692 4999 εἰωθότων
2719 4943 2852 5014 φησί
2877 4961 2893 4976 ο
2949 4964 2968 4995 ι
2998 4945 3090 5014 Μὴ
3117 4943 3226 5015 γάρ
3251 4944 3448 4998 οἰέσθω
3479 4947 3508 4999 6
3529 4946 3750 5016 ἄνθρωο

2155 5053 2256 5098 πος
2289 5037 2512 5100 ἐκεῖνος,
2538 5036 2619 5088 ὅτι
2650 5034 2877 5106 λήψεταί
2905 5052 2958 5087 τι
2992 5035 3145 5106 παρά
3190 5033 3284 5088 τοῦ
3315 5036 3520 5107 Κυρίου
3546 5051 3560 5064 ·
3598 5037 3748 5108 ἀνὴρ

2155 5126 2264 5198 γὰρ
2316 5126 2573 5197 δίψυχος,
2627 5127 3009 5190 ἀκατάστατος
3061 5127 3118 5178 ὲν
3175 5127 3376 5191 πάσαις
3430 5131 3549 5192 ταῖς
3601 5129 3748 5194 ὁδοῖς

2155 5215 2342 5268 αὐτοῦ.
2375 5235 2392 5266 ι
2428 5215 2552 5278 Τοῖς
2589 5217 2689 5286 μὲν
2719 5215 2827 5288 γὰρ
2853 5216 3133 5288 ἐρωτῶσιν
3160 5218 3259 5271 οὐκ
3291 5219 3371 5280 εἰς
3400 5219 3752 5289 κατόρθωσιν

2156 5305 2358 5376 ἀρετῆς
2386 5306 2484 5378 τὴν
2516 5307 2722 5361 ἄνωθεν
2752 5309 2932 5378 χάριν,
2961 5309 3080 5361 ἀλλ’
3113 5310 3193 5372 εἰς
3217 5310 3521 5363 ἀπόλαυσιν
3550 5327 3746 5379 σαρκι-

2157 5397 2258 5465 κῆς
2292 5397 2484 5468 ἡδονῆς
2527 5399 2622 5453 καὶ
2651 5400 2933 5470 κοσμικῶν
2964 5399 3290 5470 ἐπιθυμιῶν,
3331 5403 3617 5474 μονονουχί
3644 5407 3747 5458 καὶ

2157 5490 2493 5560 άποφράττει
2546 5493 2605 5546 τὸ
2659 5488 2752 5556 οῦς
2798 5494 2827 5545 6
2886 5493 3037 5556 Θεὸς,
3091 5496 3316 5563 χορηγεῖ
3358 5492 3415 5549 ὁὶ
3461 5495 3750 5562 παντελῶς
