4042 6204
293 293 397 350 255

1293 291 1362 348 ΙΝ
1389 287 1674 350 JOANNIS
1712 280 2164 343 EVANGELIUM
2207 289 2336 346 LIB.
2375 290 2464 346 IX.

3455 296 3562 352 255

292 410 440 467 οὐδέν
463 430 477 442 ’
523 409 562 465 ἃ
609 409 721 484 γὰρ
767 411 835 466 ἀν
878 410 1176 484 ἀποφάσκῃ
1203 410 1299 465 καὶ
1329 410 1613 480 ἀπόϐλητα
1654 405 1860 476 ποιῆται

1979 405 2282 472 gratiarum
2335 407 2682 464 amatoribus
2732 407 2904 466 divite
2960 423 3024 464 ac
3085 416 3338 479 prompta
3385 427 3557 467 manu

290 502 373 555 διά
395 502 497 574 τὴν
520 503 749 555 ἐνοῦσαν
765 505 957 565 αὐτοῖς
989 502 1291 573 βδελυρίαν,
1319 501 1437 565 πῶς
1468 503 1535 555 ἀν
1563 499 1870 572 χορηγήσαι

293 592 463 653 τισίν;
520 593 552 662 ὴ
584 592 641 645 δὲ
670 593 890 664 ἀπάσης
926 593 1267 664 γλυκύτητος
1299 593 1449 664 πηγὴ
1484 593 1602 656 πῶς
1633 595 1699 646 ἂν
1731 589 1869 661 αὐτὴ

296 685 482 757 πικρὸν
514 685 816 739 ἀναϐλύσαι
850 687 1030 756 νᾶμα;
1077 686 1199 739 Ὅτι
1228 685 1285 737 δὲ
1327 687 1441 746 τοῖς
1479 682 1589 735 τῶν
1626 697 1870 749 πνευμα-

295 778 455 830 τικῶν
485 778 844 848 χαρισμάτων
873 779 1130 848 ἐρασταῖς
1173 776 1405 847 πλουσίᾳ
1431 792 1492 828 τε
1537 773 1633 827 καὶ
1669 771 1870 843 προθυ-

299 870 498 941 μοτάτῃ
545 870 688 939 χειρὶ
729 869 971 939 διανέμει
1015 869 1085 922 τὰ
1133 868 1331 937 ἀγαθά,
1384 867 1609 936 κατόψει
1644 865 1867 937 ῥαδίως,

293 961 412 1013 ὅταν
431 958 672 1031 ἀκούσῃς
696 959 947 1027 λέγοντος
968 960 1057 1013 διά
1087 961 1184 1030 μὲν
1224 960 1446 1013 Ἡσαΐου
1471 958 1564 1012 τοῦ
1591 957 1868 1030 προφήτου

293 1052 421 1121 πρὸς
448 1051 644 1114 αὐτούς
671 1069 686 1084 ο
721 1071 739 1102 ι
767 1053 888 1104 Ἔτι
919 1052 1010 1104 σοῦ
1045 1051 1350 1115 λαλοῦντος,
1379 1050 1491 1122 ἐρῶ
1515 1065 1544 1112 ',
1566 1050 1628 1102 Τί
1661 1049 1810 1110 tota;
1843 1064 1860 1096 ι

287 1143 382 1195 Διά
425 1143 483 1196 δὲ
530 1144 630 1214 τῆς
669 1143 766 1197 τοῦ
801 1143 1110 1207 Ψάλλοντος
1156 1143 1340 1214 φωνῆς
1369 1143 1451 1196 ὅτι
1513 1160 1530 1194 ι
1569 1138 1869 1209 Ὀφθαλμοὶ

286 1235 489 1306 Κυρίου
525 1237 617 1289 ἐπὶ
657 1235 920 1299 δικαίους,
969 1237 1061 1288 καὶ
1088 1229 1204 1290 ὦτα
1238 1233 1402 1289 αὑτοῦ
1441 1235 1522 1297 είς
1549 1233 1734 1303 δέησιν
1771 1231 1868 1284 αύ-

286 1329 410 1384 τῶν.
445 1348 464 1379 ι
513 1329 870 1400 Ὀρισάμενος
900 1329 1080 1382 τοίνυν
1118 1331 1212 1382 καὶ
1245 1328 1546 1400 διαρρήδην
1578 1325 1748 1379 εἰπὼν
1785 1325 1866 1377 ὅτι

284 1424 392 1482 τοῖς
430 1421 721 1489 ἀγαπῶσιν
761 1421 924 1474 αὐτὸν
957 1421 1232 1490 όφείλεταί
1274 1438 1332 1473 τε
1384 1420 1479 1472 καὶ
1529 1417 1758 1487 ὑπάρξει
1803 1415 1867 1487 δὴ

286 1514 498 1574 πάντως
542 1512 606 1564 τὸ
630 1515 742 1576 τοῖς
788 1512 993 1566 ἄνωθεν
1026 1513 1296 1583 ὲντρυφᾷν
1327 1510 1572 1578 ἀγαθοῖς,
1604 1509 1670 1562 δι’
1701 1507 1865 1560 αὑτοῦ

284 1603 523 1670 δηλονότι
572 1603 998 1674 χορηγουμένοις
1039 1606 1189 1675 παρά
1236 1602 1470 1672 Πατρὸς,
1521 1599 1866 1670 καταγράφει

285 1695 624 1766 παραχρῆμα
652 1697 746 1748 καὶ⁹
773 1697 873 1765 τῆς
906 1697 1126 1765 ἀγάπης
1154 1697 1254 1766 τὴν
1279 1693 1536 1763 δύναμιν,
1588 1692 1682 1745 καὶ
1715 1693 1866 1754 ὅπως

280 1788 344 1843 ἃν
370 1789 538 1858 αὐτὴν
568 1788 1044 1860 ὲπιτηδεύσαιμεν,
1073 1789 1272 1860 ἀριστά
1297 1805 1359 1840 τε
1394 1786 1487 1840 καὶ
1513 1784 1860 1856 ἀνεγκλήτως

279 1881 514 1934 διδάσκει
559 1881 647 1934 διὰ
691 1880 753 1933 τὸ
795 1881 1083 1952 χρήσιμον.
1136 1881 1208 1933 Ού
1241 1882 1350 1950 γάρ
1381 1879 1433 1931 εἴ
1469 1895 1554 1940 τις
1591 1877 1738 1944 λέγοι
1767 1875 1859 1929 τὸν

278 1973 408 2027 Θεὸν
433 1975 675 2044 ἀγαπᾷν,
709 1973 926 2037 πάντως
945 1973 1008 2044 δὴ
1039 1974 1133 2026 καὶ
1155 1972 1254 2042 τὴν
1281 1970 1375 2024 τοῦ
1402 1969 1616 2041 ἀληθῶς
1640 1969 1858 2038 ἀγαπᾷν

277 2066 558 2121 ἀποίσεται
595 2067 773 2133 δόξαν,
823 2068 946 2120 ἐπεὶ
978 2067 1051 2137 μὴ
1097 2068 1154 2119 ὲν
1187 2065 1329 2136 λόγῳ
1362 2063 1502 2134 ψιλῷ
1532 2063 1629 2132 τῆς
1658 2061 1860 2133 ἀρετῆς

277 2160 313 2228 ὴ
357 2157 606 2227 δύναμις,
657 2159 794 2228 μήτε
828 2156 935 2228 μὴν
965 2158 1022 2210 ὲν
1049 2158 1277 2227 γυμνοῖς
1323 2154 1627 2227 μορφοῦται
1653 2155 1859 2224 ῥήμασι

277 2251 374 2320 τῆς
404 2251 484 2312 είς
512 2250 644 2302 Θεὸν
680 2249 964 2312 εὐσεϐείας
997 2249 1058 2301 τὸ
1087 2248 1304 2312 κάλλος,
1334 2247 1450 2302 ἀλλ’
1484 2247 1517 2316 ἦ
1550 2245 1608 2309 ἐξ
1637 2241 1859 2311 ἀγαθῶν

278 2343 730 2412 ἀποτελεσμάτων
762 2342 856 2395 καὶ
887 2341 1146 2412 φιληκόου
1194 2339 1420 2411 γνώμης
1467 2335 1525 2392 εὖ
1572 2337 1718 2408 μάλα
1745 2336 1858 2389 δια-

275 2435 634 2504 γινώσκεται,
686 2437 782 2490 καὶ
821 2436 928 2489 τῶν
957 2435 1116 2490 θείων
1148 2435 1439 2504 ἐντολῶνή
1480 2434 1712 2506 τήρησις
1759 2431 1859 2500 τὴν

273 2526 356 2586 είς
399 2524 462 2576 τὸ
507 2524 648 2577 θεῖον
694 2525 913 2595 ἀγάπην
957 2525 1155 2596 ἄριστα
1201 2525 1501 2594 ζωγραφεῖ,
1552 2521 1646 2574 καὶ
1679 2521 1872 2590 ζῶσαν.

272 2611 416 2675 ὅλως
459 2613 551 2665 καὶ
594 2612 761 2684 ἀληθῆ
810 2614 1141 2684 παρίστησιν
1180 2612 1403 2683 ἀρετὴν,
1449 2611 1550 2663 ούκ
1580 2612 1637 2662 ὲν
1669 2609 1858 2679 μόναις

273 2705 790 2776 σκιαγραφουμένην
839 2707 960 2769 ταῖς
1012 2705 1120 2759 ἀπὸ
1171 2705 1271 2776 τῆς
1323 2703 1568 2773 γλώττης
1619 2704 1856 2772 φωναῖς,

273 2794 528 2866 καθάπερ
548 2798 870 2869 εἰρήκαμεν,
896 2799 1140 2868 φαιδροῖς
1164 2798 1220 2850 δὲ
1242 2795 1857 2870 ῶσπερδιαπρέπουσαν

272 2884 525 2954 χρώμασι
579 2889 704 2950 ταῖς
763 2886 873 2940 τῶν
925 2886 1102 2956 ἔργων
1169 2886 1354 2949 ἰδέαις,
1411 2884 1505 2937 καὶ
1549 2883 1858 2954 ὁλοκλήρωῖ

273 2979 687 3050 ἐκλάμπουσαν.
737 2981 847 3032 Καὶ
880 2977 1011 3047 γοῦν
1043 2981 1070 3032 6
1114 2977 1318 3050 Κύριος
1361 2977 1521 3048 ἡμῶν
1578 2975 1786 3046 Ἰησοῦς
1829 2978 1857 3029 6

271 3074 506 3145 Χριστὸς
535 3071 723 3142 σαφῶς
754 3074 888 3143 ἡμῖν
914 3071 1073 3125 τοῦτο
1107 3071 1494 3142 παραδεικνὺς,
1541 3088 1559 3120 ι
1585 3069 1660 3124 Οὐ
1689 3071 1796 3132 πᾶς
1827 3069 1856 3121 6

268 3167 445 3235 λέγων
479 3185 592 3238 μοι,
646 3165 839 3237 Κύριε,
888 3165 1085 3236 Κύριε,
1139 3164 1322 3235 φησιν,
1370 3161 1736 3216 εἰσελεύσεται
1779 3163 1859 3225 εἰς

267 3259 367 3329 τὴν
407 3257 684 3328 βασιλείαν
716 3257 824 3310 τῶν
853 3257 1120 3330 οὐρανῶν,
1152 3256 1268 3309 ἀλλ’
1293 3258 1322 3309 6
1354 3255 1522 3308 ποιῶν
1552 3255 1612 3308 τὸ
1646 3253 1858 3322 θέλημα

265 3348 362 3403 τοῦ
391 3349 605 3419 Πατρός
633 3364 734 3417 μου
764 3346 857 3399 τού
892 3349 950 3401 ὲν
980 3346 1248 3416 οὐρανοῖς.
1284 3363 1301 3394 ι
1337 3344 1412 3398 Οὐ
1447 3342 1556 3412 γάρ
1578 3343 1635 3394 ὲν
1660 3343 1860 3412 ἀργαῖς

268 3441 535 3512 ῥημάτων
568 3437 882 3501 κολακείαις
907 3441 939 3509 ἡ
967 3439 1173 3501 πίστις,
1204 3436 1319 3490 ἀλλ’
1353 3437 1410 3488 ὲν
1440 3438 1559 3499 ταῖς
1587 3435 1694 3489 τῶν
1722 3434 1862 3504 δρωο

267 3533 446 3602 μένων
476 3531 727 3600 ποιότησι
763 3527 1116 3599 δοκιμάζεται
1145 3545 1158 3558 ο
1203 3528 1298 3581 καὶ
1325 3526 1454 3596 γοῦν
1485 3525 1685 3597 νεκρὰν
1718 3519 1858 3578 εἶναι

262 3624 473 3695 ταύτην
519 3624 581 3676 οὐ
629 3621 1028 3694 παρεπομένων
1080 3621 1190 3675 τῶν
1239 3619 1418 3691 ἔργων
1466 3621 1499 3690 ή
1546 3618 1665 3672 θεία
1710 3619 1858 3680 λέγει

263 3717 477 3786 Γραφή.
503 3716 578 3768 Τὸ
598 3715 695 3784 μὲν
709 3714 817 3784 γὰρ
837 3713 1054 3778 εἰδέναι,
1074 3714 1258 3784 φησιν,
1283 3712 1364 3766 ὅτι
1382 3713 1409 3764 ό
1429 3711 1562 3774 Θεὸς
1587 3707 1667 3773 εἷς
1685 3713 1856 3772 ἐστιν,

259 3807 362 3860 οὑκ
392 3809 452 3860 ὲν
479 3806 737 3869 διανοίαις
763 3805 1132 3876 ἀνθρωπίναις
1165 3805 1471 3874 εὑρήσομεν
1503 3803 1684 3874 μόνον,
1722 3801 1859 3856 ἀλλὰ

260 3901 357 3952 καὶ
381 3902 442 3952 ἐν
469 3901 656 3961 αὐτοῖς
681 3901 796 3962 τοῖς
825 3897 1163 3969 ἀκαθάρτοις
1189 3897 1461 3968 δαίμοσιν,
1502 3895 1538 3951 ἃ
1583 3896 1674 3950 καὶ
1701 3896 1859 3968 φρίτ-

257 4009 345 4044 τει
379 3991 476 4044 καὶ
505 3992 604 4060 οὑχ
633 3991 823 4044 ἑκόντα
866 3991 965 4060 τὴν
1000 3988 1094 4042 τοῦ
1132 3990 1464 4059 ποιήσαντος
1495 3987 1744 4058 δύναμιν.
1785 3987 1858 4040 Τό

259 4100 326 4150 γε
360 4083 468 4152 μὴν
508 4082 804 4153 σύνδρομον
833 4081 1103 4134 ποιεῖσθαι
1143 4083 1209 4150 τῇ
1263 4079 1445 4134 πίστει
1488 4080 1586 4150 τήν
1614 4081 1721 4132 ἀπὸ
1747 4077 1857 4131 τῶν

257 4173 558 4244 δρωμένων
593 4173 946 4245 φαιδρότητα,
981 4173 1165 4244 μόνοις
1193 4171 1262 4226 ἂν
1295 4173 1506 4244 πρέπον
1530 4171 1625 4226 καὶ
1654 4171 1856 4242 ἐλλάμ-

261 4280 364 4316 πον
394 4263 573 4333 ὁρῷτο
617 4267 730 4326 τοῖς
773 4263 989 4335 ἀληθῶς
1034 4262 1292 4332 ἀγαπῶσι
1321 4263 1414 4316 τὸν
1446 4262 1598 4317 Θεόν.
1647 4261 1856 4317 Οὐκοῦν

260 4357 543 4420 ἀπόδειξις
575 4357 677 4426 τῆς
701 4358 924 4428 ἀγάπης
960 4357 1053 4410 καὶ
1096 4355 1432 4419 τελεώτατος
1477 4357 1578 4426 τῆς
1622 4356 1856 4420 πίστεως

260 4449 407 4516 ὅρος,
438 4448 546 4502 τῶν
579 4448 950 4517 εύαγγελικῶν
973 4449 1259 4519 δογμάτων
1285 4449 1318 4518 ή
1357 4449 1589 4518 τήρησις
1625 4448 1720 4500 καὶ
1745 4449 1852 4500 τῶν
1886 4435 1930 4488 Ῑ)

262 4539 425 4592 θείων
473 4540 704 4594 ἐντολῶν
753 4543 785 4611 ή
828 4541 1067 4610 φυλακή.
1122 4540 1234 4593 Καὶ
1286 4539 1523 4609 χαλεπὸν
1577 4539 1674 4609 μὲν
1722 4539 1852 4602 ἴσως

259 4633 416 4685 οὐδὲν
445 4633 610 4705 ἕτερα
645 4633 781 4703 πρὸς
805 4632 1014 4695 τούτοις
1043 4634 1217 4686 εἰπεῖν
1249 4631 1486 4701 συγγενῆ
1513 4647 1631 4696 πως
1659 4629 1849 4701 ἔχοντα

256 4725 360 4792 τὴν
391 4724 652 4788 διάνοιαν,
702 4724 841 4795 πλὴν
890 4725 952 4777 οὐ
989 4725 1085 4778 τοῦ
1134 4723 1401 4796 παρόντος
1444 4719 1595 4794 οἶμαι
1630 4722 1847 4795 καιροῦ.

1971 494 2112 549 bona
2135 496 2442 567 largiatur,
2485 498 2651 554 facile
2678 499 3020 571 perspicies,
3068 513 3193 552 cum
3234 513 3329 566 per
3362 497 3556 552 Isaiam

1972 588 2291 658 prophetam
2327 591 2395 645 ad
2425 607 2522 646 eos
2552 592 2866 661 loquentem
2901 590 3090 644 audies
3133 612 3144 642 :
3193 607 3211 639 ι
3251 587 3444 641 Adhuc
3476 589 3556 641 lo-

1970 689 2171 749 queute
2211 689 2283 746 te,
2317 682 2498 736 dicam
2533 699 2547 735 :
2577 683 2718 749 Quid
2739 691 2824 738 est
2846 682 2932 736 '9?
2965 701 2983 732 ι
3024 681 3090 735 Ει
3129 696 3226 750 per
3255 678 3560 735 PSailtIIislau

1969 788 2159 828 vocem
2188 793 2199 827 :
2242 792 2260 825 ι
2288 772 2445 828 Oculi
2481 775 2694 830 Domini
2729 791 2894 845 super
2919 774 3124 843 justos,
3157 781 3210 826 et
3239 787 3401 825 aures
3435 770 3558 839 ejus

1970 865 2026 920 in
2066 881 2258 934 preces
2282 883 2475 922 eorum
2500 870 2566 922 ⁸⁸.
2607 887 2625 920 ι
2670 869 2965 939 Postquam
2988 882 3118 935 ergo
3149 865 3341 920 statuit
3365 880 3429 917 ac
3463 879 3558 932 pa-

1970 957 2075 1011 lam
2111 969 2165 1012 et
2207 969 2394 1028 aperte
2437 960 2578 1014 dixit
2615 960 2912 1030 diligentes
2966 974 3026 1014 se
3082 959 3138 1011 in
3186 971 3554 1025 supernorum

1967 1049 2240 1104 bonorum
2270 1051 2483 1106 deliciis
2512 1053 2638 1120 jure
2666 1060 2992 1106 versaturos
3021 1090 3035 1112 ,
3087 1065 3208 1119 quae
3238 1065 3336 1119 per
3374 1048 3554 1117 ipsum

1969 1140 2150 1195 danda
2180 1143 2406 1198 veniant
2439 1160 2470 1197 a
2509 1143 2672 1199 Patre
2697 1184 2712 1209 ,
2741 1143 3032 1198 eharitatis
3073 1144 3184 1194 vim
3230 1142 3417 1196 statim
3459 1141 3555 1196 de-

1969 1233 2199 1299 scribit,
2228 1243 2282 1289 et
2309 1250 2418 1304 quo
2451 1244 2612 1306 pacto
2644 1252 2764 1290 eain
2804 1243 2954 1291 recte
3001 1245 3056 1290 et
3087 1234 3372 1302 ineulpate
3404 1232 3554 1286 eola-

1970 1342 2092 1382 mus
2133 1327 2201 1380 ad
2238 1337 2488 1382 nostram
2527 1329 2819 1383 utilitatem
2847 1367 2861 1390 ,
2917 1327 3133 1381 edocet.
3167 1325 3280 1380 Nec
3321 1326 3466 1379 enim
3507 1324 3554 1377 si

1967 1414 2095 1484 quis
2143 1415 2310 1470 Deum
2358 1432 2544 1471 amare
2582 1431 2641 1471 se
2683 1417 2869 1480 dicat,
2909 1417 3140 1470 omnino
3191 1416 3358 1470 etiam
3410 1428 3556 1468 verae

1968 1507 2288 1565 dilectionis
2323 1510 2561 1580 gloriam
2605 1511 2932 1580 reportabit,
2963 1525 3089 1564 cum
3129 1525 3241 1564 non
3280 1509 3336 1562 in
3372 1507 3554 1563 verbis

1969 1599 2135 1656 nudis
2163 1601 2385 1656 virtutis
2422 1601 2568 1656 vires
2597 1602 2942 1666 consistant,
2982 1616 3086 1656 nec
3122 1601 3179 1654 in
3209 1600 3346 1656 solis
3384 1612 3553 1652 voca-

1969 1692 2112 1747 bulis
2138 1693 2360 1762 pietatis
2396 1694 2450 1748 in
2488 1693 2656 1748 Deum
2699 1693 2970 1747 formetur
3009 1693 3204 1758 decus,
3233 1691 3329 1746 sed
3359 1707 3424 1744 ex
3457 1690 3554 1744 bo-

1970 1785 2058 1840 nis
2097 1785 2361 1854 operibus
2411 1793 2462 1840 et
2513 1785 2696 1838 animo
2751 1783 3008 1839 audiendi
3070 1783 3272 1852 cupido
3317 1782 3554 1836 maxime

1968 1876 2337 1946 dignoscitur,
2373 1884 2429 1932 et
2461 1877 2778 1931 divinorum
2810 1874 3198 1932 mandatorum
3233 1872 3554 1928 observatio

1967 1969 2294 2024 cbaritatem
2346 1973 2400 2024 in
2454 1968 2622 2023 Deum
2673 1969 2879 2038 optime
2926 1967 3215 2038 depingit,
3269 1973 3322 2020 ct
3376 1964 3552 2017 vivam

1967 2077 2196 2134 prorsus
2226 2076 2289 2116 ac
2322 2076 2506 2115 veram
2534 2060 2794 2115 virtutem
2833 2059 3092 2123 exhibet,
3129 2074 3240 2112 non
3281 2059 3335 2112 in
3386 2059 3554 2111 nudis

1969 2168 2180 2214 tantum
2223 2156 2420 2226 linguae
2456 2153 2685 2208 vocibus
2719 2151 3142 2215 adumbratam,
3180 2158 3238 2204 ut
3273 2148 3548 2214 diximus,

1967 2248 2063 2305 sed
2095 2247 2261 2302 claris
2296 2245 2462 2301 veluti
2495 2244 2799 2307 coloribus,
2828 2258 3056 2313 operum
3085 2242 3345 2296 nimirum
3368 2241 3554 2310 specie

1966 2341 2322 2395 relucentem.
2358 2336 2421 2390 Et
2444 2335 2668 2406 quidem
2701 2335 2968 2389 Dominus
2993 2331 3362 2389 nosterJesus
3389 2332 3518 2387 Chri
3541 2361 3553 2371 -

1967 2439 2087 2488 stus
2117 2429 2264 2485 istud
2299 2429 2461 2483 nobis
2487 2429 2635 2482 clare.
2658 2426 2960 2482 ostendens
2981 2464 2996 2489 ,
3043 2445 3061 2477 ι
3094 2424 3212 2479 Non
3240 2425 3426 2478 omnis
3457 2422 3552 2492 qui

1966 2529 2104 2584 dicit
2134 2525 2303 2590 mihi,
2343 2523 2610 2587 Domine,
2664 2521 2925 2584 Domine,
2965 2521 3181 2590 inquit,
3230 2519 3459 2574 intrabit
3496 2519 3549 2573 in

1965 2633 2194 2690 regnum
2230 2617 2494 2672 cmloruin
2526 2635 2538 2671 :
2578 2615 2674 2671 sed
2697 2616 2790 2686 qui
2821 2615 2950 2670 facit
3000 2615 3333 2668 voluntatem
3371 2611 3552 2668 Patris

1965 2711 2071 2765 mei
2109 2709 2208 2780 qui
2257 2707 2311 2761 in
2343 2707 2502 2762 emlis
2547 2715 2633 2761 est
2664 2706 2732 2759 ⁸¹.
2772 2724 2790 2756 ι
2833 2701 2943 2759 Nec
2973 2703 3118 2759 enim
3157 2703 3214 2756 in
3245 2701 3402 2756 vanis
3426 2717 3551 2756 ver--

1965 2801 2163 2857 borum
2193 2798 2668 2856 assentationihus
2702 2797 2856 2861 ﬁdes,
2891 2795 2984 2852 sed
3028 2795 3083 2849 in
3113 2794 3383 2849 factorum
3411 2807 3551 2864 qua-

1965 2892 2218 2948 litatibus
2244 2892 2508 2962 probatur
2539 2909 2552 2945 :
2593 2889 2736 2944 unde
2765 2897 3038 2942 mortuam
3078 2888 3220 2940 hanc
3252 2902 3377 2942 esse
3403 2926 3418 2947 .
3443 2885 3550 2940 nisi

1963 3001 2082 3041 eam
2110 3000 2277 3056 opera
2314 2984 2683 3045 comitentur,
2729 2983 2914 3036 divina
2954 2982 3244 3050 Scriptura
3293 2980 3454 3034 docet
3483 2983 3548 3034 ⁸³.

1887 3099 1930 3158 C
1967 3078 2122 3133 Scire
2151 3077 2318 3143 enim,
2344 3077 2544 3146 inquit,
2575 3073 2722 3144 quod
2758 3088 2904 3128 unus
2939 3075 3077 3128 licus
3109 3073 3206 3136 sit,
3244 3087 3355 3126 non
3391 3087 3548 3126 men-

1965 3172 2034 3228 tis
2063 3172 2333 3226 duntaxat
2377 3171 2630 3224 humanae
2678 3183 2802 3223 esse
2849 3167 3299 3236 comperiemus,
3356 3164 3450 3220 sed
3495 3171 3552 3218 et

1962 3264 2305 3333 impurorum
2339 3261 2646 3316 daemonum
2670 3299 2685 3323 ,
2727 3259 2820 3328 qui
2867 3259 3029 3312 etiam
3075 3257 3233 3310 inviti
3263 3256 3550 3312 Creatoris

1961 3353 2220 3406 virtutem
2254 3353 2690 3419 perhorrescunt
2714 3349 2781 3402 ⁸³.
2819 3347 2922 3401 Sed
2949 3347 3279 3400 eharitatem
3316 3361 3546 3416 Operum

1962 3460 2087 3499 cum
2117 3444 2221 3498 lide
2249 3442 2621 3512 conjungere,
2657 3440 2725 3496 iis
2757 3446 2970 3492 tantum
3005 3436 3266 3507 congruit
3299 3436 3392 3506 qui
3422 3450 3550 3490 vere

1960 3538 2196 3609 diligunt
2226 3536 2420 3592 Deum.
2451 3533 2724 3600 Quocirca
2751 3530 3154 3586 demonstratio
3177 3527 3468 3583 charitatis
3495 3535 3550 3581 et

1961 3630 2366 3706 perfectissima
2402 3627 2546 3682 ratio
2592 3624 2716 3679 ﬁdei
2743 3633 2830 3680 est
2845 3624 3294 3693 evangelicorum
3323 3621 3550 3692 dogma-

1961 3735 2074 3780 tum
2105 3723 2274 3794 808
2311 3721 2733 3788 divinorumque
2768 3727 3169 3787 praeceptorum
3210 3713 3546 3770 observatio.

1958 3817 2076 3871 Non
2109 3823 2258 3870 esset
2282 3811 2500 3866 dillicile
2535 3812 2642 3864 alia
2676 3810 2761 3864 his
2794 3808 2975 3862 allinia
3023 3807 3306 3876 proferre,
3351 3803 3447 3859 sed
3483 3819 3546 3858 ea

1959 3907 2228 3978 temporis
2257 3905 2424 3973 hujus
2455 3918 2578 3960 esse
2609 3917 2716 3955 non
2749 3901 3012 3954 arbitror.
3054 3897 3266 3952 Idcirco
3301 3895 3545 3951 eundum

1959 4013 2154 4056 rursus
2209 3997 2276 4051 ad
2320 4011 2386 4050 ea
2431 4009 2553 4064 quae
2606 3991 2893 4063 proposito
2947 3998 3138 4044 nostro
3190 3989 3368 4058 magis
3413 4002 3547 4042 eon-

1960 4097 2164 4162 gruunt
2200 4107 2213 4142 :
2258 4105 2276 4137 ι
2309 4085 2368 4141 Si
2407 4083 2642 4156 diligitis
2691 4098 2778 4137 me
2803 4125 2817 4144 ,
2851 4077 3084 4150 inquit,
3129 4079 3388 4132 mandata
3428 4093 3546 4132 mea

1959 4192 2195 4240 servate.
2231 4199 2249 4232 ι
2290 4177 2684 4232 Animadverte
2713 4174 2863 4228 enim
2910 4187 3109 4227 rursus
3151 4178 3205 4225 et
3253 4171 3307 4223 in
3339 4185 3547 4224 memo-

1959 4276 2100 4330 riam
2129 4287 2328 4328 revoca
2359 4269 2507 4341 quod
2538 4285 2662 4324 cum
2693 4283 2838 4336 saepe
2867 4281 3000 4320 suos
3029 4263 3336 4332 discipulos
3363 4262 3545 4331 ipsos-

1959 4382 2066 4436 que
2091 4365 2312 4419 Iudaeos
2334 4363 2733 4431 alloqueretur,
2765 4357 2945 4411 aiebat
2975 4373 2988 4408 :
3034 4375 3052 4407 ι
3087 4353 3265 4409 Verba
3297 4367 3421 4423 quae
3448 4367 3547 4422 ego

1959 4460 2178 4527 loquor,
2219 4471 2328 4508 non
2352 4461 2482 4508 sunt
2514 4465 2631 4505 mea
2657 4490 2672 4512 ,
2709 4449 2805 4504 sed
2835 4448 2958 4516 ejus
2993 4449 3089 4518 qui
3119 4449 3269 4502 misit
3308 4461 3396 4500 me
3422 4445 3488 4498 ⁸⁸.
3523 4464 3542 4496 ι

1955 4548 2023 4603 Ει
2053 4562 2252 4603 rursus
2279 4565 2292 4600 ε
2344 4565 2362 4597 ι
2403 4547 2474 4598 Ex
2512 4543 2725 4613 meipso
2751 4556 2858 4596 non
2887 4541 3110 4610 loquor,
3141 4541 3233 4594 sed
3269 4540 3364 4609 qui
3397 4537 3549 4594 misit

1953 4658 2042 4698 me
2072 4641 2251 4704 Pater,
2289 4642 2408 4710 ipse
2457 4637 2589 4692 mihi
2626 4637 2946 4691 mandatum
2989 4635 3142 4689 dedit
3179 4633 3310 4702 quid
3359 4631 3545 4686 dicam

1952 4745 2008 4789 et
2035 4735 2164 4802 quid
2213 4734 2406 4802 loquar
2431 4729 2532 4784 ⁸⁸.»
2574 4727 2732 4782 Nunc
2783 4739 2990 4790 autem,
3025 4727 3152 4781 licet
3202 4724 3298 4780 Dei
3345 4740 3407 4778 ac
3440 4724 3546 4778 Pa—

252 4817 353 4868 Διὸ
387 4815 454 4887 δή
495 4815 662 4869 πάλιν
709 4817 848 4870 ἰτέον
895 4817 988 4869 ἐπὶ
1029 4816 1098 4869 τά
1131 4819 1242 4880 τοῖς
1289 4815 1674 4888 προκειμένοις
1715 4817 1850 4886 ἡμῖν

1961 4826 2053 4881 Lris
2109 4836 2511 4892 usquequaque
2561 4820 2726 4875 verba
2785 4833 2913 4875 esse
2963 4819 3165 4872 dixerit
3199 4831 3262 4870 ea
3316 4831 3436 4885 quae
3478 4816 3544 4868 ad
3611 4817 3616 4821 ’

253 4909 690 4980 πρεπωδέστερα
716 4925 730 4940 ⁸
769 4927 788 4959 ι
828 4909 952 4962 Ἑάν
981 4909 1229 4977 ἀγαπᾶτέ
1263 4927 1350 4980 με,
1395 4909 1550 4979 φησὶ,
1579 4908 1680 4972 τὰς
1704 4909 1854 4962 ἐντο⁹

244 5003 358 5064 λὰς
395 5019 499 5070 μου
533 5004 821 5072 τηρήσετε.
854 5021 873 5053 ι
936 5001 1100 5064 Σύνες
1146 5001 1254 5071 γὰρ
1305 5001 1368 5072 δὴ
1404 4999 1565 5055 πάλιν
1607 5001 1701 5054 καὶ
1739 5001 1852 5054 δια-

247 5095 517 5162 μέμνησο
565 5091 746 5155 καλῶς
788 5094 870 5146 ὅτι
905 5093 1164 5156 πολλάκις
1198 5096 1309 5157 τοῖς
1341 5092 1538 5146 ἑαυτοῦ
1583 5092 1852 5163 μαθηταῖς

241 5181 786 5253 προσδιαλεγόμενος
855 5184 886 5254 ἢ
956 5184 1050 5236 καὶ
1125 5184 1311 5246 αὐτοῖς
1392 5187 1504 5248 τοῖς
1577 5183 1851 5248 Ἰουδαίοις

236 5275 472 5340 ἔφασκε
499 5291 512 5303 ·
551 5294 568 5326 ι
600 5275 678 5328 Τά
709 5277 930 5346 ῥήματα
962 5275 998 5329 ἀ
1026 5274 1138 5343 ἐγὼ
1169 5276 1336 5339 λαλῶ,
1384 5277 1485 5330 οὐκ
1523 5276 1671 5330 ἔστιν
1716 5277 1847 5348 ὲμά,

236 5363 401 5417 ἀλλά
459 5365 553 5417 τοῦ
614 5365 930 5436 πέμψαντός
997 5383 1082 5434 με.
1124 5388 1141 5418 ι
1205 5367 1315 5420 Kal
1382 5367 1584 5422 πάλιν·
1658 5387 1676 5419 ι
1727 5369 1848 5421 Ἀπ’

236 5455 506 5525 ἐμαυτοῦ
555 5458 616 5509 ού
667 5457 835 5519 λαλῶ,
879 5457 996 5510 ἀλλ’
1041 5459 1069 5511 6
1116 5459 1339 5527 πέμψας
1394 5476 1460 5527 με
1498 5458 1716 5528 Πατὴρ,
1752 5461 1848 5512 αὖ·

233 5546 351 5609 τός
408 5564 503 5616 μοι
534 5548 754 5620 ἐντολὴν
781 5548 978 5602 δέδωκε
1045 5548 1097 5602 τί
1157 5551 1293 5604 εἴπω
1342 5553 1436 5602 καὶ
1491 5551 1542 5602 τί
1602 5549 1841 5620 λαλήσω.

333 5660 509 5716 ³⁸1ςει,
539 5677 661 5724 ιιιν,
702 5661 793 5716 25.

246 5733 298 5764 “
338 5730 503 5788 10am.
555 5749 654 5800 xit,
695 5733 782 5787 49.

871 5664 914 5694 ⁸ο
948 5663 1088 5719 l’sai.
1129 5681 1319 5728 χχχιιι,
1360 5665 1438 5718 16.

1524 5666 1563 5696 ⁸*
1601 5664 1790 5721 Matth.
1828 5686 1922 5739 vn,
1954 5672 2042 5726 2|.

1958 4933 2062 4973 nos
2093 4915 2252 4977 fecit,
2287 4930 2386 4969 sua
2414 4923 2598 4967 tamen
2632 4920 2907 4982 praecepta
2943 4929 3067 4968 esse
3097 4913 3174 4965 ait
3202 4924 3546 4979 quaecunque

1957 5007 2121 5062 nobis
2145 5006 2362 5060 locutus
2381 5013 2464 5057 est
2492 5019 2505 5056 :
2552 5017 2730 5071 neque
2756 5017 2886 5056 vero
2905 5003 3199 5072 quisquam
3227 5014 3372 5053 sanae
3396 5012 3546 5051 men-

1956 5103 2028 5153 tis
2071 5112 2198 5152 eum
2245 5095 2380 5150 falsa
2421 5094 2568 5162 loqui
2613 5094 2848 5161 putabit.
2895 5093 3008 5150 Nec
3043 5094 3188 5148 enim
3221 5089 3544 5144 Christiano

1957 5188 2090 5245 illud
2125 5202 2364 5256 unquam
2411 5185 2678 5248 subierit;
2713 5186 2810 5240 sed
2848 5201 2972 5239 vere
3005 5183 3272 5252 loquitur,
3305 5180 3544 5236 maxime

1956 5297 2084 5336 cum
2117 5290 2171 5336 et
2210 5280 2328 5348 ipse
2365 5278 2568 5333 veritas
2601 5278 2693 5330 sit.
2729 5276 2844 5331 Non
2879 5276 3021 5330 enim
3061 5281 3120 5329 ut
3151 5273 3542 5344 prophetarum

1957 5388 2102 5427 unus
2149 5369 2389 5424 ministri
2445 5379 2538 5424 aut
2573 5368 2760 5422 l'anmli
2835 5367 2954 5422 loco
2987 5382 3295 5421 sermonem
3329 5366 3486 5422 nobis
3514 5384 3543 5420 a

1957 5463 2120 5518 Patre
2161 5461 2360 5516 detulit
2386 5502 2399 5523 ,
2455 5460 2551 5515 sed
2590 5459 2774 5528 utqui
2813 5475 2940 5514 cum
2981 5461 3102 5531 ipso
3139 5470 3344 5515 tantam
3379 5460 3546 5514 habet

1957 5555 2400 5617 similitudinem,
2429 5563 2487 5608 ut
2521 5570 2589 5610 ne
2628 5553 2796 5607 verbo
2818 5553 3037 5624 quidem
3072 5554 3390 5622 discrepare
3420 5567 3540 5605 cer-

2121 5675 2164 5704 ⁸¹
2201 5669 2315 5726 Jac.
2355 5686 2416 5736 ιι,
2455 5668 2544 5723 20.
2629 5669 2672 5700 ⁸³
2699 5668 2837 5724 ibid.
2875 5669 2958 5724 19.
3039 5669 3081 5699 ⁸⁸
3115 5668 3276 5723 ρΙοιιιι.
3309 5680 3417 5727 xn',
3457 5664 3538 5716 l0.
