4042 6204
491 284 601 342 255
687 312 693 318 ·
1531 282 1589 339 S.
1629 281 1904 339 CYRILLI
1932 281 2409 338 ALEXANDRINI
2445 281 2763 338 ARClliEP.
3649 283 3757 342 256

489 414 657 461 natur
683 446 699 472 ,
742 403 838 461 sed
868 404 940 458 ita
969 414 1162 460 natura
1193 403 1453 474 loquatur
1479 405 1625 459 sicut
1662 412 1719 459 et
1756 404 1874 474 ipse
1910 402 2072 459 Pater

2174 405 2311 459 Νυνὶ
2338 406 2395 459 δέ
2440 405 2507 476 δὴ
2538 404 2723 465 πάλιν,
2756 402 2930 456 καίτοι
2959 401 3051 455 τοῦ
3095 402 3231 458 Θεοῦ
3269 402 3362 456 καὶ
3391 399 3603 475 Πατρδς
3641 402 3755 456 ἄνω

493 500 755 569 loquitur.
786 498 1052 552 ldentitas
1075 497 1278 567 quippe
1311 494 1638 550 substantiae
1668 509 1771 551 nos
1801 494 1973 565 adigit
2011 502 2073 549 ut

2177 513 2237 551 τε
2282 498 2376 550 καὶ
2407 497 2561 551 κάτω
2603 497 2731 559 τοὺς
2774 495 2968 564 λόγους
3011 492 3151 547 εἶναι
3196 492 3618 566 διωμολογηκὼς
3660 493 3753 556 οῦς

490 588 784 643 credamus
810 586 998 643 eadem
1035 586 1183 656 loqui
1217 601 1346 640 cum
1370 583 1631 639 Genitore
1670 582 1897 639 Filium.
1930 582 2069 638 Cum

2176 589 2470 659 ἐποιήσατο
2519 588 2656 659 πρὸς
2706 590 2881 658 ἡμᾶς,
2934 587 3070 648 ίδίας
3116 586 3342 648 ἐντολάς
3392 580 3531 638 εἷναί
3587 603 3753 656 φησιν

489 689 669 735 autem
712 678 785 735 sit
827 679 945 750 ipse
985 676 1223 733 Verbum
1257 686 1311 733 et
1343 675 1626 746 Sapientia
1661 689 1728 730 ac
1759 674 1854 730 Dei
1886 673 2070 730 Patris

2177 678 2319 749 ἅπερ
2346 680 2480 749 ήμῖν
2509 676 2775 748 λελάληκε
2798 696 2811 709 ·
2861 678 2955 731 καὶ⁵
2978 679 3040 731 οὐ
3072 678 3136 748 δή
3172 695 3255 738 τις
3284 676 3445 730 αὑτὸν
3470 676 3596 729 νοῦν
3617 678 3753 747 ἔχων

490 772 771 835 voluntas,
802 770 878 824 ait
909 785 971 826 se
1002 769 1321 824 mandatum
1357 768 1639 837 accepisse
1670 767 1804 837 quid
1837 766 1983 823 dicat
2014 777 2070 824 et

2176 760 2419 841 οἰήσεται
2459 768 2839 840 ψευδομυθεῖν.
2882 769 2973 840 Μή
3014 770 3124 840 γὰρ
3151 767 3384 822 εἰσέλθοι
3425 766 3583 821 τοῦτο
3618 769 3750 839 Χρι-

488 863 620 929 quid
669 863 948 932 loquatur.
989 860 1126 915 Nam
1177 868 1230 915 et
1275 873 1379 914 nos
1418 858 1521 929 ipsi
1555 866 1802 937 nostram
1831 859 2069 930 quisque

2176 858 2388 911 στιανόν
2413 874 2427 888 ⁸
2489 857 2779 930 ἀληθεύσει
2833 857 2891 911 δέ
2940 857 3136 915 πάλιν.
3196 857 3292 910 ἆτε
3338 854 3403 926 δὴ
3452 856 3546 908 καὶ
3589 854 3751 919 αὐτὸς

489 965 725 1011 mentem
748 994 764 1018 ,
804 954 977 1009 verbo
1015 953 1360 1007 cnuntiativo
1395 951 1542 1007 foras
1575 950 1909 1020 erumpenti,
1941 965 2070 1020 pro-

2175 950 2437 1021 ὑπάρχων
2454 953 2491 1022 ή
2517 950 2762 1022 ἀλήθεια.
2795 951 2871 1004 υῦ
2901 952 3007 1021 γὰρ
3041 950 3164 1003 καθ’
3191 949 3290 1002 ἕνα
3316 947 3425 1001 τῶν
3457 948 3751 1019 προφητῶν

488 1046 781 1115 pemodum
810 1046 1006 1115 jubere
1036 1045 1287 1100 videmus
1319 1052 1380 1097 ut
1406 1058 1529 1114 quae
1556 1042 1612 1097 in
1640 1057 1704 1097 ea
1734 1049 1866 1097 sunt
1893 1042 2068 1111 expli-

2171 1042 2247 1105 ὼς
2278 1044 2335 1095 ἐν
2360 1043 2609 1096 διακόνου
2631 1044 2783 1109 τάξει
2810 1045 2905 1097 καὶ
2937 1043 3212 1113 ὑπηρέτου
3236 1042 3328 1096 τὸν
3356 1041 3507 1113 παρά
3537 1040 3747 1110 “arpi;

490 1145 597 1191 cet.
629 1136 960 1207 Quanquam
1011 1137 1202 1206 jejuna
1253 1135 1476 1205 quidem
1523 1143 1610 1189 est
1654 1134 1801 1189 illius
1829 1133 2068 1202 exempli

2173 1135 2305 1204 ήμῖν
2346 1134 2739 1205 διεπόρθμευσε
2765 1135 2946 1204 λόγον,
2981 1135 3095 1188 ἀλλ’
3135 1134 3210 1197 ὡς
3238 1133 3395 1205 ἔχων
3426 1132 3561 1203 πρὸς
3588 1131 3751 1185 αὐτὸν

488 1229 573 1282 vis
597 1236 651 1281 et
674 1228 814 1283 ratio
842 1227 909 1282 ad
934 1227 1101 1283 Deum
1135 1229 1341 1283 relata:
1371 1234 1746 1281 verumtamen
1774 1225 2070 1296 imaginem

2170 1226 2270 1295 τὴν
2317 1226 2617 1296 ἐμφέρειαν
2666 1228 2742 1289 ὡς
2792 1227 2931 1297 μηδέ
2974 1226 3118 1296 λόγῳ
3165 1227 3323 1297 τυχὸν
3368 1226 3597 1297 ὁρᾶσθαι
3641 1226 3753 1280 διά-

489 1334 519 1372 a
554 1320 711 1375 nobis
735 1321 800 1374 ad
818 1302 1359 1376 demonstrationem
1388 1334 1580 1373 eorum
1612 1333 1734 1388 quae
1762 1332 1933 1388 supra
1966 1332 2070 1373 nos

2170 1333 2357 1387 φορον,
2400 1319 2514 1371 ἀλλ’
2547 1316 2690 1372 οῦτω
2734 1319 3037 1388 πεφυκέναι
3085 1319 3291 1375 λαλεῖν.
3316 1318 3505 1387 ὥσπερ
3545 1317 3610 1370 ἂν
3660 1317 3754 1370 καὶ

489 1417 618 1463 sunt
648 1412 929 1480 capientes
949 1452 962 1473 ,
996 1419 1254 1479 tanquam
1282 1410 1336 1464 in
1365 1410 1590 1479 speculo
1621 1418 1677 1464 et
1712 1410 1765 1463 in
1800 1409 2068 1479 aenigma-

2167 1407 2330 1465 αὐτὸς
2357 1408 2386 1460 δ
2419 1408 2607 1479 Πατὴρ
2654 1409 2816 1480 τυχὸν
2865 1409 3188 1478 διαλέγοιτο,
3248 1409 3323 1462 Τὸ
3353 1409 3462 1479 γὰρ
3507 1408 3756 1475 ἀπαραλ-

488 1506 540 1553 te
570 1501 614 1533 “
635 1540 650 1563 ,
692 1501 877 1555 divina
904 1500 1168 1570 mysteria
1202 1500 1390 1553 animo
1424 1498 1968 1566 comprehendimus.

2168 1498 2366 1552 λακτον
2408 1500 2509 1567 τῆς
2550 1501 2738 1566 οὐσίας
2785 1503 2881 1555 καὶ
2935 1502 3284 1571 ταυτολογεῖν
3342 1501 3628 1556 ἀναπείθει
3677 1500 3756 1571 τῷ

486 1592 806 1661 γεννήσαντι
855 1590 947 1644 τὸν
997 1590 1143 1645 Υίόν.
1203 1590 1292 1654 Ὠς
1338 1590 1395 1644 δὲ
1436 1589 1607 1657 Λόγος
1653 1587 1728 1642 ὢν
1762 1590 1926 1653 αὐτὸς
1971 1589 2065 1643 καὶ
2105 1591 2270 1660 σοφία
2314 1591 2408 1645 καὶ
2451 1592 2704 1665 βούλησις
2749 1593 2845 1647 τοῦ
2877 1593 3014 1646 Θεοῦ
3042 1594 3139 1647 καὶ⁵
3209 1593 3445 1664 Πατρδς,
3512 1591 3761 1661 δεδέχθαι

485 1687 650 1754 φησιν
697 1685 914 1756 ἐντολὴν
968 1686 1021 1738 τί
1064 1685 1195 1759 εἴπῃ
1240 1687 1335 1739 καὶ
1378 1684 1431 1738 τί
1474 1684 1718 1755 λαλήσει.
1782 1684 1935 1737 Ἐπεὶ
1971 1686 2066 1738 κα)⁵
2104 1688 2264 1757 ἡμεῖς
2294 1687 2447 1740 αὐτοὶ
2478 1688 2569 1741 τὸν
2594 1689 2794 1741 οίκεῖον
2823 1688 3047 1742 ἕκαστοι
3074 1685 3221 1747 νοῦν,
3287 1686 3366 1756 τῷ
3414 1684 3555 1739 κατά
3620 1701 3756 1755 προσ

485 1781 657 1849 φορὰν
684 1781 784 1851 τὴν
823 1780 909 1833 διὰ
944 1780 1203 1851 ῥημάτων
1232 1780 1397 1850 λόγῳ,
1433 1780 1714 1850 μονονουχὶ
1752 1780 1845 1832 καὶ
1888 1781 2264 1851 ἐντελλόμενον
2296 1781 2565 1852 βλέπομεν
2608 1781 2746 1855 πρὸς
2814 1782 2870 1835 τὸ
2937 1780 3038 1847 ἔξω
3103 1780 3366 1851 βαδίζοντι
3439 1775 3767 1848 διερμηνεῦ·

485 1889 573 1925 σαι
601 1873 668 1927 τά
694 1875 753 1927 ἐν
784 1876 951 1945 αὐτῷ.
989 1876 1105 1928 Καὶ
1137 1876 1308 1947 μικρᾷ
1339 1874 1451 1947 [γρ.
1488 1875 1683 1948 μικρὰ]
1716 1876 1813 1946 μὲν
1835 1876 1910 1940 ὡς
1972 1877 2109 1949 πρὸς
2130 1877 2277 1930 ’Θεὸν
2341 1880 2374 1948 ή
2407 1879 2501 1931 τοῦ
2548 1878 2992 1951 παραδείγματος
3021 1877 3268 1947 δύναμις,
3308 1875 3490 1951 εἰκόνα
3526 1873 3582 1928 δὲ
3610 1874 3761 1942 ὅμως

480 1968 578 2035 τὴν
627 1969 684 2021 ἐν
732 1970 843 2031 τοῖς
898 1967 1019 2021 καθ’
1068 1969 1236 2038 ἡμᾶς,
1287 1970 1368 2031 είς
1409 1968 1508 2040 τὴν
1555 1969 1665 2022 τῶν
1706 1970 1847 2040 ὑπὲρ
1895 1968 2070 2022 ταῦτα
2111 1968 2484 2041 πληροφορίαν
2517 1970 2820 2041 δεχόμενοι,
2865 1968 3117 2041 καθάπερ
3145 1969 3205 2022 ἐν
3233 1968 3481 2039 ἐσόπτρῳ
3544 1967 3642 2021 καὶ
3701 1965 3766 2023 ὲν

479 2059 781 2128 αἰνίγματι,
810 2059 880 2112 τὰ
904 2059 1025 2113 θεῖα
1049 2058 1280 2130 νοοῦμεν
1316 2063 1612 2133 μυστήρια.

549 2149 689 2214 XIV,
717 2150 805 2217 16,
840 2153 923 2207 l7.
970 2151 1035 2204 Et
1064 2169 1157 2222 ego
1185 2154 1379 2222 rogabo
1408 2152 1647 2217 Patrem,
1678 2163 1728 2208 et
1757 2155 1921 2209 alium
1954 2154 2053 2208 Pa—
2087 2161 2129 2219 Β

2226 2154 2399 2227 Κάγὼ
2454 2149 2731 2221 ἐρωτήσω
2762 2151 2872 2206 τὸν
2921 2149 3175 2219 Πατέρα,
3208 2149 3308 2203 καί
3339 2150 3536 2205 ἄλλον
3555 2152 3760 2218 Παρὰ-

478 2243 733 2296 racletum
762 2244 914 2297 dabit
955 2244 1133 2308 vobis,
1169 2254 1226 2299 ut
1267 2257 1479 2299 ntaueat
1512 2245 1777 2300 vobiscum
1816 2248 1871 2300 in
1904 2257 2060 2301 mter-

2169 2255 2390 2319 κλητον
2439 2245 2620 2300 δώσει
2668 2242 2810 2311 ὑμῖν
2839 2283 2855 2306 ,
2884 2243 2986 2295 ἵνα
3028 2236 3069 2313 ᾖ
3101 2242 3230 2311 μεθ’
3287 2240 3452 2311 ὑμῶν
3505 2245 3594 2308 εις
3652 2244 3765 2298 τὸν

476 2350 633 2394 mtm,
668 2332 928 2403 Spiritum
966 2337 1226 2401 veritatis,
1265 2353 1418 2406 quem
1461 2337 1690 2391 mundus
1740 2354 1844 2391 non
1890 2348 2059 2404 potest

2167 2343 2367 2404 αἰῶνα,
2402 2338 2469 2393 τὸ
2503 2336 2746 2405 Πνεῦμα
2792 2333 2904 2401 τῆς
2953 2334 3240 2400 ἀληθείας
3270 2332 3301 2387 ὃ
3336 2334 3367 2388 ὁ
3409 2335 3639 2403 κόσμος
3685 2337 3763 2390 οὐ

476 2428 729 2496 πείρετε,
752 2429 877 2497 quia
901 2445 1003 2482 non
1029 2428 1164 2482 videt
1190 2444 1332 2491 eum,
1361 2445 1452 2481 nec
1474 2430 1571 2482 scit
1599 2445 1750 2483 cum:
1771 2446 1856 2484 vos
1884 2441 2061 2483 autem

2166 2434 2410 2487 δύναται
2438 2428 2665 2490 λαϐεῖν,
2683 2426 2771 2480 ὅτι
2808 2428 2880 2479 οὐ
2906 2424 3111 2493 θεωρεῖ
3143 2425 3289 2478 αὐτό
3316 2424 3457 2478 οὐδὲ
3480 2424 3762 2493 γινώσκει

475 2522 787 2589 cognoscitis
814 2538 933 2575 eum
953 2565 967 2588 ,
1003 2522 1129 2591 quia
1164 2520 1305 2590 apud
1330 2538 1420 2575 vos
1453 2521 1719 2586 manebit,
1752 2533 1801 2575 et
1831 2524 1887 2575 in
1918 2524 2060 2576 vobis

2161 2525 2310 2578 αὑτό
2334 2540 2348 2555 ·
2401 2521 2569 2591 ὑμεῖς
2599 2519 2667 2572 δὲ
2711 2517 3032 2589 γινώσκετε
3082 2516 3251 2580 αὐτὸ,
3283 2516 3371 2571 ὅτι
3416 2518 3563 2585 παρ’
3602 2517 3752 2586 ὑμῖν

473 2613 597 2665 9m-
2157 2620 2348 2688 μένει,
2381 2614 2480 2670 καὶ
2513 2614 2582 2666 ἐν
2613 2610 2757 2681 ὑμῖν
2784 2610 2975 2664 ἔσται.
3546 2638 3555 2643 ~
3646 2625 3659 2633 ‘

547 2698 739 2754 Miscet
776 2715 971 2755 rursus
1000 2702 1193 2756 divino
1229 2701 1533 2756 humanum
1560 2742 1574 2761 ,
1623 2718 1725 2757 nec
1760 2704 1825 2756 ad
1866 2718 2059 2772 puram

2248 2707 2563 2778 Ἀναμίσγει
2607 2703 2768 2758 πάλιν
2812 2702 2888 2772 τῷ
2937 2701 3234 2770 θεοπρεπεῖ
3275 2702 3337 2754 τὺ
3395 2700 3760 2772 ἀνθρώπινον,

477 2791 699 2846 deitatis
730 2792 962 2859 gloriam
1002 2793 1319 2858 revertitur,
1358 2808 1537 2862 neque
1568 2794 1711 2846 intra
1748 2795 2059 2847 humanita-

2164 2801 2254 2855 καὶ
2280 2798 2403 2852 οὔτε
2428 2797 2563 2868 πρὸς
2595 2797 2832 2867 ἄκρατον
2870 2796 3138 2864 ἀναφοιτᾷ
3164 2795 3264 2865 τῆς
3291 2793 3542 2865 θεότητος
3573 2795 3760 2861 δόξαν,

474 2882 548 2936 tis
597 2882 820 2934 modum
871 2898 1102 2951 prorsus
1140 2891 1423 2948 versatur,
1472 2883 1566 2938 sed
1624 2898 1721 2952 per
1767 2891 2063 2952 utrumque

2169 2892 2285 2947 οὒτε
2324 2890 2428 2962 μὴν
2461 2889 2771 2959 ὁλοκλήρως
2806 2890 2919 2949 τοῖς
2952 2888 3053 2957 τῆς
3097 2887 3514 2959 ἀνθρωπότητος
3538 2888 3765 2959 μῖἐτροις

474 2979 640 3029 meat,
664 2970 832 3041 809
860 2972 1188 3027 mirabiliter
1220 2973 1386 3027 simul
1406 2980 1459 3027 et
1488 2973 1716 3036 mislim,
1752 2974 1879 3043 quia
1906 2973 2064 3028 nimi-

2167 2983 2549 3052 ἐμφιλοχωρεῖ,
2596 2979 2814 3049 ἔρχεται
2863 2978 2920 3031 δὲ
2958 2978 3026 3031 δι’
3072 2979 3308 3047 ἀμφοῖν,
3351 2977 3669 3050 παραδόξως
3696 2996 3763 3032 τε

476 3074 596 3112 rum
642 3060 785 3114 idem
834 3069 917 3116 est
953 3059 1095 3117 Deus
1130 3070 1182 3116 et
1222 3062 1404 3116 homo.
1441 3063 1653 3133 Quippe
1685 3070 1880 3117 natura
1917 3065 2060 3121 Deus

2167 3068 2278 3139 ἅμα
2303 3068 2397 3121 καὶ
2426 3066 2806 3137 κεκραμένως,
2829 3066 3062 3137 ἐπείπερ
3082 3067 3230 3120 ἐστὶν
3259 3068 3317 3121 ἐν
3333 3067 3513 3139 ταυτῷ
3541 3068 3673 3132 Θεός
3696 3086 3763 3121 τε

474 3157 600 3214 est,
640 3158 916 3220 quatenus
958 3167 1022 3207 ex
1072 3152 1232 3206 Patre
1278 3151 1495 3208 fructus
1536 3165 1589 3208 et
1630 3155 1892 3224 splendor
1936 3156 2061 3212 Stib-

2169 3162 2257 3215 καὶ
2292 3160 2600 3231 ἄνθρωπος.
2631 3159 2765 3223 Θεὸς
2819 3158 2917 3229 μὲν
2945 3157 3057 3228 γὰρ
3081 3154 3151 3231 ἦν
3194 3162 3260 3231 τῇ
3292 3158 3475 3228 φύσει,
3507 3160 3765 3231 καθόπερ

366 3316 369 3323 ι
476 3242 696 3297 stantia».
736 3242 862 3312 ejus
908 3251 1040 3298 est:
1085 3244 1251 3299 homo
1301 3254 1483 3318 autern
1519 3260 1749 3309 rursus,
1786 3256 1962 3317 quate:

2160 3256 2225 3308 ἐκ
2254 3253 2465 3323 Πατρδς
2497 3252 2708 3324 καρπδς
2738 3251 2832 3305 καὶ
2859 3251 3203 3321 ἀπαύγασμα
3230 3253 3329 3318 τῆς
3355 3252 3542 3316 οὐσίας
3561 3253 3755 3306 αὐτοῦ·

477 3332 655 3388 iactus
687 3340 773 3389 est
805 3349 957 3389 caro.
1011 3335 1285 3405 Loquitur
1330 3352 1464 3407 ergo
1508 3345 1570 3391 ut
1615 3337 1760 3392 Deus
1802 3340 1967 3394 simul
2005 3348 2062 3394 et

2166 3346 2445 3418 ἄνθρωπος
2468 3346 2527 3399 δὲ
2570 3346 2765 3412 πάλιν,
2794 3345 2932 3400 καθὸ
2987 3346 3178 3415 γέγονε
3232 3345 3387 3418 σάρξ.
3435 3348 3602 3401 Λαλεῖ
3642 3365 3762 3401 τοι-

475 3426 683 3480 homo:
731 3428 814 3482 sic
857 3427 1005 3481 enim
1058 3429 1162 3484 rite
1208 3444 1432 3484 servare
1482 3430 1611 3486 licet
1652 3430 2056 3501 dispensationi

2166 3436 2364 3507 γαροῦν
2388 3438 2464 3501 ὡς
2492 3436 2626 3501 Θεός
2646 3454 2704 3490 τε
2735 3436 2871 3508 ὁμοῦ
2903 3436 2996 3490 καὶ
3021 3438 3308 3508 ἄνθρωπος
3330 3457 3343 3471 ο
3366 3438 3514 3493 οῦτω
3542 3440 3652 3512 γὰρ
3682 3436 3762 3512 ἦν

474 3532 600 3572 cum
652 3532 821 3572 carne
867 3520 1265 3577 convenientes
1312 3521 1582 3576 rationes.
1628 3520 2054 3589 Verumtamen,

2164 3500 2395 3599 τηρῆσαι
2436 3500 2619 3593 καλῶς
2638 3530 2703 3601 τῇ
2735 3500 2875 3599 μετά
2910 3500 3440 3605 σαρκὸς-οἰκονομίᾳ
3462 3500 3588 3599 τοὺς
3614 3500 3760 3605 ἔτρέ-

474 3609 577 3662 loci
614 3610 883 3679 propositi
927 3625 1153 3665 sensum
1192 3613 1572 3681 inquirentcs,
1604 3613 1839 3700 dici‘mus
1874 3613 2060 3668 Domi-

2166 3637 2359 3684 ποντας
2390 3619 2602 3688 λόγους.
2632 3620 2779 3693 Πλὴν
2810 3622 2985 3675 ἐκεῖνό
3018 3639 3219 3691 φαμεν,
3256 3623 3352 3692 τήν
3408 3622 3505 3677 τοῦ
3538 3642 3762 3695 προκει-

472 3715 604 3753 num
636 3707 891 3755 nostrum
937 3701 1029 3756 Dei
1080 3717 1144 3756 ac
1195 3702 1378 3757 Patris
1432 3707 1753 3760 necessario
1804 3706 2059 3761 intulisse

2166 3712 2323 3782 μένου
2368 3711 2753 3783 διερευνῶντες
2796 3711 3060 3784 δύναμιν,
3100 3715 3182 3767 ὅτι
3228 3715 3325 3768 καὶ
3362 3714 3507 3770 νῦνό
3546 3718 3762 3788 Κύριος

472 3790 829 3853 mentionem,
872 3791 928 3844 in
955 3790 1378 3847 aediﬁcationem
1402 3794 1526 3849 ﬁdei
1554 3804 1609 3850 et
1636 3796 1929 3851 maximam
1961 3812 2059 3851 au-

2160 3804 2316 3873 ήμῶν
2346 3804 2661 3873 ἀναγκαίως
2689 3803 2787 3875 τὴν
2807 3805 2937 3875 περλ⁵
2969 3805 3062 3858 τοῦ
3094 3805 3229 3858 Θεοῦ
3251 3806 3346 3860 καὶ
3376 3807 3592 3878 Πατρδς
3621 3811 3756 3861 εἰσ·-

471 3881 711 3937 ditorum
763 3884 1096 3947 utilitatem,
1155 3885 1618 3955 quemadmodum
1673 3885 1728 3941 in
1781 3888 2058 3946 sermonis

2166 3892 2422 3965 κεκόμικε
2480 3893 2701 3966 μνήμην
2725 3933 2739 3957 ,
2771 3894 2852 3957 είς
2884 3894 3174 3965 οἰκοδομὴν
3231 3895 3334 3964 τῆς
3382 3898 3621 3959 πίστεως
3657 3898 3762 3950 καὶ

472 3991 769 4046 progressu
810 3977 1338 4034 demonstrabimus.
1371 3977 1511 4045 Quia
1541 3979 1687 4035 enim
1728 3990 1916 4051 petere
1953 3999 2055 4040 nos

2162 3987 2237 4050 είς
2268 3986 2327 4039 τὸ
2360 3985 2565 4058 σφόδρα
2602 3984 2878 4051 λυσιτελὲς
2910 3988 3024 4050 τοῖς
3067 3987 3460 4058 ἀκροωμένοις,
3497 3990 3758 4061 καθάπερ

466 4066 633 4136 jussit
660 4068 716 4121 in
748 4069 969 4123 nomine
995 4069 1117 4138 ejus
1145 4070 1190 4102 "
1216 4113 1230 4137 ,
1270 4080 1326 4125 et
1357 4071 1680 4127 inusitatum
1709 4074 2054 4143 precationis

2162 4078 2427 4144 ἀποδείξει
2467 4078 2673 4150 προῖὼν
2705 4079 2733 4131 ό
2788 4079 2966 4147 λόγος.
3009 4078 3225 4151 Ἐπειδὴ
3259 4081 3366 4151 γάρ
3403 4083 3574 4134 αἰτεῖν
3600 4084 3758 4152 ἡμᾶς

470 4155 694 4210 modum
736 4157 879 4212 inter
918 4169 1119 4215 caetera
1156 4162 1500 4232 praescripsit
1523 4163 1600 4231 ιθ,
1653 4165 1935 4235 pollicitus
1994 4182 2055 4223 se

2157 4170 2444 4223 ἐκέλευσεν
2490 4172 2585 4224 ἐπὶ
2621 4169 2700 4241 τῷ
2746 4170 2975 4241 ὀνόματι
3009 4170 3177 4224 αὐτοῦ
3205 4213 3219 4236 ,
3250 4172 3346 4226 καὶ¹
3378 4172 3470 4226 τὸν
3503 4176 3615 4237 τοῖς
3642 4173 3753 4244 dp-

468 4256 724 4319 prompto
749 4250 935 4305 animo
963 4251 1220 4308 daturum
1262 4272 1384 4326 qua:
1418 4256 1656 4313 velimus
1688 4276 1701 4313 :
1741 4272 1809 4313 ne
1834 4259 2051 4339 vide-re-

2162 4263 2333 4333 χαίοις
2381 4263 2628 4335 ἀσυνήθη
2659 4261 2862 4334 τρόπον
2891 4262 2989 4327 τῆς
3019 4264 3330 4334 προσευχῆς
3362 4263 3498 4335 μετά
3524 4263 3631 4317 τῶν
3653 4265 3758 4318 ἀλ-

467 4348 557 4394 ιυι·
579 4357 675 4410 per
702 4341 820 4396 hinc
851 4342 946 4398 Dei
983 4360 1046 4398 ac
1073 4344 1255 4402 Patris
1282 4363 1577 4417 personam
1610 4349 1927 4412 excludere,
1952 4359 2048 4405 aut

2159 4355 2261 4409 λων
2309 4356 2588 4422 ἐθέσπισε,
2621 4355 2813 4409 δώσειν
2846 4356 3428 4427 κατεπαγγειλάμενος
3458 4357 3551 4411 καὶ
3595 4357 3755 4427 μάλα

465 4441 794 4501 potestatem
831 4437 1043 4492 sanctis
1077 4437 1349 4507 largiendi
1370 4440 1419 4493 ei
1459 4439 1756 4497 detrahere
1779 4482 1795 4506 ,
1823 4443 2048 4498 conlur-

2158 4447 2449 4519 προθύμως
2491 4449 2638 4518 ἅπερ
2664 4447 2731 4501 ἂν
2764 4446 3041 4517 ἐθέλωμεν
3080 4447 3266 4501 λαὸεῖν
3286 4464 3301 4479 ·
3338 4449 3424 4503 ἵνα
3450 4449 3525 4520 μὴ
3559 4449 3754 4522 δοκοίη

464 4524 700 4590 gitorem
731 4541 792 4580 se
828 4525 946 4581 fore
985 4533 1041 4581 ct
1086 4528 1428 4583 Paraclctum
1472 4531 1637 4610 simul
1680 4533 1840 4589 nobis
1879 4534 2043 4587 datu-

2157 4541 2237 4595 5ιά
2288 4541 2496 4595 τούτων
2544 4539 2606 4592 τὸ
2649 4539 2745 4594 τοῦ
2796 4539 2933 4593 Θεοῦ
2968 4541 3061 4593 καὶ
3103 4540 3318 4612 Πατρὸς
3366 4542 3753 4615 παρωθεῖσθαι

467 4614 588 4665 rum
618 4612 777 4676 dixit,
805 4616 940 4670 illud
973 4617 1301 4673 vocabulum
1338 4619 1533 4685 rogabo
1571 4636 1769 4677 rursus
1808 4624 2045 4692 subjun-

2182 4632 2473 4701 πρόσωπον,
2524 4630 2694 4701 ήγουν
2745 4630 3134 4702 παραιρεῖσθαι
3185 4630 3285 4701 τὴν
3340 4631 3434 4686 τοῦ
3495 4634 3778 4702 τεκόντοςε

462 4718 619 4771 gens,
652 4714 710 4758 ut
737 4705 922 4769 homo,
950 4709 1052 4761 toti
1087 4708 1286 4763 divinze
1314 4716 1369 4765 et
1400 4710 1663 4766 iucll‘abili
1699 4723 1909 4770 natura:
1940 4730 2040 4784 pe-

2187 4696 2309 4777 ῦτὸν
2361 4696 2612 4788 ἐξουσίαν
2667 4722 2768 4792 τὴν
2825 4696 2935 4777 ἐπὶ-
2962 4726 3087 4786 ταῖς
3134 4696 3252 4778 τῶν.
3304 4725 3477 4792 ἁγίων
3535 4696 3783 4794 σςιηλοτιέζ

443 4794 743 4852 .culiariter
765 4797 1053 4854 vindicans
1091 4800 1234 4870 quod
1260 4801 1308 4855 ei
1344 4802 1582 4857 maxime
1613 4806 1895 4869 convenit,
1927 4814 2039 4862 tan-

2162 4814 2331 4884 aiatc,
2368 4814 2548 4885 φημὶ,
2592 4817 2864 4886 χρήσιμον
2907 4815 3071 4870 αὐτὸν
3133 4817 3475 4888 συγχορηγὸν
3523 4817 3758 4872 ἔσεσθαι

462 4902 627 4956 quam
667 4888 721 4943 in
765 4905 999 4960 persona
1035 4891 1125 4947 Dei
1163 4908 1229 4948 ac
1270 4893 1469 4948 Patris.
1520 4893 1579 4950 Id
1613 4895 1758 4951 enim
1792 4897 1844 4951 ei
1871 4899 2040 4955 moris

2159 4905 2243 4957 καὶ
2273 4904 2656 4959 συνεπιδώσειν
2685 4908 2816 4977 ήμῖν
2840 4906 2931 4959 τὸν
2955 4907 3316 4979 Παράκλητον
3354 4908 3481 4978 ἔφη,
3508 4909 3569 4962 τὸ
3600 4910 3755 4976 ἐρω-

461 4995 586 5035 esse
617 4980 729 5051 jam
762 4991 929 5038 antea
968 4999 1113 5052 saepe
1156 4985 1418 5043 diximus.
1457 4987 1640 5041 Alium
1672 5003 1834 5054 porro
1868 4987 2041 5043 Para-

2161 4994 2314 5061 ζήσω
2341 4995 2504 5050 πάλιν
2534 4994 2724 5058 ἐπιὼν,
2747 4996 2823 5060 ὡς
2848 4996 3155 5068 ἄνθρωπος,
3176 4995 3359 5060 ίδικῶς
3382 5014 3442 5050 τε
3469 4997 3757 5062 ἀνατιθεξ

462 5074 664 5129 cletutn
708 5075 975 5145 Spiritum
1015 5086 1176 5132 vocat
1199 5078 1291 5132 Dei
1342 5093 1406 5133 ac
1444 5078 1628 5135 Patris
1666 5081 1997 5137 substantia:
2021 5120 2038 5147 ,

2161 5088 2345 5160 Ξλῃοτῇ
2377 5088 2498 5160 θείᾳ
2537 5105 2596 5141 τε
2622 5090 2717 5143 καὶ
2761 5089 2987 5161 ἀρρήτῳ
3032 5090 3281 5167 φύσειπδ
3314 5084 3453 5161 αὐτῇ
3502 5088 3757 5158 μάλιστα.

462 5169 579 5222 sive
594 5184 728 5223 suae.
750 5167 868 5224 Una
884 5170 1033 5225 enim
1066 5171 1119 5225 in
1138 5170 1407 5227 ambobus
1421 5181 1506 5228 est
1532 5189 1593 5228 su
1604 5173 1854 5229 bstantize
1875 5175 2040 5243 ratio,

2158 5180 2378 5250 πρέπον,
2409 5179 2486 5244 ὡς
2511 5181 2569 5236 ἐν
2595 5180 2877 5253 προσώπῳ
2908 5182 3004 5236 τοῦ
3026 5182 3163 5236 Θεοῦ
3194 5182 3288 5236 καὶ
3310 5180 3546 5253 Πατρός.
3568 5178 3754 5233 Τοῦτο

463 5273 587 5327 qua;
617 5260 798 5327 ipsum
840 5278 950 5316 non
982 5262 1258 5324 excludit,
1289 5262 1385 5318 sed
1414 5262 1583 5318 ellicit
1626 5272 1684 5318 nt
1718 5265 2041 5322 distinctius

2160 5272 2257 5343 γὰρ
2291 5270 2412 5335 ἔθος
2443 5271 2622 5342 αὐτῷ,
2649 5271 2794 5326 καθά
2835 5275 2929 5327 καὶ
2959 5272 3217 5335 πολλάκις
3242 5272 3344 5343 ήδη
3379 5269 3756 5344 προλαϐόντες

462 5358 677 5405 tantum
716 5352 1056 5426 intelligatur
1099 5356 1152 5411 in
1194 5371 1259 5412 eo
1300 5356 1448 5427 quod
1483 5356 1535 5410 in
1572 5358 1793 5429 propria
1825 5359 2049 5415 exsistit

2157 5364 2469 5435 εἰρήκαμεν.
2503 5363 2697 5416 Ἀλλον
2737 5381 2801 5432 γε
2848 5364 2955 5436 μὴν
3003 5364 3369 5436 Παράκλητον
3410 5362 3471 5415 τὸ
3514 5359 3753 5430 Πνεῦμα

466 5440 776 5511 hypostasi.
825 5443 936 5500 Nec
980 5447 1128 5502 enim
1173 5445 1349 5503 Filius
1381 5444 1625 5517 Spiritus
1669 5456 1793 5514 est,
1844 5451 1940 5507 sed
1987 5467 2047 5507 re

2154 5453 2303 5507 καλεῖ
2341 5453 2444 5524 τῆς
2471 5453 2567 5508 τοῦ
2620 5454 2757 5508 Θεοῦ
2815 5456 2911 5510 καὶ⁵
2967 5455 3182 5527 Πατρὸς
3233 5452 3452 5516 οὐσίας,
3479 5452 3599 5523 ήτοι
3637 5451 3750 5520 τῆς

466 5545 593 5588 vi-ra
624 5539 679 5588 et
707 5536 928 5605 proprie
952 5552 1078 5595 esse
1116 5547 1171 5595 ct
1201 5541 1474 5598 exsistere
1514 5542 1566 5596 id
1603 5542 1751 5612 quod
1788 5552 1872 5598 est
1895 5584 1910 5609 ,
1944 5543 2051 5602 lidc

2156 5546 2362 5601 ἑαυτοῦ.
2389 5541 2482 5611 Εἷς
2512 5547 2620 5619 γὰρ
2659 5549 2746 5601 ἐπ’
2773 5550 2978 5620 ἀμφοῖν
3018 5550 3117 5620 τῆς
3147 5547 3335 5611 οὐσίας
3367 5547 3397 5598 ό
3434 5544 3612 5614 λόγος,
3637 5542 3752 5600 οὐκ

548 5717 623 5811 ’⁵⁸⁵
665 5718 832 5775 lCor.
867 5736 991 5787 xm,
1018 5720 1101 5774 12.
1182 5719 1401 5777 "Joan.
1431 5740 1541 5790 xw,
1571 5723 1660 5787 25,
1693 5724 1785 5778 9.·1.
1864 5727 1906 5757 ⁸⁸
1942 5725 2137 5782 Matth.

822 5763 832 5775 .
867 5736 991 5787 xm,
1018 5720 1101 5774 12.
1182 5722 1221 5752 ³⁷
1244 5719 1401 5777 Joan.
1431 5740 1541 5790 xw,
1571 5723 1660 5787 25,
1693 5724 1785 5778 9.·1.
1864 5727 1906 5757 ⁸⁸
1942 5725 2137 5782 Matth.
2170 5743 2244 5793 vt,
2271 5728 2409 5784 9-l5.
