4042 6204
251 249 366 305 257

1314 254 1379 311 ΙΝ
1402 257 1690 318 JOANNIS
1724 261 2172 322 EVANGELIUM
2206 266 2335 324 LIB.
2379 268 2469 325 1X.
2514 268 2521 275 ’

3423 291 3527 346 258

252 368 365 432 ιξω
397 364 565 429 τιθεὶς
593 365 746 431 αὐτὸ,
768 366 859 421 τὸν
885 366 941 421 δὲ
966 368 1061 439 τῆς
1084 369 1401 444 ἑτερότητος
1428 377 1587 446 λόγον
1613 382 1672 434 ἐν
1703 384 1819 452 μόνι

1921 438 1922 443 η
1953 385 2250 442 credimus.
2284 386 2526 458 Spiritus
2552 388 2754 460 quippe
2784 398 2867 446 est
2906 389 3087 451 Patris
3130 402 3185 451 et
3228 396 3351 455 Fitit
3378 442 3395 470 ,
3430 405 3525 457 sed

250 458 493 511 νοεῖσθαι
531 456 710 523 διδοὺς
737 458 815 529 τῷ
853 454 991 514 εἶναι
1030 463 1125 516 καὶ
1157 464 1425 538 ὑπάρχειν
1460 469 1841 540 ίδιοσυστάτως

248 548 409 603 αὑτό.
448 550 526 602 Οὐ
571 549 683 619 γὰρ
736 550 868 615 Υἱὸς
920 552 982 606 τὸ
1028 553 1256 626 Πνεῦμά
1315 560 1497 623 ἐστιν,
1530 561 1840 630 ἀλλ’ὅντως

253 638 400 703 ἰδίως
426 656 487 693 τε
517 639 578 694 ὃν
632 641 727 694 καὶ
754 642 1003 713 ὑπάρχον
1026 645 1176 699 τοῦθ’
1209 648 1346 720 ὅπερ
1370 650 1519 705 ἐστὶν
1552 655 1609 706 ἐν
1657 653 1839 709 πίστει

250 732 693 803 παραδεξόμεθα.
724 735 952 807 Πνεῦμα
973 739 1083 809 γάρ
1112 740 1228 793 ἐστι
1256 740 1351 794 τοῦ
1376 743 1590 816 Πατρός
1623 747 1719 799 καὶ
1743 748 1836 801 τοῦ

253 822 385 877 Υίοῦ
404 823 587 889 ἐἰδὼς
611 824 670 878 δὲ
692 828 776 880 ὅτι
803 829 895 883 καὶ
921 831 1083 895 αὐτὸς
1102 832 1456 907 Παράκλητός
1474 838 1590 891 ἐστί
1610 856 1669 891 τε
1696 840 1837 895 κατὰ

247 915 529 987 ἀλήθειαν,
559 919 654 972 καὶ
696 920 754 972 ἐν
789 923 903 985 τοῖς
952 924 1120 995 ἱεροῖς
1157 924 1475 997 ὠνόμασται
1515 930 1833 1002 Γράμμασι,

246 1008 613 1081 Παράκλητον
652 1010 813 1065 ἄλλον
845 1012 909 1066 τὸ
937 1014 1164 1086 Πνεῦμα
1209 1017 1383 1082 καλεῖ,
1418 1020 1517 1091 οὐχ
1541 1020 1617 1085 ὼς
1649 1022 1834 1094 ἕτερόν

243 1118 296 1154 τι
330 1101 497 1172 τυχὸν
534 1102 780 1173 ἐνεργεῖν
817 1106 875 1158 ἐν
902 1108 1014 1170 τοῖς
1049 1107 1223 1175 ἁγίοις
1252 1108 1389 1173 είδὸς
1421 1110 1454 1182 ἢ
1480 1112 1617 1182 ὅπερ
1649 1112 1716 1167 ἂν
1741 1114 1835 1168 καὶ

241 1192 428 1257 αὐτὸς,
468 1186 530 1246 οὗ
574 1194 670 1247 καὶ
698 1194 814 1249 ἔστι
848 1197 944 1252 καὶ
976 1197 1194 1267 λέγεται
1220 1200 1468 1272 Πνεῦμα.
1500 1203 1624 1258 Ὅτι
1655 1204 1712 1258 δὲ
1741 1208 1835 1260 καὶ

240 1285 408 1347 αὐτὸς
452 1285 816 1358 Παράκλητος
854 1289 1149 1362 ὠνομάσθη
1195 1310 1255 1347 τε
1291 1295 1386 1347 καὶ
1434 1294 1581 1349 ἐστιν
1614 1298 1643 1350 6
1686 1296 1831 1363 Υίὸς,

241 1379 590 1450 μαρτυρήσει
607 1378 783 1446 λέγων
808 1381 836 1432 6
877 1380 1163 1452 Ἰωάνννης
1185 1385 1242 1437 ἐν
1271 1383 1431 1449 ἰδίαις
1448 1394 1791 1458 συγγραφαῖς
1815 1406 1829 1422 ο

243 1486 265 1520 ι
302 1468 494 1523 Ταῦτα
520 1468 686 1538 λέγω,
713 1471 897 1541 φησιν,
918 1472 1049 1543 ύμῖν
1066 1513 1082 1539 ,
1112 1473 1200 1528 ῖνα
1227 1474 1302 1547 μὴ
1319 1477 1689 1549 ἁμαρτάνητε.
1708 1482 1832 1536 Ἐάν

233 1578 322 1624 τις
347 1562 407 1614 δὲ
432 1563 677 1636 ἁμάρτῃ,
701 1565 1052 1638 παράκλητον
1081 1566 1277 1638 ἔχομεν
1304 1570 1440 1640 πρὸς
1468 1571 1559 1624 τὸν
1591 1573 1828 1647 Πατέρα,

250 1652 461 1724 Ἰησοῦν
515 1655 753 1725 Χριστὸν
797 1657 1006 1711 δίκαιον
1032 1700 1046 1725 ,
1089 1660 1186 1713 καὶ
1236 1661 1400 1725 αὐτὸς
1438 1662 1664 1733 ἱλασμός
1713 1667 1829 1721 ἐστι

233 1741 366 1812 περὶ
394 1742 507 1796 τῶν
528 1745 815 1815 ἁμαρτιῶν
837 1746 1050 1817 ἡμῶν.»
1093 1748 1288 1804 ’Δλλον
1316 1751 1496 1805 τοίνυν
1547 1756 1838 1830 Παράκλη-

230 1851 323 1887 τον
354 1834 417 1887 τὸ
449 1834 677 1905 Πνεῦμα
707 1836 885 1902 καλεῖ,
915 1839 975 1893 ἐν
1009 1839 1167 1904 ἰδίαις
1199 1840 1299 1912 μὲν
1332 1842 1664 1900 ὑποστάσεσι
1689 1851 1825 1902 νοεῖ-

231 1924 361 1978 σθαι
378 1924 552 1979 θέλων
578 1920 731 1992 αῦτὸ,
749 1928 1019 2001 τοσαύτην
1032 1947 1096 2000 γε
1120 1932 1228 2003 μὴν
1255 1931 1379 2004 ἔχον
1401 1933 1500 2007 τὴν
1524 1938 1824 2010 ἐμφέρειαν

228 2015 307 2080 ὡς
350 2017 494 2087 πρὸς
527 2018 714 2086 αὐτὸν,
756 2021 854 2074 καὶ
889 2022 1329 2102 ἀπαραλλάκτως
1368 2026 1543 2094 οὕτως
1579 2031 1824 2102 ἐνεργεῖν

231 2108 420 2179 ίσχύον
440 2110 587 2183 ἅπερ
609 2112 680 2166 ἂν
720 2113 813 2167 καὶ
848 2114 1012 2179 αὐτὸς
1049 2100 1298 2188 ἐνεργοίη
1336 2122 1516 2191 τυχὸν,
1543 2122 1618 2185 ὡς
1661 2100 1823 2177 αὐτὸν

226 2195 371 2254 εἶναι
399 2202 581 2257 δοκεῖν
608 2204 702 2258 τὸν
736 2205 885 2271 Υίὸν,
913 2207 1008 2260 καὶ
1036 2207 1223 2279 ἕτερον
1252 2210 1425 2265 οὐδέν.
1461 2212 1684 2284 Πνεῦμα
1714 2214 1822 2287 γάρ

224 2295 378 2350 ἐστιν
409 2297 603 2351 αὐτοῦ.
641 2298 753 2351 Καὶ
803 2298 937 2369 γοῦν
983 2301 1087 2371 τῆς
1124 2302 1380 2375 ἀληθείας
1410 2304 1540 2359 αὐτὸ
1583 2309 1823 2361 κατωνό-

226 2401 376 2454 μασε
406 2387 637 2454 Πνεῦμα
658 2388 754 2442 καὶ
783 2389 871 2443 διὰ
891 2389 1000 2444 τῶν
1035 2395 1415 2465 προκειμένων
1453 2396 1642 2451 ἐαυτὸν
1681 2384 1821 2452 εἶναι

220 2476 323 2547 τὴν
364 2476 622 2549 ἀλήθειαν
641 2478 836 2549 λέγων.
876 2482 1016 2536 Ἀλλ’
1039 2484 1156 2554 ἐρεῖ
1175 2503 1258 2550 τις
1280 2487 1506 2552 εἰκότως
1525 2492 1637 2553 τοῖς
1666 2490 1822 2544 ἁλλό-

218 2584 386 2639 τριον
418 2564 564 2622 εἶναι
591 2572 868 2642 νομίζουσι
895 2573 988 2629 τὸν
1016 2575 1143 2628 Υἱδν
1161 2576 1275 2648 τῆς
1304 2577 1398 2632 τοῦ
1429 2578 1566 2633 Θεοῦ
1585 2582 1680 2634 καὶ
1710 2583 1819 2634 Πα-

219 2659 359 2730 τρὸς
403 2660 628 2725 οὐσίας’
658 2665 770 2718 Καὶ
817 2664 956 2728 πῶς,
995 2666 1118 2720 εἰπέ
1164 2684 1258 2738 μοι
1282 2708 1295 2732 ,
1323 2668 1384 2722 τὸ
1415 2670 1515 2741 τῆς
1559 2670 1819 2742 ἀληθείας

221 2750 456 2823 Πνεῦμα
480 2793 497 2818 ,
527 2752 673 2808 τοῦτ’
706 2755 825 2810 ἐστι
862 2757 1055 2812 τὸτοῦ
1102 2759 1253 2825 Υίοῦ,
1291 2760 1508 2816 δίδωσιν
1544 2763 1575 2815 6
1605 2764 1816 2837 Πατὴρ,

218 2843 320 2913 οὐχ
371 2843 451 2909 ὡς
510 2844 724 2920 ξένονῆ
763 2849 1067 2921 ἀλλότριον,
1099 2851 1216 2905 ἀλλ’
1251 2852 1329 2915 ὡς
1387 2853 1517 2909 ίδιον
1569 2856 1815 2930 Πνεῦμα,

221 2935 404 2988 καίτοι.
436 2936 562 2990 καθ’
606 2939 756 3010 ἡμᾶς
799 2940 1155 3014 διωρισμένον
1201 2942 1341 3014 ἔχων
1365 2946 1468 3017 τῆς
1507 2948 1698 3013 οὐσίας
1727 2951 1817 3005 τὸν

1949 487 2075 529 cum
2111 491 2170 531 se
2204 492 2424 548 quoque
2458 477 2805 535 Paracletum
2838 496 2962 537 esse
2988 498 3181 540 revera
3211 501 3433 557 nosset,
3473 504 3528 548 et

1948 565 2003 619 in
2037 568 2215 624 sacris
2251 568 2476 625 Litteris
2529 570 2603 623 ita
2645 587 2773 628 esse
2816 583 3197 645 nuncupatum
3220 619 3235 644 ,
3270 578 3529 639 Paracle-

1947 666 2062 714 tum
2105 662 2277 716 alium
2323 663 2592 732 Spiritum
2641 666 2924 735 appellat,
2969 682 3080 723 non
3119 671 3279 740 quasi
3318 673 3522 745 ahquid

1946 753 2095 808 aliud
2131 754 2187 807 in
2223 756 2435 810 sanctis
2468 758 2682 826 operari
2713 759 2919 827 possit,
2953 775 3115 830 quam
3145 763 3292 833 quod
3323 775 3376 820 et
3410 766 3527 837 ipse

1943 842 2106 912 cujus
2144 852 2205 925 et,
2235 855 2319 900 est
2362 853 2419 900 et
2454 845 2661 921 dicitur
2703 848 2967 918 Spiritus.
2995 852 3151 919 Quod
3191 865 3373 911 autem
3407 858 3526 928 ipse

1942 930 2115 988 Filius
2160 921 2481 992 P'aracletus
2538 950 2895 1009 nuncupetur
2940 949 2995 995 et
3054 942 3171 1008 sit,
3231 921 3525 1004 testabitur

1939 1020 2185 1080 Joannes
2217 1026 2470 1083 scribens
2505 1044 2518 1080 :
2566 1047 2585 1080 ι
2619 1028 2743 1084 Haec
2772 1031 2898 1086 dico
2921 1071 2936 1097 ,
2974 1032 3196 1104 inquit,
3240 1037 3426 1102 vobis,
3466 1048 3524 1093 ιιι

1943 1130 2052 1169 non
2084 1118 2346 1187 peccetis.
2381 1120 2487 1174 Sed
2519 1129 2573 1174 et
2603 1122 2648 1176 si
2679 1125 2806 1193 quis
2832 1128 3162 1194 peccaverit,
3191 1128 3520 1185 advocatum

1942 1205 2207 1262 habemus
2245 1209 2391 1279 apud
2432 1208 2650 1265 Patrem
2699 1211 2889 1269 Jesum
2940 1214 3221 1272 Christum
3262 1219 3517 1288 justum:

1940 1307 1993 1350 et
2041 1297 2162 1366 ipse
2209 1309 2293 1355 est
2346 1302 2668 1371 protritiatio
2719 1319 2819 1374 pro
2869 1309 3111 1376 peccatis
3160 1312 3371 1368 nostris
3392 1312 3459 1368 ".
3494 1332 3513 1363 ι

1938 1386 2117 1440 Alium
2151 1388 2339 1460 itaque
2378 1389 2725 1449 Paracletum
2761 1394 3029 1466 Spiritum
3062 1410 3263 1469 vocat,
3306 1404 3361 1459 in
3391 1419 3555 1475 pro--

1938 1477 2055 1546 pria
2091 1480 2313 1548 quidem
2366 1482 2651 1553 hypostasi
2699 1486 2889 1543 volens
2929 1504 3053 1543 eum
3111 1492 3381 1566 intelligi,
3420 1496 3516 1566 qui

1940 1577 2150 1623 tantam
2202 1581 2382 1628 tamen
2431 1590 2554 1630 cum
2618 1578 2738 1647 ipso
2796 1581 3222 1639 similitudinem
3278 1588 3514 1655 habeat,

1940 1667 2163 1730 tamque
2189 1677 2286 1732 per
2310 1665 2498 1721 omnia
2543 1667 2707 1722 simili
2740 1672 2959 1727 ratione
2992 1675 3209 1743 operari
3241 1679 3417 1746 possit
3451 1695 3517 1735 ea

1870 1751 1912 1806 Β
1941 1767 2064 1822 quae
2109 1760 2165 1808 et
2195 1753 2311 1825 ipse
2341 1765 2605 1827 operatur
2627 1800 2642 1826 ,
2678 1769 2738 1813 ut
2765 1761 2932 1832 διο
2968 1764 3086 1833 ipse
3112 1765 3364 1822 videatur
3393 1784 3517 1826 esse

1927 1841 2123 1908 Filius,
2157 1859 2223 1900 ac
2249 1846 2390 1900 nihil
2422 1848 2592 1903 aliud.
2623 1851 2866 1919 Spiritus
2894 1854 3042 1908 enim
3068 1857 3189 1926 ejus
3220 1866 3325 1913 est.
3356 1858 3516 1917 Unde

1927 1935 2178 1991 veritatis
2229 1935 2499 2007 Spiritum
2534 1940 2688 1995 illum
2725 1945 3063 2011 nominavit,
3095 1949 3339 2019 seipsum
3369 1954 3515 2006 veri-

1926 2033 2093 2083 tatem
2126 2044 2252 2085 esse
2283 2029 2498 2087 dicens.
2531 2033 2600 2088 At
2629 2034 2775 2088 enim
2814 2036 2884 2090 iis
2913 2037 3004 2107 qui
3036 2036 3235 2093 Filium
3270 2055 3299 2092 a
3334 2038 3427 2096 Dei
3457 2049 3512 2096 et

1922 2116 2104 2174 Patris
2137 2122 2448 2177 substantia
2486 2123 2730 2179 alienum
2773 2140 2897 2181 esse
2931 2136 3132 2198 putant
3161 2169 3176 2193 ,
3208 2130 3334 2199 jure
3361 2132 3513 2188 dicet

1923 2210 2160 2281 aliquis:
2199 2212 2494 2279 Quomodo
2519 2255 2535 2280 ,
2577 2232 2802 2285 quaso,
2840 2221 3091 2276 veritatis
3128 2219 3418 2291 Spiritum,
3452 2225 3509 2281 id

1921 2310 2007 2357 est
2037 2301 2191 2383 Filii,
2221 2305 2315 2359 dat
2343 2304 2545 2373 Pater,
2574 2322 2685 2362 non
2722 2317 2984 2381 tanquam
3023 2314 3373 2383 peregrinum
3413 2325 3509 2371 aut

1921 2378 2183 2457 alienu‘m,
2216 2393 2311 2447 sed
2337 2401 2395 2447 ut
2417 2395 2699 2464 proprium
2729 2378 3175 2466 Spiritum,cum
3202 2402 3506 2459 secundum

1921 2498 2019 2537 vos
2046 2483 2368 2539 distinctum
2415 2486 2611 2540 habeat
2658 2502 2689 2541 a
2729 2503 2828 2543 sua
2866 2489 3179 2545 substantia
3216 2491 3458 2548 Verbum
3485 2533 3503 2561 ,

1916 2574 2038 2629 sive
2064 2572 2285 2639 Filium,
2313 2583 2368 2630 et
2406 2575 2672 2646 Spiritum
2700 2592 2828 2634 esse
2856 2577 2982 2633 Filii
3018 2582 3206 2639 nullus
3238 2584 3501 2656 ambigat.

1918 2663 2133 2722 Rursus
2163 2683 2294 2723 vero
2335 2670 2615 2740 quomodo
2639 2712 2654 2737 ,
2695 2671 2743 2727 si
2775 2672 3006 2729 alterius
3048 2683 3136 2730 est
3174 2677 3505 2736 substantia;

1918 2762 2116 2831 Filius,
2149 2764 2329 2823 Patris
2367 2767 2636 2837 Spiritum
2684 2768 2853 2824 tradit
2899 2779 2958 2824 ut
2984 2772 3189 2826 suum?
3219 2772 3503 2846 Scriptum

1914 2864 2002 2909 est
2028 2856 2178 2910 enim
2208 2856 2522 2914 insutilasse
2543 2857 2833 2929 discipulis
2874 2859 3013 2924 suis,
3045 2858 3305 2928 dicendo,
3341 2883 3361 2916 ι
3388 2863 3503 2921 Δεο-

1915 2947 2082 3018 cipite
2102 2946 2368 3019 Spiritum
2396 2959 2646 3005 sanctum
2663 2950 2731 3006 ⁸ο.
2747 2970 2766 3003 ι
2793 2949 3071 3022 Numquid
3091 2969 3227 3026 ergo
3245 2954 3372 3026 jure
3396 2972 3501 3028 pu-

218 3028 398 3097 Λόγον
427 3029 564 3101 πρὸς
597 3031 689 3085 τὸν
725 3032 884 3098 Υίὸν,
916 3036 1013 3088 καὶ
1046 3034 1178 3089 Υίοῦ
1200 3036 1261 3090 τὸ
1296 3037 1522 3109 Πνεῦμά
1556 3042 1815 3111 ἐστιν;οὑ

1921 3038 2058 3092 tabit
2080 3039 2280 3109 aliquis
2306 3081 2323 3107 ,
2352 3044 2462 3095 imo
2485 3056 2615 3096 vero
2647 3041 2881 3098 ﬁrmiter
2909 3043 3097 3100 credet
3123 3084 3138 3108 ,
3170 3060 3297 3101 cum
3331 3057 3500 3104 natu-

220 3119 332 3192 γάρ
383 3122 468 3176 ὅτι
519 3124 842 3194 ἀμφίλογον.
891 3127 1017 3190 Πῶς
1043 3128 1099 3181 δέ
1133 3124 1200 3182 αὖ
1246 3129 1433 3197 πάλιν,
1479 3134 1639 3206 εἴπερ
1671 3135 1817 3188 ἐστὶν

219 3212 567 3282 ἐτεροούσιος
583 3215 611 3266 6
634 3214 784 3280 Υἱὸς,
804 3216 865 3269 τὸ
894 3217 989 3270 τοῦ
1011 3217 1225 3289 Πατρὸς
1258 3219 1482 3292 Πνεῦμα
1498 3222 1714 3278 δίδωσιν
1741 3225 1818 3289 ὡς

219 3300 449 3365 ἐαυτοῦς
470 3302 786 3374 Γέγραπται
816 3306 925 3378 γὰρ
941 3308 1025 3361 ὅτι
1054 3308 1359 3381 ἐνεφύσησε
1380 3315 1492 3378 τοῖς
1523 3314 1815 3387 μαθηταῖς,

217 3388 397 3460 λέγων
422 3409 437 3424 ο
472 3413 491 3445 ι
521 3395 730 3449 Λάϐετε
768 3396 995 3469 Πνεῦμα
1021 3399 1195 3468 ἅγιον.
1239 3419 1259 3452 ι
1289 3397 1414 3475 Ἆρ’
1443 3399 1539 3459 οὗν
1569 3405 1669 3460 οὐκ
1699 3407 1816 3477 οίή-

218 3486 377 3536 σεταί
432 3502 520 3549 τις
552 3486 649 3540 καὶ
693 3487 841 3558 μάλα
893 3489 1139 3557 δικαίως,
1172 3492 1374 3559 μᾶλλον
1424 3495 1481 3549 δέ
1529 3497 1815 3569 ἀραρότως

216 3575 561 3631 διακείσεται
591 3579 696 3641 ὅτι,
731 3579 842 3636 τῶν
889 3582 983 3636 τοῦ
1014 3583 1152 3638 Θεοῦ
1190 3586 1286 3640 καὶ
1319 3587 1532 3660 Πατρὸς
1567 3590 1814 3660 φυσικῶν

215 3667 445 3734 ὁγαθῶν
487 3668 765 3734 ούσιωδῶς
805 3671 1069 3744 ὑπάρχων
1098 3675 1374 3741 κοινωνὸς,
1397 3679 1426 3730 ό
1454 3678 1580 3741 Υἱὸς
1611 3678 1724 3749 ἔχει
1753 3679 1814 3733 τὸ

216 3758 450 3828 Πνεῦμα
481 3762 624 3812 κατᾶ
642 3760 831 3822 τοῦτον
860 3763 950 3816 τὸν
976 3764 1176 3835 τρόπον
1209 3765 1515 3838 καθ’ὃνπερ
1548 3767 1613 3822 ἂν
1638 3771 1812 3824 νοοῖτο

215 3848 314 3902 καὶ
345 3850 377 3901 6
410 3849 624 3920 Πατὴρ,
647 3850 749 3905 οὐκ
776 3852 1012 3907 ἐπακτὸν
1041 3854 1160 3909 οὑδέ
1197 3854 1418 3921 ἔξωθεν·
1447 3856 1645 3929 εὔηθες
1677 3860 1807 3929 γὰρ,

217 3940 437 4010 μᾶλλον,
469 3942 529 3995 δὲ
576 3943 804 4013 μανικὸν
860 3945 922 3999 τὸ
971 3945 1113 4002 οὕτω
1171 3951 1388 4019 φρονεῖν
1414 3991 1429 4017 ,
1470 3950 1588 4004 ἀλλ’
1621 3951 1809 4026 ὥσπερ

216 4033 377 4103 ἡμῶν
427 4034 660 4100 ἕκαστος
697 4036 758 4091 τὸ
811 4036 940 4094 ἴδιον
988 4039 1046 4094 ὲν
1088 4040 1269 4113 ἐαυτῷ
1298 4043 1517 4114 πνεῦμα
1575 4046 1805 4116 συνέχει,

215 4127 314 4180 καὶ
344 4129 411 4181 ἐκ
465 4127 576 4207 τῶν
602 4130 905 4185 ἐνδοτάτων
955 4131 1282 4204 σπλάγχνων
1326 4137 1407 4199 είς
1433 4135 1495 4189 τὸ
1531 4136 1637 4201 ἔξω
1673 4156 1808 4211 προσ

217 4218 355 4287 χέει.
426 4203 527 4272 Διὰ
554 4219 664 4291 γάρ
701 4237 783 4274 τοι
834 4220 994 4275 τοῦτο
1037 4224 1366 4293 σωματικῶς
1418 4203 1751 4299 ἐνεφύσησεν
1779 4231 1809 4285 6

219 4303 477 4372 Χριστὸς,
510 4305 727 4371 δεικνὺς
763 4308 848 4362 ὅτι
902 4308 1155 4382 καθάπερ
1186 4313 1251 4366 ἐκ
1285 4313 1551 4384 στόματος
1592 4316 1685 4371 τοῦ
1714 4320 1810 4373 ἀν-

1918 3128 2116 3183 ralium
2149 3130 2246 3185 Dei
2277 3145 2341 3185 ac
2373 3130 2556 3187 Patris
2588 3132 2859 3189 bonorum
2894 3135 3340 3194 substantialiter
3368 3155 3500 3210 par-

1919 3218 2092 3287 ticeps
2123 3219 2194 3273 sit
2232 3217 2406 3274 Filius
2432 3259 2447 3284 ,
2503 3219 2698 3293 [eum]
2733 3220 3000 3292 Spiritum
3029 3238 3096 3278 eo
3126 3225 3293 3281 modo
3345 3227 3499 3300 [quo

1916 3315 1973 3363 et
2010 3307 2210 3380 Pater]
2245 3308 2447 3364 habere
2475 3321 2753 3377 censetur,
2785 3327 2893 3366 non
2918 3312 3285 3369 adventitium
3319 3335 3499 3388 neque

1916 3396 2260 3453 extrinsecus
2285 3438 2300 3464 ,
2350 3396 2510 3452 furor
2538 3400 2687 3454 enim
2722 3409 2808 3455 est
2843 3400 2917 3456 ita
2957 3404 3206 3468 sentire;
3249 3404 3347 3460 sed
3382 3422 3495 3475 quo

1916 3489 2079 3543 modo
2110 3491 2494 3561 unusquisque
2522 3499 2777 3546 nostrum
2816 3484 2989 3547 suum'
3022 3493 3079 3549 in
3119 3495 3306 3565 seipso
3333 3498 3498 3567 spiri-

1915 3587 2031 3634 tum
2075 3582 2351 3647 continet,
2401 3590 2454 3636 et
2486 3597 2553 3637 ex
2584 3581 2797 3639 intimis
2832 3584 3141 3640 visceribus
3173 3585 3324 3643 foras
3358 3603 3496 3656 pro-

1914 3672 2131 3727 fundit?
2156 3673 2368 3728 ldcirco
2398 3673 2545 3728 enim
2575 3674 2832 3732 Christus
2864 3676 3164 3733 insutﬂavit
3186 3682 3494 3750 corporali-

1913 3771 1998 3818 ter
2021 3801 2036 3826 ,
2069 3765 2364 3821 ostendens
2394 3765 2545 3835 quod
2585 3766 2727 3822 sicut
2758 3781 2824 3821 ex
2857 3782 2954 3822 ore
2985 3767 3229 3824 humano
3262 3770 3495 3839 spiritus

1912 3856 2097 3926 prodit
2139 3857 2505 3929 corporaliter
2535 3898 2551 3923 ,
2604 3859 2688 3914 sic
2738 3866 2794 3914 et
2840 3874 2907 3914 ex
2955 3860 3143 3915 divina
3183 3861 3494 3917 substantia

1912 3947 2101 4005 deitati
2134 3950 2529 4005 convenienter
2556 3947 2798 4020 Spiritus
2823 3988 2837 4014 ,
2871 3951 2963 4020 qui
3005 3967 3071 4007 ex
3110 3968 3177 4008 eo
3205 3962 3288 4009 est
3317 3993 3329 4018 ,
3367 3971 3494 4025 pro.

1911 4039 2181 4094 funditur.
2213 4039 2349 4096 Cum
2383 4055 2516 4113 ergo
2548 4039 2789 4112 Spiritus
2825 4044 2943 4113 ipse
2989 4042 3081 4099 Dei
3112 4044 3298 4103 Patris
3328 4049 3399 4104 sit
3427 4064 3493 4105 ac

1910 4130 2076 4198 Filii,
2112 4131 2390 4202 quomodo
2424 4149 2536 4188 non
2566 4149 2730 4188 unam
2770 4136 3004 4192 omnino
3036 4137 3317 4195 habebunt
3355 4143 3493 4197 sub-

1910 4224 2168 4279 etantiam
2199 4234 2254 4280 et
2282 4224 2544 4282 distincte
2581 4226 2743 4283 simul
2785 4234 2951 4298 atque
2976 4225 3356 4299 coniunctim?
3384 4231 3490 4286 Pa-

1910 4324 1996 4371 ter
2027 4316 2175 4371 enim
2223 4315 2387 4374 Pater
2416 4325 2499 4374 est
2525 4358 2541 4383 ,
2581 4334 2647 4373 ac
2695 4335 2807 4375 non
2856 4319 3070 4385 Filius,
3106 4329 3163 4376 et
3200 4320 3375 4377 Filius
3404 4334 3491 4378 est

221 4393 499 4464 θρωπίνου
536 4387 753 4469 πρόεισι
780 4400 845 4454 τὸ
902 4402 1120 4472 πνεῦμα
1154 4405 1505 4474 σωματικῶς,
1544 4408 1686 4463 οὕτω
1716 4412 1808 4465 καὶ

1921 4408 2088 4466 Filius
2115 4450 2129 4474 ,
2171 4424 2237 4465 ac
2271 4426 2381 4465 non
2419 4410 2603 4467 Pater.
2634 4412 3028 4470 Verumtamen
3057 4413 3223 4469 Pater
3258 4415 3312 4470 in
3347 4414 3491 4471 Filio

219 4485 285 4537 ἐκ
316 4486 420 4555 τῆς
460 4486 612 4553 θείας
649 4491 836 4555 οὐσίας
867 4491 1189 4565 θεοπρεπῶς
1220 4499 1504 4567 προχεῖται
1536 4497 1596 4552 τὸ
1617 4499 1674 4565 ἐξ
1712 4500 1811 4554 αύ-

218 4576 334 4631 τοῦ.
351 4578 481 4633 Ὅτε
502 4580 685 4636 τοίνυν
717 4582 849 4637 αὐτὸ
874 4585 935 4638 τὸ
954 4586 1179 4657 Πνεῦμα
1207 4587 1300 4642 τοῦ
1331 4605 1390 4642 τε
1419 4588 1557 4644 Θεοῦ
1587 4592 1682 4644 καὶ
1697 4593 1812 4648 Πα-

215 4669 347 4739 τρός
383 4673 534 4726 ἐστιν
583 4675 677 4728 καὶ
714 4676 811 4730 τοῦ
860 4676 1032 4743 Υίοῦ,
1065 4678 1184 4743 πῶς
1231 4680 1353 4752 οὐχὶ
1404 4683 1623 4749 πάντως
1679 4686 1809 4756 μίαν

212 4760 398 4826 ἕξουσι,
439 4764 542 4835 τὴν
573 4766 826 4831 ἐξουσίαν
848 4769 1218 4843 κδιηρημένως
1252 4790 1311 4826 τε
1343 4773 1457 4844 ἅμα
1481 4778 1576 4830 καὶ
1602 4794 1809 4850 συνημ-

209 4854 394 4924 μένως
417 4872 432 4920 ;
458 4858 649 4929 Πατὴρ
678 4850 851 4932 γὰρ,ὁ
888 4861 1080 4933 Πατὴρ
1109 4864 1204 4917 καὶ
1228 4866 1327 4935 οὐχ
1360 4865 1509 4932 Υἱὸς,
1532 4870 1627 4922 καὶ
1654 4870 1806 4937 Υίὸς,

202 4944 236 4996 6
272 4943 404 5008 Υἱὸς
439 4946 534 5000 καὶ
564 4947 687 5019 οὐχὶ
719 4949 928 5021 Πατήρ.
984 4951 1134 5023 Πλὴν
1164 4954 1193 5007 6
1235 4955 1419 5026 πατὴρ
1449 4957 1509 5010 ἐν
1539 4957 1673 5029 rep,
1714 4964 1810 5017 καὶ

202 5031 237 5083 6
287 5030 422 5096 Υίὸς
476 5036 534 5089 ἐν
587 5036 782 5108 Πατρί.
819 5038 1017 5093 Δίδωσί
1059 5058 1123 5111 γε
1171 5042 1279 5114 μὴν
1309 5043 1398 5098 τὸν
1426 5047 1804 5119 Παράκλητον,

200 5122 333 5193 ἦτοι
354 5123 418 5176 τὸ
439 5125 662 5198 Πνεῦμα
686 5129 749 5182 τὸ
782 5128 958 5200 ἅγιον,
989 5133 1090 5187 οὐκ
1127 5133 1232 5206 ἰδίᾳ
1273 5136 1371 5205 μὲν
1401 5138 1431 5190 6
1462 5138 1673 5212 Πατὴρ,
1700 5142 1809 5216 ίδίᾳ

198 5214 261 5268 δὲ
296 5216 327 5266 6
355 5215 507 5284 Υἱὸς,
547 5223 866 5292 χορηγεῖται
912 5223 970 5276 δὲ
1017 5225 1216 5296 μᾶλλον
1266 5229 1380 5292 τοῖς
1423 5230 1598 5299 ἁγίοις
1649 5214 1805 5307 παρά

199 5306 428 5378 Πατρὸς
459 5308 528 5361 δι’
567 5311 718 5366 Υίοῦ.
762 5313 864 5367 Διὰ
902 5314 1113 5387 γάρτοι
1137 5317 1316 5385 τοῦτο,
1355 5319 1552 5376 διδόναι
1576 5323 1804 5396 λεγομέ-

198 5414 299 5451 νου
334 5396 433 5451 τοῦ
462 5400 696 5472 Πατρός,
728 5404 757 5457 6
796 5405 864 5459 δι’
898 5400 960 5458 οὖ
988 5408 1057 5462 τὰ
1113 5409 1289 5465 πάντα
1338 5412 1552 5471 δίδωσιν
1579 5417 1608 5470 ό
1632 5417 1761 5484 Υἱός
1785 5435 1798 5450 °

206 5491 323 5560 καὶ,
356 5490 563 5546 διδόναι
612 5494 902 5569 λεγομένου
953 5500 1048 5555 τοῦ
1081 5502 1234 5570 Υῐοῦ,
1264 5506 1293 5558 6
1333 5505 1393 5572 ἐξ
1427 5502 1487 5564 οὗ
1525 5510 1592 5566 τὰ
1621 5514 1801 5570 πάντα

280 5666 328 5699 δ’
422 5666 583 5723 Joan.
632 5686 702 5737 ιι,
738 5672 789 5727 l.
867 5676 911 5708 ³ο
954 5674 1113 5738 Joan.
1144 5696 1234 5746 xv,
1264 5682 1354 5736 22.

1911 4513 1968 4558 et
1996 4502 2170 4560 Filius
2199 4513 2287 4560 est
2324 4505 2380 4560 in
2416 4506 2597 4561 Patre.
2642 4506 2745 4562 Dat
2787 4523 2918 4564 vero
2955 4506 3299 4565 Paracletum
3323 4550 3337 4573 ,
3373 4511 3492 4567 sive

1914 4594 2178 4665 Spiritum
2226 4606 2512 4665 sanctum,
2562 4614 2672 4654 non
2721 4601 2953 4657 seorsim
3006 4602 3227 4674 quidem
3278 4602 3489 4669 Pater,

1911 4691 2146 4746 seorsim
2176 4706 2307 4747 vero
2331 4689 2524 4757 Filius,
2556 4692 2651 4748 sed
2683 4693 2865 4763 potius
2897 4696 3106 4750 sanctis
3137 4710 3167 4750 a
3200 4694 3361 4752 Patre
3383 4705 3493 4752 tra-

1909 4781 2058 4838 ditur
2088 4797 2187 4853 per
2221 4781 2441 4839 Filium.
2489 4782 2707 4840 Idcirco
2752 4786 2899 4840 enim
2925 4826 2938 4847 .
2983 4801 3108 4841 cum
3160 4786 3318 4843 Pater
3358 4788 3492 4845 dare

1910 4874 2150 4936 dicitur.
2188 4873 2235 4928 is
2268 4890 2366 4945 per
2391 4878 2554 4945 quem
2585 4876 2769 4930 omnia
2801 4875 3105 4941 ,traduntur
3141 4876 3235 4931 dat
3269 4894 3491 4948 quoque

1912 4963 2124 5021 Filius:
2158 4974 2233 5032 et,
2267 4981 2392 5021 cum
2428 4965 2634 5020 dicitur
2666 4966 2799 5023 dare
2826 4965 3022 5031 Filius,
3061 4966 3107 5022 is
3137 4981 3204 5022 ex
3228 4982 3338 5037 quo
3366 4984 3488 5022 om-

1910 5058 1999 5113 nia
2024 5058 2118 5113 dat
2149 5057 2330 5114 Pater.
2361 5056 2516 5125 Quod
2549 5065 2731 5115 autem
2764 5059 2986 5114 divinus
3015 5073 3080 5112 ac
3110 5073 3220 5112 non
3256 5058 3488 5115 diversm

1909 5150 1978 5206 ab
2009 5151 2130 5220 ipso
2157 5149 2321 5205 Patre
2349 5160 2402 5206 et
2430 5149 2568 5206 Filio
2599 5151 2923 5206 substantiae
2957 5152 3029 5205 sit
3065 5147 3306 5218 Spiritus
3327 5187 3342 5212 ,
3384 5166 3484 5204 ne-
3574 5234 3575 5237 η

1907 5242 2045 5298 mini
2094 5254 2242 5298 sanae
2273 5242 2475 5297 mentis
2503 5242 2731 5298 dubium
2768 5255 2891 5297 esse
2925 5248 3086 5310 puto,
3120 5247 3286 5310 atque
3338 5248 3398 5294 ut
3432 5242 3484 5296 id

1911 5334 2207 5390 credamus
2229 5333 2371 5388 ratio
2393 5334 2708 5390 necessaria
2740 5346 2845 5387 nos
2874 5329 3075 5400 adiget.
3108 5328 3164 5385 Si
3189 5330 3314 5400 quis
3336 5332 3484 5386 enim

1908 5441 2031 5483 eum
2066 5441 2129 5482 ex
2162 5427 2470 5484 substantia
2506 5425 2598 5482 Dei
2628 5440 2751 5481 esse
2784 5429 2982 5495 negat,
3023 5422 3299 5494 quomodo
3326 5437 3491 5479 crea-

1909 5524 2030 5573 tura
2066 5517 2286 5574 demum
2325 5519 2431 5575 erit
2471 5517 2564 5573 Dei
2607 5514 2886 5588 particeps
2910 5555 2927 5585 ,
2956 5523 3186 5587 accepto
3234 5512 3442 5585 Spiritu
3466 5512 3494 5568 ἲ
