  <div class='ocr_page' id='page_1' title='image "/cluster/home/n/w/nwhite01/storage/ocr_20150623/74/hvd.32044048207120/135.png"; bbox 0 0 4042 6204; ppageno 0'>
   <div class='ocr_carea' id='block_1_1' title="bbox 517 293 624 352">
    <p class='ocr_par' dir='ltr' id='par_1_1' title="bbox 517 293 624 352">
     <span class='ocr_line' id='line_1_1' title="bbox 517 293 624 352; baseline -0.037 0"><span class='ocrx_word' id='word_1_1' title='bbox 517 293 624 352; x_wconf 69' lang='grc'><strong>259</strong></span> 
     </span>
    </p>
   </div>
   <div class='ocr_carea' id='block_1_2' title="bbox 1479 290 2731 349">
    <p class='ocr_par' dir='ltr' id='par_1_2' title="bbox 1479 290 2731 349">
     <span class='ocr_line' id='line_1_2' title="bbox 1479 290 2731 349; baseline -0.002 -3"><span class='ocrx_word' id='word_1_2' title='bbox 1479 291 1538 347; x_wconf 90' lang='lat' dir='ltr'><strong>S.</strong></span> <span class='ocrx_word' id='word_1_3' title='bbox 1581 290 1858 349; x_wconf 64' lang='lat' dir='ltr'><strong>CYRII.“</strong></span> <span class='ocrx_word' id='word_1_4' title='bbox 1901 290 2370 347; x_wconf 73' lang='lat' dir='ltr'><strong>ALEXANDRINI</strong></span> <span class='ocrx_word' id='word_1_5' title='bbox 2409 291 2731 348; x_wconf 78' lang='lat' dir='ltr'><strong>ARCIIIEP.</strong></span> 
     </span>
    </p>
   </div>
   <div class='ocr_carea' id='block_1_3' title="bbox 3682 291 3792 346">
    <p class='ocr_par' dir='ltr' id='par_1_3' title="bbox 3682 291 3792 346">
     <span class='ocr_line' id='line_1_3' title="bbox 3682 291 3792 346; baseline 0 0"><span class='ocrx_word' id='word_1_6' title='bbox 3682 291 3792 346; x_wconf 77' lang='lat'><strong>260</strong></span> 
     </span>
    </p>
   </div>
   <div class='ocr_carea' id='block_1_4' title="bbox 518 401 2098 478">
    <p class='ocr_par' dir='ltr' id='par_1_4' title="bbox 518 404 2094 477">
     <span class='ocr_line' id='line_1_4' title="bbox 518 404 2094 477; baseline -0.001 -16"><span class='ocrx_word' id='word_1_7' title='bbox 518 404 921 476; x_wconf 81' lang='lat' dir='ltr'><strong>Autquomodo</strong></span> <span class='ocrx_word' id='word_1_8' title='bbox 950 405 1152 477; x_wconf 90' lang='lat' dir='ltr'><strong>templa</strong></span> <span class='ocrx_word' id='word_1_9' title='bbox 1189 405 1279 461; x_wconf 90' lang='lat' dir='ltr'><strong>Dei</strong></span> <span class='ocrx_word' id='word_1_10' title='bbox 1310 405 1757 474; x_wconf 89' lang='lat' dir='ltr'><strong>nuncupabimur</strong></span> <span class='ocrx_word' id='word_1_11' title='bbox 1779 414 1836 460; x_wconf 90' lang='lat' dir='ltr'><strong>et</strong></span> <span class='ocrx_word' id='word_1_12' title='bbox 1861 407 2094 472; x_wconf 97' lang='lat' dir='ltr'><strong>erimus,</strong></span> 
     </span>
    </p>
   </div>
   <div class='ocr_carea' id='block_1_5' title="bbox 2203 401 3792 478">
    <p class='ocr_par' dir='ltr' id='par_1_5' title="bbox 2203 401 3792 478">
     <span class='ocr_line' id='line_1_5' title="bbox 2203 401 3792 478; baseline -0.003 -17"><span class='ocrx_word' id='word_1_13' title='bbox 2203 407 2458 461; x_wconf 87' lang='grc' dir='ltr'>δίδωσινό</span> <span class='ocrx_word' id='word_1_14' title='bbox 2482 407 2690 478; x_wconf 88' lang='grc' dir='ltr'>Πατήρ.</span> <span class='ocrx_word' id='word_1_15' title='bbox 2722 406 2847 458; x_wconf 87' lang='grc' dir='ltr'>’Ότι</span> <span class='ocrx_word' id='word_1_16' title='bbox 2873 403 2930 458; x_wconf 83' lang='grc' dir='ltr'>δὲ</span> <span class='ocrx_word' id='word_1_17' title='bbox 2963 402 3107 457; x_wconf 86' lang='grc' dir='ltr'>θεῖόν</span> <span class='ocrx_word' id='word_1_18' title='bbox 3131 419 3190 456; x_wconf 86' lang='grc' dir='ltr'><strong>τε</strong></span> <span class='ocrx_word' id='word_1_19' title='bbox 3227 402 3321 456; x_wconf 79' lang='grc' dir='ltr'><strong>καὶ</strong></span> <span class='ocrx_word' id='word_1_20' title='bbox 3343 401 3404 455; x_wconf 75' lang='grc' dir='ltr'>τὸ</span> <span class='ocrx_word' id='word_1_21' title='bbox 3430 401 3661 474; x_wconf 82' lang='grc' dir='ltr'><strong>Πνεῦμα</strong></span> <span class='ocrx_word' id='word_1_22' title='bbox 3698 408 3792 460; x_wconf 80' lang='grc' dir='ltr'><strong>καὶ</strong></span> 
     </span>
    </p>
   </div>
   <div class='ocr_carea' id='block_1_6' title="bbox 520 498 2099 568">
    <p class='ocr_par' dir='ltr' id='par_1_6' title="bbox 520 498 2099 568">
     <span class='ocr_line' id='line_1_6' title="bbox 520 498 2099 568; baseline -0.002 -13"><span class='ocrx_word' id='word_1_23' title='bbox 520 502 566 555; x_wconf 81' lang='lat' dir='ltr'><strong>si</strong></span> <span class='ocrx_word' id='word_1_24' title='bbox 601 508 848 555; x_wconf 83' lang='lat' dir='ltr'><strong>creatum</strong></span> <span class='ocrx_word' id='word_1_25' title='bbox 885 507 979 554; x_wconf 90' lang='lat' dir='ltr'><strong>aut</strong></span> <span class='ocrx_word' id='word_1_26' title='bbox 1011 499 1376 568; x_wconf 78' lang='lat' dir='ltr'><strong>alienigenam</strong></span> <span class='ocrx_word' id='word_1_27' title='bbox 1427 499 1680 568; x_wconf 91' lang='lat' dir='ltr'><strong>spiritum</strong></span> <span class='ocrx_word' id='word_1_28' title='bbox 1723 498 2099 567; x_wconf 85' lang='lat' dir='ltr'><strong>accipiamus,</strong></span> 
     </span>
    </p>
   </div>
   <div class='ocr_carea' id='block_1_7' title="bbox 519 587 2102 660">
    <p class='ocr_par' dir='ltr' id='par_1_7' title="bbox 519 587 2102 660">
     <span class='ocr_line' id='line_1_7' title="bbox 519 587 2102 660; baseline -0.005 -12"><span class='ocrx_word' id='word_1_29' title='bbox 519 610 629 648; x_wconf 83' lang='lat' dir='ltr'><strong>non</strong></span> <span class='ocrx_word' id='word_1_30' title='bbox 663 599 844 647; x_wconf 78' lang='lat' dir='ltr'><strong>autem</strong></span> <span class='ocrx_word' id='word_1_31' title='bbox 879 593 1030 645; x_wconf 91' lang='lat' dir='ltr'><strong>illum</strong></span> <span class='ocrx_word' id='word_1_32' title='bbox 1071 593 1166 660; x_wconf 85' lang='lat' dir='ltr'><strong>qui</strong></span> <span class='ocrx_word' id='word_1_33' title='bbox 1214 606 1278 644; x_wconf 80' lang='lat' dir='ltr'><strong>ex</strong></span> <span class='ocrx_word' id='word_1_34' title='bbox 1322 589 1433 644; x_wconf 91' lang='lat' dir='ltr'><strong>Deo</strong></span> <span class='ocrx_word' id='word_1_35' title='bbox 1461 591 1588 644; x_wconf 88' lang='lat' dir='ltr'><strong>est?</strong></span> <span class='ocrx_word' id='word_1_36' title='bbox 1618 587 1910 654; x_wconf 85' lang='lat' dir='ltr'><strong>Quomodo</strong></span> <span class='ocrx_word' id='word_1_37' title='bbox 1941 595 2102 641; x_wconf 90' lang='lat' dir='ltr'><strong>natu-</strong></span> 
     </span>
    </p>
   </div>
   <div class='ocr_carea' id='block_1_8' title="bbox 519 681 2105 750">
    <p class='ocr_par' dir='ltr' id='par_1_8' title="bbox 519 681 2105 750">
     <span class='ocr_line' id='line_1_8' title="bbox 519 681 2105 750; baseline -0.003 -12"><span class='ocrx_word' id='word_1_38' title='bbox 519 701 594 741; x_wconf 64' lang='grc' dir='ltr'>ηρ</span> <span class='ocrx_word' id='word_1_39' title='bbox 637 684 836 739; x_wconf 68' lang='grc' dir='ltr'>(Ιίνὶηω</span> <span class='ocrx_word' id='word_1_40' title='bbox 881 691 1169 738; x_wconf 79' lang='lat' dir='ltr'><strong>consortes</strong></span> <span class='ocrx_word' id='word_1_41' title='bbox 1213 682 1259 713; x_wconf 78' lang='grc'><strong>⁸⁸</strong></span> <span class='ocrx_word' id='word_1_42' title='bbox 1289 720 1304 744; x_wconf 89' lang='grc'>,</span> <span class='ocrx_word' id='word_1_43' title='bbox 1365 681 1520 750; x_wconf 79' lang='lat' dir='ltr'><strong>juxta</strong></span> <span class='ocrx_word' id='word_1_44' title='bbox 1579 691 1896 740; x_wconf 78' lang='lat' dir='ltr'><strong>sanctorum</strong></span> <span class='ocrx_word' id='word_1_45' title='bbox 1943 693 2105 734; x_wconf 79' lang='lat' dir='ltr'><strong>voces</strong></span> 
     </span>
    </p>
   </div>
   <div class='ocr_carea' id='block_1_9' title="bbox 520 753 2103 849">
    <p class='ocr_par' dir='ltr' id='par_1_9' title="bbox 520 753 2103 849">
     <span class='ocr_line' id='line_1_9' title="bbox 520 753 2103 849; baseline -0.004 -19"><span class='ocrx_word' id='word_1_46' title='bbox 520 779 648 849; x_wconf 80' lang='lat' dir='ltr'><strong>[qui</strong></span> <span class='ocrx_word' id='word_1_47' title='bbox 673 775 914 846; x_wconf 78' lang='lat' dir='ltr'><strong>Spiritus</strong></span> <span class='ocrx_word' id='word_1_48' title='bbox 933 775 1231 845; x_wconf 76' lang='lat' dir='ltr'><strong>participes</strong></span> <span class='ocrx_word' id='word_1_49' title='bbox 1258 774 1396 828; x_wconf 88' lang='lat' dir='ltr'><strong>fiunt</strong></span> <span class='ocrx_word' id='word_1_50' title='bbox 1421 773 1502 846; x_wconf 78' lang='lat'><strong>“]</strong></span> <span class='ocrx_word' id='word_1_51' title='bbox 1521 814 1535 838; x_wconf 93' lang='lat'><strong>,</strong></span> <span class='ocrx_word' id='word_1_52' title='bbox 1565 775 1612 828; x_wconf 88' lang='lat' dir='ltr'><strong>si</strong></span> <span class='ocrx_word' id='word_1_53' title='bbox 1644 774 1699 827; x_wconf 93' lang='lat' dir='ltr'><strong>in</strong></span> <span class='ocrx_word' id='word_1_54' title='bbox 1723 753 2103 828; x_wconf 65' lang='lat' dir='ltr'><strong>creaturarum</strong></span> 
     </span>
    </p>
   </div>
   <div class='ocr_carea' id='block_1_10' title="bbox 519 865 2106 938">
    <p class='ocr_par' dir='ltr' id='par_1_10' title="bbox 519 865 2106 938">
     <span class='ocr_line' id='line_1_10' title="bbox 519 865 2106 938; baseline -0.001 -17"><span class='ocrx_word' id='word_1_55' title='bbox 519 881 752 921; x_wconf 83' lang='lat' dir='ltr'><strong>numero</strong></span> <span class='ocrx_word' id='word_1_56' title='bbox 784 867 1089 938; x_wconf 76' lang='lat' dir='ltr'><strong>collocatur</strong></span> <span class='ocrx_word' id='word_1_57' title='bbox 1114 904 1129 931; x_wconf 94' lang='lat'><strong>,</strong></span> <span class='ocrx_word' id='word_1_58' title='bbox 1181 880 1245 920; x_wconf 88' lang='lat' dir='ltr'><strong>ac</strong></span> <span class='ocrx_word' id='word_1_59' title='bbox 1286 881 1394 920; x_wconf 84' lang='lat' dir='ltr'><strong>non</strong></span> <span class='ocrx_word' id='word_1_60' title='bbox 1425 867 1614 938; x_wconf 90' lang='lat' dir='ltr'><strong>potius</strong></span> <span class='ocrx_word' id='word_1_61' title='bbox 1653 881 1720 921; x_wconf 83' lang='lat' dir='ltr'><strong>ex</strong></span> <span class='ocrx_word' id='word_1_62' title='bbox 1759 865 1880 936; x_wconf 87' lang='lat' dir='ltr'><strong>ipsa</strong></span> <span class='ocrx_word' id='word_1_63' title='bbox 1909 873 2106 920; x_wconf 87' lang='lat' dir='ltr'><strong>natura</strong></span> 
     </span>
    </p>
   </div>
   <div class='ocr_carea' id='block_1_11' title="bbox 517 955 2105 1027">
    <p class='ocr_par' dir='ltr' id='par_1_11' title="bbox 517 955 2105 1027">
     <span class='ocr_line' id='line_1_11' title="bbox 517 955 2105 1027; baseline -0.004 -13"><span class='ocrx_word' id='word_1_64' title='bbox 517 959 679 1027; x_wconf 77' lang='lat'><strong>811</strong></span> <span class='ocrx_word' id='word_1_65' title='bbox 717 957 904 1012; x_wconf 88' lang='lat' dir='ltr'><strong>divina</strong></span> <span class='ocrx_word' id='word_1_66' title='bbox 931 956 1206 1026; x_wconf 87' lang='lat' dir='ltr'><strong>procedit,</strong></span> <span class='ocrx_word' id='word_1_67' title='bbox 1227 958 1319 1026; x_wconf 89' lang='lat' dir='ltr'><strong>qui</strong></span> <span class='ocrx_word' id='word_1_68' title='bbox 1351 972 1460 1011; x_wconf 91' lang='lat' dir='ltr'><strong>non</strong></span> <span class='ocrx_word' id='word_1_69' title='bbox 1488 968 1548 1010; x_wconf 92' lang='lat' dir='ltr'><strong>ut</strong></span> <span class='ocrx_word' id='word_1_70' title='bbox 1569 957 1786 1012; x_wconf 86' lang='lat' dir='ltr'><strong>alienus</strong></span> <span class='ocrx_word' id='word_1_71' title='bbox 1812 971 1907 1026; x_wconf 89' lang='lat' dir='ltr'><strong>per</strong></span> <span class='ocrx_word' id='word_1_72' title='bbox 1931 955 2105 1024; x_wconf 86' lang='lat' dir='ltr'><strong>ipsam</strong></span> 
     </span>
    </p>
   </div>
   <div class='ocr_carea' id='block_1_12' title="bbox 522 1045 2107 1118">
    <p class='ocr_par' dir='ltr' id='par_1_12' title="bbox 522 1045 2107 1118">
     <span class='ocr_line' id='line_1_12' title="bbox 522 1045 2107 1118; baseline -0.001 -16"><span class='ocrx_word' id='word_1_73' title='bbox 522 1051 574 1102; x_wconf 89' lang='lat' dir='ltr'><strong>in</strong></span> <span class='ocrx_word' id='word_1_74' title='bbox 616 1064 717 1102; x_wconf 87' lang='lat' dir='ltr'><strong>nos</strong></span> <span class='ocrx_word' id='word_1_75' title='bbox 755 1049 1030 1118; x_wconf 85' lang='lat' dir='ltr'><strong>pervenit,</strong></span> <span class='ocrx_word' id='word_1_76' title='bbox 1074 1046 1195 1112; x_wconf 91' lang='lat' dir='ltr'><strong>sed,</strong></span> <span class='ocrx_word' id='word_1_77' title='bbox 1224 1057 1283 1102; x_wconf 93' lang='lat' dir='ltr'><strong>ut</strong></span> <span class='ocrx_word' id='word_1_78' title='bbox 1323 1051 1400 1102; x_wconf 86' lang='lat' dir='ltr'><strong>ita</strong></span> <span class='ocrx_word' id='word_1_79' title='bbox 1440 1047 1906 1117; x_wconf 89' lang='lat' dir='ltr'><strong>dicam,qualitas</strong></span> <span class='ocrx_word' id='word_1_80' title='bbox 1940 1045 2107 1102; x_wconf 83' lang='lat' dir='ltr'><strong>veluti</strong></span> 
     </span>
    </p>
   </div>
   <div class='ocr_carea' id='block_1_13' title="bbox 519 1138 2110 1210">
    <p class='ocr_par' dir='ltr' id='par_1_13' title="bbox 519 1138 2110 1210">
     <span class='ocr_line' id='line_1_13' title="bbox 519 1138 2110 1210; baseline -0.001 -16"><span class='ocrx_word' id='word_1_81' title='bbox 519 1141 768 1210; x_wconf 77' lang='lat' dir='ltr'><strong>quaedam</strong></span> <span class='ocrx_word' id='word_1_82' title='bbox 821 1140 1047 1196; x_wconf 89' lang='lat' dir='ltr'><strong>deitatis</strong></span> <span class='ocrx_word' id='word_1_83' title='bbox 1075 1149 1161 1196; x_wconf 90' lang='lat' dir='ltr'><strong>est</strong></span> <span class='ocrx_word' id='word_1_84' title='bbox 1195 1141 1248 1194; x_wconf 92' lang='lat' dir='ltr'><strong>in</strong></span> <span class='ocrx_word' id='word_1_85' title='bbox 1297 1141 1476 1205; x_wconf 77' lang='lat' dir='ltr'><strong>nobis,</strong></span> <span class='ocrx_word' id='word_1_86' title='bbox 1529 1147 1585 1195; x_wconf 82' lang='lat' dir='ltr'><strong>et</strong></span> <span class='ocrx_word' id='word_1_87' title='bbox 1617 1141 1670 1194; x_wconf 93' lang='lat' dir='ltr'><strong>iu</strong></span> <span class='ocrx_word' id='word_1_88' title='bbox 1702 1138 1914 1196; x_wconf 89' lang='lat' dir='ltr'><strong>sanctis</strong></span> <span class='ocrx_word' id='word_1_89' title='bbox 1949 1138 2110 1194; x_wconf 79' lang='lat' dir='ltr'><strong>habi-</strong></span> 
     </span>
    </p>
   </div>
   <div class='ocr_carea' id='block_1_14' title="bbox 521 1231 2108 1302">
    <p class='ocr_par' dir='ltr' id='par_1_14' title="bbox 521 1231 2108 1302">
     <span class='ocr_line' id='line_1_14' title="bbox 521 1231 2108 1302; baseline -0.001 -17"><span class='ocrx_word' id='word_1_90' title='bbox 521 1242 621 1295; x_wconf 90' lang='lat' dir='ltr'><strong>tat,</strong></span> <span class='ocrx_word' id='word_1_91' title='bbox 664 1241 958 1301; x_wconf 80' lang='lat' dir='ltr'><strong>manetque.</strong></span> <span class='ocrx_word' id='word_1_92' title='bbox 1008 1247 1245 1302; x_wconf 89' lang='lat' dir='ltr'><strong>semper,</strong></span> <span class='ocrx_word' id='word_1_93' title='bbox 1278 1233 1323 1287; x_wconf 91' lang='lat' dir='ltr'><strong>si</strong></span> <span class='ocrx_word' id='word_1_94' title='bbox 1373 1247 1487 1288; x_wconf 62' lang='lat' dir='ltr'><strong>suae</strong></span> <span class='ocrx_word' id='word_1_95' title='bbox 1532 1232 1732 1286; x_wconf 88' lang='lat' dir='ltr'><strong>mentis</strong></span> <span class='ocrx_word' id='word_1_96' title='bbox 1769 1231 1990 1285; x_wconf 91' lang='lat' dir='ltr'><strong>oculum</strong></span> <span class='ocrx_word' id='word_1_97' title='bbox 2011 1247 2108 1301; x_wconf 91' lang='lat' dir='ltr'><strong>per</strong></span> 
     </span>
    </p>
   </div>
   <div class='ocr_carea' id='block_1_15' title="bbox 519 1320 2107 1394">
    <p class='ocr_par' dir='ltr' id='par_1_15' title="bbox 519 1320 2107 1394">
     <span class='ocr_line' id='line_1_15' title="bbox 519 1320 2107 1394; baseline 0 -17"><span class='ocrx_word' id='word_1_98' title='bbox 519 1339 684 1378; x_wconf 88' lang='lat' dir='ltr'><strong>omne</strong></span> <span class='ocrx_word' id='word_1_99' title='bbox 703 1323 992 1394; x_wconf 82' lang='lat' dir='ltr'><strong>probitatis</strong></span> <span class='ocrx_word' id='word_1_100' title='bbox 1012 1339 1186 1394; x_wconf 81' lang='lat' dir='ltr'><strong>genus</strong></span> <span class='ocrx_word' id='word_1_101' title='bbox 1209 1331 1527 1394; x_wconf 80' lang='lat' dir='ltr'><strong>purgantes,</strong></span> <span class='ocrx_word' id='word_1_102' title='bbox 1553 1331 1608 1377; x_wconf 89' lang='lat' dir='ltr'><strong>et</strong></span> <span class='ocrx_word' id='word_1_103' title='bbox 1624 1337 1720 1392; x_wconf 86' lang='lat' dir='ltr'><strong>per</strong></span> <span class='ocrx_word' id='word_1_104' title='bbox 1736 1320 1962 1376; x_wconf 88' lang='lat' dir='ltr'><strong>virtutis</strong></span> <span class='ocrx_word' id='word_1_105' title='bbox 1978 1321 2107 1392; x_wconf 81' lang='lat' dir='ltr'><strong>iuge</strong></span> 
     </span>
    </p>
   </div>
   <div class='ocr_carea' id='block_1_16' title="bbox 519 1415 2102 1485">
    <p class='ocr_par' dir='ltr' id='par_1_16' title="bbox 519 1415 2102 1485">
     <span class='ocr_line' id='line_1_16' title="bbox 519 1415 2102 1485; baseline -0.003 -15"><span class='ocrx_word' id='word_1_106' title='bbox 519 1425 576 1471; x_wconf 84' lang='lat' dir='ltr'><strong>et</strong></span> <span class='ocrx_word' id='word_1_107' title='bbox 621 1415 962 1470; x_wconf 82' lang='lat' dir='ltr'><strong>indefessum</strong></span> <span class='ocrx_word' id='word_1_108' title='bbox 1008 1415 1251 1469; x_wconf 87' lang='lat' dir='ltr'><strong>studium</strong></span> <span class='ocrx_word' id='word_1_109' title='bbox 1312 1416 1545 1485; x_wconf 80' lang='lat' dir='ltr'><strong>gratiam</strong></span> <span class='ocrx_word' id='word_1_110' title='bbox 1587 1415 1692 1470; x_wconf 88' lang='lat' dir='ltr'><strong>sibi</strong></span> <span class='ocrx_word' id='word_1_111' title='bbox 1747 1421 2102 1470; x_wconf 80' lang='lat' dir='ltr'><strong>conservent.</strong></span> 
     </span>
    </p>
   </div>
   <div class='ocr_carea' id='block_1_17' title="bbox 519 1502 2143 1578">
    <p class='ocr_par' dir='ltr' id='par_1_17' title="bbox 519 1502 2143 1578">
     <span class='ocr_line' id='line_1_17' title="bbox 519 1502 2143 1578; baseline 0.001 -19"><span class='ocrx_word' id='word_1_112' title='bbox 519 1506 701 1576; x_wconf 89' lang='lat' dir='ltr'><strong>Ipsum</strong></span> <span class='ocrx_word' id='word_1_113' title='bbox 725 1507 926 1576; x_wconf 88' lang='lat' dir='ltr'><strong>quippe</strong></span> <span class='ocrx_word' id='word_1_114' title='bbox 949 1510 1016 1561; x_wconf 90' lang='lat' dir='ltr'><strong>ab</strong></span> <span class='ocrx_word' id='word_1_115' title='bbox 1047 1507 1121 1563; x_wconf 92' lang='lat' dir='ltr'><strong>iis</strong></span> <span class='ocrx_word' id='word_1_116' title='bbox 1151 1508 1243 1578; x_wconf 88' lang='lat' dir='ltr'><strong>qui</strong></span> <span class='ocrx_word' id='word_1_117' title='bbox 1270 1507 1324 1560; x_wconf 94' lang='lat' dir='ltr'><strong>in</strong></span> <span class='ocrx_word' id='word_1_118' title='bbox 1357 1507 1562 1562; x_wconf 91' lang='lat' dir='ltr'><strong>mundo</strong></span> <span class='ocrx_word' id='word_1_119' title='bbox 1583 1513 1715 1563; x_wconf 89' lang='lat' dir='ltr'><strong>sunt</strong></span> <span class='ocrx_word' id='word_1_120' title='bbox 1740 1521 1839 1561; x_wconf 90' lang='lat' dir='ltr'><strong>nec</strong></span> <span class='ocrx_word' id='word_1_121' title='bbox 1857 1507 1979 1577; x_wconf 90' lang='lat' dir='ltr'><strong>capi</strong></span> <span class='ocrx_word' id='word_1_122' title='bbox 2003 1521 2106 1562; x_wconf 88' lang='lat' dir='ltr'><strong>nec</strong></span> <span class='ocrx_word' id='word_1_123' title='bbox 2137 1502 2143 1508; x_wconf 84' lang='grc'><em>’</em></span> 
     </span>
    </p>
   </div>
   <div class='ocr_carea' id='block_1_18' title="bbox 519 1598 2104 1669">
    <p class='ocr_par' dir='ltr' id='par_1_18' title="bbox 519 1598 2104 1669">
     <span class='ocr_line' id='line_1_18' title="bbox 519 1598 2104 1669; baseline -0.001 -15"><span class='ocrx_word' id='word_1_124' title='bbox 519 1598 916 1669; x_wconf 90' lang='lat' dir='ltr'><strong>comprehendi</strong></span> <span class='ocrx_word' id='word_1_125' title='bbox 961 1614 1128 1668; x_wconf 89' lang='lat' dir='ltr'><strong>posse</strong></span> <span class='ocrx_word' id='word_1_126' title='bbox 1167 1599 1434 1654; x_wconf 81' lang='lat' dir='ltr'><strong>Christus</strong></span> <span class='ocrx_word' id='word_1_127' title='bbox 1480 1599 1584 1663; x_wconf 91' lang='lat' dir='ltr'><strong>ait,</strong></span> <span class='ocrx_word' id='word_1_128' title='bbox 1617 1599 1723 1653; x_wconf 88' lang='lat' dir='ltr'><strong>hoc</strong></span> <span class='ocrx_word' id='word_1_129' title='bbox 1771 1606 1858 1654; x_wconf 90' lang='lat' dir='ltr'><strong>est</strong></span> <span class='ocrx_word' id='word_1_130' title='bbox 1901 1599 1971 1653; x_wconf 91' lang='lat' dir='ltr'><strong>iis</strong></span> <span class='ocrx_word' id='word_1_131' title='bbox 2009 1599 2104 1668; x_wconf 90' lang='lat' dir='ltr'><strong>qui</strong></span> 
     </span>
    </p>
   </div>
   <div class='ocr_carea' id='block_1_19' title="bbox 518 1689 2101 1762">
    <p class='ocr_par' dir='ltr' id='par_1_19' title="bbox 518 1689 2101 1762">
     <span class='ocr_line' id='line_1_19' title="bbox 518 1689 2101 1762; baseline -0.002 -15"><span class='ocrx_word' id='word_1_132' title='bbox 518 1707 641 1762; x_wconf 67' lang='lat' dir='ltr'><strong>qua:</strong></span> <span class='ocrx_word' id='word_1_133' title='bbox 681 1691 875 1746; x_wconf 89' lang='lat' dir='ltr'><strong>mundi</strong></span> <span class='ocrx_word' id='word_1_134' title='bbox 927 1699 1058 1747; x_wconf 91' lang='lat' dir='ltr'><strong>sunt</strong></span> <span class='ocrx_word' id='word_1_135' title='bbox 1096 1693 1322 1762; x_wconf 89' lang='lat' dir='ltr'><strong>sapiunt</strong></span> <span class='ocrx_word' id='word_1_136' title='bbox 1380 1706 1445 1748; x_wconf 90' lang='lat' dir='ltr'><strong>ac</strong></span> <span class='ocrx_word' id='word_1_137' title='bbox 1492 1699 1717 1746; x_wconf 85' lang='lat' dir='ltr'><strong>terrena</strong></span> <span class='ocrx_word' id='word_1_138' title='bbox 1769 1689 2010 1761; x_wconf 81' lang='lat' dir='ltr'><strong>diligunt</strong></span> <span class='ocrx_word' id='word_1_139' title='bbox 2031 1691 2101 1754; x_wconf 82' lang='grc'><strong>⁸⁷,</strong></span> 
     </span>
    </p>
   </div>
   <div class='ocr_carea' id='block_1_20' title="bbox 2204 494 3793 569">
    <p class='ocr_par' dir='ltr' id='par_1_20' title="bbox 2204 494 3793 569">
     <span class='ocr_line' id='line_1_20' title="bbox 2204 494 3793 569; baseline -0.001 -18"><span class='ocrx_word' id='word_1_140' title='bbox 2204 499 2302 568; x_wconf 63' lang='grc' dir='ltr'>οὐχ</span> <span class='ocrx_word' id='word_1_141' title='bbox 2323 497 2658 568; x_wconf 86' lang='grc' dir='ltr'>έτεροούσιον</span> <span class='ocrx_word' id='word_1_142' title='bbox 2687 497 2761 560; x_wconf 85' lang='grc' dir='ltr'>ὼς</span> <span class='ocrx_word' id='word_1_143' title='bbox 2795 496 2934 566; x_wconf 81' lang='grc' dir='ltr'>πρὸς</span> <span class='ocrx_word' id='word_1_144' title='bbox 2962 495 3124 550; x_wconf 81' lang='grc' dir='ltr'>αὐτόν</span> <span class='ocrx_word' id='word_1_145' title='bbox 3163 494 3226 548; x_wconf 91' lang='grc' dir='ltr'><strong>τέ</strong></span> <span class='ocrx_word' id='word_1_146' title='bbox 3265 511 3408 565; x_wconf 81' lang='grc' dir='ltr'>φημι</span> <span class='ocrx_word' id='word_1_147' title='bbox 3440 494 3531 548; x_wconf 79' lang='grc' dir='ltr'><strong>τὸν</strong></span> <span class='ocrx_word' id='word_1_148' title='bbox 3570 497 3793 569; x_wconf 79' lang='grc' dir='ltr'><strong>Πατέρα</strong></span> 
     </span>
    </p>
   </div>
   <div class='ocr_carea' id='block_1_21' title="bbox 2205 584 3792 661">
    <p class='ocr_par' dir='ltr' id='par_1_21' title="bbox 2205 584 3792 661">
     <span class='ocr_line' id='line_1_21' title="bbox 2205 584 3792 661; baseline -0.001 -17"><span class='ocrx_word' id='word_1_149' title='bbox 2205 591 2300 644; x_wconf 73' lang='grc' dir='ltr'><strong>καὶ</strong></span> <span class='ocrx_word' id='word_1_150' title='bbox 2327 590 2419 643; x_wconf 79' lang='grc' dir='ltr'>τὸν</span> <span class='ocrx_word' id='word_1_151' title='bbox 2431 589 2770 654; x_wconf 70' lang='grc' dir='ltr'>Υἱὸν,ούδενὶ</span> <span class='ocrx_word' id='word_1_152' title='bbox 2793 589 2891 661; x_wconf 83' lang='grc' dir='ltr'><strong>μὲν</strong></span> <span class='ocrx_word' id='word_1_153' title='bbox 2915 585 3067 660; x_wconf 77' lang='grc' dir='ltr'>οἶμαι</span> <span class='ocrx_word' id='word_1_154' title='bbox 3096 589 3206 642; x_wconf 86' lang='grc' dir='ltr'><strong>τῶν</strong></span> <span class='ocrx_word' id='word_1_155' title='bbox 3237 584 3296 640; x_wconf 82' lang='grc' dir='ltr'>εὖ</span> <span class='ocrx_word' id='word_1_156' title='bbox 3317 588 3660 659; x_wconf 80' lang='grc' dir='ltr'><strong>φρονούντων</strong></span> <span class='ocrx_word' id='word_1_157' title='bbox 3691 590 3792 644; x_wconf 85' lang='grc' dir='ltr'><strong>ὐπ-</strong></span> 
     </span>
    </p>
   </div>
   <div class='ocr_carea' id='block_1_22' title="bbox 2207 679 3792 753">
    <p class='ocr_par' dir='ltr' id='par_1_22' title="bbox 2207 679 3792 753">
     <span class='ocr_line' id='line_1_22' title="bbox 2207 679 3792 753; baseline 0 -17"><span class='ocrx_word' id='word_1_158' title='bbox 2207 683 2401 753; x_wconf 86' lang='grc' dir='ltr'>άρχειν</span> <span class='ocrx_word' id='word_1_159' title='bbox 2427 681 2749 752; x_wconf 79' lang='grc' dir='ltr'>ἀμφίϐολον,</span> <span class='ocrx_word' id='word_1_160' title='bbox 2774 681 2870 735; x_wconf 72' lang='grc' dir='ltr'>καὶ</span> <span class='ocrx_word' id='word_1_161' title='bbox 2897 681 3192 749; x_wconf 84' lang='grc' dir='ltr'>ἀναγκαῖος</span> <span class='ocrx_word' id='word_1_162' title='bbox 3220 679 3279 733; x_wconf 78' lang='grc' dir='ltr'>δὲ</span> <span class='ocrx_word' id='word_1_163' title='bbox 3314 681 3460 750; x_wconf 81' lang='grc' dir='ltr'>ἡμᾶς</span> <span class='ocrx_word' id='word_1_164' title='bbox 3507 681 3792 736; x_wconf 82' lang='grc' dir='ltr'>ἀναπείσει</span> 
     </span>
    </p>
   </div>
   <div class='ocr_carea' id='block_1_23' title="bbox 2205 769 3793 844">
    <p class='ocr_par' dir='ltr' id='par_1_23' title="bbox 2205 769 3793 844">
     <span class='ocr_line' id='line_1_23' title="bbox 2205 769 3793 844; baseline 0 -18"><span class='ocrx_word' id='word_1_165' title='bbox 2205 773 2380 837; x_wconf 83' lang='grc' dir='ltr'><strong>λόγος.</strong></span> <span class='ocrx_word' id='word_1_166' title='bbox 2409 775 2471 826; x_wconf 83' lang='lat' dir='ltr'><strong>Ei</strong></span> <span class='ocrx_word' id='word_1_167' title='bbox 2497 772 2733 844; x_wconf 73' lang='grc' dir='ltr'>γὰροούκ</span> <span class='ocrx_word' id='word_1_168' title='bbox 2760 769 2898 826; x_wconf 81' lang='grc' dir='ltr'>εἷναί</span> <span class='ocrx_word' id='word_1_169' title='bbox 2924 789 3009 833; x_wconf 90' lang='grc' dir='ltr'><strong>τις</strong></span> <span class='ocrx_word' id='word_1_170' title='bbox 3029 771 3159 824; x_wconf 86' lang='grc' dir='ltr'>αύτό</span> <span class='ocrx_word' id='word_1_171' title='bbox 3196 789 3361 842; x_wconf 85' lang='grc' dir='ltr'>φησιν</span> <span class='ocrx_word' id='word_1_172' title='bbox 3391 772 3455 824; x_wconf 83' lang='grc' dir='ltr'><strong>ἑκ</strong></span> <span class='ocrx_word' id='word_1_173' title='bbox 3483 771 3580 840; x_wconf 82' lang='grc' dir='ltr'>τῆς</span> <span class='ocrx_word' id='word_1_174' title='bbox 3605 772 3793 835; x_wconf 79' lang='grc' dir='ltr'><strong>οὐσίας</strong></span> 
     </span>
    </p>
   </div>
   <div class='ocr_carea' id='block_1_24' title="bbox 2205 862 3792 934">
    <p class='ocr_par' dir='ltr' id='par_1_24' title="bbox 2205 862 3792 934">
     <span class='ocr_line' id='line_1_24' title="bbox 2205 862 3792 934; baseline -0.001 -16"><span class='ocrx_word' id='word_1_175' title='bbox 2205 865 2302 918; x_wconf 89' lang='grc' dir='ltr'><strong>τοῦ</strong></span> <span class='ocrx_word' id='word_1_176' title='bbox 2357 864 2516 930; x_wconf 84' lang='grc' dir='ltr'>Θεοῦ,</span> <span class='ocrx_word' id='word_1_177' title='bbox 2549 864 2669 928; x_wconf 88' lang='grc' dir='ltr'><strong>πῶς</strong></span> <span class='ocrx_word' id='word_1_178' title='bbox 2707 864 2774 918; x_wconf 85' lang='grc' dir='ltr'><strong>ἂν</strong></span> <span class='ocrx_word' id='word_1_179' title='bbox 2823 862 2910 933; x_wconf 77' lang='grc' dir='ltr'><strong>εἴη</strong></span> <span class='ocrx_word' id='word_1_180' title='bbox 2943 863 3078 916; x_wconf 83' lang='grc' dir='ltr'>Θεοῦ</span> <span class='ocrx_word' id='word_1_181' title='bbox 3135 862 3360 934; x_wconf 81' lang='grc' dir='ltr'><strong>μέτοχος</strong></span> <span class='ocrx_word' id='word_1_182' title='bbox 3404 864 3438 933; x_wconf 81' lang='grc' dir='ltr'>ὴ</span> <span class='ocrx_word' id='word_1_183' title='bbox 3471 864 3680 927; x_wconf 83' lang='grc' dir='ltr'><strong>κτίσις,</strong></span> <span class='ocrx_word' id='word_1_184' title='bbox 3712 863 3792 916; x_wconf 84' lang='grc' dir='ltr'><strong>ἑτι</strong></span> 
     </span>
    </p>
   </div>
   <div class='ocr_carea' id='block_1_25' title="bbox 2206 955 3792 1027">
    <p class='ocr_par' dir='ltr' id='par_1_25' title="bbox 2206 955 3792 1027">
     <span class='ocr_line' id='line_1_25' title="bbox 2206 955 3792 1027; baseline 0 -16"><span class='ocrx_word' id='word_1_185' title='bbox 2206 957 2444 1012; x_wconf 73' lang='grc' dir='ltr'>λαϐοῦσα</span> <span class='ocrx_word' id='word_1_186' title='bbox 2473 956 2534 1010; x_wconf 84' lang='grc' dir='ltr'><strong>τὸ</strong></span> <span class='ocrx_word' id='word_1_187' title='bbox 2565 955 2789 1027; x_wconf 82' lang='grc' dir='ltr'>Πνεῦμα</span> <span class='ocrx_word' id='word_1_188' title='bbox 2813 973 2827 1021; x_wconf 89' lang='grc'><strong>;</strong></span> <span class='ocrx_word' id='word_1_189' title='bbox 2852 955 3009 1009; x_wconf 87' lang='grc' dir='ltr'>Κατά</span> <span class='ocrx_word' id='word_1_190' title='bbox 3038 956 3157 1009; x_wconf 87' lang='grc' dir='ltr'>τίνα</span> <span class='ocrx_word' id='word_1_191' title='bbox 3197 956 3253 1008; x_wconf 83' lang='grc' dir='ltr'>δὲ</span> <span class='ocrx_word' id='word_1_192' title='bbox 3285 956 3488 1026; x_wconf 77' lang='grc' dir='ltr'>τρόπον</span> <span class='ocrx_word' id='word_1_193' title='bbox 3511 957 3628 1009; x_wconf 72' lang='grc' dir='ltr'>ναοὶ</span> <span class='ocrx_word' id='word_1_194' title='bbox 3657 957 3792 1011; x_wconf 85' lang='grc' dir='ltr'>Θεοῦ</span> 
     </span>
    </p>
   </div>
   <div class='ocr_carea' id='block_1_26' title="bbox 2206 1047 3794 1120">
    <p class='ocr_par' dir='ltr' id='par_1_26' title="bbox 2206 1047 3794 1120">
     <span class='ocr_line' id='line_1_26' title="bbox 2206 1047 3794 1120; baseline -0.011 -12"><span class='ocrx_word' id='word_1_195' title='bbox 2206 1048 2625 1120; x_wconf 84' lang='grc' dir='ltr'>χρηματιοῦμεν</span> <span class='ocrx_word' id='word_1_196' title='bbox 2658 1048 2753 1102; x_wconf 75' lang='grc' dir='ltr'>καὶ</span> <span class='ocrx_word' id='word_1_197' title='bbox 2781 1047 3038 1117; x_wconf 74' lang='grc' dir='ltr'>ἐσόμεθα,</span> <span class='ocrx_word' id='word_1_198' title='bbox 3070 1048 3286 1101; x_wconf 85' lang='grc' dir='ltr'>κτιστὸν</span> <span class='ocrx_word' id='word_1_199' title='bbox 3314 1048 3347 1118; x_wconf 82' lang='grc' dir='ltr'>ἢ</span> <span class='ocrx_word' id='word_1_200' title='bbox 3379 1047 3667 1117; x_wconf 77' lang='grc' dir='ltr'>ἀλλογενὲς</span> <span class='ocrx_word' id='word_1_201' title='bbox 3699 1067 3794 1102; x_wconf 80' lang='grc' dir='ltr'>κο-</span> 
     </span>
    </p>
   </div>
   <div class='ocr_carea' id='block_1_27' title="bbox 2211 1144 3792 1218">
    <p class='ocr_par' dir='ltr' id='par_1_27' title="bbox 2211 1144 3792 1218">
     <span class='ocr_line' id='line_1_27' title="bbox 2211 1144 3792 1218; baseline -0.001 -18"><span class='ocrx_word' id='word_1_202' title='bbox 2211 1147 2491 1218; x_wconf 81' lang='grc' dir='ltr'>μιζόμενοι</span> <span class='ocrx_word' id='word_1_203' title='bbox 2539 1146 2786 1217; x_wconf 80' lang='grc' dir='ltr'><strong>Πνεῦμα,</strong></span> <span class='ocrx_word' id='word_1_204' title='bbox 2836 1148 2931 1200; x_wconf 68' lang='grc' dir='ltr'><strong>καὶ</strong></span> <span class='ocrx_word' id='word_1_205' title='bbox 2977 1145 3094 1216; x_wconf 78' lang='grc' dir='ltr'>οὐχι</span> <span class='ocrx_word' id='word_1_206' title='bbox 3135 1144 3338 1216; x_wconf 87' lang='grc' dir='ltr'>μᾶλλον</span> <span class='ocrx_word' id='word_1_207' title='bbox 3386 1145 3449 1197; x_wconf 76' lang='grc' dir='ltr'>τὸ</span> <span class='ocrx_word' id='word_1_208' title='bbox 3498 1146 3564 1197; x_wconf 87' lang='grc' dir='ltr'><strong>ἑκ</strong></span> <span class='ocrx_word' id='word_1_209' title='bbox 3615 1145 3792 1212; x_wconf 86' lang='grc' dir='ltr'>Θεοῦ;</span> 
     </span>
    </p>
   </div>
   <div class='ocr_carea' id='block_1_28' title="bbox 2207 1236 3793 1308">
    <p class='ocr_par' dir='ltr' id='par_1_28' title="bbox 2207 1236 3793 1308">
     <span class='ocr_line' id='line_1_28' title="bbox 2207 1236 3793 1308; baseline -0.003 -16"><span class='ocrx_word' id='word_1_210' title='bbox 2207 1239 2332 1302; x_wconf 87' lang='grc' dir='ltr'><strong>Πῶς</strong></span> <span class='ocrx_word' id='word_1_211' title='bbox 2365 1239 2421 1292; x_wconf 81' lang='grc' dir='ltr'>δὲ</span> <span class='ocrx_word' id='word_1_212' title='bbox 2442 1238 2591 1302; x_wconf 80' lang='grc' dir='ltr'>θείας</span> <span class='ocrx_word' id='word_1_213' title='bbox 2622 1238 2838 1308; x_wconf 87' lang='grc' dir='ltr'>φύσεως</span> <span class='ocrx_word' id='word_1_214' title='bbox 2866 1239 3136 1303; x_wconf 77' lang='grc' dir='ltr'>κοινωνοὶ,</span> <span class='ocrx_word' id='word_1_215' title='bbox 3175 1237 3318 1291; x_wconf 89' lang='grc' dir='ltr'><strong>κατά</strong></span> <span class='ocrx_word' id='word_1_216' title='bbox 3338 1237 3439 1300; x_wconf 84' lang='grc' dir='ltr'>τὰς</span> <span class='ocrx_word' id='word_1_217' title='bbox 3479 1236 3588 1288; x_wconf 87' lang='grc' dir='ltr'><strong>τῶν</strong></span> <span class='ocrx_word' id='word_1_218' title='bbox 3621 1237 3793 1306; x_wconf 83' lang='grc' dir='ltr'>ἁγίων</span> 
     </span>
    </p>
   </div>
   <div class='ocr_carea' id='block_1_29' title="bbox 2208 1329 3791 1401">
    <p class='ocr_par' dir='ltr' id='par_1_29' title="bbox 2208 1329 3791 1401">
     <span class='ocr_line' id='line_1_29' title="bbox 2208 1329 3791 1401; baseline -0.003 -17"><span class='ocrx_word' id='word_1_219' title='bbox 2208 1330 2411 1401; x_wconf 83' lang='grc' dir='ltr'>φωνὰς,</span> <span class='ocrx_word' id='word_1_220' title='bbox 2447 1332 2498 1383; x_wconf 86' lang='grc' dir='ltr'>οί</span> <span class='ocrx_word' id='word_1_221' title='bbox 2539 1330 2856 1400; x_wconf 89' lang='grc' dir='ltr'>Πνεύματος</span> <span class='ocrx_word' id='word_1_222' title='bbox 2892 1329 3132 1400; x_wconf 83' lang='grc' dir='ltr'>μέτοχοι,</span> <span class='ocrx_word' id='word_1_223' title='bbox 3169 1330 3218 1382; x_wconf 86' lang='grc' dir='ltr'><strong>εί</strong></span> <span class='ocrx_word' id='word_1_224' title='bbox 3244 1331 3356 1390; x_wconf 79' lang='grc' dir='ltr'>τοῖς</span> <span class='ocrx_word' id='word_1_225' title='bbox 3405 1331 3657 1398; x_wconf 79' lang='grc' dir='ltr'>γενητοῖς</span> <span class='ocrx_word' id='word_1_226' title='bbox 3705 1332 3791 1380; x_wconf 78' lang='grc' dir='ltr'><strong>ὲν-</strong></span> 
     </span>
    </p>
   </div>
   <div class='ocr_carea' id='block_1_30' title="bbox 2207 1420 3794 1495">
    <p class='ocr_par' dir='ltr' id='par_1_30' title="bbox 2207 1420 3794 1495">
     <span class='ocr_line' id='line_1_30' title="bbox 2207 1420 3794 1495; baseline -0.003 -18"><span class='ocrx_word' id='word_1_227' title='bbox 2207 1423 2466 1495; x_wconf 90' lang='grc' dir='ltr'>αρίθμιόν</span> <span class='ocrx_word' id='word_1_228' title='bbox 2495 1423 2644 1490; x_wconf 85' lang='grc' dir='ltr'>ἑστι,</span> <span class='ocrx_word' id='word_1_229' title='bbox 2675 1423 2769 1476; x_wconf 78' lang='grc' dir='ltr'><strong>καὶ</strong></span> <span class='ocrx_word' id='word_1_230' title='bbox 2803 1423 2925 1492; x_wconf 75' lang='grc' dir='ltr'>ούχὶ</span> <span class='ocrx_word' id='word_1_231' title='bbox 2969 1421 3169 1492; x_wconf 81' lang='grc' dir='ltr'>μᾶλλον</span> <span class='ocrx_word' id='word_1_232' title='bbox 3210 1420 3267 1487; x_wconf 79' lang='grc' dir='ltr'>ἐξ</span> <span class='ocrx_word' id='word_1_233' title='bbox 3317 1421 3488 1490; x_wconf 82' lang='grc' dir='ltr'>αύτῆς</span> <span class='ocrx_word' id='word_1_234' title='bbox 3521 1423 3654 1490; x_wconf 78' lang='grc' dir='ltr'>ἡμῖν</span> <span class='ocrx_word' id='word_1_235' title='bbox 3696 1421 3794 1487; x_wconf 82' lang='grc' dir='ltr'>τῆς</span> 
     </span>
    </p>
   </div>
   <div class='ocr_carea' id='block_1_31' title="bbox 2207 1511 3792 1584">
    <p class='ocr_par' dir='ltr' id='par_1_31' title="bbox 2207 1511 3792 1584">
     <span class='ocr_line' id='line_1_31' title="bbox 2207 1511 3792 1584; baseline -0.003 -16"><span class='ocrx_word' id='word_1_236' title='bbox 2207 1513 2356 1577; x_wconf 91' lang='grc' dir='ltr'>θείας</span> <span class='ocrx_word' id='word_1_237' title='bbox 2382 1513 2598 1582; x_wconf 81' lang='grc' dir='ltr'>φύσεως</span> <span class='ocrx_word' id='word_1_238' title='bbox 2625 1513 2893 1584; x_wconf 84' lang='grc' dir='ltr'>πρόεισιν,</span> <span class='ocrx_word' id='word_1_239' title='bbox 2914 1513 2975 1565; x_wconf 85' lang='grc' dir='ltr'>ού</span> <span class='ocrx_word' id='word_1_240' title='bbox 3005 1511 3423 1582; x_wconf 83' lang='grc' dir='ltr'>διακονούμενον</span> <span class='ocrx_word' id='word_1_241' title='bbox 3439 1511 3505 1564; x_wconf 83' lang='grc' dir='ltr'>δι’</span> <span class='ocrx_word' id='word_1_242' title='bbox 3521 1512 3692 1580; x_wconf 81' lang='grc' dir='ltr'>αὐτῆς</span> <span class='ocrx_word' id='word_1_243' title='bbox 3712 1513 3792 1575; x_wconf 82' lang='grc' dir='ltr'><strong>είς</strong></span> 
     </span>
    </p>
   </div>
   <div class='ocr_carea' id='block_1_32' title="bbox 2205 1603 3793 1677">
    <p class='ocr_par' dir='ltr' id='par_1_32' title="bbox 2205 1603 3793 1677">
     <span class='ocr_line' id='line_1_32' title="bbox 2205 1603 3793 1677; baseline -0.002 -18"><span class='ocrx_word' id='word_1_244' title='bbox 2205 1607 2354 1677; x_wconf 81' lang='grc' dir='ltr'>ἡμᾶς</span> <span class='ocrx_word' id='word_1_245' title='bbox 2368 1607 2443 1668; x_wconf 85' lang='grc' dir='ltr'>ὡς</span> <span class='ocrx_word' id='word_1_246' title='bbox 2458 1604 2758 1676; x_wconf 88' lang='grc' dir='ltr'>ἀλλότριον,</span> <span class='ocrx_word' id='word_1_247' title='bbox 2781 1604 2989 1665; x_wconf 81' lang='grc' dir='ltr'>ἀλλ’,ἴν’</span> <span class='ocrx_word' id='word_1_248' title='bbox 3003 1603 3176 1667; x_wconf 75' lang='grc' dir='ltr'>οὕτως</span> <span class='ocrx_word' id='word_1_249' title='bbox 3192 1603 3352 1668; x_wconf 76' lang='grc' dir='ltr'>εἴπω,</span> <span class='ocrx_word' id='word_1_250' title='bbox 3370 1603 3591 1673; x_wconf 80' lang='grc' dir='ltr'>ποιότης</span> <span class='ocrx_word' id='word_1_251' title='bbox 3606 1604 3755 1658; x_wconf 87' lang='grc' dir='ltr'>ῶσπε</span> <span class='ocrx_word' id='word_1_252' title='bbox 3761 1621 3793 1674; x_wconf 90' lang='grc' dir='ltr'><strong>ρ</strong></span> 
     </span>
    </p>
   </div>
   <div class='ocr_carea' id='block_1_33' title="bbox 2205 1695 3795 1769">
    <p class='ocr_par' dir='ltr' id='par_1_33' title="bbox 2205 1695 3795 1769">
     <span class='ocr_line' id='line_1_33' title="bbox 2205 1695 3795 1769; baseline -0.004 -17"><span class='ocrx_word' id='word_1_253' title='bbox 2205 1715 2290 1762; x_wconf 82' lang='grc' dir='ltr'><strong>τις</strong></span> <span class='ocrx_word' id='word_1_254' title='bbox 2315 1699 2412 1769; x_wconf 85' lang='grc' dir='ltr'>τῆς</span> <span class='ocrx_word' id='word_1_255' title='bbox 2437 1698 2686 1768; x_wconf 84' lang='grc' dir='ltr'>θεότητος</span> <span class='ocrx_word' id='word_1_256' title='bbox 2715 1698 2772 1750; x_wconf 87' lang='grc' dir='ltr'><strong>ἑν</strong></span> <span class='ocrx_word' id='word_1_257' title='bbox 2800 1698 2932 1768; x_wconf 82' lang='grc' dir='ltr'>ἡμῖν</span> <span class='ocrx_word' id='word_1_258' title='bbox 2949 1695 3257 1766; x_wconf 89' lang='grc' dir='ltr'>γινόμενον,</span> <span class='ocrx_word' id='word_1_259' title='bbox 3281 1695 3376 1748; x_wconf 70' lang='grc' dir='ltr'>καὶ</span> <span class='ocrx_word' id='word_1_260' title='bbox 3401 1697 3459 1748; x_wconf 85' lang='grc' dir='ltr'><strong>ἑν</strong></span> <span class='ocrx_word' id='word_1_261' title='bbox 3487 1697 3599 1760; x_wconf 90' lang='grc' dir='ltr'>τοῖς</span> <span class='ocrx_word' id='word_1_262' title='bbox 3618 1696 3795 1761; x_wconf 80' lang='grc' dir='ltr'>ἁγίοις</span> 
     </span>
    </p>
   </div>
   <div class='ocr_carea' id='block_1_34' title="bbox 521 1758 2098 1857">
    <p class='ocr_par' dir='ltr' id='par_1_34' title="bbox 521 1758 2098 1852">
     <span class='ocr_line' id='line_1_34' title="bbox 521 1758 2098 1852; baseline -0.003 -14"><span class='ocrx_word' id='word_1_263' title='bbox 521 1758 621 1839; x_wconf 78' lang='lat' dir='ltr'><strong>sed</strong></span> <span class='ocrx_word' id='word_1_264' title='bbox 673 1799 704 1836; x_wconf 89' lang='lat' dir='ltr'><strong>a</strong></span> <span class='ocrx_word' id='word_1_265' title='bbox 759 1783 971 1838; x_wconf 87' lang='lat' dir='ltr'><strong>sanctis</strong></span> <span class='ocrx_word' id='word_1_266' title='bbox 1022 1758 1251 1852; x_wconf 35' lang='lat' dir='ltr'><strong>capi&#39;et</strong></span> <span class='ocrx_word' id='word_1_267' title='bbox 1288 1781 1527 1852; x_wconf 89' lang='lat' dir='ltr'><strong>perspici</strong></span> <span class='ocrx_word' id='word_1_268' title='bbox 1562 1789 1766 1851; x_wconf 90' lang='lat' dir='ltr'><strong>potest.</strong></span> <span class='ocrx_word' id='word_1_269' title='bbox 1797 1758 1972 1846; x_wconf 76' lang='lat' dir='ltr'><strong>Quam</strong></span> <span class='ocrx_word' id='word_1_270' title='bbox 2032 1779 2098 1835; x_wconf 87' lang='lat' dir='ltr'><strong>ob</strong></span> 
     </span>
    </p>
   </div>
   <div class='ocr_carea' id='block_1_35' title="bbox 2203 1758 3794 1857">
    <p class='ocr_par' dir='ltr' id='par_1_35' title="bbox 2206 1758 3794 1857">
     <span class='ocr_line' id='line_1_35' title="bbox 2206 1758 3794 1857; baseline -0.003 -12"><span class='ocrx_word' id='word_1_271' title='bbox 2206 1758 2516 1853; x_wconf 75' lang='grc' dir='ltr'>κατοικοῦν,</span> <span class='ocrx_word' id='word_1_272' title='bbox 2551 1758 2645 1843; x_wconf 71' lang='grc' dir='ltr'><strong>καὶ</strong></span> <span class='ocrx_word' id='word_1_273' title='bbox 2677 1758 2950 1857; x_wconf 72' lang='grc' dir='ltr'>ἀπομένον</span> <span class='ocrx_word' id='word_1_274' title='bbox 2992 1758 3086 1841; x_wconf 43' lang='grc' dir='ltr'>διὰ·</span> <span class='ocrx_word' id='word_1_275' title='bbox 3107 1787 3330 1851; x_wconf 79' lang='grc' dir='ltr'>παντὸς,</span> <span class='ocrx_word' id='word_1_276' title='bbox 3362 1789 3410 1839; x_wconf 90' lang='grc' dir='ltr'><strong>εί</strong></span> <span class='ocrx_word' id='word_1_277' title='bbox 3457 1787 3557 1857; x_wconf 83' lang='grc' dir='ltr'>τῆς</span> <span class='ocrx_word' id='word_1_278' title='bbox 3583 1788 3794 1840; x_wconf 81' lang='grc' dir='ltr'>ἑαυτῶν</span> 
     </span>
    </p>
   </div>
   <div class='ocr_carea' id='block_1_36' title="bbox 520 1871 2104 1944">
    <p class='ocr_par' dir='ltr' id='par_1_36' title="bbox 520 1871 2104 1944">
     <span class='ocr_line' id='line_1_36' title="bbox 520 1871 2104 1944; baseline -0.003 -14"><span class='ocrx_word' id='word_1_279' title='bbox 520 1874 782 1930; x_wconf 81' lang='lat' dir='ltr'><strong>causam?</strong></span> <span class='ocrx_word' id='word_1_280' title='bbox 812 1872 894 1927; x_wconf 93' lang='lat' dir='ltr'><strong>Illi</strong></span> <span class='ocrx_word' id='word_1_281' title='bbox 925 1873 1131 1944; x_wconf 89' lang='lat' dir='ltr'><strong>quippe</strong></span> <span class='ocrx_word' id='word_1_282' title='bbox 1162 1873 1483 1944; x_wconf 91' lang='lat' dir='ltr'><strong>impuritate</strong></span> <span class='ocrx_word' id='word_1_283' title='bbox 1514 1888 1633 1943; x_wconf 71' lang='lat' dir='ltr'><strong>qua:</strong></span> <span class='ocrx_word' id='word_1_284' title='bbox 1656 1873 1746 1928; x_wconf 79' lang='lat' dir='ltr'><strong>vix</strong></span> <span class='ocrx_word' id='word_1_285' title='bbox 1779 1872 1889 1929; x_wconf 84' lang='lat' dir='ltr'><strong>elui</strong></span> <span class='ocrx_word' id='word_1_286' title='bbox 1929 1871 2104 1942; x_wconf 86' lang='lat' dir='ltr'><strong>possit</strong></span> 
     </span>
    </p>
   </div>
   <div class='ocr_carea' id='block_1_37' title="bbox 521 1963 2103 2037">
    <p class='ocr_par' dir='ltr' id='par_1_37' title="bbox 521 1963 2103 2037">
     <span class='ocr_line' id='line_1_37' title="bbox 521 1963 2103 2037; baseline -0.002 -16"><span class='ocrx_word' id='word_1_287' title='bbox 521 1965 819 2036; x_wconf 85' lang='lat' dir='ltr'><strong>inquinati,</strong></span> <span class='ocrx_word' id='word_1_288' title='bbox 869 1973 923 2018; x_wconf 88' lang='lat' dir='ltr'><strong>et</strong></span> <span class='ocrx_word' id='word_1_289' title='bbox 980 1965 1216 2034; x_wconf 89' lang='lat' dir='ltr'><strong>quadam</strong></span> <span class='ocrx_word' id='word_1_290' title='bbox 1275 1966 1442 2020; x_wconf 81' lang='lat' dir='ltr'><strong>veluti</strong></span> <span class='ocrx_word' id='word_1_291' title='bbox 1498 1965 1837 2037; x_wconf 89' lang='lat' dir='ltr'><strong>lippitudine</strong></span> <span class='ocrx_word' id='word_1_292' title='bbox 1891 1963 2103 2020; x_wconf 66' lang='lat' dir='ltr'><strong>suffuso</strong></span> 
     </span>
    </p>
   </div>
   <div class='ocr_carea' id='block_1_38' title="bbox 520 2056 2100 2127">
    <p class='ocr_par' dir='ltr' id='par_1_38' title="bbox 520 2056 2100 2127">
     <span class='ocr_line' id='line_1_38' title="bbox 520 2056 2100 2127; baseline -0.003 -15"><span class='ocrx_word' id='word_1_293' title='bbox 520 2059 719 2113; x_wconf 88' lang='lat' dir='ltr'><strong>mentis</strong></span> <span class='ocrx_word' id='word_1_294' title='bbox 751 2057 939 2121; x_wconf 89' lang='lat' dir='ltr'><strong>oculo,</strong></span> <span class='ocrx_word' id='word_1_295' title='bbox 972 2065 1184 2111; x_wconf 76' lang='lat' dir='ltr'><strong>natura:</strong></span> <span class='ocrx_word' id='word_1_296' title='bbox 1232 2072 1347 2112; x_wconf 84' lang='lat' dir='ltr'><strong>suae</strong></span> <span class='ocrx_word' id='word_1_297' title='bbox 1376 2056 1548 2112; x_wconf 91' lang='lat' dir='ltr'><strong>decus</strong></span> <span class='ocrx_word' id='word_1_298' title='bbox 1581 2072 1692 2112; x_wconf 91' lang='lat' dir='ltr'><strong>non</strong></span> <span class='ocrx_word' id='word_1_299' title='bbox 1733 2056 2100 2127; x_wconf 89' lang='lat' dir='ltr'><strong>perspiciunt,</strong></span> 
     </span>
    </p>
   </div>
   <div class='ocr_carea' id='block_1_39' title="bbox 520 2149 2102 2221">
    <p class='ocr_par' dir='ltr' id='par_1_39' title="bbox 520 2149 2102 2221">
     <span class='ocr_line' id='line_1_39' title="bbox 520 2149 2102 2221; baseline -0.001 -18"><span class='ocrx_word' id='word_1_300' title='bbox 520 2166 700 2221; x_wconf 86' lang='lat' dir='ltr'><strong>neque</strong></span> <span class='ocrx_word' id='word_1_301' title='bbox 740 2149 984 2220; x_wconf 89' lang='lat' dir='ltr'><strong>Spiritus</strong></span> <span class='ocrx_word' id='word_1_302' title='bbox 1035 2151 1210 2220; x_wconf 75' lang='lat' dir='ltr'><strong>legem</strong></span> <span class='ocrx_word' id='word_1_303' title='bbox 1257 2151 1562 2220; x_wconf 88' lang='lat' dir='ltr'><strong>accipiunt,</strong></span> <span class='ocrx_word' id='word_1_304' title='bbox 1597 2150 1788 2205; x_wconf 90' lang='lat' dir='ltr'><strong>carnis</strong></span> <span class='ocrx_word' id='word_1_305' title='bbox 1823 2149 2102 2218; x_wconf 89' lang='lat' dir='ltr'><strong>cupidita-</strong></span> 
     </span>
    </p>
   </div>
   <div class='ocr_carea' id='block_1_40' title="bbox 523 2240 2100 2312">
    <p class='ocr_par' dir='ltr' id='par_1_40' title="bbox 523 2240 2100 2312">
     <span class='ocr_line' id='line_1_40' title="bbox 523 2240 2100 2312; baseline -0.003 -17"><span class='ocrx_word' id='word_1_306' title='bbox 523 2243 676 2298; x_wconf 82' lang='lat' dir='ltr'><strong>tibus</strong></span> <span class='ocrx_word' id='word_1_307' title='bbox 731 2241 961 2297; x_wconf 87' lang='lat' dir='ltr'><strong>omnino</strong></span> <span class='ocrx_word' id='word_1_308' title='bbox 1010 2243 1230 2297; x_wconf 87' lang='lat' dir='ltr'><strong>subacti</strong></span> <span class='ocrx_word' id='word_1_309' title='bbox 1271 2257 1284 2294; x_wconf 91' lang='lat'><strong>:</strong></span> <span class='ocrx_word' id='word_1_310' title='bbox 1323 2243 1378 2295; x_wconf 92' lang='lat' dir='ltr'><strong>hi</strong></span> <span class='ocrx_word' id='word_1_311' title='bbox 1432 2257 1564 2297; x_wconf 75' lang='lat' dir='ltr'><strong>vero</strong></span> <span class='ocrx_word' id='word_1_312' title='bbox 1615 2243 1773 2312; x_wconf 89' lang='lat' dir='ltr'><strong>probi</strong></span> <span class='ocrx_word' id='word_1_313' title='bbox 1807 2248 1863 2296; x_wconf 91' lang='lat' dir='ltr'><strong>et</strong></span> <span class='ocrx_word' id='word_1_314' title='bbox 1907 2240 2100 2304; x_wconf 88' lang='lat' dir='ltr'><strong>sobrii,</strong></span> 
     </span>
    </p>
   </div>
   <div class='ocr_carea' id='block_1_41' title="bbox 521 2331 2103 2390">
    <p class='ocr_par' dir='ltr' id='par_1_41' title="bbox 521 2331 2103 2390">
     <span class='ocr_line' id='line_1_41' title="bbox 521 2331 2103 2390; baseline -0.003 -1"><span class='ocrx_word' id='word_1_315' title='bbox 521 2348 759 2390; x_wconf 90' lang='lat' dir='ltr'><strong>vacuum</strong></span> <span class='ocrx_word' id='word_1_316' title='bbox 802 2333 994 2388; x_wconf 87' lang='lat' dir='ltr'><strong>mundi</strong></span> <span class='ocrx_word' id='word_1_317' title='bbox 1046 2333 1208 2388; x_wconf 88' lang='lat' dir='ltr'><strong>malis</strong></span> <span class='ocrx_word' id='word_1_318' title='bbox 1259 2348 1356 2387; x_wconf 91' lang='lat' dir='ltr'><strong>cor</strong></span> <span class='ocrx_word' id='word_1_319' title='bbox 1410 2333 1677 2388; x_wconf 86' lang='lat' dir='ltr'><strong>habentes</strong></span> <span class='ocrx_word' id='word_1_320' title='bbox 1737 2331 2103 2386; x_wconf 85' lang='lat' dir='ltr'><strong>introducunt</strong></span> 
     </span>
    </p>
   </div>
   <div class='ocr_carea' id='block_1_42' title="bbox 517 2425 2103 2498">
    <p class='ocr_par' dir='ltr' id='par_1_42' title="bbox 517 2425 2103 2498">
     <span class='ocr_line' id='line_1_42' title="bbox 517 2425 2103 2498; baseline -0.003 -17"><span class='ocrx_word' id='word_1_321' title='bbox 517 2427 738 2498; x_wconf 88' lang='lat' dir='ltr'><strong>quidem</strong></span> <span class='ocrx_word' id='word_1_322' title='bbox 774 2427 829 2480; x_wconf 92' lang='lat' dir='ltr'><strong>in</strong></span> <span class='ocrx_word' id='word_1_323' title='bbox 872 2441 932 2482; x_wconf 85' lang='lat' dir='ltr'><strong>se</strong></span> <span class='ocrx_word' id='word_1_324' title='bbox 988 2427 1136 2480; x_wconf 90' lang='lat' dir='ltr'><strong>ultro</strong></span> <span class='ocrx_word' id='word_1_325' title='bbox 1193 2425 1564 2491; x_wconf 85' lang='lat' dir='ltr'><strong>Paracletum,</strong></span> <span class='ocrx_word' id='word_1_326' title='bbox 1593 2441 1834 2496; x_wconf 89' lang='lat' dir='ltr'><strong>eumque</strong></span> <span class='ocrx_word' id='word_1_327' title='bbox 1883 2430 2103 2480; x_wconf 78' lang='lat' dir='ltr'><strong>servant</strong></span> 
     </span>
    </p>
   </div>
   <div class='ocr_carea' id='block_1_43' title="bbox 517 2517 2100 2590">
    <p class='ocr_par' dir='ltr' id='par_1_43' title="bbox 517 2517 2100 2590">
     <span class='ocr_line' id='line_1_43' title="bbox 517 2517 2100 2590; baseline -0.005 -13"><span class='ocrx_word' id='word_1_328' title='bbox 517 2528 863 2590; x_wconf 89' lang='lat' dir='ltr'><strong>susceptum,</strong></span> <span class='ocrx_word' id='word_1_329' title='bbox 911 2530 966 2574; x_wconf 90' lang='lat' dir='ltr'><strong>et</strong></span> <span class='ocrx_word' id='word_1_330' title='bbox 1001 2525 1274 2588; x_wconf 89' lang='lat' dir='ltr'><strong>quantum</strong></span> <span class='ocrx_word' id='word_1_331' title='bbox 1321 2519 1648 2574; x_wconf 90' lang='lat' dir='ltr'><strong>hominibus</strong></span> <span class='ocrx_word' id='word_1_332' title='bbox 1681 2519 1904 2587; x_wconf 85' lang='lat' dir='ltr'><strong>assequi</strong></span> <span class='ocrx_word' id='word_1_333' title='bbox 1952 2517 2100 2581; x_wconf 84' lang='lat' dir='ltr'><strong>licet,</strong></span> 
     </span>
    </p>
   </div>
   <div class='ocr_carea' id='block_1_44' title="bbox 515 2611 2102 2683">
    <p class='ocr_par' dir='ltr' id='par_1_44' title="bbox 515 2611 2102 2683">
     <span class='ocr_line' id='line_1_44' title="bbox 515 2611 2102 2683; baseline -0.003 -16"><span class='ocrx_word' id='word_1_334' title='bbox 515 2614 799 2668; x_wconf 88' lang='lat' dir='ltr'><strong>intellectu</strong></span> <span class='ocrx_word' id='word_1_335' title='bbox 865 2611 1356 2680; x_wconf 89' lang='lat' dir='ltr'><strong>contemplantur,</strong></span> <span class='ocrx_word' id='word_1_336' title='bbox 1411 2626 1670 2683; x_wconf 83' lang='lat' dir='ltr'><strong>magnum</strong></span> <span class='ocrx_word' id='word_1_337' title='bbox 1736 2611 1863 2665; x_wconf 87' lang='lat' dir='ltr'><strong>inde</strong></span> <span class='ocrx_word' id='word_1_338' title='bbox 1919 2623 2102 2680; x_wconf 63' lang='lat' dir='ltr'><strong>Opera:</strong></span> 
     </span>
    </p>
   </div>
   <div class='ocr_carea' id='block_1_45' title="bbox 519 2700 2104 2772">
    <p class='ocr_par' dir='ltr' id='par_1_45' title="bbox 519 2700 2104 2772">
     <span class='ocr_line' id='line_1_45' title="bbox 519 2700 2104 2772; baseline -0.003 -16"><span class='ocrx_word' id='word_1_339' title='bbox 519 2704 756 2772; x_wconf 72' lang='lat' dir='ltr'><strong>pretium</strong></span> <span class='ocrx_word' id='word_1_340' title='bbox 810 2711 1182 2771; x_wconf 85' lang='lat' dir='ltr'><strong>reportantes.</strong></span> <span class='ocrx_word' id='word_1_341' title='bbox 1219 2700 1606 2756; x_wconf 87' lang='lat' dir='ltr'><strong>Sanctificabit</strong></span> <span class='ocrx_word' id='word_1_342' title='bbox 1648 2700 1794 2754; x_wconf 83' lang='lat' dir='ltr'><strong>enim</strong></span> <span class='ocrx_word' id='word_1_343' title='bbox 1831 2713 1948 2765; x_wconf 86' lang='lat' dir='ltr'><strong>eos,</strong></span> <span class='ocrx_word' id='word_1_344' title='bbox 1981 2713 2104 2754; x_wconf 87' lang='lat' dir='ltr'><strong>om-</strong></span> 
     </span>
    </p>
   </div>
   <div class='ocr_carea' id='block_1_46' title="bbox 518 2790 2103 2861">
    <p class='ocr_par' dir='ltr' id='par_1_46' title="bbox 518 2790 2103 2861">
     <span class='ocr_line' id='line_1_46' title="bbox 518 2790 2103 2861; baseline -0.001 -14"><span class='ocrx_word' id='word_1_345' title='bbox 518 2793 789 2861; x_wconf 87' lang='lat' dir='ltr'><strong>niumque</strong></span> <span class='ocrx_word' id='word_1_346' title='bbox 825 2790 992 2845; x_wconf 85' lang='lat' dir='ltr'><strong>simul</strong></span> <span class='ocrx_word' id='word_1_347' title='bbox 1027 2791 1301 2845; x_wconf 88' lang='lat' dir='ltr'><strong>bonorum</strong></span> <span class='ocrx_word' id='word_1_348' title='bbox 1331 2790 1574 2846; x_wconf 84' lang='lat' dir='ltr'><strong>factores</strong></span> <span class='ocrx_word' id='word_1_349' title='bbox 1603 2790 1817 2854; x_wconf 88' lang='lat' dir='ltr'><strong>reddet,</strong></span> <span class='ocrx_word' id='word_1_350' title='bbox 1861 2805 1948 2856; x_wconf 88' lang='lat' dir='ltr'><strong>ac,</strong></span> <span class='ocrx_word' id='word_1_351' title='bbox 1985 2805 2103 2845; x_wconf 86' lang='lat' dir='ltr'><strong>ser-</strong></span> 
     </span>
    </p>
   </div>
   <div class='ocr_carea' id='block_1_47' title="bbox 516 2883 2102 2956">
    <p class='ocr_par' dir='ltr' id='par_1_47' title="bbox 516 2883 2102 2956">
     <span class='ocr_line' id='line_1_47' title="bbox 516 2883 2102 2956; baseline -0.001 -16"><span class='ocrx_word' id='word_1_352' title='bbox 516 2886 710 2940; x_wconf 77' lang='lat' dir='ltr'><strong>vitutis</strong></span> <span class='ocrx_word' id='word_1_353' title='bbox 763 2885 1021 2940; x_wconf 71' lang='lat' dir='ltr'><strong>humana:</strong></span> <span class='ocrx_word' id='word_1_354' title='bbox 1068 2886 1275 2956; x_wconf 92' lang='lat' dir='ltr'><strong>probro</strong></span> <span class='ocrx_word' id='word_1_355' title='bbox 1354 2885 1634 2955; x_wconf 87' lang='lat' dir='ltr'><strong>adempto,</strong></span> <span class='ocrx_word' id='word_1_356' title='bbox 1689 2885 1960 2955; x_wconf 82' lang='lat' dir='ltr'><strong>dignitate</strong></span> <span class='ocrx_word' id='word_1_357' title='bbox 2005 2883 2102 2939; x_wconf 90' lang='lat' dir='ltr'><strong>ad-</strong></span> 
     </span>
    </p>
   </div>
   <div class='ocr_carea' id='block_1_48' title="bbox 2203 1875 3799 1947">
    <p class='ocr_par' dir='ltr' id='par_1_48' title="bbox 2203 1875 3799 1947">
     <span class='ocr_line' id='line_1_48' title="bbox 2203 1875 3799 1947; baseline 0 -18"><span class='ocrx_word' id='word_1_358' title='bbox 2203 1876 2441 1940; x_wconf 89' lang='grc' dir='ltr'>διανοίας</span> <span class='ocrx_word' id='word_1_359' title='bbox 2497 1876 2589 1930; x_wconf 83' lang='grc' dir='ltr'><strong>τὸν</strong></span> <span class='ocrx_word' id='word_1_360' title='bbox 2643 1875 2924 1947; x_wconf 71' lang='grc' dir='ltr'>ὀφθαλμὸν</span> <span class='ocrx_word' id='word_1_361' title='bbox 2975 1875 3062 1928; x_wconf 90' lang='grc' dir='ltr'><strong>διά</strong></span> <span class='ocrx_word' id='word_1_362' title='bbox 3115 1875 3298 1945; x_wconf 81' lang='grc' dir='ltr'>πάσης</span> <span class='ocrx_word' id='word_1_363' title='bbox 3322 1876 3621 1940; x_wconf 78' lang='grc' dir='ltr'>ἐπιεικείας</span> <span class='ocrx_word' id='word_1_364' title='bbox 3667 1878 3799 1930; x_wconf 81' lang='grc' dir='ltr'>ἀπο-</span> 
     </span>
    </p>
   </div>
   <div class='ocr_carea' id='block_1_49' title="bbox 2206 1965 3796 2038">
    <p class='ocr_par' dir='ltr' id='par_1_49' title="bbox 2206 1965 3796 2038">
     <span class='ocr_line' id='line_1_49' title="bbox 2206 1965 3796 2038; baseline 0.001 -18"><span class='ocrx_word' id='word_1_365' title='bbox 2206 1967 2584 2036; x_wconf 83' lang='grc' dir='ltr'>καθαίροντες,</span> <span class='ocrx_word' id='word_1_366' title='bbox 2611 1965 2706 2020; x_wconf 82' lang='grc' dir='ltr'>καὶ</span> <span class='ocrx_word' id='word_1_367' title='bbox 2739 1965 2829 2020; x_wconf 83' lang='grc' dir='ltr'>διὰ</span> <span class='ocrx_word' id='word_1_368' title='bbox 2862 1967 2960 2036; x_wconf 83' lang='grc' dir='ltr'>τῆς</span> <span class='ocrx_word' id='word_1_369' title='bbox 3005 1966 3085 2029; x_wconf 85' lang='grc' dir='ltr'><strong>είς</strong></span> <span class='ocrx_word' id='word_1_370' title='bbox 3119 1967 3298 2020; x_wconf 80' lang='grc' dir='ltr'>πᾶσαν</span> <span class='ocrx_word' id='word_1_371' title='bbox 3327 1967 3528 2038; x_wconf 80' lang='grc' dir='ltr'>ἀρετὴν</span> <span class='ocrx_word' id='word_1_372' title='bbox 3578 1968 3796 2022; x_wconf 78' lang='grc' dir='ltr'>ἀνενδο-</span> 
     </span>
    </p>
   </div>
   <div class='ocr_carea' id='block_1_50' title="bbox 2203 2057 3798 2131">
    <p class='ocr_par' dir='ltr' id='par_1_50' title="bbox 2203 2057 3798 2131">
     <span class='ocr_line' id='line_1_50' title="bbox 2203 2057 3798 2131; baseline -0.001 -19"><span class='ocrx_word' id='word_1_373' title='bbox 2203 2076 2297 2112; x_wconf 90' lang='grc' dir='ltr'><strong>του</strong></span> <span class='ocrx_word' id='word_1_374' title='bbox 2332 2058 2570 2128; x_wconf 85' lang='grc' dir='ltr'>σπουδῆς</span> <span class='ocrx_word' id='word_1_375' title='bbox 2601 2060 2918 2128; x_wconf 85' lang='grc' dir='ltr'>συντηροῖεν</span> <span class='ocrx_word' id='word_1_376' title='bbox 2951 2059 3164 2120; x_wconf 82' lang='grc' dir='ltr'>ἑαυτοῖς</span> <span class='ocrx_word' id='word_1_377' title='bbox 3187 2057 3285 2129; x_wconf 86' lang='grc' dir='ltr'><strong>τὴν</strong></span> <span class='ocrx_word' id='word_1_378' title='bbox 3307 2057 3499 2128; x_wconf 86' lang='grc' dir='ltr'>χάριν;</span> <span class='ocrx_word' id='word_1_379' title='bbox 3549 2060 3798 2131; x_wconf 83' lang='grc' dir='ltr'>Ἀχώρη-</span> 
     </span>
    </p>
   </div>
   <div class='ocr_carea' id='block_1_51' title="bbox 2201 2147 3797 2222">
    <p class='ocr_par' dir='ltr' id='par_1_51' title="bbox 2201 2147 3797 2222">
     <span class='ocr_line' id='line_1_51' title="bbox 2201 2147 3797 2222; baseline 0.001 -19"><span class='ocrx_word' id='word_1_380' title='bbox 2201 2167 2294 2204; x_wconf 86' lang='grc' dir='ltr'><strong>τον</strong></span> <span class='ocrx_word' id='word_1_381' title='bbox 2331 2151 2428 2221; x_wconf 89' lang='grc' dir='ltr'><strong>μὲν</strong></span> <span class='ocrx_word' id='word_1_382' title='bbox 2457 2149 2568 2220; x_wconf 83' lang='grc' dir='ltr'>γὰρ</span> <span class='ocrx_word' id='word_1_383' title='bbox 2600 2150 2694 2202; x_wconf 75' lang='grc' dir='ltr'>καὶ</span> <span class='ocrx_word' id='word_1_384' title='bbox 2729 2147 3041 2220; x_wconf 82' lang='grc' dir='ltr'>ἀθεώρητον</span> <span class='ocrx_word' id='word_1_385' title='bbox 3072 2148 3204 2202; x_wconf 77' lang='grc' dir='ltr'>αὐτὸ</span> <span class='ocrx_word' id='word_1_386' title='bbox 3235 2152 3350 2213; x_wconf 84' lang='grc' dir='ltr'>τοῖς</span> <span class='ocrx_word' id='word_1_387' title='bbox 3389 2151 3448 2203; x_wconf 85' lang='grc' dir='ltr'><strong>ἑν</strong></span> <span class='ocrx_word' id='word_1_388' title='bbox 3474 2151 3666 2222; x_wconf 87' lang='grc' dir='ltr'>κόσμῳ</span> <span class='ocrx_word' id='word_1_389' title='bbox 3691 2169 3797 2220; x_wconf 75' lang='grc' dir='ltr'><strong>φη-</strong></span> 
     </span>
    </p>
   </div>
   <div class='ocr_carea' id='block_1_52' title="bbox 2206 2240 3797 2314">
    <p class='ocr_par' dir='ltr' id='par_1_52' title="bbox 2206 2240 3797 2314">
     <span class='ocr_line' id='line_1_52' title="bbox 2206 2240 3797 2314; baseline 0.001 -19"><span class='ocrx_word' id='word_1_390' title='bbox 2206 2242 2292 2296; x_wconf 75' lang='grc' dir='ltr'><strong>σὶν</strong></span> <span class='ocrx_word' id='word_1_391' title='bbox 2329 2242 2358 2294; x_wconf 82' lang='grc' dir='ltr'>ὁ</span> <span class='ocrx_word' id='word_1_392' title='bbox 2385 2241 2639 2313; x_wconf 85' lang='grc' dir='ltr'>Χριστὸς,</span> <span class='ocrx_word' id='word_1_393' title='bbox 2664 2240 2810 2293; x_wconf 84' lang='grc' dir='ltr'>τοῦτ’</span> <span class='ocrx_word' id='word_1_394' title='bbox 2837 2240 2952 2294; x_wconf 77' lang='grc' dir='ltr'>ἔστι</span> <span class='ocrx_word' id='word_1_395' title='bbox 2983 2243 3096 2304; x_wconf 88' lang='grc' dir='ltr'>τοῖς</span> <span class='ocrx_word' id='word_1_396' title='bbox 3120 2240 3190 2294; x_wconf 79' lang='grc' dir='ltr'>τὰ</span> <span class='ocrx_word' id='word_1_397' title='bbox 3222 2243 3280 2295; x_wconf 84' lang='grc' dir='ltr'><strong>ἑν</strong></span> <span class='ocrx_word' id='word_1_398' title='bbox 3315 2243 3504 2314; x_wconf 83' lang='grc' dir='ltr'>κόσμῳ</span> <span class='ocrx_word' id='word_1_399' title='bbox 3534 2244 3797 2314; x_wconf 76' lang='grc' dir='ltr'>φρονοῦσι</span> 
     </span>
    </p>
   </div>
   <div class='ocr_carea' id='block_1_53' title="bbox 2205 2331 3796 2404">
    <p class='ocr_par' dir='ltr' id='par_1_53' title="bbox 2205 2331 3796 2404">
     <span class='ocr_line' id='line_1_53' title="bbox 2205 2331 3796 2404; baseline 0 -18"><span class='ocrx_word' id='word_1_400' title='bbox 2205 2334 2298 2386; x_wconf 71' lang='grc' dir='ltr'><strong>καὶ</strong></span> <span class='ocrx_word' id='word_1_401' title='bbox 2343 2333 2567 2403; x_wconf 79' lang='grc' dir='ltr'>ἀγαπᾷν</span> <span class='ocrx_word' id='word_1_402' title='bbox 2602 2331 2881 2400; x_wconf 81' lang='grc' dir='ltr'>ἑλομένοις</span> <span class='ocrx_word' id='word_1_403' title='bbox 2909 2331 2978 2384; x_wconf 75' lang='grc' dir='ltr'>τὰ</span> <span class='ocrx_word' id='word_1_404' title='bbox 3021 2331 3240 2400; x_wconf 75' lang='grc' dir='ltr'>ἐπίγεια</span> <span class='ocrx_word' id='word_1_405' title='bbox 3265 2372 3278 2396; x_wconf 93' lang='grc'><strong>,</strong></span> <span class='ocrx_word' id='word_1_406' title='bbox 3308 2333 3558 2404; x_wconf 86' lang='grc' dir='ltr'>χωρητόν</span> <span class='ocrx_word' id='word_1_407' title='bbox 3585 2351 3649 2402; x_wconf 92' lang='grc' dir='ltr'><strong>γε</strong></span> <span class='ocrx_word' id='word_1_408' title='bbox 3689 2333 3796 2404; x_wconf 81' lang='grc' dir='ltr'>μὴν</span> 
     </span>
    </p>
   </div>
   <div class='ocr_carea' id='block_1_54' title="bbox 2204 2420 3791 2489">
    <p class='ocr_par' dir='ltr' id='par_1_54' title="bbox 2204 2420 3791 2489">
     <span class='ocr_line' id='line_1_54' title="bbox 2204 2420 3791 2489; baseline 0.001 -14"><span class='ocrx_word' id='word_1_409' title='bbox 2204 2424 2297 2477; x_wconf 74' lang='grc' dir='ltr'><strong>καὶ</strong></span> <span class='ocrx_word' id='word_1_410' title='bbox 2331 2423 2666 2477; x_wconf 81' lang='grc' dir='ltr'>εὐκάτοπτον</span> <span class='ocrx_word' id='word_1_411' title='bbox 2722 2423 2836 2484; x_wconf 83' lang='grc' dir='ltr'>τοῖς</span> <span class='ocrx_word' id='word_1_412' title='bbox 2883 2420 3077 2489; x_wconf 87' lang='grc' dir='ltr'>ἁγίοις.</span> <span class='ocrx_word' id='word_1_413' title='bbox 3107 2420 3207 2474; x_wconf 87' lang='grc' dir='ltr'>Διά</span> <span class='ocrx_word' id='word_1_414' title='bbox 3260 2422 3420 2475; x_wconf 92' lang='grc' dir='ltr'>ποίαν</span> <span class='ocrx_word' id='word_1_415' title='bbox 3468 2423 3688 2488; x_wconf 71' lang='grc' dir='ltr'>αἰτίαν;</span> <span class='ocrx_word' id='word_1_416' title='bbox 3726 2425 3791 2478; x_wconf 84' lang='grc' dir='ltr'><strong>υἱ</strong></span> 
     </span>
    </p>
   </div>
   <div class='ocr_carea' id='block_1_55' title="bbox 2207 2509 3796 2583">
    <p class='ocr_par' dir='ltr' id='par_1_55' title="bbox 2207 2509 3796 2583">
     <span class='ocr_line' id='line_1_55' title="bbox 2207 2509 3796 2583; baseline -0.001 -17"><span class='ocrx_word' id='word_1_417' title='bbox 2207 2513 2306 2583; x_wconf 84' lang='grc' dir='ltr'><strong>μὲν</strong></span> <span class='ocrx_word' id='word_1_418' title='bbox 2347 2512 2455 2583; x_wconf 87' lang='grc' dir='ltr'>γὰρ</span> <span class='ocrx_word' id='word_1_419' title='bbox 2504 2511 2871 2565; x_wconf 83' lang='grc' dir='ltr'>δυσέκπλυτον</span> <span class='ocrx_word' id='word_1_420' title='bbox 2903 2509 3120 2580; x_wconf 82' lang='grc' dir='ltr'>ἔχοντες</span> <span class='ocrx_word' id='word_1_421' title='bbox 3147 2509 3246 2581; x_wconf 82' lang='grc' dir='ltr'><strong>τὴν</strong></span> <span class='ocrx_word' id='word_1_422' title='bbox 3297 2510 3664 2581; x_wconf 79' lang='grc' dir='ltr'>ἀκαθαρσίαν,</span> <span class='ocrx_word' id='word_1_423' title='bbox 3701 2512 3796 2564; x_wconf 84' lang='grc' dir='ltr'>καὶ</span> 
     </span>
    </p>
   </div>
   <div class='ocr_carea' id='block_1_56' title="bbox 2203 2601 3794 2675">
    <p class='ocr_par' dir='ltr' id='par_1_56' title="bbox 2203 2601 3794 2675">
     <span class='ocr_line' id='line_1_56' title="bbox 2203 2601 3794 2675; baseline -0.001 -18"><span class='ocrx_word' id='word_1_424' title='bbox 2203 2604 2384 2675; x_wconf 85' lang='grc' dir='ltr'>λήμης</span> <span class='ocrx_word' id='word_1_425' title='bbox 2424 2603 2614 2675; x_wconf 85' lang='grc' dir='ltr'>ὥσπερ</span> <span class='ocrx_word' id='word_1_426' title='bbox 2645 2601 2790 2666; x_wconf 79' lang='grc' dir='ltr'>τινὸς</span> <span class='ocrx_word' id='word_1_427' title='bbox 2835 2603 2927 2655; x_wconf 85' lang='grc' dir='ltr'><strong>τὸν</strong></span> <span class='ocrx_word' id='word_1_428' title='bbox 2970 2602 3172 2654; x_wconf 77' lang='grc' dir='ltr'>οἰκεῖον</span> <span class='ocrx_word' id='word_1_429' title='bbox 3205 2602 3618 2672; x_wconf 84' lang='grc' dir='ltr'>ἀναπλήσαντες</span> <span class='ocrx_word' id='word_1_430' title='bbox 3644 2601 3794 2668; x_wconf 91' lang='grc' dir='ltr'>νοῦν,</span> 
     </span>
    </p>
   </div>
   <div class='ocr_carea' id='block_1_57' title="bbox 2202 2693 3796 2766">
    <p class='ocr_par' dir='ltr' id='par_1_57' title="bbox 2202 2693 3796 2766">
     <span class='ocr_line' id='line_1_57' title="bbox 2202 2693 3796 2766; baseline -0.001 -17"><span class='ocrx_word' id='word_1_431' title='bbox 2202 2697 2263 2749; x_wconf 82' lang='grc' dir='ltr'>τὸ</span> <span class='ocrx_word' id='word_1_432' title='bbox 2291 2697 2387 2766; x_wconf 86' lang='grc' dir='ltr'><strong>τῆς</strong></span> <span class='ocrx_word' id='word_1_433' title='bbox 2441 2695 2591 2758; x_wconf 89' lang='grc' dir='ltr'>θείας</span> <span class='ocrx_word' id='word_1_434' title='bbox 2642 2693 2860 2762; x_wconf 82' lang='grc' dir='ltr'>φύσεως</span> <span class='ocrx_word' id='word_1_435' title='bbox 2898 2693 2958 2746; x_wconf 84' lang='grc' dir='ltr'>ού</span> <span class='ocrx_word' id='word_1_436' title='bbox 2994 2693 3356 2765; x_wconf 88' lang='grc' dir='ltr'>περιαθροῦσι</span> <span class='ocrx_word' id='word_1_437' title='bbox 3405 2694 3633 2760; x_wconf 79' lang='grc' dir='ltr'>κάλλος,</span> <span class='ocrx_word' id='word_1_438' title='bbox 3667 2693 3796 2747; x_wconf 75' lang='grc' dir='ltr'>οὔτε</span> 
     </span>
    </p>
   </div>
   <div class='ocr_carea' id='block_1_58' title="bbox 2206 2785 3792 2858">
    <p class='ocr_par' dir='ltr' id='par_1_58' title="bbox 2206 2785 3792 2858">
     <span class='ocr_line' id='line_1_58' title="bbox 2206 2785 3792 2858; baseline -0.001 -18"><span class='ocrx_word' id='word_1_439' title='bbox 2206 2787 2314 2858; x_wconf 82' lang='grc' dir='ltr'>μὴν</span> <span class='ocrx_word' id='word_1_440' title='bbox 2348 2786 2410 2839; x_wconf 83' lang='grc' dir='ltr'><strong>τὸ</strong></span> <span class='ocrx_word' id='word_1_441' title='bbox 2452 2785 2548 2839; x_wconf 82' lang='grc' dir='ltr'><strong>τοῦ</strong></span> <span class='ocrx_word' id='word_1_442' title='bbox 2583 2786 2900 2855; x_wconf 85' lang='grc' dir='ltr'>Πνεύματος</span> <span class='ocrx_word' id='word_1_443' title='bbox 2931 2785 3325 2855; x_wconf 80' lang='grc' dir='ltr'>καταδέχονται</span> <span class='ocrx_word' id='word_1_444' title='bbox 3355 2785 3538 2853; x_wconf 85' lang='grc' dir='ltr'>νόμον,</span> <span class='ocrx_word' id='word_1_445' title='bbox 3569 2785 3792 2856; x_wconf 79' lang='grc' dir='ltr'>όλοτρό-</span> 
     </span>
    </p>
   </div>
   <div class='ocr_carea' id='block_1_59' title="bbox 2205 2876 3800 2949">
    <p class='ocr_par' dir='ltr' id='par_1_59' title="bbox 2205 2876 3800 2949">
     <span class='ocr_line' id='line_1_59' title="bbox 2205 2876 3800 2949; baseline -0.001 -16"><span class='ocrx_word' id='word_1_446' title='bbox 2205 2896 2322 2941; x_wconf 85' lang='grc' dir='ltr'><strong>πως</strong></span> <span class='ocrx_word' id='word_1_447' title='bbox 2359 2881 2470 2942; x_wconf 85' lang='grc' dir='ltr'>τοῖς</span> <span class='ocrx_word' id='word_1_448' title='bbox 2502 2878 2600 2946; x_wconf 85' lang='grc' dir='ltr'><strong>τῆς</strong></span> <span class='ocrx_word' id='word_1_449' title='bbox 2640 2876 2842 2948; x_wconf 82' lang='grc' dir='ltr'>σαρκὸς</span> <span class='ocrx_word' id='word_1_450' title='bbox 2883 2876 3309 2949; x_wconf 85' lang='grc' dir='ltr'>τυραννούμενοι</span> <span class='ocrx_word' id='word_1_451' title='bbox 3357 2878 3587 2932; x_wconf 88' lang='grc' dir='ltr'>πάθεσιν</span> <span class='ocrx_word' id='word_1_452' title='bbox 3611 2895 3626 2910; x_wconf 89' lang='grc'><strong>·</strong></span> <span class='ocrx_word' id='word_1_453' title='bbox 3661 2879 3712 2931; x_wconf 77' lang='lat' dir='ltr'><strong>oi</strong></span> <span class='ocrx_word' id='word_1_454' title='bbox 3740 2878 3800 2932; x_wconf 66' lang='lat' dir='ltr'><strong>Et</strong></span> 
     </span>
    </p>
   </div>
   <div class='ocr_carea' id='block_1_60' title="bbox 488 2967 2098 3045">
    <p class='ocr_par' dir='ltr' id='par_1_60' title="bbox 488 2974 2098 3045">
     <span class='ocr_line' id='line_1_60' title="bbox 488 2974 2098 3045; baseline 0.002 -17"><span class='ocrx_word' id='word_1_455' title='bbox 488 2975 766 3044; x_wconf 87' lang='lat' dir='ltr'><strong>‘optionis</strong></span> <span class='ocrx_word' id='word_1_456' title='bbox 798 2974 1041 3028; x_wconf 89' lang='lat' dir='ltr'><strong>ornabit.</strong></span> <span class='ocrx_word' id='word_1_457' title='bbox 1075 2975 1247 3045; x_wconf 79' lang='lat' dir='ltr'><strong>Cujus</strong></span> <span class='ocrx_word' id='word_1_458' title='bbox 1276 2975 1352 3030; x_wconf 91' lang='lat' dir='ltr'><strong>rei</strong></span> <span class='ocrx_word' id='word_1_459' title='bbox 1380 2977 1542 3031; x_wconf 87' lang='lat' dir='ltr'><strong>testis</strong></span> <span class='ocrx_word' id='word_1_460' title='bbox 1571 2977 1676 3031; x_wconf 90' lang='lat' dir='ltr'><strong>erit</strong></span> <span class='ocrx_word' id='word_1_461' title='bbox 1708 2977 1864 3031; x_wconf 92' lang='lat' dir='ltr'><strong>nobis</strong></span> <span class='ocrx_word' id='word_1_462' title='bbox 1898 2975 2098 3031; x_wconf 84' lang='lat' dir='ltr'><strong>Paulus</strong></span> 
     </span>
    </p>
   </div>
   <div class='ocr_carea' id='block_1_61' title="bbox 2203 2967 3798 3045">
    <p class='ocr_par' dir='ltr' id='par_1_61' title="bbox 2205 2967 3798 3040">
     <span class='ocr_line' id='line_1_61' title="bbox 2205 2967 3798 3040; baseline -0.002 -16"><span class='ocrx_word' id='word_1_463' title='bbox 2205 2970 2401 3040; x_wconf 76' lang='grc' dir='ltr'>ἀγαθοὶ</span> <span class='ocrx_word' id='word_1_464' title='bbox 2425 2971 2518 3024; x_wconf 76' lang='grc' dir='ltr'><strong>καὶ</strong></span> <span class='ocrx_word' id='word_1_465' title='bbox 2540 2968 2820 3040; x_wconf 79' lang='grc' dir='ltr'>νηφαλέοι,</span> <span class='ocrx_word' id='word_1_466' title='bbox 2854 2967 3222 3038; x_wconf 78' lang='grc' dir='ltr'>σχολάζουσαν</span> <span class='ocrx_word' id='word_1_467' title='bbox 3246 2968 3356 3021; x_wconf 87' lang='grc' dir='ltr'><strong>τῶν</strong></span> <span class='ocrx_word' id='word_1_468' title='bbox 3387 2970 3446 3023; x_wconf 85' lang='grc' dir='ltr'><strong>ἑν</strong></span> <span class='ocrx_word' id='word_1_469' title='bbox 3482 2968 3671 3040; x_wconf 87' lang='grc' dir='ltr'>κόσμῳ</span> <span class='ocrx_word' id='word_1_470' title='bbox 3692 2985 3798 3021; x_wconf 83' lang='grc' dir='ltr'>κα·-</span> 
     </span>
    </p>
   </div>
   <div class='ocr_carea' id='block_1_62' title="bbox 515 3046 2098 3143">
    <p class='ocr_par' dir='ltr' id='par_1_62' title="bbox 515 3046 2098 3132">
     <span class='ocr_line' id='line_1_62' title="bbox 515 3046 2098 3132; baseline 0.001 -11"><span class='ocrx_word' id='word_1_471' title='bbox 515 3067 709 3122; x_wconf 89' lang='lat' dir='ltr'><strong>dicens</strong></span> <span class='ocrx_word' id='word_1_472' title='bbox 743 3085 757 3123; x_wconf 90' lang='lat'><strong>:</strong></span> <span class='ocrx_word' id='word_1_473' title='bbox 795 3086 814 3118; x_wconf 79' lang='grc' dir='ltr'><strong>ι</strong></span> <span class='ocrx_word' id='word_1_474' title='bbox 853 3046 1129 3132; x_wconf 84' lang='lat' dir='ltr'><strong>Quoniam</strong></span> <span class='ocrx_word' id='word_1_475' title='bbox 1171 3074 1354 3122; x_wconf 90' lang='lat' dir='ltr'><strong>autem</strong></span> <span class='ocrx_word' id='word_1_476' title='bbox 1407 3068 1544 3123; x_wconf 90' lang='lat' dir='ltr'><strong>estis</strong></span> <span class='ocrx_word' id='word_1_477' title='bbox 1593 3067 1715 3132; x_wconf 86' lang='lat' dir='ltr'><strong>ﬁlii,</strong></span> <span class='ocrx_word' id='word_1_478' title='bbox 1747 3067 1901 3124; x_wconf 90' lang='lat' dir='ltr'><strong>misit</strong></span> <span class='ocrx_word' id='word_1_479' title='bbox 1955 3067 2098 3124; x_wconf 93' lang='lat' dir='ltr'><strong>Deus</strong></span> 
     </span>
    </p>
   </div>
   <div class='ocr_carea' id='block_1_63' title="bbox 2203 3046 3799 3143">
    <p class='ocr_par' dir='ltr' id='par_1_63' title="bbox 2203 3058 3799 3134">
     <span class='ocr_line' id='line_1_63' title="bbox 2203 3058 3799 3134; baseline -0.004 -15"><span class='ocrx_word' id='word_1_480' title='bbox 2203 3065 2314 3119; x_wconf 86' lang='grc' dir='ltr'><strong>κῶν</strong></span> <span class='ocrx_word' id='word_1_481' title='bbox 2341 3063 2554 3134; x_wconf 76' lang='grc' dir='ltr'>ἔχοντες</span> <span class='ocrx_word' id='word_1_482' title='bbox 2576 3061 2675 3133; x_wconf 82' lang='grc' dir='ltr'><strong>τὴν</strong></span> <span class='ocrx_word' id='word_1_483' title='bbox 2705 3060 2952 3130; x_wconf 87' lang='grc' dir='ltr'>καρδίαν,</span> <span class='ocrx_word' id='word_1_484' title='bbox 2982 3058 3334 3124; x_wconf 78' lang='grc' dir='ltr'>είσοικίζουσι</span> <span class='ocrx_word' id='word_1_485' title='bbox 3370 3060 3468 3130; x_wconf 81' lang='grc' dir='ltr'>μὲν</span> <span class='ocrx_word' id='word_1_486' title='bbox 3494 3061 3552 3112; x_wconf 82' lang='grc' dir='ltr'><strong>ἑν</strong></span> <span class='ocrx_word' id='word_1_487' title='bbox 3580 3061 3799 3123; x_wconf 79' lang='grc' dir='ltr'>ἑαυτοῖς</span> 
     </span>
    </p>
   </div>
   <div class='ocr_carea' id='block_1_64' title="bbox 518 3147 2098 3228">
    <p class='ocr_par' dir='ltr' id='par_1_64' title="bbox 518 3147 2095 3228">
     <span class='ocr_line' id='line_1_64' title="bbox 518 3147 2095 3228; baseline 0.003 -16"><span class='ocrx_word' id='word_1_488' title='bbox 518 3157 791 3228; x_wconf 88' lang='lat' dir='ltr'><strong>Spiritum</strong></span> <span class='ocrx_word' id='word_1_489' title='bbox 829 3158 957 3213; x_wconf 85' lang='lat' dir='ltr'><strong>Filii</strong></span> <span class='ocrx_word' id='word_1_490' title='bbox 985 3159 1071 3216; x_wconf 90' lang='lat' dir='ltr'><strong>sui</strong></span> <span class='ocrx_word' id='word_1_491' title='bbox 1115 3147 1170 3214; x_wconf 77' lang='lat' dir='ltr'><strong>in</strong></span> <span class='ocrx_word' id='word_1_492' title='bbox 1218 3159 1389 3215; x_wconf 86' lang='lat' dir='ltr'><strong>corda</strong></span> <span class='ocrx_word' id='word_1_493' title='bbox 1444 3167 1648 3225; x_wconf 86' lang='lat' dir='ltr'><strong>vestra,</strong></span> <span class='ocrx_word' id='word_1_494' title='bbox 1705 3161 2036 3217; x_wconf 91' lang='lat' dir='ltr'><strong>clamantem</strong></span> <span class='ocrx_word' id='word_1_495' title='bbox 2081 3179 2095 3217; x_wconf 92' lang='lat'><strong>:</strong></span> 
     </span>
    </p>
   </div>
   <div class='ocr_carea' id='block_1_65' title="bbox 2203 3147 3798 3228">
    <p class='ocr_par' dir='ltr' id='par_1_65' title="bbox 2209 3151 3798 3223">
     <span class='ocr_line' id='line_1_65' title="bbox 2209 3151 3798 3223; baseline -0.004 -14"><span class='ocrx_word' id='word_1_496' title='bbox 2209 3156 2451 3210; x_wconf 74' lang='grc' dir='ltr'>ἐθελοντὶ</span> <span class='ocrx_word' id='word_1_497' title='bbox 2487 3154 2580 3207; x_wconf 84' lang='grc' dir='ltr'><strong>τὸν</strong></span> <span class='ocrx_word' id='word_1_498' title='bbox 2630 3151 3024 3223; x_wconf 86' lang='grc' dir='ltr'>Παράκλητον,</span> <span class='ocrx_word' id='word_1_499' title='bbox 3052 3151 3378 3215; x_wconf 76' lang='grc' dir='ltr'>διασώζουσι</span> <span class='ocrx_word' id='word_1_500' title='bbox 3416 3151 3476 3204; x_wconf 84' lang='grc' dir='ltr'>δὲ</span> <span class='ocrx_word' id='word_1_501' title='bbox 3517 3151 3798 3217; x_wconf 78' lang='grc' dir='ltr'>λαϐόντες,</span> 
     </span>
    </p>
   </div>
   <div class='ocr_carea' id='block_1_66' title="bbox 514 3241 3799 3318">
    <p class='ocr_par' dir='ltr' id='par_1_66' title="bbox 514 3241 3799 3318">
     <span class='ocr_line' id='line_1_66' title="bbox 514 3241 3799 3318; baseline -0.003 -13"><span class='ocrx_word' id='word_1_502' title='bbox 514 3249 694 3318; x_wconf 83' lang='lat' dir='ltr'><strong>Abba,</strong></span> <span class='ocrx_word' id='word_1_503' title='bbox 731 3251 896 3305; x_wconf 86' lang='lat' dir='ltr'><strong>Pater</strong></span> <span class='ocrx_word' id='word_1_504' title='bbox 926 3251 992 3304; x_wconf 77' lang='grc'><strong>⁵⁸.</strong></span> <span class='ocrx_word' id='word_1_505' title='bbox 1037 3270 1055 3302; x_wconf 72' lang='grc' dir='ltr'><strong>ι</strong></span> <span class='ocrx_word' id='word_1_506' title='bbox 1701 3289 1706 3294; x_wconf 80' lang='lat'><strong>.</strong></span> <span class='ocrx_word' id='word_1_507' title='bbox 2207 3249 2302 3302; x_wconf 73' lang='lat' dir='ltr'><strong>xui.</strong></span> <span class='ocrx_word' id='word_1_508' title='bbox 2355 3246 2586 3300; x_wconf 88' lang='grc' dir='ltr'>καθόσον</span> <span class='ocrx_word' id='word_1_509' title='bbox 2621 3243 2928 3316; x_wconf 84' lang='grc' dir='ltr'>ἀνθρώποις</span> <span class='ocrx_word' id='word_1_510' title='bbox 2983 3243 3234 3313; x_wconf 75' lang='grc' dir='ltr'>ἐφικτὸν,</span> <span class='ocrx_word' id='word_1_511' title='bbox 3267 3242 3473 3313; x_wconf 85' lang='grc' dir='ltr'>νοητῶς</span> <span class='ocrx_word' id='word_1_512' title='bbox 3503 3241 3799 3314; x_wconf 86' lang='grc' dir='ltr'>θεωροῦσι,</span> 
     </span>
    </p>
   </div>
   <div class='ocr_carea' id='block_1_67' title="bbox 516 3339 3797 3418">
    <p class='ocr_par' dir='ltr' id='par_1_67' title="bbox 516 3339 3797 3418">
     <span class='ocr_line' id='line_1_67' title="bbox 516 3339 3797 3418; baseline -0.001 -22"><span class='ocrx_word' id='word_1_513' title='bbox 516 3343 650 3397; x_wconf 89' lang='grc' dir='ltr'>πολύ</span> <span class='ocrx_word' id='word_1_514' title='bbox 688 3363 740 3398; x_wconf 88' lang='grc' dir='ltr'><strong>τι</strong></span> <span class='ocrx_word' id='word_1_515' title='bbox 784 3345 881 3398; x_wconf 74' lang='grc' dir='ltr'><strong>καὶ</strong></span> <span class='ocrx_word' id='word_1_516' title='bbox 930 3345 1094 3414; x_wconf 83' lang='grc' dir='ltr'>μέγα,</span> <span class='ocrx_word' id='word_1_517' title='bbox 1138 3345 1231 3398; x_wconf 75' lang='grc' dir='ltr'><strong>καὶ</strong></span> <span class='ocrx_word' id='word_1_518' title='bbox 1269 3345 1634 3418; x_wconf 81' lang='grc' dir='ltr'>ἀξιοζήλωτον</span> <span class='ocrx_word' id='word_1_519' title='bbox 1687 3346 1937 3402; x_wconf 77' lang='grc' dir='ltr'>ἐντεῦθεν</span> <span class='ocrx_word' id='word_1_520' title='bbox 1969 3343 2430 3417; x_wconf 80' lang='grc' dir='ltr'>ἀποκομιζόμενοι</span> <span class='ocrx_word' id='word_1_521' title='bbox 2479 3341 2666 3410; x_wconf 83' lang='grc' dir='ltr'>γέρας.</span> <span class='ocrx_word' id='word_1_522' title='bbox 2697 3339 3075 3409; x_wconf 77' lang='grc' dir='ltr'>Ἀγιάσειγάρ</span> <span class='ocrx_word' id='word_1_523' title='bbox 3136 3339 3355 3403; x_wconf 80' lang='grc' dir='ltr'>αὐτοὺς,</span> <span class='ocrx_word' id='word_1_524' title='bbox 3415 3339 3510 3392; x_wconf 77' lang='lat' dir='ltr'><strong>xui</strong></span> <span class='ocrx_word' id='word_1_525' title='bbox 3573 3339 3797 3393; x_wconf 79' lang='grc' dir='ltr'>πάντων</span> 
     </span>
    </p>
   </div>
   <div class='ocr_carea' id='block_1_68' title="bbox 513 3425 3799 3510">
    <p class='ocr_par' dir='ltr' id='par_1_68' title="bbox 513 3425 3799 3510">
     <span class='ocr_line' id='line_1_68' title="bbox 513 3425 3799 3510; baseline -0.003 -22"><span class='ocrx_word' id='word_1_526' title='bbox 513 3435 649 3506; x_wconf 81' lang='grc' dir='ltr'>ὁμοῦ</span> <span class='ocrx_word' id='word_1_527' title='bbox 680 3438 785 3489; x_wconf 92' lang='grc' dir='ltr'><strong>τῶν</strong></span> <span class='ocrx_word' id='word_1_528' title='bbox 803 3435 1025 3504; x_wconf 85' lang='grc' dir='ltr'>ἀγαθῶν</span> <span class='ocrx_word' id='word_1_529' title='bbox 1047 3437 1415 3500; x_wconf 68' lang='grc' dir='ltr'>ἀππελεστάς</span> <span class='ocrx_word' id='word_1_530' title='bbox 1453 3439 1748 3504; x_wconf 80' lang='grc' dir='ltr'>ἀποδείξει,</span> <span class='ocrx_word' id='word_1_531' title='bbox 1775 3441 1869 3493; x_wconf 77' lang='lat' dir='ltr'><strong>xui</strong></span> <span class='ocrx_word' id='word_1_532' title='bbox 1883 3440 1943 3492; x_wconf 80' lang='grc' dir='ltr'><strong>τὸ</strong></span> <span class='ocrx_word' id='word_1_533' title='bbox 1971 3440 2070 3510; x_wconf 83' lang='grc' dir='ltr'><strong>μὲν</strong></span> <span class='ocrx_word' id='word_1_534' title='bbox 2101 3439 2198 3508; x_wconf 83' lang='grc' dir='ltr'>τῆς</span> <span class='ocrx_word' id='word_1_535' title='bbox 2214 3430 2718 3506; x_wconf 86' lang='grc' dir='ltr'>ἀνθρωποπρεποῦς</span> <span class='ocrx_word' id='word_1_536' title='bbox 2752 3431 2994 3494; x_wconf 89' lang='grc' dir='ltr'>δουλείας</span> <span class='ocrx_word' id='word_1_537' title='bbox 3022 3425 3211 3499; x_wconf 72' lang='grc' dir='ltr'>αἶσχος</span> <span class='ocrx_word' id='word_1_538' title='bbox 3238 3431 3390 3497; x_wconf 72' lang='grc' dir='ltr'>ἀεριεῖ</span> <span class='ocrx_word' id='word_1_539' title='bbox 3422 3429 3532 3500; x_wconf 77' lang='grc' dir='ltr'>[γρ.</span> <span class='ocrx_word' id='word_1_540' title='bbox 3556 3428 3799 3503; x_wconf 56' lang='lat' dir='ltr'><strong>usas-215?],</strong></span> 
     </span>
    </p>
   </div>
   <div class='ocr_carea' id='block_1_69' title="bbox 753 3529 780 3541">
    <p class='ocr_par' dir='ltr' id='par_1_69' title="bbox 753 3529 780 3541">
     <span class='ocr_line' id='line_1_69' title="bbox 753 3529 780 3541; baseline 0 0"><span class='ocrx_word' id='word_1_541' title='bbox 753 3529 780 3541; x_wconf 53' lang='grc' dir='ltr'>α</span> 
     </span>
    </p>
   </div>
   <div class='ocr_carea' id='block_1_70' title="bbox 513 3525 3801 3605">
    <p class='ocr_par' dir='ltr' id='par_1_70' title="bbox 513 3525 3801 3605">
     <span class='ocr_line' id='line_1_70' title="bbox 513 3525 3801 3605; baseline -0.002 -23"><span class='ocrx_word' id='word_1_542' title='bbox 513 3528 593 3598; x_wconf 77' lang='grc' dir='ltr'>τῷ</span> <span class='ocrx_word' id='word_1_543' title='bbox 624 3529 681 3581; x_wconf 80' lang='grc' dir='ltr'>δὲ</span> <span class='ocrx_word' id='word_1_544' title='bbox 717 3529 818 3598; x_wconf 84' lang='grc' dir='ltr'><strong>τῆς</strong></span> <span class='ocrx_word' id='word_1_545' title='bbox 851 3529 1123 3592; x_wconf 74' lang='grc' dir='ltr'>υἱοθεσίας</span> <span class='ocrx_word' id='word_1_546' title='bbox 1180 3530 1456 3600; x_wconf 77' lang='grc' dir='ltr'>ἀξιώματι</span> <span class='ocrx_word' id='word_1_547' title='bbox 1524 3533 1832 3603; x_wconf 81' lang='grc' dir='ltr'>περιϐαλεί.</span> <span class='ocrx_word' id='word_1_548' title='bbox 1881 3536 1994 3587; x_wconf 81' lang='grc' dir='ltr'>Καὶ</span> <span class='ocrx_word' id='word_1_549' title='bbox 2046 3532 2393 3605; x_wconf 82' lang='grc' dir='ltr'>μαρτυρήσει</span> <span class='ocrx_word' id='word_1_550' title='bbox 2467 3529 2644 3597; x_wconf 86' lang='grc' dir='ltr'>λέγων</span> <span class='ocrx_word' id='word_1_551' title='bbox 2692 3528 2714 3580; x_wconf 76' lang='grc'><strong><em>5</em></strong></span> <span class='ocrx_word' id='word_1_552' title='bbox 2757 3525 3004 3588; x_wconf 86' lang='grc' dir='ltr'>Παῦλος·</span> <span class='ocrx_word' id='word_1_553' title='bbox 3041 3543 3059 3576; x_wconf 83' lang='lat' dir='ltr'><strong>t</strong></span> <span class='ocrx_word' id='word_1_554' title='bbox 3098 3526 3222 3578; x_wconf 83' lang='grc' dir='ltr'><strong>Ὄτ.</strong></span> <span class='ocrx_word' id='word_1_555' title='bbox 3275 3525 3332 3577; x_wconf 88' lang='grc' dir='ltr'><strong>δέ</strong></span> <span class='ocrx_word' id='word_1_556' title='bbox 3365 3528 3489 3578; x_wconf 87' lang='grc' dir='ltr'>ἑστε</span> <span class='ocrx_word' id='word_1_557' title='bbox 3543 3527 3668 3590; x_wconf 74' lang='grc' dir='ltr'>υἱοὶ,</span> <span class='ocrx_word' id='word_1_558' title='bbox 3704 3525 3801 3591; x_wconf 74' lang='grc' dir='ltr'><strong>ἐξ·</strong></span> 
     </span>
    </p>
   </div>
   <div class='ocr_carea' id='block_1_71' title="bbox 514 3620 3548 3698">
    <p class='ocr_par' dir='ltr' id='par_1_71' title="bbox 514 3620 3548 3698">
     <span class='ocr_line' id='line_1_71' title="bbox 514 3620 3548 3698; baseline 0.006 -25"><span class='ocrx_word' id='word_1_559' title='bbox 514 3621 831 3674; x_wconf 84' lang='grc' dir='ltr'>ἀπέστειλεν</span> <span class='ocrx_word' id='word_1_560' title='bbox 877 3622 906 3672; x_wconf 87' lang='grc' dir='ltr'><strong>ό</strong></span> <span class='ocrx_word' id='word_1_561' title='bbox 956 3621 1088 3685; x_wconf 77' lang='grc' dir='ltr'>Θεὸς</span> <span class='ocrx_word' id='word_1_562' title='bbox 1122 3628 1182 3676; x_wconf 76' lang='grc' dir='ltr'>τὸ</span> <span class='ocrx_word' id='word_1_563' title='bbox 1221 3625 1443 3697; x_wconf 84' lang='grc' dir='ltr'>Πνεῦμα</span> <span class='ocrx_word' id='word_1_564' title='bbox 1491 3627 1586 3680; x_wconf 89' lang='grc' dir='ltr'><strong>τοῦ</strong></span> <span class='ocrx_word' id='word_1_565' title='bbox 1622 3629 1753 3682; x_wconf 85' lang='grc' dir='ltr'>Υίοῦ</span> <span class='ocrx_word' id='word_1_566' title='bbox 1787 3630 1953 3682; x_wconf 82' lang='grc' dir='ltr'>αὑτοῦ</span> <span class='ocrx_word' id='word_1_567' title='bbox 1990 3631 2070 3692; x_wconf 82' lang='grc' dir='ltr'><strong>είς</strong></span> <span class='ocrx_word' id='word_1_568' title='bbox 2103 3629 2201 3692; x_wconf 80' lang='grc' dir='ltr'><strong>τὰς</strong></span> <span class='ocrx_word' id='word_1_569' title='bbox 2229 3627 2459 3698; x_wconf 87' lang='grc' dir='ltr'>καρδίας</span> <span class='ocrx_word' id='word_1_570' title='bbox 2487 3625 2663 3695; x_wconf 87' lang='grc' dir='ltr'>ύμῶν,</span> <span class='ocrx_word' id='word_1_571' title='bbox 2695 3622 2900 3693; x_wconf 73' lang='grc' dir='ltr'>κρᾶζον</span> <span class='ocrx_word' id='word_1_572' title='bbox 2924 3639 2938 3654; x_wconf 81' lang='grc'>⁸</span> <span class='ocrx_word' id='word_1_573' title='bbox 2992 3620 3182 3682; x_wconf 73' lang='grc' dir='ltr'><strong>Ἀδδᾶν</strong></span> <span class='ocrx_word' id='word_1_574' title='bbox 3217 3623 3246 3674; x_wconf 72' lang='grc' dir='ltr'>ὁ</span> <span class='ocrx_word' id='word_1_575' title='bbox 3277 3622 3488 3692; x_wconf 67' lang='grc' dir='ltr'><strong>Πατήρ·</strong></span> <span class='ocrx_word' id='word_1_576' title='bbox 3531 3642 3548 3674; x_wconf 80' lang='grc'><em>³</em></span> 
     </span>
    </p>
   </div>
   <div class='ocr_carea' id='block_1_72' title="bbox 587 3709 2097 3784">
    <p class='ocr_par' dir='ltr' id='par_1_72' title="bbox 587 3709 2097 3784">
     <span class='ocr_line' id='line_1_72' title="bbox 587 3709 2097 3784; baseline 0.005 -20"><span class='ocrx_word' id='word_1_577' title='bbox 587 3709 728 3777; x_wconf 74' lang='lat' dir='ltr'><strong>XIV,</strong></span> <span class='ocrx_word' id='word_1_578' title='bbox 778 3711 863 3766; x_wconf 89' lang='lat' dir='ltr'><strong>I8.</strong></span> <span class='ocrx_word' id='word_1_579' title='bbox 898 3711 1017 3764; x_wconf 83' lang='lat' dir='ltr'><strong>Non</strong></span> <span class='ocrx_word' id='word_1_580' title='bbox 1059 3712 1355 3783; x_wconf 81' lang='lat' dir='ltr'><strong>relinquam</strong></span> <span class='ocrx_word' id='word_1_581' title='bbox 1409 3732 1499 3770; x_wconf 77' lang='lat' dir='ltr'><strong>vos</strong></span> <span class='ocrx_word' id='word_1_582' title='bbox 1547 3715 1812 3784; x_wconf 76' lang='lat' dir='ltr'><strong>orpltanos</strong></span> <span class='ocrx_word' id='word_1_583' title='bbox 1846 3734 1863 3772; x_wconf 89' lang='lat'><strong><em>:</em></strong></span> <span class='ocrx_word' id='word_1_584' title='bbox 1893 3720 2097 3773; x_wconf 81' lang='lat' dir='ltr'><strong>veniam</strong></span> 
     </span>
    </p>
   </div>
   <div class='ocr_carea' id='block_1_73' title="bbox 515 3801 723 3855">
    <p class='ocr_par' dir='ltr' id='par_1_73' title="bbox 515 3801 723 3855">
     <span class='ocr_line' id='line_1_73' title="bbox 515 3801 723 3855; baseline 0 0"><span class='ocrx_word' id='word_1_585' title='bbox 515 3801 584 3855; x_wconf 85' lang='lat' dir='ltr'><strong>ad</strong></span> <span class='ocrx_word' id='word_1_586' title='bbox 613 3818 723 3855; x_wconf 73' lang='lat' dir='ltr'><strong>vos.</strong></span> 
     </span>
    </p>
   </div>
   <div class='ocr_carea' id='block_1_74' title="bbox 583 3891 2098 3966">
    <p class='ocr_par' dir='ltr' id='par_1_74' title="bbox 583 3891 2098 3966">
     <span class='ocr_line' id='line_1_74' title="bbox 583 3891 2098 3966; baseline 0.003 -19"><span class='ocrx_word' id='word_1_587' title='bbox 583 3891 912 3948; x_wconf 80' lang='lat' dir='ltr'><strong>Necessario</strong></span> <span class='ocrx_word' id='word_1_588' title='bbox 943 3909 1166 3966; x_wconf 88' lang='lat' dir='ltr'><strong>quoque</strong></span> <span class='ocrx_word' id='word_1_589' title='bbox 1201 3909 1348 3950; x_wconf 89' lang='lat' dir='ltr'><strong>nunc</strong></span> <span class='ocrx_word' id='word_1_590' title='bbox 1399 3894 1667 3952; x_wconf 91' lang='lat' dir='ltr'><strong>Dominus</strong></span> <span class='ocrx_word' id='word_1_591' title='bbox 1699 3907 1884 3952; x_wconf 91' lang='lat' dir='ltr'><strong>noster</strong></span> <span class='ocrx_word' id='word_1_592' title='bbox 1937 3895 2098 3953; x_wconf 87' lang='lat' dir='ltr'><strong>Jesus</strong></span> 
     </span>
    </p>
   </div>
   <div class='ocr_carea' id='block_1_75' title="bbox 514 3984 2098 4044">
    <p class='ocr_par' dir='ltr' id='par_1_75' title="bbox 514 3984 2098 4044">
     <span class='ocr_line' id='line_1_75' title="bbox 514 3984 2098 4044; baseline 0.003 -5"><span class='ocrx_word' id='word_1_593' title='bbox 514 3984 768 4039; x_wconf 89' lang='lat' dir='ltr'><strong>Christus</strong></span> <span class='ocrx_word' id='word_1_594' title='bbox 831 3984 899 4040; x_wconf 88' lang='lat' dir='ltr'><strong>de</strong></span> <span class='ocrx_word' id='word_1_595' title='bbox 949 3995 1143 4040; x_wconf 78' lang='lat' dir='ltr'><strong>sancta</strong></span> <span class='ocrx_word' id='word_1_596' title='bbox 1190 3994 1244 4041; x_wconf 88' lang='lat' dir='ltr'><strong>et</strong></span> <span class='ocrx_word' id='word_1_597' title='bbox 1301 3987 1763 4042; x_wconf 87' lang='lat' dir='ltr'><strong>consubstantiali</strong></span> <span class='ocrx_word' id='word_1_598' title='bbox 1821 3987 2098 4044; x_wconf 88' lang='lat' dir='ltr'><strong>Trinitate</strong></span> 
     </span>
    </p>
   </div>
   <div class='ocr_carea' id='block_1_76' title="bbox 515 4077 2096 4151">
    <p class='ocr_par' dir='ltr' id='par_1_76' title="bbox 515 4077 2096 4151">
     <span class='ocr_line' id='line_1_76' title="bbox 515 4077 2096 4151; baseline 0.004 -19"><span class='ocrx_word' id='word_1_599' title='bbox 515 4091 831 4132; x_wconf 88' lang='lat' dir='ltr'><strong>sermonem</strong></span> <span class='ocrx_word' id='word_1_600' title='bbox 879 4080 1148 4133; x_wconf 75' lang='lat' dir='ltr'><strong>contexit.</strong></span> <span class='ocrx_word' id='word_1_601' title='bbox 1198 4077 1317 4133; x_wconf 86' lang='lat' dir='ltr'><strong>Jam</strong></span> <span class='ocrx_word' id='word_1_602' title='bbox 1352 4079 1498 4134; x_wconf 92' lang='lat' dir='ltr'><strong>enim</strong></span> <span class='ocrx_word' id='word_1_603' title='bbox 1539 4080 1696 4150; x_wconf 89' lang='lat' dir='ltr'><strong>prius</strong></span> <span class='ocrx_word' id='word_1_604' title='bbox 1735 4080 2096 4151; x_wconf 83' lang='lat' dir='ltr'><strong>diligentibus</strong></span> 
     </span>
    </p>
   </div>
   <div class='ocr_carea' id='block_1_77' title="bbox 515 4171 2094 4238">
    <p class='ocr_par' dir='ltr' id='par_1_77' title="bbox 515 4171 2094 4238">
     <span class='ocr_line' id='line_1_77' title="bbox 515 4171 2094 4238; baseline 0.005 -12"><span class='ocrx_word' id='word_1_605' title='bbox 515 4187 596 4238; x_wconf 85' lang='lat' dir='ltr'><strong>se,</strong></span> <span class='ocrx_word' id='word_1_606' title='bbox 627 4172 814 4226; x_wconf 91' lang='lat' dir='ltr'><strong>allatis</strong></span> <span class='ocrx_word' id='word_1_607' title='bbox 854 4173 920 4226; x_wconf 90' lang='lat' dir='ltr'><strong>ad</strong></span> <span class='ocrx_word' id='word_1_608' title='bbox 974 4172 1272 4228; x_wconf 86' lang='lat' dir='ltr'><strong>certiorem</strong></span> <span class='ocrx_word' id='word_1_609' title='bbox 1337 4171 1498 4228; x_wconf 83' lang='lat' dir='ltr'><strong>ﬁdem</strong></span> <span class='ocrx_word' id='word_1_610' title='bbox 1551 4175 1737 4230; x_wconf 85' lang='lat' dir='ltr'><strong>verbis</strong></span> <span class='ocrx_word' id='word_1_611' title='bbox 1790 4189 1854 4229; x_wconf 86' lang='lat' dir='ltr'><strong>ac</strong></span> <span class='ocrx_word' id='word_1_612' title='bbox 1904 4174 2094 4234; x_wconf 84' lang='lat' dir='ltr'><strong>rebus.</strong></span> 
     </span>
    </p>
   </div>
   <div class='ocr_carea' id='block_1_78' title="bbox 513 4263 2092 4333">
    <p class='ocr_par' dir='ltr' id='par_1_78' title="bbox 513 4263 2092 4333">
     <span class='ocr_line' id='line_1_78' title="bbox 513 4263 2092 4333; baseline 0.002 -16"><span class='ocrx_word' id='word_1_613' title='bbox 513 4263 758 4318; x_wconf 90' lang='lat' dir='ltr'><strong>ostendit</strong></span> <span class='ocrx_word' id='word_1_614' title='bbox 797 4265 1099 4319; x_wconf 90' lang='lat' dir='ltr'><strong>secundum</strong></span> <span class='ocrx_word' id='word_1_615' title='bbox 1148 4275 1404 4319; x_wconf 89' lang='lat' dir='ltr'><strong>naturam</strong></span> <span class='ocrx_word' id='word_1_616' title='bbox 1435 4281 1494 4322; x_wconf 89' lang='lat' dir='ltr'><strong>se</strong></span> <span class='ocrx_word' id='word_1_617' title='bbox 1534 4267 1707 4321; x_wconf 77' lang='lat' dir='ltr'><strong>Deum</strong></span> <span class='ocrx_word' id='word_1_618' title='bbox 1758 4283 1906 4333; x_wconf 90' lang='lat' dir='ltr'><strong>esse,</strong></span> <span class='ocrx_word' id='word_1_619' title='bbox 1940 4279 1994 4322; x_wconf 89' lang='lat' dir='ltr'><strong>et</strong></span> <span class='ocrx_word' id='word_1_620' title='bbox 2027 4284 2092 4322; x_wconf 84' lang='lat' dir='ltr'><strong>ex</strong></span> 
     </span>
    </p>
   </div>
   <div class='ocr_carea' id='block_1_79' title="bbox 515 4351 2094 4427">
    <p class='ocr_par' dir='ltr' id='par_1_79' title="bbox 515 4351 2094 4427">
     <span class='ocr_line' id='line_1_79' title="bbox 515 4351 2094 4427; baseline 0.005 -22"><span class='ocrx_word' id='word_1_621' title='bbox 515 4351 624 4407; x_wconf 89' lang='lat' dir='ltr'><strong>Deo</strong></span> <span class='ocrx_word' id='word_1_622' title='bbox 650 4351 816 4408; x_wconf 84' lang='lat' dir='ltr'><strong>Patre</strong></span> <span class='ocrx_word' id='word_1_623' title='bbox 843 4355 1117 4423; x_wconf 73' lang='lat' dir='ltr'><strong>genitum,</strong></span> <span class='ocrx_word' id='word_1_624' title='bbox 1139 4356 1445 4426; x_wconf 87' lang='lat' dir='ltr'><strong>eademque</strong></span> <span class='ocrx_word' id='word_1_625' title='bbox 1473 4371 1600 4411; x_wconf 91' lang='lat' dir='ltr'><strong>cum</strong></span> <span class='ocrx_word' id='word_1_626' title='bbox 1633 4357 1729 4411; x_wconf 81' lang='lat' dir='ltr'><strong>illo</strong></span> <span class='ocrx_word' id='word_1_627' title='bbox 1757 4357 1998 4427; x_wconf 78' lang='lat' dir='ltr'><strong>pmentia</strong></span> <span class='ocrx_word' id='word_1_628' title='bbox 2031 4372 2094 4413; x_wconf 89' lang='lat' dir='ltr'><strong>ac</strong></span> 
     </span>
    </p>
   </div>
   <div class='ocr_carea' id='block_1_80' title="bbox 2276 3709 3801 3782">
    <p class='ocr_par' dir='ltr' id='par_1_80' title="bbox 2276 3709 3801 3782">
     <span class='ocr_line' id='line_1_80' title="bbox 2276 3709 3801 3782; baseline -0.003 -14"><span class='ocrx_word' id='word_1_629' title='bbox 2276 3717 2397 3768; x_wconf 82' lang='grc' dir='ltr'><strong>Οὐκ</strong></span> <span class='ocrx_word' id='word_1_630' title='bbox 2458 3711 2675 3782; x_wconf 69' lang='grc' dir='ltr'>ἀφήσω</span> <span class='ocrx_word' id='word_1_631' title='bbox 2733 3710 2889 3781; x_wconf 81' lang='grc' dir='ltr'>ὑμᾶς</span> <span class='ocrx_word' id='word_1_632' title='bbox 2949 3709 3253 3779; x_wconf 68' lang='grc' dir='ltr'>ὀρφανούς</span> <span class='ocrx_word' id='word_1_633' title='bbox 3281 3725 3294 3738; x_wconf 87' lang='grc'><strong>·</strong></span> <span class='ocrx_word' id='word_1_634' title='bbox 3331 3709 3577 3778; x_wconf 76' lang='grc' dir='ltr'>ἔρχομαι</span> <span class='ocrx_word' id='word_1_635' title='bbox 3641 3711 3801 3778; x_wconf 81' lang='grc' dir='ltr'>πρὸς</span> 
     </span>
    </p>
   </div>
   <div class='ocr_carea' id='block_1_81' title="bbox 2200 3805 2376 3876">
    <p class='ocr_par' dir='ltr' id='par_1_81' title="bbox 2200 3805 2376 3876">
     <span class='ocr_line' id='line_1_81' title="bbox 2200 3805 2376 3876; baseline -0.006 -14"><span class='ocrx_word' id='word_1_636' title='bbox 2200 3805 2376 3876; x_wconf 82' lang='grc' dir='ltr'>ὑμᾶς.</span> 
     </span>
    </p>
   </div>
   <div class='ocr_carea' id='block_1_82' title="bbox 2285 3892 3800 3966">
    <p class='ocr_par' dir='ltr' id='par_1_82' title="bbox 2285 3892 3800 3966">
     <span class='ocr_line' id='line_1_82' title="bbox 2285 3892 3800 3966; baseline -0.001 -16"><span class='ocrx_word' id='word_1_637' title='bbox 2285 3896 2628 3965; x_wconf 85' lang='grc' dir='ltr'>Ἀναγκαίως</span> <span class='ocrx_word' id='word_1_638' title='bbox 2648 3895 2744 3948; x_wconf 80' lang='grc' dir='ltr'><strong>καὶ</strong></span> <span class='ocrx_word' id='word_1_639' title='bbox 2772 3892 2867 3948; x_wconf 90' lang='grc' dir='ltr'><strong>νῦν</strong></span> <span class='ocrx_word' id='word_1_640' title='bbox 2894 3896 2923 3948; x_wconf 85' lang='grc' dir='ltr'>ὁ</span> <span class='ocrx_word' id='word_1_641' title='bbox 2953 3893 3154 3966; x_wconf 78' lang='grc' dir='ltr'>Κύριος</span> <span class='ocrx_word' id='word_1_642' title='bbox 3177 3893 3334 3964; x_wconf 81' lang='grc' dir='ltr'>ἡμῶν</span> <span class='ocrx_word' id='word_1_643' title='bbox 3366 3893 3573 3965; x_wconf 85' lang='grc' dir='ltr'>Ἰησοῦς</span> <span class='ocrx_word' id='word_1_644' title='bbox 3599 3896 3628 3948; x_wconf 86' lang='grc' dir='ltr'><strong>ό</strong></span> <span class='ocrx_word' id='word_1_645' title='bbox 3657 3895 3800 3966; x_wconf 87' lang='grc' dir='ltr'>Χρι-</span> 
     </span>
    </p>
   </div>
   <div class='ocr_carea' id='block_1_83' title="bbox 2202 3985 3798 4060">
    <p class='ocr_par' dir='ltr' id='par_1_83' title="bbox 2202 3985 3798 4060">
     <span class='ocr_line' id='line_1_83' title="bbox 2202 3985 3798 4060; baseline -0.003 -15"><span class='ocrx_word' id='word_1_646' title='bbox 2202 3991 2327 4054; x_wconf 84' lang='grc' dir='ltr'>στὸς</span> <span class='ocrx_word' id='word_1_647' title='bbox 2356 3990 2446 4044; x_wconf 83' lang='grc' dir='ltr'><strong>τὸν</strong></span> <span class='ocrx_word' id='word_1_648' title='bbox 2485 3989 2613 4060; x_wconf 79' lang='grc' dir='ltr'>περὶ</span> <span class='ocrx_word' id='word_1_649' title='bbox 2659 3988 2759 4057; x_wconf 85' lang='grc' dir='ltr'>τῆς</span> <span class='ocrx_word' id='word_1_650' title='bbox 2789 3986 2953 4055; x_wconf 84' lang='grc' dir='ltr'>ἁγίας</span> <span class='ocrx_word' id='word_1_651' title='bbox 2996 4003 3056 4038; x_wconf 87' lang='grc' dir='ltr'><strong>τε</strong></span> <span class='ocrx_word' id='word_1_652' title='bbox 3103 3986 3200 4039; x_wconf 81' lang='lat' dir='ltr'><strong>xui.</strong></span> <span class='ocrx_word' id='word_1_653' title='bbox 3237 3985 3524 4056; x_wconf 82' lang='grc' dir='ltr'>ὁμοουσίου</span> <span class='ocrx_word' id='word_1_654' title='bbox 3560 3986 3798 4056; x_wconf 80' lang='grc' dir='ltr'>Τριάδος</span> 
     </span>
    </p>
   </div>
   <div class='ocr_carea' id='block_1_84' title="bbox 2203 4077 3795 4154">
    <p class='ocr_par' dir='ltr' id='par_1_84' title="bbox 2203 4077 3795 4154">
     <span class='ocr_line' id='line_1_84' title="bbox 2203 4077 3795 4154; baseline -0.004 -17"><span class='ocrx_word' id='word_1_655' title='bbox 2203 4083 2481 4154; x_wconf 76' lang='grc' dir='ltr'>ἑξυφαίνει</span> <span class='ocrx_word' id='word_1_656' title='bbox 2533 4082 2713 4150; x_wconf 90' lang='grc' dir='ltr'>λόγον.</span> <span class='ocrx_word' id='word_1_657' title='bbox 2755 4080 2972 4150; x_wconf 83' lang='grc' dir='ltr'>Δέδειχε</span> <span class='ocrx_word' id='word_1_658' title='bbox 3038 4079 3137 4148; x_wconf 82' lang='grc' dir='ltr'><strong>μὲν</strong></span> <span class='ocrx_word' id='word_1_659' title='bbox 3193 4079 3302 4148; x_wconf 78' lang='grc' dir='ltr'>γὰρ</span> <span class='ocrx_word' id='word_1_660' title='bbox 3344 4078 3444 4149; x_wconf 72' lang='grc' dir='ltr'>ἤδη</span> <span class='ocrx_word' id='word_1_661' title='bbox 3500 4077 3795 4150; x_wconf 88' lang='grc' dir='ltr'>πρότερον,</span> 
     </span>
    </p>
   </div>
   <div class='ocr_carea' id='block_1_85' title="bbox 2203 4171 3798 4248">
    <p class='ocr_par' dir='ltr' id='par_1_85' title="bbox 2203 4171 3798 4248">
     <span class='ocr_line' id='line_1_85' title="bbox 2203 4171 3798 4248; baseline -0.006 -17"><span class='ocrx_word' id='word_1_662' title='bbox 2203 4177 2472 4248; x_wconf 72' lang='grc' dir='ltr'>παραθεὶς</span> <span class='ocrx_word' id='word_1_663' title='bbox 2512 4175 2592 4238; x_wconf 83' lang='grc' dir='ltr'><strong>εἰς</strong></span> <span class='ocrx_word' id='word_1_664' title='bbox 2626 4172 3003 4244; x_wconf 76' lang='grc' dir='ltr'>πληροφορίαν</span> <span class='ocrx_word' id='word_1_665' title='bbox 3025 4171 3220 4239; x_wconf 82' lang='grc' dir='ltr'>λόγους</span> <span class='ocrx_word' id='word_1_666' title='bbox 3245 4188 3305 4223; x_wconf 91' lang='grc' dir='ltr'><strong>τε</strong></span> <span class='ocrx_word' id='word_1_667' title='bbox 3331 4171 3427 4224; x_wconf 79' lang='grc' dir='ltr'>καὶ</span> <span class='ocrx_word' id='word_1_668' title='bbox 3462 4171 3798 4240; x_wconf 79' lang='grc' dir='ltr'>πράγματα,</span> 
     </span>
    </p>
   </div>
   <div class='ocr_carea' id='block_1_86' title="bbox 2199 4262 3800 4336">
    <p class='ocr_par' dir='ltr' id='par_1_86' title="bbox 2199 4262 3800 4336">
     <span class='ocr_line' id='line_1_86' title="bbox 2199 4262 3800 4336; baseline -0.005 -14"><span class='ocrx_word' id='word_1_669' title='bbox 2199 4272 2312 4333; x_wconf 88' lang='grc' dir='ltr'>τοῖς</span> <span class='ocrx_word' id='word_1_670' title='bbox 2335 4267 2624 4336; x_wconf 82' lang='grc' dir='ltr'>ἀγαπῶσιν</span> <span class='ocrx_word' id='word_1_671' title='bbox 2656 4265 2838 4330; x_wconf 84' lang='grc' dir='ltr'>αὐτὸν,</span> <span class='ocrx_word' id='word_1_672' title='bbox 2871 4265 2954 4317; x_wconf 81' lang='grc' dir='ltr'>ὅτι</span> <span class='ocrx_word' id='word_1_673' title='bbox 2987 4281 3046 4316; x_wconf 90' lang='grc' dir='ltr'><strong>τε</strong></span> <span class='ocrx_word' id='word_1_674' title='bbox 3078 4263 3172 4316; x_wconf 90' lang='lat' dir='ltr'><strong>xu‘t</strong></span> <span class='ocrx_word' id='word_1_675' title='bbox 3190 4263 3427 4332; x_wconf 82' lang='grc' dir='ltr'>ὑπάρχοι</span> <span class='ocrx_word' id='word_1_676' title='bbox 3449 4262 3586 4314; x_wconf 87' lang='grc' dir='ltr'><strong>κατά</strong></span> <span class='ocrx_word' id='word_1_677' title='bbox 3623 4263 3800 4329; x_wconf 79' lang='grc' dir='ltr'>φύσιν</span> 
     </span>
    </p>
   </div>
   <div class='ocr_carea' id='block_1_87' title="bbox 2201 4355 3798 4443">
    <p class='ocr_par' dir='ltr' id='par_1_87' title="bbox 2201 4355 3798 4443">
     <span class='ocr_line' id='line_1_87' title="bbox 2201 4355 3798 4443; baseline -0.002 -30"><span class='ocrx_word' id='word_1_678' title='bbox 2201 4360 2352 4425; x_wconf 83' lang='grc' dir='ltr'>Θεὸς,</span> <span class='ocrx_word' id='word_1_679' title='bbox 2377 4359 2471 4412; x_wconf 75' lang='grc' dir='ltr'>καὶ</span> <span class='ocrx_word' id='word_1_680' title='bbox 2515 4360 2578 4411; x_wconf 84' lang='grc' dir='ltr'><strong>ἑκ</strong></span> <span class='ocrx_word' id='word_1_681' title='bbox 2620 4357 2757 4410; x_wconf 78' lang='grc' dir='ltr'>Θεοῦ</span> <span class='ocrx_word' id='word_1_682' title='bbox 2784 4356 3107 4427; x_wconf 79' lang='grc' dir='ltr'>γεγέννηται</span> <span class='ocrx_word' id='word_1_683' title='bbox 3139 4358 3375 4427; x_wconf 69' lang='grc' dir='ltr'>Πατρός,</span> <span class='ocrx_word' id='word_1_684' title='bbox 3414 4355 3698 4443; x_wconf 69' lang='grc' dir='ltr'>ίσοσθενής</span> <span class='ocrx_word' id='word_1_685' title='bbox 3730 4359 3798 4410; x_wconf 82' lang='grc' dir='ltr'><strong>τέ</strong></span> 
     </span>
    </p>
   </div>
   <div class='ocr_carea' id='block_1_88' title="bbox 479 4441 2098 4519">
    <p class='ocr_par' dir='ltr' id='par_1_88' title="bbox 479 4443 2096 4515">
     <span class='ocr_line' id='line_1_88' title="bbox 479 4443 2096 4515; baseline 0.004 -19"><span class='ocrx_word' id='word_1_686' title='bbox 479 4443 798 4499; x_wconf 47' lang='lat' dir='ltr'><strong>voluntate</strong></span> <span class='ocrx_word' id='word_1_687' title='bbox 847 4446 1160 4515; x_wconf 70' lang='lat' dir='ltr'><strong>praeditum.</strong></span> <span class='ocrx_word' id='word_1_688' title='bbox 1201 4447 1419 4502; x_wconf 91' lang='lat' dir='ltr'><strong>Idcirco</strong></span> <span class='ocrx_word' id='word_1_689' title='bbox 1475 4449 1622 4502; x_wconf 88' lang='lat' dir='ltr'><strong>enim</strong></span> <span class='ocrx_word' id='word_1_690' title='bbox 1692 4451 1873 4504; x_wconf 88' lang='lat' dir='ltr'><strong>aiebat</strong></span> <span class='ocrx_word' id='word_1_691' title='bbox 1932 4449 2096 4503; x_wconf 85' lang='lat' dir='ltr'><strong>modo</strong></span> 
     </span>
    </p>
   </div>
   <div class='ocr_carea' id='block_1_89' title="bbox 2203 4441 3800 4519">
    <p class='ocr_par' dir='ltr' id='par_1_89' title="bbox 2203 4441 3800 4519">
     <span class='ocr_line' id='line_1_89' title="bbox 2203 4441 3800 4519; baseline -0.001 -15"><span class='ocrx_word' id='word_1_692' title='bbox 2203 4453 2316 4504; x_wconf 80' lang='grc' dir='ltr'>ἑστι</span> <span class='ocrx_word' id='word_1_693' title='bbox 2344 4451 2442 4505; x_wconf 71' lang='grc' dir='ltr'>καὶ</span> <span class='ocrx_word' id='word_1_694' title='bbox 2475 4448 2793 4519; x_wconf 85' lang='grc' dir='ltr'>ίσογνώμων</span> <span class='ocrx_word' id='word_1_695' title='bbox 2810 4447 3094 4518; x_wconf 81' lang='grc' dir='ltr'>αύτῷ.Διά</span> <span class='ocrx_word' id='word_1_696' title='bbox 3126 4447 3234 4518; x_wconf 84' lang='grc' dir='ltr'>γὰρ</span> <span class='ocrx_word' id='word_1_697' title='bbox 3271 4441 3547 4500; x_wconf 70' lang='grc' dir='ltr'>τοῦτοκαὶ</span> <span class='ocrx_word' id='word_1_698' title='bbox 3577 4447 3800 4516; x_wconf 82' lang='grc' dir='ltr'>ἔφασκε</span> 
     </span>
    </p>
   </div>
   <div class='ocr_carea' id='block_1_90' title="bbox 511 4534 2083 4610">
    <p class='ocr_par' dir='ltr' id='par_1_90' title="bbox 511 4534 2083 4610">
     <span class='ocr_line' id='line_1_90' title="bbox 511 4534 2083 4610; baseline 0.005 -24"><span class='ocrx_word' id='word_1_699' title='bbox 511 4534 732 4602; x_wconf 88' lang='lat' dir='ltr'><strong>quidem</strong></span> <span class='ocrx_word' id='word_1_700' title='bbox 767 4553 780 4588; x_wconf 89' lang='lat'><strong>:</strong></span> <span class='ocrx_word' id='word_1_701' title='bbox 820 4554 838 4586; x_wconf 79' lang='grc' dir='ltr'><strong>ι</strong></span> <span class='ocrx_word' id='word_1_702' title='bbox 873 4534 1014 4601; x_wconf 83' lang='lat' dir='ltr'><strong>Quia</strong></span> <span class='ocrx_word' id='word_1_703' title='bbox 1063 4551 1170 4606; x_wconf 77' lang='lat' dir='ltr'><strong>ego</strong></span> <span class='ocrx_word' id='word_1_704' title='bbox 1219 4539 1366 4607; x_wconf 92' lang='lat' dir='ltr'><strong>quod</strong></span> <span class='ocrx_word' id='word_1_705' title='bbox 1401 4538 1622 4606; x_wconf 87' lang='lat' dir='ltr'><strong>loquor,</strong></span> <span class='ocrx_word' id='word_1_706' title='bbox 1656 4554 1684 4592; x_wconf 91' lang='lat' dir='ltr'><strong>a</strong></span> <span class='ocrx_word' id='word_1_707' title='bbox 1726 4540 1936 4610; x_wconf 88' lang='lat' dir='ltr'><strong>meipso</strong></span> <span class='ocrx_word' id='word_1_708' title='bbox 1975 4556 2083 4594; x_wconf 89' lang='lat' dir='ltr'><strong>non</strong></span> 
     </span>
    </p>
   </div>
   <div class='ocr_carea' id='block_1_91' title="bbox 513 4626 2086 4699">
    <p class='ocr_par' dir='ltr' id='par_1_91' title="bbox 513 4626 2086 4699">
     <span class='ocr_line' id='line_1_91' title="bbox 513 4626 2086 4699; baseline 0.004 -21"><span class='ocrx_word' id='word_1_709' title='bbox 513 4627 746 4693; x_wconf 83' lang='lat' dir='ltr'><strong>loquor;</strong></span> <span class='ocrx_word' id='word_1_710' title='bbox 781 4644 800 4677; x_wconf 73' lang='grc' dir='ltr'><strong>ι</strong></span> <span class='ocrx_word' id='word_1_711' title='bbox 836 4626 1000 4680; x_wconf 92' lang='lat' dir='ltr'><strong>modo</strong></span> <span class='ocrx_word' id='word_1_712' title='bbox 1030 4642 1162 4680; x_wconf 87' lang='lat' dir='ltr'><strong>vero</strong></span> <span class='ocrx_word' id='word_1_713' title='bbox 1191 4642 1421 4687; x_wconf 75' lang='lat' dir='ltr'><strong>rursus:</strong></span> <span class='ocrx_word' id='word_1_714' title='bbox 1461 4646 1478 4677; x_wconf 77' lang='grc' dir='ltr'><strong>ι</strong></span> <span class='ocrx_word' id='word_1_715' title='bbox 1515 4628 1708 4682; x_wconf 90' lang='lat' dir='ltr'><strong>Sinon</strong></span> <span class='ocrx_word' id='word_1_716' title='bbox 1742 4630 1884 4684; x_wconf 82' lang='lat' dir='ltr'><strong>facio</strong></span> <span class='ocrx_word' id='word_1_717' title='bbox 1919 4645 2086 4699; x_wconf 82' lang='lat' dir='ltr'><strong>Opera</strong></span> 
     </span>
    </p>
   </div>
   <div class='ocr_carea' id='block_1_92' title="bbox 511 4714 2085 4787">
    <p class='ocr_par' dir='ltr' id='par_1_92' title="bbox 511 4714 2085 4787">
     <span class='ocr_line' id='line_1_92' title="bbox 511 4714 2085 4787; baseline 0.004 -20"><span class='ocrx_word' id='word_1_718' title='bbox 511 4714 692 4768; x_wconf 87' lang='lat' dir='ltr'><strong>Patris</strong></span> <span class='ocrx_word' id='word_1_719' title='bbox 738 4715 867 4778; x_wconf 90' lang='lat' dir='ltr'><strong>mei,</strong></span> <span class='ocrx_word' id='word_1_720' title='bbox 903 4717 1073 4772; x_wconf 91' lang='lat' dir='ltr'><strong>nolite</strong></span> <span class='ocrx_word' id='word_1_721' title='bbox 1100 4718 1327 4773; x_wconf 89' lang='lat' dir='ltr'><strong>credere</strong></span> <span class='ocrx_word' id='word_1_722' title='bbox 1365 4719 1498 4772; x_wconf 92' lang='lat' dir='ltr'><strong>mihi</strong></span> <span class='ocrx_word' id='word_1_723' title='bbox 1535 4738 1547 4773; x_wconf 87' lang='lat'><strong>:</strong></span> <span class='ocrx_word' id='word_1_724' title='bbox 1580 4720 1665 4773; x_wconf 89' lang='lat' dir='ltr'><strong>sin</strong></span> <span class='ocrx_word' id='word_1_725' title='bbox 1703 4730 1884 4774; x_wconf 89' lang='lat' dir='ltr'><strong>autem</strong></span> <span class='ocrx_word' id='word_1_726' title='bbox 1919 4719 2085 4787; x_wconf 88' lang='lat' dir='ltr'><strong>facio,</strong></span> 
     </span>
    </p>
   </div>
   <div class='ocr_carea' id='block_1_93' title="bbox 509 4807 2081 4880">
    <p class='ocr_par' dir='ltr' id='par_1_93' title="bbox 509 4807 2081 4880">
     <span class='ocr_line' id='line_1_93' title="bbox 509 4807 2081 4880; baseline 0.003 -20"><span class='ocrx_word' id='word_1_727' title='bbox 509 4816 563 4860; x_wconf 86' lang='lat' dir='ltr'><strong>et</strong></span> <span class='ocrx_word' id='word_1_728' title='bbox 588 4807 635 4861; x_wconf 90' lang='lat' dir='ltr'><strong>si</strong></span> <span class='ocrx_word' id='word_1_729' title='bbox 669 4807 804 4860; x_wconf 90' lang='lat' dir='ltr'><strong>mihi</strong></span> <span class='ocrx_word' id='word_1_730' title='bbox 837 4823 946 4862; x_wconf 92' lang='lat' dir='ltr'><strong>non</strong></span> <span class='ocrx_word' id='word_1_731' title='bbox 982 4809 1229 4873; x_wconf 89' lang='lat' dir='ltr'><strong>creditis,</strong></span> <span class='ocrx_word' id='word_1_732' title='bbox 1266 4811 1530 4880; x_wconf 87' lang='lat' dir='ltr'><strong>operibus</strong></span> <span class='ocrx_word' id='word_1_733' title='bbox 1559 4811 1695 4866; x_wconf 89' lang='lat' dir='ltr'><strong>meis</strong></span> <span class='ocrx_word' id='word_1_734' title='bbox 1723 4811 1930 4866; x_wconf 89' lang='lat' dir='ltr'><strong>credite</strong></span> <span class='ocrx_word' id='word_1_735' title='bbox 1961 4814 2027 4865; x_wconf 78' lang='grc'><strong>⁸⁸.</strong></span> <span class='ocrx_word' id='word_1_736' title='bbox 2062 4831 2081 4864; x_wconf 74' lang='grc' dir='ltr'><strong>ι</strong></span> 
     </span>
    </p>
   </div>
   <div class='ocr_carea' id='block_1_94' title="bbox 512 4900 2086 4975">
    <p class='ocr_par' dir='ltr' id='par_1_94' title="bbox 512 4900 2086 4975">
     <span class='ocr_line' id='line_1_94' title="bbox 512 4900 2086 4975; baseline 0.001 -19"><span class='ocrx_word' id='word_1_737' title='bbox 512 4900 619 4956; x_wconf 83' lang='lat' dir='ltr'><strong>Sed</strong></span> <span class='ocrx_word' id='word_1_738' title='bbox 671 4914 899 4954; x_wconf 84' lang='lat' dir='ltr'><strong>necesse</strong></span> <span class='ocrx_word' id='word_1_739' title='bbox 927 4909 1048 4955; x_wconf 86' lang='lat' dir='ltr'><strong>erat</strong></span> <span class='ocrx_word' id='word_1_740' title='bbox 1098 4913 1364 4972; x_wconf 72' lang='lat' dir='ltr'><strong>prmterea</strong></span> <span class='ocrx_word' id='word_1_741' title='bbox 1399 4905 1465 4959; x_wconf 85' lang='lat' dir='ltr'><strong>de</strong></span> <span class='ocrx_word' id='word_1_742' title='bbox 1498 4913 1690 4959; x_wconf 82' lang='lat' dir='ltr'><strong>saneto</strong></span> <span class='ocrx_word' id='word_1_743' title='bbox 1728 4905 1848 4975; x_wconf 88' lang='lat' dir='ltr'><strong>ipso</strong></span> <span class='ocrx_word' id='word_1_744' title='bbox 1880 4904 2086 4975; x_wconf 86' lang='lat' dir='ltr'><strong>Spiritu</strong></span> 
     </span>
    </p>
   </div>
   <div class='ocr_carea' id='block_1_95' title="bbox 512 4992 2086 5062">
    <p class='ocr_par' dir='ltr' id='par_1_95' title="bbox 512 4992 2086 5062">
     <span class='ocr_line' id='line_1_95' title="bbox 512 4992 2086 5062; baseline 0.002 -15"><span class='ocrx_word' id='word_1_745' title='bbox 512 5000 660 5049; x_wconf 88' lang='lat' dir='ltr'><strong>recte</strong></span> <span class='ocrx_word' id='word_1_746' title='bbox 711 5000 767 5048; x_wconf 91' lang='lat' dir='ltr'><strong>et</strong></span> <span class='ocrx_word' id='word_1_747' title='bbox 817 4992 1100 5062; x_wconf 89' lang='lat' dir='ltr'><strong>inculpatc</strong></span> <span class='ocrx_word' id='word_1_748' title='bbox 1147 4997 1376 5050; x_wconf 84' lang='lat' dir='ltr'><strong>sentire.</strong></span> <span class='ocrx_word' id='word_1_749' title='bbox 1423 4997 1519 5050; x_wconf 88' lang='lat' dir='ltr'><strong>Sic</strong></span> <span class='ocrx_word' id='word_1_750' title='bbox 1579 4999 1724 5051; x_wconf 85' lang='lat' dir='ltr'><strong>enim</strong></span> <span class='ocrx_word' id='word_1_751' title='bbox 1773 4998 2086 5052; x_wconf 86' lang='lat' dir='ltr'><strong>auditorum</strong></span> 
     </span>
    </p>
   </div>
   <div class='ocr_carea' id='block_1_96' title="bbox 512 5083 2089 5160">
    <p class='ocr_par' dir='ltr' id='par_1_96' title="bbox 512 5083 2089 5160">
     <span class='ocr_line' id='line_1_96' title="bbox 512 5083 2089 5160; baseline 0.003 -21"><span class='ocrx_word' id='word_1_752' title='bbox 512 5093 723 5141; x_wconf 87' lang='lat' dir='ltr'><strong>mentes</strong></span> <span class='ocrx_word' id='word_1_753' title='bbox 776 5099 1008 5154; x_wconf 89' lang='lat' dir='ltr'><strong>prorsus</strong></span> <span class='ocrx_word' id='word_1_754' title='bbox 1059 5083 1124 5138; x_wconf 91' lang='lat' dir='ltr'><strong>ad</strong></span> <span class='ocrx_word' id='word_1_755' title='bbox 1183 5101 1389 5140; x_wconf 88' lang='lat' dir='ltr'><strong>reetam</strong></span> <span class='ocrx_word' id='word_1_756' title='bbox 1437 5087 1560 5143; x_wconf 82' lang='lat' dir='ltr'><strong>fidei</strong></span> <span class='ocrx_word' id='word_1_757' title='bbox 1608 5089 1883 5142; x_wconf 86' lang='lat' dir='ltr'><strong>rationem</strong></span> <span class='ocrx_word' id='word_1_758' title='bbox 1925 5089 2089 5160; x_wconf 83' lang='lat' dir='ltr'><strong>dirigi</strong></span> 
     </span>
    </p>
   </div>
   <div class='ocr_carea' id='block_1_97' title="bbox 511 5176 2089 5249">
    <p class='ocr_par' dir='ltr' id='par_1_97' title="bbox 511 5176 2089 5249">
     <span class='ocr_line' id='line_1_97' title="bbox 511 5176 2089 5249; baseline 0.001 -16"><span class='ocrx_word' id='word_1_759' title='bbox 511 5186 783 5248; x_wconf 84' lang='lat' dir='ltr'><strong>poterant.</strong></span> <span class='ocrx_word' id='word_1_760' title='bbox 817 5176 958 5244; x_wconf 90' lang='lat' dir='ltr'><strong>Quid</strong></span> <span class='ocrx_word' id='word_1_761' title='bbox 1017 5193 1148 5246; x_wconf 82' lang='lat' dir='ltr'><strong>ergo</strong></span> <span class='ocrx_word' id='word_1_762' title='bbox 1200 5194 1302 5233; x_wconf 87' lang='lat' dir='ltr'><strong>nos</strong></span> <span class='ocrx_word' id='word_1_763' title='bbox 1355 5181 1521 5249; x_wconf 78' lang='lat'><strong>812</strong></span> <span class='ocrx_word' id='word_1_764' title='bbox 1554 5181 1815 5236; x_wconf 87' lang='lat' dir='ltr'><strong>Christus</strong></span> <span class='ocrx_word' id='word_1_765' title='bbox 1863 5197 1926 5236; x_wconf 78' lang='lat' dir='ltr'><strong>ex</strong></span> <span class='ocrx_word' id='word_1_766' title='bbox 1983 5182 2089 5235; x_wconf 91' lang='lat' dir='ltr'><strong>hoc</strong></span> 
     </span>
    </p>
   </div>
   <div class='ocr_carea' id='block_1_98' title="bbox 508 5270 2086 5340">
    <p class='ocr_par' dir='ltr' id='par_1_98' title="bbox 508 5270 2086 5340">
     <span class='ocr_line' id='line_1_98' title="bbox 508 5270 2086 5340; baseline 0.001 -16"><span class='ocrx_word' id='word_1_767' title='bbox 508 5271 629 5325; x_wconf 87' lang='lat' dir='ltr'><strong>loco</strong></span> <span class='ocrx_word' id='word_1_768' title='bbox 675 5270 894 5337; x_wconf 89' lang='lat' dir='ltr'><strong>doceat,</strong></span> <span class='ocrx_word' id='word_1_769' title='bbox 919 5272 1111 5340; x_wconf 87' lang='lat' dir='ltr'><strong>paucis</strong></span> <span class='ocrx_word' id='word_1_770' title='bbox 1148 5287 1450 5340; x_wconf 81' lang='lat' dir='ltr'><strong>exponam.</strong></span> <span class='ocrx_word' id='word_1_771' title='bbox 1487 5274 1668 5327; x_wconf 78' lang='lat' dir='ltr'><strong>Alium</strong></span> <span class='ocrx_word' id='word_1_772' title='bbox 1702 5274 1863 5328; x_wconf 89' lang='lat' dir='ltr'><strong>nobis</strong></span> <span class='ocrx_word' id='word_1_773' title='bbox 1915 5289 1945 5327; x_wconf 90' lang='lat' dir='ltr'><strong>a</strong></span> <span class='ocrx_word' id='word_1_774' title='bbox 1979 5273 2086 5327; x_wconf 76' lang='lat' dir='ltr'><strong>Deo</strong></span> 
     </span>
    </p>
   </div>
   <div class='ocr_carea' id='block_1_99' title="bbox 507 5359 2080 5432">
    <p class='ocr_par' dir='ltr' id='par_1_99' title="bbox 507 5359 2080 5432">
     <span class='ocr_line' id='line_1_99' title="bbox 507 5359 2080 5432; baseline 0.002 -17"><span class='ocrx_word' id='word_1_775' title='bbox 507 5369 558 5415; x_wconf 89' lang='lat' dir='ltr'><strong>et</strong></span> <span class='ocrx_word' id='word_1_776' title='bbox 584 5359 748 5415; x_wconf 84' lang='lat' dir='ltr'><strong>Patre</strong></span> <span class='ocrx_word' id='word_1_777' title='bbox 778 5361 1007 5417; x_wconf 88' lang='lat' dir='ltr'><strong>missum</strong></span> <span class='ocrx_word' id='word_1_778' title='bbox 1040 5363 1104 5416; x_wconf 82' lang='lat' dir='ltr'><strong>iri</strong></span> <span class='ocrx_word' id='word_1_779' title='bbox 1141 5361 1353 5426; x_wconf 84' lang='lat' dir='ltr'><strong>dicens,</strong></span> <span class='ocrx_word' id='word_1_780' title='bbox 1386 5363 1650 5432; x_wconf 83' lang='lat' dir='ltr'><strong>singulari</strong></span> <span class='ocrx_word' id='word_1_781' title='bbox 1679 5365 1920 5420; x_wconf 90' lang='lat' dir='ltr'><strong>consilio</strong></span> <span class='ocrx_word' id='word_1_782' title='bbox 1958 5365 2080 5420; x_wconf 81' lang='lat' dir='ltr'><strong>fidei</strong></span> 
     </span>
    </p>
   </div>
   <div class='ocr_carea' id='block_1_100' title="bbox 505 5451 2082 5526">
    <p class='ocr_par' dir='ltr' id='par_1_100' title="bbox 505 5451 2082 5526">
     <span class='ocr_line' id='line_1_100' title="bbox 505 5451 2082 5526; baseline 0.004 -21"><span class='ocrx_word' id='word_1_783' title='bbox 505 5451 813 5505; x_wconf 86' lang='lat' dir='ltr'><strong>doctrinam</strong></span> <span class='ocrx_word' id='word_1_784' title='bbox 852 5452 1054 5506; x_wconf 88' lang='lat' dir='ltr'><strong>firmat.</strong></span> <span class='ocrx_word' id='word_1_785' title='bbox 1100 5452 1368 5507; x_wconf 84' lang='lat' dir='ltr'><strong>Futurum</strong></span> <span class='ocrx_word' id='word_1_786' title='bbox 1403 5455 1548 5509; x_wconf 90' lang='lat' dir='ltr'><strong>enim</strong></span> <span class='ocrx_word' id='word_1_787' title='bbox 1599 5465 1718 5508; x_wconf 88' lang='lat' dir='ltr'><strong>erat</strong></span> <span class='ocrx_word' id='word_1_788' title='bbox 1769 5465 1847 5520; x_wconf 91' lang='lat' dir='ltr'><strong>ut,</strong></span> <span class='ocrx_word' id='word_1_789' title='bbox 1884 5472 2082 5526; x_wconf 77' lang='lat' dir='ltr'><strong>perpe-</strong></span> 
     </span>
    </p>
   </div>
   <div class='ocr_carea' id='block_1_101' title="bbox 507 5539 2082 5618">
    <p class='ocr_par' dir='ltr' id='par_1_101' title="bbox 507 5539 2082 5618">
     <span class='ocr_line' id='line_1_101' title="bbox 507 5539 2082 5618; baseline 0.002 -18"><span class='ocrx_word' id='word_1_790' title='bbox 507 5556 626 5600; x_wconf 80' lang='lat' dir='ltr'><strong>ram</strong></span> <span class='ocrx_word' id='word_1_791' title='bbox 697 5539 904 5596; x_wconf 86' lang='lat' dir='ltr'><strong>dictum</strong></span> <span class='ocrx_word' id='word_1_792' title='bbox 970 5542 1103 5598; x_wconf 90' lang='lat' dir='ltr'><strong>illud</strong></span> <span class='ocrx_word' id='word_1_793' title='bbox 1165 5546 1386 5616; x_wconf 84' lang='lat' dir='ltr'><strong>quidam</strong></span> <span class='ocrx_word' id='word_1_794' title='bbox 1442 5547 1760 5616; x_wconf 85' lang='lat' dir='ltr'><strong>capientes,</strong></span> <span class='ocrx_word' id='word_1_795' title='bbox 1823 5557 2082 5618; x_wconf 77' lang='lat' dir='ltr'><strong>putarent</strong></span> 
     </span>
    </p>
   </div>
   <div class='ocr_carea' id='block_1_102' title="bbox 2200 4538 3799 4612">
    <p class='ocr_par' dir='ltr' id='par_1_102' title="bbox 2200 4538 3799 4612">
     <span class='ocr_line' id='line_1_102' title="bbox 2200 4538 3799 4612; baseline -0.003 -16"><span class='ocrx_word' id='word_1_796' title='bbox 2200 4543 2331 4596; x_wconf 82' lang='grc' dir='ltr'>ποτὲ</span> <span class='ocrx_word' id='word_1_797' title='bbox 2367 4541 2465 4612; x_wconf 84' lang='grc' dir='ltr'><strong>μέν</strong></span> <span class='ocrx_word' id='word_1_798' title='bbox 2494 4561 2509 4573; x_wconf 87' lang='grc'>·</span> <span class='ocrx_word' id='word_1_799' title='bbox 2556 4561 2574 4593; x_wconf 86' lang='grc'><strong><em>‹</em></strong></span> <span class='ocrx_word' id='word_1_800' title='bbox 2606 4542 2729 4593; x_wconf 88' lang='grc' dir='ltr'>Ὅτι</span> <span class='ocrx_word' id='word_1_801' title='bbox 2785 4538 2897 4608; x_wconf 83' lang='grc' dir='ltr'>ἑγὼ</span> <span class='ocrx_word' id='word_1_802' title='bbox 2923 4539 2950 4592; x_wconf 89' lang='grc' dir='ltr'><strong>ὂ</strong></span> <span class='ocrx_word' id='word_1_803' title='bbox 2991 4539 3157 4603; x_wconf 91' lang='grc' dir='ltr'>λαλῶ,</span> <span class='ocrx_word' id='word_1_804' title='bbox 3191 4541 3287 4592; x_wconf 80' lang='grc' dir='ltr'>ἀπ’</span> <span class='ocrx_word' id='word_1_805' title='bbox 3325 4538 3562 4610; x_wconf 78' lang='grc' dir='ltr'>ἐμαυτοῦ</span> <span class='ocrx_word' id='word_1_806' title='bbox 3591 4540 3653 4591; x_wconf 89' lang='grc' dir='ltr'>ού</span> <span class='ocrx_word' id='word_1_807' title='bbox 3690 4539 3799 4592; x_wconf 82' lang='grc' dir='ltr'>λα-</span> 
     </span>
    </p>
   </div>
   <div class='ocr_carea' id='block_1_103' title="bbox 2199 4629 3798 4702">
    <p class='ocr_par' dir='ltr' id='par_1_103' title="bbox 2199 4629 3798 4702">
     <span class='ocr_line' id='line_1_103' title="bbox 2199 4629 3798 4702; baseline -0.003 -16"><span class='ocrx_word' id='word_1_808' title='bbox 2199 4634 2296 4699; x_wconf 88' lang='grc' dir='ltr'><strong>λῶ,</strong></span> <span class='ocrx_word' id='word_1_809' title='bbox 2324 4654 2342 4687; x_wconf 76' lang='grc'><strong>»</strong></span> <span class='ocrx_word' id='word_1_810' title='bbox 2373 4633 2503 4686; x_wconf 79' lang='grc' dir='ltr'>ποτὲ</span> <span class='ocrx_word' id='word_1_811' title='bbox 2539 4632 2596 4685; x_wconf 86' lang='grc' dir='ltr'>δὲ</span> <span class='ocrx_word' id='word_1_812' title='bbox 2630 4633 2791 4685; x_wconf 76' lang='grc' dir='ltr'>πάλιν</span> <span class='ocrx_word' id='word_1_813' title='bbox 2820 4648 2832 4661; x_wconf 88' lang='grc'><strong>·</strong></span> <span class='ocrx_word' id='word_1_814' title='bbox 2873 4650 2891 4681; x_wconf 78' lang='grc' dir='ltr'><strong>ι</strong></span> <span class='ocrx_word' id='word_1_815' title='bbox 2937 4632 2997 4684; x_wconf 80' lang='grc' dir='ltr'><strong>Εἰ</strong></span> <span class='ocrx_word' id='word_1_816' title='bbox 3028 4633 3089 4684; x_wconf 90' lang='grc' dir='ltr'><strong>ού</strong></span> <span class='ocrx_word' id='word_1_817' title='bbox 3126 4631 3261 4684; x_wconf 83' lang='grc' dir='ltr'>ποιῶ</span> <span class='ocrx_word' id='word_1_818' title='bbox 3287 4632 3356 4685; x_wconf 81' lang='grc' dir='ltr'>τὰ</span> <span class='ocrx_word' id='word_1_819' title='bbox 3386 4631 3523 4702; x_wconf 77' lang='grc' dir='ltr'>ἔργα</span> <span class='ocrx_word' id='word_1_820' title='bbox 3549 4629 3644 4690; x_wconf 79' lang='grc' dir='ltr'><strong>τοῦ</strong></span> <span class='ocrx_word' id='word_1_821' title='bbox 3673 4633 3798 4683; x_wconf 77' lang='grc' dir='ltr'>Πα-</span> 
     </span>
    </p>
   </div>
   <div class='ocr_carea' id='block_1_104' title="bbox 2199 4720 3800 4798">
    <p class='ocr_par' dir='ltr' id='par_1_104' title="bbox 2199 4720 3800 4798">
     <span class='ocr_line' id='line_1_104' title="bbox 2199 4720 3800 4798; baseline -0.005 -18"><span class='ocrx_word' id='word_1_822' title='bbox 2199 4726 2330 4798; x_wconf 82' lang='grc' dir='ltr'>τρός</span> <span class='ocrx_word' id='word_1_823' title='bbox 2365 4742 2488 4796; x_wconf 90' lang='grc' dir='ltr'>μου,</span> <span class='ocrx_word' id='word_1_824' title='bbox 2527 4725 2601 4796; x_wconf 85' lang='grc' dir='ltr'>μὴ</span> <span class='ocrx_word' id='word_1_825' title='bbox 2657 4725 2944 4777; x_wconf 85' lang='grc' dir='ltr'>πιστεύετέ</span> <span class='ocrx_word' id='word_1_826' title='bbox 2978 4739 3100 4794; x_wconf 80' lang='grc' dir='ltr'>μοι’</span> <span class='ocrx_word' id='word_1_827' title='bbox 3134 4725 3184 4776; x_wconf 89' lang='grc' dir='ltr'><strong>εί</strong></span> <span class='ocrx_word' id='word_1_828' title='bbox 3227 4723 3284 4776; x_wconf 84' lang='grc' dir='ltr'>δὲ</span> <span class='ocrx_word' id='word_1_829' title='bbox 3317 4723 3474 4786; x_wconf 85' lang='grc' dir='ltr'>ποιῶ,</span> <span class='ocrx_word' id='word_1_830' title='bbox 3509 4720 3612 4774; x_wconf 80' lang='grc' dir='ltr'>κᾶν</span> <span class='ocrx_word' id='word_1_831' title='bbox 3661 4722 3800 4790; x_wconf 73' lang='grc' dir='ltr'>ἐμοὶ</span> 
     </span>
    </p>
   </div>
   <div class='ocr_carea' id='block_1_105' title="bbox 2204 4814 3797 4888">
    <p class='ocr_par' dir='ltr' id='par_1_105' title="bbox 2204 4814 3797 4888">
     <span class='ocr_line' id='line_1_105' title="bbox 2204 4814 3797 4888; baseline -0.003 -17"><span class='ocrx_word' id='word_1_832' title='bbox 2204 4817 2280 4888; x_wconf 82' lang='grc' dir='ltr'>μὴ</span> <span class='ocrx_word' id='word_1_833' title='bbox 2313 4817 2603 4887; x_wconf 82' lang='grc' dir='ltr'>πιστεύητε</span> <span class='ocrx_word' id='word_1_834' title='bbox 2630 4859 2644 4882; x_wconf 92' lang='grc'><strong>,</strong></span> <span class='ocrx_word' id='word_1_835' title='bbox 2674 4821 2786 4880; x_wconf 89' lang='grc' dir='ltr'>τοῖς</span> <span class='ocrx_word' id='word_1_836' title='bbox 2833 4816 3017 4886; x_wconf 82' lang='grc' dir='ltr'>ἔργοις</span> <span class='ocrx_word' id='word_1_837' title='bbox 3078 4834 3180 4886; x_wconf 88' lang='grc' dir='ltr'><strong>μου</strong></span> <span class='ocrx_word' id='word_1_838' title='bbox 3216 4814 3522 4868; x_wconf 85' lang='grc' dir='ltr'>πιστεύετε.</span> <span class='ocrx_word' id='word_1_839' title='bbox 3571 4832 3588 4864; x_wconf 76' lang='grc' dir='ltr'><strong>ι</strong></span> <span class='ocrx_word' id='word_1_840' title='bbox 3640 4814 3797 4866; x_wconf 78' lang='grc' dir='ltr'>Ἀλλ’</span> 
     </span>
    </p>
   </div>
   <div class='ocr_carea' id='block_1_106' title="bbox 2190 4905 3797 4980">
    <p class='ocr_par' dir='ltr' id='par_1_106' title="bbox 2190 4905 3797 4980">
     <span class='ocr_line' id='line_1_106' title="bbox 2190 4905 3797 4980; baseline -0.004 -18"><span class='ocrx_word' id='word_1_841' title='bbox 2190 4905 2258 4980; x_wconf 81' lang='grc' dir='ltr'>ἦν</span> <span class='ocrx_word' id='word_1_842' title='bbox 2306 4911 2398 4962; x_wconf 73' lang='grc' dir='ltr'><strong>ἐπὶ</strong></span> <span class='ocrx_word' id='word_1_843' title='bbox 2436 4910 2648 4973; x_wconf 88' lang='grc' dir='ltr'>τούτοις</span> <span class='ocrx_word' id='word_1_844' title='bbox 2689 4909 2752 4962; x_wconf 89' lang='grc' dir='ltr'><strong>ού</strong></span> <span class='ocrx_word' id='word_1_845' title='bbox 2790 4909 3029 4978; x_wconf 88' lang='grc' dir='ltr'>μετρίως</span> <span class='ocrx_word' id='word_1_846' title='bbox 3075 4909 3372 4976; x_wconf 86' lang='grc' dir='ltr'>ἀναγκαῖον</span> <span class='ocrx_word' id='word_1_847' title='bbox 3425 4906 3484 4958; x_wconf 80' lang='grc' dir='ltr'><strong>τὸ</strong></span> <span class='ocrx_word' id='word_1_848' title='bbox 3540 4905 3635 4957; x_wconf 78' lang='grc' dir='ltr'><strong>καὶ</strong></span> <span class='ocrx_word' id='word_1_849' title='bbox 3699 4905 3797 4956; x_wconf 78' lang='grc' dir='ltr'><strong>ἐπ’</strong></span> 
     </span>
    </p>
   </div>
   <div class='ocr_carea' id='block_1_107' title="bbox 2192 4993 3797 5072">
    <p class='ocr_par' dir='ltr' id='par_1_107' title="bbox 2192 4993 3797 5072">
     <span class='ocr_line' id='line_1_107' title="bbox 2192 4993 3797 5072; baseline -0.007 -17"><span class='ocrx_word' id='word_1_850' title='bbox 2192 5000 2342 5072; x_wconf 89' lang='grc' dir='ltr'>αύτῷ</span> <span class='ocrx_word' id='word_1_851' title='bbox 2366 5000 2444 5072; x_wconf 81' lang='grc' dir='ltr'><strong>τῷ</strong></span> <span class='ocrx_word' id='word_1_852' title='bbox 2466 5001 2608 5071; x_wconf 84' lang='grc' dir='ltr'>ἁγίῳ</span> <span class='ocrx_word' id='word_1_853' title='bbox 2640 4999 2918 5070; x_wconf 88' lang='grc' dir='ltr'>Πνεύματι</span> <span class='ocrx_word' id='word_1_854' title='bbox 2943 5000 3042 5070; x_wconf 83' lang='grc' dir='ltr'>τὴν</span> <span class='ocrx_word' id='word_1_855' title='bbox 3072 4999 3246 5070; x_wconf 80' lang='grc' dir='ltr'>ὀρθῶς</span> <span class='ocrx_word' id='word_1_856' title='bbox 3286 5015 3344 5050; x_wconf 87' lang='grc' dir='ltr'><strong>τε</strong></span> <span class='ocrx_word' id='word_1_857' title='bbox 3377 4997 3470 5050; x_wconf 75' lang='grc' dir='ltr'><strong>καὶ</strong></span> <span class='ocrx_word' id='word_1_858' title='bbox 3511 4993 3797 5064; x_wconf 78' lang='grc' dir='ltr'>ἀνεγκλή-</span> 
     </span>
    </p>
   </div>
   <div class='ocr_carea' id='block_1_108' title="bbox 2191 5085 3798 5164">
    <p class='ocr_par' dir='ltr' id='par_1_108' title="bbox 2191 5085 3798 5164">
     <span class='ocr_line' id='line_1_108' title="bbox 2191 5085 3798 5164; baseline -0.004 -18"><span class='ocrx_word' id='word_1_859' title='bbox 2191 5111 2298 5156; x_wconf 88' lang='grc' dir='ltr'><strong>τως</strong></span> <span class='ocrx_word' id='word_1_860' title='bbox 2327 5094 2557 5164; x_wconf 80' lang='grc' dir='ltr'>ἔχουσαν</span> <span class='ocrx_word' id='word_1_861' title='bbox 2585 5093 2835 5162; x_wconf 88' lang='grc' dir='ltr'>δέχεσθαι</span> <span class='ocrx_word' id='word_1_862' title='bbox 2855 5091 3032 5157; x_wconf 80' lang='grc' dir='ltr'>δόξαν.</span> <span class='ocrx_word' id='word_1_863' title='bbox 3057 5092 3215 5146; x_wconf 81' lang='grc' dir='ltr'>Οῦτω</span> <span class='ocrx_word' id='word_1_864' title='bbox 3243 5092 3350 5162; x_wconf 87' lang='grc' dir='ltr'><strong>γάρ</strong></span> <span class='ocrx_word' id='word_1_865' title='bbox 3377 5085 3444 5160; x_wconf 83' lang='grc' dir='ltr'>ἦν</span> <span class='ocrx_word' id='word_1_866' title='bbox 3473 5086 3798 5157; x_wconf 81' lang='grc' dir='ltr'>ὁλοκλήρως</span> 
     </span>
    </p>
   </div>
   <div class='ocr_carea' id='block_1_109' title="bbox 2191 5179 3799 5256">
    <p class='ocr_par' dir='ltr' id='par_1_109' title="bbox 2191 5179 3799 5256">
     <span class='ocr_line' id='line_1_109' title="bbox 2191 5179 3799 5256; baseline -0.004 -18"><span class='ocrx_word' id='word_1_867' title='bbox 2191 5188 2270 5249; x_wconf 86' lang='grc' dir='ltr'>εἰς</span> <span class='ocrx_word' id='word_1_868' title='bbox 2299 5185 2564 5256; x_wconf 84' lang='grc' dir='ltr'>ὀρθότητα</span> <span class='ocrx_word' id='word_1_869' title='bbox 2591 5186 2827 5248; x_wconf 88' lang='grc' dir='ltr'>πίστεως</span> <span class='ocrx_word' id='word_1_870' title='bbox 2855 5185 2946 5239; x_wconf 86' lang='grc' dir='ltr'><strong>τὸν</strong></span> <span class='ocrx_word' id='word_1_871' title='bbox 2992 5184 3102 5237; x_wconf 90' lang='grc' dir='ltr'><strong>τῶν</strong></span> <span class='ocrx_word' id='word_1_872' title='bbox 3151 5183 3519 5255; x_wconf 87' lang='grc' dir='ltr'>ἀκροωμένων</span> <span class='ocrx_word' id='word_1_873' title='bbox 3550 5179 3799 5233; x_wconf 61' lang='lat' dir='ltr'><strong>emus-5.</strong></span> 
     </span>
    </p>
   </div>
   <div class='ocr_carea' id='block_1_110' title="bbox 2190 5273 3798 5348">
    <p class='ocr_par' dir='ltr' id='par_1_110' title="bbox 2190 5273 3798 5348">
     <span class='ocr_line' id='line_1_110' title="bbox 2190 5273 3798 5348; baseline -0.004 -16"><span class='ocrx_word' id='word_1_874' title='bbox 2190 5278 2377 5333; x_wconf 88' lang='grc' dir='ltr'>νεσθαι</span> <span class='ocrx_word' id='word_1_875' title='bbox 2406 5279 2548 5333; x_wconf 83' lang='grc' dir='ltr'>νοῦν.</span> <span class='ocrx_word' id='word_1_876' title='bbox 2598 5279 2662 5331; x_wconf 88' lang='grc' dir='ltr'>Τί</span> <span class='ocrx_word' id='word_1_877' title='bbox 2705 5278 2883 5332; x_wconf 84' lang='grc' dir='ltr'>τοίνυν</span> <span class='ocrx_word' id='word_1_878' title='bbox 2935 5279 3081 5348; x_wconf 77' lang='grc' dir='ltr'>ἡμᾶς</span> <span class='ocrx_word' id='word_1_879' title='bbox 3113 5277 3203 5330; x_wconf 76' lang='grc' dir='ltr'><strong>διὰ</strong></span> <span class='ocrx_word' id='word_1_880' title='bbox 3250 5277 3357 5328; x_wconf 90' lang='grc' dir='ltr'><strong>τῶν</strong></span> <span class='ocrx_word' id='word_1_881' title='bbox 3399 5273 3798 5345; x_wconf 79' lang='grc' dir='ltr'>προκειμένων</span> 
     </span>
    </p>
   </div>
   <div class='ocr_carea' id='block_1_111' title="bbox 2189 5365 3792 5442">
    <p class='ocr_par' dir='ltr' id='par_1_111' title="bbox 2189 5365 3792 5442">
     <span class='ocr_line' id='line_1_111' title="bbox 2189 5365 3792 5442; baseline -0.004 -18"><span class='ocrx_word' id='word_1_882' title='bbox 2189 5371 2432 5426; x_wconf 80' lang='grc' dir='ltr'>διδάσκει</span> <span class='ocrx_word' id='word_1_883' title='bbox 2465 5369 2723 5442; x_wconf 80' lang='grc' dir='ltr'>Χριστὸς,</span> <span class='ocrx_word' id='word_1_884' title='bbox 2757 5371 2834 5434; x_wconf 86' lang='grc' dir='ltr'>ὼς</span> <span class='ocrx_word' id='word_1_885' title='bbox 2860 5371 2918 5423; x_wconf 85' lang='grc' dir='ltr'><strong>ἑν</strong></span> <span class='ocrx_word' id='word_1_886' title='bbox 2955 5370 3156 5437; x_wconf 83' lang='grc' dir='ltr'>ὀλίγοις</span> <span class='ocrx_word' id='word_1_887' title='bbox 3184 5367 3511 5438; x_wconf 79' lang='grc' dir='ltr'>ἐκθήσομαι.</span> <span class='ocrx_word' id='word_1_888' title='bbox 3549 5365 3792 5434; x_wconf 82' lang='grc' dir='ltr'>Ἕτερον</span> 
     </span>
    </p>
   </div>
   <div class='ocr_carea' id='block_1_112' title="bbox 2190 5454 3796 5534">
    <p class='ocr_par' dir='ltr' id='par_1_112' title="bbox 2190 5454 3796 5534">
     <span class='ocr_line' id='line_1_112' title="bbox 2190 5454 3796 5534; baseline -0.006 -19"><span class='ocrx_word' id='word_1_889' title='bbox 2190 5464 2324 5534; x_wconf 83' lang='grc' dir='ltr'>ἡμῖν</span> <span class='ocrx_word' id='word_1_890' title='bbox 2353 5463 2506 5533; x_wconf 82' lang='grc' dir='ltr'>παρὰ</span> <span class='ocrx_word' id='word_1_891' title='bbox 2539 5461 2632 5514; x_wconf 88' lang='grc' dir='ltr'><strong>τοῦ</strong></span> <span class='ocrx_word' id='word_1_892' title='bbox 2671 5461 2805 5515; x_wconf 83' lang='grc' dir='ltr'>Θεοῦ</span> <span class='ocrx_word' id='word_1_893' title='bbox 2846 5462 2939 5516; x_wconf 81' lang='grc' dir='ltr'>καὶ</span> <span class='ocrx_word' id='word_1_894' title='bbox 2972 5460 3185 5532; x_wconf 84' lang='grc' dir='ltr'>Πατρδς</span> <span class='ocrx_word' id='word_1_895' title='bbox 3223 5455 3646 5530; x_wconf 69' lang='grc' dir='ltr'>πεμφθήσεσθαι</span> <span class='ocrx_word' id='word_1_896' title='bbox 3697 5454 3796 5506; x_wconf 82' lang='grc' dir='ltr'>λέ-</span> 
     </span>
    </p>
   </div>
   <div class='ocr_carea' id='block_1_113' title="bbox 2191 5541 3807 5622">
    <p class='ocr_par' dir='ltr' id='par_1_113' title="bbox 2191 5541 3807 5622">
     <span class='ocr_line' id='line_1_113' title="bbox 2191 5541 3807 5622; baseline -0.005 -18"><span class='ocrx_word' id='word_1_897' title='bbox 2191 5570 2325 5622; x_wconf 85' lang='grc' dir='ltr'>γων,</span> <span class='ocrx_word' id='word_1_898' title='bbox 2356 5553 2712 5622; x_wconf 75' lang='grc' dir='ltr'>ἀσφαλίζεται</span> <span class='ocrx_word' id='word_1_899' title='bbox 2747 5552 2910 5607; x_wconf 84' lang='grc' dir='ltr'>πάλιν</span> <span class='ocrx_word' id='word_1_900' title='bbox 2957 5551 3313 5622; x_wconf 85' lang='grc' dir='ltr'>οἰκονομικῶς</span> <span class='ocrx_word' id='word_1_901' title='bbox 3346 5550 3438 5605; x_wconf 73' lang='grc' dir='ltr'>τὸν</span> <span class='ocrx_word' id='word_1_902' title='bbox 3467 5548 3560 5602; x_wconf 71' lang='grc' dir='ltr'><strong>ἐπὶ</strong></span> <span class='ocrx_word' id='word_1_903' title='bbox 3583 5547 3650 5618; x_wconf 79' lang='grc' dir='ltr'>τῇ</span> <span class='ocrx_word' id='word_1_904' title='bbox 3690 5541 3807 5598; x_wconf 75' lang='grc' dir='ltr'>πί-</span> 
     </span>
    </p>
   </div>
   <div class='ocr_carea' id='block_1_114' title="bbox 575 5719 2098 5800">
    <p class='ocr_par' dir='ltr' id='par_1_114' title="bbox 575 5719 2078 5800">
     <span class='ocr_line' id='line_1_114' title="bbox 575 5719 2078 5800; baseline 0.006 -24"><span class='ocrx_word' id='word_1_905' title='bbox 575 5721 623 5754; x_wconf 83' lang='grc'><strong><em>⁸⁸</em></strong></span> <span class='ocrx_word' id='word_1_906' title='bbox 653 5719 695 5777; x_wconf 92' lang='lat' dir='ltr'><strong>II</strong></span> <span class='ocrx_word' id='word_1_907' title='bbox 724 5720 874 5778; x_wconf 81' lang='lat' dir='ltr'><strong>Petr.</strong></span> <span class='ocrx_word' id='word_1_908' title='bbox 914 5739 956 5793; x_wconf 88' lang='grc'><strong>1,</strong></span> <span class='ocrx_word' id='word_1_909' title='bbox 991 5724 1045 5779; x_wconf 74' lang='grc'><strong>4.</strong></span> <span class='ocrx_word' id='word_1_910' title='bbox 1121 5723 1351 5782; x_wconf 83' lang='lat' dir='ltr'><strong>&quot;Ilebr.</strong></span> <span class='ocrx_word' id='word_1_911' title='bbox 1395 5741 1469 5794; x_wconf 73' lang='lat' dir='ltr'><strong>Vl,</strong></span> <span class='ocrx_word' id='word_1_912' title='bbox 1501 5726 1554 5782; x_wconf 77' lang='grc'><strong>4.</strong></span> <span class='ocrx_word' id='word_1_913' title='bbox 1630 5728 1673 5760; x_wconf 83' lang='grc'><strong>⁸⁷</strong></span> <span class='ocrx_word' id='word_1_914' title='bbox 1711 5726 1944 5800; x_wconf 87' lang='lat' dir='ltr'><strong>Philipp.</strong></span> <span class='ocrx_word' id='word_1_915' title='bbox 1997 5746 2078 5798; x_wconf 79' lang='grc' dir='ltr'>ιιι,</span> 
     </span>
    </p>
   </div>
   <div class='ocr_carea' id='block_1_115' title="bbox 2203 5719 3271 5800">
    <p class='ocr_par' dir='ltr' id='par_1_115' title="bbox 2282 5731 3271 5799">
     <span class='ocr_line' id='line_1_115' title="bbox 2282 5731 3271 5799; baseline -0.002 -13"><span class='ocrx_word' id='word_1_916' title='bbox 2282 5732 2328 5764; x_wconf 71' lang='grc'><strong>⁵⁸</strong></span> <span class='ocrx_word' id='word_1_917' title='bbox 2367 5731 2541 5786; x_wconf 86' lang='lat' dir='ltr'><strong>Galat.</strong></span> <span class='ocrx_word' id='word_1_918' title='bbox 2579 5749 2651 5799; x_wconf 79' lang='lat' dir='ltr'><strong>tv,</strong></span> <span class='ocrx_word' id='word_1_919' title='bbox 2684 5731 2736 5788; x_wconf 83' lang='grc'><strong>6.</strong></span> <span class='ocrx_word' id='word_1_920' title='bbox 2819 5732 2860 5765; x_wconf 72' lang='grc' dir='ltr'>’θ</span> <span class='ocrx_word' id='word_1_921' title='bbox 2897 5731 3058 5788; x_wconf 83' lang='lat' dir='ltr'><strong>Joan.</strong></span> <span class='ocrx_word' id='word_1_922' title='bbox 3095 5749 3145 5796; x_wconf 65' lang='grc' dir='ltr'><strong>ς,</strong></span> <span class='ocrx_word' id='word_1_923' title='bbox 3184 5731 3271 5786; x_wconf 72' lang='lat'><strong>&#39;57.</strong></span> 
     </span>
    </p>
   </div>
  </div>
