4042 6204
267 280 370 337 3“

1311 276 1376 331 IN
1409 274 1698 332 JOANNIS
1735 228 2188 332 Evancauun
2231 274 2360 331 Lm.
2402 274 2495 332 ix.

3439 288 3553 343 262

272 416 391 453 στει
426 392 719 468 λόγον.Ἦν
735 399 843 471 γὰρ
868 399 933 470 δή
953 416 1104 463 τινας
1132 398 1276 462 εἰκὸς
1298 399 1398 452 οὐκ
1428 398 1604 469 ὀρθῶς
1627 396 1864 451 νοοῦντω

1986 396 2168 467 ipsum
2199 397 2529 453 dicerenon
2556 412 2682 455 esse
2713 413 2777 455 ex
2815 398 2906 454 Dei
2956 398 3267 458 substantia
3308 415 3559 463 sanctum

268 492 334 543 rb
345 489 643 561 εἰρημένον
665 490 948 561 οἰήσεσθαι
978 490 1161 560 λέγειν
1172 489 1343 545 ,αὐτὸν
1365 490 1466 543 οὐκ
1488 491 1552 543 ὲκ
1574 488 1674 560 τῆς
1691 488 1877 552 ούσίας

268 580 412 637 εἶναι
465 583 562 636 τοῦ
620 581 758 635 Θεοῦ
798 583 861 637 τὸ
908 582 1134 654 Πνεῦμα
1171 582 1236 635 rb
1273 582 1453 651 ἅγιον,
1501 580 1755 652 καθάπερ
1783 577 1877 634 οὖν

271 669 420 737 ἔδοξε
451 671 561 726 τῶν
603 671 880 725 ἀσυνέτων
910 672 1211 734 τισὶν,ἁλλ’
1240 671 1430 744 ἔτερόν
1458 689 1510 725 τι
1534 665 1682 725 κατά
1713 669 1875 741 φύσιν

273 765 547 837 ὑπάρχειν
578 763 712 818 αὑτό
736 781 749 795 ·
771 763 835 817 rb
867 764 976 835 γὰρ
1005 761 1200 817 ἄλλον
1228 763 1423 830 εἰπεῖν,
1456 763 1612 833 παρά
1647 779 1711 831 γε
1761 764 1874 827 τοῖς

271 856 678 929 ἀμαθεστέροις
725 854 983 926 τοιαύτης
1031 853 1173 917 τινος
1226 854 1405 917 αἰτίας
1436 852 1676 924 ἔμφασιν
1701 854 1876 906 είσκοο

274 947 489 1017 μίσειεν
523 946 611 1001 ἄν.
641 948 760 1002 ’Ίνα
801 946 987 1001 τοίνυν
1036 945 1282 1020 ἐπιδείξῃ
1322 946 1507 1014 σαφῶς
1544 946 1627 1000 ὅτι
1650 945 1742 999 τὸν
1773 946 1873 1016 τῆς

271 1038 598 1109 ἑτερότητος
633 1037 791 1107 λόγον
837 1037 900 1091 οὐ
943 1037 1066 1092 καθ’
1100 1037 1292 1110 ἕτερόν
1320 1055 1443 1091 τινα
1478 1037 1715 1091 νοεῖσθαι
1748 1035 1873 1107 βού-

272 1131 425 1184 λεται
453 1129 680 1202 τρόπον,
727 1129 867 1184 ἀλλά
911 1128 1054 1184 κατά
1088 1128 1249 1200 μόνον
1298 1128 1361 1182 rb
1413 1128 1557 1192 ἰδίως
1600 1128 1869 1199 ὑπάρχειν

272 1221 407 1277 αὐτὸ
437 1221 689 1293 (Πνεῦμα
720 1221 829 1294 γὰρ
851 1260 866 1286 ,
890 1221 951 1275 rb
980 1220 1206 1292 Πνεῦμα
1235 1220 1329 1275 καὶ
1367 1221 1466 1291 οὐχ
1487 1220 1617 1284 Υἱός
1636 1236 1651 1252 ο
1679 1218 1870 1291 ὥσπερ

271 1308 366 1367 οῦν
395 1313 542 1378 Υἱὸς,
576 1314 606 1366 ὁ
640 1313 769 1376 Υἱὸς
828 1312 923 1367 καὶ
968 1313 1090 1384 οὐχὶ
1134 1312 1369 1383 Πατὴρ),
1395 1310 1868 1382 ἅποσταλήσεσθαι

267 1405 364 1459 rbv
414 1404 774 1477 Παράκλητον
811 1402 1005 1469 εἰπὼν,
1039 1404 1202 1468 αὐτὸς
1242 1402 1393 1475 ἥξειν
1445 1401 1865 1474 ἐπαγγέλλεται,

270 1496 373 1567 οὐκ
404 1495 593 1566 ἔτερόν
627 1514 681 1549 τι
714 1496 776 1549 rb
806 1495 1033 1568 Πνεῦμα
1069 1496 1285 1560 δεικνὺς
1314 1495 1347 1565 ἢ
1385 1497 1525 1566 ὅπερ
1559 1495 1710 1548 ἐστὶν
1769 1495 1868 1548 αύ-

268 1589 389 1652 τὸς,
428 1588 663 1660 ἐπείπερ
696 1589 844 1642 ἐστὶν
873 1589 938 1642 ἐκ
971 1587 1066 1641 τοῦ
1099 1587 1310 1659 Πατρὺς
1343 1588 1473 1641 ίδιον
1502 1584 1730 1658 Πνεῦμα
1766 1587 1864 1641 καὶ

270 1675 441 1730 αὐτοῦ
471 1679 674 1730 νοεῖται
704 1678 798 1730 καὶ
833 1676 976 1740 Νοῦς
1003 1675 1168 1729 αὐτοῦ
1197 1676 1285 1730 διὰ
1330 1675 1489 1729 τοῦτο
1522 1675 1857 1746 ὠνόμασται.
1884 1730 1901 1746 ,

1964 487 2272 569 Spiritum,
2320 489 2485 545 sicuti
2542 492 2832 547 nonnullis
2875 491 3053 548 visum
3115 503 3201 549 est
3258 496 3557 566 imperitis,

1978 579 2076 635 sed
2116 581 2398 638 diversum
2440 583 2705 654 quiddam
2755 600 2882 641 eum
2937 585 3247 641 secundum
3299 596 3557 644 naturam

1976 671 2289 730 exsistere:
2324 690 2453 729 nam
2493 676 2641 746 quod
2674 676 2840 731 alium
2910 676 3071 744 dixit,
3109 679 3163 734 in
3205 693 3376 734 causa
3419 679 3560 735 forte

1975 762 2143 819 fuerit
2186 780 2285 820 cur
2330 765 2387 821 id
2450 768 2692 824 sentiant
2744 770 3010 840 imperiti.
3040 771 3123 827 ‘Ut
3166 788 3298 843 ergo
3348 772 3559 844 liquido

1973 863 2315 912 monstraret
2371 857 2543 913 alium
2618 874 2650 915 a
2718 875 2780 916 se
2853 861 2960 916 dici
3024 878 3132 919 non
3207 865 3319 917 alio
3394 866 3559 919 modo
3658 882 3671 889 κ

1972 960 2138 1015 quam
2187 946 2338 1016 quod
2376 946 2493 1017 ipse
2543 950 2767 1019 proprie
2800 950 3061 1007 subsistit
3092 951 3356 1024 (Spiritus
3407 955 3556 1007 enim

1970 1046 2060 1093 est
2089 1036 2358 1109 Spiritus,
2391 1055 2457 1095 ac
2484 1056 2592 1095 non
2623 1040 2822 1105 Filius,
2847 1044 3014 1098 sicuti
3044 1044 3221 1101 Filius
3247 1053 3331 1101 est
3357 1044 3554 1108 Filius,

1971 1142 2037 1183 ac
2097 1144 2211 1184 non
2264 1129 2473 1200 Pater),
2523 1132 2756 1188 missum
2817 1134 2885 1188 iri
2934 1133 3279 1192 Paracletum
3334 1136 3554 1205 dicens,

1969 1218 2090 1291 ipse
2120 1229 2418 1276 venturum
2455 1238 2515 1279 se
2557 1224 2875 1293 pollicetur,
2904 1241 3014 1281 non
3049 1227 3218 1282 alium
3249 1243 3279 1283 a
3314 1244 3373 1284 se
3428 1227 3557 1298 Spi-

1968 1312 2137 1366 ritum
2182 1308 2507 1379 ostendens,
2533 1317 2980 1388 quandoquidem
3019 1327 3104 1375 est
3136 1336 3200 1375 ex
3234 1319 3398 1375 Patre
3426 1335 3555 1390 pro-

1968 1404 2124 1474 prius
2140 1403 2403 1476 Spiritus,
2419 1414 2473 1462 et
2496 1407 2617 1478 ejus
2645 1423 2769 1464 esse
2793 1409 3136 1481 intelligitur,
3155 1419 3210 1468 et
3242 1411 3395 1468 Mens
3427 1412 3549 1483 ejus

1965 1494 2177 1551 idcirco
2224 1505 2311 1553 est
2349 1508 2730 1569 nuncupatus.
2762 1499 2923 1558 Unde
2952 1502 3157 1558 Paulus
3200 1502 3439 1573 idipsum
3473 1505 3552 1560 si-

1965 1585 2256 1657 gniﬁcans,
2301 1588 2382 1643 ait
2423 1608 2437 1644 :
2474 1609 2491 1641 ι
2526 1589 2638 1647 Nos
2685 1602 2870 1647 autem
2910 1591 3120 1649 Christi
3172 1609 3399 1649 sensum
3449 1594 3552 1649 ha-

1966 1677 2158 1734 bemus
2191 1679 2257 1732 '°.
2298 1697 2317 1731 ι
2358 1680 2528 1736 Recte
2562 1681 2751 1752 itaque
2789 1690 2846 1738 et
2876 1683 3175 1754 rincuipate
3225 1686 3548 1753 sentientes,

270 1768 384 1823 Καὶ
416 1767 546 1837 γοῦν
573 1771 602 1822 ὁ
630 1767 842 1831 Παῦλος
879 1785 1044 1837 φησιν
1081 1766 1214 1821 αὐτὸ
1254 1766 1317 1838 δὴ
1345 1764 1505 1819 τοῦτο
1537 1765 1818 1837 σημαίνων
1842 1780 1856 1796 ο

1967 1775 2021 1824 et
2055 1768 2202 1824 omni
2236 1784 2426 1826 errore
2472 1770 2712 1842 abjecto,
2748 1786 3034 1828 sacrarum
3086 1772 3418 1828 Litterarum
3452 1774 3553 1829 do-

275 1875 295 1907 c
347 1856 544 1928 Ἦμεῖς
574 1857 631 1911 δὲ
660 1856 784 1912 νοῦν
808 1858 1049 1929 Χριστοῦ
1082 1857 1298 1929 ἔχομεν.
1332 1877 1351 1911 ι
1384 1858 1667 1923 Συνιέντες
1686 1858 1864 1912 τοίνυν

267 1946 447 2019 ὀρθῶς
472 1965 531 2001 τε
568 1947 663 2001 καὶ
691 1949 966 2013 ἀπλανῶς,
993 1949 1088 2003 καὶ
1119 1948 1181 2003 rb
1210 1948 1574 2021 ὲκτρέπεσθαί
1603 1967 1692 2003 ποι
1714 1950 1866 2023 παρὰ.

268 2041 331 2093 rb
365 2041 538 2106 εἰκὸς,
567 2042 644 2105 ὡς
676 2040 934 2106 ἀκαλλὲς,
963 2040 1337 2114 διωθούμενοι,
1370 2043 1464 2097 καὶ
1489 2045 1601 2106 τοῖς
1626 2044 1723 2115 τῆς
1747 2042 1865 2097 θεο-

270 2131 542 2186 πνεύστου
563 2133 788 2205 Γραφῆς
811 2133 1068 2205 ἑπόμενοι
1094 2133 1296 2204 λόγοις,
1323 2134 1505 2206 φαμὲν
1524 2136 1606 2190 ὃτι
1622 2135 1722 2206 οὐχ
1745 2134 1866 2189 ἓτε-

272 2225 365 2296 ρόν
396 2243 450 2279 τι
501 2226 635 2295 παρ’
662 2226 846 2291 αὐτὸν,
879 2228 1002 2280 ὅσον
1041 2222 1178 2299 ἧκεν
1210 2228 1384 2280 εἰπεῖν
1424 2228 1506 2291 είς
1556 2228 1864 2297 ταυτότητα

271 2318 511 2391 φυσικὴν
539 2360 555 2385 ,
589 2318 937 2391 διῃρημένους
985 2336 1043 2374 τε
1083 2318 1178 2373 καὶ
1234 2319 1638 2385 ίδιοσυστάτως.
1693 2318 1864 2374 Τοῦτο

268 2409 378 2482 γὰρ
407 2405 632 2482 ,οἷμαι,
668 2410 852 2473 συνεὶς
900 2412 997 2465 καὶ
1021 2413 1050 2465 ὁ
1094 2410 1379 2486 θεσπέσιος
1421 2412 1634 2474 Παῦλος
1679 2429 1862 2483 παρα-

268 2503 462 2575 μίσγει
506 2502 795 2567 πολλάκις,
824 2502 922 2557 καὶ
951 2501 1027 2566 ὡς
1060 2502 1259 2557 ταυτὸν
1289 2500 1349 2556 ὃν
1377 2501 1640 2573 ἑκάτερον
1672 2501 1861 2571 εἰσφέ-

270 2613 380 2667 ρει,
418 2594 512 2648 τὸν
546 2595 903 2666 Παράκλητόν
960 2612 1102 2666 φημι
1146 2593 1363 2648 καὶτὸν
1408 2592 1557 2648 Υίόν.
1592 2594 1863 2668 Εὑρήσεις

264 2686 381 2756 γὰρ
414 2685 641 2753 λέγοντα
664 2702 676 2715 ·
723 2705 741 2738 ι
773 2687 838 2739 Ei
870 2685 928 2740 δέ
959 2703 1046 2749 τις
1072 2683 1299 2756 Πνεῦμα
1322 2683 1559 2756 Χριστοῦ
1588 2684 1689 2739 οὐκ
1724 2684 1859 2756 ἔχει,

261 2772 423 2841 οὗτος
450 2778 551 2830 οὐκ
588 2776 733 2830 ἔστιν
757 2776 978 2830 αὑτοῦ.)
1004 2776 1118 2831 Καὶ
1142 2775 1304 2831 πάλιν
1325 2774 1488 2839 εὐθύς
1507 2790 1520 2804 ’
1555 2776 1618 2831 Εἰ
1644 2775 1699 2828 δὲ
1723 2777 1861 2848 Χριο

266 2884 394 2931 στος
426 2869 487 2922 ὲν
526 2868 654 2939 ύμῖν
674 2908 690 2933 ,
715 2867 779 2921 rb
809 2869 906 2939 μὲν
938 2868 1097 2939 σῶμα
1127 2867 1317 2941 νεκρὸν
1348 2866 1436 2920 διά
1469 2867 1764 2939 ἁμαρτίαν,
1799 2868 1862 2922 rb

263 2960 324 3013 δὲ
370 2959 599 3032 Πνεῦμα
647 2959 902 3032 ζωὴσοδιὰ
959 2958 1330 3031 δικαιοσύνην.
1372 2978 1391 3009 ι
1441 2958 1687 3023 Ἀκούεις
1742 2959 1862 3024 πῶς

264 3050 505 3121 Χριστὸν
556 3051 703 3121 ἔχειν
755 3048 1054 3122 διαρρήδην
1083 3047 1337 3119 ὁμολογεῖ
1376 3048 1504 3112 τοὺς
1544 3047 1605 3101 rb
1635 3048 1858 3119 Πνεῦμα
1887 3087 1929 3145 C

263 3141 535 3206 λαϐόντας
585 3142 753 3196 αὑτοῦ
787 3161 802 3208 ;
834 3142 974 3213 Φησὶ
1024 3140 1082 3194 δὲ
1133 3141 1224 3195 καὶ
1264 3143 1324 3195 ὲν
1375 3140 1617 3212 ἑτέροιςο
1653 3158 1671 3192 ι
1705 3140 1859 3194 Δοκῶ

261 3232 372 3304 γὰρ
426 3230 585 3299 κάγὼ
620 3230 845 3301 Πνεῦμα
876 3231 1011 3284 Θεοῦ
1043 3231 1210 3301 ἔχειν.
1250 3248 1270 3283 ι
1323 3230 1384 3284 '0
1421 3228 1480 3283 δὲ
1525 3228 1684 3283 τοῦτο
1721 3228 1860 3302 πρὸς

263 3324 414 3393 ἡμᾶς
435 3322 607 3377 είπὼν
685 3342 704 3374 ι
735 3324 799 3376 Εἰ
825 3322 1054 3395 δοκιμὴν
1082 3324 1318 3393 ζητεῖτε,
1343 3322 1498 3394 φησὶ,
1529 3320 1625 3374 τοῦ
1650 3322 1708 3374 ὲν
1735 3321 1860 3392 ἐμοὶ

262 3412 558 3476 λαλοῦντος
585 3412 852 3483 Χριστοῦ,
895 3433 914 3465 ι
956 3414 1052 3468 καὶ
1082 3414 1213 3484 ἡμῖν
1243 3413 1301 3468 δὲ
1341 3416 1455 3478 τοῖς
1493 3412 1862 3468 πεπιστευκό-

265 3522 351 3558 σιν
400 3504 684 3576 ἐνοικῆσαι
746 3505 980 3577 Χριστὸν
1026 3505 1116 3560 διὰ
1167 3505 1266 3576 τῆς
1313 3504 1552 3569 πίστεως
1597 3504 1861 3569 πολλάκις

264 3594 603 3676 ἐπεύχεται)
638 3595 818 3649 καίτοι
859 3596 921 3650 rb
976 3596 1201 3668 Πνεῦμα
1244 3596 1533 3667 δεχόμενος
1571 3597 1634 3650 τὸ
1680 3597 1856 3665 ἅγιον.

262 3687 376 3740 Καὶ
409 3688 487 3759 μή
515 3704 600 3749 τις
647 3688 841 3742 οίέσθω
881 3689 1060 3758 λέγειν
1108 3689 1258 3761 ἡμᾶς
1305 3688 1388 3741 ὅτι
1432 3688 1541 3741 τῶν
1579 3688 1861 3759 ὀνομάτων

260 3779 385 3851 ἦτοι
413 3779 525 3834 τῶν
557 3780 866 3852 προσώπων
892 3782 1107 3854 ἀναιρεῖ
1130 3780 1228 3852 τὴν
1247 3782 1328 3843 είς
1358 3778 1615 3852 ἑκάτερον
1647 3779 1856 3846 στάσιν,

262 3873 298 3944 ῇ
323 3873 409 3926 ὅτι
447 3874 544 3926 τὸν
581 3873 712 3927 Υίὸν
738 3875 838 3946 οὐχ
879 3873 1007 3929 Υἰδν
1040 3870 1181 3929 εἷναί
1221 3890 1409 3945 φησιν,
1441 3871 1579 3926 ἀλλὰ
1608 3871 1857 3943 Πνεῦμα,

263 3964 439 4036 ῇγουν
474 3964 539 4018 rb
570 3963 813 4036 Πνεῦμα,
863 3964 1089 4037 Πνεῦμα
1142 3964 1243 4037 μὲν
1275 3965 1377 4018 οὐκ
1438 3957 1600 4029 οἶδεν,
1630 3963 1762 4016 Υἱὸν
1801 3963 1860 4017 δὲ

265 4051 409 4109 εἷναί
438 4072 604 4127 φησιν
625 4074 638 4087 ·
680 4057 740 4110 οὐ
763 4055 873 4129 γὰρ
913 4049 1066 4121 οὗτος
1086 4057 1152 4128 ἦν
1178 4058 1235 4111 ὲν
1269 4055 1463 4126 ἐκείνῳ
1492 4054 1715 4119 σκοπὸς,
1741 4053 1859 4108 ἀλλ’

261 4144 391 4198 οὐδὲ
416 4144 591 4209 οῦτως
616 4147 963 4217 πιστεύομεν.
988 4141 1109 4199 υἷδε
1125 4144 1234 4217 γὰρ
1255 4145 1355 4216 τῆς
1379 4143 1541 4213 ἁγίας
1555 4142 1650 4197 καὶ
1674 4144 1860 4214 ὁμοου·

269 4237 388 4289 σίου
416 4236 649 4307 Τριάδος
673 4235 771 4308 τὴν
802 4236 1202 4309 ἀπαρίθμησιν,
1229 4237 1325 4292 καὶ
1353 4236 1460 4308 ίδίςι
1484 4236 1585 4308 μὲν
1626 4235 1859 4290 ἕκαστον

264 4326 374 4380 τῶν
405 4329 822 4400 σημαινομένων
848 4330 1149 4399 ὑφεστάναι
1174 4328 1444 4384 διδάσκει⁸
1473 4329 1533 4382 τό
1566 4346 1631 4395 γε
1663 4327 1769 4399 μὴν
1801 4328 1860 4382 ἐν

1964 1863 2209 1915 ctrinam
2247 1871 2562 1932 sequentes,
2591 1863 2832 1920 dicimus
2871 1880 2981 1919 non
3031 1879 3158 1921 esse
3200 1865 3349 1921 aliud
3385 1865 3551 1937 quid-

1963 1950 2087 2006 dam
2120 1951 2189 2007 ab
2220 1951 2364 2023 ipso,
2418 1954 2601 2024 quoad
2649 1955 2962 2011 naturalem
3006 1955 3354 2012 identitatem
3393 1957 3549 2013 vide-

1962 2040 2116 2107 licet,
2161 2040 2500 2115 divisimque
2545 2059 2610 2100 ac
2663 2045 2922 2101 seorsim.
2972 2042 3088 2101 Hoc
3133 2045 3281 2100 enim
3329 2047 3550 2103 divinus

1961 2146 2184 2203 quoque
2232 2131 2442 2190 Paulus
2490 2134 2809 2206 intelligens
2862 2135 3059 2191 miscet
3110 2136 3460 2207 plerumque,
3494 2147 3550 2194 et

1962 2229 2262 2293 utrumque
2309 2224 2460 2279 velut
2508 2223 2765 2280 eumdem
2810 2224 3049 2292 inducit,
3078 2223 3430 2281 Paracletum
3464 2228 3549 2282 ni-

1960 2316 2162 2370 mirum
2193 2324 2250 2370 et
2278 2314 2503 2371 Filium.
2535 2315 2795 2373 Invenies
2823 2318 3033 2390 quippe
3062 2318 3146 2374 sic
3178 2320 3493 2389 loquentem
3529 2338 3544 2376 :

1967 2423 1987 2457 ι
2035 2402 2095 2459 Si
2123 2405 2250 2476 quis
2279 2405 2548 2477 Spiritum
2578 2406 2787 2465 Christi
2823 2424 2933 2464 non
2977 2408 3163 2477 habet,
3188 2409 3280 2465 hic
3316 2426 3426 2483 non
3463 2418 3549 2468 est

1960 2495 2101 2566 ejus.
2134 2515 2153 2549 ι
2191 2495 2256 2551 Εῑ
2278 2498 2465 2553 statim
2489 2506 2684 2554 rursus
2714 2516 2728 2554 :
2768 2518 2786 2551 ι
2814 2497 2872 2553 Si
2899 2498 3156 2555 Christus
3179 2500 3236 2554 in
3253 2500 3415 2557 vobis
3439 2509 3546 2567 est,

1961 2601 2163 2658 corpus
2204 2588 2428 2659 quidem
2485 2597 2763 2645 mortuum
2815 2597 2902 2646 est
2952 2599 3181 2662 propter
3233 2600 3543 2661 peccatum,

1961 2680 2191 2750 spiritus
2236 2693 2371 2735 vero
2418 2679 2557 2735 vivit
2615 2689 2844 2751 propter
2887 2680 3167 2752 justitiam
3191 2682 3260 2737 ⁶¹.
3305 2701 3325 2735 ι
3370 2683 3547 2739 Audis

1959 2785 2069 2841 quo
2116 2778 2276 2840 pacto
2311 2770 2592 2826 Christum
2626 2771 2832 2827 habere
2866 2779 3054 2842 aperte
3100 2772 3425 2844 proﬁteatur
3452 2789 3547 2830 eos

1961 2861 2054 2932 qui
2083 2859 2355 2933 Spiritum
2391 2861 2513 2931 ejus
2549 2862 2940 2934 susceperint?
2973 2863 3118 2930 Quin
3154 2872 3210 2919 et
3245 2865 3381 2921 alibi
3412 2881 3548 2935 quo-

1961 2969 2069 3024 que
2102 2955 2180 3009 ait
2212 2972 2226 3009 :
2260 2973 2279 3006 ‹
2314 2953 2455 3011 Puto
2498 2965 2683 3011 autem
2732 2955 2879 3027 quod
2919 2963 2974 3010 et
3009 2954 3278 3026 Spiritum
3320 2956 3414 3014 Dei
3451 2957 3549 3013 ha-

1961 3044 2117 3101 beam
2146 3046 2213 3101 ".
2247 3063 2267 3098 ι
2302 3043 2407 3112 Qui
2434 3053 2616 3100 autem
2644 3045 2752 3101 hoc
2777 3047 2942 3102 nobis
2982 3047 3125 3102 dixit
3157 3064 3173 3103 :
3210 3066 3231 3101 ι
3266 3049 3351 3104 An
3380 3064 3546 3121 expe-

1960 3133 2258 3189 rimentum
2327 3135 2579 3205 quaeritis
2650 3135 2773 3205 ejus
2838 3135 2936 3206 qui
3010 3136 3261 3208 loquitur
3333 3137 3390 3193 in
3459 3156 3547 3197 me

1960 3224 2216 3282 Christus
2249 3225 2341 3280 “?
2373 3245 2392 3277 ι
2427 3226 2571 3282 idem
2603 3236 2659 3283 et
2700 3228 2754 3282 in
2796 3228 2956 3284 nobis
2986 3228 3341 3287 credentibus
3387 3230 3548 3288 Chri-

1961 3326 2106 3373 stum
2157 3318 2472 3373 inhabitare
2519 3334 2617 3389 per
2673 3319 2835 3374 ﬁdem
2888 3335 3031 3390 saepe
3088 3332 3368 3392 precatur,
3415 3324 3546 3379 licet

1963 3411 2230 3482 Spiritum
2271 3419 2525 3491 sanctum
2571 3411 2828 3483 accipiat.
2861 3411 3051 3483 Neque
3078 3429 3212 3471 vero
3248 3415 3544 3486 quisquam

1960 3500 2143 3556 dicere
2173 3516 2278 3556 nos
2308 3501 2590 3557 existimet
2620 3517 2745 3557 eum
2784 3503 3074 3559 nominum
3126 3514 3222 3561 aut
3276 3522 3546 3579 persona-

1960 3607 2085 3648 rum
2125 3599 2423 3663 utrumque
2469 3600 2676 3649 statum
2709 3603 2994 3665 evertere,
3041 3605 3137 3652 aut
3178 3597 3380 3653 Filium
3433 3615 3544 3655 non

1959 3700 2085 3741 esse
2113 3683 2316 3739 Filium
2349 3685 2711 3752 contendere,
2749 3687 2846 3742 sed
2881 3686 3188 3760 Spiritum;
3220 3698 3318 3746 aut
3367 3690 3541 3761 Spiriv

1958 3781 2076 3831 tum
2113 3775 2385 3848 Spiritum
2416 3777 2638 3847 quidem
2689 3792 2802 3832 non
2848 3792 3172 3850 agnoscere,
3199 3779 3297 3835 sed
3340 3778 3542 3837 Filium

1958 3883 2084 3924 esse
2110 3869 2301 3926 dicere
2330 3888 2345 3924 :
2374 3883 2484 3924 non
2520 3869 2666 3924 enim
2701 3869 2755 3925 id
2793 3877 2913 3925 erat
2948 3870 3001 3925 ei
3054 3870 3418 3941 propositum,
3447 3886 3544 3928 ne-

1958 3975 2068 4032 que
2098 3976 2262 4031 porro
2294 3975 2396 4017 nos
2425 3960 2502 4014 ita
2548 3961 2848 4016 credimus.
2875 3959 3099 4017 Sciebat
3142 3961 3290 4017 enim
3338 3972 3543 4019 sancta:

1957 4059 2013 4108 et
2066 4050 2566 4107 consubstantiaiis
2611 4050 2907 4108 Trinitatis
2947 4055 3447 4120 enumerationem,
3489 4063 3543 4110 et

1959 4141 2212 4212 singulas
2237 4139 2461 4210 quidem
2497 4156 2767 4211 personas
2795 4141 2961 4197 docet
2995 4142 3050 4196 in
3084 4157 3185 4198 sua
3213 4126 3337 4199 esse
3368 4144 3539 4216 hypo-

1960 4232 2119 4297 stasi,
2147 4239 2532 4287 verumtamen
2577 4242 2826 4288 sanctam
2860 4232 3193 4289 Trinitatem
3229 4235 3287 4290 in
3336 4236 3540 4292 identi-

1962 4335 2075 4382 tate
2092 4324 2415 4379 nullatenus
2430 4324 2683 4380 variante
2710 4325 2872 4380 sitam
2898 4340 3023 4381 esse
3042 4333 3231 4396 aperte
3256 4326 3541 4397 praedicat.

267 4415 678 4489 ἀπαραλλάκτῳ
724 4418 939 4472 κεῖσθαι
986 4419 1275 4490 ταυτότητι
1327 4417 1426 4490 τὴν
1459 4417 1618 4487 ἁγίαν
1650 4416 1858 4489 Τριάδα

1963 4418 2128 4489 813
2157 4415 2383 4485 Alioqui
2414 4412 2694 4483 quomodo
2726 4411 2971 4483 Spiritus
3010 4420 3096 4469 est
3129 4429 3193 4469 ac
3227 4417 3539 4470 nominatur

266 4505 618 4576 διακηρύττει
646 4508 855 4576 σαφῶς.
900 4509 1054 4563 Ἐπεὶ
1085 4509 1203 4573 πῶς
1234 4509 1297 4563 rb
1326 4508 1554 4579 Πνεῦμα
1581 4508 1716 4572 Θεὸς
1745 4507 1862 4561 ἔστι

267 4597 365 4649 καὶ
405 4597 734 4668 ὀνομάζεται
769 4615 784 4666 ;
823 4617 841 4650 ι
873 4600 987 4653 Οὐκ
1018 4600 1198 4653 οἴδατε
1231 4600 1341 4670 γὰρ
1364 4640 1379 4662 ,
1411 4582 1603 4669 φησιν,
1630 4600 1712 4652 ὅτι
1735 4598 1863 4664 ναὸς

265 4688 403 4742 Θεοῦ
437 4690 584 4756 ἐστε,
621 4692 715 4745 καὶ
749 4689 809 4743 rb
835 4690 1060 4760 Πνεῦμα
1103 4691 1197 4744 τοῦ
1228 4690 1364 4745 Θεοῦ
1399 4692 1457 4745 ὲν
1486 4692 1614 4762 ὑμῖν
1641 4692 1814 4759 οίκεῖ;
1835 4709 1855 4743 ι

262 4779 327 4832 Εἰ
351 4779 436 4844 δὲ,
458 4780 693 4852 ἐπείπερ
722 4781 780 4834 ὲν
804 4783 937 4852 ἡμῖν
957 4782 1100 4834 οίκεί
1125 4780 1187 4834 rb
1212 4778 1459 4851 Πνεῦμα,
1481 4781 1599 4834 ναοὶ
1627 4780 1860 4850 γεγόνα-

261 4887 367 4941 μεν
394 4869 488 4923 τοῦ
535 4870 694 4938 Θεοῦ,
725 4871 843 4935 πῶς
892 4872 992 4925 οὐκ
1035 4872 1099 4924 ὲκ
1148 4870 1281 4924 Θεοῦ
1329 4872 1390 4924 τὸ
1441 4870 1687 4942 Πνεῦμα,
1710 4870 1854 4925 τοῦτ’

252 4962 436 5028 ἐστιν,
468 4964 535 5016 ἐκ
562 4963 663 5034 τῆς
712 4962 900 5027 οὐσίας
928 4962 1127 5026 αὐτοῦ,
1156 4961 1289 5033 Θεᾲν
1312 4962 1370 5016 ἐν
1397 4964 1533 5033 ἡμῖν
1555 4963 1760 5028 οίκίζον
1785 4963 1855 5018 δι’

254 5054 462 5108 ἑαυτοῦ
487 5073 502 5121 ;
533 5055 744 5109 Οὐκοῦν
776 5057 875 5110 οὐκ
902 5055 1181 5124 ἀλλότριον
1213 5054 1312 5125 τῆς
1339 5055 1474 5118 ἰδίας
1496 5054 1709 5124 φύσεως
1731 5055 1856 5109 δει-

252 5147 399 5210 κνὺς
431 5146 493 5199 rb
518 5146 741 5218 Πνεῦμα
773 5150 801 5201 ὁ
833 5148 1166 5216 Μονογενὴς,
1208 5146 1360 5217 παρὰ
1389 5145 1484 5200 τοῦ
1516 5147 1728 5217 Πατρδς
1761 5149 1854 5201 ὲκ-

251 5238 584 5310 πέμπεσθιιι
610 5241 725 5302 τοῖς
762 5239 938 5308 ἁγίοις
968 5238 1137 5292 εἰπὼν
1172 5238 1264 5292 τὸν
1286 5237 1664 5309 Παράλλητον,
1694 5239 1856 5303 αὐτὸς

249 5328 416 5401 ἥξειν
471 5330 868 5399 ἐπαγγέλλεται
896 5372 910 5396 ,
946 5330 1042 5384 καὶ
1075 5330 1173 5402 τὴν
1226 5331 1432 5403 πατρὸς
1486 5331 1638 5397 τάξιν
1672 5332 1856 5396 αὐτοῖς

252 5421 748 5493 ἀποπληροῦν,ἴνα
779 5422 855 5495 μὴ
890 5424 1142 5493 καθάπερ
1190 5424 1337 5484 τινὲς
1362 5424 1590 5494 ὀρφανοὶ
1627 5424 1726 5495 τῆς
1758 5424 1854 5477 τοῦ

252 5513 668 5586 προεστηκὸτος
694 5516 1014 5589 ἐπικουρίας
1043 5514 1238 5587 ἔρημοι
1264 5513 1353 5568 διά
1384 5532 1444 5568 τε
1474 5514 1632 5568 τοῦτο
1668 5514 1852 5569 λοιπὸν

1964 4506 2143 4563 Deus?
2177 4524 2196 4557 ι
2232 4503 2475 4561 Nescitis
2503 4504 2678 4566 enim,
2719 4504 2924 4573 inquit,
2967 4505 3097 4574 quia
3135 4506 3398 4576 templum
3451 4506 3541 4563 Dei

1962 4598 2120 4663 estis,
2151 4604 2208 4653 et
2258 4595 2501 4665 Spiritus
2534 4594 2629 4651 Dei
2680 4594 2896 4650 habitat
2936 4595 2991 4651 in
3026 4595 3182 4652 vobis
3207 4595 3290 4650 “?
3330 4616 3349 4650 ι
3388 4596 3541 4665 Quod

1963 4691 2010 4747 si
2059 4705 2126 4746 ex
2172 4705 2239 4746 eo
2285 4690 2433 4762 quod
2483 4688 2728 4760 Spiritus
2768 4688 2826 4743 in
2871 4688 3034 4745 nobis
3073 4689 3308 4755 habitat,
3345 4693 3541 4763 templa

1962 4784 2092 4839 facti
2132 4798 2325 4839 sumus
2358 4774 2476 4847 Dei,
2505 4781 2785 4852 quomodo
2818 4797 2925 4838 non
2954 4798 3022 4838 ex
3054 4781 3165 4838 Deo
3192 4781 3452 4853 Spiritus,
3490 4784 3542 4839 id

1963 4882 2050 4930 est
2079 4889 2141 4929 ex
2171 4872 2481 4929 substantia
2509 4871 2653 4941 ejus,
2682 4872 2776 4943 qui
2812 4871 2979 4927 Deum
3009 4874 3065 4927 in
3104 4872 3267 4929 nobis
3296 4872 3540 4928 habitare

1963 4964 2099 5021 facit
2139 4980 2237 5037 per
2288 4963 2589 5035 scipsum?
2628 4963 2905 5031 Quocirca
2943 4979 3053 5018 non
3108 4964 3350 5020 alienum
3382 4978 3413 5017 a
3444 4980 3541 5019 sua

1964 5065 2157 5113 natura
2189 5056 2489 5113 ostendens
2524 5054 2794 5126 Spiritum
2844 5055 3197 5126 Unigenitus,
3247 5062 3539 5125 postquam

1962 5150 2102 5205 dixit
2134 5164 2163 5202 a
2192 5148 2357 5203 Patre
2391 5146 2538 5202 mitti
2574 5156 2825 5203 sanctum
2865 5144 3235 5210 Paracletum,
3260 5145 3375 5214 ipse
3407 5160 3539 5215 ven-

1963 5250 2147 5297 turum
2202 5256 2263 5296 se
2301 5239 2616 5310 pollicetur,
2673 5246 2727 5295 et
2778 5236 2951 5307 patris
3008 5236 3132 5290 loco
3176 5235 3245 5293 iis
3280 5235 3432 5300 fore,
3476 5252 3538 5294 nc

1962 5332 2114 5388 velut
2157 5330 2392 5401 orphani
2431 5330 2657 5401 quidam
2711 5327 2912 5382 tutoris
2962 5324 3221 5396 praesidio
3266 5326 3540 5385 destituti.

1963 5421 2171 5477 idcirco
2197 5420 2404 5476 diaboli
2455 5419 2673 5490 laqueis
2720 5422 2967 5488 pateant,
2998 5424 3052 5469 et
3087 5415 3278 5471 mundi
3309 5414 3536 5472 scanda.

1964 5515 2054 5581 iis,
2090 5513 2266 5584 iisque
2307 5511 2500 5568 multis
2533 5526 2600 5567 ac
2622 5511 2770 5566 velut
2819 5506 3149 5564 necessitate
3177 5507 3415 5579 quadam
3455 5504 3533 5561 in-

327 5691 376 5723 “
422 5688 443 5743 Ι
480 5690 609 5748 Cor.
654 5708 723 5759 il,
772 5693 857 5750 {6.
935 5693 976 5727 ⁶¹
1020 5693 1179 5749 Rom.
1217 5710 1337 5763 vm,
1367 5690 1422 5760 9,
1456 5693 1545 5748 10.
1624 5690 1717 5745 ⁸³1
1754 5690 1864 5748 Cor

1963 5707 2012 5759 ιι,
2053 5691 2143 5747 40.
2223 5690 2266 5724 ⁸³
2301 5687 2344 5744 ll
2376 5687 2506 5745 Cor.
2540 5702 2661 5754 xm,
2697 5685 2752 5742 3.
2832 5685 2878 5719 “
2913 5684 2935 5741 ι
2968 5684 3099 5743 Cor.
3134 5698 3221 5753 ιιι,
3258 5677 3349 5737 10.
