4042 6204
487 316 592 371 205

1481 305 1536 361 S.
1578 304 1853 362 CYBILLI
1898 302 2355 359 ALEXANDRINI
2400 301 2719 357 ARCIIIEP.

3658 300 3765 357 9.θᾶ

486 434 834 507 grnentibus,
882 446 991 504 pra:
1036 410 1226 484 eorum
1258 440 1287 479 a
1325 424 1529 496 quibus
1560 424 1878 479 inferuntur
1914 421 2072 478 etfre-

2187 423 2291 484 ιαῖς
2316 404 2677 473 τούκδιαὸόλου
2724 416 2948 486 παγίσιν
2983 416 3266 479 εὐάλωτοι,
3299 415 3394 470 καὶ
3436 418 3548 480 τοῖς
3581 418 3637 469 ὲν
3669 417 3763 469 κό-

488 541 620 585 nato
652 529 857 583 furore.
880 529 1046 580 Arma
1078 523 1260 592 itaque
1280 519 1750 575 etmunimentum
1778 517 2073 570 infractum

491 621 703 677 nostris
767 618 1051 674 mentibus
1114 612 1264 669 dedit
1323 610 1485 665 Pater
1521 609 1726 663 Christi
1782 607 2072 678 Spiritum,

491 716 587 783 qui
619 711 851 783 gratiam
887 708 1010 776 ejus
1038 713 1094 761 et
1144 702 1491 773 praesentiam
1531 710 1696 769 atque
1730 700 1988 753 virtutem
2020 698 2074 752 in

492 803 654 857 nobis
689 801 899 870 implet.
934 796 1083 850 Fieri
1123 795 1265 849 enim
1307 792 1500 862 nequit
1527 800 1585 843 ut
1618 790 1858 844 hominis
1893 790 2075 842 anima

492 895 623 950 boni
666 892 967 962 quidquam
1012 895 1161 957 agat,
1191 894 1285 939 aut
1315 900 1447 939 suas
1474 881 1805 952 cupiditates
1833 884 2074 951 superet,

492 989 588 1035 aut
613 994 769 1032 acres
796 976 1000 1030 diaboli
1038 976 1264 1044 laqueos
1285 974 1472 1039 evitet,
1501 971 1604 1026 nisi
1629 971 1806 1026 sancti
1834 969 2078 1040 Spiritus

494 1072 667 1142 gratia
731 1070 942 1122 munita
993 1069 1103 1130 sit,
1149 1068 1443 1137 ipsumque
1492 1066 1549 1120 in
1609 1067 1814 1135 seipsa,
1850 1064 2080 1134 proinde

493 1164 808 1227 Christum,
845 1161 1063 1214 habeat.
1088 1158 1245 1214 Unde
1282 1158 1496 1213 Psaltes
1527 1158 1619 1212 ille
1644 1157 1862 1211 divinus
1894 1165 2081 1228 gratu-

495 1252 695 1304 latoria
744 1251 989 1304 carmina
1046 1264 1143 1319 pro
1187 1264 1284 1304 sua
1318 1249 1588 1318 sapientia
1640 1262 1976 1318 componens
2011 1245 2080 1300 ad

495 1344 664 1399 Deum
718 1344 990 1397 clamabat
1019 1334 1082 1396 εἰ
1121 1340 1372 1403 Domine,
1413 1348 1471 1393 ιιι
1506 1346 1668 1394 scuto
1706 1333 1863 1393 bonas
1889 1340 2081 1394 volun-

498 1438 625 1492 tatis
677 1447 785 1491 tuze
815 1434 1097 1490 eoronasti
1134 1448 1239 1488 nos
1270 1432 1336 1495 ⁸⁵,
1371 1450 1389 1482 ι
1428 1440 1645 1485 scutum
1700 1432 1857 1487 bonae
1888 1431 2080 1485 volun-

418 1569 428 1577 .
498 1531 626 1583 tatis
658 1528 805 1582 aliud
840 1526 974 1580 nihil
1002 1540 1126 1580 esse
1160 1523 1353 1578 dicens
1374 1538 1539 1592 quam
1571 1532 1948 1594 protegentem
1978 1537 2080 1576 nos

500 1629 752 1675 sanetum
792 1619 1084 1684 Spiritum,
1116 1625 1170 1672 et
1223 1616 1534 1669 incredibili
1567 1630 1667 1671 sua
1709 1623 1979 1685 potestate
2021 1621 2080 1667 ut

496 1711 644 1782 quod
704 1712 811 1766 Deo
874 1710 1136 1781 placitum
1199 1718 1285 1764 est
1339 1709 1577 1762 velimus
1634 1708 2078 1762 conﬁrmantem.

2138 574 2147 593 *ᾗ
2185 531 2307 583 σμῳ
2341 511 2660 575 σκανδάλρις
2686 508 3088 581 εὐεπιχείρητον.
3113 508 3233 562 λίαν
3256 508 3621 580 εὑρίσκονται,
3644 508 3766 561 καί-

2182 621 2263 657 τοι
2305 603 2521 666 πολλοῖς
2562 599 2681 654 οὖσι
2721 600 2817 654 καὶ
2845 600 2921 663 ὡς
2964 600 3025 664 ἐξ
3052 600 3298 671 ἀνάγκης
3334 600 3655 671 ἐρχομένοις
3678 600 3765 654 διὰ

2183 696 2281 768 τὴν
2310 695 2610 748 ἀκάθεκτον
2650 693 2760 747 τῶν
2804 694 3120 761 ὲπαγόντων
3171 694 3387 763 μανίαν.
3421 692 3626 746 Ὅπλον
3672 689 3764 747 οῦν

2183 787 2293 859 ἄρα
2324 788 2418 840 καὶ
2467 784 2767 855 ἀσφάλειαν
2806 784 3027 855 ἀρραγῆ
3079 785 3200 846 ταῖς
3230 783 3529 853 ἡμετέραις
3566 783 3766 853 ψυχαῖς

2183 880 2414 933 δέδωκεν
2457 878 2486 931 ό
2523 878 2713 948 Πατὴρ
2757 876 2818 929 τὸ
2858 873 3081 945 Πνεῦμα
3129 874 3368 945 Χριστοῦ
3396 915 3411 941 ,
3443 876 3543 943 τὴν
3601 874 3763 940 αὐτοῦ

2184 971 2345 1040 χάριν
2380 987 2438 1023 τε
2491 970 2586 1022 καὶ
2633 966 2938 1040 παρουσίαν
2978 967 3073 1019 καὶ
3114 964 3341 1036 δύναμιν
3371 967 3429 1019 ὲν
3458 969 3588 1038 ημῖν
3627 974 3765 1020 απο-

2186 1061 2445 1132 πληροῦν.
2466 1060 2769 1132 Ἀμήχανον
2788 1058 2894 1129 γάρ
2915 1056 3202 1128 ἀνθρώπου
3224 1058 3400 1131 ψυχὴν
3426 1061 3768 1132 κατορθῶσαί

2186 1171 2237 1207 τι
2265 1154 2373 1206 τῶν
2395 1152 2613 1221 ἀγαθῶν
2628 1193 2643 1217 ,
2658 1152 2822 1223 ἤγουν
2838 1154 2948 1206 τῶν
2966 1153 3180 1205 οἰκείων
3202 1153 3476 1224 κρατῆσαι
3510 1152 3762 1224 παθῶν,ῆ

2185 1246 2282 1317 τῆς
2298 1243 2389 1297 τοῦ
2406 1243 2651 1297 διαϐόλου
2676 1245 2906 1313 παγίδος
2927 1245 3107 1313 ὀξείας
3127 1244 3406 1316 διαδρᾶναι
3428 1244 3488 1298 τὸ
3514 1245 3762 1315 μέγεθος,

2190 1342 2266 1411 μὴ
2298 1340 2366 1409 τῇ
2404 1337 2495 1391 τοῦ
2531 1337 2688 1405 ἁγίου
2740 1337 3054 1408 Πνεύματος
3103 1336 3512 1407 τετειχισμένην
3560 1336 3761 1406 χάριτι,

2186 1431 2282 1485 καὶ
2304 1431 2464 1484 αὐτὸν
2492 1430 2723 1501 ἔχουσαν
2756 1431 2814 1483 έν
2867 1432 3031 1500 ἑαυτῇ
3062 1430 3151 1484 διά
3183 1429 3343 1482 τοῦτο
3367 1429 3623 1499 Χριστόν.
3659 1428 3764 1480 Καὶ

2186 1522 2316 1592 γοῦν
2344 1524 2374 1577 ό
2405 1521 2691 1584 Θεσπέσιος
2724 1518 2854 1592 ἡμῖν
2896 1522 3148 1593 Μελῳδὺς
3177 1520 3246 1574 τὰ
3272 1521 3412 1591 ὑπὲρ
3447 1518 3639 1573 τούτου
3666 1536 3764 1589 χα-

2190 1615 2444 1687 ριστήρια
2505 1614 2595 1667 διὰ
2638 1614 2740 1683 τῆς
2793 1614 3021 1684 ἐνούσης
3067 1613 3216 1684 αὐτῷ
3263 1613 3453 1682 σοφίας
3501 1611 3765 1674 συντιθεὶς

2189 1705 2454 1776 άνεφώνει
2484 1706 2620 1778 πρὸς
2674 1706 2808 1759 Θεόν
2843 1722 2856 1735 ·
2900 1725 2919 1756 ‹
2958 1705 3138 1776 ,Κύριε
3167 1745 3181 1769 ,
3214 1705 3289 1768 ὡς
3328 1704 3475 1775 ὅπλῳ
3521 1703 3765 1765 εὐδοκίας

499 1801 671 1874 Igitur
705 1802 1021 1855 adfuturum
1049 1815 1108 1854 se
1131 1806 1185 1853 et
1222 1799 1506 1868 suppetias
1531 1799 1771 1852 laturum
1806 1796 2081 1853 credenti-

2187 1798 2568 1867 ἐστεφάνωσας
2590 1798 2753 1868 ἡμᾶς’
2770 1816 2788 1850 ι
2810 1796 2973 1851 ὅπλον
2992 1796 3236 1859 εὐδοκίας
3253 1795 3405 1849 οὐδὲν
3430 1796 3516 1848 ’ἐτε
3526 1812 3615 1865 ρον
3631 1789 3769 1847 εἶναι

502 1896 607 1951 bus
638 1896 690 1948 in
720 1910 780 1949 se
811 1891 1172 1946 nihilominus
1199 1890 1514 1961 pollicetur,
1534 1889 1788 1960 quamvis
1822 1890 1876 1942 in
1912 1889 2082 1944 etnlos

502 1988 656 2058 ipsos
706 1993 833 2055 post
880 1984 1350 2039 resurrectionem
1408 1997 1474 2036 ex
1522 1982 1756 2036 mortuis
1798 1981 2079 2041 ascendat,

505 2084 563 2132 ut
594 2088 857 2147 appareat
886 2090 1033 2129 nunc
1066 2072 1241 2128 vultui
1272 2071 1366 2127 Dei
1397 2087 1498 2143 pro
1529 2073 1712 2139 nobis,
1746 2071 1903 2141 juxta
1927 2071 2080 2126 Pauli

499 2182 689 2223 vocem
720 2168 786 2221 ⁸⁸.

2189 1889 2365 1958 λέγων
2390 1889 2423 1959 ἢ
2446 1889 2504 1940 τὸ
2528 1889 2867 1959 προασπίζον
2900 1887 3054 1959 ἡμῶν
3086 1889 3241 1957 ἆγιον
3264 1887 3507 1955 Πνεῦμα.
3524 1886 3771 1949 κα“ι,άδο-

2189 1983 2343 2051 κήτῳ
2389 1979 2631 2050 συνέχων
2679 1978 2791 2050 [71).
2832 1979 3075 2051 συνέχον]
3119 1979 3266 2048 ἰσχύϊ
3314 1979 3451 2049 πρὸς
3484 1977 3545 2031 τὸ
3579 1976 3774 2030 δοκοῦν

2185 2071 2264 2141 τῷ
2292 2071 2431 2141 Θεῷ.
2468 2070 2676 2124 Οὐκοῦν
2715 2072 2796 2124 ὅτι
2830 2072 3099 2142 παρέσται
3130 2072 3225 2124 καὶ
3268 2070 3523 2140 βοηθήσει
3556 2069 3646 2122 διὰ
3675 2066 3771 2121 τοῦ

2186 2162 2504 2232 Πνεύματος
2548 2164 2658 2226 τοῖς
2709 2162 3057 2215 πιστεύουσιν
3086 2165 3166 2226 είς
3215 2163 3377 2216 αὐτὸν
3428 2162 3577 2216 οὐδὲν
3612 2157 3775 2234 ἦττον

500 2258 911 2328 ἐπαγγέλλεται,
944 2258 1048 2311 κᾶν
1086 2258 1167 2321 είς
1206 2257 1405 2320 αὐτοῦς
1454 2256 1720 2327 ἀναϐαίνῃ
1760 2255 1887 2319 τοὺς
1918 2254 2202 2327 οὐρανοὺς,
2237 2254 2375 2324 μετὰ
2394 2254 2491 2325 τὴν
2529 2254 2593 2306 έκ
2655 2255 2859 2326 νεκρῶν
2896 2255 3214 2322 ἀναϐίωσιν,
3283 2254 3378 2308 νῦν
3440 2254 3777 2325 ἐμφανισθῆ-

501 2356 691 2411 σεσθαι
721 2355 798 2427 τῷ
840 2355 1117 2427 προσώπῳ
1157 2355 1251 2408 τοῦ
1287 2354 1421 2407 Θεοῦ
1455 2354 1596 2423 ὑπὲρ
1627 2353 1808 2424 ἡμῶν,
1835 2352 1976 2406 κατὰ
2004 2351 2103 2423 τὴν
2140 2350 2234 2404 τοῦ
2267 2351 2477 2404 Παύλου
2508 2353 2712 2423 φωνήν.

573 2449 713 2518 XIV,
788 2450 874 2504 19.
918 2449 1102 2504 Adhuc
1147 2449 1442 2514 modicum,
1492 2459 1542 2503 et
1588 2449 1817 2502 mundus
1853 2464 1932 2501 me
1971 2447 2082 2514 iam

498 2558 603 2595 non
636 2542 775 2595 videt
806 2557 823 2595 :
855 2556 941 2595 vos
974 2548 1151 2593 autem
1196 2539 1382 2593 videtis
1437 2555 1517 2592 me
1538 2577 1552 2603 ,
1584 2540 1709 2609 quia
1748 2539 1882 2602 vivo,
1909 2545 1960 2592 et
1993 2554 2082 2592 vos

499 2635 703 2689 vivetis.

571 2723 814 2777 Instante
835 2722 949 2793 jam
978 2720 1192 2776 foribus
1216 2721 1351 2791 ipsis
1374 2722 1659 2791 passione,
1682 2727 1735 2775 et
1758 2720 2088 2789 assumptio-

500 2815 591 2869 nis
635 2825 851 2883 tempus
881 2827 1065 2866 secum
1103 2812 1422 2876 invehente,
1455 2812 1787 2867 invisibilem
1819 2827 1878 2867 se
1925 2828 2084 2865 mun-

502 2907 574 2959 do
606 2904 720 2958 fore
751 2904 847 2967 ait,
880 2903 985 2958 hoc
1024 2912 1109 2958 est
1144 2904 1210 2958 iis
1244 2904 1338 2974 qui
1393 2905 1725 2973 temporaria
1762 2904 1905 2958 bona
1940 2904 2083 2959 divi-

2261 2446 2389 2500 Ἔτι
2430 2446 2667 2516 μικρὸν,
2719 2446 2815 2501 καὶ
2853 2449 2887 2501 ὁ
2938 2448 3166 2515 κόσμος
3188 2462 3270 2515 Δμε
3297 2443 3494 2498 οὐκέτι
3544 2442 3773 2511 θεωρεῖ·

2188 2533 2356 2604 ὑμεῖς
2382 2533 2451 2587 δὲ
2496 2534 2762 2603 θεωρεῖτέ
2796 2552 2891 2605 με,
2939 2535 3029 2589 ὅτι
3060 2534 3175 2604 ἐγὼ
3206 2533 3297 2599 ζῶ,
3333 2534 3431 2587 καὶ
3458 2532 3630 2603 ὑμεῖς
3677 2533 3777 2603 ᾦξ-

2189 2627 2395 2679 σεσθε.

2275 2717 2397 2769 Ἐπὶ
2431 2716 2623 2789 θύραις
2648 2716 2801 2780 ὄντος
2830 2716 2924 2770 τοῦ
2954 2717 3177 2784 πάθους,
3214 2718 3308 2772 καὶ
3330 2717 3544 2787 τὸν’τῇς
3580 2717 3698 2771 άναῗ
3717 2718 3782 2788 {)-

2190 2809 2337 2880 ψεως
2394 2810 2582 2880 καιρὸν
2640 2809 3071 2879 συνεισάγοντος,
3128 2810 3373 2873 ἄποπτος
3425 2808 3641 2863 ἔσεσθαι
3698 2808 3780 2878 τῷ

2192 2902 2382 2973 κόσμῳ
2416 2904 2569 2973 φησὶ,
2598 2902 2740 2956 τοῦτ’
2765 2902 2880 2956 ἔστι
2902 2906 3013 2967 τοῖς
3038 2903 3145 2957 τῶν
3176 2903 3334 2957 θείων
3374 2906 3780 2974 προτιμήσασιν

503 2995 591 3050 nis
614 3003 667 3047 et
695 2994 1012 3047 emlestibus
1039 3001 1256 3047 terrena
1286 3002 1631 3064 prieponunt.
1661 2995 1727 3050 Et
1748 3010 1847 3050 nos
1864 2996 2081 3067 quidem

2189 2991 2409 3062 ἀγαθῶν
2444 2993 2540 3062 τὴν
2560 2993 2667 3047 τῶν
2714 2993 3064 3065 προσκαίρων
3095 2993 3389 3047 ἀπόλαυσιν
3427 2992 3521 3046 καί.
3552 2993 3658 3046 τῶν
3686 2993 3785 3046 οὐ·

504 3085 889 3155 snpcrioribus
922 3094 1214 3154 cognatum
1269 3100 1490 3139 sensum
1538 3093 1803 3150 terentes,
1836 3102 1943 3142 non
1999 3096 2081 3144 te—

506 3192 653 3230 mere
691 3176 938 3229 dieemus
966 3172 1132 3229 Deum
1163 3181 1218 3229 et
1246 3172 1464 3231 Patrem
1505 3174 1849 3231 Paracletum
1870 3218 1884 3243 ,
1908 3177 1962 3232 id
1998 3185 2080 3233 est

506 3266 769 3336 Spiritum
801 3271 1090 3338 sanctum,
1126 3264 1374 3332 dedisse,
1423 3281 1520 3335 per
1561 3265 1758 3321 Filium
1803 3267 2082 3322 nimirum.

502 3355 670 3427 814
695 3355 887 3410 Omnia
930 3354 1134 3424 quippe
1178 3371 1274 3424 per
1305 3356 1485 3424 ipsum
1527 3370 1557 3409 a
1590 3354 1773 3412 Patre.
1810 3356 1977 3413 Venit
2006 3367 2089 3413 ta-

505 3464 628 3501 men
676 3463 786 3500 non
824 3446 878 3500 in
928 3461 1120 3500 omnes
1162 3448 1338 3501 bonos
1368 3462 1433 3500 ac
1480 3448 1657 3503 malos
1690 3447 2087 3516 indiﬂ'erenler,

507 3538 602 3593 sed
635 3539 688 3591 in
722 3552 861 3608 quos
889 3553 1012 3591 eum
1038 3538 1226 3592 venire
1254 3538 1505 3593 decebat.
1534 3539 1811 3604 Quantum
1841 3542 1989 3595 enim
2021 3542 2090 3596 ad

506 3629 692 3683 dantis
745 3628 1243 3698 locupletissimam
1295 3637 1349 3683 et
1396 3630 1927 3703 abundantissimam
1974 3647 2092 3703 gra-

508 3720 639 3771 tiam
689 3719 906 3781 attinet,
941 3719 1126 3772 nullns
1171 3720 1487 3774 mortalium
1528 3700 1796 3777 remansit
1825 3737 1889 3777 ea
1926 3700 2091 3780 desti-

508 3820 663 3867 tutus
695 3830 707 3866 :
743 3832 760 3865 ι
795 3811 1089 3866 Effundam
1139 3814 1317 3878 enim,
1356 3813 1537 3884 inquit
1586 3814 1641 3868 in
1673 3817 1979 3886 prophetis,
2024 3817 2091 3873 de

508 3905 706 3975 Spiritu
742 3921 864 3960 meo
894 3921 1064 3976 super
1101 3920 1321 3961 omnem
1364 3924 1589 3963 carnem
1621 3909 1686 3963 ⁸⁷.
1723 3928 1741 3961 ι
1782 3909 2090 3980 Unusquis-

508 4013 615 4065 que
648 4006 828 4050 tamen
863 3996 966 4050 sibi
1018 3996 1121 4067 ipsi
1159 4005 1357 4051 auctor
1398 4007 1484 4053 est
1520 3998 1737 4054 fruendi
1774 4000 1902 4054 boni
1941 4000 2088 4056 illius

508 4088 781 4142 divinitus
823 4089 958 4153 dati,
995 4097 1090 4142 aut
1130 4104 1197 4144 eo
1239 4089 1459 4159 penitus
1484 4091 1728 4145 carendi.
1763 4090 2090 4161 Quicunque

507 4175 653 4229 enim
687 4192 782 4246 per
813 4192 976 4231 omne
998 4178 1289 4247 probitatis
1316 4194 1487 4249 genus
1514 4189 1747 4236 mentem
1776 4198 1931 4237 suam
1958 4197 2088 4251 pur-

509 4280 639 4336 gare
668 4266 883 4332 nolunt,
911 4267 1007 4323 sed
1042 4268 1095 4322 in
1124 4269 1313 4324 mundi
1339 4272 1498 4328 malis
1527 4274 1867 4340 volutantur,
1901 4274 2087 4329 divina

508 4358 683 4426 gratia
719 4357 876 4412 vacui
922 4360 1308 4427 remanebunt,
1356 4378 1466 4417 non
1499 4365 1765 4420 videbunt
1807 4365 2084 4421 Christum

508 4449 564 4501 in
604 4449 825 4518 seipsis,
864 4449 1185 4504 destitutum
1221 4451 1431 4521 Spiritu
1463 4468 1561 4506 cor
1603 4455 1885 4511 habentes.
1919 4455 2087 4509 idcir-

506 4551 572 4589 co
606 4547 660 4592 et
689 4541 1064 4608 orphanorum
1117 4542 1294 4596 instar
1347 4543 1619 4613 cujusvis,
1669 4556 1727 4598 ut
1765 4547 1838 4599 ita
1880 4546 2078 4612 dicam,

2193 3084 2393 3154 ρανίων
2420 3084 2487 3137 τὰ
2521 3084 2738 3154 ἐπίγεια
2767 3087 3112 3156 ποιουμένοις
3138 3089 3193 3139 ἐν
3225 3086 3490 3158 ἀμείνοσι.
3532 3085 3641 3138 Καὶ
3660 3087 3786 3148 τοῖς

2195 3175 2292 3246 μὲν
2314 3175 2413 3247 ἢδη
2440 3176 2858 3248 προειρημένοις
2893 3176 3128 3247 ἀδελφήν
3159 3195 3216 3229 τε
3240 3178 3333 3231 καὶ
3357 3178 3649 3248 σύνδρομον
3676 3176 3781 3248 τὴν

2197 3264 2434 3319 διάνοιαν
2482 3265 2877 3335 ἐξυφαίνοντες,
2908 3266 3138 3339 ἐροῦμεν
3162 3268 3397 3337 εὐλόγως
3429 3268 3509 3321 ὅτι
3536 3268 3625 3320 τὸν
3676 3268 3783 3337 μὲν

2193 3357 2568 3429 Παράκλητον,
2596 3350 2741 3411 τοῦτ’
2772 3358 2969 3412 ἔστιτὸ
3004 3358 3228 3428 Πνεῦμα
3259 3361 3319 3412 τὸ
3345 3360 3519 3428 ἅγιον,
3543 3359 3783 3413 δέδωκεν

2191 3449 2219 3500 ό
2285 3448 2418 3511 Θεὸς
2486 3450 2582 3502 καὶ
2650 3450 2862 3522 Πατὴρ,
2930 3450 2999 3504 δι’
3058 3451 3187 3503 Υἱοῦ
3250 3451 3509 3521 δηλονότι.
3590 3452 3781 3506 Πάντα

2191 3540 2300 3612 γὰρ
2327 3540 2393 3593 δι’
2431 3540 2597 3595 αὐτοῦ
2646 3541 2797 3615 παρὰ
2840 3543 3075 3612 Πατρός.
3134 3542 3386 3615 Ἐλήλυθέ
3426 3561 3489 3613 γε
3531 3544 3637 3615 μὴν
3673 3545 3780 3597 οὐκ

2192 3633 2287 3686 ἐπὶ
2337 3632 2545 3697 πάντας
2594 3634 2922 3706 άδιακρίτως
2977 3638 3248 3708 πονηρούς
3268 3654 3325 3690 τε
3371 3638 3466 3690 καὶ
3512 3635 3785 3704 ᾁγαθοῦς,

2191 3723 2305 3777 ἀλλ’
2337 3725 2420 3794 ἐφ’
2451 3724 2544 3789 οὓς
2585 3720 2653 3797 ἦν
2679 3726 2829 3797 αὐτῴ
2872 3725 3171 3797 βαδιεῖσθαι
3210 3727 3439 3799 πρέπον.
3473 3727 3637 3781 Ὅσον
3675 3727 3784 3797 μὲν

2192 3819 2300 3892 γὰρ
2338 3814 2472 3892 ἧκεν
2506 3822 2587 3883 είς
2618 3820 2715 3893 τὴν
2749 3820 2843 3874 τοῦ
2874 3820 3106 3885 διδόντος
3136 3821 3543 3892 πλουσιωτάτην
3578 3838 3635 3874 τε
3680 3822 3785 3875 καὶ

2191 3908 2421 3978 ἄφθονον
2450 3909 2657 3980 ’χάριν,
2718 3910 2895 3974 οὐδεὶς
2943 3910 3154 3981 ἔμεινεν
3207 3912 3471 3983 ἀμέτοχος
3522 3910 3628 3964 τῶν
3682 3911 3785 3963 ἐπὶ

2190 4001 2291 4072 τῆς
2317 4003 2441 4072 γῆς·
2465 4020 2482 4055 ι
2506 4003 2709 4074 Ἐκχεῶ
2733 4005 2841 4075 γάρ
2862 4043 2877 4066 ,
2910 4004 3075 4075 φησὶν
3106 4005 3163 4058 έν
3187 4007 3512 4076 προφήταις,
3542 4004 3649 4058 άπὸ
3681 4005 3783 4058 τοῦ

2191 4091 2499 4163 πνεύματός
2542 4110 2640 4162 μου
2671 4094 2760 4146 ἐπὶ
2792 4094 2969 4147 πᾶσαν
3006 4094 3203 4167 σάρκα·
3245 4114 3264 4147 ι
3311 4096 3540 4160 ἕκαστός
3566 4114 3629 4165 γε
3668 4099 3788 4168 μὴν

2191 4182 2368 4254 ἐαυτῷ
2393 4184 2684 4254 παραίτιος
2712 4186 2916 4254 γίνεται
2946 4187 3039 4240 τοῦ
3071 4188 3368 4257 κεκτῆσθαι
3403 4188 3463 4241 τὸ
3500 4188 3787 4242 θεόσδοτον

2190 4273 2413 4341 ἀγαθὸν,
2442 4274 2475 4346 ἣ
2508 4276 2601 4328 καὶ
2632 4275 2876 4346 μηδόλως
2922 4277 3081 4332 ἑλεῖν.
3114 4280 3176 4331 Οἱ
3210 4278 3308 4349 μὲν
3338 4278 3447 4350 γὰρ
3478 4277 3567 4331 διὰ
3594 4280 3787 4350 πάσης

2190 4365 2486 4429 ἐπιεικείας
2528 4366 2618 4420 τὸν
2679 4368 2877 4420 οἰκεῖον
2940 4369 3405 4439 ἀποκαθαίροντες
3449 4370 3573 4423 νοῦν
3613 4372 3788 4424 οὐδα-

2192 4446 2329 4527 μῶς,
2393 4458 2893 4529 ὲμφιλοχωροῦντες
2926 4460 2985 4513 δὲ
3038 4460 3157 4514 λίαν
3187 4465 3299 4525 τοῖς
3340 4462 3398 4513 ἐν
3454 4461 3643 4532 κόσμῳ
3680 4480 3790 4514 κα-

2190 4550 2325 4613 κοῖς,
2375 4547 2630 4618 ἀμέτοχοι
2678 4550 2777 4619 τῆς
2825 4548 2972 4614 θείας
3016 4551 3349 4621 ἀπομενοῦσι
3394 4552 3635 4622 χάριτος,
3676 4551 3819 4606 οὐκί

507 4607 844 4683 immanitate
878 4629 1248 4700 abripiuntur,
1284 4607 1722 4700 perturbatione,
1753 4644 1848 4689 aut
1883 4607 2076 4692 daemo;

2189 4607 2427 4714 ὄψονται.
2455 4607 2687 4709 Χρίστδν
2817 4607 3048 4706 ἑαυτοῖς,
3087 4607 3301 4714 ἐρήμην
3334 4607 3428 4697 τοῦ
3458 4607 3785 4714 Πνεύνματος

505 4732 611 4780 ne,
660 4716 776 4771 sive
814 4717 917 4771 alia
969 4718 1205 4788 quadam
1261 4722 1540 4777 mundana
1608 4724 1926 4793 cupiditate,
1989 4737 2087 4782 aut

504 4805 700 4878 quavis
728 4821 789 4861 re
821 4806 1074 4862 trahente
1102 4809 1509 4878 quodammodo
1539 4821 1593 4867 et
1621 4814 1669 4866 vi
1697 4813 1764 4868 ad
1795 4824 2081 4885 peccatum

504 4897 839 4966 impellente.
888 4894 1088 4951 Verum
1134 4900 1342 4957 sanctis
1376 4908 1430 4956 et
1465 4901 1533 4956 ad
1585 4919 1713 4958 eum
1765 4901 2081 4974 suscipien-

503 4989 632 5045 dum
682 4991 890 5060 paratis
931 4990 1057 5059 jure
1112 4992 1311 5058 aiebat,
1350 5010 1477 5049 eum
1509 4996 1646 5050 nihil
1679 4997 1908 5051 istorum
1957 5014 2079 5066 per-

504 5079 719 5149 pessuri
751 5090 938 5135 essent
971 5098 984 5134 :
1018 5097 1038 5131 ‹
1090 5079 1209 5136 Νοιι
1258 5084 1564 5155 relinquam
1612 5102 1709 5143 vos
1758 5089 2077 5157 orphanos;

2186 4710 2401 4799 ἔχοντες
2430 4730 2527 4802 τὴν
2549 4731 2794 4802 καρδίαν.
2822 4734 2920 4787 Διά
2935 4752 3018 4787 τοι
3040 4735 3200 4787 τοῦτο
3231 4736 3324 4787 καὶ
3353 4738 3410 4789 ὲν
3435 4735 3586 4800 τάξει
3610 4754 3784 4805 ravo.

2185 4818 2335 4880 νότες
2363 4818 2441 4889 τῷ
2494 4823 2769 4893 προστάτῃ
2801 4822 2909 4876 τῶν
2938 4824 3209 4895 ὀρφανῶν,
3268 4826 3371 4879 ὐπὸ
3428 4825 3645 4891 παντὸς,
3700 4827 3785 4891 ὡς

2184 4910 2314 4974 ἔπος
2360 4911 2554 4977 εἰπεῖν,
2596 4912 2985 4983 διαρπάζονται
3031 4915 3124 4969 τοῦ
3161 4916 3502 4971 πλεονεκτεῖν
3559 4918 3781 4989 ἰσχύον-

2182 5018 2295 5068 τος,
2331 5001 2364 5072 ἢ
2407 5002 2633 5069 πάθους,
2678 5003 2709 5072 ἢ
2741 5003 3011 5074 δαίμονος,
3055 5009 3221 5078 ἤγουν
3254 5009 3444 5080 ἐτέρας
3470 5011 3613 5073 τινὸς
3646 5012 3779 5065 ἐπι-

2182 5092 2381 5164 θυμίας
2435 5095 2723 5166 κοσμικῆς,
2778 5096 2871 5149 καὶ
2935 5098 3135 5162 παντὸς
3192 5103 3515 5173 πράγματος
3571 5101 3776 5156 καθέλ-

509 5171 725 5224 veniam
774 5170 841 5226 ad
874 5187 974 5227 vos
1002 5171 1069 5225 ⁶¹,
1110 5191 1129 5225 ι
1167 5173 1337 5243 Igitur
1385 5176 1717 5236 invisibilem
1754 5178 1977 5249 quidem
2024 5189 2079 5235 et

2187 5205 2366 5251 κοντος
2403 5186 2591 5258 ὥσπερ
2636 5188 2730 5240 καὶ
2758 5188 3080 5261 βιαζομένου
3299 5170 3593 5265 ἁμαρτίαν.
3639 5194 3775 5260 Τοῖς

501 5261 991 5333 inconspicabilem
1024 5265 1093 5321 iis
1125 5268 1218 5337 qui
1269 5283 1390 5339 quae
1434 5272 1625 5326 mundi
1680 5281 1810 5326 sunt
1857 5274 2078 5343 sapiunt

2187 5296 2244 5347 γε
2280 5279 2385 5350 μὴν
2442 5280 2609 5343 ὁσίοις
2639 5278 2733 5334 καὶ
2763 5283 3086 5354 ἐπιτηδείως
3112 5261 3325 5355 ἔχουσιν
3342 5261 3437 5349 ἐιξ
3476 5285 3538 5338 τὸ
3581 5285 3771 5339 λαϐεῖν

515 5351 636 5406 fore
669 5369 729 5408 se
761 5356 969 5426 inquit,
1002 5367 1294 5430 postquam
1341 5361 1468 5416 hinc
1517 5364 1865 5434 migraverit,
1898 5364 1951 5419 id
1994 5372 2079 5421 est

2187 5367 2342 5423 αὐτὸν
2371 5369 2595 5433 εἰκότως
2624 5369 2881 5439 ἔφασκεν,
2913 5351 3102 5442 ἐπειδὴ
3130 5351 3335 5427 τούτων
3378 5374 3601 5445 ἔμελλον
3632 5376 3770 5428 ὐποο

501 5451 787 5515 postquam
824 5447 878 5501 in
907 5450 1078 5505 cmlos
1104 5451 1353 5507 redierit.
1407 5451 1513 5508 Sed
1550 5456 1816 5512 visibilem
1863 5457 2071 5515 sanctis

501 5535 780 5589 inventum
812 5536 878 5591 iri
911 5538 1006 5603 ait,
1037 5539 1280 5597 divinum
1309 5545 1597 5614 quemdam
1639 5556 1690 5601 et
1726 5548 2072 5603 intellectua-

2185 5460 2365 5530 μένειν
2394 5460 2567 5513 οὐδέν’
2611 5480 2630 5513 ι
2667 5462 2781 5516 Οὐκ
2808 5463 3006 5534 ἀφήσω
3039 5463 3184 5534 ὑμᾶς
3212 5464 3501 5536 ὀρφανοὺς,
3534 5465 3771 5538 ἔρχομαι

2182 5549 2318 5619 πρὸς
2341 5552 2504 5621 ὑμᾶς.
2557 5571 2576 5605 ι
2605 5552 2813 5607 Οὐκοῦν
2852 5554 3093 5619 ἄποπτος
3128 5555 3227 5626 μὲν
3270 5558 3364 5611 καὶ
3392 5557 3623 5621 ἀθέατος
3675 5578 3783 5613 κου

564 5712 609 5742 ⁵³
641 5710 788 5768 Psal.
826 5730 874 5782 ν,
911 5714 997 5771 15.
1074 5716 1120 5749 ⁸*
1163 5716 1326 5775 Hebr.
1365 5737 1441 5786 ix,
1482 5723 1570 5778 24.
1648 5726 1690 5755 ⁸⁷
1735 5723 1946 5792 Jocl,u,
1983 5727 2069 5782 18.

2187 5728 2195 5758 ³
2268 5727 2426 5785 Joan.
2477 5746 2630 5801 xviii,
2676 5733 2759 5788 Η.
