4042 6204
314 238 423 296 265

1346 236 1412 290 IN
1441 236 1730 296 JOANNIS
1773 236 2224 297 EVANGELIUM
2261 239 2389 295 LIB.
2428 240 2519 296 IX.

3463 250 3568 305 266

314 353 440 426 μιδῇ
503 354 616 416 τοῖς
669 352 738 406 τὰ
783 353 842 405 tv
886 353 1076 424 κόσμῳ
1114 352 1369 423 φρονοῦσι
1414 355 1749 428 χρηματίσαι
1794 371 1885 424 φη-

2001 353 2103 408 lem
2134 352 2396 424 fulgorem
2424 367 2614 409 eorum
2652 355 2837 411 cordis
2873 356 3047 413 oculis
3078 358 3400 416 infundente
3440 377 3570 418 san-

310 447 386 508 a‘t,
420 445 559 516 μετά
602 443 700 514 τὴν
733 444 979 498 ἐντεῦθεν
1030 444 1363 516 ἀποδημίαν,
1393 449 1536 519 φημὶ⁵
1579 448 1643 519 δὴ
1676 447 1773 519 τὴν
1809 450 1891 510 εἰς

306 539 569 610 οὐρανοὺς
613 538 986 607 ἀναφοίτησιν.
1029 537 1254 609 Ὀρατδς
1295 538 1352 592 δὲ
1386 542 1497 602 τοῖς
1523 540 1698 608 ἁγίοις
1731 540 1890 610 εὐρε-

309 630 571 701 θήσεσθαι
606 629 773 699 λέγει,
805 629 954 684 θείαν
986 629 1048 683 τέ
1072 647 1196 684 τινα
1221 632 1315 684 καὶ
1339 633 1536 704 νοητὴν
1590 633 1893 696 ἐντιθέντος

314 723 680 794 μαρμαρυγὴν
717 724 832 785 τοῖς
873 722 972 792 τῆς
1003 722 1231 794 καρδίας
1268 723 1446 777 αὐτῶν
1475 724 1771 794 ὀφθαλμοῖς
1795 723 1890 777 τοῦ

310 813 462 881 ἁγίου
485 811 799 882 Πνεύματος
822 813 917 866 καὶ
940 813 1120 867 πᾶσαν
1135 813 1343 884 εἴδησιν
1369 815 1744 886 ένσπείροντος
1759 819 1892 885 ἀγα-

310 905 427 976 θήν.
463 905 533 958 Ἦ
561 904 672 975 γὰρ
699 903 872 968 οὕτως
901 904 1064 958 αὐτὸν
1085 905 1384 977 οἰησόμεθα
1402 905 1584 975 λέγειν
1609 907 1692 971 τὸ,
1721 927 1739 959 ι
1769 907 1890 961 Ἔτι

308 996 525 1068 μικρὸν,
561 996 652 1049 καὶ
673 998 700 1049 ό
719 995 922 1066 κόσμος
942 1011 1010 1066 με
1032 995 1213 1049 οὐκέτι
1243 996 1456 1068 θεωρεῖ,
1489 998 1645 1068 ὑμεῖς
1673 998 1729 1052 δὲ
1753 997 1889 1052 θεω-

306 1084 450 1155 ρεῖτέ
506 1101 593 1154 με’
646 1103 666 1136 ι
723 1085 890 1156 ἤγουν
928 1084 1013 1155 ἐφ’
1059 1086 1250 1156 ἑτέραν
1291 1086 1414 1140 τινά
1470 1089 1890 1159 παρακλίνοντες

303 1177 579 1248 θεωρίαν,
635 1176 850 1247 μάλισθ’
898 1177 978 1231 δτι
1034 1178 1434 1249 προσπλέκεται
1487 1181 1601 1244 τοῖς
1661 1182 1890 1252 εἰρημέ-

302 1285 412 1332 νοις,
437 1269 567 1338 παρ’
595 1267 759 1322 αὐτοῦ
805 1269 885 1333 τὸ,
925 1288 944 1321 ι
973 1269 1094 1323 Ὀτι
1125 1268 1236 1338 ἐγὼ
1284 1269 1382 1335 ζῶ,
1418 1268 1513 1323 καὶ
1546 1270 1702 1342 ὑμεῖς
1731 1272 1890 1342 ζήσε-

304 1360 422 1426 σθε,
445 1379 463 1411 ›
488 1359 810 1430 λογιζόμεθά
830 1377 881 1413 τι
903 1360 1161 1416 τοιοῦτον.
1176 1362 1330 1416 Μετὰ
1347 1362 1454 1433 γὰρ
1469 1361 1568 1435 τὴν
1593 1365 1658 1417 ὲκ
1679 1364 1889 1435 νεκρῶν

301 1451 621 1514 ἀναϐίωσιν,
671 1448 1016 1520 κατορθώσας
1061 1453 1128 1522 τῇ
1181 1451 1425 1523 ἡμετέρᾳ
1471 1451 1629 1521 φύσει
1663 1453 1763 1524 τὴν
1809 1455 1889 1515 εἰς

301 1543 437 1612 ὅπερ
483 1537 552 1613 ἦν
590 1541 650 1607 ἐξ
684 1542 858 1613 ἀρχῆς
887 1543 1290 1614 ὲπαναδρομὴν,
1349 1544 1444 1597 καὶ
1473 1543 1759 1610 ἀποδείξας
1797 1543 1889 1596 τὸν

303 1633 587 1703 ἄνθρωπον
620 1632 914 1704 ἄφθαρτον,
943 1633 1018 1697 ὡς
1056 1635 1114 1688 tv
1147 1635 1395 1705 ἀπαρχῇ,
1433 1635 1526 1689 καὶ
1570 1633 1773 1706 πρώτῳ
1811 1633 1888 1704 τῷ

1994 450 2084 498 cto
2130 442 2358 513 Spiritu,
2389 458 2714 514 omnemque
2761 447 2959 502 bonam
3002 449 3371 519 cognitionem
3423 454 3568 509 inse-

1993 542 2169 588 rente.
2202 533 2295 588 Vel
2331 536 2479 590 enim
2529 534 2712 592 dicere
2760 537 2940 607 ipsum
3002 540 3323 609 putabimus
3375 543 3507 598 illud
3551 564 3566 600 :

1998 638 2016 673 ι
2053 621 2247 676 Adhuc
2274 622 2572 690 modicum,
2605 632 2662 679 et
2691 625 2930 680 mundus
2962 642 3049 682 me
3082 627 3198 697 jam
3235 645 3346 684 non
3375 631 3523 686 videt
3552 650 3566 687 :

1991 727 2090 768 vos
2112 723 2292 767 autem
2317 712 2515 769 videtis
2563 730 2683 782 me;
2718 734 2736 767 υ
2772 727 2864 772 aut
2900 728 3050 774 certe
3080 720 3147 774 ad
3185 721 3345 794 aliam
3375 738 3571 792 quam-

1991 803 2116 858 dam
2149 805 2587 861 observationem
2625 809 2901 876 conversi,
2951 811 3184 868 maxime
3231 814 3376 883 quod
3421 816 3568 871 istud

1990 895 2424 964 praecedentibus
2463 897 2801 968 adjnngitur,
2841 919 2859 952 ι
2902 901 3043 967 Quia
3077 918 3181 972 ego
3209 905 3355 970 vivo,
3387 914 3441 961 et
3469 923 3570 964 vos

1989 986 2205 1050 vivetis,
2237 1003 2258 1038 ι
2328 987 2641 1042 istiusmodi
2697 988 2958 1057 quiddam
3020 991 3206 1045 animo
3262 1007 3570 1050 versamus.

1990 1073 2196 1146 Nempe
2225 1085 2347 1146 post
2376 1077 2843 1132 resurrectionem
2874 1092 2938 1132 ex
2975 1080 3205 1135 mortuis
3229 1090 3484 1136 revocata
3513 1084 3570 1137 in

1989 1166 2284 1237 pristinum
2318 1175 2522 1223 statum
2552 1177 2741 1224 nostra
2779 1171 2997 1233 natura,
3031 1179 3084 1224 et
3122 1169 3345 1228 homine
3372 1187 3569 1228 corru—

1988 1260 2174 1327 ptione
2203 1258 2454 1320 liberato,
2498 1269 2559 1314 ut
2588 1262 2644 1315 in
2691 1260 2952 1330 primitiis
2983 1270 3038 1316 ct
3068 1261 3246 1332 primo
3277 1278 3380 1318 suo
3429 1272 3570 1319 tem-

1988 1348 2099 1418 plo,
2133 1349 2380 1404 ascendit
2418 1351 2486 1406 ad
2523 1352 2740 1406 Patrem
2774 1351 2944 1407 Deum
2991 1355 3085 1424 qui
3117 1354 3174 1408 in
3216 1354 3375 1410 caelis
3407 1373 3422 1423 ;
3469 1359 3565 1412 sed

1987 1448 2181 1495 exacto
2209 1441 2426 1496 modico
2459 1442 2725 1513 temporis
2757 1444 3048 1499 intervallo
3100 1445 3400 1502 descendet
3452 1463 3571 1502 rur-

1989 1545 2108 1596 sus,
2156 1539 2215 1586 ut
2257 1533 2560 1597 credimus,
2612 1549 2676 1588 ac
2708 1543 3017 1590 revertetur
3045 1535 3228 1590 denuo
3261 1536 3330 1590 ad
3361 1551 3464 1592 nos
3513 1538 3567 1591 in

1990 1623 2162 1694 gloria
2193 1623 2374 1679 Patris
2409 1626 2517 1690 sui,
2557 1639 2681 1679 cum
2712 1627 2923 1682 sanctis
2963 1628 3198 1697 angelis,
3225 1638 3279 1683 et
3304 1639 3568 1698 proponet

307 1723 420 1792 ἰδίῳ
445 1722 578 1793 ναῷ,
624 1723 788 1793 ἀνέϐη
821 1723 954 1794 πρὸς
998 1724 1089 1778 τὸν
1137 1725 1196 1778 tv
1225 1729 1333 1788 τοῖς
1383 1726 1630 1796 οὐρανοῖς
1665 1725 1885 1796 Πατέρα

1987 1718 2209 1789 quidem
2249 1717 2506 1772 omnibus
2537 1718 2877 1773 tremendum
2927 1718 3195 1782 tribunal,
3229 1735 3354 1773 cum
3384 1719 3567 1783 malis,

300 1813 451 1866 Θεόν·
495 1812 610 1867 ἀλλ’
650 1813 825 1883 ὀλίγον
877 1813 1078 1884 μεταξὺ
1120 1813 1432 1878 διατελέσας·
1466 1813 1678 1884 χρόνον,
1722 1829 1892 1866 κατα-

300 1903 529 1972 ϐήσεται
575 1902 758 1965 πάλιν,
798 1903 1048 1973 καθάπερ
1091 1901 1443 1973 πιστεύομεν,
1483 1902 1578 1954 καὶ
1632 1900 1890 1971 ἐπανήξει

299 1993 465 2046 πάλιν
524 1993 661 2064 πρὸς
707 1993 853 2063 ἡμᾶς
904 1993 961 2044 ὲν
1007 1994 1074 2062 τῇ
1123 1991 1250 2063 δόξῃ
1301 1989 1394 2044 τοῦ
1441 1990 1656 2061 Πατρδς
1702 1987 1889 2054 αὐτοῦ,

304 2085 442 2154 μετὰ
468 2085 577 2136 τῶν
629 2083 799 2151 ἁγίων
853 2083 1100 2152 ἀγγέλων
1127 2121 1142 2147 ,
1171 2083 1266 2135 καὶ
1293 2081 1558 2152 προθήσει
1585 2079 1684 2151 μὲν
1716 2079 1890 2133 ἅπασι

300 2176 360 2228 τὸ
401 2159 846 2245 ’φρικωδέστατον
903 2173 1055 2244 βῆμα
1100 2174 1355 2244 πονηροῖς
1384 2189 1445 2225 τε
1498 2171 1591 2224 καὶ
1643 2169 1888 2238 ἀγαθοῖς.

299 2268 530 2337 Σύμπαν
561 2265 670 2336 γὰρ
693 2265 813 2335 ἥξει
844 2265 903 2318 τὸ
937 2265 1158 2335 ποιηθὲν
1192 2265 1272 2327 είς
1294 2263 1496 2334 κρίσιν’
1527 2261 1804 2331 ἀναλόγως
1831 2261 1891 2316 δὲ

282 2363 410 2422 ,τοῖς
468 2360 682 2430 ἑκάστῳ
740 2358 1089 2429 βεϐιωμένοις
1135 2356 1419 2418 ἀποδιδοὺς
1465 2355 1536 2410 τὰ
1586 2353 1886 2426 πρέποντα,

298 2455 413 2514 τοῖς
440 2452 534 2522 μὲν
565 2450 624 2516 ἐξ
646 2451 938 2521 εὐωνύμων
970 2452 1103 2521 ἐρεῖ,
1135 2449 1277 2502 τοῦτ’
1317 2448 1432 2501 ἔστι
1460 2450 1588 2511 τοῖςί
1618 2446 1688 2500 τά
1708 2448 1763 2499 tv
1791 2445 1888 2500 κό-

301 2557 432 2612 σμῳ
487 2541 848 2612 πεφρονηκόσι
873 2542 1021 2595 ποτέ·
1061 2560 1080 2594 ι
1115 2540 1418 2612 Πορεύεσθε
1437 2539 1532 2592 ἀπ’
1564 2537 1721 2608 ἐμοῦ,
1756 2554 1893 2592 κατ-

297 2634 590 2704 ηραμένοι,
647 2636 723 2698 είς
767 2635 828 2688 τὸ
861 2635 972 2706 πῦρ
1003 2635 1064 2688 τὸ
1097 2633 1335 2700 αἰώνιον,
1393 2633 1455 2686 τὸ
1491 2628 1892 2702 ἡτοιμασμένον

294 2725 380 2796 τῷ
429 2725 655 2797 διαϐόλῳ
685 2728 778 2781 καὶ
823 2730 936 2790 τοῖς
985 2727 1238 2796 ἀγγέλοις
1281 2723 1474 2778 αὐτοῦ⁸
1499 2743 1517 2775 ι
1549 2725 1663 2786 τοῖς
1687 2739 1751 2790 γε
1786 2720 1894 2791 μὴν

297 2818 364 2872 ἐκ
390 2816 603 2884 δεξιῶν,
635 2817 774 2870 τοῦτ’
804 2817 920 2872 ἐστι
953 2820 1063 2881 τοῖς
1099 2817 1265 2880 ὁσίοις
1294 2816 1388 2870 καλ⁵
1430 2813 1674 2883 ἀγαθοῖς
1710 2831 1730 2866 ι
1758 2809 1895 2865 Δεῦ-

294 2922 379 2968 τε,
408 2908 456 2958 οί
503 2907 858 2978 εὐλογημένοι
885 2907 977 2960 τοῦ
1033 2908 1245 2978 Πατρός
1279 2923 1402 2977 μου,
1448 2903 1896 2978 κληρονομήσατε

293 2996 396 3066 τὴν
446 2998 856 3068 ἡτοιμασμένην
921 2998 1051 3068 ὑμῖν
1100 2995 1377 3068 βασιλείαν
1420 2995 1529 3050 ἀπὸ
1587 2994 1896 3064 καταϐολῆς

296 3087 523 3158 κόσμου.
567 3107 584 3139 ι
636 3089 954 3142 Συνέσονται
998 3088 1106 3159 γὰρ
1145 3088 1240 3142 καὶ
1285 3086 1776 3159 συμϐασιλεύσουσι
1802 3085 1880 3158 τῷ
1906 3070 1949 3128 (ἶ

293 3179 537 3250 Χριστῷ,
568 3181 664 3233 καὶ
707 3183 820 3244 τοῖς
872 3180 1139 3252 οὐρανίοις
1177 3181 1604 3251 ὲντρυφήσουσιν
1634 3179 1877 3248 ἀγαθοῖς,

295 3266 610 3338 σύμμορφοι
633 3268 915 3337 γεγονότες
949 3268 1049 3338 τῆς
1081 3268 1428 3334 ἀναστάσεως
1454 3267 1644 3336 αὐτοῦ,
1668 3269 1763 3323 καὶ
1781 3269 1881 3338 τῆς

295 3359 396 3430 μὲν
473 3360 707 3430 ἀρχαίας
767 3359 973 3431 φθορᾶς
1039 3359 1349 3430 διαδράντες
1419 3359 1546 3424 τοὺς
1631 3359 1878 3430 βρόχους,

293 3452 486 3521 μακρᾷ
531 3451 588 3504 δὲ
640 3451 732 3504 καὶ
791 3451 1056 3523 ἀμυθήτῳ
1102 3449 1520 3522 περιϐληθέντες
1572 3451 1729 3522 ζωῇ,
1787 3450 1882 3504 καὶ

291 3543 666 3614 ἀτελευτήτως
721 3541 797 3614 τῷ
877 3542 961 3595 ἀεὶ
1032 3540 1194 3605 ζῶντι
1265 3540 1537 3606 συζῶντες
1611 3539 1880 3612 Δεσπότῃ.

293 3633 416 3688 Ὅτι
461 3635 571 3706 γὰρ
606 3636 654 3687 ol
687 3633 907 3704 θεοφιλῆ
954 3635 1047 3688 καὶ
1074 3633 1346 3707 ἐξαίρετον
1395 3635 1735 3706 ἀσκήσαντες
1766 3633 1882 3704 βίον

291 3725 640 3797 ἀδιαλήπτως
669 3725 1175 3799 [τρ.ἁδιαλείπτως]
1220 3724 1879 3798 συνέσονταιτῷΧριστῷ,

290 3813 625 3886 θεωροῦντες
650 3815 890 3887 δηλονότι
919 3815 983 3870 τὸ
1005 3815 1145 3870 θεῖον
1174 3814 1337 3870 αὐτοῦ
1364 3817 1458 3868 καὶ
1481 3815 1719 3887 ἀρῤητον
1753 3816 1882 3870 κάλο

288 3903 400 3971 ‘mg,
438 3907 692 3975 σαφηνιεῖ
725 3905 898 3975 λέγων
928 3906 956 3958 ό
988 3905 1197 3969 Παῦλος
1217 3923 1230 3938 ο
1279 3924 1298 3957 ι
1334 3906 1455 3958 ’Ὁτι
1489 3905 1650 3968 αὐτὸς
1681 3904 1883 3976 Κύριος

287 3998 347 4050 tv
382 3995 736 4065 κελεύσματι,
765 3998 822 4050 tv
852 3998 1002 4068 φωνῇ
1033 3995 1374 4066 ἀρχαγγέλου
1419 3993 1512 4048 καὶ
1541 3995 1598 4048 tv
1622 3993 1883 4062 σάλπιγγι

287 4082 426 4138 Θεοῦ
463 4085 834 4154 καταϐήσεται
865 4085 970 4137 ἀπὸ
1011 4083 1261 4155 οὐρανοῦ,
1310 4083 1406 4137 καὶ
1449 4083 1500 4136 oi
1535 4082 1717 4153 νεκροὶ
1741 4084 1788 4134 οἱ
1824 4083 1883 4136 tv

288 4173 514 4244 Χριστῷ
543 4174 936 4244 ἀναστήσονται
964 4173 1190 4244 πρῶτον
1229 4173 1421 4226 ἔπειτα
1447 4174 1628 4244 ἡμεῖς,
1665 4173 1714 4225 οἱ
1746 4171 1883 4234 ζῶν-

289 4280 399 4329 τες,
461 4267 509 4317 οί
567 4264 1024 4335 περιλειπόμενοι,
1085 4265 1180 4317 σὺν
1225 4265 1407 4326 αὐτοῖς
1450 4262 1884 4334 ἁρπαγησόμεθα

293 4356 350 4408 tv
373 4356 622 4424 νεφέλαις
652 4358 729 4418 είς
768 4355 1069 4426 ἀπάντησιν
1113 4354 1205 4408 τοῦ
1234 4354 1440 4426 Κυρίου
1479 4357 1558 4418 είς
1594 4355 1752 4424 ἀέρα,
1787 4352 1884 4409 καὶ

1993 1819 2108 1864 tum
2146 1809 2328 1864 bonis.
2362 1807 2574 1863 Cuncta
2616 1808 2761 1864 enim
2791 1818 3046 1866 creatura
3083 1810 3140 1865 in
3171 1810 3441 1880 judicium
3473 1827 3567 1866 ve-

1991 1899 2106 1953 niet
2146 1913 2159 1950 :
2191 1906 2245 1954 et
2285 1912 2385 1968 pro
2421 1897 2547 1952 vitae
2573 1898 2844 1968 cujusque
2890 1899 3091 1954 merito
3131 1915 3253 1970 quae
3283 1900 3440 1956 decet
3473 1915 3563 1956 re-

1992 1988 2261 2054 tribuens,
2298 1990 2369 2046 iis
2419 1990 2511 2060 qui
2557 2005 2588 2044 a
2619 1990 2866 2045 sinistris
2914 1999 3097 2056 erunt,
3152 1993 3207 2046 id
3250 2002 3335 2046 est
3373 1992 3442 2047 iis
3473 1995 3568 2062 qui

1990 2079 2267 2134 mundana
2296 2079 2576 2149 quondam
2611 2081 2898 2150 sapuerint
2936 2080 3084 2136 dicet
3113 2099 3126 2136 :
3176 2099 3194 2133 ι
3232 2081 3507 2137 Discedite
3537 2097 3568 2134 a

1989 2187 2099 2239 me,
2139 2171 2450 2237 maledicti,
2489 2171 2654 2243 815
2688 2173 2742 2226 in
2781 2173 2959 2242 ignem
3004 2181 3296 2238 aeternum,
3347 2174 3438 2243 qui
3473 2189 3566 2243 pa-

1988 2271 2144 2319 ratus
2182 2270 2267 2318 est
2321 2264 2540 2320 diabolo
2587 2275 2640 2320 et
2673 2265 2882 2335 angelis
2913 2264 3037 2334 ejus
3062 2265 3139 2331 ⁶⁹;
3194 2285 3211 2316 ι
3275 2265 3343 2320 iis
3383 2275 3564 2320 autem

1989 2355 2153 2426 quia
2195 2353 2405 2411 dextris
2455 2365 2655 2420 erunt,
2716 2355 2770 2410 id
2827 2364 2914 2410 est
2963 2357 3175 2412 sanctis
3230 2372 3293 2411 ac
3344 2357 3505 2412 bonis
3547 2377 3561 2411 :

1994 2463 2014 2498 ι
2047 2443 2261 2512 Venite,
2308 2445 2578 2500 benedicti
2613 2444 2794 2500 Patris
2829 2447 2957 2513 mei,
3004 2447 3284 2516 possidete
3318 2455 3567 2517 paratum

1989 2537 2149 2593 vobis
2185 2551 2410 2606 regnum
2455 2552 2485 2590 a
2517 2537 2912 2592 constitutione
2941 2539 3131 2592 mundi
3164 2538 3232 2591 ⁷⁰.
3270 2556 3288 2588 ι
3322 2538 3563 2592 Conver—

1991 2628 2266 2686 sabuntur
2297 2628 2442 2683 enim
2483 2635 2541 2684 et
2595 2629 3017 2699 conregnabunt
3069 2644 3195 2683 cum
3237 2630 3479 2697 Christo,
3513 2640 3569 2686 ct

1993 2719 2323 2776 caelestibus
2358 2719 2517 2774 bonis
2549 2735 2766 2775 summa
2801 2735 2928 2774 cum
2966 2721 3246 2790 voluptate
3290 2721 3565 2791 fruentur,

1994 2810 2311 2868 conformes
2337 2810 2468 2865 facti
2510 2810 2944 2866 resurrectionis
2971 2811 3114 2881 ejus,
3142 2822 3198 2866 et
3224 2814 3424 2869 veteris
3451 2829 3577 2869 cor-

1993 2904 2272 2976 ruptionis
2320 2903 2537 2976 laqueis
2583 2903 2790 2973 vitatis,
2842 2904 3004 2976 longa
3051 2913 3106 2960 et
3140 2904 3410 2960 ineﬂabili
3453 2907 3567 2962 vita

1995 2998 2347 3060 circumdati,
2383 3006 2550 3069 atque
2579 3013 2704 3052 cum
2751 3012 2974 3070 semper
3001 2998 3218 3052 vivente
3251 2998 3483 3054 Domino
3512 3000 3566 3054 in

1981 3094 2251 3143 aeternum
2287 3088 2512 3142 victuri.
2533 3087 2694 3154 Quod
2713 3077 2857 3143 enim
2874 3103 2998 3142 cum
3015 3088 3239 3144 Christo
3253 3089 3564 3152 indesinen-

1983 3187 2070 3235 ter
2090 3179 2293 3235 victuri
2323 3179 2544 3249 sintqui
2568 3179 2716 3250 piam
2742 3187 2796 3234 et
2821 3180 3080 3235 eximiam
3107 3182 3276 3236 vitam
3300 3195 3567 3238 exercue-

1983 3273 2116 3336 rint,
2151 3273 2593 3342 contemplantes
2624 3271 2890 3326 nimirum
2940 3270 3184 3326 divinam
3217 3272 3340 3340 ejus
3384 3283 3437 3328 et
3481 3274 3560 3328 in-

1981 3362 2254 3419 effabilem
2313 3361 2813 3430 pulchritudinem,
2865 3361 3182 3417 declarabit
3229 3360 3456 3430 Paulus,
3487 3365 3566 3419 di-

1982 3469 2116 3511 cens
2152 3472 2167 3509 :
2203 3471 2222 3505 ι
2276 3452 2416 3519 Quia
2471 3454 2590 3524 ipse
2624 3452 2892 3509 Dominus
2947 3453 3006 3507 in
3050 3452 3213 3522 jussu
3245 3462 3301 3509 et
3347 3454 3403 3509 in
3433 3469 3566 3510 voce

1983 3545 2308 3617 archangeli
2340 3553 2396 3600 et
2439 3545 2495 3600 in
2527 3545 2658 3599 tuba
2697 3543 2793 3599 Dei
2833 3543 3137 3600 descendet
3168 3544 3236 3601 de
3267 3546 3408 3600 cmlo
3445 3564 3458 3601 :
3507 3558 3563 3602 et

1983 3639 2213 3703 mortui,
2242 3638 2338 3710 qui
2387 3639 2442 3693 in
2496 3637 2727 3694 Christo
2775 3646 2928 3702 sunt,
2987 3645 3282 3710 resurgent
3336 3638 3499 3709 primi
3545 3658 3560 3696 :

1982 3730 2181 3788 deinde
2227 3745 2351 3795 nos,
2390 3730 2483 3800 qui
2515 3729 2776 3792 vivimus,
2825 3729 2919 3800 qui
2973 3729 3362 3798 relinquimur,
3398 3730 3563 3785 simul

1982 3823 2261 3892 rapiemur
2291 3835 2415 3876 cum
2456 3819 2566 3874 illis
2598 3819 2655 3874 in
2686 3819 2927 3874 nubibus
2979 3819 3199 3874 obviam
3242 3818 3478 3875 Domino
3508 3821 3562 3874 in

1983 3927 2134 3977 aera,
2177 3920 2232 3967 et
2262 3912 2343 3967 sic
2388 3925 2610 3982 semper
2642 3925 2770 3965 cum
2819 3909 3053 3967 Domino
3086 3909 3298 3966 erimus
3325 3911 3394 3966 ".
3435 3930 3455 3964 ι
3494 3910 3562 3965 Ει

1982 4019 2180 4059 rursus
2214 4003 2283 4058 ad
2318 4018 2416 4059 eos
2466 4003 2562 4072 qui
2618 4001 2954 4057 mortiﬁcare
3004 4002 3323 4059 studuerint
3373 4005 3560 4059 mundi

1984 4095 2317 4166 cupiditates
2347 4113 2360 4148 :
2399 4111 2417 4144 ι
2445 4092 2642 4146 Mortui
2674 4093 2824 4147 enim
2853 4093 3008 4158 estis,
3039 4102 3094 4149 et
3126 4095 3236 4148 vita
3264 4103 3445 4150 vestra
3476 4107 3555 4151 est

1984 4183 2311 4238 abscondita
2346 4197 2470 4237 cum
2505 4181 2729 4237 Christo
2760 4183 2814 4236 in
2841 4181 2988 4249 Deo;
3021 4199 3148 4238 cum
3179 4183 3434 4241 Christus
3465 4201 3559 4256 ap-

1985 4273 2250 4344 paruerit,
2278 4273 2388 4327 vita
2423 4281 2626 4337 vestra,
2663 4279 2797 4326 tunc
2835 4283 2888 4328 et
2915 4288 3014 4328 vos
3060 4274 3400 4344 apparebitis
3431 4291 3556 4330 cum

1985 4366 2108 4436 ipso
2139 4366 2191 4418 in
2225 4365 2398 4436 gloria
2455 4365 2522 4418 ⁷³.
2569 4383 2587 4416 ›
2640 4363 2932 4430 Quocirca,
2979 4373 3039 4419 ut
3087 4366 3194 4419 vim
3250 4372 3307 4421 et
3336 4381 3560 4422 sensum

293 4445 464 4509 οὕτως
487 4446 714 4498 πάντοτε
746 4448 842 4500 σῦν
868 4445 1057 4516 Κυρίῳ
1078 4445 1333 4516 ἐσόμεθα.
1368 4464 1388 4497 ι
1413 4445 1524 4499 Καὶ
1554 4445 1716 4498 πάλιν
1741 4446 1877 4517 πρὸς

1986 4457 2085 4512 1οοί
2109 4455 2275 4524 hujus
2297 4456 2360 4535 \in
2385 4469 2658 4508 summam
2691 4454 3042 4520 contraham,
3073 4456 3166 4526 qui
3193 4456 3382 4510 mundi
3415 4457 3559 4511 mala

293 4540 418 4602 τοὺς
473 4539 699 4607 νεκροῦν
750 4539 1034 4609 ἑλομένους
1063 4538 1129 4592 τὰ
1156 4539 1214 4590 tv
1237 4538 1425 4609 κόσμῳ
1465 4538 1632 4609 πάθη·
1678 4558 1696 4590 ι
1746 4539 1875 4591 ’Λπ-

292 4625 510 4679 εθάνετε
553 4627 682 4698 γάρ,
732 4629 824 4680 καὶ
873 4630 906 4698 ή
953 4626 1066 4698 ζωὴ
1111 4626 1264 4697 ὑμῶν
1307 4627 1613 4698 κέκρυπται
1654 4629 1751 4681 σὺν
1797 4627 1874 4699 τῷ

288 4718 512 4788 Χριστῷ
570 4721 628 4772 ἐν
673 4719 749 4790 τῷ
795 4718 934 4788 Θεῷ,
985 4719 1112 4770 ὅταν
1159 4719 1188 4770 ὁ
1229 4717 1463 4789 Χριστὸς
1501 4717 1874 4790 φανερωθῇ,ή

285 4811 400 4881 ζωὴ
444 4811 618 4880 ὑμῶν,
671 4812 788 4864 τότε
823 4811 918 4863 καὶ
958 4810 1114 4880 ὑμεῖς
1143 4808 1591 4878 φανερωθήσεσθε
1634 4809 1731 4862 σὺν
1771 4810 1872 4862 αὐ-

278 4903 360 4973 τῷ
401 4906 458 4955 ἐν
504 4903 649 4974 δόξῃ.
695 4921 710 4954 ι
755 4901 963 4955 Οὐκοῦν
1007 4899 1581 4970 (ἀνακεφαλαιὼσομαι
1628 4902 1738 4972 γὰρ
1778 4899 1875 4954 τοῦ

271 4995 443 5061 λόγου
468 4992 572 5063 τὴν
597 4992 931 5062 δύναμιν),οί
966 4991 1063 5062 μὲν
1083 4991 1190 5044 τῶν
1217 4992 1273 5043 tv
1311 4990 1500 5060 κόσμῳ
1533 4991 1720 5043 κακῶν
1746 4993 1877 5060 ἐρα-

269 5082 409 5135 atat
440 5083 852 5151 κατοιχήσονται
881 5082 1016 5150 πρὸς
1053 5079 1144 5132 τὸν
1170 5079 1323 5151 ᾅδην,
1360 5078 1455 5131 καὶ
1486 5081 1551 5132 ὲκ
1585 5079 1876 5148 προσώπου

261 5179 605 5243 γενήσονται
658 5171 916 5244 Χριστοῦ·
971 5171 1287 5224 συνέσονταί
1339 5186 1402 5237 γε
1443 5170 1548 5240 μὴν
1589 5169 1738 5240 αὐτῷ
1783 5171 1878 5224 καὶ

263 5268 748 5337 συνδιαιτήσονται
793 5263 884 5318 διὰ
937 5264 1136 5326 παντὸς
1184 5265 1230 5316 οἱ
1259 5263 1357 5333 τῆς
1394 5263 1593 5333 ἀρετῆς
1624 5264 1869 5333 ἐρασταὶ,

259 5360 373 5414 καὶ
403 5359 502 5411 τὸν
529 5356 816 5427 ἀρραϐῶνα
863 5354 957 5408 τοῦ
997 5352 1134 5408 Πνεύ
1146 5371 1306 5424 ματος
1333 5353 1491 5423 ἀσινῆ
1511 5354 1866 5424 τηρήσαντες,

264 5453 540 5512 συνόντες
585 5449 640 5502 δὲ
667 5448 930 5515 δηλονότι,
985 5447 1154 5500 καὶτὸ
1201 5445 1502 5515 θεοπρεπὲς
1552 5443 1713 5498 αὐτοῦ
1739 5463 1870 5499 κατ⁸

380 5635 426 5666 ⁶⁹
467 5631 661 5686 Matth.
691 5649 819 5696 xxv,
861 5632 948 5687 4!.
1022 5631 1069 5662 ’⁸
1110 5628 1241 5684 Ibid.
1282 5630 1371 5688 54.
1451 5635 1489 5666 ⁷¹
1521 5633 1537 5688 l
1567 5631 1769 5690 Thess.
1804 5648 1877 5700 tv,
1916 5630 2000 5696 15,
2039 5632 2120 5688 l6.

537 5728 809 5790 Panos.
834 5727 948 5787 Gn.
982 5724 1240 5787 LXXIV.

1981 4548 2218 4616 diligunt
2254 4549 2309 4602 in
2339 4547 2617 4602 infernum
2651 4546 2872 4613 cadent,
2923 4555 2978 4602 et
3030 4549 3226 4619 procul
3272 4562 3302 4601 a
3349 4547 3557 4604 Christi

1982 4646 2281 4709 conspectu
2316 4639 2798 4693 amandahuntur:
2854 4638 3082 4694 virtutis
3112 4654 3245 4694 vero
3297 4640 3538 4696 studiosi

1983 4740 2037 4786 et
2075 4738 2351 4800 quotquOt
2379 4730 2747 4784 arrhabonem
2797 4728 3036 4798 Spiritus
3065 4730 3336 4800 integrum
3369 4747 3527 4787 serva

1983 4823 2119 4885 rint,
2155 4822 2637 4876 conversabuntur
2664 4837 2788 4876 cum
2821 4837 2888 4876 eo
2937 4830 2992 4877 et
3037 4824 3204 4877 simul
3239 4823 3443 4888 vivent,
3492 4839 3552 4880 ac

1974 4912 2221 4967 divinam
2283 4912 2404 4981 ejus
2477 4912 3006 4982 contemplabuntur
3065 4913 3552 4984 pulchritudinem.

1980 5022 1998 5054 ι
2037 5002 2153 5057 Erit
2201 5002 2346 5057 enim
2383 5003 2508 5067 tibi,
2547 5003 2748 5072 inquit,
2800 5001 3069 5059 Dominus
3104 5005 3194 5058 lux
3237 5014 3462 5071 aeterna,
3500 5015 3553 5060 et

1975 5092 2120 5148 Deus
2154 5093 2329 5163 gloria
2368 5101 2458 5146 tua
2490 5092 2557 5146 ⁷³.
2594 5111 2611 5144 ›
2655 5091 2810 5158 Quod
2837 5093 3058 5163 quidem
3086 5095 3399 5164 signiﬁcare
3415 5095 3552 5150 velle

1976 5183 2244 5238 Dominus
2301 5183 2522 5236 videtur
2574 5198 2700 5237 cum
2740 5185 3013 5239 dicentem
3067 5201 3192 5240 eum
3241 5185 3546 5242 audimus:

1982 5294 2001 5327 ι
2041 5275 2239 5329 Adhuc
2267 5273 2570 5340 modicum,
2602 5284 2655 5330 et
2681 5275 2924 5332 mundus
2958 5291 3043 5329 me
3077 5276 3190 5345 jam
3218 5291 3332 5331 non
3359 5277 3504 5334 videt
3531 5297 3546 5344 ;

1978 5379 2078 5418 vos
2107 5369 2289 5418 autem
2320 5361 2516 5420 videtis
2546 5379 2632 5420 me
2661 5402 2678 5429 ,
2709 5367 2837 5437 quia
2879 5380 2984 5436 ego
3015 5366 3162 5432 vivo,
3193 5374 3251 5424 et
3273 5383 3372 5425 vos
3407 5368 3552 5424 vivo-

1978 5457 2067 5510 tis.
2114 5474 2130 5505 ι
2162 5453 2523 5525 Nequaquam
2578 5473 2707 5512 vero
2767 5458 3057 5524 mentitur,
3110 5473 3235 5514 cum
3288 5460 3546 5534 exiguum

2199 5635 2243 5664 τ’
2296 5633 2505 5690 Coloss.
2542 5649 2622 5700 ιιι,
2656 5634 2706 5689 5.
2783 5636 2826 5666 ⁷³
2869 5634 2976 5692 lsa.
3002 5651 3092 5699 ις,
3132 5635 3220 5692 17.

3067 5727 3101 5788 9
