4042 6204
437 249 544 306 367

1463 241 1518 298 S.
1561 240 1832 297 CYRILLI
1873 238 2342 296 ALEXANDIHNI
2379 233 2699 296 ARCHIEP.

3581 237 3689 294 ἴω

431 361 770 420 intercedere
813 370 1030 430 tempus
1073 356 1140 411 ad
1188 371 1346 412 suam
1395 372 1570 428 usque
1607 355 2000 412 revelatiouem

2127 358 2326 429 ἱψονται
2381 357 2577 420 κάλλος
2595 353 2996 418 ἀδιακωλύτως.
3023 353 3251 409 «Ἔσται
3275 354 3382 425 γάρ
3404 369 3507 418 σοι,
3531 353 3689 424 φησὶ,
3721 421 3724 424 ἢ

430 460 526 511 ait.
566 454 812 525 Longum
851 453 1000 507 enim
1051 457 1266 519 tempus
1323 449 1469 519 apud
1517 464 1618 503 nos
1669 463 1773 517 pro
1827 446 2002 501 nihilo

431 549 571 618 apud
602 547 767 600 Deum
799 545 892 614 qui
923 558 1142 612 semper
1170 552 1255 596 est
1297 543 1550 596 habetur.
1587 538 1743 607 Quod
1777 538 2006 593 testabi-

432 651 520 694 tur
556 637 867 701 Psalmista,
905 635 1142 690 dicens:
1185 652 1204 684 ι
1257 632 1527 699 Quoniam
1582 632 1732 686 mille
1776 629 1905 683 anni
1949 628 2005 682 in

402 730 614 789 .oculis
641 727 773 793 tuis,
825 725 1088 788 Domine,
1143 731 1405 793 tauquam
1441 724 1560 780 dies
1593 723 1856 778 hesterna
1885 735 2006 792 qua:

407 800 711 891 'przeteriit,
742 825 797 873 et
827 817 1077 871 custodia
1106 815 1160 869 in
1187 822 1350 870 nocte
1380 815 1450 869 7".
1491 834 1508 866 ι

2099 449 2305 519 Κύριος
2359 448 2474 518 φῶς
2519 447 2755 514 αἰώνιον,
2805 446 2900 502 καὶ
2928 446 2956 499 6
3013 446 3146 510 Θεὸς
3192 446 3318 511 δόξα
3364 463 3479 499 σου.
3528 463 3546 498 ι
3581 445 3692 500 Kal

2101 537 2246 600 εἰκὸς
2272 537 2328 590 δὲ
2375 536 2533 590 τοῦτο
2588 535 2872 607 βούλεσθαι
2919 533 3113 605 δηλοῦν
3147 535 3238 590 τὸν
3285 527 3508 606 Κύριον,
3565 537 3695 589 ὅταν

2103 628 2388 697 ἀκούωμεν
2437 628 2706 698 λέγοντος·
2747 648 2768 681 ι
2808 629 2932 682 Ἔτι
2960 628 3173 700 μικρὸν,
3219 629 3309 681 καὶ
3335 630 3364 682 6
3393 623 3597 697 κόσμος
3625 645 3693 698 με

2102 720 2288 774 οὐκέτι
2315 720 2527 792 θεωρεῖ,
2556 721 2713 791 ὑμεῖς
2737 720 2792 774 δέ
2812 720 3068 792 θεωρεῖτέ
3094 737 3181 791 με,
3215 721 3296 774 ὅτι
3326 719 3438 790 ἐγὼ
3466 718 3567 784 ζῶ,
3602 722 3698 775 καὶ

2105 813 2262 884 ὑμεῖς
2296 811 2547 884 ζήσεσθε.
2602 831 2620 865 ι
2653 811 3012 882 Διαψεύσεταί
3042 827 3107 881 γε
3142 811 3248 884 μὴν
3293 810 3565 882 οὐδαμῶς,
3605 828 3699 882 μι·

430 909 580 974 κρὸνο
600 905 737 960 εἶναι
766 903 942 973 λέγων
972 903 1062 956 τὸν
1095 903 1296 974 μεταξὺ
1335 903 1525 974 χρόνον
1553 903 1651 974 τῆς
1682 902 1846 956 οἱονεὶ
1884 901 2280 972 ἀποκαλύψεως
2315 900 2503 957 αὑτοῦ.
2534 901 2654 973 Θεῷ
2672 902 2781 973 γὰρ
2817 901 2898 973 τῷ
2928 902 3016 956 ἀεὶ
3058 899 3174 955 θντι
3229 902 3324 956 καὶ
3389 904 3418 956 6
3490 902 3700 974 μακρὸς

431 998 553 1051 καθ’
575 999 725 1068 ἡμᾶς
758 996 948 1067 χρόνος
999 997 1056 1047 ἐν
1105 993 1184 1064 τῷ
1223 993 1414 1064 μηδενὶ
1445 993 1682 1047 τέθειται
1714 991 2012 1057 παντελῶς.
2053 995 2162 1047 Kal
2196 995 2532 1066 μαρτυρήσει
2566 993 2740 1063 λέγων
2776 996 2806 1048 6
2837 993 3109 1066 Μελῳδός·
3148 1013 3168 1046 ι
3207 993 3329 1048 ὀτι
3388 993 3534 1065 χίλια
3602 994 3696 1068 ἐτη

428 1097 487 1148 ἐν
521 1093 817 1163 ὀφθαλμοῖς
840 1106 954 1152 σου,
975 1089 1262 1162 Κύριε,ὠς
1284 1089 1522 1162 ἡμέραὴ
1557 1090 1682 1161 χθὲς
1702 1091 1822 1160 ἥτις
1849 1088 2054 1159 διῆλθε,
2093 1091 2189 1144 καὶ⁸
2222 1090 2435 1162 φυλακὴ
2466 1091 2525 1145 ἐν
2558 1090 2730 1144 νυκτί.
2763 1109 2782 1143 ι

504 1186 645 1252 XIV,
679 1187 771 1243 εο.
816 1185 882 1240 In
916 1186 1010 1241 illo
1034 1185 1118 1240 die
1145 1202 1232 1241 vos
1265 1187 1589 1256 cognoscetis
1620 1188 1746 1256 quia
1774 1201 1868 1256 ego
1892 1200 2010 1240 sum

435 1280 488 1332 in
525 1277 685 1332 Patre
719 1293 854 1340 meo,
886 1283 936 1329 et
969 1276 1056 1328 vos
1079 1277 1142 1329 in
1171 1292 1269 1342 me,
1300 1286 1351 1329 et
1386 1292 1477 1346 ego
1505 1277 1560 1330 in
1595 1275 1760 1330 vobis.

505 1455 674 1526 816
738 1453 978 1509 Diﬂicilis
1034 1461 1120 1508 est
1176 1453 1282 1508 loci
1335 1452 1502 1524 hujus
1553 1454 1908 1522 intellectus,
1957 1465 2015 1512 et

439 1564 622 1605 acrem
659 1549 947 1619 requirens
982 1547 1318 1618 indaginem,
1349 1557 1404 1603 et
1447 1549 1503 1602 in
1562 1563 1672 1618 quo
1721 1548 2014 1604 enodando

441 1657 596 1697 mens
624 1639 772 1694 haud
825 1654 1021 1710 parum
1057 1639 1274 1693 laboret
1306 1655 1320 1692 :
1366 1637 1648 1694 Christum
1684 1645 1867 1695 tamen
1914 1655 2016 1696 nos

2201 1189 2295 1240 Ἑν
2334 1187 2539 1257 ἐκείνῃ
2571 1186 2647 1258 τῇ
2687 1186 2896 1256 ἡμέρᾳ,
2927 1185 3097 1256 ὑμεῖς
3133 1183 3440 1254 γνώσεσθε
3464 1183 3553 1237 ὅτι
3587 1184 3703 1253 ἐγὼ

2113 1276 2186 1331 ἐν
2224 1273 2304 1341 τῷ
2347 1277 2531 1344 Πατρί
2563 1292 2704 1346 μου,
2748 1276 2846 1329 καὶ
2904 1273 3075 1344 ὑμεῖς
3125 1273 3196 1327 ἐν
3237 1273 3388 1341 ἐμοὶ,
3447 1272 3704 1342 κάγὼὲν

2133 1386 2140 1389 ,
2200 1388 2215 1421 ι
2262 1407 2278 1424 ⁸

2115 1386 2518 1528 υμΔζσέφικτον
2546 1456 2646 1528 μὲν
2674 1453 2789 1520 πώς
2831 1454 2946 1508 ἐστι
2978 1453 3040 1506 τὸ
3093 1453 3153 1506 ἐν
3182 1455 3296 1516 τοῖς
3325 1453 3704 1525 προκειμένοις

2116 1549 2396 1621 θεώρημα,
2448 1547 2542 1601 καὶ
2586 1545 2835 1618 δριμεῖαν
2885 1544 3072 1616 ὥσπερ
3114 1543 3358 1610 ἐξαιτοῦν
3407 1545 3491 1612 ἐφ’
3527 1545 3706 1615 ἐαυτῷ

2115 1643 2214 1716 τὴν
2262 1641 2515 1712 βάσανον,
2545 1640 2702 1693 ὄκνον
2754 1654 2816 1691 τε
2859 1637 2938 1709 τῷ
2970 1636 3114 1706 λόγῳ
3143 1634 3459 1707 περιποιοῦν
3511 1637 3708 1690 ίκανώ-

439 1747 638 1788 rursus
673 1731 740 1785 ad
762 1730 1053 1785 veritatem
1088 1727 1430 1784 directurum
1456 1729 1752 1786 credimus.
1777 1729 2013 1795 Quidam

2127 1750 2275 1788 τατον
2303 1751 2317 1764 ο
2353 1731 2661 1803 κατευθύνῃ
2713 1746 2777 1799 γε
2813 1729 2921 1800 μὴν
2959 1728 3041 1784 ὅτι
3075 1727 3238 1782 πάλιν
3288 1729 3436 1798 ἡμᾶς
3465 1729 3544 1792 είς
3573 1729 3711 1798 ἀλή-

439 1840 592 1894 ergo,
626 1823 842 1879 tametsi
875 1822 1086 1893 primas
1114 1822 1244 1876 olim
1279 1821 1427 1876 inter
1477 1823 1676 1894 impios
1724 1823 2013 1879 haereticos

442 1924 710 1978 tenentes,
737 1929 803 1970 ex
833 1913 1148 1970 substantia
1181 1913 1278 1969 Dei
1309 1928 1374 1967 ac
1401 1911 1599 1970 Patris
1641 1913 1838 1970 Filium
1866 1931 2013 1983 esse,

442 2014 608 2076 atque
636 2004 844 2060 idcirco
874 2007 930 2060 in
963 2018 1031 2060 eo
1059 2004 1329 2061 exsistere
1356 2006 1607 2061 nolentes
1633 2006 1905 2072 conﬁteri,
1932 2023 2018 2063 re-

442 2096 664 2150 lativam
694 2095 988 2166 quamdam
1023 2102 1078 2151 et
1115 2109 1226 2150 non
1270 2096 1581 2151 naturalem
1628 2097 1889 2153 unionem
1923 2113 2017 2154 ex-

443 2187 709 2258 cogitant.
763 2185 831 2240 Et
874 2185 1100 2257 quidem
1132 2187 1502 2258 scripserunt,
1537 2194 1857 2244 eructantes
1895 2203 2020 2260 quae

445 2293 558 2334 sum
611 2277 888 2348 opinionis
948 2286 1130 2341 erant,
1191 2293 1301 2334 non
1348 2294 1472 2350 quae
1518 2281 1700 2336 sancti
1758 2281 2018 2354 Spiritus,

447 2371 574 2439 quia
608 2367 783 2425 Filius
823 2384 854 2423 a
887 2369 1049 2424 Patre
1073 2368 1343 2440 diligitur,
1379 2371 1498 2440 ipse
1530 2385 1658 2426 vero
1694 2387 1888 2428 rursus
1921 2372 2024 2428 Pa-

449 2471 586 2516 trem
617 2461 820 2532 diligit,
870 2460 979 2514 hoc
1039 2460 1246 2515 idcirco
1299 2461 1462 2516 modo
1504 2461 1560 2515 in
1616 2479 1682 2518 eo
1731 2477 1874 2518 esse.
1940 2463 2024 2520 Ad

447 2555 590 2624 quod
640 2553 1141 2609 demonstrandum
1201 2553 1464 2608 invictum
1517 2557 1686 2610 veluti
1745 2556 2025 2627 quoddam

448 2654 830 2717 argumentum
865 2646 1019 2702 stulti
1063 2653 1383 2717 proponunt
1424 2648 1476 2702 id
1511 2648 1656 2718 quod
1703 2648 1832 2703 huic
1878 2648 2027 2704 dicto

360 2742 362 2746 ’
449 2742 515 2795 de
549 2741 708 2794 nobis
741 2748 796 2794 et
827 2739 947 2809 ipso
984 2739 1356 2810 subjungitur,
1382 2739 1591 2811 virgam
1623 2741 1791 2796 veluti
1831 2757 2026 2814 quam-

450 2833 574 2886 dam
633 2829 999 2886 arundineam
1054 2830 1173 2886 suis
1221 2830 1580 2902 blasphemiis
1611 2843 2024 2906 supponentes,

453 2937 650 2992 nempe
684 2923 829 2991 quod
862 2920 1023 2976 sicuti
1057 2935 1160 2975 nos
1191 2920 1247 2975 in
1295 2937 1360 2978 eo
1383 2937 1508 2978 esse
1537 2923 1798 2994 dicimur,
1823 2926 2028 2996 ipsum-

453 3027 560 3081 que
608 3012 661 3065 in
698 3011 859 3068 nobis
919 3011 1187 3067 habemus
1211 3052 1226 3077 ,
1260 3027 1438 3082 neque
1469 3021 1653 3070 tamen
1704 3017 2028 3074 substantia:

2119 1826 2268 1880 θειαν
2300 1828 2328 1879 6
2357 1825 2610 1898 Χριστὸς,
2667 1819 3012 1891 πιστεύομεν.
3049 1818 3207 1884 Τινὲς
3269 1821 3368 1891 μὲν
3411 1815 3536 1887 οὖν,
3586 1819 3710 1874 καί-

2118 1936 2200 1972 τοι
2247 1916 2356 1972 τῶν
2415 1914 2673 1988 προύχειν
2723 1912 3148 1984 ὑποληφθὲντων
3198 1912 3331 1966 ποτὲ
3386 1913 3539 1984 παρά
3595 1914 3710 1976 τοῖς

2121 2008 2354 2071 ἀνοσίοις
2374 2009 2689 2081 αίρετικοῖς,
2711 2004 3136 2078 παραιτούμενοι
3156 2003 3387 2074 πονηρὸς
3408 2002 3521 2074 [γρ.
3543 2019 3711 2074 πονη-

2122 2101 2258 2174 ρῶς]
2284 2101 2346 2154 τὸ
2375 2102 2439 2154 ἐκ
2468 2099 2568 2170 τῆς
2593 2099 2780 2165 οὐσίας
2831 2097 2926 2152 τοῦ
2959 2096 3093 2150 Θεοῦ
3130 2095 3224 2150 καὶ
3267 2095 3479 2166 Πατρδς
3520 2095 3714 2165 ὁμολο-

2119 2197 2237 2262 γεῖν
2257 2193 2349 2245 τὸν
2379 2191 2526 2256 Υἰδν,
2559 2191 2648 2245 διά
2675 2207 2734 2244 τε
2757 2191 2913 2244 τοῦτο
2941 2187 3205 2259 ὑπάρχειν
3236 2187 3294 2238 ἐν
3327 2185 3500 2256 αύτῷ,
3531 2202 3714 2256 σχετι-

2121 2284 2224 2355 κήν
2266 2300 2387 2336 τινα
2415 2283 2509 2336 καὶ
2538 2282 2599 2335 οὑ
2632 2279 2868 2350 φυσικὴν
2901 2277 3187 2331 ὑπονοοῦσι
3226 2276 3327 2348 τήν
3355 2276 3568 2329 ἕνωσιν.
3603 2274 3718 2327 Kal

2122 2371 2186 2444 δὴ
2229 2371 2324 2426 καὶ
2360 2371 2766 2441 γεγραφήκασι,
2799 2367 2868 2421 τὰ
2901 2368 2965 2420 ἐκ
2989 2367 3090 2438 τῆς
3116 2365 3322 2430 οἰκείας
3363 2362 3715 2435 ἐρευγόμενοι

2123 2464 2371 2538 γνώμης,
2400 2467 2462 2519 οὑ
2491 2464 2558 2518 τά
2587 2464 2646 2528 ἐξ
2668 2463 2824 2534 ἁγίου
2857 2460 3192 2532 Πνεύματος,
3220 2459 3296 2522 ὡς
3323 2458 3553 2527 ἐπείπερ
3577 2458 3718 2525 ἁγα-

2125 2559 2292 2612 πᾶται
2321 2557 2420 2628 μὲν
2470 2559 2498 2610 6
2528 2555 2656 2620 Υίὺς
2701 2555 2853 2627 παρὰ
2900 2555 2995 2608 τοῦ
3045 2552 3278 2626 Πατρδς,
3327 2553 3517 2623 ἀγαπᾷ
3539 2551 3598 2606 δέ
3643 2545 3718 2605 αὖ

2126 2648 2291 2704 πάλιν
2317 2648 2482 2712 αὐτὸς
2515 2647 2606 2702 τὸν
2636 2646 2874 2718 Πατέρα,
2909 2644 3053 2701 κατά
3095 2644 3282 2698 τοῦτόν
3326 2646 3441 2698 ἐστι
3470 2645 3561 2696 τὸν
3587 2642 3720 2714 τρό-

2127 2755 2230 2794 πον
2245 2740 2302 2793 ἐν
2322 2737 2488 2810 αὑτῷ.
2509 2739 2620 2792 Kal
2643 2737 2916 2804 ἀπόδειξιν
2928 2736 3118 2808 ὥσπερ
3136 2734 3257 2790 τι.νά
3283 2734 3722 2804 δυσανάτρεπτον

2127 2830 2531 2903 είσκομίςουσιν
2575 2830 2625 2884 oi
2675 2829 3028 2902 παράφρονες
3069 2827 3133 2881 τό
3161 2845 3221 2881 τε
3253 2826 3331 2898 τῷ
3373 2825 3724 2897 προκειμένῳ

2129 2921 2574 2996 παρεζευγμένον
2631 2920 2780 2993 ρητῷ
2826 2919 2952 2992 περί
2984 2936 3044 2972 τε
3085 2918 3242 2990 ήμῶν
3289 2918 3384 2970 καὶ
3411 2916 3598 2971 αὐτοῦ’
3623 2918 3725 2970 καὶ

2127 3015 2190 3087 δή
2233 3031 2386 3085 φασι,
2418 3012 2724 3083 καλαμίνην
2755 3011 2944 3084 ὥσπερ
2975 3009 3097 3065 τινὰ
3131 3009 3322 3082 ῥάϐδον
3360 3010 3480 3072 ταῖς
3507 3007 3725 3061 ἑαυτῶν

455 3102 668 3156 ratione
697 3102 941 3167 unimur,
970 3101 1072 3158 sed
1102 3103 1327 3158 unionis
1357 3102 1554 3159 modus
1585 3104 1641 3160 in
1676 3120 1743 3162 eo
1775 3109 2025 3164 consistit

2131 3105 2535 3175 ὑποστήσαντες
2565 3101 2920 3173 δυσφημίαις,
2951 3102 3031 3156 ὅτι
3057 3099 3245 3170 ὥσπερ
3278 3099 3440 3170 ἡμεῖς
3483 3100 3541 3152 ἐν
3572 3096 3726 3168 αὐτῷ

455 3203 514 3248 ut
545 3195 840 3264 diligamus
868 3208 932 3249 ac
961 3194 1209 3251 vicissim
1245 3194 1545 3266 diligamur
1579 3215 1592 3252 :
1625 3199 1721 3265 ita,
1751 3200 2029 3271 inquiunt,

456 3295 509 3340 et
542 3285 714 3342 Filius
752 3301 866 3340 non
910 3285 966 3340 in
996 3285 1308 3342 substantia
1337 3287 1527 3358 utique
1578 3297 1663 3345 est
1697 3289 1790 3346 Dei
1836 3306 1899 3347 ac
1924 3293 2033 3347 Pa-

457 3377 575 3440 tris,
609 3377 702 3431 sed
727 3375 1022 3432 distinctus
1045 3378 1270 3431 omnino
1302 3378 1513 3434 ratione
1537 3388 1767 3447 naturae,
1799 3395 2038 3455 cumque

457 3469 678 3523 diverso
709 3467 869 3537 plane
897 3467 1057 3522 modo
1085 3482 1144 3523 se
1174 3468 1392 3530 habeat,
1425 3470 1542 3525 sola
1563 3471 1875 3528 dilectionis
1896 3473 2036 3545 lege,

461 3558 738 3626 inquiunt,
786 3558 843 3611 in
891 3556 1055 3613 Patre
1095 3573 1227 3614 esse
1287 3561 1618 3630 concipitur.
1683 3561 2037 3634 Propositum

459 3647 605 3700 enim
651 3647 732 3702 eis
777 3655 882 3712 est,
930 3652 990 3700 ut
1027 3645 1191 3703 modo
1231 3647 1494 3713 diximus,
1530 3649 1714 3706 facere
1745 3661 1806 3706 ut
1839 3651 2042 3724 Unige—

461 3739 615 3795 nitus
650 3737 865 3796 factura
892 3748 949 3794 et
985 3746 1245 3794 creatura
1267 3753 1393 3796 esse
1425 3741 1707 3808 credatur,
1733 3754 1790 3800 et
1824 3753 2044 3802 creatu-

2137 3193 2275 3250 εῖναι
2310 3193 2602 3266 λεγόμεθα,
2637 3192 2832 3265 ἔχομέν
2865 3209 2924 3246 τε
2973 3190 3135 3246 αὑτὸν
3166 3191 3223 3244 ἐν
3250 3190 3484 3255 ἑαυτοῖς,
3532 3187 3625 3241 καὶ
3655 3188 3728 3241 οὐ

2137 3288 2280 3344 κατὰ
2297 3288 2387 3342 τὸν
2419 3289 2517 3359 τῆς
2555 3285 2741 3350 οὑσίας
2767 3284 2925 3354 λόγον
2974 3281 3261 3354 ἐνούμεθα,
3288 3281 3486 3352 τρόπος
3529 3279 3586 3333 δὲ
3621 3279 3731 3349 τῆς

2140 3379 2383 3443 ἐνὼσεως
2413 3377 2555 3434 καθά
2591 3376 2910 3447 πεφύκαμεν
2945 3374 3164 3444 ἀγαπᾷν
3193 3389 3253 3425 τε
3287 3372 3379 3424 καὶ
3410 3368 3732 3437 ἀνταγαπᾶο

2142 3470 2287 3524 σθαι·
2318 3469 2483 3535 οὕτω,
2516 3468 2669 3539 φησι,
2712 3467 2805 3521 καὶ
2836 3468 2865 3520 6
2887 3465 3036 3529 Υἱὸς,
3069 3464 3170 3518 οὑκ
3199 3465 3259 3516 ἐν
3280 3464 3344 3534 τῇ
3393 3461 3550 3532 οὐσίᾳ
3595 3457 3745 3512 πάνυ

2140 3579 2248 3627 τως
2293 3562 2410 3614 ἐστὶ
2458 3560 2550 3614 τοῦ
2597 3559 2731 3613 Θεοῦ
2777 3559 2870 3613 καὶ
2911 3556 3146 3628 Πατρὸς,
3205 3552 3614 3624 διακεκριμένος
3669 3549 3734 3604 δὲ

2142 3654 2422 3719 παντελῶς
2469 3653 2612 3708 κατά
2642 3669 2706 3720 γε
2733 3652 2823 3706 τον
2851 3651 2952 3722 τῆς
2978 3649 3192 3721 φύσεως
3241 3647 3420 3716 λόγον,
3465 3645 3560 3699 καὶ
3610 3644 3727 3697 ἐτε-

2145 3748 2306 3820 ροίως
2355 3746 2494 3817 ἔχων
2555 3743 2772 3816 κομιδῇ,
2815 3741 2959 3795 κατά
3011 3741 3170 3813 μόνον
3233 3738 3326 3792 τὸν
3367 3736 3470 3807 τῆς
3509 3734 3736 3805 ἀγάπης

460 3831 542 3886 ris
572 3829 797 3901 quidem
830 3829 1047 3886 caeteris
1079 3830 1380 3886 eminentia
1414 3832 1709 3904 dignitatis
1743 3836 2025 3892 excellere

2145 3841 2346 3910 θεσμὸν
2376 3841 2596 3900 νοεῖται,
2621 3835 2807 3908 φησὶν,
2832 3836 2890 3888 ἐν
2917 3833 2995 3905 τῷ
3041 3831 3235 3903 Πατρί.
3269 3830 3476 3892 Σκοπὸς
3503 3828 3610 3898 γὰρ
3629 3827 3742 3880 αύ-

463 3920 560 3979 sed
591 3927 747 3976 extra
777 3919 871 3976 Dei
898 3935 963 3976 ac
991 3919 1175 3976 Patris
1207 3922 1582 3980 substantiam
1611 3940 1756 3982 esse.
1789 3925 1927 3982 Cum
1950 3942 2025 3983 au

2142 3936 2275 3997 τοῖς,
2318 3929 2566 4002 καθάπερ
2597 3927 2806 3999 ἔφαμεν
2837 3925 3058 3997 ἀρτίως,
3094 3924 3323 3993 ποίημα,
3356 3921 3451 3975 καὶ
3501 3918 3738 3989 κτίσμα,

464 4023 573 4070 tem
600 4013 812 4083 prolixe
834 4011 902 4067 de
925 4012 1032 4067 hoc
1059 4019 1221 4068 antea
1255 4013 1748 4085 disputaverimus,
1783 4024 1838 4074 et
1858 4032 2025 4088 quan-

2147 4024 2241 4078 καὶ
2270 4021 2515 4094 γενητὸν,
2542 4021 2636 4074 καὶ
2686 4019 2875 4091 μόναις
2910 4017 3009 4088 μὲν
3056 4017 3178 4078 ταῖς
3221 4013 3362 4067 κατά
3405 4010 3516 4064 τῶν
3554 4007 3744 4063 ἄλλων

466 4115 582 4160 tum
606 4103 660 4188 i_n
693 4104 851 4160 nobis
873 4113 994 4160 erat
1021 4105 1431 4163 ostenderimus
1453 4107 1758 4162 secundum
1787 4117 2025 4165 naturan

2147 4113 2462 4184 κτισμάτων
2487 4112 2780 4182 ὑπεροχαῖς
2807 4108 3132 4180 τιμώμενονο
3165 4104 3270 4172 ἔξω
3294 4119 3356 4174 γε
3387 4101 3492 4174 μὴν
3513 4099 3611 4170 τῆς
3641 4098 3745 4151 οὒ-

465 4210 588 4251 esse
612 4192 812 4249 Filium
840 4194 895 4248 in
930 4193 1116 4261 Patre,
1141 4202 1198 4250 et
1221 4195 1646 4254 substantialem
1684 4198 1888 4254 habere
1915 4215 2025 4254 cun'

2150 4205 2270 4268 σίας
2305 4204 2616 4276 ὑπάρχοντα
2646 4201 2738 4255 τοῦ
2763 4199 2899 4253 Θεοῦ
2933 4200 3028 4253 καὶ
3079 4197 3312 4267 Πατρδς,
3346 4193 3617 4260 ἀποφῆναι
3640 4188 3748 4241 τὸν

466 4303 534 4345 eo
566 4287 846 4352 unionem,
875 4286 943 4343 de
980 4287 1085 4342 hoc
1119 4287 1176 4342 in
1219 4303 1465 4358 praesens
1504 4290 1843 4347 contendere
1881 4291 2025 4345 omit-

2149 4295 2446 4365 Μονογενῆ.
2464 4291 2690 4365 Μακροῦ
2722 4291 2777 4344 δὲ
2803 4292 2935 4362 ἡμῖν
2957 4290 3058 4361 ήδη
3084 4305 3151 4342 πε
3161 4289 3213 4359 pl
3239 4285 3427 4340 τούτου
3452 4279 3747 4351 γεγονότος

469 4388 666 4433 tentus.
700 4374 1090 4432 Verumtamen
1121 4377 1467 4434 adversarios
1500 4394 1610 4434 non
1642 4381 1866 4435 omnino
1895 4381 2025 4437 siuei

2149 4387 2330 4456 λόγου,
2361 4385 2428 4440 δι’
2459 4380 2521 4440 οῦ
2577 4385 2716 4438 κατά
2756 4400 2820 4452 γε
2849 4382 2945 4452 τὴν
2972 4378 3195 4434 ἐνοῦσαν
3226 4379 3358 4449 ήμῖν
3391 4371 3749 4440 ἐδεικνύομεν

469 4482 592 4520 mus
638 4467 696 4520 in
729 4481 831 4520 nos
866 4465 1024 4535 quasi
1073 4465 1296 4523 deserto
1329 4469 1645 4525 vadimonio
1694 4471 1897 4538 invehi,
1949 4488 2025 4529 set

2146 4479 2478 4551 δύναμιν,δτι
2503 4479 2644 4532 κατά
2670 4477 2829 4545 φύσιν
2855 4474 3006 4528 ἐστὶν
3029 4475 3058 4527 6
3079 4471 3204 4535 Υἱὸς
3225 4473 3282 4523 ἐν
3305 4467 3382 4539 τῷ
3411 4465 3605 4534 Πατρὶ,
3640 4465 3748 4517 καὶ

471 4556 739 4626 prodituri
767 4571 962 4613 sumus
990 4556 1046 4610 in
1079 4557 1278 4623 aciem,
1317 4558 1526 4626 paucis,
1557 4568 1820 4628 quantum
1855 4563 1910 4617 in
1938 4579 2025 4618 no-

2146 4569 2381 4640 οὑσιώδη
2415 4569 2551 4640 πρὸς
2577 4567 2738 4621 αὐτὸν
2777 4567 2889 4638 ἔχει
2921 4565 3018 4637 τὴν
3045 4564 3261 4626 ἕνωσιν,
3287 4559 3602 4630 παρήσομεν
3655 4554 3748 4609 ἐτι

472 4650 555 4701 bis
581 4654 688 4710 est,
721 4646 1092 4715 improbitatis
1138 4661 1332 4702 eorum
1381 4649 1700 4706 detestabile
1746 4653 2025 4708 artiﬁciun

2147 4661 2210 4715 τὸ
2241 4660 2370 4732 περὶ
2395 4658 2584 4713 τούτου
2612 4659 2752 4722 τέως
2789 4663 2867 4722 είς
2891 4658 2953 4710 τὸ
2979 4656 3154 4728 παρὸν
3178 4648 3556 4707 διατείνεσθαι.
3587 4645 3748 4717 Πλὴν

471 4736 828 4806 malignitatis
848 4747 902 4791 et
929 4737 1218 4808 imperitiae
1241 4737 1460 4809 plenum
1487 4742 1863 4800 ostendentes.
1885 4743 2025 4812 Quoc

2149 4755 2248 4823 οὐχ
2285 4752 2592 4822 ὁλοκλήρως
2622 4750 2990 4823 ἐπιτρέψομεν
3019 4749 3231 4819 ἐρήμην
3252 4744 3440 4821 ὥσπερ
3464 4737 3749 4809 καταδρα-

471 4832 527 4882 Ῑ¹¹
564 4827 711 4882 hunc
735 4829 957 4884 mOdum
991 4829 1257 4887 ίθείθιηιιε
1291 4849 1306 4887 ε
2157 4847 2275 4916 μεῖν
2312 4843 2403 4898 τοῦ
2431 4843 2588 4914 λόγου
2623 4845 2748 4906 τοὺς
2789 4842 2856 4895 δι’
2887 4842 3152 4904 ἐναντίας,
3191 4827 3748 4906 ἀπιπαραταξὸμεθα

465 4919 542 4984 δὲ,
573 4918 641 4972 δι’
674 4918 891 4988 ὀλίγων,
916 4922 992 4984 ὡς
1019 4916 1130 4986 οἷόν
1167 4941 1226 4979 τε
1265 4926 1776 4998 κεκακουργημένον
1809 4930 1926 5000 ἅμα
1955 4933 2050 4986 καὶ
2085 4933 2294 5004 ἀμαθὲς
2315 4934 2705 5004 ἀποφαίνοντες
2729 4933 2828 5004 τῆς
2855 4933 3117 5004 πονηρίας
3145 4928 3321 4985 αὐτῶν
3371 4925 3434 4980 τὸ
3494 4921 3748 4995 μυσαρὸν

467 5012 862 5085 φιλοτέχνημα.
887 5013 998 5068 Kal
1019 5014 1083 5086 δή
1123 5017 1216 5071 καὶ
1243 5018 1494 5091 ἐροῦμενο

543 5102 604 5159 Si
662 5103 1046 5160 tantummodo
1090 5121 1156 5162 ex
1191 5123 1258 5163 eo
1304 5109 1448 5179 quod
1500 5110 1747 5180 diligitur
1775 5127 1840 5169 ac
1873 5113 2052 5187 diligit

2216 5112 2281 5166 Εί
2309 5110 2397 5166 διὰ
2429 5111 2589 5180 μόνον
2643 5111 2704 5164 τὸ
2757 5111 3076 5181 ἀγαπᾶσθαι
3137 5111 3233 5162 καὶ
3282 5107 3503 5177 ἀγαπᾷν
3536 5107 3565 5159 6
3606 5106 3748 5174 Υἱὸς

471 5194 642 5252 Filius
676 5197 822 5252 inest
853 5196 1027 5265 Patri,
1089 5200 1286 5256 eadem
1327 5203 1542 5258 ratione
1591 5215 1648 5260 et
1694 5219 1795 5262 nos
1831 5207 1885 5262 in
1926 5206 2048 5277 ipso

2145 5203 2321 5257 ἔνεστι
2352 5201 2430 5272 τῷ
2456 5202 2652 5274 Πατρὶ,
2687 5201 2829 5256 κατά
2854 5202 2944 5256 τὸν
2966 5200 3124 5255 αὑτὸν
3155 5199 3343 5253 τοῦτον
3367 5198 3546 5266 λόγον,
3577 5198 3750 5267 ἡμεῖς

472 5293 526 5340 et
558 5287 670 5354 ipse
699 5287 754 5342 in
786 5289 969 5354 nobis,
1016 5305 1120 5346 nec
1157 5292 1304 5348 aliud
1333 5293 1500 5348 ullum
1529 5294 1810 5350 vinculum
1844 5296 2050 5366 reperi-

473 5385 565 5431 tur
595 5377 739 5446 quod
766 5381 1067 5452 conjungat
1100 5385 1184 5439 vel
1231 5383 1380 5440 Patri
1413 5383 1637 5450 Filium,
1667 5387 1751 5440 vel
1785 5401 1889 5443 nos
1918 5386 2045 5457 ipsi,

472 5476 527 5523 et
561 5468 742 5538 ipsum
770 5469 928 5526 nobis
962 5489 976 5525 :
1017 5476 1310 5541 quomodo,
1340 5491 1546 5546 quaeso,
1582 5487 1674 5531 aut
1697 5491 1803 5548 qua
1835 5479 2047 5534 ratione

549 5647 594 5677 “
623 5644 771 5701 Psal.
793 5660 1022 5708 Lxxxtx,
1053 5645 1107 5702 4.

2143 5309 2201 5346 τε
2231 5293 2288 5344 ἐν
2313 5291 2460 5363 αύτῷ
2491 5292 2584 5345 καὶ
2617 5292 2781 5356 αὑτὸς
2809 5293 2868 5346 ἐν
2893 5294 3045 5364 ἡμῖν,
3077 5291 3174 5345 καὶ
3210 5287 3405 5359 δεσμὸς
3435 5287 3534 5358 μὲν
3562 5285 3748 5348 οὐδεὶς

2145 5386 2430 5441 συνάπτων
2459 5386 2651 5457 ὁρᾶται
2689 5385 2777 5439 Ere
2787 5402 2897 5458 ρος,
2919 5384 2954 5455 ἢ
2980 5383 3058 5463 τῷ
3081 5380 3255 5453 Πατρὶ
3273 5380 3363 5433 τὸν
3380 5378 3526 5443 Υίὸν,
3567 5375 3744 5447 ήγουν

2145 5481 2291 5549 ἡμᾶς
2333 5478 2503 5551 αὐτῷ,
2543 5479 2639 5534 καὶ
2665 5479 2829 5534 αὑτὸν
2866 5479 3018 5551 ἡμῖν·
3047 5475 3162 5539 πῶς
3193 5473 3228 5544 ἢ
3255 5473 3344 5528 διὰ
3363 5469 3484 5525 τίνα
3511 5467 3747 5540 τρόπον,
