4042 6204
311 257 422 316 269

1318 261 1389 317 IN
1424 259 1710 318 JOANNIS
1741 257 2190 316 EVANGELIUM
2225 259 2354 317 LIB.
2395 262 2486 318 IX.

3505 279 3610 341 270

309 378 435 435 εἰπέ
487 395 600 446 μοι,
634 379 820 452 φησὶν,
867 379 946 445 ώς
971 379 1031 435 ἐν
1066 366 1252 452 ἐκείνῃ
1287 381 1354 452 τῇ
1383 379 1570 452 ἡμέρα
1591 377 1886 450 γνωσόμεθε

2017 373 2075 432 in
2120 377 2215 434 illo
2261 379 2350 437 die
2393 395 2796 454 cognoscemus
2831 387 2997 460 hujus
3035 394 3406 464 mysterium?
3439 397 3598 457 Non-

306 472 372 526 τδ
400 471 531 543 περὶ
558 471 750 526 τούτου
773 473 1111 545 μυστήριον;
1140 469 1294 526 οὔπω
1322 472 1452 544 γὰρ,
1483 472 1626 527 κατά
1651 471 1714 526 τὸ
1738 471 1906 535 εἰκὸς,

307 565 631 632 ἐγνώκαμεν
667 565 804 618 ὅτιὸ
831 563 1022 637 Πατὴρ
1059 563 1156 636 μὲν
1179 563 1271 618 τὸν
1293 564 1422 618 Υἱδν
1463 565 1684 636 ἀγαπᾷ,
1718 564 1908 634 ἀγαπᾷ

305 655 364 708 δὲ
385 655 478 708 καὶ
499 653 662 718 αὐτὸς
705 654 798 709 τὸν
819 656 1060 728 Πατέρα·
1097 655 1214 709 ἀλλ’
1245 655 1356 710 οὐδ’
1379 655 1538 727 ῖσμεν
1561 673 1648 711 πω
1671 655 1814 726 τάχα
1839 654 1910 708 τὰ

308 745 431 800 καθ’
456 747 702 811 ἑαυτοὺς,
733 745 991 819 λογισμὸς
1019 747 1077 801 δὲ
1092 747 1240 819 ἡμᾶς
1253 747 1530 813 διαπαίζει
1551 747 1708 812 κενὸς
1722 746 1908 818 οἰομέ-

308 854 432 900 νους
463 839 544 891 ὅτι
579 838 830 909 ἠγάπησε
861 839 960 911 μὲν
991 839 1141 910 ἡμᾶς
1169 838 1198 891 6
1220 837 1370 904 Υἱὸς,
1397 840 1493 893 καὶ
1526 839 1615 893 διά
1643 837 1803 893 τοῦτο
1829 837 1908 908 τῷ

306 931 484 1002 Harp!
510 933 906 1002 κατεκτήσατο,
930 933 1303 1005 ἠγαπήσαμεν
1343 933 1401 988 δὲ
1422 932 1516 987 καὶ¹
1535 933 1698 1005 ἡμεῖς
1718 932 1904 986 αὐτόν.

300 1020 492 1089 Λέγων
523 1021 634 1094 γὰρ
665 1022 744 1089 τὸ,
781 1041 800 1075 t
842 1023 932 1077 ’Ev
959 1023 1142 1096 ἐκείνῃ
1187 1027 1252 1097 τῇ
1310 1024 1507 1097 ,ἡμέρᾳ
1547 1021 1842 1092 γνώσεσθε,
1881 1042 1900 1076 ι

300 1111 454 1167 οὔπω
511 1113 757 1186 παρόντα
803 1115 1038 1170 δεικνύει
1094 1115 1186 1169 τὸν
1226 1116 1326 1186 τῆς
1375 1116 1639 1186 εἰδήσεως
1690 1115 1903 1187 χρόνον.

300 1202 432 1258 Εἶτα
457 1204 512 1257 τι
548 1206 724 1277 μάτην
742 1206 889 1277 ἡμᾶς
918 1206 1250 1261 κατεκτύπει
1271 1207 1450 1276 λέγων
1468 1208 1497 1260 6
1519 1206 1742 1278 Κύριος·
1779 1225 1800 1259 ι
1847 1206 1907 1260 Ὀ

298 1297 493 1367 Πατὴρ
520 1297 710 1368 ἀγαπᾷ
738 1297 830 1350 τὸν
867 1296 1063 1364 Υῑόνςι
1107 1297 1230 1352 Ὅτι
1265 1299 1374 1369 γὰρ
1401 1298 1497 1353 καὶ
1529 1297 1692 1363 αὐτὸς
1717 1298 1906 1369 ἀγαπᾷ

295 1389 390 1444 τὸν
422 1390 667 1460 Πατέρα,
695 1389 778 1454 τις
807 1389 907 1443 οὐκ
940 1390 1094 1461 ὲρεῖ;
1130 1389 1254 1454 Πῶς
1276 1390 1354 1453 δέ,
1385 1389 1510 1444 εἰπέ
1547 1407 1657 1460 μοι,
1688 1389 1907 1460 καὶτῆς

296 1483 379 1546 εἰς
402 1483 552 1552 ἡμᾶς
589 1482 863 1548 ἀπόδειξιν
891 1483 1128 1536 ἐποιεῖτο
1174 1481 1320 1554 σαφῆ
1360 1482 1424 1536 τὸ
1465 1482 1680 1536 ἑλέσθαι
1712 1481 1906 1536 παθεῖν

295 1575 440 1646 ὑπὲρ
473 1575 661 1644 ἡμῶν;
702 1593 721 1626 ι
759 1574 944 1640 Μείξω
975 1575 1105 1648 γὰρ,
1135 1575 1290 1646 φησὶ,
1317 1573 1524 1646 ταύτης
1552 1573 1653 1645 τῆς
1682 1573 1906 1644 ἀγάπης

295 1666 473 1730 οὐδεὶς
509 1665 649 1736 ἔχει,
704 1666 791 1720 ἵνα
837 1683 926 1730 τις
969 1665 1070 1736 τὴν
1099 1665 1276 1738 ψυχὴν
1312 1665 1476 1720 αὐτοῦ
1512 1665 1578 1736 θῇ
1621 1664 1760 1736 ὑπὲρ
1796 1664 1905 1719 τῶν

2011 468 2143 566 dum
2179 472 2358 566 enim,
2377 481 2439 529 ut
2472 476 2710 546 videtur,
2751 483 3138 554 cognoscimus
3170 486 3388 546 Patrem
3427 493 3594 566 817

2011 562 2233 632 quidem
2265 563 2498 638 diligere
2533 566 2758 637 Filium,
2789 580 2845 627 et
2872 574 3020 631 hunc
3075 577 3309 650 diligere
3337 562 3602 652 Patrem;

2010 654 2107 709 sed
2151 669 2222 710 ne
2255 669 2358 712 nos
2401 659 2622 728 quidem
2663 667 3038 736 agnoscimus,
3070 684 3266 726 verum
3312 674 3460 729 ratio
3498 692 3602 733 nos

2008 759 2149 801 vana
2185 746 2418 814 deludit,
2451 752 2545 821 qui
2575 761 2834 823 putamus
2861 757 3059 815 Filium
3107 777 3212 820 nos
3243 763 3510 824 dilexisse
3541 783 3606 825 ac

2007 838 2240 908 proinde
2273 837 2424 896 Patri
2467 845 2854 914 acquisivisse,
2901 865 3114 923 nosque
3155 870 3282 910 eum
3317 857 3602 917 dilexisse.

2008 927 2210 1024 liicens
2252 932 2404 989 enim
2441 953 2456 989 :
2495 954 2516 988 ι
2553 935 2612 991 1η
2661 938 2757 994 illo
2801 941 2892 996 die
2937 947 3306 1015 cognoscetis,
3354 967 3375 1003 ι
3409 954 3600 1024 cogni-

2007 1020 2180 1115 tionis
2211 1031 2428 1095 tempus
2470 1030 2717 1086 nondum
2743 1031 2938 1090 adesse
2979 1037 3248 1096 ostendit.
3293 1038 3437 1107 Quid
3466 1020 3600 1115 ergo

2008 1111 2216 1170 frustra
2267 1116 2433 1174 nobis
2488 1119 2712 1176 insonat
2745 1120 3035 1194 Dominus,
3071 1127 3307 1186 dicens:
3357 1150 3379 1184 ι
3433 1111 3598 1189 Pater

2006 1202 2185 1276 diligit
2214 1205 2417 1263 Filium
2465 1211 2531 1265 ⁷³.
2571 1229 2591 1264 ›
2624 1209 2763 1269 Nam
2792 1223 2848 1272 et
2881 1217 3061 1288 ipsum
3099 1221 3330 1293 diligere
3374 1223 3585 1282 Patren

2005 1297 2132 1368 quis
2166 1315 2278 1355 non
2301 1301 2482 1358 dicet?
2507 1301 2798 1370 Quomodo
2823 1317 3031 1374 autem,
3057 1327 3266 1382 quaeso,
3289 1315 3456 1371 etiam
3480 1332 3590 1376 sua

2007 1386 2065 1441 in
2100 1402 2202 1445 nos
2248 1389 2570 1450 dilectionis
2622 1395 2978 1453 manifestum
3024 1400 3292 1458 indicium
3330 1404 3588 1465 afferebat

2005 1478 2153 1549 quod
2188 1495 2288 1550 pro
2333 1482 2499 1540 nobis
2530 1486 2644 1554 pati
2698 1487 3009 1546 voluisset!
3043 1509 3063 1544 ι
3113 1491 3376 1564 Maiorem
3407 1499 3590 1567 enim,

2006 1572 2208 1642 inquit,
2257 1574 2362 1631 hac
2403 1576 2759 1637 dilectionem
2794 1597 2958 1639 nemo
3003 1584 3202 1653 habet,
3242 1597 3300 1644 ut
3349 1592 3587 1649 animam

2006 1676 2164 1717 suam
2203 1673 2372 1734 ponat
2397 1666 2523 1735 quis
2560 1682 2660 1738 pro
2689 1669 2880 1730 amicis
2894 1671 2983 1727 7".
3031 1689 3051 1724 ι
3083 1673 3192 1730 Aut
3217 1690 3319 1731 cur
3347 1677 3499 1750 diligi
3527 1694 3590 1737 se

293 1757 466 1825 φίλων
495 1755 682 1812 αὐτού.
723 1776 742 1807 ι
779 1757 845 1811 Τί
876 1757 935 1812 δὲ
970 1756 1098 1828 παρ’
1129 1757 1288 1828 ήμῶν
1305 1757 1407 1830 τὴν
1433 1759 1514 1823 εἰς
1544 1757 1737 1812 ἑαυτὸν
1761 1759 1886 1828 ἀγά-

2003 1768 2034 1810 a
2063 1755 2225 1812 nobis
2276 1757 2571 1816 manifeste
2601 1762 2848 1831 petebat,
2897 1770 3066 1836 atque
3117 1765 3194 1822 ita
3242 1767 3580 1826 voluntatem

294 1867 404 1921 πην
436 1848 621 1922 ἐζήτει
649 1847 856 1919 σαφῶς,
907 1847 996 1904 διά
1019 1865 1081 1902 τε
1110 1847 1269 1903 τοῦτο
1304 1849 1548 1922 πληροῦν
1582 1849 1898 1920 ἐπείγεσθαι

291 1943 360 1998 τά
407 1942 670 1998 δοκοῦντα
697 1940 880 2013 αύτῷ;
918 1959 938 1994 ι
982 1942 1043 1997 '0
1070 1942 1178 2012 γὰρ
1207 1941 1434 2012 ἀγαπῶν
1469 1960 1558 2015 με,
1615 1943 1770 2015 φησὶ,
1797 1942 1898 2008 τὰς

291 2035 513 2100 ἐντολάς
558 2052 661 2106 μου
690 2036 941 2108 τηρήσει.
978 2053 998 2087 ›
1037 2035 1178 2089 Πότε
1215 2034 1325 2108 γάρ
1350 2035 1449 2107 τὴν
1494 2035 1644 2091 θείαν
1675 2036 1895 2108 ἐντολὴν

291 2131 624 2200 τηρήσομεν,
679 2131 759 2193 εἰς
789 2129 851 2182 τὸ
883 2128 1057 2200 παρὸν
1090 2129 1497 2201 ἀλογήσαντεςς
1541 2129 1670 2185 Ὅτε
1717 2129 1896 2184 τοίνυν

294 2220 586 2276 πιστεῦσαι
642 2219 743 2292 μὲν
785 2220 956 2288 ἀξιον,
988 2221 1071 2275 ὅτι
1109 2220 1257 2292 φιλεῖ
1283 2222 1313 2276 6
1341 2222 1469 2287 Υἱὸς
1509 2222 1601 2276 τὸν
1647 2221 1892 2294 Πατέρα,

293 2312 485 2384 ἀγαπᾷ
512 2312 568 2366 δὲ
603 2314 774 2384 ἡμᾶς,
796 2313 893 2367 καὶ
932 2313 1062 2384 παρ’
1108 2314 1268 2386 ήμῶν
1307 2314 1612 2384 ἀγαπᾶται,
1640 2313 1758 2379 πῶς
1789 2313 1892 2368 οὐκ

296 2403 588 2457 ἀκόλουθον
602 2404 803 2458 ἐννοεῖν
818 2403 906 2458 ἐτε
913 2404 1005 2477 ρόν
1014 2421 1068 2457 τι
1100 2403 1356 2474 βεδουλεῦ
1363 2403 1484 2458 σθαι
1501 2421 1713 2476 καταση
1722 2404 1890 2476 μῆναι

291 2493 384 2550 τδν
400 2495 555 2560 Υἱδν,
572 2495 771 2550 καὶτὸν
782 2496 881 2569 τῆς
896 2495 1144 2560 ἐνώσεως
1160 2495 1364 2568 τρόπον
1383 2496 1444 2550 οὐ
1468 2495 1546 2568 τῷ
1554 2495 1656 2567 τῆς
1669 2496 1890 2567 ἀγάπης

289 2585 580 2658 ὁρίζεσθαι
625 2588 794 2660 νόμῳ,
850 2587 1054 2660 μᾶλλον
1079 2587 1138 2642 δὲ
1164 2588 1288 2644 καθ’
1318 2588 1509 2661 ἕτερόν
1531 2604 1656 2642 τινα
1688 2587 1892 2660 τρόπον

291 2678 733 2750 εἰσ-κεκομικέναι
745 2679 1086 2749 σαφῶς,ὅταν
1097 2680 1233 2753 λέγῃ
1247 2679 1384 2753 πρὸς
1396 2682 1428 2752 ἡ
1436 2681 1566 2752 μᾶς.
1576 2699 1594 2733 ι
1604 2679 1696 2736 Ἑν
1707 2679 1891 2754 ἐκείνῃ

287 2773 358 2844 τῇ
386 2771 573 2844 ἡμέρᾳ
624 2771 898 2841 γνώσεσθε
935 2775 1017 2829 ὅτι
1071 2772 1183 2843 ἐγὼ
1214 2773 1272 2828 ἐν
1300 2772 1380 2845 τῷ
1423 2771 1603 2845 Πατρῖ
1634 2789 1759 2844 μου,
1787 2773 1886 2828 καὶ

290 2863 452 2936 ὑμεῖς
488 2865 547 2916 ἐν
573 2865 718 2936 ἐμοὶ,
749 2862 908 2934 κάγὼ
944 2865 1002 2919 ἐν
1029 2863 1194 2935 ὑμῖν;
1228 2881 1247 2915 ι

371 2953 514 3009 Ἀλλ’
552 2955 670 3026 ἐρεῖ
714 2953 851 3026 πρὸς
895 2953 1052 3007 τοῦτο
1091 2952 1254 3024 τυχὸν
1294 2953 1323 3006 6
1368 2951 1439 3007 δι’
1465 2952 1740 3020 ἐναντίας,
1795 2953 1882 3008 ὅτι

2005 1861 2164 1902 suam
2209 1863 2239 1904 a
2274 1849 2435 1906 nobis
2466 1851 2728 1923 impleri?
2771 1852 2931 1922 Nam,
2963 1873 2992 1939 _¢
3018 1854 3077 1911 Si
3109 1857 3236 1929 quis
3253 1857 3430 1932 diligit
3459 1876 3584 1928 me,

2002 1939 2204 2010 inquit,
2238 1941 2497 1997 mandata
2545 1958 2664 1999 mea
2713 1947 2959 2002 servabit
2987 1947 3056 2002 ".
3113 1967 3132 2002 ι
3175 1950 3407 2017 Quando
3436 1953 3584 2009 enim

1955 2045 1963 2051 κ
2002 2029 2252 2086 divinum
2302 2033 2624 2090 mandatum
2666 2031 3034 2106 servabimus,
3080 2042 3179 2112 qui
3240 2044 3295 2100 in
3339 2059 3583 2115 praesens

2004 2120 2145 2178 illud
2187 2124 2566 2197 negligamus?
2611 2127 2749 2183 Cum
2798 2143 2932 2202 ergo
2976 2133 3206 2191 credere
3249 2150 3479 2195 necesse
3510 2138 3586 2196 sit

2001 2210 2202 2273 Filium
2231 2215 2457 2288 diligere
2495 2216 2740 2285 Patrem,
2781 2235 2993 2293 nosque
3028 2224 3100 2280 ab
3131 2224 3275 2297 ipso,
3301 2235 3358 2284 et
3398 2229 3581 2300 ipsum

2000 2319 2031 2360 a
2063 2307 2224 2362 nobis
2252 2307 2442 2380 diligi,
2483 2311 2763 2382 quomodo
2796 2327 2909 2369 non
2947 2316 3303 2388 cogitandum
3331 2322 3583 2392 sequitur

1996 2399 2144 2454 aliud
2178 2400 2441 2471 quiddam
2484 2391 2795 2474 signiﬁcare
2819 2405 3062 2463 voluisse
3091 2406 3313 2477 Filium,
3342 2421 3398 2467 et
3413 2391 3583 2470 iunio-

1997 2489 2082 2544 nis
2123 2489 2345 2546 modum
2391 2505 2503 2547 non
2542 2492 2858 2552 dilectionis
2898 2497 3019 2568 lege
3054 2498 3306 2570 definire,
3336 2502 3437 2558 sed
3469 2504 3580 2562 alia

1994 2579 2230 2652 quadam
2281 2581 2498 2638 ratione
2543 2583 2693 2640 clare
2739 2587 3087 2658 exposuisse,
3141 2606 3268 2648 cum
3300 2595 3427 2653 ait:
3464 2617 3485 2652 ι
3515 2597 3578 2655 In

1993 2672 2090 2727 illo
2121 2671 2210 2726 die
2239 2675 2608 2744 cognoscetis,
2639 2677 2770 2746 quia
2804 2692 2908 2750 ego
2936 2678 2993 2736 in
3022 2679 3189 2739 Patre
3215 2698 3362 2754 meo,
3390 2695 3447 2745 et
3473 2701 3578 2747 ws

1996 2758 2051 2814 in
2084 2775 2190 2826 me,
2234 2771 2290 2816 et
2317 2775 2420 2830 ego
2448 2761 2506 2817 in
2534 2763 2735 2821 vobis?

2060 2939 2170 2996 Sed
2204 2940 2395 2999 forsan
2438 2941 2507 2999 ad
2537 2944 2644 3000 hoc
2689 2945 2841 3002 dicet
2876 2948 3260 3019 adversarius,
3287 2951 3573 3012 Christum

288 3047 400 3118 πρό
437 3046 540 3118 μέν
587 3045 684 3101 τοῦ
725 3046 934 3112 πάθους
959 3046 1025 3100 τά
1051 3044 1273 3100 τοιαῦτα
1306 3044 1444 3117 πρὸς
1469 3046 1616 3118 ἡμᾶς
1651 3045 1878 3118 λελάλη-

1989 3039 2111 3090 ante
2155 3034 2470 3104 passionem
2507 3037 2733 3108 quidem
2767 3039 2886 3097 haec
2908 3041 2979 3098 ad
3007 3057 3112 3100 nos
3145 3043 3393 3102 locutum
3421 3062 3572 3114 esse.

287 3153 386 3191 κεν
408 3138 438 3191 6
463 3135 723 3209 Χριστὸς,
754 3135 831 3200 ὡς
853 3135 1042 3206 ἀγαπᾷ
1070 3134 1170 3205 μὲν
1198 3134 1360 3199 αὐτὸς
1391 3133 1482 3188 τὸν
1507 3135 1749 3208 Πατέρα,
1785 3136 1879 3190 καὶ

284 3227 670 3298 ἀνταγαπᾶται
703 3227 856 3299 παρά
895 3226 990 3280 τοῦ
1020 3226 1253 3299 Πατρὸς,
1283 3228 1474 3301 ἀγαπᾷ
1502 3229 1560 3284 δὲ
1590 3229 1687 3284 καὶ
1710 3230 1881 3302 ἡμᾶς,

283 3317 382 3373 καὶ
413 3320 575 3391 ἡμεῖς
603 3318 768 3373 αὐτόν
795 3336 812 3353 υ
849 3317 986 3390 μετά
1015 3318 1072 3372 δέ
1105 3334 1170 3387 γε
1211 3317 1274 3373 τὸ
1320 3319 1492 3384 πάθος
1537 3321 1632 3376 καὶ
1671 3319 1772 3392 τὴν
1813 3321 1882 3375 ἐκ

285 3409 501 3481 νεκρῶν
535 3409 851 3476 ἀναϐίωσιν,
883 3410 1115 3482 ἐπείπερ
1146 3409 1362 3482 εἴδομεν
1397 3410 1769 3483 διαρρήξαντα
1802 3411 1883 3467 ’τά

282 3495 381 3552 τοῦ
419 3496 654 3552 θανάτου
690 3497 887 3569 δεσμὰ,
914 3497 1237 3571 ἐγνώκαμεν
1279 3501 1361 3554 ὅτι
1394 3501 1452 3554 ἐν
1485 3501 1662 3573 Πατρί
1705 3503 1876 3570 ἐστιν,

284 3589 384 3646 lu
412 3590 479 3664 δὴ
507 3591 603 3645 καὶ
632 3590 1016 3663 ἀγαπώμενος,
1043 3591 1134 3646 διά
1160 3609 1218 3646 τε
1245 3591 1404 3646 τοῦτο
1427 3593 1521 3647 καὶ
1545 3593 1785 3659 ἀναστὰς
1813 3595 1902 3648 ὲκ-

282 3682 532 3756 κκρῶνο
563 3681 651 3737 διά
691 3683 848 3737 τοῦτο
879 3683 975 3738 καὶ
1021 3684 1185 3748 αὐτὸς
1221 3685 1280 3739 ἐν
1310 3685 1440 3757 ἡμῖν
1485 3685 1582 3740 καὶ
1613 3686 1775 3758 ἡμεῖς
1818 3686 1878 3740 ἐν

280 3773 458 3848 abst},
489 3775 634 3830 κατά
664 3774 754 3830 τὸν
787 3776 950 3830 αὐτὸν
986 3777 1084 3848 τῆς
1117 3777 1338 3848 ἀγάπης
1367 3777 1544 3847 λόγον.
1591 3777 1784 3850 Ἡμεῖς
1818 3777 1878 3832 δέ

280 3865 423 3938 πρὸς
454 3864 614 3920 τοῦτό
652 3883 853 3937 φαμεν,
889 3867 1124 3938 μάλιστα
1179 3869 1278 3940 μὲν
1327 3868 1575 3940 ληρώδης
1616 3870 1746 3940 ὑμῖν
1782 3870 1878 3925 καὶ

279 3958 546 4022 ἀσύνετος
596 3959 896 4027 παντελῶς,
935 3960 1028 4014 καὶ
1074 3960 1164 4015 διά
1215 3959 1434 4032 σαθρῶν
1470 3957 1576 4014 εῐσι
1623 3960 1796 4031 λόγων
1838 3963 1875 4035 ἠ

279 4053 579 4117 ἀντίθεσις.
628 4053 799 4125 Πλὴν,
839 4048 884 4109 ὧ
913 4058 1174 4125 γενναῖοι,
1204 4055 1571 4126 διασκέψασθε
1603 4057 1766 4112 πάλιν
1791 4058 1873 4112 ὅτι

281 4147 391 4219 πρὸ
418 4147 520 4218 τῆς
550 4148 615 4201 ἐκ
660 4147 870 4220 νεκρῶν
898 4148 1248 4215 ἀναστάσεως
1276 4150 1412 4222 ὅπερ
1451 4148 1699 4222 ἔγνωμεν
1737 4151 1871 4222 ἀλη-

1983 3140 2183 3196 nempe
2200 3127 2347 3198 quod
2365 3128 2489 3199 ipse
2519 3130 2740 3200 quidem
2764 3129 2984 3190 Patrem
3018 3133 3217 3208 diligat
3240 3145 3294 3192 et
3319 3138 3570 3197 vicissim

1985 3217 2250 3290 diligatur
2289 3235 2321 3274 a
2357 3219 2546 3288 Patre,
2592 3221 2847 3293 adeoque
2877 3238 2982 3281 nos
3015 3226 3135 3296 ipse
3165 3228 3356 3300 diligat
3383 3239 3441 3286 et
3466 3247 3573 3290 nos

1984 3311 2205 3382 ipsum;
2253 3311 2350 3366 sed
2397 3318 2528 3383 post
2569 3313 2886 3382 passionem
2935 3323 2991 3371 et
3032 3320 3498 3378 resurrectionem
3537 3336 3571 3377 α

1983 3401 2244 3466 mortuis,
2304 3412 2599 3474 postquam
2653 3404 2987 3476 agnovimus
3039 3421 3168 3464 eum
3223 3411 3424 3468 mortis
3471 3427 3572 3469 ru-

1981 3491 2130 3563 pisse
2160 3492 2404 3560 vincula,
2445 3503 2806 3565 perspectum
2853 3496 3020 3555 nobis
3053 3497 3232 3557 fuisse
3280 3517 3407 3559 eum
3442 3518 3570 3562 esse

1981 3584 2038 3641 in
2082 3582 2271 3653 Patre,
2318 3593 2509 3657 utpote
2555 3587 2824 3644 dilectum
2865 3604 2930 3646 ac
2972 3591 3212 3662 proinde
3257 3607 3289 3648 a
3331 3597 3568 3653 mortuis

1979 3677 2317 3744 excitatum;
2348 3677 2564 3735 idcirco
2592 3681 2660 3736 et’
2685 3679 2871 3752 ipsum
2908 3697 3034 3740 esse
3079 3683 3138 3740 in
3172 3684 3336 3743 nobis
3365 3695 3422 3743 et
3461 3703 3569 3747 nos

1978 3767 2037 3824 in
2069 3768 2212 3840 ipso,
2227 3771 2530 3826 secundum
2546 3772 2793 3829 eamdem
2807 3774 3122 3834 dilectionis
3141 3779 3435 3838 rationem.
3451 3779 3566 3839 Nos

1978 3866 2163 3916 autem
2177 3861 2576 3932 respondemus
2588 3860 2841 3922 frivolam
2855 3882 2978 3924 esse
2995 3877 3048 3925 et
3068 3869 3315 3940 putidam
3330 3886 3564 3942 prorsus

1977 3950 2761 4022 objectionem.Verumtamen
2775 3961 3122 4019 considerate
3133 3977 3352 4034 rursus,
3363 3981 3398 4022 ο
3408 3967 3561 4038 boni,

1975 4057 2088 4098 non
2121 4043 2298 4101 fuisse
2329 4047 2493 4104 nobis
2531 4062 2670 4118 opus
2704 4059 2831 4121 post
2859 4054 3328 4114 resurrectionem
3345 4058 3563 4117 discere

1975 4132 2123 4204 quod
2145 4142 2274 4191 ante
2285 4138 2748 4196 resurrectionem
2770 4157 2900 4199 vere
2922 4146 3309 4214 cognovimus.
3331 4147 3390 4204 Si
3407 4151 3557 4207 enim

282 4236 411 4302 θῶς,
461 4238 564 4292 οὒκ
615 4238 722 4292 ἔδει
773 4238 964 4310 μαθεῖν
999 4238 1136 4311 μετά
1172 4239 1270 4312 τὴν
1317 4241 1631 4299 ἀνάστασιν.
1667 4243 1731 4296 El
1771 4241 1872 4314 μὲν

1989 4225 2294 4297 ωροτῖοοῑο
2310 4229 2676 4288 credebamus
2701 4232 2856 4304 diligi
2893 4248 2921 4287 a
2954 4249 3056 4290 suo
3077 4233 3242 4294 Patre
3268 4237 3470 4295 Filium
3500 4249 3559 4298 et

281 4327 392 4399 7&p
443 4328 652 4391 ἀτελῶς
699 4328 1055 4400 ἐπιστεύομεν
1099 4329 1191 4382 τὸν
1235 4328 1364 4382 Υἱὺν
1414 4331 1732 4399 ἀγαπᾶσθαι
1771 4331 1870 4403 μὲν

1989 4335 2124 4375 tunc
2151 4321 2398 4379 vicissim
2433 4323 2651 4381 Patrem
2680 4326 2927 4398 diligere,
2959 4330 3335 4401 exspectanda
3360 4332 3558 4404 utique

283 4421 437 4492 παρά
468 4421 562 4474 τοῦ
598 4421 728 4475 ῑδὶου
775 4421 1007 4492 Πατρὸς,
1050 4421 1271 4492 ἀγαπᾷν
1320 4420 1378 4474 δέ
1429 4421 1525 4476 καὶ
1550 4416 1737 4479 ἀὐτὸν
1773 4423 1868 4478 τὸν

1989 4421 2093 4470 παι
2121 4415 2483 4484 resurrectio,
2534 4426 2593 4472 ut
2636 4418 2972 4490 cognitionis
3003 4421 3395 4492 perfectionem
3425 4425 3558 4484 inde

283 4510 525 4583 Πατέρα,
556 4511 871 4583 περιμένειν
902 4511 1074 4575 ὅντως
1105 4511 1272 4582 ἐχρῆν
1309 4509 1408 4584 τὴν
1435 4511 1749 4576 ἀνάστασιν,
1780 4513 1870 4568 ῖνα

279 4604 382 4676 τῆς
407 4604 665 4672 γνώσεως
696 4602 908 4676 ἐχωμεν
943 4603 1147 4658 ἐκεῖθεν
1180 4603 1279 4674 τὴν
1305 4602 1640 4678 τελειότητα.
1687 4604 1753 4659 El
1810 4604 1870 4658 δέ

283 4696 598 4760 ἀξιόπιστος
635 4697 664 4749 6
693 4695 885 4766 Πατὴρ
908 4735 924 4761 ,
973 4695 1068 4748 καὶ
1109 4695 1216 4766 πρὸ
1253 4695 1352 4766 τῆς
1393 4695 1744 4762 ἀναστάσεως
1777 4695 1871 4751 λέ-

278 4805 426 4858 γων’
459 4807 477 4841 ι
507 4789 678 4853 Αὐτός
717 4790 863 4842 ἐστιν
906 4789 936 4842 6
976 4787 1105 4847 Υἱός
1151 4806 1254 4860 μου
1303 4789 1333 4841 6
1365 4790 1670 4860 ἀγαπητὸς,
1703 4810 1724 4845 ι
1747 4791 1873 4864 ἀλη-

277 4879 431 4935 θεύει
483 4881 541 4934 δέ
586 4879 682 4933 καὶ
727 4879 889 4944 αὐτὸς
944 4879 972 4931 6
1019 4879 1232 4951 Σωτὴρ,
1268 4879 1475 4949 λέγων,
1513 4899 1534 4933 ι
1583 4881 1651 4951 '0.
1682 4883 1871 4956 Πατὴρ

274 4973 471 5044 ἀγαπᾷ
511 4972 604 5025 τὸν
652 4970 799 5025 Υῖόν·
841 4990 860 5024 ι
911 4970 940 5023 6
983 4971 1040 5026 δέ
1087 4971 1186 5044 τῆς
1227 4972 1448 5044 ἀγάπης
1494 4971 1653 5042 λόγος
1703 4981 1760 5036 ἐν
1801 4977 1868 5047 τῇ

272 5065 422 5121 κατά
454 5066 564 5118 πᾶν
601 5064 896 5137 τελειότητι
941 5065 1141 5118 νοεῖται
1187 5065 1540 5136 πρεπόντως·
1579 5064 1633 5118 τε
1662 5065 1867 5137 φληνά-

267 5174 394 5226 φως
421 5157 569 5227 ἡμᾶς
598 5159 983 5229 κατακροτεῖτε
1014 5155 1233 5226 λόγοις;
1263 5156 1328 5210 Τί
1376 5157 1455 5225 δὲ,
1498 5157 1560 5211 τὸ
1595 5158 1694 5228 τῆς
1731 5157 1867 5229 ἀληο

268 5247 436 5310 θεῖας
479 5245 892 5318 παρωθούμενοι
938 5245 1152 5312 κάλλος,
1197 5244 1259 5298 τδ
1297 5244 1537 5309 δυσειδὲς
1569 5248 1702 5317 ἡμῖν
1731 5247 1864 5301 ἀνα-

269 5341 547 5393 πλάττετε
599 5339 812 5409 ψεῦδος,
862 5338 1171 5403 ἐξέλκοντες
1223 5337 1321 5409 μὲν
1366 5338 1465 5408 τῆς
1517 5337 1613 5392 τοῦ
1653 5337 1867 5410 Πατρδς

265 5430 463 5493 οὐσίας
491 5429 584 5483 τὸν
615 5429 674 5494 ἐξ
720 5427 883 5482 αὑτοῦ
927 5428 1020 5482 καὶ
1057 5426 1124 5481 δι’
1153 5427 1319 5482 αὐτοῦ
1358 5427 1509 5492 Υἱὸν,
1543 5426 1778 5500 σαθροὺς
1807 5427 1864 5481 δὲ

267 5522 392 5576 λίαν
431 5521 809 5592 ἐπινοούμενοι
855 5521 1066 5588 λόγους,
1104 5519 1198 5572 καὶ
1237 5520 1474 5590 στροφὰς
1494 5519 1711 5573 ἀτόπων
1743 5521 1863 5572 ἐπι-

270 5611 526 5675 νοοῦντες
581 5610 992 5680 συλλογισμῶν;
1025 5611 1145 5662 Ὀτι
1210 5607 1318 5680 γὰρ
1379 5608 1667 5680 ἠγάπησεν
1716 5609 1861 5679 ἡμᾶς

1974 4522 2466 4578 consequeremur.
2497 4509 2655 4575 Quod
2688 4509 2736 4567 si
2781 4527 2949 4567 verax
2995 4521 3114 4570 erat
3153 4512 3355 4580 Pater,
3385 4518 3555 4574 etiam

1976 4615 2100 4655 cum
2131 4609 2262 4654 ante
2283 4600 2756 4656 resurrectionem
2791 4602 3006 4659 diceret
3038 4621 3050 4659 :
3086 4622 3107 4657 ι
3136 4603 3238 4662 Hic
3265 4617 3352 4664 est
3377 4605 3554 4664 Filius

1975 4706 2134 4748 meus
2163 4691 2403 4747 dilectus
2426 4693 2493 4755 ",
2521 4711 2540 4745 ι
2577 4700 2634 4748 et
2665 4692 2927 4750 Servator
2954 4695 3078 4766 ipse
3103 4711 3232 4752 vere
3277 4697 3550 4769 loquitur,

1975 4798 2100 4839 cum
2147 4784 2226 4839 ait
2269 4803 2283 4838 :
2327 4783 2533 4841 «Pater
2583 4783 2769 4858 diligit
2823 4785 3028 4842 Filium
3060 4788 3131 4853 ⁷⁸,
3165 4808 3184 4841 ι
3227 4787 3551 4846 dilectionis

1979 4885 2161 4930 autem
2203 4877 2374 4948 818
2400 4877 2668 4932 rationem
2698 4877 3156 4948 perfectissimam
3199 4881 3417 4938 censeri
3447 4881 3548 4937 de-

1977 4975 2066 5024 cet
2093 4984 2107 5022 :
2139 4965 2244 5022 cur
2292 4984 2392 5025 nos
2425 4968 2640 5024 frivolis
2679 4970 3031 5026 sermonibus
3066 4970 3423 5028 obtunditis?
3452 4979 3550 5027 aut

1975 5073 2100 5126 cur,
2142 5060 2397 5116 veritatis
2423 5061 2839 5131 pulchritudine
2873 5063 3100 5132 rejects,
3135 5063 3339 5118 infame
3382 5061 3547 5118 nobis

1972 5150 2321 5206 mendacium
2370 5152 2601 5223 ﬁngitis,
2648 5152 2717 5208 de
2761 5154 3075 5211 substantia
3122 5152 3306 5208 Patris
3352 5151 3547 5208 detru-

1971 5240 2168 5297 dentes
2210 5257 2332 5296 eum
2363 5243 2457 5314 qui
2486 5260 2555 5300 ex
2594 5246 2718 5316 ipso
2759 5253 2814 5301 et
2855 5260 2954 5316 per
2987 5247 3169 5316 ipsum
3203 5251 3289 5300 est
3320 5243 3546 5313 Filium,

1971 5332 2301 5402 excogitatis
2328 5335 2535 5404 putidis
2561 5336 2876 5392 rationibus
2906 5345 2960 5392 et
2986 5335 3354 5392 absurdorum
3384 5350 3554 5408 argu-

1970 5433 2285 5480 mentorum
2339 5428 2630 5497 strophis?
2703 5427 2865 5495 Quod
2922 5427 3068 5484 enim
3126 5427 3388 5486 dilexerit
3438 5441 3546 5485 nos

1971 5514 2302 5586 Unigenitus
2334 5531 2570 5588 eumque
2619 5535 2722 5576 nos
2770 5519 3161 5587 dilexerimus,
3191 5521 3370 5578 cuivis
3416 5532 3544 5590 per-

1969 5607 2180 5678 spicere
2234 5607 2439 5672 licebit,
2484 5613 2658 5681 ipsam
2693 5614 2944 5668 veritatis
2995 5621 3246 5668 naturam
3284 5607 3542 5686 conside-

346 5728 394 5776 τ’
438 5725 591 5785 lcsn.
620 5742 705 5790 nt.
739 5726 827 5784 55.
1019 5723 1182 5782 Joan.
1215 5741 1308 5791 xv,
1342 5725 1428 5781 l5.
1502 5723 1731 5800 ".Joan.
1765 5741 1874 5791 xlv,
1921 5725 2003 5782 l5.
2085 5724 2140 5798 ⁷⁷,
2171 5722 2358 5781 Matth.
2391 5744 2526 5796 xvn,
2559 5730 2610 5785 5.
2689 5732 2734 5765 ⁷⁸
2765 5731 2924 5789 Joan.
2970 5747 3050 5796 ιιι,
3090 5729 3180 5785 35.
