4042 6204
428 243 528 299 971

1420 246 1477 302 S.
1516 247 1796 306 CVRILLI
1833 249 2304 307 ALEXANDRINI
2342 251 2666 344 ARCHIBP.

3584 267 3691 323 272

427 379 554 429 rare
599 363 826 422 volenti.
864 383 884 418 ι
909 364 1046 421 Nam
1095 381 1221 424 cum
1251 367 1307 423 in
1343 366 1521 425 forma
1564 371 1660 426 Dei
1705 386 1773 427 ac
1815 371 1999 428 Patris

2102 375 2131 428 ὁ
2154 373 2483 444 Μονογενὴς,
2508 373 2875 444 ἠγαπήσαμεν
2902 372 2960 428 δὲ
2998 374 3093 429 καὶ
3126 374 3288 447 ἡμεῖς
3317 376 3502 445 αὑτὸν,
3530 383 3691 436 παντί

424 465 597 521 esset,
626 459 1015 531 nonrapinam
1043 459 1344 517 arbitratus
1373 470 1459 517 est
1484 478 1608 518 esse
1637 478 1700 521 se
1730 465 2001 533 aequalem

432 547 567 609 Deo,
620 549 713 605 sed
787 550 1148 621 semetipsum
1207 554 1520 609 exinanivit
1567 553 1803 612 formam
1857 557 2003 613 servi

427 641 709 708 accipiens
735 641 805 696 "’.
834 661 853 693 ι
890 644 959 696 Αι
990 659 1268 713 quaenam,
1306 646 1562 709 obsecro.
1597 647 1795 702 horum
1830 663 2004 705 causa

430 733 571 785 luit?
597 731 791 789 Nonne
821 733 1139 792 dilectionis
1169 752 1300 808 erga
1336 751 1440 793 nos
1473 738 1653 793 ratio?
1683 740 1755 793 At
1779 739 2002 795 cuinam

427 822 656 877 dubium
706 823 856 878 istud
887 840 1014 881 esse
1050 828 1303 896 poterit?
1334 829 1488 894 Quod
1522 838 1705 885 autem
1733 845 1838 886 nos
1861 846 2001 899 quo-

427 928 534 981 quc
572 928 673 983 pro
716 914 943 972 Christo
977 917 1154 988 ipsum
1195 920 1342 974 ultro
1389 920 1628 976 animam
1650 937 2005 994 persequen-

427 1007 576 1062 tibus
627 1007 950 1077 objicimus,
996 1026 1065 1065 ne
1100 1011 1408 1068 Dominum
1458 1021 1710 1071 nostrum
1760 1015 2002 1087 abnege-

429 1113 576 1164 mus,
620 1101 876 1171 nunquid
918 1102 1212 1160 manifesto
1245 1105 1565 1164 dilectionis
1600 1108 2001 1180 itLipsumar-

429 1200 691 1260 gumento
729 1200 783 1249 et
818 1193 1030 1250 indicio
1059 1194 1264 1252 fuerit?
1290 1199 1457 1270 Atqui
1486 1201 1573 1257 vel
1616 1201 1763 1257 istud
1796 1217 2001 1258 everum

426 1300 551 1340 esse
608 1283 893 1352 fateberis,
946 1288 1030 1344 vel
1077 1298 1307 1347 sanctos
1361 1300 1634 1365 martyres
1687 1294 2000 1361 damnabis,

426 1378 587 1447 quasi
629 1375 836 1434 frustra
873 1389 1095 1450 propter
1144 1381 1428 1438 Christum
1484 1385 1635 1454 passi
1679 1385 2004 1452 sint,-tan—

427 1474 655 1541 tumque
685 1468 989 1538 periculum
1016 1471 1189 1541 gratis
1214 1478 1270 1526 et
1306 1473 1430 1529 sine
1462 1475 1716 1531 mercede
1755 1477 2002 1545 pertule-

430 1557 559 1612 rint.
587 1558 882 1633 Coinergo
897 1562 1526 1632 .perspicueadmodum
1559 1568 1999 1624 demonstratum

427 1648 501 1703 sit
539 1647 755 1705 l'atrem
794 1651 1109 1722 perfectam
1172 1654 1393 1725 quidem
1437 1657 1492 1712 in
1542 1656 1742 1714 Filium
1799 1660 2002 1716 habere

2102 483 2182 536 τῳ
2213 465 2562 536 προκείσεται
2615 464 2710 518 καὶ
2756 463 2883 520 λίαν
2926 466 3158 536 ἑτοίμως
3201 468 3352 533 ἰδεῖν,
3391 470 3561 543 αὑτὴν
3589 471 3690 528 ἐπ-

2103 556 2291 627 αθρεῖν
2316 554 2665 634 ἐθέλοντιιτῆς
2692 555 2949 626 ἀληθείας
2979 556 3078 627 τὴν
3107 556 3292 625 φύσινο
3329 577 3347 611 ί
3391 560 3478 612 Ἐν
3509 567 3689 634 μορφῇ

2103 616 2213 718 γὰρ
2246 647 2505 718 ὑπάρχων
2538 616 2806 700 τοῦτθεοῦ
2841 616 2944 701 καὶ⁷
2977 616 3215 721 Πατρὸς,
3260 650 3359 720 οὑχ
3399 616 3693 725 aptaapta};

2103 740 2347 810 ἡγήσατο
2369 739 2430 793 τὸ
2458 736 2596 793 εἶναι
2628 739 2719 792 ῖσα
2752 736 2893 809 Θεῷ,
2940 739 3054 793 ἀλλ’
3078 740 3267 795 ἑαυτὸν
3305 742 3543 796 ὲκένωσε
3569 742 3692 797 δού-

2102 833 2197 886 λου
2224 830 2436 903 μορφὴν
2456 830 2656 886 λαϐών.
2697 850 2716 881 ι
2742 827 2875 885 Εἶτα
2902 832 3008 897 τίς,
3031 834 3152 886 είπέ
3180 850 3293 904 μοι,
3313 834 3419 888 τῶν
3435 834 3693 891 τοιούτων

2101 925 2136 995 ἡ
2165 924 2476 994 πρόφασις;
2510 919 2637 995 Ἆρ’
2664 924 2726 977 οὑ
2758 922 2858 994 τῆς
2891 925 2973 988 εἰς
3000 925 3148 995 ἡμᾶς
3179 925 3399 998 ἀγάπης
3424 928 3453 980 ό
3502 928 3690 997 λόγος;

2105 1014 2217 1069 Καὶ
2253 1013 2372 1078 πῶς
2406 1014 2553 1068 ἐστιν
2582 1014 2950 1085 ὰμφιόαλεῖνς
2984 1016 3061 1069 Τὸ
3089 1016 3146 1069 δὲ
3178 1017 3273 1069 καὶ
3301 1018 3446 1088 ἡμᾶς
3485 1017 3690 1073 ἐθέλειν

2103 1104 2246 1175 ὑπὲρ
2278 1096 2523 1175 Χριστοῦ
2546 1105 2640 1159 καὶ
2670 1104 2839 1177 αὐτὴν
2865 1106 3094 1177 ἑτοίμως
3110 1105 3259 1177 ἔχειν
3282 1106 3691 1179 καταπροέσθαι

2101 1200 2213 1260 τοῖς
2230 1195 2486 1251 διώκουσι
2524 1197 2624 1269 τὴν
2660 1196 2859 1269 ψυχὴν,
2892 1199 2978 1252 ἵνα
3002 1198 3097 1272 ’μὴ
3141 1200 3230 1255 τὸν
3274 1200 3485 1255 ἑαυτῶν
3516 1202 3691 1271 ἀρνη-

2104 1288 2324 1359 σώμεθα
2374 1288 2600 1360 Κύριον,
2645 1286 2737 1363 ἆρ’
2774 1291 2875 1344 οὑκ
2906 1290 2990 1345 ’ἂν
3039 1289 3351 1362 είσκομίσαι
3400 1292 3545 1362 σαφῆ
3589 1292 3689 1364 τὴν

2102 1378 2375 1445 ἀπόδειξιν
2421 1379 2527 1449 τῆς
2570 1382 2650 1444 εἰς
2694 1380 2856 1434 αὑτὸν
2899 1382 3156 1452 ἁγάπηςς
3209 1381 3346 1434 Ἀλλ’
3388 1381 3421 1453 ἡ
3472 1381 3687 1446 πάντως

2102 1469 2298 1541 ἀληθὲς
2336 1471 2452 1541 ἐρεῖ
2502 1487 2587 1534 τις
2647 1471 2741 1524 καὶ
2785 1469 2960 1536 τοῦτο,
3007 1473 3040 1542 ἡ
3091 1470 3203 1542 [ῃο.
3249 1470 3308 1543 ἡ]
3361 1471 3470 1525 τῶν
3520 1471 3689 1540 ἁγίων

2102 1561 2523 1632 καταψηφιεῖται
2555 1562 2867 1634 μαρτύρων,
2905 1563 2981 1626 ὼς
3032 1564 3117 1616 ἐπ’
3147 1561 3322 1616 οὐδενὶ
3351 1563 3461 1616 τῶν
3492 1563 3687 1634 χρησί-

2105 1670 2221 1723 μων
2260 1651 2623 1723 διηθληκότων
2673 1653 2763 1707 διὰ
2810 1653 3044 1726 Χριστὸν
3085 1654 3180 1707 καὶ
3214 1653 3408 1725 ἀμισθὶ
3436 1653 3687 1708 τοσοῦτον

428 1740 783 1805 charitatem,
815 1752 865 1798 ct
894 1743 1067 1798 simili
1114 1746 1279 1801 modo
1324 1762 1452 1802 eum
1484 1747 1704 1805 Patrem
1732 1749 1989 1821 diligere,

2103 1744 2520 1817 ἀνατλησαντων
2565 1745 2824 1801 κίνδυνον.
2870 1745 3344 1817 Ἀποδεδειγμένου
3374 1746 3686 1819 τοιγαροῦν,

427 1840 481 1903 et
510 1846 614 1888 nos
647 1847 795 1898 eum,
820 1849 1035 1904 nosque
1072 1836 1142 1891 ab
1167 1852 1233 1893 eo
1265 1838 1440 1910 diligi,
1467 1841 1603 1911 quid
1651 1842 1882 1899 rationis
1905 1842 2003 1898 de-

429 1939 576 1977 mum
608 1934 693 1980 est
727 1935 920 1995 putare
948 1925 1019 1980 ad
1051 1927 1158 1981 alia
1189 1934 1439 2001 tempora
1478 1930 1645 2000 hujus
1685 1931 1765 1987 rei
1804 1932 2000 2003 cogni-

429 2016 630 2071 tionem
660 2016 937 2082 devolare,
974 2035 1101 2075 cum
1130 2020 1401 2078 Dominus
1430 2023 1580 2078 dicat
1612 2042 1627 2078 :
1662 2043 1680 2077 ι
1700 2023 1760 2079 1η
1790 2025 1883 2080 illa
1911 2025 2005 2081 die

425 2110 793 2178 cognoscetis,
823 2111 953 2180 quia
979 2126 1081 2182 ego
1099 2111 1156 2166 in
1187 2111 1374 2179 Patre,
1401 2122 1456 2169 et
1481 2131 1579 2172 vos
1603 2116 1658 2170 in
1685 2131 1793 2183 me,
1811 2125 1866 2172 et
1890 2131 1994 2188 ego

426 2201 483 2255 in
530 2202 706 2259 vobis.
739 2221 756 2254 ι
799 2201 1028 2266 Valeant
1043 2206 1215 2279 ;nim
1252 2206 1472 2262 illorum
1513 2223 1673 2279 nugm
1699 2218 1756 2265 et
1800 2209 1999 2280 impia-

428 2309 548 2361 rum
601 2294 1088 2353 ratiocinationum
1147 2306 1460 2353 commenta
1511 2316 1524 2352 :
1582 2314 1705 2365 nos,
1759 2298 2003 2369 Spiritus

428 2385 795 2445 illustratione
824 2387 1042 2452 confisi,
1075 2386 1259 2444 dicere
1288 2403 1406 2444 non
1436 2390 1749 2447 verebimur
1780 2405 1904 2462 quae
1932 2392 2003 2447 ad

424 2477 746 2557 quaestionis
774 2477 940 2549 hujus
964 2478 1383 2549 explicationem
1414 2493 1574 2538 recte
1590 2496 1660 2539 se
1689 2482 1891 2541 habere
1920 2484 2004 2540 vi-

425 2568 726 2627 dehuntur.

2106 1840 2201 1893 καὶ
2236 1837 2382 1908 μάλα
2416 1838 2624 1908 σαφῶς,
2652 1837 2728 1901 ὡς
2769 1837 2979 1892 τελείαν
3028 1837 3125 1909 μὲν
3175 1840 3203 1891 ὁ
3249 1838 3437 1908 Πατὴρ
3477 1840 3559 1901 είς
3595 1839 3687 1892 τὸν

2105 1931 2234 1985 Υίὺν
2281 1931 2394 2002 ἔχει
2456 1930 2554 2004 τὴν
2598 1931 2852 2001 ἀγάπην,
2911 1931 3207 2002 ίσοτρόπως
3256 1930 3313 1984 δὲ
3365 1930 3460 1984 καὶ
3519 1930 3686 1993 αὑτὸς

2103 2024 2296 2094 ἀγαπᾷ
2333 2022 2425 2076 τὸν
2460 2020 2699 2094 Πατέρα,
2743 2022 2838 2074 καὶ
2865 2022 3026 2090 ἡμεῖς
3067 2021 3163 2090 μὲν
3211 2018 3392 2083 αὑτὸν,
3433 2018 3595 2083 αὑτδς
3626 2019 3685 2072 δὲ

2101 2116 2269 2186 ἡμᾶς,
2297 2117 2449 2169 ποῖον
2478 2114 2541 2169 ἂν
2566 2114 2677 2185 ﬁxo:
2702 2113 2856 2183 λόγον
2879 2112 2939 2166 τὸ
2970 2114 3050 2177 είς
3076 2111 3294 2183 ἑτέρους
3317 2111 3522 2166 οἴεσθαι
3558 2109 3686 2181 χρό-

2100 2226 2221 2273 νους
2241 2208 2577 2263 ἀνάπτεσθαι
2613 2207 2773 2278 τυχὸν
2802 2204 2899 2276 τὴν
2933 2206 3027 2257 ἐπὶ
3052 2205 3188 2276 τῷδε
3214 2204 3519 2273 διάγνωσιν,
3554 2203 3684 2256 ὅταν

2097 2299 2231 2373 λέγῃ
2274 2300 2303 2352 ὁ
2350 2299 2582 2371 Κὺριος’
2619 2317 2638 2351 ι
2682 2300 2770 2353 Ἐν
2821 2297 3003 2369 ἐκείνῃ
3038 2299 3104 2368 τῇ
3163 2295 3348 2368 ἡμέρᾳ
3402 2290 3683 2363 γνώσεσθε

2099 2394 2182 2448 ὅτι
2222 2392 2334 2463 ἐγὼ
2367 2394 2426 2447 ὲν
2456 2393 2534 2464 τῷ
2570 2393 2764 2465 Πατρὶ,
2806 2393 2900 2448 καὶ
2942 2393 3097 2463 ὑμεῖς
3144 2393 3201 2445 ὲν
3239 2391 3384 2461 ἐμοὶ,
3426 2386 3584 2455 κάγὼ
3628 2374 3709 2440 ἔν’

2103 2485 2267 2555 ὑμῖν;
2293 2503 2312 2536 ι
2353 2483 2512 2537 Ἀλλὰ
2536 2483 2643 2555 γὰρ
2671 2483 2877 2556 ὲρρέτω
2909 2484 3006 2554 μὲν
3037 2482 3106 2536 τὰ
3135 2482 3357 2559 ἐκείνων
3393 2480 3689 2551 ληρὴματα

2104 2577 2203 2631 καὶ
2232 2576 2340 2631 τῶν
2366 2576 2635 2648 μισοθέων
2658 2576 2932 2647 λογισμῶν
2960 2577 2995 2647 ἡ
3036 2574 3397 2651 παρεὺρεσις·
3421 2573 3582 2643 ἡμεῖς
3607 2566 3686 2635 δὲ,

423 2665 490 2735 τῇ
516 2661 612 2717 τοῦ
650 2663 969 2737 ¹[Ινεύματος
999 2642 1250 2740 δᾳδοῦχίᾳ
1282 2668 1674 2740 θαρσήσαντες,
1701 2672 1873 2725 είπεῖν
1898 2671 1998 2727 οὑκ
2032 2671 2332 2745 όκνὴσομεν
2367 2642 2512 2744 θπερ
2548 2642 2743 2736 ἔδοξεν⁷
2772 2642 2915 2741 ἔέειν
2976 2642 3152 2740 δρθῶς
3211 2642 3348 2738 ὑπὲρ
3393 2642 3688 2736 σαφηνείας

423 2755 533 2809 τῶν
564 2754 929 2828 ζητουμένων.

492 2845 630 2901 Cum
660 2862 794 2917 ergo
827 2847 1186 2918 praemisisset
1220 2869 1233 2903 :
1273 2869 1292 2901 ι
1323 2850 1457 2922 Ego,
1491 2859 1569 2919 et,
1592 2866 1692 2910 vos
1728 2852 1945 2920 vivetis,
1974 2872 1992 2907 ι

2175 2844 2529 2920 Προειρηκὼς
2553 2844 2867 2917 τοιγαροῦν,
2898 2845 2979 2899 ὅτι
3017 2862 3036 2896 ι
3087 2843 3228 2914 Ἐγὼ
3268 2844 3363 2898 καὶ
3405 2845 3558 2915 ὑμεῖς
3590 2844 3690 2918 ζὴ-

425 2939 608 2996 statim
666 2939 756 2995 bis
809 2938 1096 3012 subiungit
1136 2959 1151 2996 :
1195 2942 1301 2997 «In
1347 2945 1443 2998 illo
1496 2944 1587 3001 die
1638 2946 1998 3016 cognoscetis

2104 2940 2297 3007 σεσθε;
2329 2960 2348 2991 ι
2384 2939 2724 3010 παραχρῆμα
2755 2937 2964 3002 τούτοις
2994 2936 3306 3006 ἐπενεγκὼν
3337 2937 3649 3009 εὑρίσκεται
3668 2953 3685 2969 ο

424 3032 555 3101 quia
591 3046 697 3103 ego
719 3031 777 3086 in
792 3028 968 3088 Patre
1013 3048 1136 3090 meo
1163 3043 1218 3090 et
1245 3049 1344 3091 vos
1373 3036 1430 3090 in
1456 3051 1565 3104 me,
1594 3044 1651 3092 et
1681 3051 1783 3108 ego
1812 3037 1869 3092 in
1903 3051 2001 3092 vo-

2110 3052 2129 3085 ι
2171 3033 2260 3086 Ἐν
2280 3032 2460 3103 ἐκείνῃ
2482 3034 2548 3102 τῇ
2574 3030 2756 3102 ἡμέρᾳ
2774 3027 3049 3098 γνώσεσθε
3079 3031 3161 3083 ὃτι
3189 3028 3302 3097 ἐγὼ
3331 3031 3388 3082 ὲν
3411 3029 3487 3100 τῷ
3512 3027 3693 3102 Πατρί

427 3124 532 3179 bis.
564 3143 585 3176 ι
630 3125 699 3178 At
726 3124 946 3179 cuinam
978 3126 1211 3182 omnino
1249 3141 1442 3183 eorum
1475 3128 1570 3198 qui
1602 3135 1733 3184 sunt
1760 3142 1827 3184 ac
1853 3137 2002 3183 recte

427 3215 672 3271 sentiunt
697 3230 809 3272 non
832 3217 986 3273 valde
1012 3219 1365 3289 perspicuum
1392 3217 1471 3274 sit
1492 3218 1637 3273 diem
1659 3220 2002 3291 cognitionis

428 3309 815 3373 determinare,
858 3323 969 3379 quo
1015 3324 1118 3365 nos
1158 3310 1325 3365 etiam
1375 3309 1442 3364 ad
1487 3308 1669 3379 ipsum
1712 3307 2002 3365 reformati

427 3400 495 3456 ad
524 3400 692 3455 vitam
732 3399 1022 3456 ascensuri
1055 3415 1250 3456 sumus
1280 3409 1563 3463 aeternam,
1596 3399 1793 3454 mortis
1832 3398 2003 3454 male-

425 3492 672 3549 dictione
704 3491 914 3547 vitata?
942 3489 1011 3544 Et
1052 3490 1276 3560 quidem
1314 3490 1449 3544 mihi
1474 3491 1587 3545 tale
1614 3489 1747 3560 quid
1792 3489 2005 3560 signifi-

425 3597 558 3640 care
582 3582 801 3637 videtur
831 3580 1057 3646 Paulus,
1091 3595 1215 3637 cum
1252 3579 1499 3634 divinum
1543 3581 1709 3636 nobis
1751 3580 2002 3636 revelans

427 3671 754 3744 mysterium
800 3669 870 3725 ad
922 3669 1221 3725 nonnullos
1273 3668 1515 3726 scribit:
1556 3688 1575 3721 ι
1606 3668 1808 3725 Mortui
1853 3669 2000 3724 enim

424 3763 582 3831 estis,
603 3769 660 3819 et
682 3761 792 3817 vita
829 3770 1012 3818 vestra
1045 3767 1133 3816 est
1167 3758 1491 3815 abscondita
1517 3774 1646 3815 cum
1690 3760 1916 3815 Christo
1942 3758 1998 3814 iu

425 3854 558 3912 θοι).
587 3851 823 3920 Quando
859 3867 993 3923 ergo
1027 3850 1286 3907 Christus
1319 3850 1642 3920 apparuerit
1675 3850 1845 3921 819
1887 3851 2003 3905 vita

423 3958 629 4011 vestra,
679 3952 812 4001 tunc
852 3949 909 3998 et
953 3956 1052 3999 vos
1092 3940 1436 4013 apparebitis
1466 3955 1591 3997 cum
1625 3944 1749 4012 ipso
1787 3942 1842 3996 in
1883 3943 2003 4014 glo-

422 4033 998 4096 ria'°.—Reformabit
1012 4034 1156 4090 enim
1170 4047 1374 4104 corpus
1386 4032 1720 4090 humilitatis
1738 4042 1996 4100 nostram

422 4134 528 4185 hoc
573 4126 836 4182 nimirum
869 4138 935 4180 ac
974 4140 1081 4181 non
1119 4122 1294 4185 aliud,
1332 4142 1351 4175 ι
1376 4123 1779 4196 contiguratum
1812 4124 2004 4194 gloriae

421 4237 534 4277 suae
556 4219 658 4285 ⁸⁸,ι
684 4218 813 4275 etin
838 4216 1131 4287 pristinum
1161 4222 1366 4273 statum
1391 4215 1715 4272 reformabit
1740 4214 2002 4271 inen‘abili

420 4313 630 4367 virtute
650 4307 897 4365 hominis
919 4314 1206 4373 naturam,
1238 4307 1425 4364 omnia
1460 4306 1620 4364 facile
1640 4306 2001 4364 transferens

2107 3143 2230 3196 μου,
2266 3126 2361 3179 καὶ
2387 3124 2543 3195 ὑμεῖς
2587 3123 2645 3175 ἐν
2690 3122 2835 3192 ἐμοὶ,
2870 3119 3026 3189 κάγὼ
3069 3121 3128 3174 ὲν
3182 3121 3330 3191 ὑμῖν.
3368 3140 3387 3173 ι
3415 3117 3545 3174 Εἶτα
3581 3121 3689 3176 τίνι

2100 3216 2210 3289 τῶν
2238 3215 2406 3269 ὄντων
2451 3215 2546 3269 καὶ
2595 3215 2812 3285 φρονεῖν
2853 3212 3121 3267 εἰωθότων
3158 3212 3335 3285 ὀρθῶς
3362 3213 3460 3266 οὑκ
3503 3215 3570 3267 ἂν
3601 3213 3693 3282 γέ-

2102 3325 2246 3375 νοιτο
2296 3307 2391 3360 καὶ
2438 3305 2584 3377 μάλα
2629 3304 2800 3373 σαφὲς
2837 3304 2914 3368 ὼς
2958 3304 3173 3376 ἡμέρας
3224 3304 3397 3377 ὁρίζει
3442 3305 3540 3374 τῆς
3597 3302 3692 3356 ἐπὶ

2101 3397 2276 3469 τούτῳ
2298 3396 2549 3467 γνώσεως
2578 3396 2674 3450 τὸν
2707 3395 2919 3468 καιρὸν,
2952 3395 3076 3449 καθ’
3106 3395 3167 3449 ὃν
3193 3396 3259 3449 ἂν
3290 3395 3382 3449 καὶ
3411 3396 3569 3467 ἡμεῖς
3594 3394 3692 3447 αὑ-

2101 3489 2185 3542 τοὶ
2217 3486 2354 3559 πρὸς
2381 3486 2544 3542 αὑτὸν
2574 3485 3051 3557 ἀναμορφοὺμενοι
3078 3485 3214 3555 πρὸς
3242 3485 3386 3556 ζωὴν
3416 3485 3689 3557 ἀναϐησό-

2092 3579 2246 3651 ,μεθα
2267 3578 2367 3650 τὴν
2395 3577 2634 3640 αἰώνιον,
2666 3579 2764 3648 τὴν
2787 3576 2881 3631 τοῦ
2912 3575 3142 3631 θανάτου
3172 3576 3485 3648 διαδράντες
3514 3578 3688 3647 ἀράν,

2102 3669 2212 3725 Καί
2246 3686 2336 3740 μοι
2365 3668 2513 3723 δοκεῖ
2550 3668 2789 3723 τοιοῦτόν
2817 3686 2871 3722 τι
2900 3668 3190 3741 σημαίνειν
3222 3669 3251 3722 δ
3278 3668 3510 3740 Χριστός
3532 3685 3688 3739 φησι,

2102 3762 2246 3832 φημὶ
2288 3761 2345 3815 δὲ
2381 3762 2473 3814 τὸν
2509 3759 2741 3825 Παῦλον,
2786 3761 2915 3813 ὅταν
2954 3761 3014 3814 τὸ
3063 3760 3202 3815 θεῖον
3240 3763 3373 3832 ἡμῖν
3414 3759 3691 3814 ἀποκαλὺο

2102 3868 2252 3906 πτων
2280 3853 2578 3923 μυστήριον
2608 3852 2894 3922 ἐπιστέλλῃ
2921 3851 3057 3924 πρός
3079 3870 3259 3916 τινας·
3297 3871 3316 3904 ι
3360 3852 3689 3907 ’Δπεθάνετε

2101 3941 2232 4016 γὰρ,
2271 3943 2365 3997 καὶ
2394 3945 2427 4014 ἡ
2453 3943 2576 4015 ζωὴ
2609 3942 2764 4013 ὑμῶν
2810 3943 3115 4015 κέκρυπται
3146 3944 3241 3998 σὺν
3269 3941 3347 4014 τῷ
3378 3942 3597 4015 Χριστῷ
3627 3945 3689 3997 ὲν

2100 4034 2179 4107 τῷ
2225 4034 2363 4106 Θεῷ.
2397 4035 2565 4090 Ὅταν
2627 4030 2721 4090 οὖν
2771 4035 2801 4087 ό
2846 4033 3081 4104 Χριστὸς
3147 4034 3432 4107 φανερωθῇ
3490 4035 3523 4106 ἡ
3571 4024 3688 4106 ζωὴ

2103 4127 2278 4197 ὑμῶν,
2327 4128 2446 4181 τότε
2499 4126 2593 4182 καὶ
2639 4128 2794 4197 ὑμεῖς
2827 4125 3280 4198 φανερωθήσεσθε
3317 4126 3411 4180 σὺν
3446 4124 3595 4196 αὑτῷ
3622 4126 3687 4178 ὲν

2098 4220 2245 4293 δόξῃ.
2279 4217 2764 4289 Μετασχηματίσει
2815 4216 2924 4289 γὰρ
2955 4217 3017 4270 τὸ
3074 4216 3234 4288 σῶμα
3275 4216 3374 4286 τῆς
3426 4214 3689 4270 ταπεινώο

2101 4327 2239 4374 σεως
2291 4308 2465 4381 ἡμῶν,
2518 4327 2538 4360 ι
2587 4308 2744 4362 τοῦτο
2795 4308 2859 4379 δὴ
2914 4308 3149 4373 πάντως,
3191 4307 3286 4361 καὶ
3330 4306 3428 4377 οὑχ
3475 4306 3683 4376 ἕτερον,

420 4407 474 4456 in
526 4401 897 4474 quodcunque
939 4399 1182 4455 voluerit
1220 4417 1234 4453 :
1276 4400 1462 4457 «Deus
1504 4400 1655 4457 enim
1692 4408 1779 4454 est
1817 4414 2001 4464 verus,

2115 4418 2133 4452 ι
2179 4399 2501 4474 σύμμορφον
2544 4400 2643 4470 τῆς
2686 4399 2845 4471 δόξης
2896 4398 3092 4463 αὑτοῦ,
3138 4418 3156 4451 ι
3210 4398 3304 4452 καὶ
3353 4396 3686 4468 μεταπλάσει

419 4494 515 4565 qui
573 4494 708 4550 facit
755 4492 940 4549 omnia
973 4499 1030 4547 et
1063 4491 1443 4556 transformat,
1476 4510 1494 4542 ι
1539 4493 1683 4548 sicut
1730 4492 1999 4563 scriptum

419 4592 506 4639 est
529 4583 600 4638 ⁸³.
631 4584 793 4640 Circa
816 4583 974 4643 illum
998 4584 1145 4640 diem
1174 4584 1363 4655 igitur,
1398 4584 1518 4638 sive
1551 4594 1790 4654 tempus,
1814 4601 1923 4655 quo
1946 4594 2004 4642 et

305 4687 309 4691 '
423 4689 524 4732 vos
546 4674 653 4745 ipsi
677 4674 876 4729 vivetis
898 4674 1048 4744 (vivo
1067 4675 1214 4731 enim
1228 4689 1351 4747 ego,
1368 4673 1624 4745 quamvis
1649 4674 1812 4731 homo
1835 4676 2004 4731 sicuti

423 4779 525 4821 vos
562 4763 768 4828 factus,
801 4770 857 4820 et
893 4778 1132 4835 corpore
1169 4763 1515 4834 corruptioni
1543 4771 1741 4818 natura
1770 4780 1871 4821 sua
1906 4767 2005 4822 ob—

425 4854 596 4913 noxio
633 4853 907 4924 indutus),
957 4854 1110 4910 clare
1154 4872 1178 4906 ι
1205 4853 1575 4925 cognoscetis,
1625 4855 1824 4925 inquit,
1873 4856 2002 4927 quia

424 4960 528 5015 ego
555 4946 614 5000 in
657 4942 841 5011 Patre,
879 4951 934 4999 et
960 4960 1063 5007 vos
1099 4945 1153 4999 in
1201 4959 1289 4998 me
1316 4953 1370 4998 et
1397 4960 1498 5015 ego
1525 4945 1580 4999 in
1624 4944 1798 5001 vobis.
1823 4965 1841 4997 ι
1877 4946 2002 5001 Sta-

426 5047 646 5094 tuemus
684 5047 864 5093 autem
903 5037 1017 5092 haec
1051 5036 1116 5091 ad
1152 5051 1258 5092 nos
1287 5035 1578 5092 Dominum
1629 5036 1858 5102 dixisse,
1890 5053 2000 5093 non

428 5137 487 5184 ut
533 5130 917 5186 existimemus
961 5145 1086 5186 cum
1139 5144 1266 5185 esse
1309 5128 1583 5199 in_Pntre
1637 5128 1852 5184 ratione
1909 5130 1999 5183 di—

425 5222 700 5285 lectionis,
729 5221 892 5278 sicuti
928 5220 1261 5277 adversariis
1290 5220 1496 5291 placet,
1529 5221 1624 5277 sed
1657 5222 1873 5278 ratione
1903 5223 1998 5276 alti

425 5312 696 5383 mysterii,
729 5312 877 5381 quod
905 5327 1007 5367 nec
1052 5322 1234 5369 mente
1264 5302 1558 5380 concipere
1604 5327 1705 5367 nec
1749 5314 2002 5369 oratione

426 5400 707 5471 explicare
730 5411 816 5459 est
835 5402 1015 5471 facile,
1030 5411 1430 5468 verumtamen,
1444 5403 1624 5472 quoad
1641 5412 1852 5474 potero,
1868 5405 2003 5460 illud

426 5509 700 5566 exponere
743 5495 1012 5552 conabor.
1044 5493 1313 5562 Quamvis
1356 5510 1488 5566 ergo
1535 5479 1783 5565 cujusvis
1821 5497 2004 5552 homi-

2104 4493 2241 4565 πρὸς
2269 4492 2332 4547 τὸ
2356 4494 2582 4565 ἀρχαῖον
2615 4492 2841 4564 ἀρρήτῳ
2878 4491 3105 4560 δυνάμει
3136 4488 3235 4562 τὴν
3270 4487 3555 4560 ἀνθρώπου
3592 4487 3686 4554 φὺο

2106 4600 2211 4651 σιν,
2248 4584 2428 4639 πάντα
2468 4583 2790 4654 ,μετατιθεὶς
2838 4582 3073 4643 εὐκόλως
3119 4582 3255 4652 πρὸς
3294 4582 3428 4650 ὅπερ
3467 4580 3532 4633 ἃν
3562 4577 3686 4648 βού-

2104 4676 2269 4741 λοιτο,
2301 4673 2692 4738 διακωλύοντος
2731 4672 2973 4738 οὑδενόςο
3004 4692 3022 4725 ι
3058 4672 3189 4736 Θεὸς
3223 4673 3330 4744 γάρ
3369 4673 3514 4725 ἐστιν
3552 4670 3688 4741 ἁλη-

2106 4767 2272 4831 θινὺς,
2318 4765 2486 4821 ποιῶν
2533 4766 2729 4829 πάντα,
2763 4765 2858 4819 καὶ
2911 4764 3353 4836 μετασκευάζων,
3393 4782 3411 4815 ι
3446 4762 3588 4816 κατὰ
3625 4763 3688 4815 τὸ

2106 4856 2512 4928 γεγραμμένον.
2536 4856 2672 4909 Κατ’
2696 4856 2907 4924 ἐκείνην
2937 4850 3030 4908 οὖν
3053 4854 3159 4926 ἄρα
3190 4855 3287 4926 τὴν
3308 4854 3541 4926 ἡμέραν,
3567 4853 3688 4922 ἡτοι

2107 4947 2199 5001 τὸν
2250 4949 2470 5020 καιρὸν,
2503 4948 2625 5003 καθ’
2662 4948 2723 5002 ὃν
2774 4948 2867 5001 καὶ
2914 4948 3071 5017 ὑμεῖς
3121 4946 3272 5000 αὑτοὶ
3317 4944 3547 5013 ζήσεσθε
3583 4944 3687 5016 (ζῶ

2068 5112 2073 5118 ⁸
2108 5037 2217 5109 γὰρ
2256 5037 2366 5107 ἐγὼ
2408 5019 2583 5094 καίτοι
2630 5037 2763 5091 καθ’.
2794 5039 2936 5108 ὑμᾶς
2974 5036 3259 5110 ἄνθρωπος
3292 5035 3548 5106 γεγονὼς,
3591 5036 3687 5088 καὶ

2106 5131 2167 5186 τὸ
2217 5130 2520 5184 ὑποπίπτον
2545 5133 2612 5202 τῇ
2669 5130 2845 5200 φθορᾷ
2892 5130 3032 5183 κατά
3079 5146 3145 5198 γε
3198 5129 3294 5199 τὴν
3338 5127 3472 5180 ίδίαν
3523 5125 3687 5196 φύσιν

2108 5222 2469 5290 ἐνδυσάμενος
2515 5221 2721 5291 σῶμα),
2749 5220 2958 5290 σαφῶς,
2990 5240 3007 5272 ι
3031 5218 3452 5289 Ἐπιγνὼσεσθε,
3498 5218 3685 5288 φησὶν,

2107 5316 2188 5368 ὅτι
2218 5313 2329 5383 ἐγὼ
2362 5311 2460 5383 μὲν
2487 5312 2545 5366 ὲν
2573 5312 2651 5383 τῷ
2681 5313 2877 5381 Πατρὶ,
2909 5314 3063 5383 ὑμεῖς
3088 5310 3145 5365 δὲ
3177 5312 3233 5363 ὲν
3263 5310 3408 5381 ἐμοὶ,
3437 5306 3593 5376 κάγὼ
3628 5310 3688 5362 ὲν

2109 5406 2257 5477 ὑμῖν.
2287 5423 2308 5458 ι
2336 5403 2732 5479 Διακεισόμεθα
2763 5405 2820 5460 δὲ
2850 5405 3006 5459 ταυτὶ
3030 5402 3166 5476 πρὸς
3193 5402 3337 5474 ἡμᾶς
3361 5400 3452 5455 τὸν
3480 5398 3689 5469 Κύριον

2108 5498 2302 5562 εἰπεῖν,
2326 5496 2422 5564 οὐχ
2455 5496 2540 5550 ἵνα
2574 5496 2881 5568 νομίζωμεν
2910 5495 3172 5567 ὑπάρχειν
3206 5491 3369 5550 αὑτὸν
3400 5492 3460 5549 ὲν
3483 5489 3686 5566 Πατρὶ,

499 5671 551 5743 τ’,
571 5668 807 5742 Philipp.
840 5687 897 5738 ιι,
929 5669 981 5739 6,
1014 5671 1066 5725 7.
1143 5672 1187 5705 εο
1220 5671 1540 5737 Coloss.tu,
1577 5671 1630 5739 ε,
1662 5672 1747 5755 ι..
1794 5672 1834 5706 ιι
1863 5670 2000 5729 Phili

2136 5686 2218 5742 ιιι,
2251 5671 2340 5727 2|.
2414 5672 2464 5745 ,¹²
2491 5671 2659 5728 Amos
2689 5687 2742 5739 v,
2783 5669 2851 5762 8.,
