4042 6204
358 340 468 400 275

1375 352 1442 408 ΙΝ
1481 349 1787 407 JOANNIS‘
1811 349 2265 407 EVANGELIUM
2309 350 2436 407 LIB.
2475 352 2565 407 IX.

3518 353 3626 410 οτι

362 456 504 511 κατά
552 473 616 526 γε
656 458 748 512 τὸν
789 460 889 531 τῆς
929 461 1149 534 ἀγάπης
1197 464 1374 533 λόγον,
1419 467 1605 539 ὥσπερ
1649 463 1740 522 οῦν
1778 468 1926 521 ἐδόκε

2053 467 2144 524 nis
2183 475 2422 522 mentem
2459 468 2585 523 huic
2614 476 2873 524 accurate
2901 466 3229 538 explicando
3258 468 3417 538 longe
3447 471 3516 523 im
3528 476 3626 540 pa-

358 551 471 612 τοῖς
508 547 578 602 δι’
625 550 871 616 ἐναντίας
909 558 1158 624 φρονεῖν,
1206 556 1342 610 ἀλλά
1394 559 1535 612 κατά
1568 559 1794 629 δύναμιν
1836 576 1939 629 μυ-

362 639 584 708 στηρίου
616 639 827 710 βαθέος,
879 642 909 695 ὃ
953 645 1046 697 καὶ
1086 645 1277 716 νοῆσαι
1323 646 1422 716 μὲν
1470 650 1647 701 ἐκεῖνο
1687 648 1939 719 χαλεπὸν,

362 730 566 799 φράσαι
592 730 648 784 δὲ
678 733 740 786 οὐ
775 734 978 805 ῥᾴδιον·
1000 736 1140 807 πλὴν
1168 738 1317 802 ὅπως
1333 737 1400 792 ἂν
1427 734 1539 802 οἷός
1575 757 1634 792 τε
1668 733 1942 811 ὦ,διηγεῖ-

364 817 486 873 σθαι
536 822 891 894 πειράσομαι.
936 826 1050 897 Τῆς
1088 828 1188 898 μὲν
1234 823 1328 882 οῦν
1372 829 1632 901 ἀκριϐοῦς
1673 830 1941 895 ἐκθέσεως

363 911 495 966 πολὺ
547 912 667 966 λίαν
711 916 975 987 ἡττῆσθαι
1017 921 1196 975 πάντα
1241 921 1367 974 νοῦν
1418 922 1789 993 ὑπολαμϐάνω
1832 923 1941 976 τῶν

360 1004 452 1057 ἐπὶ
498 1006 621 1076 γῆς,
666 1007 745 1078 τῷ
797 1027 859 1079 γε
909 1012 1017 1082 μὴν
1060 1012 1246 1085 θερμῷ
1277 1014 1374 1085 τῆς
1405 1015 1645 1085 ἀγάπης,
1683 1015 1788 1069 κᾶν
1812 1015 1942 1085 γοῦν

362 1094 598 1166 μετρίως
642 1098 768 1153 ἰδεῖν
818 1118 877 1154 τε
921 1103 1017 1156 καὶ
1077 1106 1281 1176 φράσαι
1328 1104 1775 1177 παραθησόμενος
1794 1146 1809 1169 ,
1849 1107 1944 1160 νῦν

360 1186 560 1258 ἴδωμεν
590 1190 691 1261 τῆς
721 1192 815 1246 τοῦ
848 1195 1185 1264 Μονογενοῦς
1209 1196 1675 1270 ἐνανθρωπήσεως
1702 1199 1794 1253 τὸν
1819 1216 1936 1253 σκο-

358 1278 480 1334 πόν.
505 1272 642 1353 Φέρε
675 1283 1060 1358 δοκιμάσωμεν
1090 1290 1189 1361 τὴν
1235 1290 1436 1356 αἰτίαν,
1473 1291 1631 1363 δι’ἢν
1664 1292 1723 1345 ὲν
1757 1294 1938 1364 μορφῇ

355 1366 450 1421 τοῦ
478 1368 618 1424 Θεοῦ
652 1374 747 1426 καὶ
784 1376 995 1448 Πατρδς
1027 1379 1312 1452 ὑπάρχων,
1339 1381 1417 1445 ὡς
1447 1381 1599 1446 Θεὸς,
1630 1383 1730 1453 οὐχ
1764 1383 1939 1453 ἁρπα-

357 1459 494 1529 γμὸν
523 1463 766 1534 ἡγήσατο
788 1467 849 1521 τὸ
873 1464 1013 1524 εἶναι
1042 1470 1132 1525 ῐσα
1160 1471 1298 1543 Θεῷ,
1322 1472 1437 1528 ἀλλ’
1459 1474 1649 1527 ἑαυτὸν
1675 1473 1931 1538 ὲκὲνωσε,

356 1556 570 1628 μορφὴν
595 1557 785 1613 δούλου
820 1561 1022 1629 λαϐὼν,
1060 1565 1154 1619 καὶ⁸
1186 1564 1447 1636 ὑπέμεινε
1481 1565 1715 1637 σταυρὸν
1747 1564 1938 1636 αἰσχύ-

356 1662 455 1716 νης
481 1652 919 1724 καταφρονήσας.
963 1656 1153 1709 Ἔσται
1194 1657 1304 1728 γὰρ
1335 1656 1477 1711 οὕτω
1519 1659 1613 1711 καὶ
1648 1657 1802 1729 μόλις
1842 1657 1933 1710 εύ-

354 1738 643 1807 σύνοπτον,
668 1747 809 1800 κατά
849 1762 911 1815 γε
959 1746 1021 1800 τὸ
1068 1747 1365 1820 ἐγχωροῦν,
1407 1749 1517 1803 τῶν
1560 1749 1936 1822 προκειμένων

2048 573 2164 613 rem
2203 559 2536 623 existimem,
2580 559 2869 615 charitatis
2903 568 3084 614 tamen
3125 557 3338 615 fervore
3366 561 3499 614 illud
3528 577 3627 630 pro

2048 659 2239 705 nostra
2290 649 2669 705 medioeritate
2717 650 3044 722 exposituri,
3096 666 3245 706 nunc
3293 650 3627 705 incarnatio-

2045 742 2135 797 nis
2158 724 2443 812 U'nigeniti
2470 756 2700 812 scopum
2719 743 3024 798 videamus.
3054 742 3184 813 Age,
3216 755 3437 796 causam
3471 756 3627 795 scru-

2047 841 2252 897 temur,
2283 832 2355 887 oh
2385 848 2548 903 quam
2593 834 2648 887 in
2692 833 2870 887 forma
2907 831 3001 888 Dei
3041 847 3107 888 ac
3155 832 3336 887 Patris
3368 847 3494 887 cum
3538 847 3626 887 es-

2046 936 2152 989 set,
2183 932 2375 995 utpote
2417 926 2578 990 Deus,
2609 941 2719 980 non
2754 927 3007 997 rapinam
3046 926 3350 981 arbitratus
3387 926 3464 980 sit
3504 940 3627 980 esse

2046 1033 2108 1074 se
2160 1018 2427 1088 aequalem
2494 1017 2625 1081 Deo,
2686 1018 2789 1073 sed
2846 1019 3204 1088 semetipsum
3265 1018 3626 1079 eximuierit,

2045 1107 2228 1163 forma
2274 1107 2422 1163 servi
2475 1116 2729 1179 accepta,
2762 1116 2817 1163 et
2864 1123 3088 1164 crucem
3147 1109 3451 1181 ignominia
3491 1123 3624 1162 con-

2047 1209 2252 1270 tempta
2300 1199 2609 1270 pertulerit.
2643 1199 2739 1255 Sic
2771 1201 2918 1256 enim
2966 1201 3046 1256 rei
3093 1202 3415 1271 propositae,
3446 1214 3623 1270 quan-

2045 1297 2162 1346 tum
2202 1300 2409 1349 nostrae
2448 1295 2598 1349 vires
2640 1294 2857 1358 ferunt,
2900 1294 3139 1349 altitudo
3180 1294 3409 1363 patebit.
3441 1295 3623 1364 Agno-

2045 1396 2270 1440 scemus
2305 1391 2487 1438 autem
2531 1385 2809 1455 quomodo
2843 1385 2919 1440 sit
2954 1382 3130 1440 Filius
3165 1385 3220 1438 in
3251 1383 3435 1449 Patre,
3462 1390 3621 1437 natu-

2043 1472 2238 1527 raliter
2267 1474 2554 1541 nimirum,
2592 1490 2702 1530 non
2739 1485 2924 1530 autem
2951 1474 3111 1545 juxta
3160 1475 3340 1529 (ictam
3371 1473 3517 1528 illam
3549 1472 3621 1526 ab

2042 1564 2379 1621 adversariis
2424 1583 2492 1623 ex
2535 1582 2605 1623 eo
2649 1566 2800 1638 quod
2847 1566 3028 1638 diligit
3061 1581 3125 1621 ac
3175 1565 3426 1635 diligitur
3473 1564 3616 1619 rela-

2041 1656 2272 1712 tionem.
2309 1655 2578 1714 Similiter
2618 1665 2675 1715 et
2705 1673 2809 1714 nos
2852 1656 3045 1714 eodem
3089 1657 3255 1712 modo
3284 1658 3338 1711 in
3385 1656 3527 1726 ipso,
3565 1666 3619 1711 et

2041 1749 2162 1820 ipse
2190 1751 2249 1805 in
2268 1738 2459 1806 nobis.

346 1834 409 1888 τδ
442 1835 625 1907 βάθος.
670 1840 998 1912 Γνωσόμεθα
1039 1842 1094 1897 δὲ
1148 1843 1265 1908 πῶς
1308 1846 1408 1917 μέν
1450 1847 1599 1900 ἐστιν
1636 1846 1666 1899 6
1732 1844 1861 1909 Υίδς
1912 1846 1971 1899 tv
2008 1845 2208 1916 Πατρὶ,
2238 1845 2483 1915 φυσικῶς
2512 1845 2751 1919 δηλονότι
2815 1846 2908 1900 καὶ
2943 1846 3004 1900 ού
3035 1845 3175 1901 κατά
3206 1861 3268 1915 γε
3296 1844 3396 1916 τὴν
3428 1845 3491 1898 ὲκ
3521 1844 3615 1897 τοῦ

346 1924 664 1995 ἀγαπᾶσθαι
714 1932 810 1986 καὶ
857 1931 1078 2005 ἀγαπᾷν
1117 1934 1498 2008 ἐπινοηθεῖσαν
1544 1934 1738 2007 σχέσιν
1779 1933 1931 2007 παρὰ
1966 1933 2078 1990 τῶν
2101 1935 2170 1989 δι’
2202 1935 2468 2001 ἐναντίας.
2513 1937 2701 2009 Ἡμεῖς
2732 1937 2789 1991 δὲ
2817 1932 2884 1991 αῦ
2929 1937 3092 1993 πάλιν
3134 1938 3191 1989 ὲν
3258 1935 3408 2007 αὐτῷ
3471 1929 3615 1989 κατὰ

341 2020 440 2076 τὸν
472 2022 587 2078 ῐσον
623 2026 844 2097 τρόπον,
886 2030 981 2083 καὶ
1012 2030 1173 2094 αὐτὸς
1202 2031 1261 2085 ὲν
1290 2033 1441 2103 ἡμῖν.

416 2116 628 2172 οὐκοῦν
659 2118 788 2188 μίαν
823 2120 921 2191 μὲν
964 2120 1154 2194 ὥσπερ
1194 2123 1367 2195 ἀληθῆ
1400 2141 1461 2179 τε
1508 2128 1601 2181 καὶ
1634 2127 1929 2197 γενικωτά-

2103 2120 2381 2188 Quocirca
2410 2136 2575 2179 unam
2614 2122 2837 2194 quidem
2868 2136 3055 2178 veram
3097 2129 3167 2177 et
3187 2122 3495 2193 generalem
3525 2124 3614 2179 ins

343 2224 447 2278 την
497 2209 676 2263 αἰτίαν
722 2211 822 2283 τῆς
877 2213 1339 2287 ὲνανθρωπήσεως
1389 2217 1483 2273 τοῦ
1522 2219 1860 2290 Μονογενοῦς
1905 2223 1935 2275 6

347 2299 511 2368 σοφὸς
558 2301 690 2372 ἡμῖν
734 2303 1095 2376 ἐξηγούμενος
1132 2309 1343 2375 Παῦλος
1394 2310 1667 2381 ἔφασκεν·
1714 2333 1730 2367 ι
1771 2314 1933 2368 Εὐδό-

345 2407 485 2461 κησε
523 2390 633 2464 γάρ
667 2395 697 2448 6
734 2394 867 2460 Θεὸς
903 2398 999 2451 καὶ
1030 2399 1222 2472 Πατὴρ
1255 2402 1837 2474 ἀνακεφαλαιώσασθαι
1865 2406 1935 2462 τὰ

343 2484 529 2537 πάντα
560 2485 618 2538 ἐν
647 2484 725 2556 τῷ
752 2487 991 2560 Χριστῷ.
1040 2509 1058 2543 ι
1088 2494 1197 2547 Καὶ
1246 2495 1327 2549 ὅτι
1384 2497 1446 2549 τὸ
1498 2498 1598 2566 τῆς
1631 2499 1931 2569 ἀνακεφα-

343 2575 656 2644 λαιώσεως
684 2579 854 2651 δνομά
895 2600 955 2637 τε
989 2586 1082 2639 καὶ
1115 2588 1351 2659 πρᾶγμα
1390 2588 1544 2659 δηλοῖ
1573 2589 1633 2644 τὸ
1667 2591 1934 2662 ἀνακομί-

348 2683 446 2720 σαι
469 2668 632 2723 πάλιν
657 2672 749 2725 καὶ
774 2673 1064 2729 ἀναλαϐεῖν
1090 2678 1169 2741 εἰς
1196 2678 1334 2750 ὅπερ
1360 2674 1428 2751 ἦν
1449 2681 1506 2733 ὲν
1534 2681 1676 2754 ἀρχῇ
1700 2682 1770 2736 τὰ
1794 2683 1931 2755 πρὸς

338 2759 600 2829 ἀνόμοιον
630 2764 1018 2820 ἐκπεπτωκότα
1046 2767 1216 2832 τέλος.
1248 2766 1380 2823 Εἶτα
1418 2770 1544 2836 τοῦς
1569 2775 1669 2845 τῆς
1719 2776 1922 2829 ἀνακε-

341 2850 700 2918 φαλαιιὲισεως
742 2857 977 2927 τρόπους
999 2858 1102 2913 άνά
1131 2860 1296 2932 μέρος
1346 2863 1478 2932 ἡμῖν
1519 2863 1931 2922 ἀπολευκαίνειν

339 2943 563 3010 ιθέλων,
606 2949 736 3001 ποτε
790 2951 890 3019 μὲν
926 2950 1161 3021 ἔφασκε’
1203 2971 1221 3005 ι
1258 2953 1332 3006 Τὸ
1383 2955 1491 3027 γὰρ
1538 2955 1797 3013 ἀδύνατον
1836 2959 1927 3013 τοῦ

341 3036 529 3107 νόμου,
577 3041 636 3093 ἐν
676 3033 723 3109 ᾧ
762 3040 981 3112 ἠσθένει
1023 3044 1111 3099 διὰ
1159 3044 1261 3115 τῆς
1317 3047 1546 3119 σαρκὸς,
1586 3051 1615 3102 6
1668 3050 1799 3116 Θεὸς
1835 3052 1928 3107 τὸν

341 3126 539 3181 ἑαυτοῦ
569 3129 700 3183 Υίὸν
729 3132 953 3203 πέμψας
997 3135 1054 3188 ὲν
1085 3136 1628 3211 ὁμοιώματκσαρκὸς
1656 3142 1930 3213 ἁμαρτίας

339 3217 438 3270 καὶ
465 3219 595 3291 περὶ
630 3222 930 3293 ἁμαρτίας,
963 3227 1251 3298 κατέκρινε
1289 3228 1388 3299 τὴν
1432 3230 1708 3302 ἁμαρτίαν
1753 3235 1811 3288 ὲν
1856 3237 1925 3306 τῇ

342 3311 532 3378 σαρκὶ,
563 3311 649 3364 ινα
678 3312 738 3366 τὸ
759 3312 1028 3386 δικαίωμα
1071 3318 1173 3371 τοῦ·
1196 3318 1361 3389 νόμου
1396 3320 1658 3395 πληρωθῇ
1689 3323 1747 3377 ἐν
1771 3325 1923 3395 ἡμίν,

339 3402 458 3465 τοῖς
496 3402 571 3471 μὴ
601 3406 741 3459 κατὰ
763 3408 942 3479 σάρκα
974 3411 1385 3480 περιπατοῦσιν,
1412 3413 1547 3469 ἀλλὰ
1578 3414 1721 3468 κατὰ
1752 3416 1919 3470 πνεῦ-

2035 2217 2376 2273 carnationis
2412 2216 2697 2289 Unigeniti
2734 2231 2961 2272 causam
2998 2216 3219 2273 divinus
3262 2216 3466 2273 Paulus
3516 2234 3614 2272 no-

2034 2307 2120 2365 bis
2146 2324 2448 2380 exponens,
2483 2310 2665 2365 aiebat
2696 2329 2725 2365 τι
2748 2330 2767 2362 ι
2796 2310 3008 2365 Placuit
3045 2310 3191 2364 enim
3228 2308 3337 2364 Deo
3365 2326 3428 2363 ac
3461 2311 3608 2365 Patri

2032 2398 2345 2456 instaurare
2385 2402 2571 2456 omnia
2607 2402 2665 2457 in
2692 2401 2926 2457 Christo
2948 2399 3160 2456 “.‘rUbi
3199 2402 3607 2457 instaurare'si-

2033 2495 2345 2567 gniﬁcat‘in
2381 2497 2680 2567 pristinum
2739 2506 2942 2552 statum
2992 2511 3258 2553 revocare
3290 2513 3410 2566 qua:
3442 2498 3497 2551 in
3528 2498 3611 2552 di~

2033 2599 2255 2640 versum
2283 2585 2445 2656 plane
2477 2586 2687 2640 exitum
2719 2585 3055 2642 ceciderant.
3091 2585 3362 2642 Praeterea
3388 2586 3606 2642 instau~

2030 2676 2267 2731 rationis
2306 2676 2500 2732 modos
2550 2676 2836 2747 sigillatim
2873 2676 3034 2733 nobis
3082 2677 3271 2733 volens
3305 2679 3603 2748 explicare,

2030 2768 2197 2822 modo
2255 2768 2477 2838 quidem
2532 2768 2756 2824 aiebat:
2820 2768 2996 2823 «Nam
3063 2768 3208 2840 quod
3268 2771 3607 2841 impossibile

2030 2858 2324 2929 eratlegi,
2359 2859 2415 2914 in
2455 2873 2581 2929 quov
2615 2858 3001 2914 inﬁrmabatur
3049 2874 3147 2929 per
3178 2875 3425 2925 carnem,
3465 2859 3606 2916 Deus

2031 2948 2231 3005 Filium
2257 2966 2417 3007 suum
2454 2950 2684 3006 mittens
2719 2950 2775 3004 in
2810 2950 3227 3007 similitudinem
3263 2952 3447 3008 carnis
3477 2967 3604 3022 pec-

2030 3042 2140 3096 cati
2174 3049 2228 3098 et
2255 3042 2325 3098 de
2371 3049 2625 3113 peccato,
2655 3036 2825 3112 820
2873 3041 3158 3097 damnavit
3207 3049 3494 3113 peccatum
3548 3042 3603 3097 in

2030 3142 2219 3197 carne,
2255 3142 2316 3188 ut
2339 3133 2668 3202 iustiﬁcatio
2698 3132 2834 3203 legis
2869 3132 3190 3203 impleretur
3212 3134 3266 3187 in
3298 3134 3476 3199 nobis,
3505 3134 3600 3203 qui

2029 3239 2139 3279 non
2174 3225 2480 3282 secundum
2526 3236 2751 3280 carnem
2780 3220 3149 3289 ambulamus,
3179 3225 3273 3280 sed
3299 3224 3600 3280 secundum

2031 3314 2297 3387 Spiritum
2322 3316 2403 3385 “;
2431 3334 2448 3367 ι
2485 3316 2647 3370 modo
2670 3329 2801 3370 vero
2826 3330 3021 3370 rursus
3046 3333 3060 3369 :
3093 3316 3261 3380 «Quia
3292 3330 3424 3386 ergo
3448 3316 3598 3386 pueri

2030 3408 2853 3464 communicaverunt'carni-et
2893 3406 3168 3479 sanguini,
3199 3414 3253 3462 et
3280 3407 3407 3477 ipse»
3442 3407 3597 3461 simi-

342 3505 446 3559 μα’
490 3509 510 3543 ι
540 3493 671 3546 ποτὲ
716 3494 773 3547 δὲ
814 3496 978 3549 πάλιν
1005 3511 1020 3529 ο
1054 3515 1074 3548 ι
1122 3498 1340 3571 Ἐπειδὴ
1370 3500 1477 3572 γάρ
1508 3501 1581 3555 τά
1612 3500 1801 3555 παιδία
1833 3518 1923 3555 κε-

2033 3499 2160 3557 liter
2198 3499 2550 3571 participavit
2578 3499 2810 3565 eisdem,
2846 3509 2908 3556 ut
2941 3515 3040 3572 per
3085 3506 3316 3555 mortem
3353 3500 3600 3555 destrue-

340 3581 646 3654 κοινώνηκε
677 3587 877 3658 σαρκὸς
905 3588 997 3642 καὶ
1033 3590 1286 3661 αἵματος,
1322 3591 1412 3647 διὰ
1439 3584 1597 3648 τοῦτο
1638 3595 1732 3649 καὶ
1765 3594 1928 3660 αὐτὸς

341 3675 740 3746 παραπλησίως
775 3679 1004 3752 μετέσχε
1035 3682 1145 3736 τῶν
1172 3683 1375 3748 αὐτῶν,
1407 3684 1495 3738 ἴνα
1524 3684 1623 3739 διάι
1642 3686 1736 3740 τοῦ
1759 3687 1925 3742 θανά·-

339 3758 458 3819 του’
481 3770 804 3842 καταργήσῃ
822 3771 925 3824 τὸν
965 3772 1028 3825 τὸ
1069 3774 1266 3845 κράτος
1303 3774 1497 3846 ἔχοντα
1539 3775 1639 3831 τοῦ
1673 3777 1924 3844 θανάτου,

337 3857 487 3912 τοῦτ’
516 3859 634 3913 ἔστι
664 3860 757 3913 τὸν
783 3862 1043 3929 διάϐολον,
1075 3866 1168 3919 καὶ
1208 3866 1491 3939 ἀπαλλάξῃ
1528 3867 1772 3934 τούτους,
1813 3871 1925 3924 ὅσοι

340 3949 494 4018 φόϐῳ
521 3950 750 4006 θανάτου
780 3952 868 4008 διά
909 3956 1107 4020 παντὸς
1149 3957 1246 4011 τοῦ
1286 3956 1386 4029 ζῇν
1429 3958 1602 4029 ἔνοχοι
1636 3955 1777 4031 ἦσαν
1808 3961 1927 4013 δου-

339 4040 515 4105 λείας.
540 4061 560 4093 ι
596 4043 707 4097 Καὶ
730 4043 824 4098 δύο
860 4045 958 4116 μὲν
981 4049 1203 4110 τούτους
1235 4049 1366 4121 ἡμῖν
1386 4049 1486 4122 τῆς
1511 4051 1927 4120 ἀνακεφαλαιωτ-

343 4148 495 4196 σεως·
524 4134 764 4206 τρόπους
807 4138 1120 4207 ἀναγκαίως
1166 4139 1389 4211 ἔχοντας
1432 4141 1543 4212 τῆς
1574 4143 1923 4216 ὲνανθρωπήῑ-

341 4240 484 4287 esca;
500 4223 598 4278 τοῦ
627 4226 965 4297 Μονογενοῦς
986 4228 1077 4282 τὸν
1106 4229 1263 4296 λόγον
1294 4231 1322 4284 6
1354 4231 1567 4295 Παῦλος
1589 4231 1921 4305 ἐξηγήσατοδ

339 4314 543 4385 τρόπον
587 4316 646 4370 δὲ
687 4318 782 4371 ἐπὶ
825 4319 1033 4384 τούτοις
1075 4319 1436 4393 τῶνηὲτέρων
1479 4325 1846 4395 περιεκτικὸν,
1897 4327 1926 4379 6

345 4406 509 4477 σοφὸς
536 4408 929 4482 εὐαγγελιστὴς
964 4412 1235 4484 Ἰωάννης.
1255 4408 1462 4485 Γράφει
1489 4416 1599 4485 γάρ
1630 4415 1773 4470 οὕτω
1798 4418 1926 4490 περὶ

345 4498 619 4570 Χριστοῦο
651 4501 801 4565 ιεΕίς
836 4502 905 4555 τά
954 4501 1061 4557 ῐδια
1088 4499 1240 4575 ἦλθε,
1289 4502 1382 4557 καὶ
1421 4507 1471 4559 οἱ
1503 4505 1624 4559 ἴδιοι
1663 4506 1824 4559 αὐτὸν
1863 4507 1922 4559 ού

346 4589 686 4660 παρέλαϐον·
715 4593 831 4646 ὅσοι
862 4591 919 4645 δὲ
948 4592 1141 4647 ἔλαϐον
1184 4593 1366 4658 αὑτὸν,
1392 4595 1591 4649 ἔδωκεν
1622 4596 1805 4661 αὐτοῖς
1834 4597 1922 4662 ἑξ-

345 4681 533 4734 ουσὲαν
578 4682 746 4735 τέκνα
789 4682 924 4736 Θεοῦ
979 4685 1251 4752 γενέσθαι,
1290 4689 1402 4749 τοῖς
1457 4687 1817 4743 πιστεύουσιν·
1844 4691 1923 4753 εἰς

340 4772 407 4826 τὸ
432 4771 602 4844 ὄνομα
623 4773 808 4839 αὐτοῦ,
839 4774 888 4828 οἶ
914 4776 1014 4830 οῦκ
1042 4776 1101 4840 ἐξ
1122 4778 1388 4848 αἱμάτων,
1412 4778 1531 4832 οὐδὲ
1574 4780 1641 4833 ὲκ
1682 4779 1921 4852 θελήμα-

2030 3600 2115 3647 ret
2140 3607 2266 3647 eum
2310 3592 2405 3661 qui
2431 3591 2670 3647 habebat
2702 3591 2901 3647 mortis
2934 3591 3245 3662 imperium,
3276 3590 3330 3645 id
3372 3598 3457 3646 est
3484 3590 3600 3645 dia-

2030 3683 2238 3747 bolum,
2262 3688 2318 3738 et
2347 3681 2607 3739 liberaret
2643 3695 2764 3744 eos,
2788 3679 2884 3751 qui
2913 3679 3112 3736 timore
3158 3680 3353 3735 mortis
3382 3694 3481 3750 per
3511 3687 3597 3733 to-

2029 3784 2140 3828 tam
2169 3773 2337 3827 vitam
2366 3773 2592 3828 obnoxii
2617 3780 2774 3828 erant
2804 3771 3057 3827 servituti
3080 3769 3150 3824 ⁸⁸.
3174 3788 3195 3822 ι
3224 3771 3291 3825 Et
3311 3769 3450 3825 duos
3472 3770 3600 3839 qui-

2029 3865 2153 3921 dem
2189 3865 2289 3920 ho’s
2327 3863 2490 3919 nobis
2528 3860 2947 3918 instaurationis
2981 3861 3174 3916 modos
3203 3859 3597 3915 incarnationis

2031 3953 2311 4026 Unigcniti
2354 3954 2629 4009 rationem
2661 3952 2977 4008 necessario
3008 3951 3357 4005 continentes
3393 3947 3597 4003 Paulus

2028 4047 2325 4120 exposuit;
2359 4047 2453 4103 sed
2511 4046 2734 4116 sapiens
2784 4046 3123 4117 evangelista
3173 4043 3437 4108 Joannes,»
3479 4056 3597 4098 Inoo

2028 4141 2159 4195 dum
2207 4147 2472 4210 preaterea
2511 4137 2608 4208 qui
2640 4145 2867 4192 caeteros
2901 4137 3301 4206 complectitur.
3330 4133 3421 4189 Sic
3449 4134 3594 4190 enim

2029 4230 2225 4287 scribit
2251 4229 2319 4284 de
2334 4226 2567 4283 'Christo
2601 4244 2616 4280 :
2654 4245 2674 4279 ι
2702 4224 2763 4281 1η
2806 4226 3031 4296 propria
3061 4225 3229 4291 venit,
3258 4234 3315 4280 et
3346 4225 3433 4279 sui
3470 4238 3595 4278 eum

2026 4335 2141 4375 non
2169 4324 2496 4388 receperunt
2527 4334 2540 4370 :
2574 4323 2848 4386 quotquot
2878 4322 3067 4369 autem
3096 4320 3423 4383 receperunt
3446 4326 3594 4377 eum,

2027 4408 2176 4463 dedit
2222 4408 2305 4463 eis
2359 4413 2683 4477 potestatem
2727 4404 2872 4460 lllios
2906 4402 3000 4460 Dei
3042 4402 3181 4469 fieri,
3226 4402 3311 4456 his
3342 4401 3434 4472 qui
3474 4415 3598 4456 cre-

2026 4499 2170 4555 dunt
2218 4499 2276 4554 in
2328 4497 2550 4553 nomine
2602 4495 2724 4565 ejus
2755 4513 2770 4550 :
2804 4495 2897 4566 qui
2948 4510 3061 4550 non
3090 4509 3170 4549 ex
3209 4496 3594 4564 sanguinibus,

2025 4606 2209 4661 neque
2225 4605 2293 4645 ex
2317 4591 2600 4645 voluntate
2624 4586 2841 4650 carnis,
2862 4601 3040 4656 neque
3067 4600 3135 4640 ex
3161 4585 3444 4640 voluntate
3468 4584 3596 4646 viri,

2026 4683 2121 4739 sed
2152 4681 2511 4737 exLD‘eo-nati
2548 4688 2682 4736 sunt
2708 4680 2778 4735 ⁸⁸.
2810 4698 2827 4732 ι
2869 4677 3217 4733 Manifestum
3254 4685 3353 4733 est
3382 4678 3599 4732 cunctis

2026 4776 2196 4846 igitur
2241 4789 2338 4830 eas
2386 4773 2625 4829 maxime
2671 4774 2743 4829 ob
2792 4787 2993 4828 causas
3045 4772 3424 4842 Unigenitum,
3471 4786 3595 4824 cum

339 4880 434 4927 τος
472 4865 698 4937 σαρκὸς,
725 4866 845 4920 οὐδὲ
889 4867 955 4920 ὲκ
983 4867 1287 4939 θελήματος
1314 4868 1526 4941 ἀνδρὸς,
1550 4869 1666 4923 ἀλλ’
1693 4871 1757 4922 ὲκ
1782 4870 1920 4924 Θεοῦ

2033 4868 2173 4922 Deus
2204 4866 2277 4920 sit
2300 4875 2353 4920 et
2379 4879 2446 4920 ex
2476 4864 2587 4919 Deo
2614 4865 2914 4921 secundum
2952 4871 3205 4917 naturam
3232 4861 3486 4927 exsistat,
3513 4860 3595 4914 fa.

338 4956 734 5027 ἑγεννήθησαν.
772 4974 792 5008 ι
829 4958 1102 5029 Πρόδηλον
1129 4954 1223 5013 οῦν
1249 4958 1360 5030 ἄρα
1401 4959 1496 5012 καὶ
1529 4960 1715 5024 πᾶσιν,
1741 4952 1919 5030 οἶμαι,

336 5047 594 5116 διαφανὲς
627 5048 711 5102 ὅτι
740 5047 946 5101 τούτων
974 5048 1137 5101 ἕνεκα
1181 5047 1246 5118 δὴ
1296 5048 1527 5119 μάλιστα
1556 5047 1665 5101 τῶν
1711 5049 1921 5114 αἰτιῶν,

337 5138 476 5202 Θεὸς
504 5139 600 5192 καὶ
636 5140 705 5192 ἐκ
739 5137 874 5193 Θεοῦ
933 5138 1076 5194 κατὰ
1114 5139 1276 5208 φύσιν
1325 5140 1605 5212 ὑπάρχων,
1639 5140 1924 5211 ἄνθρωπος

338 5229 566 5298 γέγονεν
606 5233 636 5284 6
678 5230 1009 5302 Μονογενὴς,
1047 5232 1133 5286 ἵνα
1173 5231 1411 5304 δηλονότι
1468 5232 1773 5304 κατακρίνη
1825 5231 1923 5302 μὲν

338 5321 443 5391 τὴν
486 5321 761 5395 ἁμαρτίαν
793 5324 851 5376 ὲν
879 5325 948 5395 τῇ
1000 5324 1182 5395 σαρκὶ,
1218 5324 1469 5398 νεκρώσῃ
1495 5324 1552 5378 δὲ
1575 5324 1651 5395 τῷ
1685 5323 1800 5394 ἰδίῳ
1829 5322 1925 5377 θα-

340 5415 489 5484 νάτῳ
530 5414 626 5469 τὸν
652 5413 904 5483 θάνατον,
953 5415 1049 5469 καὶ
1094 5416 1244 5479 υἱοὺς
1280 5418 1426 5487 ἡμᾶς
1454 5415 1713 5489 ἀποδείξῃ
1760 5413 1918 5480 Θεοῦ,

338 5504 481 5576 πρὸς
508 5504 571 5559 τὸ
598 5505 740 5578 ὑπὲρ
765 5505 928 5576 φύσιν
954 5507 1171 5577 ἀξίωμα
1200 5508 1325 5570 τοὺς
1366 5507 1526 5572 ὄντας
1561 5508 1655 5562 ἐπὶ
1690 5507 1790 5579 τῆς
1821 5509 1923 5578 γῆς

342 5596 720 5668 ἀναγεννήσας
781 5597 849 5651 ὲν
889 5596 1185 5667 Πνεύματι.
1226 5593 1333 5651 Ἦν
1388 5597 1496 5668 γὰρ
1549 5597 1762 5669 δήπου,
1831 5598 1925 5653 καὶ

2028 4966 2177 5013 ctum
2204 4972 2328 5013 esse
2368 4957 2664 5022 hominem,
2696 4968 2755 5012 ut
2785 4957 3045 5011 nimirum
3075 4955 3368 5010 damnaret
3382 4969 3594 5022 pucea.

2028 5054 2147 5102 tum
2192 5047 2246 5102 in
2292 5061 2460 5101 carne
2501 5054 2557 5101 et
2598 5054 2777 5101 morte
2814 5060 2911 5101 sua
2971 5053 3202 5099 mortem
3264 5043 3595 5105 destrueret,

2030 5153 2243 5209 nosque
2293 5137 2385 5192 Dei
2435 5135 2873 5203 ﬁlioseﬂiceret,
2905 5143 3242 5192 ett-terrena
3271 5132 3600 5187 conditione

2031 5236 2387 5301 regeneratos
2418 5229 2474 5283 in
2507 5226 2738 5299 Spiritu.
2766 5225 2882 5283 Hoc
2919 5227 3067 5281 enim
3114 5222 3499 5293 utiquemodo
3533 5223 3600 5279 li-

2032 5323 2191 5379 cebat
2239 5321 2555 5376 instaurare
2585 5326 2641 5376 et
2668 5319 2723 5375 in
2763 5319 3052 5390 pristinum
3097 5325 3301 5372 statum
3340 5330 3601 5373 revocare

2033 5416 2248 5485 lapsum
2298 5415 2477 5484 genus
2505 5410 2813 5467 hominum.
2849 5408 3066 5465 Rursus
3107 5424 3439 5479 unaquaque
3468 5422 3601 5465 cau-

2022 5521 2217 5565 sarum
2241 5505 2468 5562 istarum
2501 5504 2557 5558 in
2590 5501 2772 5560 medio
2799 5502 3035 5574 prolata,
3057 5509 3429 5560 consentanea
3446 5514 3601 5572 .quat-

2028 5599 2157 5654 dam
2181 5596 2452 5655 dicamus.

354 5686 495 5756 μάλα
517 5686 722 5751 καλῶς,
749 5687 892 5741 κατά
923 5689 1136 5744 τουτονὶ
1169 5689 1263 5741 τδν
1296 5688 1493 5759 τρόπον
1523 5686 2106 5758 ἀνακεφαλαιώσασθαι
2180 5689 2343 5744 πάλιν
2391 5690 2483 5744 καὶ
2532 5690 2614 5751 είς
2679 5694 2741 5748 τὸ
2776 5689 2997 5757 ἀρχαῖον
3068 5680 3356 5742 ἀναλαϐεῖν
3421 5682 3481 5739 τὸ
3522 5680 3594 5734 δι-

418 5797 465 5831 ”
494 5796 698 5869 Ephes.
727 5815 769 5869 ι,
806 5798 889 5857 l0.
972 5802 1017 5835 "
1048 5798 1209 5860 Rom.
1242 5815 1365 5870 vui,
1397 5802 1450 5869 '5,
1482 5801 1538 5859 4.
1616 5804 1660 5838 ⁸³
1691 5801 1856 5861 Hebr.
1894 5819 1929 5862 ιι

2033 5803 2078 5871 ι,
2115 5806 2198 5861 lli.
2275 5805 2321 5839 "
2359 5801 2517 5860 Joan-
2557 5819 2595 5868 ι,
2631 5801 2816 5858 ιι-ιδ,
