4042 6204
420 312 539 371 278

1424 306 1481 363 S.
1521 307 1796 366 CYRILL!
1832 308 2301 367 ALEXANDRINI
2340 314 2656 371 ARCHIEP.

3577 320 3682 377 276

427 424 720 495 ολισθῆσαν
753 423 929 490 γένος,
953 419 1097 485 τοῦτ’
1143 418 1257 473 ἔστι
1305 418 1365 472 τὸ
1414 418 1773 491 ἀνθρώπινον.
1816 419 1984 475 Πάλιν
2040 421 2277 494 ἑκάστην
2308 423 2386 494 τῷ
2416 424 2558 495 λόγῳ
2589 426 2922 496 παραθέντες
2951 428 3059 481 τῶν
3091 423 3292 498 ἀρτίως
3341 426 3473 499 ἡμῖν
3534 430 3686 502 ιίρη-

433 520 608 591 μένων
627 515 836 581 αἰτιῶν,
863 516 949 569 ἐπ’
972 517 1108 587 αὐτῇ
1134 515 1204 569 τὰ
1227 516 1414 569 εἰκότα
1440 513 1705 585 λέγωμεν.

498 620 865 691 Quaerendum
907 629 1021 687 quo
1067 623 1228 686 pacto
1280 614 1697 688 intelligendum
1743 618 1815 673 sit
1856 614 2004 687 quod

2172 611 2302 675 Πῶς
2332 613 2437 686 γὰρ
2478 613 2544 669 ἂν
2588 615 2683 668 καὶ
2732 615 2932 687 πρέποι
2976 619 3115 671 νοεῖν
3147 616 3407 689 ζητητέον
3443 621 3525 674 ὅτι
3555 639 3685 675 κατ-

429 715 712 776 damnavit
738 718 1023 783 peccatum
1049 709 1104 763 in
1134 722 1325 772 carne,
1359 709 1528 765 misso
1554 707 1695 764 Filio
1717 700 1827 763 suo
1866 707 2007 762 Deus

430 823 494 865 ac
545 808 709 862 Pater
754 805 809 858 in
865 800 1283 858 similitudinem
1341 802 1533 855 carnis
1588 802 1822 872 peccati.
1873 801 2006 855 Eum

425 901 654 973 quippe,
688 893 907 951 tametsi
938 892 1083 947 Deus
1122 892 1195 947 sit
1231 892 1536 947 secundum
1568 900 1820 947 naturam
1856 900 1909 946 et
1939 908 2004 946 ex

425 993 551 1060 ejus
586 987 897 1045 substantia
943 985 1188 1055 genitus,
1227 998 1291 1039 ac
1331 984 1835 1040 immutabilitatem
1879 997 2007 1053 pro-

426 1081 679 1153 prietatis
700 1078 822 1148 ejus
846 1076 1174 1132 naturaliter
1193 1076 1415 1137 habeat,
1440 1076 1778 1146 proindeque
1802 1077 1856 1131 in
1884 1090 2010 1147 pec-

425 1186 612 1230 catum
640 1174 745 1228 labi
770 1188 997 1243 prorsus
1016 1171 1248 1236 nesciat,
1268 1178 1362 1224 aut
1384 1172 1437 1225 in
1465 1171 1657 1225 vitium
1683 1170 2004 1233 deﬂectere,

429 1269 481 1320 in
507 1275 793 1337 peccatum
816 1275 999 1319 tamen
1018 1263 1173 1318 carni
1198 1263 1506 1333 subjectum
1526 1263 1858 1318 descendere
1883 1261 2011 1319 fecit

433 1361 600 1421 ultro.
629 1369 688 1413 ut
724 1359 898 1428 ipsam
929 1370 1151 1412 carnem
1185 1369 1340 1410 suam
1377 1354 1625 1410 eli‘ectam
1666 1355 1731 1409 ad
1764 1355 2009 1427 proprie-

433 1459 601 1503 tatem
650 1464 809 1504 suam
853 1445 1202 1508 transferret,
1246 1445 1299 1499 id
1343 1453 1429 1499 est
1480 1446 1691 1516 peccati
1732 1454 2007 1503 exsortem

434 1541 659 1597 faceret.
680 1538 791 1595 Nec
819 1539 966 1594 enim
1001 1538 1467 1603 existimabimus,
1485 1538 1532 1593 si
1564 1553 1720 1594 mens
1747 1553 1883 1595 sana
1909 1554 2009 1595 no-

432 1633 519 1689 bis
564 1631 656 1697 sit,
684 1630 1044 1703 Unigenitum
1078 1628 1285 1684 factum
1322 1644 1449 1686 esse
1480 1630 1788 1696 hominem,
1813 1637 1874 1685 ut
1907 1645 2010 1687 suo

432 1724 639 1794 templo
677 1723 854 1779 solum
905 1722 960 1776 id
1006 1728 1332 1792 praestaret:
1384 1722 1661 1792 quomodo
1700 1723 1846 1779 enim
1890 1722 2009 1792 ejus

435 1813 703 1868 adventus
742 1812 808 1867 ad
840 1827 943 1868 nos
979 1809 1388 1882 magniﬁcentia
1430 1819 1485 1867 et
1526 1811 1740 1868 utilitas
1776 1821 2006 1883 pateret,

437 1904 483 1958 si
508 1917 669 1958 suum
703 1903 970 1956 duntaxat
1001 1915 1209 1971 corpus
1241 1902 1560 1957 servasset?
1592 1902 1686 1958 sed
1721 1903 2008 1959 credemus

435 1996 623 2066 potius
660 1994 1015 2066 Unigenitum
1062 1992 1267 2048 factum
1311 2008 1435 2049 esse
1475 1994 1772 2063 hominem,
1809 2006 1868 2051 ut
1913 1998 2005 2067 qui

436 2098 647 2142 naturae
669 2087 939 2142 universae
967 2101 1064 2157 per
1093 2086 1337 2155 seipsum
1369 2093 1425 2140 et
1445 2086 1606 2156 821
1639 2087 1693 2142 in
1718 2102 1778 2144 se
1805 2088 2004 2157 primo,

436 2180 586 2235 velut
634 2179 690 2234 in
738 2178 999 2248 primitiis
1070 2177 1434 2234 humanitatis
1484 2179 1629 2235 bona
1688 2180 2006 2236 vindicatu-

433 2285 533 2326 rus
560 2276 726 2326 esset.
767 2266 1249 2335 Quemadmodum
1297 2268 1446 2322 enim
1484 2283 1595 2323 non
1648 2277 1883 2324 mortem
1917 2283 2010 2325 so-

435 2364 574 2426 lum,
623 2361 720 2417 sed
776 2361 1067 2416 universas
1099 2358 1284 2417 carnis
1334 2359 1624 2431 passiones
1684 2361 1860 2418 secuti
1916 2376 2011 2416 su.-

436 2469 587 2521 mus,
636 2454 802 2524 idque
837 2453 998 2509 nobis
1028 2452 1084 2507 in
1114 2452 1293 2523 primo
1333 2451 1558 2508 homine
1601 2452 1852 2523 contigit,
1880 2468 2008 2508 cum

435 2554 659 2618 propter
690 2544 1193 2616 praevaricationem
1221 2549 1337 2597 tum
1370 2542 1614 2597 divinam
1656 2544 2003 2600 maledictio-

442 2652 563 2694 nem
608 2650 623 2690 :
665 2636 881 2701 eodem,
934 2635 1176 2706 opinor,
1238 2632 1405 2688 modo
1460 2636 1760 2705 sequemur
1814 2649 2010 2701 omnes

435 2727 740 2791 Christum,
760 2736 1068 2783 servantem
1086 2723 1472 2795 multipliciter
1487 2736 1542 2781 et
1569 2726 2007 2782 sanctilicantem

436 2820 624 2875 carnis
680 2826 931 2873 naturam
978 2820 1035 2873 in
1090 2816 1296 2886 seipso.
1334 2815 1546 2875 Idcirco
1583 2818 1749 2874 etiam
1805 2816 2011 2874 Paulus

439 2911 619 2967 aiebat
656 2928 671 2966 :
712 2929 731 2962 ι
765 2910 830 2965 Et
864 2910 1007 2966 sicut
1050 2911 1395 2982 portavimus
1446 2910 1739 2980 imaginem
1785 2910 2009 2976 terreni,

438 3010 722 3074 portemus
767 3010 821 3058 et
870 3002 1165 3073 imaginem
1214 3003 1459 3062 cmlestis
1483 3002 1551 3059 ⁸⁷.
1581 3021 1599 3055 ι
1635 3001 1822 3073 Imago
1865 3002 2011 3057 enim

436 3093 668 3159 terreni,
700 3093 807 3149 hoc
834 3103 920 3151 est
950 3094 1178 3164 Adami,
1206 3105 1291 3154 est
1318 3097 1373 3151 in
1406 3096 1760 3167 passionibus
1798 3104 1855 3151 et
1888 3111 2015 3152 cor-

436 3187 696 3258 ruptione
730 3189 938 3244 versari
988 3207 1001 3242 :
1049 3190 1232 3261 imago
1275 3198 1459 3246 autem
1510 3189 1774 3256 cmlestis,
1823 3187 1882 3244 id
1931 3196 2017 3245 est

436 3280 667 3346 Christi,
698 3290 781 3335 est
818 3280 1106 3339 affectibus
1134 3292 1189 3339 et
1212 3282 1572 3355 corruptione
1600 3296 1833 3339 vacuum
1866 3296 2011 3338 esse.
2040 3312 2083 3370 ε

438 3372 731 3428 Damnavit
778 3373 944 3442 igitur
975 3382 1262 3445 peccatum
1295 3375 1351 3431 in
1381 3390 1483 3431 sua
1516 3389 1703 3438 carne,
1739 3373 1886 3431 Deus
1919 3388 2016 3429 ex-

438 3466 643 3521 sistens
676 3465 975 3521 secundum
1012 3474 1291 3530 naturam,
1332 3465 1597 3532 Verbum,
1629 3466 1834 3536 iubens
1882 3465 2017 3522 illud

441 3568 666 3610 cessare
707 3563 762 3609 et
801 3555 869 3609 ad
916 3553 1012 3610 Dei
1043 3556 1385 3611 voluntatem
1422 3557 1603 3627 potius
1643 3570 1806 3626 quam
1860 3569 2017 3611 suam

441 3645 822 3713 conlormans,
856 3655 1021 3717 atque
1047 3647 1123 3702 ita
1163 3662 1387 3717 corpus,
1422 3647 1659 3703 animale
1684 3661 1809 3703 cum
1848 3654 2016 3713 esset,

441 3738 625 3795 eﬂ’ecit
663 3737 798 3793 illud
847 3738 1118 3810 spiritale.
1170 3738 1326 3795 Unus
1378 3739 1548 3810 igitur
1594 3738 2018 3795 instaurationis

444 3832 538 3888 hic
568 3830 763 3888 modus
788 3841 873 3887 est
904 3850 918 3887 :
951 3831 1045 3888 sed
1070 3831 1209 3888 alter
1229 3831 1379 3889 subit
1401 3831 1638 3887 maxime
1661 3832 2017 3895 conveniens,

442 3938 511 3981 ac
562 3939 751 3979 rerum
814 3924 1223 3995 propositarum
1277 3923 1727 3995 contemplationi
1780 3923 2019 3982 debitus.

443 4014 797 4086 Propositum
850 4020 1030 4070 autem
1069 4021 1154 4071 est
1203 4013 1273 4071 de
1313 4024 1517 4070 aeterna
1555 4015 1668 4069 vita
1713 4012 1935 4079 dicere,
1967 4023 2021 4069 et

445 4107 644 4164 mortis
666 4105 1066 4171 destructione,
1090 4116 1145 4161 et
1167 4120 1277 4177 quo
1303 4114 1465 4177 pacto
1494 4120 1524 4160 a
1554 4116 1749 4161 natura
1779 4105 2019 4160 humana

443 4196 859 4268 corruptionem
927 4197 1257 4269 Unigenitus
1327 4198 1610 4253 averterit.
1687 4214 1707 4247 ι
1747 4194 2020 4261 Quoniam

443 4288 613 4361 igitur
651 4290 807 4360 pueri
850 4291 1340 4345 communicarunt
1383 4288 1539 4345 carni
1572 4297 1629 4343 et
1660 4287 1935 4359 sanguini,
1968 4294 2023 4342 et

443 4382 564 4450 ipse
608 4381 777 4436 simili
813 4376 979 4436 modo
1031 4381 1389 4451 participavit
1430 4379 1661 4443 eisdem,
1703 4386 1763 4433 ut
1792 4388 2021 4435 mortem

442 4471 759 4527 destrueret
780 4471 847 4534 ⁸⁸,
878 4488 897 4521 ι
936 4478 991 4526 et
1033 4472 1128 4540 qui
1166 4489 1186 4522 ι
1212 4471 1422 4525 creavit
1470 4478 1532 4523 ut
1578 4478 1767 4527 essent
1810 4472 2021 4534 omnia,

442 4568 501 4616 et
528 4560 804 4617 salutares
828 4559 957 4615 fecit
984 4561 1363 4631 generationes
1392 4560 1605 4621 mundi,
1624 4578 1643 4611 ι
1674 4569 1734 4614 ut
1756 4561 2022 4631 scriptum

2109 703 2289 774 έκρινε
2318 705 2416 777 τὴν
2444 706 2719 777 ἁμαρτίαν
2748 709 2806 760 ὲν
2836 710 2902 779 τῇ
2943 709 3127 780 σαρκὶ,
3169 710 3390 781 πέμψας
3421 711 3512 766 τὸν
3558 713 3686 767 ῐδιον

2108 794 2237 848 Υίὺν
2269 796 2297 847 6
2322 796 2453 861 Θεὸς
2493 798 2586 851 καὶ
2614 797 2822 869 Πατὴρ,
2860 800 2919 852 ὲν
2948 799 3250 871 ὁμοιώματι
3282 802 3482 873 σαρκὸς
3511 804 3678 876 ἁμαρ·

2107 887 2249 950 τίας.
2279 886 2411 941 Θεὸν
2451 888 2559 961 γάρ
2602 888 2730 943 ὄντα
2769 890 2908 944 κατά
2945 886 3105 959 φύσιν
3147 894 3240 946 καὶ
3277 894 3339 946 ἐκ
3375 894 3472 963 τῆς
3501 896 3687 958 οὐσίας

2108 979 2271 1033 αὑτοῦ
2316 982 2613 1049 πεφηνότα,
2661 983 2755 1037 καὶ
2800 982 2864 1037 τὸ
2914 983 3183 1054 ἄτρεπτον
3214 984 3404 1055 ἔχοντα
3442 988 3687 1055 φυσικῶς

2108 1069 2205 1140 τῆς
2236 1071 2493 1143 ἰδιότητος
2532 1072 2718 1140 αὐτοῦ,
2757 1075 2846 1130 διά
2889 1093 2949 1129 τε
2984 1076 3141 1130 τοῦτο
3170 1078 3246 1148 μὴ
3274 1078 3449 1132 εἰδότα
3491 1097 3689 1133 παντε-

2109 1161 2214 1227 λῶς
2250 1163 2310 1216 τὸ
2341 1164 2623 1220 διολισθεῖν
2664 1167 2744 1230 εἰς
2785 1168 3081 1239 ἁμαρτίαν,
3124 1169 3290 1240 ἧγουν
3338 1172 3685 1241 παρατρέπε-

2110 1252 2235 1306 σθαί
2266 1272 2357 1307 ποι
2389 1255 2525 1326 πρὸς
2545 1256 2606 1310 τὸ
2634 1258 2707 1330 μὴ
2738 1258 2859 1329 ἕχον
2887 1259 3084 1331 ὀρθῶς,
3106 1263 3184 1324 είς
3226 1260 3324 1333 τὴν
3354 1261 3689 1317 ὑποπίπτου-

2110 1361 2209 1397 σαν
2249 1347 2316 1416 τῇ
2374 1347 2539 1419 σαρκὶ
2589 1349 2863 1421 ἁμαρτίαν
2926 1351 3228 1422 καταϐῆναι
3278 1353 3687 1425 παρεσκεύασεν

2108 1440 2365 1507 ἐθελοντὶ,
2393 1443 2481 1497 ἵνα
2509 1444 2642 1498 ἰδίαν
2687 1447 2858 1518 αὐτὴν
2904 1448 3273 1519 ποιησάμενος
3315 1449 3514 1520 σάρκα,
3556 1451 3689 1521 πρὸς

2106 1532 2169 1585 τὸ
2197 1532 2325 1587 ἴδιον
2349 1534 2512 1589 αὐτοῦ
2540 1536 2635 1590 καὶ
2662 1538 2888 1605 φυσικὸν
2919 1541 3253 1613 μεταστήσῃ,
3280 1539 3428 1594 τοῦτ’
3457 1542 3595 1607 ἐστι,
3628 1542 3690 1596 σεδ

2112 1624 2186 1696 μὴ
2218 1626 2573 1697 ἁμαρτάνειν.
2607 1628 2683 1682 Οὐ
2714 1629 2824 1702 γὰρ
2889 1630 3060 1700 δήπου
3096 1631 3505 1704 διακεισόμεθα,
3560 1651 3691 1706 φροι-

2108 1714 2326 1781 νοῦντες
2372 1718 2569 1790 ὀρθῶς,
2607 1720 2691 1773 ὅτι
2723 1720 2787 1792 δὴ
2831 1721 2976 1793 μόνῳ
3018 1721 3096 1793 τῷ
3145 1723 3331 1794 οἰκείῳ
3372 1725 3487 1796 ναῷ
3534 1725 3691 1779 τοῦτο

2107 1807 2469 1879 κατορθώσων
2494 1811 2715 1880 γέγονεν
2731 1811 3015 1884 ἄνθρωπος
3040 1813 3069 1865 6
3090 1814 3420 1886 Μονογενής.
3437 1816 3548 1869 Ποῦ
3579 1816 3690 1887 γάρ

2110 1898 2177 1953 ἂν
2224 1899 2363 1962 ὅλως
2414 1899 2588 1972 ὁρῷτο
2631 1903 2729 1974 τῆς
2777 1904 2853 1967 ὡς
2905 1905 3056 1975 ἡμᾶς
3088 1905 3323 1975 ἀφίξεως
3365 1906 3425 1961 τὸ
3463 1909 3695 1978 μεγαλο-

2115 1989 2319 2061 πρεπὲς
2348 1991 2444 2045 καὶ
2472 1992 2766 2064 ὠφέλιμον,
2800 1997 2847 2049 εί
2881 1996 3040 2066 μόνον
3072 1998 3134 2052 τὸ
3174 1998 3367 2052 ἑαυτοῦ
3396 1999 3693 2054 διεσώσατο

2115 2081 2310 2153 σῶμα;
2349 2084 2709 2157 πιστεύσομεν
2735 2088 2792 2141 δὲ
2832 2089 3029 2159 μᾶλλον
3055 2089 3131 2154 ὡς
3177 2091 3270 2162 ὅλῃ
3318 2094 3383 2163 τῇ
3432 2092 3589 2162 φύσει
3623 2092 3691 2145 δι’

2115 2170 2330 2235 ἑαυτοῦ,
2353 2172 2446 2225 καὶ
2472 2173 2531 2226 έν
2563 2173 2711 2245 αύτῷ
2735 2174 2955 2247 πρώτῳ,
2984 2178 3235 2249 καθάπερ
3256 2181 3313 2231 ὲν
3343 2181 3560 2251 ἀπαρχῇ
3592 2182 3693 2249 τῆς

2114 2264 2528 2335 ἀνθρωπότητος
2570 2269 2937 2338 περιποιήσων
2974 2269 3044 2324 τὰ
3095 2272 3299 2340 ἀγαθὰ,
3326 2272 3516 2341 γέγονε
3566 2272 3692 2326 καθ’

2112 2357 2262 2426 ἡμᾶς
2308 2357 2337 2409 6
2391 2359 2722 2430 Μονογενής.
2760 2360 2972 2432 Ὥσπερ
3022 2362 3132 2433 γάρ
3176 2363 3297 2431 οὐχὶ
3341 2362 3419 2434 τῷ
3477 2363 3695 2435 θανάτῳ

2118 2446 2301 2518 μόνον,
2351 2448 2465 2502 ἀλλ’
2514 2449 2654 2514 ὅλοις
2703 2451 3146 2524 ἠκολουθήσαμεν
3195 2457 3308 2519 τοῖς
3350 2457 3548 2510 πάθεσι
3596 2457 3694 2526 τῆς

2118 2540 2341 2611 σαρκὸς,
2367 2542 2424 2594 ὲν
2451 2540 2528 2612 τῷ
2558 2540 2757 2613 πρώτῳ
2784 2542 2945 2597 τοῦτο
2992 2545 3254 2610 παθόντες
3286 2546 3578 2619 ἀνθρώπῳ,
3607 2548 3694 2603 διά

2115 2646 2177 2682 τε
2228 2629 2329 2701 τὴν
2373 2630 2686 2702 παράϐασιν
2738 2632 2831 2686 καὶ
2874 2632 2974 2704 τὴν
3018 2632 3168 2689 θείαν
3217 2637 3383 2708 ἀράν’
3434 2637 3572 2692 κατά
3602 2637 3693 2691 τὸν

2118 2721 2303 2786 αὐτὸν,
2330 2716 2504 2793 οἶμαι,
2529 2723 2731 2794 τρόπον
2762 2723 3004 2796 ἑψόμεθα
3035 2726 3344 2798 σύμπαντες
3374 2730 3451 2801 τῷ
3476 2729 3694 2802 Χριστῷ

2116 2814 2435 2880 διασώζοντι
2470 2816 2821 2885 πολυτρόπως
2869 2819 2964 2871 καὶ
2991 2820 3269 2888 ἀγιάξοντι
3302 2822 3399 2894 τὴν
3434 2822 3535 2893 τῆς
3567 2840 3698 2894 σαρ-

2120 2909 2216 2972 κὸς
2243 2908 2405 2977 φύσιν
2429 2909 2486 2961 ὲν
2507 2909 2703 2979 ἐαυτῷ.
2736 2911 2826 2964 Διὸ
2854 2913 2944 2966 καὶ
2967 2914 2995 2966 ό
3025 2912 3236 2979 Παῦλος
3261 2914 3463 2985 ἔφασκε
3484 2933 3497 2947 ο
3534 2936 3553 2969 ι
3584 2918 3697 2972 Καὶ

2120 2999 2303 3063 καθὼς
2335 3000 2676 3071 ὲφορέσαμεν
2720 3000 2818 3072 τὴν
2856 3001 3039 3058 είκόνα
3080 3004 3174 3058 τοῦ
3219 3007 3421 3077 χοϊκοῦ,
3452 3007 3697 3078 φορέσω-

2124 3113 2224 3167 μεν
2271 3095 2366 3150 καί
2415 3094 2512 3166 τὴν
2562 3095 2745 3151 εἰκόνα
2800 3094 2894 3150 τοῦ
2947 3097 3293 3169 ἐπουρανίου.
3329 3118 3345 3150 ι
3382 3099 3556 3153 Εἰκὼν
3589 3099 3698 3173 γάρ

2120 3188 2214 3243 τοῦ
2238 3188 2445 3259 χοϊκοῦ,
2474 3186 2618 3241 τοῦτ’
2646 3187 2794 3241 ἐστιν
2822 3188 3008 3260 Ἀδάμ,
3039 3189 3099 3243 τὸ
3131 3192 3188 3244 ὲν
3216 3191 3412 3245 πάθεσι
3444 3193 3700 3261 γενέσθαι

2124 3282 2218 3335 καὶ
2268 3279 2477 3351 φθορᾷ·
2533 3276 2698 3332 είκὼν
2745 3279 2802 3333 δὲ
2854 3278 2947 3333 τοῦ
2996 3281 3341 3353 ἐπουρανίου,
3383 3282 3527 3337 τοῦτ’
3581 3282 3701 3337 ἔστι

2120 3369 2378 3443 Χριστοῦ,
2428 3367 2491 3422 τὸ
2544 3369 2603 3421 ὲν
2649 3367 2888 3440 ἀπαθείᾳ
2937 3369 3187 3438 γενέσθαι
3246 3372 3341 3426 καὶ
3402 3371 3696 3445 ἀφθαρσίᾳ.

2119 3460 2422 3533 Κατέκρινε
2472 3459 2651 3512 τοίνυν
2696 3458 2795 3530 τὴν
2848 3459 3124 3533 ἁμαρτίαν
3166 3464 3223 3516 ὲν
3251 3464 3316 3533 τῇ
3357 3461 3463 3533 ἰδίᾳ
3511 3463 3698 3534 σαρκὶ,

2117 3553 2251 3617 Θεὸς
2285 3552 2546 3623 ὑπάρχων
2583 3551 2727 3605 κατὰ
2755 3550 2940 3621 φύσιν,
2978 3555 3007 3607 ό
3055 3554 3249 3623 Λόγος,
3291 3555 3480 3626 ἀργεῖν
3513 3555 3703 3609 ἐπιτά-

2119 3646 2217 3714 ξας
2258 3644 2419 3715 αὐτῇ,
2450 3644 2545 3698 καὶ
2599 3644 3044 3717 μεταρῤυθμίσας
3085 3646 3284 3717 μᾶλλον
3333 3649 3414 3712 εἰς
3441 3648 3502 3702 τὸ
3534 3650 3703 3702 κινεῖ-

2120 3737 2246 3792 σθαι
2281 3735 2417 3809 πρὸς
2455 3735 2517 3789 τὸ
2554 3735 2744 3791 δοκοῦν
2775 3736 2855 3807 τῷ
2894 3735 3015 3808 Θεῷ
3042 3738 3137 3791 καὶ
3177 3738 3251 3810 μὴ
3300 3740 3434 3811 πρὸς
3465 3738 3527 3793 τδ
3569 3738 3703 3793 ίδιον

2118 3830 2200 3885 ἔτι
2228 3829 2468 3902 θέλημα·
2495 3828 2638 3883 οὕτω
2668 3846 2728 3884 τε
2757 3830 2985 3901 ψυχικὸν
3015 3831 3257 3904 ὑπάρχον
3283 3832 3345 3886 τὸ
3380 3832 3538 3903 σῶμα
3568 3848 3704 3887 κατ-

2121 3921 2388 3977 εσκεύασε
2432 3922 2819 3993 πνευματικόν.
2876 3917 2972 3988 Εἷς
3016 3924 3116 3994 μὲν
3157 3920 3250 3979 οῦν
3296 3925 3397 3997 τῆς
3427 3927 3706 3996 ἀνακεφα-

2120 4014 2399 4078 λαιώσεως
2437 4014 2618 4068 οὑτοσὶ
2660 4014 2881 4085 τρόπος·
2909 4016 2939 4068 ό
2978 4015 3035 4069 δὲ
3069 4017 3162 4070 καὶ
3194 4018 3428 4088 μάλιστα
3452 4020 3700 4090 πρέπων,

2122 4107 2217 4160 καὶ
2244 4108 2311 4177 τῇ
2338 4103 2450 4158 τῶν
2476 4106 2853 4177 προκειμένων
2878 4105 3081 4179 θεωρίᾳ
3102 4108 3562 4180 χρεωστούμενος,
3580 4111 3704 4179 μετ’

2116 4198 2327 4250 ἐκεῖνον
2357 4196 2689 4268 εἰσϐήσεται.
2719 4198 3076 4269 Προκείσεται
3119 4199 3175 4252 δὲ
3218 4200 3392 4255 εἰπεῖν
3430 4202 3557 4273 περὶ
3600 4202 3706 4271 τῆς

2122 4284 2343 4338 αἰωνίου
2366 4283 2534 4356 ζωῆς,
2560 4288 2655 4340 καὶ
2682 4286 2783 4357 τῆς
2810 4286 2905 4341 τοῦ
2933 4286 3165 4343 θανάτου
3196 4290 3532 4362 νεκρώσεως,
3554 4294 3707 4357 ὅπως

2122 4394 2182 4431 τε
2213 4377 2314 4448 τῆς
2345 4378 2691 4451 ἀνθρωπείας
2723 4378 2941 4448 φύσεως
2970 4380 3067 4452 τὴν
3096 4382 3161 4435 ὲκ
3208 4384 3307 4455 τῆς
3339 4383 3707 4453 παραϐάσεως

2125 4469 2331 4542 φθορὰν
2376 4469 2684 4541 ἀπέστησεν
2718 4472 2748 4525 6
2783 4471 3117 4544 Μονογενής.
3155 4493 3175 4527 ι
3211 4474 3421 4530 Οὐκοῦν
3473 4476 3708 4548 ἐπείπερ

2123 4562 2195 4617 τὰ
2240 4560 2428 4616 παιδία
2471 4561 2871 4634 κεκοινώνηκεν
2923 4564 3157 4636 αἵματος
3218 4566 3313 4620 καὶ
3355 4567 3574 4639 σαρκὸς,
3606 4568 3709 4621 καὶ

443 4658 533 4707 est
548 4650 621 4716 ⁸⁹,
644 4660 699 4706 et
726 4666 914 4707 rerum
941 4651 1174 4706 formam
1206 4651 1262 4705 in
1280 4651 1578 4721 pristinum
1616 4658 1823 4708 statum
1842 4652 2014 4708 denuo

2127 4651 2288 4715 αὐτὸς
2316 4650 2711 4723 παραπλησίως
2734 4653 2962 4724 μετέσχε
2989 4653 3099 4707 τῶν
3122 4653 3321 4718 αὐτῶν,
3348 4654 3437 4708 ἵνα
3455 4654 3707 4725 νεκρώσῃ

446 4752 756 4801 revocaret.
787 4742 855 4798 Et
881 4744 1159 4800 curiosius
1191 4743 1412 4815 quidem
1448 4758 1614 4814 quam
1653 4751 1896 4814 oportet,
1926 4760 2024 4801 ne-

447 4837 694 4896 cessario
723 4845 907 4893 tamen
937 4837 1006 4893 de
1049 4838 1276 4907 antiquo
1324 4846 1516 4892 nostro
1554 4844 1702 4893 statu
1748 4838 1914 4894 verba
1942 4838 2022 4893 fa-

446 4931 680 4986 ciemus.
712 4929 882 4985 Recte
906 4928 1108 4999 quippe
1136 4927 1268 4998 quid
1311 4928 1723 4985 observandum
1756 4928 1829 4984 sit
1867 4943 2023 4985 com-

448 5022 613 5094 plecti
645 5022 806 5089 velle,
838 5020 1069 5092 pigritia:
1108 5020 1308 5090 probro
1339 5020 1529 5091 utique
1566 5019 1806 5076 vacabit.

2129 4741 2221 4795 τὸν
2272 4741 2523 4807 θάνατον,
2562 4761 2581 4795 ι
2618 4742 2713 4797 καὶ
2756 4744 2787 4796 6
2840 4761 2860 4794 σ
2919 4746 3111 4809 κτίσας
3158 4746 3238 4810 εἰς
3282 4745 3587 4818 ἀφθαρσίαν
3634 4747 3710 4801 τὰ

2131 4838 2329 4904 πάντα,
2373 4837 2469 4891 καὶ
2520 4839 2822 4911 σωτηρίους
2863 4838 3151 4905 ἀποδείξας
3197 4840 3297 4903 τὰς
3323 4842 3566 4909 γενέσεις
3606 4842 3708 4896 τοῦ

2130 4929 2357 4999 κόσμου,
2392 4946 2411 4980 ι
2437 4928 2581 4983 κατά
2623 4928 2684 4983 τὸ
2725 4932 3131 5002 γεγραμμένον,
3178 4932 3498 5005 μεταπλάσῃ
3543 4932 3694 4988 πάλιι

2128 5020 2239 5073 τῶν
2267 5020 2604 5091 πραγμάτων
2632 5020 2693 5074 τδ
2729 5021 2917 5092 σχῆμα
2944 5021 3078 5093 πρὸς
3103 5022 3166 5076 τὸ
3193 5023 3437 5093 ἀρχαῖον.
3474 5023 3581 5078 Καί
3612 5040 3701 5094 μοι

449 5118 613 5173 πάλιν
638 5118 848 5186 όλόγος
875 5115 1292 5187 περιεργότερον
1323 5114 1442 5185 μὲν,
1493 5116 1639 5187 ἥπερ
1671 5114 1862 5186 ἐχρῆν,
1903 5115 2224 5185 ἀναγκαίως
2269 5114 2316 5169 δ’
2361 5109 2455 5168 οὖν
2525 5114 2677 5185 ὅμως
2729 5116 3097 5187 προϐλήσεται
3161 5116 3274 5188 [γρ.
3324 5115 3704 5189 προϐήσεται],

448 5207 679 5279 τὴντῶν
703 5206 824 5261 καθ’
849 5207 997 5279 ἡμᾶς
1024 5207 1357 5279 ἀρχαιότητα
1382 5205 1765 5278 παραδεικνύς.
1792 5207 1866 5261 Τὸ
1928 5207 2058 5279 γὰρ,
2129 5202 2325 5278 οἶμαι,
2386 5206 2839 5277 περιδράττεσθαι
2900 5206 3007 5262 τῶν
3066 5207 3436 5280 θεωρημάτων
3495 5207 3706 5263 ἐθέλειν

451 5301 646 5374 ὀρθῶς,
692 5303 802 5357 τῶν
849 5303 909 5369 ἐξ
951 5303 1110 5358 ὄκνου
1162 5302 1521 5374 πταισμάτων
1559 5304 1855 5375 ἀμοιρήσει
1896 5302 2199 5367 παντελῶς.
3748 5306 3775 5341 1

520 5392 747 5450 Factum
773 5403 861 5452 est
888 5397 1057 5468 igitur
1083 5396 1319 5453 rationis
1348 5410 1577 5467 compos
1603 5397 1738 5452 illud
1774 5398 2019 5464 animal,

453 5484 640 5549 homo,
656 5484 903 5555 inquam,
923 5501 952 5540 a
984 5488 1281 5558 principio,
1300 5487 1366 5543 ad
1393 5488 1676 5543 Creatoris
1705 5489 2020 5559 imaginem,

448 5573 611 5648 juxta
655 5574 970 5647 Scripturas
1010 5578 1078 5634 ”.
1116 5577 1182 5633 Et
1233 5578 1377 5634 ratio
1418 5578 1639 5635 diversa
1679 5578 1902 5649 quidem
1935 5590 2023 5637 est

2201 5395 2502 5467 Πεποίηται
2545 5396 2724 5451 τοίνυν
2774 5396 2924 5451 τουτὶ
2963 5396 3024 5451 τὸ
3070 5396 3286 5467 λογικὸν
3328 5396 3421 5450 ἐπὶ
3461 5395 3562 5466 τῆς
3599 5393 3707 5463 γῆς

2128 5488 2288 5554 ζῶον,
2318 5489 2463 5559 φημὶ
2497 5488 2560 5561 δὴ
2602 5489 2692 5544 τὸν
2723 5490 3030 5562 ἄνθρωπον,
3060 5489 3120 5556 ἐξ
3149 5491 3343 5562 ἀρχῆς,
3376 5486 3712 5543 κατἐἰκόνα

2124 5580 2221 5634 τοῦ
2253 5579 2576 5648 Κτίσαντος,
2606 5582 2749 5637 κατὰ
2775 5582 2873 5647 τὰς
2901 5582 3141 5655 Γραφάς.
3175 5582 3286 5638 Kal.
3320 5581 3574 5652 διάφορος
3604 5576 3713 5651 μιν

525 5754 573 5789 ⁶’
601 5754 623 5811 ι
649 5754 777 5818 Cor.
804 5775 898 5830 xv,
934 5759 1024 5820 49.
1070 5758 1147 5839 ,⁸⁸
1186 5760 1357 5823 Hebr.
1392 5780 1457 5836 ιι,
1485 5767 1575 5825 14.
1650 5767 1696 5801 ⁸⁸
1739 5765 1869 5842 Sap.
1898 5782 1939 5837 I,
1982 5767 2005 5823 1

2143 5767 2190 5801 ⁸⁸
2230 5764 2365 5825 Gen.
2403 5779 2444 5833 ι,
2473 5764 2565 5825 26.
