2021 3102
165 139 214 168 277

167 241 231 268 ἀλλὰ
246 242 315 268 κατὰ
328 242 456 274 πολλούς’
475 244 557 278 μέρος
577 253 607 278 γε
627 245 680 279 μὴν
692 245 720 271 τὸ
732 245 785 271 τῶν
799 245 887 272 ἄλλων
904 245 955 281 μά-

167 288 241 313 λιστα
262 286 475 320 διαφανέστατον
494 289 543 323 τῆς
566 290 634 324 πρὸς
657 290 702 316 τὸν
723 292 873 327 ποιήσαντα
888 291 956 318 Θεὸν

170 333 323 367 ἰμφερείας,
345 332 375 359 τὸ
392 334 528 369 ἄφθαρτον
553 336 599 362 καὶ
625 336 786 372 ἀνώλεθρον.
810 336 879 363 Ἀλλ’
906 338 958 364 οὐκ

171 377 207 409 ἂν,
224 375 313 412 οἶμαι,
326 378 390 403 ποτε
406 378 472 413 πρὸς
484 379 513 405 τὸ
525 379 611 412 οὕτως
626 381 697 415 ἔχειν
706 382 835 409 δύνασθαι
849 382 878 408 τὸ
887 382 956 415 ζῶον

171 424 312 458 ἐξήρκεσεν
332 423 431 458 ἑαυτῷ,
457 425 528 450 κατά
559 434 590 459 γε
617 426 662 452 τὸν
687 429 737 462 τῆς
763 427 830 459 ἰδίας
849 427 957 462 φύσεως

171 468 254 501 λόγον.
269 467 331 499 Πῶς
345 468 398 503 7&9
418 469 450 495 ἂν
469 470 482 494 ὸ
502 470 554 495 ἀπὸ
571 470 621 504 γῆς
638 472 665 497 ὲν
684 472 735 506 ἰδίᾳ
759 472 839 507 φύσει
859 473 889 499 τὸ
907 473 958 508 τῆς

171 514 320 550 ἀφθαρσίας
333 514 437 550 ἐδείχθη
453 515 520 550 ἔχων
537 516 676 551 καύχημα,
693 517 729 552 μὴ
748 518 807 553 οὐχὶ
819 517 894 554 παρὰ
910 518 957 545 τοῦ

171 561 237 587 κατὰ
255 560 335 594 φύσιν
358 560 495 595 ἀφθάρτου
518 570 545 587 τε
572 563 619 589 καὶ
641 563 795 598 ἁνωλέθρου
811 564 890 596 Θεοῦ,
911 565 959 591 καὶ

171 606 299 638 ὡσαύτως
312 606 395 637 ὅντως
410 607 463 638 ἀεὶ,
479 607 540 633 καθ’
551 608 695 644 ὁμοιότητα
718 609 771 636 τῶν
792 609 879 637 ἄλλων
892 610 960 644 ἀγα-

172 651 223 677 θῶν
245 651 293 677 καὶ
306 651 382 677 τοῦτο
405 651 598 687 πεπλουτηκώς
611 661 618 685 ;
644 663 651 678 ι
664 654 696 680 Τί
716 654 769 689 γὰρ
786 654 868 689 ἔχεις,
882 654 895 681 ὃ
910 655 960 681 οὑκ

172 697 285 731 έλαὸες;
302 707 311 722 ι
328 697 440 728 εἰκότως
454 707 484 732 γε
501 699 602 734 σφόδρα
616 700 661 725 καὶ
674 699 781 735 ἀληθῶς
800 700 868 736 πρὸς
885 701 959 735 ἡμᾶς

173 742 221 769 πού
239 751 321 779 φησιν
338 744 351 769 ὁ
365 743 506 775 θεσπέσιος
519 744 632 775 Παῦλος.
647 746 706 772 Ἵνα
722 745 810 772 τοίνυν
826 745 856 772 τὸ
867 746 900 772 ὲκ
914 745 960 772 τοῦ

176 789 210 824 μὴ
224 788 301 819 ὄντος
320 789 465 824 παροιςῢὲν
479 789 518 820 είς
529 790 635 823 γένεσιν
650 791 686 825 μὴ
710 790 777 826 πρὸς
793 790 842 826 τὴν
858 790 960 817 οἰκείαν

175 834 357 868 ὑπονοστῆσαν
372 834 468 869 ἀρχὴν,
486 835 565 862 πάλιν
591 836 698 871 οἴχηται
724 837 792 872 πρὸς
811 837 842 864 τὸ
866 837 959 872 μηδὲν,

175 880 290 915 σώζηται
310 881 337 908 δὲ
361 881 459 916 μᾶλλον
481 882 611 916 διηνεκῶς
633 878 719 918 (οὗτος
748 883 803 918 γὰρ
825 881 859 919 ἦν
882 885 896 910 ὁ
914 883 960 910 τοῦ

174 927 321 958 κτίσαντος
338 927 458 962 σκοπός)⁶
481 928 592 962 μέτοχον
609 928 689 954 αὑτὸν
706 930 755 964 τῆς
770 929 838 961 ἰδίας
857 929 891 964 φύ
898 938 963 961 rem;

174 971 299 998 ἀποτελεῖ
317 971 392 1003 Θεός.
415 982 423 998 ι
449 973 612 1008 Ἐνεφύσησε
633 974 687 1009 γὰρ
710 975 749 1005 εἰς
774 973 804 1000 τὸ
819 974 963 1009 πρόσωπον

174 1018 256 1044 αὑτοῦ
271 1018 354 1054 πνοὴν
368 1020 449 1054 ζωῆς,
469 1029 477 1045 ι
493 1019 564 1046 τοῦτ’
579 1020 637 1046 ἔστι
657 1021 686 1047 τὸ
701 1020 813 1056 Πνεῦμα
824 1020 871 1047 τοῦ
887 1020 961 1047 Υίοῦ.

175 1063 228 1089 Καὶ
242 1063 296 1097 γάρ
313 1064 386 1090 ἐστιν
403 1064 482 1096 αὐτὸς
507 1066 522 1100 ἡ
547 1064 603 1100 ζωὴ
621 1065 689 1099 μετὰ
714 1064 829 1100 Πατρὸς,
844 1065 964 1101 συνέχων

176 1110 213 1140 εἰς
227 1109 256 1135 τὸ
278 1107 348 1135 εἶναι
364 1109 399 1136 τὰ
411 1110 509 1137 πάντα.
529 1110 650 1136 Κινεῖται
665 1111 718 1146 7&9
740 1111 768 1137 ἐν
781 1111 854 1147 αὺτῷ
868 1120 898 1138 τε
917 1112 965 1138 καὶ

177 1155 209 1189 ζῇ
223 1154 257 1180 τὰ
277 1154 350 1190 ζωῆς
364 1155 486 1187 δεκτικὰ,
501 1157 571 1183 κατὰ
597 1156 645 1191 τὴν
667 1156 713 1182 τοῦ
733 1156 839 1183 Παύλου
861 1157 963 1193 φωνήν.

178 1202 232 1227 Καὶ
248 1202 285 1236 μή
303 1210 344 1233 τις
355 1202 433 1236 ἡμῶν
453 1203 499 1228 ἐπὶ
510 1202 595 1237 τούτῳ
612 1202 695 1238 ψευδῆ
714 1203 865 1238 κατηχείτω
876 1203 963 1238 λόγον,

178 1247 280 1282 οἰηθεὶς
294 1249 378 1274 εἰπεῖν
396 1248 425 1275 τὸ
443 1249 513 1275 θεῖον
529 1248 680 1284 ἐμφύσημα
695 1249 835 1283 γεγονέναι
855 1250 892 1284 τῷ
904 1249 966 1284 ζὼῳ

179 1292 285 1327 ψυχήν·
305 1293 380 1320 τοῦτο
393 1294 447 1329 7&9
471 1294 500 1320 οὐ
521 1294 620 1329 φαμὲν,
642 1295 763 1329 λογισμῷ
784 1295 882 1329 τοοῷδε
898 1295 967 1330 πρὸς

179 1339 228 1374 τὴν
249 1339 296 1365 τοῦ
323 1340 484 1375 πράγματος
506 1340 637 1376 ἀλήθειαν
660 1340 915 1375 διακυϐερνώμενοι.
935 1341 967 1367 Et

180 1385 234 1420 γὰρ
250 1386 349 1412 οῐονταί
369 1394 441 1417 τινες
463 1385 492 1412 τὸ
512 1385 582 1412 Οεῖον
602 1386 754 1421 ἐμφύσημα
771 1386 896 1420 γενέσθαι
913 1386 967 1421 ψυ-

181 1430 241 1465 χὴν,
259 1429 410 1464 λεγέτωσαν
434 1431 499 1465 ἡμῖν
521 1431 634 1465 πότερόν
653 1439 717 1457 ποτε
733 1431 894 1466 παρετράπη
919 1431 968 1466 τῆς

184 1475 250 1507 ἰδίας
275 1475 383 1510 φύσεως
406 1477 451 1503 καὶ
470 1476 580 1510 γέγονεν
605 1478 644 1508 εἰς
666 1476 793 1512 ψυχὴν,ἢ
814 1476 968 1512 μεμένηκεν

182 1522 211 1549 ἂν
230 1522 373 1557 ταυτότητι
394 1524 426 1558 τῇ
450 1523 558 1549 ἑαυτοῦ.
574 1523 605 1549 Εἰ
630 1523 678 1558 μὲν
695 1523 748 1558 γὰρ
772 1522 864 1559 ἐροῦσι
887 1532 969 1559 μετα·
983 1538 1005 1568 c

183 1568 330 1603 τετράφθαι
348 1577 392 1594 ποι
409 1568 455 1595 καὶ
480 1569 524 1595 τὸν
539 1569 587 1603 τῆς
613 1569 680 1600 ἰδίας
696 1568 803 1603 φύσεως
818 1569 970 1604 παρελάσαι

184 1615 292 1650 θεσμὸν,
319 1614 523 1650 δυσφημοῦντες
547 1614 712 1641 ἁλώσονται·
731 1615 849 1650 τρεπτὴν
872 1615 925 1651 γὰρ
947 1616 972 1642 εἰ

184 1658 240 1695 [τρ.
255 1657 337 1695 εἶναι]
362 1660 469 1692 πάντως
492 1660 595 1695 ἐροῦσι,
621 1660 670 1694 τὴν
692 1660 825 1695 ἄτρεπτον
850 1660 897 1687 καὶ
917 1660 973 1687 ὡσ-

185 1705 274 1737 αύτως
287 1706 402 1741 ἔχουσαν
413 1706 456 1732 ἀεὶ
470 1707 560 1740 φύσιν.
574 1707 605 1732 Εἰ.
619 1705 647 1732 δὲ
662 1705 824 1742 παρετράπη
838 1706 973 1742 οὐδαμῶς,

185 1751 368 1786 διαμεμένηκε
385 1752 412 1778 δὲ
432 1751 503 1778 τοῦθ’
518 1753 585 1788 ὅπερ
607 1750 641 1787 ἦν
657 1753 700 1779 ἀεὶ
714 1751 844 1787 προελθὸν
860 1753 893 1779 ἐκ
906 1751 973 1779 Θεοῦ

186 1798 216 1824 τὸ
230 1797 383 1833 ἐμφύσημα
397 1798 490 1830 αὑτοῦ,
504 1798 562 1829 πῶς
576 1798 671 1833 ἐξέστη
692 1798 760 1833 πρὸς
775 1798 913 1833 ἁμαρτίαν
927 1798 975 1826 καὶ

186 1843 320 1879 τοσαύτης
337 1843 429 1870 παθῶν
444 1843 575 1878 διαφορᾶς
597 1843 692 1878 γέγονε
709 1843 849 1877 δεκτικόν;
865 1844 902 1870 Οὐ
920 1843 976 1880 γὰρ

186 1890 274 1925 δήπου
305 1891 383 1924 φαῖεν
399 1890 432 1918 ἃν
459 1889 496 1921 ὠς
518 1890 619 1916 ἔνεστιν
633 1890 702 1921 ὅλως
718 1890 752 1925 τῇ
775 1889 835 1924 θείᾳ
851 1888 931 1923 φύσει
946 1889 976 1916 τδ

186 1936 317 1963 δύνασθαι
341 1936 518 1971 πλημμελεῖν,
539 1936 608 1962 Ἀλλ’
631 1935 674 1962 ἵνα
704 1935 741 1970 μὴ
765 1936 883 1970 μακραῖς
911 1935 978 1961 ἀπο-

186 1982 303 2015 δείξεσιν
318 1982 365 2008 ὲπί
383 1982 468 2017 τούτῳ
486 1981 621 2017 χρώμενοι
643 1981 688 2007 τὸν
711 1981 768 2012 τοῖς
788 1980 978 2016 προκειμένοις

188 2028 410 2064 χρεωστοὺμενον
425 2028 623 2064 παρελάσωμεν
638 2027 725 2061 λόγον,
738 2027 810 2063 φημὶ
823 2027 877 2053 δεῖν
891 2027 979 2053 ἐκεῖνο

189 2075 271 2102 πάλιν
285 2074 468 2105 ἀναλαϐόντας
482 2074 579 2106 εἰπεῖν,
593 2073 630 2105 ὡς
653 2073 702 2099 οὐκ
718 2072 762 2105 ἂν,
774 2071 861 2108 οἶμαι,
879 2072 921 2104 τὶς
935 2072 979 2098 εὺ-

190 2121 298 2156 φρονῶν
311 2120 341 2147 τὸ
355 2121 387 2146 ἐκ
404 2120 453 2155 τῆς
468 2119 542 2151 Θείας
563 2119 656 2150 οὐσίας
678 2118 807 2153 προελθὸν
829 2117 980 2153 ἐμφύσημα

190 2166 279 2202 ψυχὴν
291 2167 373 2193 οῐοιτο
389 2166 514 2200 γενέσθαι
530 2165 569 2200 τῷ
582 2164 653 2199 ζῴῳ,
667 2163 819 2199 ψυχωθέντι
833 2163 862 2190 δὲ
878 2163 980 2198 μᾶλλον

686 140 722 168 IN
738 140 880 169 JOANNIS
900 139 1124 168 EVANGELIUM
1142 140 1206 168 LIB.
1232 140 1275 167 IX.

166 197 211 231 τῆς
225 198 329 229 ιίχόνος
349 199 364 225 ὁ
387 198 479 232 λόγος’
494 199 575 225 εἰκὼν
596 200 649 235 γὰρ
664 201 692 225 οὐ
714 201 773 227 καθ’
783 200 830 227 ἕνα
843 200 953 235 τρόπον,
969 202 992 228 Δ
1007 199 1133 234 imaginis

1741 148 1793 176 978

1156 208 1162 226 :
1193 200 1284 234 imago
1308 200 1410 234 quippe
1427 204 1469 227 est
1489 208 1543 227 non
1558 208 1614 228 uno
1630 204 1728 235 modo.
1746 207 1793 232 sed

1007 244 1153 279 pluribus;
1173 244 1219 272 sed
1235 252 1298 272 cum
1314 245 1412 280 opiﬂce
1433 246 1486 274 Deo
1500 247 1691 276 similitudinis
1706 252 1794 277 maxi-

1006 297 1052 318 me
1061 290 1179 318 illustris
1193 298 1256 325 pars
1267 298 1299 318 ea
1312 296 1364 324 est,
1380 292 1560 328 corruptione
1572 294 1702 322 nimirum
1715 300 1796 330 atque

1008 331 1122 362 interitu
1137 343 1246 364 vacare.
1261 336 1361 364 Verum
1379 345 1432 365 non
1448 339 1578 366 existimo
1590 340 1702 372 animal.
1720 346 1749 368 ut
1763 343 1795 369 ad

1007 390 1070 410 eum
1086 386 1189 410 statum
1203 384 1349 418 pervenire
1368 385 1455 419 possit
1468 405 1476 417 .
1494 390 1600 413 natura:
1615 394 1671 414 sua:
1688 388 1797 414 ratione

1008 436 1058 464 par
1080 436 1202 464 unquam
1222 429 1290 458 fore.
1311 430 1454 464 Quomodo
1470 432 1544 460 enim
1566 437 1695 461 terrenus
1716 434 1798 461 homo

1009 478 1108 502 natura
1125 483 1175 503 sua
1188 475 1225 502 ita
1236 481 1414 511 comparatus
1427 477 1475 509 sit,
1490 481 1521 504 ut
1537 478 1799 514 incorruptibilitalc

1009 522 1153 556 glorietur,
1171 522 1224 550 nisi
1242 529 1303 550 eam
1319 522 1355 551 ab
1372 523 1419 550 illo
1435 523 1482 558 qui
1500 524 1652 551 secundum
1671 530 1798 551 naturam

1009 575 1087 596 suam
1117 567 1337 603 incorruptibilis
1362 573 1390 596 et
1419 568 1584 597 immortalis
1607 573 1671 603 est,
1697 570 1800 605 quique

1009 613 1103 641 eodem
1123 621 1154 642 se
1170 613 1254 641 modo
1274 621 1386 649 semper
1408 614 1506 647 habet,
1526 615 1609 650 822
1630 615 1662 642 ad
1681 615 1796 643 aliorum

1010 660 1144 688 honorum
1163 660 1374 689 similitudinem
1398 661 1480 689 etiam
1505 662 1613 695 hoc;sit
1635 663 1797 689 assecutus?

1014 715 1023 731 α
1033 705 1103 739 Quid
1111 706 1185 734 enim
1196 706 1375 741 habes,quod
1388 714 1443 734 non
1462 707 1602 742 recepisti,
1616 716 1625 732 ι
1636 708 1698 741 jure
1713 707 1796 734 meri-

1010 755 1039 779 to
1054 759 1087 778 ac
1101 759 1164 779 vere
1180 752 1271 787 inquit
1280 752 1315 780 ad
1331 759 1382 779 nos
1399 752 1513 780 divinus
1526 751 1628 780 Paulus
1642 752 1744 780 alicubi
1759 752 1800 777 "‘i

1010 796 1051 825 Ne
1064 797 1149 833 igitur
1160 797 1187 824 id
1202 797 1275 832 quod
1298 805 1314 825 e
1336 797 1426 825 nihilo
1442 798 1469 825 in
1486 801 1578 825 ortum
1592 797 1722 825 eductum
1739 802 1799 827 est.

1012 844 1046 871 ad
1071 843 1238 878 principium
1263 850 1343 871 suum
1371 843 1498 875 rediens,
1529 850 1625 871 rursus
1643 843 1670 870 in
1686 843 1800 870 nihilum

1013 889 1113 921 abeat,
1130 889 1176 917 sed
1194 888 1285 924 potius
1299 892 1435 923 perpetuo
1448 892 1629 915 conservetur
1645 888 1711 922 (hic
1727 888 1800 915 enim

1016 933 1157 962 Creatoris
1168 942 1270 970 scopus
1287 934 1529 969 est),'participem
1544 941 1605 961 cum
1625 933 1716 960 reddit
1729 933 1801 961 Deus

1013 987 1070 1007 suae
1094 983 1211 1007 naturar.
1237 988 1246 1004 ι
1263 979 1435 1007 Ιηευαιεινὶιι
1456 980 1528 1006 enim
1547 979 1594 1006 «in
1617 978 1716 1006 faciem
1741 979 1801 1013 ejus

1013 1025 1182 1060 spiraculum
1197 1025 1260 1052 vitae
1274 1026 1296 1041 "
1309 1045 1317 1057 .
1333 1034 1342 1051 ι
1364 1025 1416 1052 hoc
1432 1029 1473 1052 est
1491 1024 1550 1051 Filii
1573 1023 1720 1058 Spiritum.
1743 1025 1802 1059 ipse

1014 1070 1087 1097 enim
1101 1070 1155 1098 vita
1170 1075 1213 1098 est
1230 1078 1293 1098 cum
1316 1070 1406 1102 Patre,
1420 1070 1447 1097 iu
1462 1077 1523 1098 esse
1537 1070 1630 1096 omnia
1645 1071 1799 1097 continens.

1015 1114 1045 1143 In
1058 1123 1092 1143 eo
1106 1115 1210 1151 quippe
1228 1121 1374 1144 moventur
1384 1123 1422 1143 ac
1439 1116 1535 1143 vivunt
1551 1122 1722 1151 qtuecunque
1742 1117 1804 1142 vitae

1015 1162 1080 1187 sunt
1100 1159 1213 1194 capacia
1227 1179 1234 1190 ,
1256 1159 1334 1194 juxta
1361 1159 1441 1186 Pauli
1461 1166 1555 1186 vocem
1575 1159 1607 1186 “.
1626 1158 1722 1194 Neque
1739 1166 1804 1186 vero

1016 1205 1163 1240 quisquam
1179 1204 1226 1232 hic
1243 1205 1324 1232 nobis
1338 1204 1498 1239 obganniat,
1515 1212 1609 1239 neque,
1622 1204 1675 1232 sibi
1690 1211 1805 1239 persua-

1016 1251 1080 1279 deat
1105 1258 1157 1278 nos
1181 1250 1275 1278 dicere
1292 1249 1418 1278 divinum
1442 1249 1518 1277 illum
1547 1249 1669 1276 inﬂatum
1692 1250 1805 1277 animali

1017 1296 1158 1325 exstitisse
1170 1296 1289 1324 animam
1306 1304 1312 1323 :
1328 1302 1502 1330 nequaquam
1517 1294 1590 1322 enim
1605 1294 1658 1321 hoc
1674 1293 1804 1325 dicimus.

1017 1340 1174 1369 istiusmodi
1190 1340 1295 1368 ratione
1307 1340 1342 1367 ad
1354 1340 1394 1367 rei
1405 1339 1546 1367 veritatem
1593 1338 1726 1366 instituti.
1737 1336 1805 1364 Nam

1018 1387 1042 1415 si
1061 1386 1185 1414 divinum
1215 1385 1340 1414 inﬂatum
1371 1385 1491 1413 animam
1514 1384 1639 1412 nonnulli
1657 1384 1745 1411 fuisse
1757 1391 1807 1418 pu-

1018 1438 1079 1461 tant
1094 1453 1103 1466 ,
1122 1433 1215 1461 dicant
1235 1433 1317 1461 nobis
1329 1436 1422 1460 utrum
1438 1440 1453 1459 a
1471 1436 1572 1460 natura
1589 1439 1638 1459 sua
1658 1431 1808 1459 desciverit

1020 1483 1047 1508 et
1062 1479 1090 1507 in
1105 1479 1226 1507 animam
1243 1482 1365 1507 mutatus
1378 1478 1427 1511 sit,
1442 1485 1478 1505 an
1494 1478 1565 1506 idem
1577 1477 1649 1504 inse
1663 1483 1806 1504 remanse-

1020 1525 1067 1553 rit.
1081 1524 1148 1553 Nam
1163 1524 1187 1553 si
1200 1524 1376 1553 immutatum
1395 1531 1459 1552 esse
1477 1523 1573 1551 dicunt
1588 1527 1614 1550 et
1628 1530 1685 1551 sua:
1702 1526 1808 1549 naturae

1022 1572 1108 1607 legem
1122 1575 1345 1606 praetergressum
1360 1588 1368 1602 ,
1397 1568 1572 1604 blasphemiae
1587 1568 1786 1595 convincentur
1800 1576 1806 1594 :

1022 1616 1180 1644 mutabilem
1196 1616 1271 1644 enim
1287 1615 1388 1650 utique
1406 1614 1500 1642 dicent
1520 1612 1719 1641 immutabilem
1735 1612 1808 1638 illam

1023 1667 1050 1690 et
1065 1661 1148 1689 simili
1164 1661 1247 1688 modo
1264 1667 1373 1695 semper
1395 1667 1425 1688 se
1442 1659 1588 1686 habentem
1605 1662 1742 1685 naturam.
1759 1656 1808 1683 Sin

1024 1711 1115 1734 autem
1141 1706 1218 1734 nullo
1234 1706 1315 1734 modo
1335 1708 1459 1733 mutatus
1477 1708 1533 1736 cst,
1558 1703 1605 1731 sed
1631 1702 1765 1730 remansit
1782 1700 1809 1728 id

1024 1752 1098 1788 quod
1110 1756 1169 1780 erat
1183 1759 1293 1787 semper
1304 1759 1337 1779 ex
1355 1751 1411 1779 Deo
1426 1749 1581 1786 procedens
1596 1748 1642 1776 ille
1656 1747 1716 1782 ejus
1731 1745 1811 1773 inila-

1025 1803 1081 1831 tus,
1096 1798 1236 1834 quomodo
1249 1796 1426 1833 degeneravit
1443 1796 1473 1823 in
1491 1798 1634 1830 peccatum
1654 1798 1681 1821 et
1707 1796 1810 1820 tantam

1025 1845 1054 1873 in
1071 1852 1101 1873 se
1119 1845 1256 1872 malorum
1270 1843 1432 1871 varietatem
1448 1840 1593 1876 suscepit?
1612 1839 1668 1867 Nec
1683 1839 1756 1867 enim
1770 1838 1812 1866 di—

1027 1891 1136 1923 xerint,
1161 1890 1279 1926 opinor,
1295 1893 1424 1917 naturam
1445 1887 1566 1916 divinam
1586 1892 1701 1922 peccare
1717 1892 1810 1919 posse.

1028 1936 1083 1964 Sed
1102 1944 1136 1964 ne
1154 1935 1245 1971 longis
1261 1933 1546 1962 demonstrationibus
1563 1934 1676 1965 utentes
1691 1929 1812 1958 debitam

1028 1981 1094 2009 huic
1118 1981 1178 2008 loco
1197 1980 1331 2007 rationem
1352 1982 1564 2013 praetereamus,
1582 1976 1651 2004 illud
1666 1976 1756 2003 denuo
1770 1982 1812 2002 re-

1028 2030 1112 2062 peto,
1136 2025 1274 2053 neminem
1301 2032 1375 2053 sanae
1398 2023 1499 2052 mentis
1519 2022 1740 2051 existimaturum
1761 2028 1813 2048 un-

1028 2079 1111 2108 quam
1129 2070 1263 2102 inﬂatum,
1277 2077 1312 2097 ex
1325 2069 1417 2097 divina
1435 2068 1590 2097 substantia
1608 2066 1813 2102 procedentem.

1030 2115 1141 2143 animali
1157 2114 1298 2142 exstitisse
1309 2114 1439 2146 animam,
1457 2111 1505 2140 sed
1518 2112 1643 2138 animato.
1655 2109 1748 2144 potius
1759 2127 1767 2140 ,
1787 2111 1816 2136 et

1031 2161 1064 2188 ad
1080 2159 1275 2196 proprietatem
1289 2163 1395 2186 natura:
1410 2157 1537 2193 perfectae
1550 2165 1584 2184 ex
1597 2156 1689 2183 anima
1704 2159 1733 2182 et
1751 2161 1814 2182 cor-

192 2199 333 2246 ιιαῖ“πρὺς
358 2210 476 2245 ἰδιότητα
496 2199 673 2244 τῆςγτελείας
701 2208 807 2243 φύσεως
829 2208 863 2235 δι’
880 2209 971 2244 ἀμφ⁰ῖ¹

1034 2213 1102 2241 pore
1119 2204 1238 2232 deducto
1248 2224 1256 2236 ,
1271 2208 1378 2232 naturae
1390 2210 1447 2232 suae
1468 2201 1605 2237 quoddam
1620 2199 1816 2246 veluﬁtirsigna-

191 2255 347 2291 ἀφιγμένῳ,
362 2255 450 2291 ψυχῆς
474 2255 506 2290 δὴ
531 2255 601 2289 λέγω
623 2255 670 2281 καὶ
697 2254 832 2288 σώματος,
856 2253 981 2289 καθάπερ

192 2302 254 2329 τινὰ
279 2301 414 2337 σφραγῖδα
438 2302 487 2336 τῆς
509 2300 605 2327 ἑαυτοῦ
625 2300 730 2334 φύσεως
749 2298 880 2334 ὲνέπηξεν
896 2300 910 2326 ό
930 2300 982 2334 Δη-

196 2345 327 2382 μιουργὸς
341 2345 371 2372 τὸ
389 2345 502 2380 Πνεῦμα
516 2345 546 2371 τὸ
563 2345 648 2378 ἅγιον,
664 2343 735 2370 τοῦτ’
750 2343 818 2375 ἔστι,
834 2343 881 2378 τὴν
897 2343 982 2379 πνοὴν

193 2392 245 2428 τῆς
269 2392 355 2427 ζωῆς,
378 2391 411 2418 δι’
425 2388 459 2426 ἦς
483 2391 551 2426 πρὸς
580 2390 610 2416 τὸ
637 2390 789 2425 ἀρχέτυπον
810 2388 983 2416 διεπλάττετο

194 2438 307 2471 κάλλος,
326 2438 482 2466 ἀπετελεῖτο
510 2437 538 2463 δὲ
560 2437 619 2463 κατ’
639 2436 729 2462 εἰκόνα
754 2434 801 2461 τοῦ
821 2435 983 2467 Κτισαντος,

195 2485 268 2521 πρὸς
281 2485 373 2512 πᾶσαν
395 2484 465 2511 ἰδέαν
489 2483 588 2518 ἀρετῆς
602 2482 714 2517 δυνάμει
730 2481 776 2508 τοῦ
789 2481 985 2513 ὲνοικισθέντος

196 2530 273 2566 αὐτῷ
292 2529 522 2564 διακρατούμενος
545 2528 711 2562 Πνεύματος.
732 2526 839 2562 Ἐπειδὴ
857 2526 886 2553 δὲ
905 2527 986 2553 αὺτο-

196 2575 363 2613 ⁸προαίρετος
377 2575 425 2608 ὢν,
440 2574 486 2602 καὶ
501 2574 549 2606 τὰς
566 2574 620 2600 τῶν
642 2574 713 2600 ἰδίων
729 2573 888 2608 θελημαιων
905 2581 987 2599 πεπι-

199 2622 348 2658 στευμένος
363 2621 441 2656 ἡνίας
455 2620 549 2656 (μοῖρα
571 2619 625 2654 γὰρ
645 2619 693 2654 τῆς
716 2618 819 2650 εἰκόνος
840 2618 886 2645 καὶ
904 2618 988 2653 αὐτή·

200 2667 406 2700 κατεξουσιάζει
426 2666 481 2702 γὰρ
502 2666 556 2692 τῶν
582 2665 689 2691 οἰκείων
716 2664 877 2700 Θελημὰτων
900 2663 988 2695 Θεὸς),

200 2712 311 2749 ιτράπη
335 2713 383 2740 καὶ
410 2713 539 2740 πέπτωκε
564 2711 603 2747 (τὸ
623 2710 651 2738 δὲ
676 2711 760 2743 ὅπως,
777 2711 794 2745 ἠ
815 2709 873 2737 θεία
895 2710 914 2736 Γ
918 2708 990 2745 ραφὴ

201 2759 365 2787 διδασκέτω·
379 2759 466 2796 σαφὴς
479 2759 533 2795 γὰρ
553 2759 568 2784 ὸ
590 2757 655 2793 περὶ
670 2757 765 2783 τούτου
780 2755 845 2791 παρ’
860 2756 928 2791 αὐτῇ
946 2755 989 2782 λό-

246 2850 267 2867 ’ί
287 2848 377 2877 lCor.
393 2856 429 2884 tv,
446 2848 470 2875 7.
507 2847 530 2864 "
549 2846 616 2876 Gen.
633 2852 664 2880 ιι,
678 2844 705 2872 7.
743 2844 767 2862 ’³
785 2843 847 2873 Act.
862 2842 987 2877 “11,28.

1034 2251 1127 2278 culum
1142 2249 1302 2277 Creatorem
1317 2248 1509 2284 impressisse,
1528 2250 1653 2275 sanctum
1672 2245 1816 2280 Spiritum,

1034 2297 1062 2325 id
1079 2300 1121 2325 est
1136 2296 1304 2332 spiraculum
1316 2296 1394 2327 vitae,
1420 2302 1469 2330 per
1481 2293 1559 2328 'quod
1579 2292 1611 2320 ad
1633 2292 1816 2327 exemplarem

1036 2342 1176 2378 archetypi
1192 2340 1423 2376 pulchritudinem
1439 2339 1586 2367 formatum
1600 2342 1653 2369 est,
1666 2340 1694 2365 et
1709 2336 1742 2363 ad
1755 2337 1819 2363 ima-

1035 2388 1125 2423 ginem
1138 2387 1278 2415 Creatoris
1295 2385 1447 2421 perfectum
1463 2384 1497 2412 ad
1513 2391 1623 2412 omnem
1636 2381 1747 2410 virtutis
1759 2387 1819 2415 spe-

1038 2434 1108 2461 ciem
1126 2433 1152 2460 vi
1170 2431 1352 2460 inhabitanlis
1368 2430 1396 2458 in
1413 2437 1446 2458 eo
1468 2428 1819 2465 Spiritus-corroboratum.

1039 2479 1092 2507 Sed
1111 2482 1265 2514 postquam,
1282 2485 1339 2505 sua:
1351 2476 1457 2512 spontis
1472 2484 1535 2503 cum
1551 2479 1624 2503 esset
1644 2479 1755 2507 sua-ique
1771 2477 1820 2498 vo-

1040 2524 1296 2553 luntatis-habenas
1312 2527 1417 2551 teneret
1442 2523 1529 2558 (pars
1545 2521 1618 2549 enim
1638 2519 1690 2547 ista
1711 2522 1822 2552 quoque

1040 2576 1081 2600 est
1097 2571 1244 2606 imaginis:
1268 2578 1332 2598 nam
1356 2577 1414 2598 sua:
1428 2567 1561 2596 voluntati
1575 2566 1646 2593 Deus
1664 2561 1821 2599 imperat),

1040 2622 1174 2645 mutatum
1197 2621 1240 2644 est
1261 2623 1294 2644 ac
1318 2616 1420 2644 cecidit
1445 2614 1518 2649 (quo
1536 2615 1615 2648 pacto
1627 2617 1711 2642 vero,
1731 2608 1823 2637 divina

1041 2663 1185 2698 Scriptura
1195 2663 1301 2696 doceat,
1320 2663 1348 2689 in
1363 2668 1415 2697 qua
1429 2660 1456 2687 id
1467 2659 1612 2687 manifeste
1623 2654 1806 2689 describitur)
1814 2673 1821 2685 .

1041 2709 1068 2736 in
1090 2709 1172 2744 823
1195 2708 1343 2744 pristinum
1369 2709 1471 2734 statum
1493 2707 1619 2732 naturam
1644 2701 1764 2730 hominis
1782 2700 1824 2727 iu-

1041 2759 1167 2783 staurare
1181 2754 1274 2783 denuo
1286 2751 1419 2789 decrevit_
1432 2755 1462 2780 ct
1475 2757 1622 2787 aggressus
1634 2752 1676 2777 est
1691 2747 1762 2775 Deus
1790 2751 1824 2773 ac
