4042 6204
427 317 534 372 979

1425 321 1483 377 S.
1526 321 1798 376 CYRILLI
1835 321 2300 379 ALEXANDRINI
2339 324 2660 382 ARCHiEP.

3569 324 3675 380 280

428 433 591 489 Pater
622 431 675 487 in
699 432 914 491 Christo
935 437 983 469 θ’
1003 476 1019 501 ,
1053 446 1106 492 et
1135 439 1284 508 quod
1320 441 1529 506 voluit,
1560 441 1814 511 perfecit.
1849 440 1996 507 Quo-

2110 444 2238 516 γος)ο
2263 444 2846 514 ἀνακεφαλαιώσασθαι
2881 444 3042 498 πάλιν
3071 443 3170 513 τὴν
3200 438 3489 512 ἀνθρώπου
3519 443 3679 511 φύσιν

431 538 556 578 nam
589 524 755 594 igitur
796 527 960 582 modo
984 526 1188 583 factum
1224 529 1277 585 id
1312 531 1478 586 fuerit
1505 571 1519 594 ,
1564 542 1998 588 consentaneum

429 623 514 670 est
536 617 871 686 perspicere.
892 618 1008 674 Non
1028 628 1243 689 poterat
1266 623 1450 688 homo,
1470 631 1680 678 natura:
1707 639 1828 678 cum
1855 633 2002 679 esset

430 712 830 777 corruptibilis,
877 720 1104 769 mortem
1133 713 1392 786 effugere,
1433 717 1540 770 nisi
1576 725 1809 771 veterem
1851 717 1998 770 illam

429 798 658 864 gratiam
689 799 982 869 reciperet,
1010 811 1064 856 et
1089 803 1360 872 particeps
1380 804 1473 860 Dei
1500 804 1652 860 ﬁeret
1673 807 1766 877 qui
1800 807 1855 860 in
1878 822 2000 862 esse

430 895 626 940 cuncta
657 889 926 957 continet,
961 906 1026 944 ac
1063 892 1301 948 viviﬁcat
1333 910 1428 964 per
1452 894 1648 949 Filium
1682 897 1734 949 in
1765 895 1998 967 Spiritu.

431 976 866 1035 (Iommunicavit
903 982 1069 1052 igitur
1111 985 1265 1038 carni
1307 996 1359 1040 et
1407 987 1662 1056 sanguini
1694 988 1741 1020 ⁸⁸
1774 1028 1789 1052 ,
1833 989 1885 1043 id
1917 996 2002 1042 est

434 1067 602 1121 homo
645 1068 824 1124 factus
871 1080 984 1135 est,
1037 1074 1144 1127 vita
1196 1091 1322 1130 cum
1369 1076 1441 1130 sit
1487 1077 1794 1133 secundum
1842 1085 2004 1132 natu-

437 1172 582 1222 ram,
616 1167 670 1213 et
698 1175 763 1215 ex
790 1161 898 1215 vita
942 1165 1243 1220 secundum
1273 1173 1528 1221 naturam
1563 1168 1802 1237 genitus,
1835 1167 1888 1222 id
1919 1176 2005 1222 est

432 1265 498 1304 ex
530 1249 640 1306 Deo
675 1262 740 1308 ac
772 1253 936 1311 Patre
966 1257 1304 1328 unigenitum
1343 1258 1463 1328 ejus
1493 1257 1760 1324 Verbum,
1789 1266 1848 1311 ut
1879 1273 2005 1313 cor-

433 1343 677 1412 ruptibili
734 1347 926 1411 carni,
995 1350 1206 1403 ratione
1261 1364 1375 1404 sua:
1439 1356 1652 1404 naturae
1711 1347 2003 1404 ineffabili-

433 1444 544 1498 ter,
581 1443 635 1490 et
687 1437 850 1492 modo
881 1439 1117 1508 quodam
1144 1454 1346 1494 arcano
1367 1479 1382 1504 ,
1436 1449 1490 1496 et
1515 1456 1678 1512 quem
1709 1440 1862 1496 solus
1889 1441 2005 1510 ipse

434 1525 605 1590 novit,
639 1526 880 1596 seipsum
914 1529 1130 1594 uniens,
1160 1530 1226 1584 ad
1256 1545 1413 1585 suam
1443 1531 1624 1602 ipsius
1654 1533 1823 1587 vitam
1847 1547 2006 1588 revo-

432 1623 586 1668 caret
615 1652 628 1678 ,
675 1630 739 1671 ac
781 1618 1099 1688 participem
1149 1634 1243 1690 per
1290 1618 1532 1690 seipsum
1581 1620 1676 1676 Dei
1726 1635 1790 1674 ac
1820 1619 2004 1676 Patris

433 1705 686 1763 ediceret.
732 1707 995 1764 Mediator
1025 1711 1168 1766 enim
1208 1719 1292 1766 est
1331 1709 1425 1766 Dei
1451 1719 1505 1766 et
1540 1711 1856 1778 hominum,
1891 1711 2001 1767 sic-

2101 538 2180 598 είς
2203 536 2263 589 τὸ
2294 536 2517 605 ἀρχαῖον
2549 534 2901 589 ἐδουλεύσατό
2940 551 3000 587 τε
3041 535 3135 588 καὶ
3185 534 3601 604 ἐπικεχείρηκεν
3651 535 3680 584 6

2099 624 2230 687 Θεὸς
2261 626 2355 679 καὶ
2388 625 2576 696 Πατὴρ
2611 625 2670 677 ὲν
2713 623 2951 696 Χριστῷ,
2998 624 3093 678 καὶ
3151 623 3384 694 θελήσας
3431 623 3675 693 ἐξήνυσε.
3750 662 3756 667 .

2101 714 2226 779 Πῶς
2259 711 2350 768 οῦν
2386 716 2491 784 ἄρα
2528 716 2770 784 γέγονεν,
2817 714 3107 769 ἀκόλουθον
3157 715 3393 769 κατιδεῖν
3417 731 3431 745 ο
3471 715 3584 766 Οὑκ
3612 710 3679 785 ἦν

2101 806 2304 876 ἑτέρως
2353 806 2626 880 διαδρᾶναι
2681 808 2770 860 τὸν
2833 807 3060 861 θάνατον
3111 807 3322 876 φύσεως
3383 806 3513 858 ὄντα
3580 805 3678 874 τῆς

2103 897 2465 969 φθειρομένης
2493 898 2585 950 τὸν
2614 898 2916 969 ἄνθρωπον,
2947 900 2995 952 εί
3027 898 3102 970 μὴ
3145 899 3243 969 τὴν
3275 898 3505 968 ἀρχαίαν
3539 897 3677 950 ὲκεί-

2101 1006 2198 1059 νην
2238 989 2598 1060 ἀνεκομίσατο
2623 991 2802 1060 χάριν,
2838 991 2932 1043 καὶ
2975 991 3199 1061 μετέσχε
3246 988 3339 1041 τοῦ
3384 991 3452 1042 τὰ
3499 988 3674 1040 πάντα

2103 1083 2240 1152 πρὸς
2266 1081 2328 1134 τὸ
2366 1077 2503 1134 εἶναι
2532 1081 2842 1152 συνέχοντος
2871 1081 3028 1144 Θεοῦ,
3060 1083 3153 1134 καὶ
3191 1080 3580 1148 ζωογονοῦντος
3608 1079 3675 1130 δι’

2103 1171 2235 1225 Υίοῦ
2273 1172 2332 1225 ἐν
2365 1171 2658 1242 Πνεῦματι.
2693 1171 3066 1242 Κεκοινὼνηκε
3110 1172 3286 1226 τοίνυν
3325 1171 3550 1240 αἵματος
3582 1171 3674 1223 καὶ

2107 1265 2348 1334 σαρκὸς,
2397 1262 2542 1316 τοῦτ’
2593 1262 2707 1315 ἔστι
2771 1263 2993 1330 γέγονεν
3048 1261 3346 1336 ἄνθρωπος,
3381 1263 3492 1330 ζωὴ
3537 1260 3677 1314 κατά

2106 1355 2265 1426 φύσιν
2311 1354 2590 1427 ὑπάρχων,
2631 1355 2724 1408 καὶ
2769 1357 2834 1408 ὲκ
2876 1353 3020 1425 ζωῆς
3061 1354 3159 1424 τῆς
3205 1354 3345 1407 κατὰ
3387 1352 3544 1422 φύσιν
3594 1369 3676 1421 γε·

2107 1443 2433 1516 γεννημένος
2458 1483 2474 1509 ,
2537 1443 2680 1497 τοῦτ’
2725 1443 2840 1496 ἔστι
2884 1443 2976 1496 τοῦ
3041 1441 3174 1496 Θεοῦ
3231 1442 3326 1495 καὶ
3383 1441 3597 1513 Πατρὸς
3647 1443 3675 1493 6

2109 1535 2402 1606 μονογενὴς
2463 1534 2626 1589 αὑτοῦ
2663 1535 2856 1604 Λόγος,
2891 1535 2979 1588 ἵνα
3021 1536 3087 1604 τῇ
3128 1533 3456 1606 φθειρομένη
3489 1534 3672 1602 σαρκὶ,

2105 1627 2246 1682 κατά
2272 1644 2334 1695 γε
2366 1625 2454 1679 τὸν
2477 1626 2633 1694 λόγον
2659 1625 2755 1696 τῆς
2787 1626 2922 1689 ίδίας
2948 1625 3180 1694 φύσεως,
3215 1625 3468 1696 ἀρρήτως
3495 1641 3553 1676 τε
3581 1623 3677 1675 καὶ

2106 1719 2417 1790 ἀφράστως,
2448 1717 2543 1772 καὶ
2575 1718 2649 1779 ὡς
2677 1718 2838 1779 αὑτὸς
2867 1717 3070 1785 ἔγνωκε
3104 1716 3281 1787 μόνος,
3313 1713 3502 1768 ἑαυτὸν
3539 1712 3676 1766 ἐνώ-

436 1801 513 1854 uti
552 1801 817 1871 scriptum
867 1811 952 1858 est
985 1803 1030 1836 ⁸⁸
1057 1842 1072 1866 ,
1109 1801 1220 1858 Deo
1255 1804 1474 1874 quidem
1509 1820 1574 1857 ac
1603 1804 1754 1858 Patri
1781 1813 2003 1859 naturar

2110 1783 2205 1873 σας
2234 1809 2370 1879 πρὸς
2397 1808 2495 1879 τὴν
2533 1808 2668 1860 ίδίαν
2694 1808 2858 1862 αὑτοῦ
2886 1783 3193 1879 ἀνακομίση
3227 1807 3391 1877 ζωὴν,
3426 1806 3520 1859 καὶ
3555 1805 3677 1875 μέτε

435 1892 560 1946 liter
585 1931 601 1954 ,
645 1899 703 1945 ut
738 1891 917 1956 Deus,
971 1901 1026 1948 et
1057 1901 1116 1948 ut
1148 1894 1240 1964 qui
1280 1910 1346 1950 ex
1383 1909 1484 1957 eo,
1518 1895 1864 1965 conjunctus.
1903 1894 2002 1952 sed

437 1980 752 2037 hominibus
791 1998 1008 2047 rursus,
1047 1992 1106 2040 ut
1133 1985 1299 2040 homo
1324 2024 1339 2049 ,
1371 1994 1424 2040 et
1451 1985 1660 2041 habens
1685 1984 1908 2056 quidem
1947 1986 2001 2040 in

435 2071 618 2141 seipso
649 2070 864 2128 Patrem
889 2115 904 2139 ,
955 2083 1010 2128 et
1043 2075 1159 2146 ipse
1188 2075 1244 2130 in
1270 2074 1433 2132 Patre
1462 2077 1759 2132 exsistens.
1792 2077 2002 2131 Chara-

434 2172 548 2216 cter
577 2163 720 2218 enim
747 2172 836 2220 est
888 2179 954 2221 ac
982 2165 1243 2235 splendor
1267 2167 1592 2222 substantiae
1616 2167 1739 2236 ejus
1764 2169 1806 2200 ⁸⁷
1838 2208 1853 2234 ,
1896 2182 2004 2221 non

434 2271 465 2308 a
499 2255 807 2312 substantia
833 2301 847 2322 ,
879 2257 1038 2327 cujus
1063 2267 1144 2314 est
1176 2257 1469 2314 character
1497 2267 1550 2314 et
1585 2275 1650 2313 ex
1680 2275 1785 2328 qua
1812 2274 2006 2330 proce-

435 2347 536 2411 dit,
568 2355 628 2401 ut
662 2349 938 2419 splendor,
972 2351 1205 2418 alienus,
1245 2353 1341 2408 sed
1369 2355 1420 2406 in
1447 2368 1511 2408 ea
1543 2353 1661 2423 ipse
1689 2353 1965 2408 exsistens
1989 2393 2005 2419 ,

433 2450 489 2496 et
517 2438 726 2495 habens
755 2455 875 2495 eam
900 2442 954 2495 in
985 2443 1190 2512 seipse,
1219 2459 1430 2514 nosque
1454 2460 1647 2500 rursus
1677 2445 1730 2498 in
1761 2458 1841 2510 se,
1870 2458 2009 2512 qua-

435 2539 598 2586 tenus
628 2537 870 2585 nostram
902 2532 1138 2601 gestavit
1170 2541 1422 2588 naturam
1449 2575 1464 2599 ,
1505 2541 1559 2588 et
1605 2549 1808 2604 corpus
1839 2533 2004 2589 Verbi

435 2630 686 2678 nostrum
707 2635 912 2692 corpus
943 2623 1136 2678 audiit.
1166 2623 1309 2678 Caro
1345 2625 1492 2680 enim
1529 2624 1764 2681 Verbum
1804 2625 2007 2682 factum

435 2719 540 2779 est,
557 2712 713 2781 juxta
732 2710 964 2767 Joannis
992 2727 1181 2768 vocem
1198 2714 1264 2767 ’⁸.
1289 2715 1435 2769 Tulit
1456 2724 1703 2770 nostram
1732 2723 2005 2779 naturam,

438 2803 504 2856 ad
524 2817 678 2858 suam
700 2801 864 2855 vitam
886 2816 1005 2856 eam
1033 2801 1360 2860 reformans.
1385 2803 1481 2859 Est
1501 2814 1680 2860 autem
1706 2805 1869 2860 etiam
1895 2804 2011 2875 ipse

439 2895 494 2946 in
543 2891 702 2947 nobis
737 2909 750 2946 :
801 2891 1094 2962 participes
1142 2893 1288 2947 enim
1321 2894 1441 2964 ejus
1472 2895 1696 2949 omnino
1733 2893 1861 2950 facti
1911 2911 2008 2951 su-

440 2998 585 3050 mus,
640 2997 880 3053 eumque
933 2983 991 3038 in
1047 2983 1206 3041 nobis
1256 2999 1353 3054 per
1407 2984 1672 3055 Spiritum
1713 2987 2006 3043 habemus.

439 3074 654 3131 idcirco
679 3074 825 3131 enim
876 3083 931 3130 et
971 3075 1170 3131 divinae
1197 3075 1328 3131 facti
1362 3093 1556 3133 sumus
1602 3088 1886 3135 consortes
1915 3093 2012 3134 na-

439 3177 578 3222 turae
605 3168 650 3201 "
680 3173 733 3222 et
757 3166 853 3222 ﬁlii
882 3167 1222 3238 appellamur
1253 3168 1271 3198 ¹
1295 3208 1310 3233 ,
1344 3169 1521 3238 ipsum
1543 3186 1764 3241 quoque
1791 3168 2005 3226 Patrem

439 3259 698 3315 similiter
727 3259 782 3313 in
824 3259 984 3314 nobis
1013 3258 1276 3316 habentes
1304 3275 1400 3330 per
1426 3259 1650 3326 Filium,
1677 3262 1758 3316 uti
1783 3270 1837 3317 et
1868 3263 2009 3318 Pau-

441 3353 526 3407 lus
552 3358 788 3408 testatur
816 3350 1006 3407 dicens
1041 3369 1054 3405 :
1113 3368 1132 3400 ‹
1165 3350 1438 3417 Quoniam
1487 3360 1669 3408 autem
1704 3354 1840 3410 estis
1872 3353 1965 3408 filii
1990 3394 2007 3421 ,

441 3442 592 3497 misit
622 3442 764 3497 Deus
793 3441 1060 3510 Spiritum
1091 3439 1222 3496 Filii
1256 3443 1343 3498 sui
1370 3443 1425 3496 in
1458 3444 1623 3499 corda
1651 3452 1831 3500 vestra
1855 3484 1871 3509 ,
1902 3445 2010 3499 cla-

441 3541 679 3588 mantem
734 3551 748 3586 :
806 3532 961 3588 Abba
987 3573 1001 3597 ,
1038 3532 1201 3588 Pater
1230 3537 1277 3589 ‘.
1317 3553 1335 3586 ι
1381 3532 1502 3588 Non
1548 3536 1694 3589 enim
1729 3536 2005 3591 diversum

439 3625 572 3694 quid
617 3639 647 3678 a
693 3623 834 3678 Filio
868 3632 953 3681 est
993 3623 1236 3695 Spiritus
1274 3627 1394 3694 ejus
1421 3666 1436 3690 ,
1474 3628 1776 3682 secundum
1812 3628 2009 3684 identi—

441 3721 603 3769 tatem
658 3721 871 3768 naturae
931 3713 1204 3769 videlicet.
1244 3713 1341 3770 His
1398 3716 1471 3769 ita
1540 3716 1850 3785 expositis,
1887 3732 2009 3788 age,

442 3804 708 3875 propositi
745 3804 850 3859 loci
881 3819 1105 3861 sensum
1134 3804 1496 3875 proferentes,
1529 3805 1838 3862 Servatoris
1863 3809 2010 3863 voci-

441 3897 545 3952 bus
574 3911 702 3951 eum
727 3894 1228 3952 accommodemus.

2102 1917 2226 1970 οχον
2251 1898 2506 1970 ἀποδείξῃ
2548 1898 2614 1951 δι’
2643 1897 2838 1952 ἑαυτοῦ
2871 1898 2964 1951 τοῦ
3009 1899 3141 1951 Θεοῦ
3174 1898 3269 1952 καὶ
3307 1897 3538 1968 Πατρός.
3563 1897 3677 1950 Με-

2105 1989 2259 2058 σίτης
2283 1987 2391 2058 γάρ
2417 1989 2531 2040 ἐστι
2558 1985 2690 2040 Θεοῦ
2725 1989 2818 2041 καὶ
2841 1985 3160 2056 ἀνθρώπων,
3192 1987 3332 2040 κατὰ
3351 1987 3412 2038 τὸ
3435 2001 3678 2055 γεγραμ-

2107 2081 2285 2150 μένον,
2310 2078 2387 2149 τῷ
2415 2079 2513 2150 μὲν
2537 2078 2654 2150 Θεῷ
2679 2079 2773 2133 καὶ
2803 2079 2975 2150 Πατρὶ
3002 2079 3264 2148 φυσικῶς,
3292 2078 3366 2141 ὡς
3396 2077 3546 2141 Θεὸς,
3583 2075 3675 2129 καὶ

2106 2171 2164 2237 ἐξ
2197 2170 2358 2225 αὑτοῦ
2399 2170 2822 2241 συναπτόμενος.
2845 2170 3152 2242 ἀνθρώποις
3184 2170 3239 2222 δὲ
3265 2169 3444 2231 πάλιν,
3481 2167 3554 2230 ὡς
3586 2167 3676 2220 ἀνι

2106 2263 2324 2334 θρωπος
2346 2303 2361 2327 ,
2397 2261 2494 2315 καὶ
2549 2261 2685 2332 ἔχων
2729 2261 2826 2330 μὲν
2865 2262 2924 2313 ὲν
2975 2259 3150 2330 ἑαυτῷ
3181 2259 3270 2312 τὸν
3308 2257 3543 2326 Πατέρα,
3580 2257 3675 2308 καὶ

2106 2350 2181 2404 ὢν
2216 2351 2377 2413 αὑτὸς
2429 2353 2487 2403 ὲν
2529 2349 2606 2420 τῷ
2661 2349 2854 2420 Πατρί.
2909 2347 3204 2420 Χαρακτὴρ
3249 2347 3357 2416 γάρ
3408 2349 3521 2399 ἐστι
3581 2345 3679 2398 καὶ

2106 2443 2446 2512 ἀπαύγασμα
2482 2443 2580 2512 τῆς
2623 2440 2970 2500 ὑποστάσεως
3003 2439 3186 2500 αὑτοῦ,
3231 2439 3290 2491 οὑ
3325 2435 3678 2516 διωρισμένος

2105 2533 2208 2604 τῆς
2236 2533 2443 2598 οὐσίας,
2476 2525 2541 2602 ἦς
2586 2532 2700 2583 ἐστι
2728 2529 3030 2600 χαρακτὴρ,
3077 2528 3171 2581 καὶ
3205 2526 3262 2591 ἐξ
3302 2522 3369 2599 ἦς
3413 2525 3676 2594 πρόεισιν.

2107 2623 2182 2686 ὡς
2211 2622 2570 2691 ἀπαύγασμα,
2604 2620 2717 2673 ἀλλ’
2761 2622 2819 2673 ὲν
2861 2620 2996 2689 αὑτῇ
3029 2636 3085 2670 τε
3113 2617 3186 2670 ὢν
3213 2616 3391 2678 αὑτὸς,
3421 2613 3516 2667 καὶ
3543 2613 3678 2682 ἔχων

2108 2707 2278 2784 αὑτὴν
2307 2715 2364 2768 ὲν
2391 2711 2591 2782 ἑαυτῷ,
2615 2713 2760 2782 ἡμᾶς
2787 2711 2845 2763 δὲ
2870 2710 3030 2763 πάλιν
3064 2709 3199 2779 ἔχων
3241 2709 3296 2760 ἐν
3328 2704 3521 2773 ἐαυτῷ,
3547 2701 3680 2754 καθὸ

2108 2807 2207 2876 τὴν
2236 2804 2508 2876 ἡμετέραν
2539 2804 2818 2876 πεφόρηκε
2853 2802 3036 2872 φύσιν,
3071 2801 3164 2854 καὶ
3192 2801 3348 2870 σῶμα
3375 2797 3468 2851 τοῦ
3507 2797 3679 2863 Λόγου

2110 2895 2484 2966 κεχρημάτικε
2513 2895 2575 2947 τὸ
2598 2895 2865 2965 ἡμέτερον
2915 2893 3090 2962 σῶμα.
3123 2890 3266 2962 Σὰρξ
3316 2887 3424 2958 γάρ
3451 2889 3479 2939 6
3511 2885 3681 2952 Λόγος

2111 2988 2344 3055 ἐγένετο,
2373 2984 2514 3039 κατά
2541 2985 2638 3056 τὴν
2679 2985 2923 3039 Ἰωάννου
2955 2984 3156 3052 φωνήν.
3191 2979 3477 3050 Πεφόρηκε
3502 2976 3557 3029 δὲ
3584 2973 3683 3046 τὴν

2111 3077 2384 3149 ἡμετέραν
2415 3076 2596 3146 φύσιν,
2634 3076 2768 3146 πρὸς
2812 3077 2910 3146 τὴν
2959 3075 3092 3128 ἰδίαν
3127 3073 3296 3142 αὑτὴν
3334 3069 3683 3124 ἀναπλάττων

2115 3167 2280 3236 ζωήν.
2310 3169 2463 3220 Ἔστι
2490 3167 2544 3220 δὲ
2570 3168 2661 3221 καὶ
2687 3166 2847 3230 αὑτὸς
2873 3168 2930 3218 ἐν
2959 3168 3086 3236 ἡμῖν
3105 3181 3118 3194 ο
3151 3165 3362 3236 μέτοχοι
3388 3160 3494 3232 γὰρ
3520 3156 3683 3213 αὑτοῦ

2115 3261 2333 3323 πάντως
2364 3261 2684 3330 γεγόναμεν,
2713 3259 2810 3313 καὶ
2857 3259 3020 3314 αὑτὸν
3054 3257 3247 3328 ἔχομεν
3276 3257 3332 3308 ὲν
3361 3255 3571 3314 ἑαυτοῖς
3596 3249 3684 3303 διά

2115 3351 2207 3404 τοῦ
2254 3350 2587 3422 Πνεὺματος.
2622 3352 2720 3404 Διά
2769 3351 2880 3418 γὰρ
2923 3349 3098 3413 τοῦτο,
3152 3349 3245 3402 καὶ
3297 3346 3444 3408 θείας
3474 3343 3685 3412 φύσεως

2113 3442 2415 3512 γεγόναμεν
2456 3442 2723 3506 κοινωνοὶ,
2772 3441 2867 3495 καὶ
2932 3440 3038 3494 uici.
3077 3435 3503 3510 χρηματίζομεν,
3545 3431 3685 3484 οὑτω

2113 3533 2210 3586 κού⁴
2263 3535 2424 3587 αὑτὸν
2471 3533 2683 3604 ἔχοντες
2729 3535 2783 3585 ὲν
2823 3534 3033 3596 ἑαυτοῖς
3077 3532 3165 3585 τὸν
3210 3528 3426 3598 Πατέρα
3473 3523 3559 3578 διὰ
3592 3520 3683 3574 τοῦ

2116 3626 2266 3690 Υίοῦ,
2303 3628 2397 3680 καὶ
2430 3627 2767 3696 μαρτυρήσει
2791 3626 2964 3692 λέγων
2993 3627 3021 3678 6
3051 3622 3279 3685 Παῦλοςο
3303 3622 3454 3672 «Ὅτι
3479 3617 3535 3671 δέ
3563 3619 3684 3668 ἐστε

2115 3718 2238 3782 υἱοὶ,
2264 3715 2644 3782 ἐξαπέστειλεν
2675 3720 2702 3770 6
2734 3717 2864 3780 Θεὸς
2895 3716 2953 3769 τὸ
2977 3715 3201 3785 Πνεῦμα
3226 3713 3319 3766 τοῦ
3358 3709 3488 3763 Υἱοῦ
3521 3707 3686 3762 αὑτοῦ

2115 3808 2194 3871 είς
2237 3807 2335 3869 τὰς
2376 3805 2598 3877 καρδίας
2639 3804 2814 3876 ὑμῶν,
2859 3803 3092 3874 κρᾶζον
3138 3801 3323 3864 Ἀϐΰᾶ,
3349 3802 3376 3853 6
3408 3798 3617 3868 Πατήρ.
3661 3814 3680 3847 ι

2116 3900 2193 3953 Οὑ
2218 3898 2327 3970 γὰρ
2347 3899 2531 3971 ἕτερόν
2561 3917 2611 3953 τι
2645 3897 2796 3970 παρά
2823 3897 2913 3951 τὸν
2947 3896 3074 3950 Υἰὸν
3127 3894 3188 3947 τὸ
3241 3891 3465 3962 Πνεῦμα
3492 3887 3683 3950 αὑτοῦ,

443 3986 591 4041 κατά
634 4003 698 4057 γε
733 3986 824 4040 τὸν
855 3986 914 4041 ὲν
942 3986 1228 4058 ταυτότητι
1263 3985 1441 4057 λόγον,
1476 3989 1623 4061 φημὶ
1663 3990 1722 4045 δὲ
1764 3994 1830 4062 τῇ
1882 3995 2104 4064 φυσικῇ.
2146 3993 2301 4046 Οὕτω
2363 3994 2421 4046 δὲ
2467 3996 2600 4065 ἡμῖν
2648 3994 2743 4048 τοῦ
2797 3995 2926 4063 περὶ
2969 3989 3171 4044 τούτων
3205 3985 3688 4060 προκεχωρηκότος

440 4081 628 4150 λόγου,
665 4080 808 4152 φέρε·
858 4081 955 4153 τὴν
1002 4081 1110 4136 τῶν
1155 4083 1530 4154 προκειμένων
1581 4085 1917 4156 παραθέντες
1962 4087 2222 4155 διάνοιαν,
2254 4091 2373 4151 ταῖς
2401 4086 2495 4140 τοῦ
2548 4088 2798 4155 Σωτῆρος
2846 4085 3045 4152 φωναῖς
3073 4080 3241 4151 αὐτὴν
3269 4077 3685 4148 ἐναρμόσωμεψ

410 4182 412 4184 '
515 4190 538 4224 ι
568 4170 628 4227 In
660 4172 752 4227 illa
783 4171 892 4237 die,
931 4173 1130 4243 inquit,
1151 4176 1496 4245 cognoscetis
1523 4177 1651 4246 quia
1673 4193 1774 4248 ego
1800 4193 1922 4233 sum
1961 4178 2007 4232 in

2198 4200 2218 4232 ς
2253 4181 2341 4233 Ἐν
2368 4178 2548 4248 ἐκείνῃ
2571 4177 2680 4246 γὰρ
2712 4177 2778 4245 τῇ
2815 4175 3018 4245 ἡμέρᾳ,
3046 4171 3346 4242 γνώσεσθε,
3383 4170 3574 4240 φησὶν,
3603 4167 3690 4219 ὅτι

441 4259 606 4317 Patre
639 4276 799 4324 meo,
846 4269 902 4316 et
931 4277 1028 4318 vos
1059 4263 1114 4318 in
1150 4279 1270 4331 me,
1305 4273 1360 4320 et
1397 4280 1498 4336 ego
1547 4267 1601 4320 in
1636 4266 1810 4322 vobis.
1848 4285 1866 4318 ι
1903 4266 2007 4338 Ege

2121 4271 2230 4340 ἐγὼ
2257 4273 2312 4324 ὲν
2343 4272 2418 4342 τῷ
2447 4271 2642 4338 Πατρὶ,
2661 4269 2757 4323 καὶ
2783 4269 2940 4337 ὑμεῖς
2962 4268 3019 4318 ὲν
3051 4265 3191 4334 ἐμοὶ,
3221 4263 3374 4330 κάγὼ
3413 4263 3468 4313 ἐν
3493 4261 3638 4329 ὑμῖν.
3663 4277 3682 4308 ι

442 4355 590 4412 enim
620 4355 744 4410 vivo
769 4395 784 4420 ,
819 4354 1001 4426 inquit
1043 4373 1058 4412 :
1096 4356 1208 4412 vita
1234 4358 1382 4412 enim
1421 4373 1542 4412 sum
1579 4359 1883 4414 secundum
1919 4376 2017 4414 na—

444 4455 647 4510 turam,
680 4454 734 4502 et
767 4447 958 4502 vivens
983 4461 1106 4502 esse
1137 4463 1320 4503 meum
1353 4448 1613 4516 templum
1636 4449 1874 4504 ostendi.
1910 4447 2015 4504 Sed

443 4550 570 4590 cum
600 4536 705 4605 ipsi
735 4536 900 4591 etiam
936 4552 1054 4603 vos,
1087 4539 1179 4606 qui
1213 4538 1592 4607 corruptibilis
1623 4548 1834 4594 natura:
1857 4540 2013 4606 estis,

442 4625 695 4681 viventes
730 4626 1008 4694 videritis,
1047 4626 1217 4698 824
1259 4628 1329 4683 ad
1369 4630 1473 4684 mei
1515 4629 1778 4683 nimirum
1816 4631 2017 4685 simili-

443 4715 692 4771 tudinem
720 4755 737 4779 ,
773 4724 904 4772 tunc
935 4716 1132 4786 utique
1163 4718 1458 4773 manifeste
1483 4719 1854 4790 cognoscetis,
1886 4721 2018 4789 quia

444 4809 559 4863 vita
601 4808 876 4863 exsistens
921 4807 1230 4862 secundum
1276 4817 1567 4874 naturam,
1612 4809 1722 4864 Deo
1761 4823 1826 4865 ac
1866 4809 2020 4864 Patri

444 4899 541 4969 qui
585 4905 642 4955 et
685 4900 803 4969 ipse
845 4899 956 4952 vita
991 4907 1078 4953 est
1117 4899 1422 4955 secundum
1458 4907 1710 4954 naturam
1752 4901 2018 4970 conjunxi

445 5004 547 5061 per
578 4989 847 5060 meipsum
868 5031 882 5054 ,
922 5001 1210 5046 consortes
1243 4990 1651 5062 quodammodo
1685 5006 1749 5046 ac
1784 4991 2014 5063 partici-

447 5097 546 5151 pes
572 5083 811 5138 reddens
841 5080 1273 5138 immortalitatis
1300 5083 1440 5152 ejus.
1473 5082 1585 5154 Ego
1614 5083 1890 5152 siquidem
1922 5097 2014 5135 na-

450 5175 708 5228 turaliter
736 5174 788 5228 in
814 5153 978 5229 Patre
1009 5192 1023 5228 :
1053 5172 1272 5229 fructus
1301 5175 1504 5246 quippe
1526 5153 1650 5230 sum
1688 5173 2012 5230 substantia:

449 5263 570 5331 ejus
593 5303 608 5326 ,
643 5279 706 5318 ac
743 5279 879 5319 vera
905 5264 1162 5335 genitura
1183 5304 1200 5332 ,
1231 5264 1288 5318 in
1318 5279 1384 5320 eo
1413 5265 1688 5320 exsistens
1710 5305 1725 5332 ,
1760 5272 1815 5319 et
1847 5278 1913 5318 ex
1945 5278 2011 5317 eo

448 5353 740 5418 exsistens,
771 5355 890 5410 vita
918 5371 985 5411 ex
1020 5356 1127 5411 vita
1154 5375 1167 5410 :
1199 5371 1295 5411 vos
1320 5364 1504 5412 autem
1525 5356 1582 5411 in
1609 5371 1714 5421 me,
1741 5364 1795 5410 et
1823 5369 1925 5425 ego
1960 5355 2015 5408 in

448 5443 606 5500 vobis
626 5481 640 5506 .
692 5452 969 5513 quatenus
992 5463 1093 5521 ego
1125 5447 1344 5519 quidem
1375 5446 1541 5503 homo
1568 5447 1794 5518 apparui
1828 5465 1841 5501 :
1880 5462 2012 5501 con-

519 5658 789 5735 θ”.ΕΡῙιθδο
817 5666 856 5728 1ο
883 5664 967 5720 10.
1043 5665 1090 5698 ⁸³
1114 5664 1277 5721 llebr.
1320 5684 1380 5728 ιι.
1407 5668 1490 5722 14.
1568 5670 1611 5700 ⁹⁶
1639 5668 1658 5722 1
1691 5666 1830 5722 Tim.
1883 5681 1941 5735 ιι,

2110 5666 2149 5698 ’⁷
2180 5663 2344 5721 Hebr.
2375 5676 2412 5732 ι,
2455 5666 2509 5720 5.

440 5732 468 5803 f
505 5728 711 5790 Hoan.
745 5749 827 5803 ιιι,
861 5737 910 5792 1.
987 5737 1006 5768 ²
1046 5735 1224 5792 Galat.
1265 5753 1340 5806 ιν,
1375 5737 1427 5791 6.

2134 4361 2273 4431 Ἐγὼ
2311 4363 2409 4432 μὲν
2443 4362 2553 4433 γὰρ
2591 4360 2696 4424 ζῶ,
2726 4359 2888 4428 φησί·
2918 4355 3030 4426 ζωὴ
3062 4355 3170 4426 γάρ
3198 4354 3315 4424 είμι
3344 4351 3484 4405 κατὰ
3505 4349 3686 4418 φύσιν,

2120 4453 2217 4506 καὶ
2245 4452 2425 4517 ζῶντα
2453 4451 2544 4505 τὸν
2588 4447 2824 4521 ἐμαυτοῦ
2854 4448 3062 4516 δέδειχα
3094 4445 3240 4498 ναόν.
3279 4442 3419 4496 Ἀλλ’
3445 4443 3566 4494 ὅταν
3595 4439 3692 4492 καὶ

2121 4545 2277 4614 ὑμεῖς
2306 4542 2476 4605 αὑτοὶ,
2502 4540 2748 4611 φθαρτῆς
2777 4540 2926 4601 ὄντες
2954 4537 3186 4607 φύσεως,
3214 4535 3420 4600 ζῶντας
3463 4533 3696 4594 ἑαυτοὺς

2121 4632 2470 4702 θεωρήσητε,
2521 4629 2644 4681 καθ’
2687 4628 2980 4699 ὁμοιότητα
3023 4626 3119 4697 τὴν
3165 4626 3299 4696 πρός
3335 4631 3439 4695 με’
3481 4623 3598 4675 τότε
3625 4622 3695 4694 δὴ

2117 4720 2422 4790 γνώσεσθε,
2451 4721 2544 4771 καὶ
2572 4719 2715 4790 μάλα
2753 4717 2964 4786 σαφῶς,
2987 4717 3068 4770 ὅτι
3092 4716 3204 4787 ζωὴ
3234 4714 3375 4768 κατά
3399 4712 3557 4783 φύσιν
3586 4713 3698 4765 ὑπ-

2118 4814 2339 4883 άρχων,
2377 4810 2676 4881 ὑπάρχοντι
2725 4810 2820 4863 καὶ
2853 4809 3000 4879 αὐτῷ
3038 4809 3149 4878 ζωῇ
3200 4807 3340 4860 κατὰ
3391 4805 3550 4874 φύσιν
3611 4804 3696 4874 τῷ

2117 4903 2235 4973 Θεῷ
2265 4903 2359 4957 καὶ
2390 4903 2562 4970 Πατρὶ
2588 4900 2797 4970 συνῆψα
2823 4900 2890 4952 δι’
2921 4898 3175 4970 ἐμαυτοῦ,
3198 4897 3484 4958 κοινωνοὺς
3503 4895 3696 4964 ὥσπερ

2123 4993 2216 5046 καὶ
2253 4992 2510 5063 μετόχους
2543 4990 2822 5043 ἀποτελῶν
2853 4989 2951 5057 τῆς
2979 4987 3283 5058 ἀφθαρσίας
3315 4984 3500 5037 αὑτοῦ.
3549 4980 3696 5048 Ἐγὼ

2125 5082 2225 5152 μὲν
2253 5081 2361 5152 γὰρ
2405 5078 2651 5148 φυσικῶς
2691 5080 2747 5130 ὲν
2795 5077 3000 5148 Πατρί·
3039 5074 3248 5145 καρπὸς
3288 5074 3395 5142 γάρ
3434 5074 3547 5141 εἰμι
3590 5069 3698 5140 τῆς

2119 5175 2305 5236 οὑσίας
2331 5171 2496 5225 αὑτοῦ
2517 5212 2532 5237 ,
2564 5171 2659 5224 καὶ
2699 5170 2920 5241 γνήσιον
2951 5169 3194 5238 γέννημα
3213 5207 3228 5227 ,
3278 5165 3595 5233 ἐνυπάρχων
3632 5178 3698 5214 τε

2119 5264 2214 5318 καὶ
2243 5264 2301 5330 ἐξ
2344 5261 2508 5315 αὑτοῦ
2545 5261 2831 5332 πεφηνὼς,
2885 5258 2997 5329 ζωὴ
3027 5261 3089 5312 ὲκ
3119 5259 3264 5326 ζωῆς
3287 5295 3302 5319 ,
3352 5256 3506 5324 ὑμεῖς
3534 5251 3591 5304 δὲ
3633 5253 3700 5304 ὲν

2121 5354 2264 5424 ἐμοὶ,
2290 5352 2447 5420 κάγὼ
2469 5353 2526 5404 ὲν
2557 5353 2704 5422 ὑμῖν,
2735 5351 2872 5405 καθὸ
2900 5351 3116 5420 πέφηνα
3144 5349 3240 5418 μὲν
3263 5347 3543 5416 ἄνθρωπος
3559 5340 3696 5409 ἐγὼ,

2069 5503 2071 5505 ,
2122 5446 2410 5508 κοινωνοὺς
2445 5443 2501 5497 δὲ
2542 5443 2690 5507 θείας
2719 5443 2933 5512 φύσεως
2965 5439 3246 5505 ἀπέδειξα,
3289 5439 3351 5491 τὸ
3383 5436 3605 5504 Πνεῦμα
3633 5432 3705 5487 τὸ

2586 5664 2632 5698 ’⁸
2668 5664 2825 5719 Joan.
2888 5677 2925 5730 ι,
2983 5660 3070 5715 Η..
3144 5660 3185 5690 θ’
3238 5653 3275 5707 ll
3317 5651 3464 5707 Pctr.
3542 5664 3594 5710 ι,
3639 5648 3704 5706 ι.
