4042 6204
458 356 568 414 ςιεε
1453 348 1509 405 s.
1541 347 1812 404 CYltllJJ
1851 317 2321 400 ALEXANnmNI
2360 342 2680 399 ABClllEP.
3613 333 3720 390 est

1017 693 1189 779 ΕΙΣ
1235 693 1381 778 ΤΟ
1460 692 1760 778 ΚΑΤΑ
1852 688 2355 774 ΙΩΑΝΝΗΝ
2456 683 3160 772 ΕΥΑΓΓΕΑΙΟΝ

1563 905 2002 992 ΒΙΒΛΙΟΝ
2047 901 2260 988 ΔΕΚ
2273 905 2600 989 ΑΤΟΝ.

802 1295 922 1384 ΙΝ
976 1294 1486 1388 JOANNIS
1557 1296 2342 1388 EVANGELIUM
2411 1295 2771 1386 LIBER
2833 1295 3393 1390 DECIMUS.

525 1678 828 1752 825-26
861 1677 1003 1744 XIV,
1040 1680 1131 1733 2|.
1177 1680 1281 1746 Qui
1309 1680 1486 1758 habet-
1523 1682 1780 1734 mandata
1811 1699 1926 1735 mea
1978 1691 2026 1736 et
2057 1685 2102 1740 Α

456 1783 730 1837 servatea,
762 1772 853 1826 ille
867 1781 942 1826 est
969 1773 1058 1841 qui
1089 1772 1265 1842 diligit
1293 1790 1394 1839 me;
1422 1775 1514 1844 qui
1535 1786 1707 1828 autem
1732 1774 1909 1844 diligit
1929 1790 2030 1836 me,

455 1862 708 1934 diligetur
739 1881 770 1917 a
802 1863 967 1918 Patre
991 1881 1101 1917 meo
1131 1881 1150 1920 :
1175 1875 1224 1919 et
1254 1883 1347 1936 ego
1378 1865 1599 1938 diligam
1618 1883 1758 1932 eum,
1783 1877 1833 1920 et
1855 1867 2031 1920 mani-

455 1956 663 2026 [estabo
686 1958 734 2012 ei
769 1957 1042 2024 meipsum.

529 2045 772 2117 Mysterii
824 2048 1216 2102 revelationem
1272 2055 1402 2102 tunc
1433 2049 1738 2118 praesertim
1796 2047 2032 2103 manife-

2213 1680 2266 1732 '0
2296 1679 2452 1748 ἔχων
2493 1680 2600 1744 τὰς
2649 1677 2903 1743 ἐντολάς
2952 1695 3072 1746 μου
3117 1679 3213 1732 καὶ
3259 1679 3454 1746 τηρῶν
3506 1681 3714 1747 αὐτὰς,

2135 1771 2364 1836 ἐκεῖνός
2389 1771 2557 1824 ἐστιν
2585 1773 2618 1824 ό
2637 1768 2883 1838 ἀγαπῶν
2898 1786 2976 1839 με
2994 1787 3008 1800 ·
3033 1773 3066 1823 ὁ
3089 1769 3156 1822 δὲ
3179 1768 3425 1839 ἀγαπῶν
3447 1787 3544 1838 με.
3568 1771 3715 1836 dra-

2135 1859 2465 1928 πηθήσεται
2495 1859 2611 1915 ὑπὸ
2643 1860 2750 1914 τοῦ
2781 1862 3008 1928 Πατρός
3028 1879 3147 1930 μου
3167 1878 3181 1892 ο
3230 1861 3391 1931 κὰγ-ὼ
3420 1861 3716 1930 ἀγαπῖισω

2133 1955 2339 2016 αὐτὸν,
2369 1953 2466 2006 καί
2487 1954 2796 2022 ἐμφανίσω
2823 1951 2982 2020 αὐτῷ
3014 1955 3291 2024 ἐμαυτόν.

2199 2045 2587 2118 Φανερωτέραν
2617 2046 2833 2102 ἔσεσθαι
2855 2047 2948 2100 τοῦ
2985 2049 3284 2118 μυστηρίου
3311 2049 3410 2120 τὴν
3432 2049 3710 2102 ἀποκάλυο
3777 2038 3782 2044 ’

455 2147 596 2194 stam
633 2139 750 2194 fore
783 2138 998 2201 dicens,
1033 2155 1157 2194 cum
1206 2155 1306 2196 nos
1341 2140 1408 2194 ad
1453 2141 1577 2210 ejus
1611 2140 2028 2196 similitudinem

2133 2139 2222 2210 ψιν
2250 2141 2371 2192 τότε
2417 2139 2480 2208 δὴ
2527 2139 2766 2209 μάλιστα
2809 2139 2980 2208 λέγων
3008 2143 3064 2193 ὲν
3093 2144 3258 2211 ἡμῖν,
3309 2142 3436 2194 ὅταν
3483 2143 3710 2204 ἑαυτοὺς

454 2231 701 2288 viventes
729 2233 1185 2302 conspexerimus
1218 2251 1230 2287 :
1266 2251 1284 2284 ι
1321 2230 1461 2288 Vivo
1501 2234 1644 2288 enim
1674 2249 1798 2304 ego,
1832 2235 2028 2304 inquit,

2132 2231 2540 2303 ἀπαθρήσωμεν
2581 2231 2791 2296 ζῶντας
2837 2231 2959 2285 καθ’
3010 2233 3302 2304 ὁμοιότητα
3347 2234 3444 2302 τήν
3495 2232 3661 2286 αὐτοῦ
3690 2248 3706 2262 ⁸

453 2333 510 2378 et
533 2336 634 2378 vos
689 2323 886 2379 vivetis
917 2325 938 2355 "
975 2341 989 2378 :
1025 2343 1043 2377 ι
1073 2324 1234 2394 cujus
1280 2325 1354 2380 rei
1406 2323 1542 2380 ﬁdes
1587 2324 1886 2396 unicuique
1940 2326 2031 2382 (iet

2139 2343 2157 2375 ι
2189 2323 2274 2376 Ζῶ
2301 2324 2406 2395 γὰρ
2436 2322 2610 2392 κάγὼ,
2641 2325 2793 2394 φησί,
2833 2323 3060 2394 ζήσεσθε
3093 2325 3148 2377 δὲ
3178 2327 3269 2378 καὶ
3295 2325 3471 2395 ὑμεῖς.
3505 2345 3523 2376 ι
3563 2325 3711 2394 Πλη-

451 2427 562 2468 non
597 2431 662 2469 ex
714 2414 782 2469 iis
828 2429 950 2484 qua:
989 2416 1263 2482 audierit,
1311 2415 1405 2472 sed
1445 2433 1509 2472 ex
1561 2433 1742 2472 rerum
1781 2419 2027 2489 ipsarum

453 2505 808 2574 possessione
835 2505 1226 2575 promissionis
1273 2505 1480 2560 exitum
1517 2510 1841 2578 reportanti.
1881 2508 2030 2566 Prae-

452 2603 564 2652 stat
595 2597 740 2652 enim
775 2597 1212 2668 experimentum
1253 2599 1440 2654 verbis
1479 2599 1547 2654 ad
1583 2602 2026 2670 persuadendum

454 2687 727 2758 fidemque
755 2698 908 2744 certo
936 2687 1265 2744 faciendam.
1303 2687 1504 2745 Verum
1539 2707 1606 2746 ne
1642 2699 1751 2746 tam
1791 2707 2027 2764 augusto

453 2780 602 2836 dono
632 2792 864 2837 cunctos
903 2783 1110 2852 passim
1149 2781 1255 2837 frui
1297 2799 1460 2853 posse
1495 2792 1771 2854 putemus,
1805 2789 2024 2844 tametsi

452 2874 612 2944 probi
639 2889 750 2928 non
779 2874 892 2928 sint
918 2889 982 2929 ac
1012 2875 1202 2930 divino
1233 2883 1379 2930 metu
1407 2876 1692 2943 illustrati,
1728 2895 2024 2951 personam

453 2981 648 3020 eorum
679 2981 709 3020 a
739 2967 940 3036 quibus
979 2967 1227 3038 diligitur
1253 2969 1438 3023 statim
1482 2968 1806 3038 subiiciens,
1846 2973 2024 3028 mani-

2135 2416 2540 2487 ροιρορουμένης
2569 2415 2756 2487 ὥσπερ
2776 2417 2873 2488 τῆς
2895 2417 3122 2470 ἑκάστου
3141 2417 3396 2482 διανοίας,
3422 2418 3522 2470 οὐκ
3551 2417 3610 2481 ἐξ
3635 2410 3712 2469 ὧν

2128 2509 2456 2580 ἠκροάσατο,
2483 2509 2576 2562 καί
2604 2507 2930 2562 πεπίστευκε
2955 2509 3132 2579 μόνον,
3159 2509 3272 2562 ἀλλ’
3301 2507 3362 2573 ἐξ
3393 2501 3468 2561 ὧν
3495 2508 3561 2561 ἂν
3591 2508 3704 2578 ἔχοι

2133 2601 2362 2672 μᾶλλον,
2399 2601 2761 2672 κομισάμενος
2793 2602 2892 2673 ήδη
2921 2601 3020 2670 τῆς
3053 2601 3383 2670 ἐπαγγελίας
3416 2601 3476 2654 τὸ
3513 2601 3705 2672 πέρας.

2130 2694 2300 2764 Πεῖρα
2333 2692 2444 2763 γάρ
2482 2693 2656 2761 λόγων
2688 2693 3080 2764 εὑσθενεστὲρα
3125 2692 3260 2764 πρὸς
3302 2693 3364 2746 τὸ
3395 2690 3708 2746 ἀναπείθειν

2127 2782 2383 2837 δύνασθαι
2430 2783 2525 2836 καὶ
2571 2783 2951 2855 πληροφορεῖν.
3010 2785 3128 2836 Ἵνα
3183 2783 3258 2854 μὴ
3312 2786 3475 2836 πᾶσιν
3523 2780 3714 2846 ἁπλῶς

2129 2875 2450 2947 προκεῖσθαι
2503 2874 2808 2946 νομίζωμεν
2851 2874 2911 2928 τὸ
2959 2874 3160 2940 ἐξεῖναι
3211 2875 3371 2946 τυχὸν
3414 2875 3516 2944 τῆς
3567 2873 3712 2928 οὕτω

2129 2968 2332 3038 σεπτῆς
2348 2966 2648 3021 ἀπολαῦσαι
2673 2967 2902 3038 δωρεᾶς,
2919 2967 3014 3020 καὶ
3036 2968 3082 3019 εί
3107 2967 3181 3038 μή
3203 2983 3346 3030 τινες
3369 2961 3475 3019 εἷεν
3491 2967 3708 3034 ἀγαθοὶ,

451 3056 594 3114 feste
646 3059 887 3115 ostendit
939 3037 1119 3114 nullos
1172 3059 1314 3116 alios
1371 3065 1483 3114 tam
1539 3060 2024 3134 incomparabilem

2132 3075 2227 3115 και
2251 3037 2328 3130 τῷ
2354 3059 2482 3131 θείῳ
2506 3037 2983 3131 λελαμπρυσμένοι
3010 3058 3158 3128 φόϐῳ
3179 3099 3193 3122 ,
3233 3058 3292 3112 τδ
3313 3057 3422 3111 τῶν
3449 3058 3710 3127 ἀγαπῶν-

453 3147 687 3222 gratiam
743 3147 1027 3218 suscipere
1080 3163 1264 3217 posse.
1317 3149 1423 3204 nisi
1481 3151 1576 3220 qui
1629 3162 1778 3206 recte
1811 3153 2027 3210 vivendi

452 3237 600 3290 viam
644 3237 990 3294 institerint:
1034 3238 1090 3292 hi
1124 3239 1270 3293 enim
1295 3247 1427 3295 sunt
1466 3241 1558 3311 qui
1604 3242 1845 3314 diligunt
1875 3261 2024 3302 eum.

453 3327 606 3384 Licet
632 3331 777 3385 enim
808 3330 1068 3388 Christus
1100 3333 1348 3387 omnium
1399 3349 1635 3405 corpora
1681 3339 2028 3394 excitaturus

455 3418 531 3476 sit
561 3420 876 3491 (resurgent
904 3423 1052 3476 enim
1108 3422 1272 3494 827
1308 3423 1435 3478 boni
1479 3434 1644 3496 atque
1689 3429 1865 3496 mali),
1918 3445 2028 3485 non

453 3516 638 3566 tamen
670 3512 932 3568 Omnibus
967 3512 1340 3570 iudiﬂ'erenler
1375 3515 1442 3570 ad
1482 3518 1712 3586 gloriam
1761 3530 1855 3574 aut
1888 3521 2026 3578 deli-

454 3600 576 3656 eias
657 3602 990 3658 reviviscere
1039 3603 1281 3661 dabitur.
1345 3605 1696 3664 Manifestum
1749 3613 1896 3667 enim
1946 3623 2031 3669 est

454 3691 605 3764 quod
654 3693 709 3747 hi
755 3694 976 3762 quidem
1022 3695 1248 3750 excitati
1285 3704 1492 3753 tantum
1535 3700 1604 3755 ad
1650 3703 2024 3772 supplicium,

457 3786 609 3841 omni
650 3796 828 3843 morte
858 3789 1026 3844 vitam
1058 3788 1424 3847 crudeliorem
1461 3791 1703 3849 habituri
1748 3805 1901 3864 sunt,
1945 3796 2026 3851 illi

451 3893 587 3935 vero
617 3877 672 3934 in
719 3878 982 3938 felicitate
1021 3881 1245 3954 longum
1277 3883 1542 3954 degentes
1576 3901 1774 3953 aevum,
1815 3889 2029 3958 optabi-

454 3971 560 4025 lem
597 3972 653 4026 in
693 3971 921 4030 Christo
964 3981 1020 4030 et
1065 3985 1312 4030 sanctam
1343 3977 1512 4030 vitam
1565 3993 1758 4034 revera
1817 3981 2025 4037 vivent.

458 4061 617 4128 Quod
668 4063 813 4120 enim
852 4064 911 4118 bi
965 4065 1060 4136 qui
1113 4073 1359 4136 tempore
1403 4067 1599 4138 judicii
1659 4071 1946 4142 suppliciis
1997 4091 2029 4129 a

319 4203 338 4222 ,
453 4151 675 4210 Christo
705 4162 834 4212 sunt
863 4156 1178 4223 addieendi,
1211 4167 1462 4215 exsortes
1489 4159 1664 4216 beata:
1693 4163 1815 4218 vitae
1857 4163 2026 4219 futuri

454 4247 588 4311 sint,
625 4247 880 4317 quamvis
923 4261 1271 4304 communem
1299 4251 1508 4307 sanctis
1548 4254 2023 4310 resurrectionem

2131 3170 2237 3207 των
2257 3152 2419 3206 αὑτὸν
2448 3151 2738 3205 πρόσωπον
2763 3149 3109 3222 παραζεύξας
3136 3149 3297 3213 εὐθὺς
3317 3151 3393 3220 τῷ
3425 3150 3595 3220 λόγῳ,
3625 3151 3710 3204 δέ·

2129 3245 2304 3314 δειχεν
2325 3243 2569 3315 ἐναργῶς
2591 3243 2667 3306 ὡς
2686 3245 2786 3314 οὐχ
2810 3243 3014 3314 ἑτέροις
3033 3243 3172 3296 ἑλεῖν
3206 3241 3304 3314 τήν
3333 3241 3506 3305 οὕτως
3535 3242 3710 3311 ἀσύγ-

2129 3352 2313 3407 κριτον
2333 3335 2547 3402 ἐξέσται
2570 3334 2751 3406 χάριν,
2781 3336 2829 3389 εἰ
2853 3335 2926 3407 μὴ
2946 3336 3056 3400 τοῖς
3090 3336 3287 3406 ἄριστα
3309 3332 3504 3403 διαζῆν
3523 3335 3713 3406 ἑλομέ-

2129 3441 2238 3490 νοις
2255 3441 2272 3458 °
2288 3421 2429 3480 οὗτοι
2444 3426 2551 3497 γάρ
2570 3425 2635 3480 ἂν
2658 3422 2768 3480 εἷεν
2787 3427 2834 3480 οἱ
2855 3425 3174 3495 ἀγαπῶντες
3195 3425 3375 3480 αὐτόν.
3399 3427 3462 3479 Ei
3489 3427 3594 3496 γὰρ
3615 3426 3711 3480 καὶ

2132 3517 2200 3573 τὰ
2245 3519 2463 3573 πάντων
2502 3517 2664 3588 τυχὸν
2707 3517 2949 3588 διεγείρῃ
3000 3516 3228 3588 σώματα
3267 3517 3501 3588 Χριστὸς
3544 3519 3708 3587 (ἀνα-

2131 3609 2415 3680 στήσονται
2443 3607 2552 3678 γάρ
2584 3607 2810 3678 πονηροὶ
2836 3606 2931 3660 καὶ
2953 3605 3195 3674 ἀγαθοὶ),
3239 3606 3355 3660 ἀλλ’
3378 3607 3475 3677 οὐχ
3506 3607 3710 3660 ἅπασιν

2129 3698 2454 3768 ἀδιακρίτως
2487 3696 2622 3768 πρὸς
2664 3694 2821 3762 δόξαν
2846 3695 2879 3765 ἢ
2903 3695 3110 3766 τρυφὴν
3140 3695 3199 3747 τὸ
3227 3694 3527 3749 ἀναϐιῶναι
3556 3696 3710 3765 δοθή-

2131 3807 2305 3844 σεται.
2336 3788 2606 3860 Πρόδηλον
2656 3787 2766 3860 γάρ
2807 3787 2890 3840 ὅτι
2934 3790 2982 3840 oi
3016 3788 3114 3859 μὲν
3152 3787 3245 3840 ἐπὶ
3278 3787 3339 3840 τὸ
3380 3787 3707 3851 κολάζεσθαι

2133 3881 2291 3953 μόνον
2351 3879 2604 3942 λαϐόντες
2657 3879 2755 3949 τὴν
2806 3879 3098 3934 ἀνάστασιν
3123 3919 3139 3944 ,
3211 3877 3440 3931 θανάτου
3505 3877 3708 3942 παντὸς

2129 3972 2506 4044 ἀπηνεστέραν
2547 3971 2727 4035 ἕξουσι
2764 3970 2862 4043 τήν
2916 3969 3060 4041 ζωὴν
3086 4011 3102 4033 ,
3154 3971 3202 4023 oi
3257 3969 3313 4022 δὲ
3362 3969 3606 4041 μακροὺς
3646 3971 3712 4022 ὲν

2132 4065 2494 4136 μακαριότητι
2551 4061 2829 4133 τρίϐοντες
2885 4063 3109 4133 χρόνους
3142 4099 3158 4125 ,
3227 4062 3484 4131 ζήσουσιν
3538 4061 3709 4124 ὅντως

2127 4155 2226 4226 τὴν
2255 4157 2314 4208 ὲν
2351 4150 2572 4222 Χριστῷ
2599 4148 2925 4202 πολύευκτόν
2959 4165 3018 4201 τε
3053 4149 3150 4202 καὶ
3178 4149 3340 4216 ἁγίαν
3366 4147 3532 4220 ζωήν.
3581 4148 3709 4202 Ὀτι

2129 4245 2238 4316 γὰρ
2269 4245 2320 4297 οἱ
2351 4243 2447 4312 τὴν
2473 4242 2564 4295 ἐπὶ
2594 4239 2672 4310 τῷ
2692 4239 3010 4302 κολάζεσθαι
3044 4239 3224 4308 ψῆφον
3258 4237 3701 4308 ἀποκομίζεσθαι

454 4341 782 4404 sortiantur,
814 4341 1057 4396 ostendit
1077 4341 1299 4398 dicens:
1339 4363 1357 4396 ι
1387 4342 1490 4410 Qui
1513 4345 1688 4400 credit
1719 4345 1772 4400 in
1803 4344 2023 4412 Filium,

2133 4337 2420 4408 μέλλοντες
2461 4334 2612 4405 ποιρά
2641 4331 2877 4404 Χριστοῦ
2903 4372 2918 4396 ,
2949 4330 3093 4385 κατά
3120 4331 3209 4384 τὸν
3240 4332 3432 4403 καιρὸν
3455 4331 3553 4402 τῆς
3587 4329 3711 4400 κρίσ-

451 4430 619 4486 habet
653 4432 821 4486 vitam
854 4443 1113 4489 aeternam
1147 4453 1160 4489 :
1213 4436 1308 4505 qui
1347 4444 1531 4491 autem
1587 4437 1910 4496 incredulus
1939 4448 2026 4495 est

452 4519 616 4584 Filio,
652 4537 762 4576 non
793 4523 1001 4578 videbit
1035 4525 1222 4590 vitam,
1256 4525 1352 4580 sed
1393 4526 1476 4580 ira
1505 4525 1599 4582 Dei
1644 4539 1827 4584 manet
1861 4545 2028 4601 super

451 4625 577 4664 eum
606 4612 646 4662 ⁸.
687 4631 706 4664 ι
745 4611 1137 4668 Animadverte
1183 4616 1329 4669 enim
1364 4631 1474 4686 quo
1507 4624 1690 4686 pacto,
1741 4617 1866 4672 licet
1909 4634 2028 4674 om-

453 4716 554 4756 nes
607 4699 736 4756 boni
775 4716 840 4756 ac
891 4703 1020 4758 mali
1069 4704 1380 4760 suscitaudi
1431 4706 1564 4770 sint,
1620 4707 2025 4767 incredulitatis

450 4797 636 4845 tamen
671 4805 798 4846 reos
833 4806 901 4846 ne
932 4793 1152 4847 visuros
1181 4793 1402 4863 quidem
1443 4795 1610 4850 vitam
1649 4795 1820 4862 dicat,
1856 4799 2024 4854 vitam

451 4896 578 4939 esse
605 4881 885 4953 inquiens,
923 4900 1030 4939 non
1085 4886 1276 4957 utique
1319 4901 1614 4959 resurgere
1648 4897 1883 4954 tantum,
1930 4892 2027 4948 sed

453 4973 628 5040 illam,
663 4975 878 5044 opinor,
903 4991 1027 5046 quae
1056 4976 1112 5031 in
1149 4979 1337 5048 requie
1375 4989 1430 5035 et
1465 4979 1660 5050 gloria,
1706 4981 2028 5053 deliciisque

454 5065 822 5135 spiritalibus,
862 5082 971 5122 non
1012 5076 1198 5123 autem
1245 5071 1368 5126 aliis
1402 5081 1677 5128 versatur.
1699 5071 2027 5128 Deliciarum

449 5167 636 5213 autem
655 5159 925 5229 spiritalis
942 5159 1138 5215 modus
1164 5169 1268 5224 est,
1293 5162 1540 5232 perfecta
1561 5162 1656 5219 Dei
1679 5164 1940 5236 cognitio,
1975 5173 2030 5219 et

445 5250 841 5319 mysteriorum
860 5250 1306 5308 Christianorum
1334 5254 1578 5322 perfecta
1604 5257 1889 5318 revelatio.
1915 5271 2026 5311 non

447 5339 501 5392 in
551 5341 778 5408 speculo
825 5359 1021 5400 rursus
1069 5353 1122 5398 et
1167 5344 1220 5398 in
1262 5344 1550 5416 aenigmate
1578 5349 1634 5411 ’,
1671 5347 1832 5402 sicuti
1882 5361 2030 5402 nunc

445 5431 724 5487 obscuros
785 5448 969 5488 rerum
1024 5436 1385 5504 quaesitarum
1435 5436 1791 5495 characteres
1831 5439 2025 5503 edens,

447 5519 546 5574 sed
583 5526 695 5575 tota
729 5535 867 5591 pure
892 5523 947 5578 in
977 5527 1138 5583 nobis
1168 5527 1395 5583 elucens
1423 5536 1479 5584 et
1509 5530 1782 5598 emicans,
1825 5539 1877 5585 et
1904 5545 2028 5600 per-

449 5612 818 5672 fectissimam
883 5618 1135 5677 notitiam
1185 5621 1460 5681 inserens.
1496 5641 1516 5677 ι
1558 5622 1716 5691 Quod
1763 5623 1912 5680 enim
1954 5637 2023 5680 ex

529 5802 551 5837 '
583 5798 874 5871 Joamuv,
905 5797 988 5858 l9.
1029 5799 1086 5889 _'
1122 5795 1282 5858 Joan.
1318 5799 1522 5873 111,36.
1598 5799 1619 5832 '
1711 5797 1839 5858 Cor.
1872 5811 1996 5867 xm,
2031 5796 2116 5854 ιτ.

2129 4446 2286 4492 σεως,
2311 4427 2567 4496 ἄγευστοι
2603 4424 2824 4496 μενοῦσι
2853 4423 2952 4492 τῆς
2993 4422 3270 4492 μακαρίας
3298 4423 3444 4492 ζωῆς
3463 4463 3478 4487 ,
3527 4422 3708 4475 καίτοι

2127 4522 2305 4575 κοινὸν
2333 4521 2445 4581 τοῖς
2483 4516 2661 4584 ἁγίοις
2701 4514 2763 4567 τὸ
2798 4511 3094 4568 ἀναϐιῶναι
3129 4512 3418 4582 λαχόντες,
3459 4511 3713 4582 παραδη-

2127 4611 2209 4666 λοῖ
2231 4611 2404 4680 λέγων
2427 4627 2471 4660 οι
2503 4607 2563 4662 '0
2585 4604 2857 4659 πιστεύων
2883 4605 2962 4668 είς
2983 4604 3073 4657 τὸν
3097 4603 3248 4668 Υίὸν,
3270 4604 3381 4674 ἔχει
3409 4603 3551 4674 ζωὴν
3575 4601 3713 4656 αἰῶ-

2126 4719 2239 4758 νιον
2263 4719 2277 4732 ·
2317 4704 2345 4754 ό
2376 4700 2431 4754 δὲ
2465 4697 2704 4753 ἀπειθῶν
2728 4695 2806 4767 τῷ
2838 4694 2986 4765 Υίῷ,
3030 4695 3132 4748 οὐκ
3164 4696 3354 4764 ὄψεται
3396 4695 3496 4766 τὴν
3527 4694 3702 4766 ζωήν,

2124 4794 2238 4849 ἀλλ’
2271 4795 2305 4864 ή
2352 4792 2491 4865 ὀργὴ
2536 4791 2632 4844 τοῦ
2666 4790 2801 4844 Θεοῦ
2832 4791 2984 4860 μενεῖ
3005 4790 3090 4842 ἐπ’
3117 4788 3298 4842 αὐτόν.
3330 4805 3349 4838 ι
3397 4785 3562 4849 Σύνες
3593 4785 3710 4856 γὰρ

2124 4886 2293 4950 ὅπως,
2328 4883 2505 4940 καίτοι
2537 4883 2754 4936 πάντων
2779 4879 3030 4952 πονηρῶν
3080 4895 3142 4932 τε
3183 4879 3278 4932 καὶ
3311 4877 3536 4946 ἀγαθῶν
3569 4878 3708 4931 ἀνα-

2127 4976 2419 5051 στήσεσθαι
2469 4973 2968 5048 προσδοκωμένων,
3006 4971 3134 5034 τοὺς
3179 4969 3397 5040 ἐνόχους
3444 4971 3555 5031 τοῖς
3601 4967 3711 5036 τῆς

2125 5068 2410 5133 ἀπειθείας
2438 5067 2779 5139 ἐγκλήμασιν
2799 5103 2814 5130 ,
2865 5063 2987 5118 οὐδὲ
3031 5064 3157 5117 ὅσον
3189 5059 3509 5130 άπαθρῆσαι
3544 5060 3713 5130 μόνον

2127 5163 2262 5234 φησὶ
2286 5161 2385 5232 τὴν
2427 5160 2606 5230 ζωὴν,
2636 5159 2783 5223 ζωὴν
2817 5153 2958 5210 εἷναι
2991 5155 3197 5224 λέγων,
3243 5152 3366 5222 οὐχὶ
3404 5152 3624 5214 πάντως
3645 5151 3711 5204 τὸ

2126 5252 2424 5322 ἀναστῆναι
2449 5250 2639 5321 μόνον,
2689 5245 2805 5301 ἀλλ’
2835 5245 3079 5315 ἐκείνην,
3109 5238 3291 5314 οἶμαι,
3323 5242 3418 5294 καὶ
3453 5241 3598 5311 μάλα
3630 5241 3710 5292 εί-

2128 5345 2336 5410 κότως,
2383 5343 2483 5414 τὴν
2528 5343 2585 5394 ὲν
2631 5338 2938 5394 ἀναπαύσει
2993 5337 3088 5392 καὶ
3130 5335 3256 5406 δόξῃ
3304 5334 3398 5387 καὶ
3444 5334 3703 5403 τρυφαῖς,

2127 5437 2528 5507 πνευματικαῖς
2555 5433 2612 5488 δὲ
2649 5430 2911 5503 δηλονότι,
2947 5429 3042 5484 καὶ
3067 5429 3165 5499 οὐχ
3191 5427 3426 5498 ἑτέραις.
3477 5424 3704 5496 Τρυφῆς

2126 5530 2184 5584 δὲ
2209 5529 2412 5601 τρόπος
2445 5525 2817 5596 πνευματικὸς
2837 5564 2853 5591 ,
2881 5524 2916 5593 ή
2943 5520 3126 5575 τελεία
3155 5520 3283 5590 περὶ
3311 5515 3448 5572 Θεοῦ
3477 5517 3704 5585 γνῶσις,

2126 5619 2224 5676 καὶ
2258 5617 2369 5674 τῶν
2395 5617 2489 5672 ἐπὶ
2518 5612 2738 5690 Χριστῷ
2763 5611 3078 5684 μυστηρίων
3101 5611 3140 5681 ή
3159 5607 3388 5682 ἀκριϐής
3419 5603 3710 5662 ἀποκάλυ-
