4042 6204
1375 357 1445 414 IN
1474 357 1771 416 JOANNIS
1807 356 2264 416 EVANGELIUM
2332 357 2466 415 LIB.
2503 359 2571 416 Χ.

3466 363 3575 418 286

299 480 415 551 ψις,
445 476 550 534 οὐκ
583 477 642 532 ἂν
675 475 927 548 ὶσόπτρῳ
960 474 1123 531 πάλιν
1168 475 1262 528 καὶ
1295 477 1351 528 έν
1379 476 1686 548 αἰνίγματι,
1717 475 1882 530 καθά-

1996 486 2154 546 parte
2173 484 2258 532 est
2291 477 2678 545 evacuabitur,
2713 497 2731 529 ι
2761 478 2917 548 juxta
2948 477 3107 533 Pauli
3134 493 3321 534 vocem
3351 479 3416 532 '°.
3438 477 3575 530 Cum

301 587 409 643 περ
445 569 544 624 καὶ
592 569 688 622 νῦν
713 568 995 640 ἀμυδροὺς
1033 569 1164 640 ήμῖν
1208 565 1317 620 τῶν
1361 565 1712 638 ζητουμένων
1762 569 1891 632 τοὺς

301 661 660 735 χαρακτῆρας
701 660 1080 732 ἐμφαίνουσα,
1113 658 1228 712 ἀλλ’
1258 659 1355 730 ὅλη
1391 659 1651 731 καθαρῶς
1673 661 1732 715 ἐν
1756 662 1892 731 ἡμῖν

302 751 694 824 διαφαινομένη
729 770 790 806 τε
828 752 923 806 καὶ
951 752 1264 822 λάμπουσα,
1293 751 1386 804 καὶ
1413 752 1762 822 τελειοτάτην
1790 753 1892 819 ἐμ-

305 844 536 900 ποιοῦσα
565 844 666 915 τὴν
699 843 928 915 εἴδησιν.
967 861 984 892 ο
1036 843 1110 897 Τὸ
1134 843 1244 914 γάρ
1277 843 1340 896 ὲκ
1374 843 1576 914 μέρους
1607 859 1891 915 καταργη-

302 937 567 1007 θήσεται,
609 956 626 988 ι
671 936 816 990 κατά
854 937 954 1006 τὴν
997 934 1090 989 τοῦ
1119 934 1333 988 Παύλου
1368 935 1573 1005 φωνήν.
1613 934 1891 989 Διδάσκων

301 1026 593 1098 τοιγαροῦν
644 1027 793 1098 ἡμᾶς
839 1026 868 1077 6
898 1024 1103 1096 Κύριος
1135 1023 1293 1094 ήμῶν
1334 1023 1545 1094 Ἰησοῦς
1577 1025 1607 1077 6
1655 1024 1892 1096 Χριστὸς

301 1119 382 1172 δτι
407 1121 524 1183 τοῖς
555 1119 778 1189 ἀγαπᾷν
808 1117 1084 1188 ἑλομένοις
1118 1115 1302 1177 αὐτὸν,
1333 1116 1426 1170 καί⁵
1454 1109 1568 1179 τοῖς
1589 1115 1699 1169 τῶν
1729 1115 1890 1171 θείων

302 1209 467 1262 αὑτοῦ
521 1208 893 1282 κηρυγμάτων
945 1207 1231 1278 ἐργάταις,
1268 1207 1429 1278 ήτῆς
1491 1207 1891 1276 ἀποκαλύψεως

301 1301 616 1372 ὑπόσχεσις,
637 1297 1063 1373 πρεπωδεστέρα
1084 1299 1144 1352 τέ
1165 1301 1304 1365 ἐστι,
1325 1299 1420 1353 καί⁸
1445 1301 1665 1365 οἰκείως
1689 1299 1892 1371 ἔχουσα

304 1392 540 1462 μᾶλλον,
590 1393 653 1446 ού
691 1393 797 1464 μὴν
840 1393 952 1454 τοῖς
990 1390 1252 1446 τάναντία
1293 1391 1664 1463 πεφροντικόσι
1698 1409 1757 1446 τε
1796 1392 1891 1446 καὶ

300 1481 1033 1554 δεδρακόσι,χρησιμώτατα
1078 1483 1190 1544 τοῖς
1237 1481 1551 1552 εἰρημένοις
1587 1483 1887 1552 ἐπήνεγκε,

299 1573 475 1642 λέγων
499 1591 514 1604 ·
565 1591 586 1626 ι
628 1573 686 1626 '0
721 1573 859 1644 ἔχων
887 1572 988 1637 τάς
1015 1571 1236 1637 ἐντολάς
1280 1590 1413 1644 μου,
1455 1573 1550 1626 καὶ
1586 1573 1771 1644 τηρῶν
1792 1574 1890 1628 αύ-

300 1665 422 1728 τάς,
453 1658 609 1727 οὗτός
635 1665 784 1717 ἐστιν
809 1664 837 1716 6
856 1662 1087 1732 ἀγαπῶν
1119 1681 1205 1734 με.
1238 1681 1258 1716 ι
1299 1663 1455 1734 Ἔχει
1475 1663 1534 1718 δέ
1566 1681 1650 1728 τις
1672 1663 1772 1729 τὰς
1803 1664 1891 1718 ὲν-

300 1752 487 1817 τολὰς,
532 1753 632 1823 τὴν
671 1752 854 1806 πίστιν
895 1752 1379 1824 παραδεξάμενος,
1413 1753 1508 1807 καὶ
1539 1754 1626 1808 διὰ
1663 1755 1887 1826 μνήμης

1990 584 2123 640 ergo
2152 569 2379 626 doceret
2420 586 2523 626 nos
2555 569 2820 628 Dominus
2871 580 3063 629 noster
3107 571 3271 627 Jesus
3323 569 3577 624 Christus

1987 660 2350 733 diligentibus
2399 677 2460 717 se
2507 671 2563 718 et
2589 662 2778 717 divina
2834 663 2957 733 ejus
3016 662 3280 717 mandata
3315 659 3575 714 facienti-

1987 751 2094 806 bus
2120 751 2483 808 revelationis
2516 753 2947 823 promissionem
2991 751 3314 816 convenire,
3358 759 3413 804 et
3445 765 3574 820 pro-

1992 845 2168 915 priam
2204 859 2331 900 esse
2361 845 2547 914 potius
2582 861 2748 916 quam
2783 846 2851 899 iis
2891 845 2982 916 qui
3014 845 3299 900 contraria
3328 843 3577 898 sentiunt

1991 949 2056 990 ac
2095 935 2329 1002 iaciunt,
2368 937 2578 992 utiliter
2617 937 2782 993 dictis
2817 936 3128 1006 subjunxit,
3153 935 3390 992 dicens:
3425 952 3442 984 ι
3470 933 3575 999 Qui

1991 1027 2159 1084 habet
2191 1029 2450 1083 mandata
2488 1045 2630 1094 mea,
2661 1037 2716 1084 et
2759 1038 2946 1086 servat
2973 1043 3057 1094 ea,
3092 1028 3184 1083 ille
3210 1035 3294 1083 est
3325 1026 3418 1096 qui
3450 1025 3576 1079 dili-

1991 1120 2068 1191 git
2094 1135 2179 1176 me
2220 1120 2284 1174 “.
2323 1139 2343 1174 ι
2380 1119 2432 1176 Is
2479 1131 2663 1177 autem
2712 1122 2877 1176 habet
2924 1119 3207 1183 mandata,
3254 1118 3576 1188 quicunque

1993 1213 2152 1269 ﬁdem
2187 1215 2457 1284 suscepit,
2495 1222 2549 1271 et
2574 1231 2670 1286 per
2707 1216 2904 1270 bonam
2949 1213 3270 1268 memoriam
3298 1208 3575 1279 evangeli-

1991 1318 2181 1358 corum
2216 1313 2617 1375 przeceptorum
2668 1305 2980 1361 doctrinam
3020 1319 3213 1374 puram
3243 1318 3311 1356 ac
3344 1301 3572 1356 nitidam

1989 1407 2172 1450 mente
2206 1395 2416 1462 hausit,
2467 1413 2644 1469 eaque
2684 1409 2812 1453 actu
2862 1407 2917 1454 et
2951 1411 3120 1467 opere
3176 1395 3464 1464 adimplet,
3517 1398 3573 1446 et

1987 1481 2260 1541 factorum
2297 1488 2595 1556 splendore
2628 1489 2841 1543 clarere
2893 1487 3097 1544 studet.
3145 1485 3426 1540 Perfectus
3463 1486 3579 1537 ita—

1989 1592 2099 1648 que
2134 1585 2398 1648 totusque
2428 1579 2494 1634 ad
2526 1579 2784 1650 pietatem
2824 1577 3094 1634 formatus
3127 1579 3217 1633 ille
3249 1585 3332 1632 est
3376 1576 3470 1646 qui
3503 1591 3571 1630 ex

1988 1665 2077 1722 his
2111 1666 2352 1732 duobus,
2409 1669 2516 1723 lide
2566 1669 2831 1722 nimirum
2892 1680 2946 1724 et
2998 1685 3189 1739 opere,
3261 1667 3572 1722 sanctitatis

1990 1756 2324 1814 Christiana:
2379 1759 2762 1814 testimonium
2817 1760 3028 1816 habet:
3091 1779 3110 1812 ι
3164 1757 3223 1812 ln
3277 1773 3375 1816 ore
3425 1759 3570 1813 enim

298 1844 512 1914 ἀγαθῆς
536 1847 616 1908 εἰς
640 1843 731 1898 τὸν
753 1846 950 1899 οἰκεῖον
978 1845 1410 1916 εἰσοικισάμενος
1438 1845 1561 1899 νοῦν
1581 1885 1598 1912 ,
1634 1824 1732 1919 τήν
1755 1824 1882 1901 ἀθό-

1987 1851 2221 1905 duorum
2251 1859 2345 1904 aut
2387 1851 2552 1905 trium
2586 1851 2810 1905 testium
2851 1850 3020 1906 stabit
3050 1864 3214 1904 omne
3249 1849 3502 1912 verbum,
3548 1867 3566 1898 ι

298 1935 468 1991 λωτόν
491 1954 552 1992 τε
579 1937 673 1991 καί
701 1937 874 2007 διειδῆ
901 1936 1010 1991 τῶν
1035 1937 1411 2006 εὐαγγελικῶν
1438 1939 1727 2009 δογμάτων
1757 1940 1884 1993 παί-

296 2029 514 2096 δευσιν,
550 2029 752 2099 πληροῖ
795 2029 852 2082 δὲ
891 2027 1063 2092 αὐτὰς
1107 2029 1432 2100 πρακτικῶς
1463 2031 1738 2102 ὲνεργῶν,
1789 2031 1884 2088 καί⁸

296 2122 363 2192 τῇ
412 2121 521 2174 τῶν
565 2120 862 2192 δρωμένων
909 2119 1257 2192 λαμπρότητι
1294 2122 1603 2196 διαπρεπὴς
1651 2125 1882 2196 ὁρᾶσθαι

296 2216 636 2280 σπουδάζων.
675 2217 895 2280 Τέλειος
919 2212 1013 2272 οῦν
1045 2217 1156 2289 ἀρα
1187 2217 1610 2288 καὶὸλοκλήρως
1641 2221 1880 2292 ἀπηρτι-

296 2307 492 2377 σμένος
543 2309 624 2370 εἰς
655 2308 966 2371 εὐσέϐειαν,
1013 2309 1042 2362 6
1087 2308 1266 2362 πίστει
1317 2309 1522 2379 τεκαὶ
1569 2309 1768 2380 πράξει
1811 2311 1882 2365 δι’

291 2400 522 2470 ἀμφοῖν,
544 2399 734 2471 ῶσπερ
758 2400 848 2453 ἐπὶ
877 2400 1117 2471 ὁσιότητι
1147 2403 1212 2471 τῇ
1239 2399 1382 2454 κατὰ
1410 2401 1648 2471 Χριστὸν
1680 2419 1884 2473 μαρτυ-

294 2491 584 2561 ρούμενος.
623 2508 641 2543 ι
677 2491 803 2544 Ἐπί
829 2491 1098 2561 στόματος
1123 2489 1233 2562 γὰρ
1261 2491 1356 2545 δύο
1402 2491 1435 2561 ἢ
1467 2492 1635 2561 τριῶν
1677 2491 1884 2563 μαρτύ-

294 2598 412 2652 ρων
464 2581 790 2652 σταθήσεται
819 2583 929 2636 πᾶν
953 2584 1122 2653 ῥῆμα,
1153 2597 1172 2632 ι
1211 2580 1355 2634 κατὰ
1382 2581 1442 2635 τὸ
1471 2583 1879 2652 γεγραμμένον.

292 2673 404 2726 Τὸν
426 2673 486 2727 δὲ
507 2673 571 2745 δή
593 2673 855 2737 τοιοῦτον,
887 2673 1114 2736 εἰκότως
1139 2672 1420 2742 ἀγαπήσει
1449 2672 1548 2742 μὲν
1580 2673 1608 2724 6
1628 2672 1760 2737 Θεὸς
1785 2673 1882 2727 καὶ

289 2765 510 2838 Πατὴρ,
551 2766 828 2836 ἀγαπήσει
858 2766 916 2820 δὲ
949 2763 1100 2819 οὐδὲν
1125 2759 1288 2836 ἦττον
1313 2764 1408 2818 καὶ
1429 2763 1457 2815 6
1485 2762 1632 2826 Υἰός.
1668 2763 1879 2837 ’Ὠσπερ

289 2858 404 2927 γάρ
470 2861 620 2912 ἐστιν
677 2858 992 2937 όμοούσιος,
1036 2856 1180 2912 οὕτω
1248 2858 1345 2911 καὶ
1397 2855 1755 2928 συνεθελητής
1799 2856 1879 2928 τῷ

295 2951 413 3022 ἰδίῳ
433 2953 735 3022 γεννήτορι.
762 2953 908 3015 Μιᾶς
927 2949 1037 3022 γὰρ
1057 2949 1243 3013 οὐσίας
1265 2949 1322 3003 ἓν
1344 2948 1515 3019 δήπου
1557 2949 1617 3001 τὸ
1643 2948 1876 3019 θέλημα,

292 3043 391 3097 καὶ
420 3043 622 3106 σκοπὸς
657 3044 740 3112 ἐφ’
767 3041 972 3097 ἅπασιν
1009 3037 1109 3107 εἷς,
1146 3042 1241 3096 καὶ
1273 3040 1334 3094 τὸ
1370 3039 1672 3108 διαφωνοῦν
1703 3039 1874 3104 οὐδὲν,

290 3134 461 3206 ῆγουν
484 3135 562 3198 εἰς
586 3133 782 3206 ἑτέραν
817 3133 912 3187 καὶ
934 3132 1127 3204 ἑτέραν
1148 3130 1475 3201 κατασχίζον
1497 3129 1734 3202 θέλησιν.
1750 3131 1875 3195 Τοῖς
1903 3169 1944 3226 c

291 3242 361 3294 γε
388 3226 493 3296 μὴν
514 3225 615 3294 τῆς
638 3224 789 3287 θείας
809 3223 1030 3294 ἀγάπης
1059 3221 1380 3293 ἠξιωμένοις
1403 3220 1656 3293 λαμπρὸν
1680 3221 1876 3274 ἐπιδώ-

293 3336 412 3372 σειν
442 3320 504 3372 τὸ
526 3319 695 3390 γέρας
727 3316 1147 3385 ἐπαγγέλλεται,
1179 3314 1272 3368 καί⁵
1303 3315 1385 3366 ὅτι
1410 3315 1530 3377 ταῖς
1549 3314 1690 3385 ὑπὲρ
1719 3313 1876 3383 λόγον

237 3480 239 3482 η
287 3409 491 3473 αὐτοὺς
516 3406 848 3478 καταστέψει
876 3406 1128 3476 δωρεαῖς.
1154 3424 1171 3455 ι
1195 3403 1510 3475 Ἐμφανίσω
1529 3404 1658 3476 γὰρ,
1685 3407 1873 3474 φησὶν,

291 3499 448 3569 αὐτῷ
484 3497 744 3570 ἐμαυτόν,
790 3517 810 3550 ι
854 3495 1104 3568 Καθαροὶ
1137 3495 1246 3564 γὰρ
1284 3493 1432 3564 παρὰ
1465 3497 1580 3558 τοῖς
1617 3495 1879 3567 καθαροῖς

293 3592 349 3644 οἰ
376 3591 628 3662 περὶτῆς
665 3589 923 3652 θεοπτίας
956 3587 1169 3641 ἔσονται
1207 3585 1390 3654 λόγοι·
1434 3584 1732 3656 διαλάμπει
1764 3587 1821 3642 δὲ
1849 3589 1878 3642 6

291 3681 530 3752 Χριστὸς
557 3681 614 3735 ὲν
647 3681 829 3743 αὐτοῖς
847 3721 862 3745 ,
893 3679 981 3733 διὰ
1008 3677 1100 3732 τοῦ
1132 3677 1261 3731 ἰδίου
1291 3676 1534 3747 δηλονότι
1557 3677 1877 3750 Πνεύματος

289 3775 378 3837 εἰς
409 3773 616 3826 ἕκαστα
647 3770 754 3825 τῶν
782 3770 1008 3824 δεόντων
1053 3768 1408 3839 φωταγωγῶν
1427 3809 1442 3834 ,
1479 3770 1572 3823 καί
1614 3770 1876 3842 ἀρρήτοις

287 3865 404 3920 τισὶ
424 3861 730 3936 δᾳδουχίαις
750 3862 870 3923 ταῖς
892 3859 1032 3913 κατὰ
1048 3859 1138 3913 τὸν
1154 3857 1279 3912 νοῦν
1298 3857 1493 3911 ἑαυτὸν
1509 3859 1873 3914 ἐκκαλύπτων

289 3959 389 4012 καὶ
426 3955 645 4027 ἐμφανῆ
676 3952 957 4016 καθιστάς.
993 3953 1055 4006 Οἱ
1085 3951 1142 4005 δὲ
1177 3950 1323 4015 ἅπαξ
1349 3949 1584 4013 ἑλόντες,
1611 3953 1873 4024 μακάριοί

286 4066 353 4102 τε
395 4049 492 4102 καὶ
537 4045 790 4114 ζηλωτοί.
845 4043 956 4098 Καί
997 4060 1088 4112 μοι
1135 4042 1285 4096 δοκεῖ
1323 4041 1564 4106 τοιοῦτός
1606 4060 1691 4106 τις
1731 4039 1872 4101 εἶναι

289 4139 469 4206 λέγων
493 4141 521 4192 6
561 4136 846 4206 προφήτης
879 4133 1075 4187 Δαϐίδ·
1118 4151 1136 4185 ι
1185 4132 1516 4203 Ἀκούσομαι
1548 4132 1603 4186 τί
1639 4134 1862 4206 λαλήσει

291 4231 352 4284 ὲν
382 4232 508 4300 ἐμοὶ
539 4227 741 4298 Κύριος
769 4227 798 4280 6
823 4223 974 4288 Θεός.
1003 4243 1022 4276 ι
1073 4223 1186 4278 Καὶ
1216 4223 1323 4294 μὴν
1357 4224 1450 4276 καὶ
1478 4224 1642 4288 αὐτὸς
1677 4226 1811 4296 ἡμῖν
1844 4227 1873 4279 6

1984 1947 2047 1996 ut
2071 1943 2342 2012 scriptum
2372 1949 2460 1996 est
2501 1943 2564 1997 ι’.
2594 1942 2927 2012 Quicunque
2962 1957 3091 1997 vero
3124 1942 3253 1996 talis
3296 1941 3390 2005 sit,
3425 1941 3573 1994 hunc

1979 2031 2105 2101 jure
2131 2033 2276 2088 Deus
2306 2048 2370 2088 ac
2394 2031 2559 2089 Pater
2587 2034 2798 2104 diliget.
2833 2049 2935 2088 nec
2980 2034 3167 2089 minus
3201 2035 3330 2090 item
3367 2032 3568 2092 Filius.

1987 2122 2058 2179 Ut
2084 2125 2229 2180 enim
2263 2125 2434 2195 828
2463 2131 2549 2180 est
2581 2124 3098 2190 consubstantialis,
3133 2126 3208 2179 ita
3243 2132 3297 2180 et
3320 2124 3570 2194 ejusdem

1982 2224 2069 2272 est
2096 2230 2220 2272 cum
2246 2215 2508 2273 Genitore
2536 2233 2640 2272 suo
2671 2216 2995 2272 voluntatis.
3035 2216 3218 2274 Unius
3249 2217 3396 2272 enim
3440 2217 3572 2272 sub-

1983 2307 2203 2363 stantiae
2245 2322 2355 2363 una
2393 2307 2592 2378 utique
2623 2315 2714 2364 est
2745 2308 3028 2374 voluntas,
3064 2323 3324 2378 unusque
3364 2323 3570 2378 scopus

1983 2396 2040 2451 in
2067 2396 2348 2460 omnibus,
2384 2411 2490 2451 nec
2529 2395 2904 2468 discrepantia
2933 2398 3066 2461 ulla,
3092 2411 3202 2466 qua
3247 2397 3300 2450 iu
3348 2397 3569 2452 diversa

1984 2487 2255 2543 ferantur.
2313 2487 2689 2559 Quoscunque
2745 2505 2876 2544 vero
2928 2488 3229 2544 dilectione
3280 2504 3382 2543 sua
3423 2487 3570 2542 Deus

1981 2577 2240 2649 dignatus
2273 2576 2462 2644 fuerit,
2497 2577 2566 2632 iis
2610 2578 2828 2632 clarum
2865 2574 3154 2649 przem'ium
3197 2576 3460 2631 daturum
3509 2591 3570 2633 se

1981 2668 2298 2738 pollicetur,
2332 2682 2541 2738 eosque
2572 2667 2738 2724 donis
2787 2669 2939 2722 omni
2977 2667 3230 2723 oratione
3264 2667 3567 2736 majoribus

1980 2768 2397 2814 coronaturum.
2439 2778 2458 2810 ι
2507 2757 2874 2814 Manifestabo
2905 2759 3076 2820 enim,
3110 2759 3318 2829 inquit,
3363 2759 3409 2812 ei
3455 2774 3568 2813 me-

1980 2851 2181 2921 ipsum.
2216 2869 2234 2902 ι
2272 2849 2403 2904 Puri
2443 2850 2594 2907 enim
2652 2851 2798 2921 apud
2840 2866 3009 2922 puros
3038 2857 3202 2906 erunt
3249 2848 3318 2905 de
3353 2847 3444 2903 Dei
3480 2847 3567 2902 vi-

1979 2944 2133 2999 sione
2170 2958 2495 2998 sermones:
2534 2943 2850 3012 resplendet
2877 2959 3012 2998 vero
3043 2941 3306 2997 Christus
3352 2941 3409 2996 in
3466 2945 3564 3004 iis.

1978 3051 2076 3105 per
2125 3050 2285 3090 suum
2322 3050 2519 3105 nempe
2557 3034 2822 3104 Spiritum
2865 3033 2934 3088 ad
2977 3033 3158 3088 oliicia
3205 3034 3422 3104 singula
3470 3048 3568 3087 eos

1977 3125 2275 3187 deducens,
2301 3133 2358 3180 et
2392 3125 2658 3182 ineﬂ‘abili
2690 3125 3066 3181 illustratione
3097 3125 3341 3195 seipsum
3375 3137 3568 3178 eorum

1983 3217 2259 3273 mentibus
2315 3218 2573 3273 revelans
2635 3225 2803 3288 atque
2851 3217 3244 3271 manifestans.
3295 3213 3401 3281 Qui
3435 3228 3568 3268 vero

1981 3309 2150 3364 semel
2186 3323 2310 3364 eum
2357 3308 2725 3378 susceperint,
2758 3309 2903 3363 beati
2938 3319 2992 3364 et
3024 3307 3358 3377 spectabiles
3382 3315 3565 3360 erunt.

1981 3398 2136 3454 Talis
2160 3398 2292 3452 mihi
2326 3399 2546 3452 videtur
2575 3397 2745 3454 David
2783 3399 3069 3468 prepheta,
3103 3415 3226 3452 cum
3255 3399 3330 3451 ait
3365 3415 3379 3451 :
3420 3401 3569 3450 «Au-

1982 3490 2129 3546 diam
2180 3490 2311 3560 quid
2366 3489 2623 3560 loquatur
2663 3492 2718 3545 in
2763 3507 2850 3546 me
2907 3489 3178 3545 Dominus
3233 3488 3380 3544 Deus
3417 3488 3480 3540 ¹³.
3541 3505 3560 3538 ι
3661 3565 3664 3572 Ι

1982 3581 2129 3649 Quin
2184 3592 2238 3637 et
2287 3571 2408 3653 ipse
2456 3581 2678 3638 divitum
2732 3583 3039 3653 Apostolus
3082 3583 3378 3639 scribens:
3421 3599 3439 3632 ι
3481 3583 3564 3634 An

1979 3675 2417 3746 experimentum
2457 3675 2707 3745 quaeritis
2745 3676 2867 3745 ejus
2917 3676 3012 3746 qui
3066 3675 3122 3730 in
3181 3691 3268 3730 me
3320 3674 3567 3743 loquitur

1980 3765 2238 3822 Christus
2271 3766 2360 3820 “‘l
2397 3784 2416 3818 ι
2447 3765 2719 3836 Loquitur
2756 3769 2900 3823 enim
2931 3769 2983 3822 in
3013 3770 3221 3823 sanctis
3253 3783 3350 3837 per
3385 3765 3563 3836 Spiri-

1983 3865 2118 3920 tum,
2141 3864 2257 3910 tum
2277 3870 2397 3919 sua,
2427 3864 2539 3909 tum
2563 3857 2669 3910 alia
2704 3865 2964 3928 praeterea
2999 3861 3253 3915 revelans
3275 3859 3564 3930 mysteria.

1978 3946 2192 4004 Idcirco
2229 3949 2380 4004 enim
2439 3955 2495 4003 et
2549 3957 2812 4006 accurate
2868 3965 2932 4005 ea
2990 3951 3366 4020 intelligentes
3424 3950 3568 4006 alias

1976 4041 2198 4112 quidem
2233 4042 2431 4096 aiunt:
2473 4059 2494 4092 ι
2531 4039 2701 4096 Nobis
2747 4044 3012 4098 revelavit
3041 4042 3190 4100 Deus
3240 4059 3338 4114 per
3390 4040 3569 4112 Spiri-

1978 4144 2094 4191 tum
2112 4136 2179 4203 ¹⁵;
2195 4137 2366 4192 ιοίἰοε
2385 4151 2520 4191 vero
2540 4154 2584 4190 ε(
2601 4135 2706 4192 Νοε
2723 4136 2927 4192 Christi
2946 4153 3168 4194 sensum
3191 4136 3526 4201 habemus“,
3540 4154 3558 4188 ι

1979 4241 2203 4282 sensum
2237 4226 2443 4281 Christi
2473 4225 2744 4296 Spiritum
2777 4228 2899 4296 ejus
2925 4245 3050 4284 esse
3077 4229 3348 4285 dicentes.

292 4323 437 4386 θεῖος
469 4318 798 4374 ἐπιστέλλων
840 4315 1158 4379 Ἀπόστολος
1181 4332 1196 4347 ·
1251 4333 1269 4367 ι
1302 4315 1366 4368 Εἰ
1390 4315 1621 4385 δοκιμὴν
1653 4315 1870 4387 ζητεῖτε
1906 4316 2002 4371 τοῦ
2033 4319 2091 4370 ὲν
2117 4317 2242 4389 ἐμοὶ
2269 4317 2564 4384 λαλοῦντος
2590 4319 2866 4391 Χριστοῦς
2906 4340 2926 4374 ι
2965 4321 3133 4375 Λαλεῖ
3191 4320 3299 4391 γὰρ
3335 4319 3394 4371 ὲν
3453 4317 3565 4380 τοῖς

293 4415 472 4484 ἁγίοις
502 4413 590 4467 διὰ
615 4411 710 4465 τοῦ
741 4409 1058 4478 Πνεύματος
1085 4407 1156 4461 τὰ
1183 4407 1303 4462 καθ’
1339 4407 1551 4472 ἑαυτὸν,
1582 4409 1676 4462 καὶ
1710 4409 1874 4480 ἔτερα
1907 4410 1965 4464 δὲ
1993 4410 2130 4482 πρὸς
2150 4409 2358 4474 τούτοις
2388 4411 2791 4466 ἀποκαλύπτων
2857 4415 3152 4485 μυστήρια.
3220 4409 3322 4464 Διά
3345 4407 3454 4478 γάρ
3483 4422 3564 4460 τοι

291 4508 472 4570 τοῦτο,
503 4507 599 4559 καὶ
629 4502 880 4564 συνέντες
917 4499 1159 4571 ἀκριϐῶς
1195 4498 1370 4564 αὐτὰ,
1432 4499 1564 4553 ποτὲ
1621 4499 1724 4569 μὲν
1789 4501 2076 4570 λέγουσιν,
2121 4501 2203 4554 ὅτι
2275 4521 2294 4554 ι
2341 4503 2504 4574 Ἡμῖν
2561 4505 2660 4575 μὲν
2694 4504 3046 4575 ἀπεκάλυψεν
3086 4507 3114 4559 6
3154 4503 3289 4567 Θεὸς
3340 4503 3429 4558 διὰ
3469 4500 3564 4556 τοῦ

291 4597 643 4668 Πνεῦματος,
675 4615 694 4648 ι
749 4595 878 4648 ποτὲ
907 4594 964 4647 δὲ
988 4593 1182 4660 πάλιν,
1211 4613 1230 4645 ι
1283 4594 1474 4665 Ἡμεῖς
1501 4595 1558 4648 δὲ
1589 4594 1716 4650 νοῦν
1744 4592 1982 4665 Χριστοῦ
2007 4592 2224 4665 ἔχομεν,
2257 4612 2276 4644 ι
2307 4593 2433 4647 νοῦν
2464 4588 2605 4648 εἶναι
2638 4595 2890 4664 λέγοντες
2954 4596 3016 4650 τὸ
3074 4593 3300 4666 Πνεῦμα
3376 4593 3560 4648 αὑτοῦ.

364 4689 532 4759 Λέγει
560 4687 724 4754 αὐτῷ
758 4688 978 4756 Ἰούδας
998 4727 1013 4751 ,
1044 4690 1158 4756 οὐχ
1187 4687 1607 4757 όἹσκαριώτης
1626 4704 1642 4719 ·
1674 4689 1875 4758 Κύριε,

2053 4685 2194 4752 XIV,
2227 4686 2317 4742 22.
2353 4686 2495 4741 Dicit
2517 4689 2564 4742 ei
2592 4687 2789 4754 ludas,
2821 4706 2926 4743 non
2965 4690 3056 4743 ille
3087 4687 3417 4744 Iscariotes:
3450 4686 3565 4742 Do-

287 4783 353 4836 τι
374 4780 643 4850 γέγονεν,
673 4779 761 4833 ὅτι
779 4780 922 4850 ἡμῖν
948 4779 1198 4850 μέλλεις
1220 4779 1561 4849 ἐμφανίζειν
1587 4779 1872 4846 σεαυτὸν,

288 4874 390 4929 καί
419 4871 558 4940 οὐχί
586 4869 665 4937 τῷ
694 4872 938 4941 κόσμῳ;

373 4965 466 5031 Ἐξ
501 4963 724 5034 ἀγάπης
773 4963 872 5034 μὲν
911 4963 1126 5036 πρόεισι
1165 4960 1616 5033 φιλοπευστήσων
1647 4962 1674 5015 6
1700 4962 1878 5032 μαθη-

283 5055 421 5127 τὴς,
456 5054 600 5128 πλὴν
639 5054 742 5108 οὐκ
767 5054 1011 5126 ἀκριϐῶς
1053 5055 1248 5126 δρᾶται
1293 5054 1475 5119 συνεὶς
1500 5052 1596 5108 τοῦ
1624 5055 1878 5127 Σωτῆρος

279 5148 384 5204 τὸν
415 5147 596 5215 λόγον.
655 5147 716 5200 ⁸0
751 5146 850 5216 μὲν
883 5146 993 5218 γὰρ
1016 5146 1223 5215 Κύριος
1249 5145 1407 5217 ήμῶν
1441 5146 1650 5216 Ἰησοῦς
1691 5147 1720 5199 6
1743 5148 1880 5218 Χρι-

283 5236 417 5302 στὸς
441 5237 715 5308 ἐξαίρετόν
733 5253 857 5290 τινα
877 5238 988 5300 τοῖς
1004 5235 1178 5305 ἁγίοις
1199 5237 1511 5308 ὑπισχνεῖτο
1533 5235 1632 5308 τήν
1653 5237 1877 5305 γνῶσιν,

282 5328 387 5384 καὶ
400 5329 522 5398 οὐχὶ
535 5331 601 5399 τῇ
613 5327 724 5381 τῶν
739 5327 916 5383 ἄλλων
935 5327 1731 5400 παρεικασμένην.⁹1σχνότεροι
1770 5333 1880 5402 γάρ

283 5419 388 5474 καὶ
416 5419 560 5473 κατά
593 5420 729 5474 πολὺ
760 5419 1105 5492 διειδέστεροι
1133 5419 1244 5474 τῶν
1271 5420 1443 5474 θείων.
1463 5421 1779 5493 μυστηρίων
1825 5423 1876 5476 οἰ

282 5512 643 5584 χαρακτῆρες
672 5513 732 5566 ἄν
759 5514 871 5577 τοῖς
899 5511 1209 5584 ἀνθρώποις
1233 5515 1346 5578 τοῖς
1369 5513 1534 5579 θείοις
1565 5514 1878 5586 ἐκλάμπου-

1981 4779 2141 4841 mine,
2171 4777 2298 4847 quid
2338 4777 2540 4847 factum
2571 4791 2648 4834 cst
2689 4780 2817 4849 quia
2854 4781 3297 4851 manifestatum:
3326 4796 3380 4834 es
3414 4779 3563 4832 nobis

1984 4868 2208 4937 teipsum
2226 4906 2240 4930 ,
2280 4877 2331 4922 et
2359 4885 2462 4922 non
2492 4869 2688 4921 mundo
2708 4871 2734 4924 ?

2057 4957 2423 5015 Siscitaturus
2480 4959 2704 5030 quidem
2751 4959 3068 5016 dilectionis
3125 4960 3177 5015 vi
3233 4967 3287 5013 et
3321 4958 3562 5028 impulsu

1984 5051 2196 5106 accedit
2230 5050 2556 5122 discipulus,
2617 5052 2714 5108 sed
2774 5069 2885 5108 non
2935 5062 3190 5108 accurate
3252 5049 3563 5104 Servatoris

1975 5159 2286 5200 sermonem
2322 5159 2523 5214 capere
2551 5143 2789 5199 videtur.
2836 5143 3103 5198 Dominus
3166 5140 3310 5196 enim
3373 5149 3564 5194 noster

1973 5232 2137 5291 Jesus
2165 5233 2424 5289 Christus
2469 5233 2734 5288 eximiam
2770 5235 3071 5306 quamdam
3109 5231 3319 5289 sanctis
3372 5231 3562 5304 cegni-

1976 5327 2183 5384 tionem
2209 5325 2608 5396 pollicebatur,
2636 5343 2739 5384 nec
2783 5327 3018 5381 aliorum
3064 5324 3369 5395 cognitioni
3407 5325 3564 5382 simi-

1975 5419 2105 5474 lem.
2137 5415 2468 5476 Subtiliores
2495 5420 2700 5490 quippe
2725 5435 2788 5473 ac
2818 5419 2990 5473 multo
3032 5419 3300 5475 clariores
3340 5417 3564 5473 divino-

1981 5525 2105 5567 rum
2138 5511 2528 5583 mysteriorum
2563 5511 2916 5568 cbaracteres
2954 5512 3010 5567 in
3061 5510 3268 5568 divinis
3325 5508 3564 5568 homini-

362 5709 408 5741 “
449 5708 627 5785 [Cori
648 5725 768 5785 sint,
805 5711 892 5769 to.
971 5712 1029 5785 ξι.
1057 5710 1471 5785 Joan.xtv,_21.
1549 5715 1590 5750 ¹⁸
1624 5713 1786 5774 Deut.
1817 5712 2050 5785 111,”;
2080 5711 2272 5770 Matth.
2304 5728 2460 5784 xvm,
2497 5715 2582 5772 16.
2661 5716 2704 5755 ⁸⁸
2736 5714 3124 5778 Psal.t.xxxtv,
3157 5711 3214 5771 9.
3290 5708 3404 5769 “ll
3427 5708 3556 5768 Cor.

295 5793 418 5847 xm,
449 5781 506 5839 3.
584 5781 627 5814 ³⁵
668 5779 685 5835 l
716 5780 842 5837 Cor.
870 5798 934 5847 tt,
973 5781 1058 5838 10.
1113 5784 1156 5815 "
1190 5781 1327 5840 lbid.
1359 5783 1446 5840 16.
