4042 6204
429 381 536 438 287

1418 377 1475 430 s.
1503 371 1779 429 L‘YltlLLl
1819 366 2284 424 ALEXANDRINI
2326 370 2647 426 ARClIlEP.

3571 368 3685 426 288

429 500 532 554 bus
560 498 814 553 elucent:
844 497 898 551 in
933 497 1000 552 iis
1031 511 1161 551 vero
1191 497 1283 566 qui
1320 497 1561 550 nondum
1588 495 1654 548 ad
1686 508 1805 548 eam
1845 506 1994 543 men-

2103 506 2184 540 σιν
2211 505 2224 518 ’
2286 491 2342 543 ἐν
2364 491 2420 542 δὲ
2445 491 2560 553 τοῖς
2583 488 2736 541 οὔπω
2771 489 2905 559 πρὸς
2935 486 3095 540 τοῦτο
3129 485 3346 555 φρενῶν
3370 486 3679 559 καθαρότη-

428 591 497 642 tis
532 588 821 657 puritatem
881 589 1249 658 pervenerint,
1287 596 1345 640 ut
1398 585 1765 655 cognitionem
1806 599 1996 638 eorum

425 695 547 749 quae
583 680 887 731 orationem
929 686 1190 747 superant
1233 677 1378 730 dono
1413 675 1654 746 Spiritus
1682 675 1826 728 clare
1877 689 1999 742 per-

422 773 610 840 cipere
645 781 873 840 queant,
915 771 1146 839 simplex
1177 770 1418 840 cognitio
1449 776 1746 837 spectatur,
1791 783 1911 836 quae
1946 768 1997 820 in

423 879 487 915 eo
528 870 738 916 tantum
769 862 907 917 forte
946 871 1197 916 versatur
1240 863 1383 931 quod
1421 862 1604 916 sciunt
1651 860 1819 915 Deum
1879 875 1999 915 esse

423 952 726 1020 Christum,
750 962 804 1008 et
833 953 1031 1006 Filium
1060 969 1246 1009 revera
1269 953 1566 1008 secundum
1598 962 1848 1006 naturam
1881 951 1995 1005 Dei.

426 1041 563 1097 Cum
601 1045 768 1113 igitur
802 1053 1012 1099 tantum
1038 1046 1376 1100 discriminis
1414 1045 1735 1110 intercedat,
1776 1055 1832 1099 et
1876 1046 1997 1096 vul-

429 1134 644 1202 garium
679 1135 962 1190 hominum
999 1137 1241 1204 cognitio
1280 1137 1508 1190 multum
1565 1135 1633 1190 ab
1662 1150 1723 1189 ea
1772 1149 1893 1203 quae
1944 1133 1998 1186 in

429 1227 642 1280 sanctis
675 1228 920 1281 cernitur
946 1228 1236 1289 dissideat,
1263 1228 1415 1280 nullo
1448 1236 1627 1280 tamen
1680 1225 1999 1280 discrimine

429 1314 738 1384 discipulus
769 1317 980 1371 accedit
1005 1333 1200 1387 rogans
1221 1317 1577 1386 quamobrem
1606 1331 1713 1370 non
1743 1317 1999 1371 omnibus

428 1407 766 1473 hominibus,
809 1408 900 1462 sed
936 1407 1070 1463 solis
1119 1415 1328 1459 tantum
1366 1406 1576 1460 sanctis
1627 1406 1997 1460 revelaturum

427 1512 488 1552 se
518 1498 864 1567 polliceatur.
893 1497 1026 1550 Illud
1058 1511 1210 1559 vero,
1240 1514 1258 1548 σ
1292 1495 1419 1566 quid
1454 1495 1656 1550 factum
1684 1507 1787 1559 est,
1827 1516 1845 1548 ι
1874 1511 1998 1550 cum

427 1589 540 1652 ait,
594 1588 762 1659 829
820 1589 924 1643 tale
976 1588 1236 1658 quiddam
1289 1588 1519 1642 innuere
1567 1589 1706 1642 velle
1737 1588 1994 1641 videtur:

428 1679 641 1750 Scopus
677 1682 753 1733 tui
800 1679 865 1732 ad
915 1695 1016 1734 nos
1052 1679 1318 1734 adventus
1379 1679 1474 1732 tibi
1519 1687 1624 1744 est,
1655 1693 1689 1732 o
1734 1677 1996 1744 Domine,

427 1784 537 1824 non
600 1775 660 1822 ut
713 1767 992 1837 aliquibus
1047 1768 1278 1822 scorsim
1332 1778 1493 1822 notus
1547 1767 1682 1830 ﬁas,
1722 1767 1997 1836 aliquibus

2099 598 2190 644 τος
2221 581 2561 650 ἀφιγμένοις,
2589 580 2664 643 ὼς
2686 579 2827 631 ἑλεῖν
2842 577 3102 631 δύνασθαι
3124 577 3390 649 λαμπρῶς
3403 578 3514 631 τῶν
3539 580 3680 652 ὑπὲρ

2099 673 2252 739 λόγον
2281 673 2376 742 τὴν
2407 671 2611 741 είδησιν
2644 671 2731 725 διὰ
2761 672 2862 741 τῆς
2895 670 2987 723 τοῦ
3011 669 3329 739 Πνεύματος
3363 669 3595 741 δωρεᾶς.
3623 674 3682 725 ὲν

2100 765 2290 827 ἁπλοῖς
2321 766 2354 834 ἡ
2405 763 2606 831 γνῶσις
2634 764 2826 834 ὁρᾶται
2851 761 3132 831 λογισμοῖς
3154 800 3168 822 ,
3222 763 3315 814 καὶ
3347 763 3491 814 κατά
3521 765 3681 832 μόνον

2099 855 2216 907 ἐστὶ
2245 855 2306 908 τὸ
2349 855 2549 908 εἰδέναι
2577 855 2736 925 τυχὸν
2771 853 2854 907 ὅτι
2879 853 3012 915 Θεός
3045 853 3193 904 ἐστιν
3221 855 3249 906 0
3291 853 3545 924 Χριστὸς,
3587 856 3682 908 καὶ

2101 945 2228 1008 Υἱὸς
2251 945 2465 1016 ἀληθῶς
2496 944 2590 997 τοῦ
2625 943 2766 997 κατὰ
2789 941 2950 1012 φύσιν
2971 941 3130 995 Θεοῦ.
3155 943 3436 1013 Τοσαύτης
3463 960 3682 1014 τοιγαρ-

2099 1035 2192 1088 οῦν
2218 1035 2419 1106 μεταξὺ
2453 1034 2738 1105 χωρούσης
2783 1034 2882 1104 τῆς
2908 1031 3174 1102 διαφορᾶς
3195 1075 3208 1095 .
3252 1035 3347 1086 καὶ
3371 1033 3511 1087 κατὰ
3546 1033 3679 1088 πολὺ

2099 1130 2442 1203 διειργούσης
2474 1130 2581 1182 τῶν
2621 1128 2890 1196 ἀγελαίων
2932 1128 3030 1198 τὴν
3074 1127 3277 1197 γνῶσιν
3315 1127 3416 1197 τῆς
3459 1129 3516 1178 ἐν
3565 1129 3679 1188 τοῖς

2101 1222 2276 1289 ἁγίοις
2307 1219 2717 1290 θεωρουμένης,
2761 1219 3134 1290 ἀδιαφορήσας
3175 1221 3204 1271 0
3239 1217 3491 1289 μαθητὴς
3519 1219 3679 1286 πρόσ-

2099 1330 2238 1366 εισιν
2260 1311 2478 1384 ἐρωτῶν
2501 1311 2614 1365 ἀνθ’
2642 1311 2762 1364 ὅτου
2786 1310 2861 1382 μὴ
2887 1313 3052 1365 πᾶσιν
3081 1314 3193 1374 τοῖς
3215 1310 3355 1364 κατά
3383 1313 3482 1381 τὴν
3505 1313 3679 1364 οἰκουο

2105 1403 2272 1474 μένην
2325 1402 2698 1471 ἁποκαλύψειν
2736 1401 2962 1466 ἑαυτὸν,
3025 1402 3208 1472 μόνοις
3241 1402 3298 1456 δὲ
3344 1405 3455 1465 τοῖς
3503 1403 3680 1470 ἁγίοις

2101 1493 2516 1564 ἐπαγγέλλεται.
2573 1494 2648 1546 Τὸ
2677 1495 2734 1547 δὲ
2772 1513 2789 1546 ι
2819 1495 2872 1547 τί
2903 1494 3124 1563 γέγονεν
3155 1513 3172 1546 ι
3211 1494 3485 1556 ἀναϐοῶν,
3535 1494 3678 1546 ἔοικέ

2099 1606 2151 1641 τι
2182 1586 2423 1640 τοιοῦτον
2453 1585 2861 1639 ύπαινίττεσθαι
2903 1585 3100 1640 Θέλειν.
3156 1586 3363 1648 Σκοπός
3398 1602 3502 1649 σοι,
3523 1587 3676 1656 φησὶ,

2099 1683 2197 1751 τῆς
2225 1681 2303 1743 εἰς
2339 1680 2486 1748 ἡμᾶς
2523 1677 2792 1746 ἀφίξεως,
2825 1671 2870 1730 ὦ
2908 1677 3189 1741 Δέσποτα,
3219 1676 3279 1730 τὺ
3327 1677 3401 1748 μὴ
3437 1678 3545 1730 τισὶ
3582 1679 3680 1747 μὲν

2101 1771 2205 1826 ἀνὰ
2235 1771 2400 1842 μέρος
2419 1768 2802 1838 γινώσκεσθαι,
2828 1768 2938 1821 τισὶ
2957 1767 3011 1821 δὲ
3031 1768 3215 1820 οὐκέτι
3239 1784 3252 1797 ”
3278 1769 3549 1838 ἠκούομεν
3571 1769 3680 1836 γὰρ

427 1880 536 1918 non
574 1863 736 1918 item:
773 1863 1084 1918 audivimus
1123 1863 1326 1933 quippe
1357 1863 1408 1916 in
1444 1862 1765 1932 prophetis:
1800 1880 1818 1912 ι
1856 1861 1994 1928 Quia

2103 1867 2158 1917 ὲν
2186 1828 2522 1935 προφήταιςο
2559 1881 2577 1914 ι
2607 1862 2731 1914 Ὀτι
2761 1828 2953 1930 δφεται
2981 1861 3132 1914 πᾶσα
3161 1828 3378 1931 σάρξυτὺ
3411 1828 3679 1931 σέυτὴῥιοίι

427 1955 630 2012 videbit
679 1955 859 2010 omnis
900 1970 1030 2010 caro
1068 1956 1308 2010 salutare
1336 1954 1431 2009 Dei
1455 1956 1539 2022 ";
1595 1973 1614 2005 ι
1660 1954 1753 2010 sed
1792 1962 1844 2009 et
1879 1953 1995 2024 ipse

426 2048 700 2102 clamabas
743 2048 972 2102 dicens:
1017 2066 1035 2098 ι
1091 2046 1279 2101 Gaude
1308 2057 1361 2101 et
1421 2047 1626 2111 laetare,
1676 2045 1783 2099 lilia
1839 2045 1992 2110 Sion,

427 2141 557 2210 quia
585 2155 715 2194 ecce
749 2155 849 2208 ego
871 2139 1052 2202 venio,
1081 2148 1136 2194 et
1160 2139 1425 2193 habitabo
1446 2140 1498 2193 in
1528 2139 1709 2193 medio
1736 2140 1834 2200 tui,
1861 2138 1996 2194 dicit

429 2228 713 2295 Dominus,
747 2238 798 2282 et
829 2231 1146 2301 confugient
1179 2239 1372 2302 gentes
1393 2232 1576 2285 multa:
1603 2231 1669 2285 ad
1702 2231 1995 2285 Dominum

427 2321 480 2376 in
512 2321 601 2376 die
628 2322 741 2384 illa,
766 2333 818 2377 et
841 2333 1001 2376 erunt
1022 2322 1069 2376 ei
1107 2325 1159 2376 in
1187 2324 1443 2392 populum
1473 2325 1534 2378 “.
1585 2344 1602 2376 ›
1641 2323 1744 2395 Ipsi
1780 2341 1998 2396 quoque

423 2411 742 2481 congregati
802 2412 1028 2466 auribus
1084 2413 1293 2466 nostris
1348 2413 1695 2477 audivimus,
1753 2429 1876 2467 cum
1929 2413 1997 2467 ad

426 2516 529 2557 nos
559 2501 807 2556 diceres:
851 2522 870 2554 ‹
908 2501 1142 2567 Quando
1195 2503 1464 2557 exaltatus
1503 2505 1656 2558 fuero
1717 2504 1784 2559 de
1832 2514 1996 2572 terra,

426 2593 611 2648 omnia
643 2593 855 2646 traham
883 2593 949 2646 ad
984 2594 1252 2664 meipsum
1277 2595 1340 2647 ¹⁹.
1375 2614 1393 2646 ›
1428 2594 1571 2660 Quin
1605 2605 1659 2650 et
1684 2596 1750 2650 ad
1780 2594 1998 2652 Iudaeos

427 2688 612 2743 dixisti
653 2707 664 2742 :
703 2707 720 2740 ι
741 2686 878 2754 Quia
905 2697 956 2744 et
986 2690 1121 2744 alias
1147 2705 1274 2744 oves
1296 2690 1472 2744 habeo
1495 2707 1614 2760 quae
1640 2707 1749 2745 non
1777 2702 1905 2747 sunt
1933 2709 1996 2747 ex

425 2779 532 2833 hoc
564 2779 734 2833 ovili:
775 2787 830 2832 et
885 2780 1008 2833 illas
1063 2788 1278 2849 oportet
1341 2797 1428 2836 me
1467 2783 1762 2848 adducere,
1797 2793 1851 2838 et
1910 2785 2000 2838 fiet

427 2885 598 2922 unum
643 2870 808 2932 ovile,
858 2877 912 2924 et
957 2886 1100 2925 unus
1149 2873 1421 2940 pastor".
1473 2892 1492 2924 ›
1537 2873 1673 2928 Cum
1729 2875 1894 2944 igitur
1943 2878 1998 2932 in

426 2974 619 3014 omnes
653 2961 829 3030 gratia
860 2976 954 3030 per
989 2973 1039 3015 te
1068 2970 1356 3015 manatura
1392 2971 1670 3032 speretur,
1701 2979 2000 3036 omnesque

428 3052 495 3106 ad
527 3051 624 3107 Dei
661 3053 1032 3123 cognitionem
1067 3063 1457 3126 congregatum
1486 3057 1553 3110 iri
1585 3064 1642 3111 tu
1672 3058 1831 3113 nobis
1855 3059 2002 3115 clare

2096 1955 2190 2010 τοῦ
2227 1955 2382 2009 Θεοῦ.
2420 1974 2438 2006 ι
2470 1955 2629 2008 Ἀλλά
2657 1954 2751 2007 καὶ
2777 1953 2940 2018 αὐτὸς
2964 1952 3192 2022 ὲφώνεις
3224 1952 3391 2024 βοῶν·
3422 1971 3439 2005 ι
3466 1953 3678 2024 Τέρπου

2099 2051 2192 2103 καὶ
2218 2048 2541 2119 εὐφραίνου,
2573 2047 2810 2117 θύγατερ
2832 2047 2992 2111 Σιὼν,
3025 2045 3109 2098 ὃτι
3139 2045 3247 2099 ἰδοὺ
3277 2042 3388 2114 ἐγὼ
3413 2043 3674 2115 ἔρχομαι,

2100 2143 2192 2196 καὶ
2236 2139 2644 2211 κατασκηνώσω
2676 2142 2735 2192 ὲν
2772 2139 2920 2210 μέσῳ
2957 2156 3082 2202 σου,
3136 2139 3282 2207 λέγει
3323 2138 3556 2206 Κύριος,
3581 2138 3675 2191 καὶ

2099 2233 2528 2302 καταφεύξονται
2570 2231 2696 2303 ἔθνη
2739 2231 2908 2285 πολλά
2953 2232 3090 2303 πρὸς
3130 2231 3221 2284 τὸν
3251 2230 3453 2300 Κύριον
3498 2233 3556 2283 ὲν
3606 2233 3673 2300 τῇ

2099 2327 2281 2398 ἡμέρᾳ
2314 2327 2515 2399 ἐκείνῃ,
2544 2325 2637 2378 καὶ
2662 2323 2872 2377 ἔσονται
2909 2321 3057 2392 αύτῷ
3090 2323 3169 2384 είς
3189 2321 3336 2376 λαόν.
3363 2340 3382 2372 ι
3418 2319 3678 2381 Συνόντες

2098 2419 2153 2473 δὲ
2189 2420 2281 2473 καὶ
2313 2417 2774 2490 συνδιατρίϐοντες
2819 2417 3074 2486 αὐτήκοοι
3098 2415 3198 2485 τῆς
3244 2416 3343 2484 σῆς
3375 2411 3680 2481 γεγενημέ-

2100 2528 2178 2565 νοι
2207 2511 2392 2580 φωνῆς
2413 2553 2428 2576 ,
2473 2510 2600 2564 ὅταν
2656 2509 2791 2580 πρὸς
2823 2509 2969 2578 ἡμᾶς
3008 2506 3178 2574 ἔφηςο
3227 2524 3244 2554 ι
3271 2505 3439 2557 Ὅταν
3477 2502 3676 2572 ὑψωθῶ

2101 2603 2164 2654 ὲκ
2187 2599 2287 2669 τῆς
2324 2601 2429 2670 γῆς
2451 2641 2465 2658 ,
2518 2599 2726 2662 πάντας
2757 2597 2969 2651 ἑλκύσω
3003 2597 3138 2667 πρὸς
3168 2596 3424 2666 ἐμαυτόν.
3456 2613 3475 2646 ι
3519 2594 3678 2647 Ἀλλά

2101 2693 2195 2746 καὶ
2227 2693 2361 2763 πρὸς
2392 2691 2589 2751 αὐτοὺς
2612 2690 2832 2760 εἴρηκεν
2868 2689 3183 2751 ’ἰουδαίουςο
3222 2707 3241 2738 ‹
3273 2688 3394 2740 Ὀτι
3430 2685 3523 2739 καὶ
3544 2685 3677 2740 ἄλλα

2102 2784 2348 2856 πρόϐατα
2368 2782 2534 2853 ἕχω,ἃ
2553 2784 2652 2836 ούκ
2674 2782 2818 2834 ἐστιν
2835 2782 2898 2834 ὲκ
2915 2781 3014 2850 τῆς
3031 2780 3200 2851 αὐλῆς
3217 2777 3676 2848 ταύτης.κάκεῖνά

2105 2889 2171 2941 με
2201 2871 2280 2924 δεῖ
2299 2873 2556 2940 ἀγαγεῖν,
2589 2872 2682 2924 καὶ
2708 2871 3026 2942 γενήσονται
3058 2870 3154 2940 μία
3178 2869 3380 2940 ποίμνη
3400 2909 3414 2934 ,
3448 2864 3526 2932 εἷς
3555 2886 3677 2922 ποι-

2105 2965 2230 3036 μήν.
2272 2985 2290 3017 ι
2329 2964 2537 3019 Οὐκοῦν
2582 2966 2671 3018 ἐπὶ
2706 2965 2913 3029 πάντας
2965 2964 3184 3018 ἔσεσθαι
3223 2963 3679 3035 προσδοκωμένης

2101 3058 2198 3129 τῆς
2223 3057 2310 3111 διὰ
2347 3057 2440 3111 σοῦ
2487 3058 2738 3130 χάριτος,
2786 3058 2879 3111 καὶ
2928 3057 3133 3121 πάντας
3181 3053 3678 3126 σαγηνευθήσεσθαι

428 3145 789 3215 promiseris,
842 3155 897 3202 et
955 3157 1274 3202 sanctorum
1323 3149 1711 3220 pr0phetarum
1765 3152 1818 3206 id
1867 3169 1999 3209 vooe

2105 3150 2241 3220 πρὸς
2260 3150 2608 3217 θεογνωσίαν,
2633 3150 2726 3202 σοῦ
2750 3167 2808 3202 τε
2833 3151 2962 3221 ἡμῖν
2985 3148 3452 3219 ἐπαγγειλαμένου
3472 3147 3675 3216 σαφῶς,

427 3235 810 3299 confirmetur.
843 3238 974 3309 quid
1011 3239 1216 3294 factum
1253 3242 1378 3296 est?
1407 3257 1648 3312 quonam
1698 3244 1866 3311 abiit,
1916 3246 2002 3300 in-

427 3327 569 3398 quit,
625 3337 718 3382 aut
773 3346 1011 3401 quonam
1079 3333 1384 3388 translatus
1452 3344 1538 3390 est
1608 3337 2000 3404 promissionis

435 3420 675 3488 scopus?
716 3437 818 3476 cur
860 3437 992 3477 vero
1041 3439 1150 3477 non
1205 3425 1460 3480 omnibus
1515 3427 1852 3495 hominibus,
1905 3429 1998 3484 sed

427 3511 588 3564 nobis
614 3510 882 3566 duntaxat
907 3522 958 3566 te
987 3513 1352 3569 manifestas?
1376 3514 1478 3571 Hic
1507 3533 1637 3586 ergo
1669 3534 1863 3575 sensus
1893 3527 1998 3586 est,

427 3599 653 3669 opinor,
693 3602 987 3656 verborum
1041 3603 1300 3673 discipuli
1341 3605 1514 3678 :quid
1556 3618 1738 3663 autem
1790 3624 1819 3662 a
1872 3625 2000 3665 vera

428 3691 700 3744 sententia
726 3707 848 3746 eum
887 3693 1197 3760 abduxerit,
1223 3713 1404 3765 operae
1447 3701 1680 3768 pretium
1707 3710 1790 3756 est
1825 3713 2003 3758 osten-

427 3782 576 3837 dere.
596 3782 859 3840 Dominus
884 3794 1072 3840 noster
1091 3786 1250 3844 Jesus
1269 3787 1532 3846 Christus
1563 3792 1773 3848 dixerat
1796 3813 1808 3850 :
1839 3815 1856 3847 ι
1890 3795 2002 3850 Mo-

425 3874 713 3940 dicum,et
761 3879 999 3934 mundus
1042 3895 1130 3936 me
1179 3883 1292 3950 jam
1355 3899 1463 3937 non
1514 3885 1703 3952 videt;
1771 3903 1866 3942 vos
1912 3903 2003 3943 au-

427 3969 536 4019 tem
596 3964 795 4020 videtis
846 3984 932 4022 me
965 3971 1033 4024 ²¹.
1087 3989 1106 4022 ι
1157 3972 1322 4042 Atqui
1379 3973 1733 4030 manifestum
1797 3986 1882 4032 est
1927 3977 2000 4033 ibi

427 4069 553 4109 eum
585 4058 847 4112 mundum
877 4061 1082 4128 dicere,
1125 4079 1233 4117 non
1269 4081 1458 4121 omnes
1491 4067 1585 4136 qui
1623 4069 1675 4122 in
1717 4077 1864 4124 terra
1902 4071 2000 4126 de-

429 4155 562 4217 gunt
614 4149 867 4207 homines
900 4171 912 4206 :
956 4168 1146 4208 omnes
1182 4156 1383 4226 quippe
1424 4157 1550 4212 boni
1589 4174 1654 4214 ac
1692 4161 1818 4214 mali
1873 4170 2004 4217 sunt

427 4241 483 4296 in
515 4243 618 4297 hoc
645 4243 882 4314 mundo;
913 4248 1009 4302 sed
1047 4248 1310 4303 mundum
1340 4265 1437 4304 eos
1466 4254 1786 4308 nominasse
1818 4254 2000 4322 potius

427 4334 518 4402 qui
554 4341 774 4391 terrena
818 4339 1040 4407 sapiunt
1063 4341 1130 4402 ¹¹,
1163 4349 1218 4396 et
1238 4343 1331 4412 qui
1366 4345 1596 4399 vanitati
1627 4347 1820 4400 mundi
1845 4363 2000 4402 suam

426 4434 662 4481 mentem
697 4428 1017 4496 subjiciunt.
1062 4429 1178 4486 lloc
1213 4433 1380 4504 igitur
1405 4451 1528 4488 cum
1563 4452 1670 4491 non
1719 4437 1857 4494 satis
1905 4453 2001 4493 ca-

428 4525 584 4587 peret
640 4519 983 4588 discipulus,
1032 4523 1370 4578 existimavit
1422 4528 1603 4595 ipsum
1659 4528 1887 4592 dicere,
1941 4545 2002 4585 se

428 4608 766 4676 reliquorum
800 4613 1046 4668 omnium
1086 4615 1368 4670 hominum
1411 4619 1610 4680 oculis,
1648 4619 2000 4677 interioribus

428 4699 731 4766 nimirum,
784 4711 990 4760 tectum
1055 4709 1164 4773 iri,
1224 4717 1278 4764 et
1347 4709 1832 4780 inconspicabilem
1885 4712 2000 4768 fore

429 4806 683 4862 prorsus.
719 4812 822 4852 nec
850 4799 942 4852 ulli
980 4801 1258 4870 cognitum
1305 4801 1370 4855 iri
1419 4802 1524 4857 nisi
1576 4803 1692 4858 suis
1732 4802 2002 4858 duntaxat

430 4885 749 4957 discipulis:
787 4890 901 4946 haec
931 4893 1296 4962 ignorationis
1333 4895 1383 4949 ei
1414 4909 1582 4950 causa
1626 4895 1753 4948 fuit.
1789 4895 2006 4967 Quippe

430 4977 480 5033 si
510 4978 868 5037 intellexisset
921 4983 1103 5049 initio,
1156 5001 1265 5038 non
1297 4985 1486 5055 utique
1531 4987 1860 5041 accessisset
1911 5003 2005 5041 ro-

430 5083 610 5138 gans:
649 5089 669 5122 ι
697 5071 836 5138 Quid
872 5071 1075 5126 factum
1117 5083 1221 5140 est,
1273 5075 1403 5144 quia
1453 5075 1907 5130 manifestaturus
1946 5092 2007 5132 es

428 5161 589 5214 nobis
619 5163 876 5232 teipsum,
914 5171 968 5218 et
1002 5181 1110 5219 non
1138 5167 1377 5220 mundo?
1399 5186 1416 5218 ›
1449 5169 1507 5220 ln
1529 5183 1645 5222 eam
1676 5168 1844 5237 igitur
1874 5183 2002 5221 sen-

428 5250 655 5302 tentiam
705 5252 974 5308 adductus
1026 5264 1152 5319 est,
1195 5255 1352 5324 juxta
1388 5258 1570 5311 tritam
1625 5269 1678 5312 et
1725 5257 1999 5326 vulgatam

429 5337 691 5404 loquendi
722 5346 1182 5400 consuetudinem
1221 5347 1373 5402 vocis
1403 5347 1568 5416 hujus
1601 5349 2002 5417 signiﬁcatione

431 5427 732 5486 intellecta.
779 5433 1038 5491 Mundum
1097 5438 1300 5509 quippe
1340 5439 1504 5508 vulgo
1539 5442 1826 5495 nominare
1860 5441 2005 5495 sole-

430 5531 575 5584 mus,
624 5531 818 5578 omnes
866 5525 959 5596 qui
1008 5527 1064 5582 in
1099 5529 1358 5586 universo
1410 5529 1616 5586 mundo
1656 5538 1806 5599 sunt,
1863 5529 2004 5585 utsi

504 5693 548 5727 "
567 5690 692 5773 _l§a.
723 5717 809 5773 XL,
840 5703 892 5762 5.

1006 5704 1048 5738 "
1087 5702 1319 5762 Zachar.
1354 5720 1414 5775 ιι,
1448 5707 1529 5774 10,
1573 5708 1658 5763 11.

433 5779 523 5835 In,
562 5763 648 5823 19.

1778 5709 1818 5792 ‘_’
1857 5706 2012 5765 Joan.
2052 5709 2120 5774 ι’,
2156 5705 2246 5762 52.

2103 3245 2197 3296 καὶ
2239 3243 2338 3312 τῆς
2390 3243 2496 3296 τῶν
2552 3243 2724 3311 ἁγίων
2783 3241 3080 3313 προφητῶν
3132 3240 3680 3312 διαμαρτυρουμένης

2104 3335 2308 3404 φωνῆς,
2341 3335 2392 3386 τί
2418 3334 2606 3402 γέγονε
2627 3375 2641 3396 ,
2699 3337 2774 3405 πῆ
2804 3334 2867 3404 δὴ
2899 3333 3163 3404 μετέστη,
3192 3331 3357 3402 φησὶ,
3389 3333 3485 3385 καὶ
3515 3348 3678 3402 μετα·

2101 3425 2337 3479 τέθειται
2362 3429 2461 3495 τῆς
2503 3426 2834 3493 ἐπαγγελίας
2857 3427 2884 3478 0
2908 3426 3107 3488 σκοπός
3134 3442 3147 3490 ;
3199 3425 3264 3477 Τί
3289 3424 3344 3476 δὲ
3381 3425 3478 3494 ούχ
3506 3425 3678 3478 ἅπασι

2103 3518 2214 3578 τοῖς
2243 3515 2383 3569 κατά
2402 3515 2492 3568 τὸν
2515 3516 2716 3585 κόσμον
2737 3516 3053 3586 ἐμφανίζεις
3076 3515 3319 3577 σεαυτὸν,
3345 3514 3480 3568 ἀλλὰ
3498 3516 3680 3586 μόνοις

2103 3609 2234 3679 ἡμῖν
2261 3627 2274 3674 ;
2312 3601 2480 3671 Οὗτος
2505 3609 2602 3677 μὲν
2630 3604 2742 3675 οὖν,
2776 3609 2868 3662 καὶ
2897 3610 2995 3678 οὐχ
3017 3609 3222 3678 ἔτερος,
3254 3603 3428 3678 οἶμαι,
3457 3609 3562 3661 τῶν
3583 3609 3678 3661 τοῦ

2107 3699 2348 3772 μαθητοῦ
2387 3701 2647 3771 ῥημάτων
2678 3701 2706 3753 0
2743 3699 2865 3764 νοῦς
2885 3716 2898 3730 ·
2940 3700 2990 3752 τί
3017 3700 3071 3752 δὲ
3101 3701 3208 3770 ἄρα
3251 3699 3310 3752 τὸ
3334 3700 3682 3769 ἀποκομίσαν

2103 3792 2265 3846 αὐτὸν
2313 3791 2413 3860 τῆς
2460 3789 2692 3861 ἀληθοῦς
2740 3790 3074 3861 διαλήψεως,
3118 3791 3439 3862 παραδεῖξαι
3493 3790 3676 3844 καλόν.

2116 3883 2173 3936 '0
2212 3883 2310 3954 μὲν
2337 3883 2444 3954 γάρ
2475 3881 2678 3953 Κύριος
2700 3883 2857 3952 ἡμῶν
2893 3881 3099 3951 Ἰησοῦς
3129 3882 3157 3934 0
3190 3883 3422 3955 Χριστὸς
3449 3881 3677 3950 ἔφασκε⁹

2111 3992 2129 4024 ‹
2160 3972 2372 4043 Μικρὸν
2395 4013 2409 4036 ,
2454 3972 2549 4024 καλ⁵
2575 3974 2602 4025 0
2630 3972 2833 4042 κόσμος
2868 3989 2935 4042 με
2957 3972 3140 4025 ούκέτι
3173 3972 3394 4046 θεωρεῖ,
3437 3975 3592 4042 ὑμεῖς
3621 3973 3679 4025 δὲ

2104 4065 2359 4136 θεωρεῖτέ
2396 4081 2482 4134 με.
2517 4083 2534 4116 ι
2579 4063 2716 4116 Ἀλλ’
2742 4059 2811 4134 ἦν
2842 4063 3010 4134 δήπου
3036 4065 3128 4116 καὶ
3159 4065 3304 4133 μάλα
3345 4065 3527 4131 σαφῶς
3564 4063 3676 4134 [τον.

2107 4155 2315 4227 σαφὲς],
2337 4157 2416 4208 ὃτι
2444 4155 2646 4224 κόσμον
2675 4155 2731 4207 ὲν
2751 4153 2980 4219 τούτοις,
2999 4156 3119 4224 οὐχὶ
3143 4157 3349 4219 πάντας
3376 4158 3501 4219 τοὺς
3521 4156 3680 4219 ὄντας

2103 4247 2160 4299 ὲν
2189 4247 2326 4316 τῷδε
2345 4245 2422 4316 τῷ
2453 4245 2553 4316 βίῳ
2595 4246 2778 4315 φησὶν,
2801 4246 2920 4316 ῆτοι
2952 4245 3252 4309 διαξῶντας
3279 4247 3371 4299 ὲπὶ
3399 4250 3499 4316 τῆς
3531 4246 3636 4316 γῆς

2104 4337 2307 4399 πάντες
2341 4337 2449 4408 γάρ
2481 4338 2618 4390 εἰσιν
2651 4337 2708 4389 ὲν
2740 4335 2874 4406 τῷδε
2919 4337 2998 4407 τῷ
3029 4337 3218 4407 κόσμῳ
3247 4339 3471 4409 πονηροί
3500 4355 3558 4390 τε
3585 4337 3681 4390 κα)⁵

2104 4426 2298 4495 ἀγαθοί
2318 4443 2331 4457 ο
2378 4427 2580 4497 κόσμον
2608 4427 2664 4479 δὲ
2697 4426 2949 4496 ὠνόμασε
2980 4426 3178 4497 μᾶλλον
3206 4428 3331 4491 τοὺς
3378 4429 3443 4482 τὰ
3465 4429 3681 4497 ἐπίγεια

2106 4521 2322 4590 φρονεῖν
2368 4517 2906 4588 ἀναπεπεισμένους,
2965 4517 3058 4574 καὶ
3101 4521 3166 4588 τῇ
3218 4519 3536 4588 ματαιότητι
3581 4517 3680 4571 τοῦ

2107 4609 2312 4678 κόσμου
2339 4609 2400 4661 τδ
2425 4609 2620 4661 οίκεῖον
2645 4607 3038 4673 ὑποζεύξαντες
3076 4609 3346 4680 φρόνημα.
3373 4609 3540 4662 Τοῦτο
3567 4627 3685 4662 τοις

2107 4700 2311 4770 γαροῦν
2361 4700 2422 4753 ού
2455 4700 2657 4771 σφόδρα
2700 4701 2880 4764 συνεὶς
2923 4701 2951 4753 0
2995 4700 3269 4771 μαθητὴς,
3315 4701 3464 4772 ᾠήθη
3501 4701 3684 4769 λέγειν

2107 4792 2299 4854 αὐτὸν,
2345 4792 2564 4846 ὅτιτῶν
2592 4793 2689 4863 μὲν
2731 4792 2904 4846 ἄλλων
2948 4792 3205 4846 ἁπάντων
3252 4793 3586 4864 ἀνθρώπων,
3632 4793 3685 4847 οἳ

2111 4881 2205 4936 καὶ
2233 4881 2381 4936 τόνδε
2408 4882 2500 4935 τὸν
2526 4881 2798 4952 περίγειον
2820 4881 3027 4934 οίκοῦσι
3058 4881 3253 4952 χῶρον,
3285 4884 3376 4936 τὸν
3404 4883 3688 4952 ὀφθαλμὸν

2107 4973 2449 5043 διαλήσεται,
2498 4973 2641 5043 φημί
2669 4973 2725 5025 δὲ
2760 4973 2853 5026 τὸν
2883 4972 2990 5026 ἔσω
3020 4973 3115 5026 καὶ
3145 4973 3561 5044 κεκρυμμένον,
3589 4977 3686 5028 καὶ

2108 5065 2350 5128 ἄποπτος
2375 5065 2525 5118 ἔσται
2549 5061 2847 5127 παντελῶς,
2877 5063 3050 5116 οὐδενὶ
3071 5062 3178 5115 τῶν
3214 5063 3383 5116 ὄντων
3414 5065 3688 5130 γινωσκό-

2113 5174 2292 5227 μενος,
2324 5156 2462 5226 π).ὴν
2489 5155 2670 5226 μόνοις
2697 5156 2812 5217 τοῖς
2837 5153 3030 5207 ἑαυτοῦ
3060 5153 3329 5223 μαθηταῖς
3352 5171 3366 5184 ·
3393 5153 3554 5206 τοῦτο
3587 5155 3688 5223 τῆς

2109 5249 2330 5317 ἀγνοίας
2373 5247 2521 5318 αὐτῷ
2567 5247 2789 5315 γέγονεν
2816 5245 3009 5299 αἴτιον.
3070 5243 3132 5298 Εἰ
3175 5245 3284 5316 γὰρ
3345 5245 3575 5314 συνῆκεν
3626 5247 3687 5298 ἐν

2107 5341 2435 5412 ἀρχαῖς,ούκ
2461 5340 2526 5393 ἂν
2550 5339 2685 5400 ὅλως
2711 5337 3014 5409 προσῆλθεν
3033 5336 3272 5407 ἐρωτῶν·
3305 5355 3322 5386 t
3347 5336 3412 5387 Τί
3439 5337 3682 5404 γέγονεν,

2105 5436 2187 5488 ὅτι
2236 5435 2367 5505 ἡμῖν
2399 5431 2614 5504 μέλλεις
2658 5429 2980 5500 ἐμφανίζειν
3030 5427 3288 5493 σεαυτὸν,
3331 5427 3424 5480 καὶ
3453 5427 3574 5497 οὐχὶ
3605 5426 3687 5497 τῷ

2108 5526 2326 5594 κόσμῳ;
2363 5543 2382 5576 ι
2403 5521 2713 5594 Ὑπηνέχθη
2741 5521 2839 5593 μὲν
2866 5516 2957 5575 οὖν
2980 5519 3041 5572 τὸ
3065 5519 3191 5590 τῇδε
3222 5522 3382 5583 νοεῖν,
3411 5518 3606 5582 κοινῶς
3624 5535 3688 5572 τε

2361 5703 2405 5735 ’⁸
2444 5700 2579 5760 lbid.
2617 5699 2705 5759 16.
2785 5701 2827 5735 ³⁸
2869 5696 3026 5756 Joan.
3081 5713 3193 5769 ιιν,
3227 5700 3313 5757 19.
3361 5693 3404 5726 ¹¹
3441 5694 3680 5767 Philipp.
