2021 3102
148 89 205 119 289
648 90 680 118 ΙΝ
699 90 844 119 JOANNIS
864 90 1089 119 EVANGELIUM
1108 91 1174 119 LIB.
1197 91 1230 119 X.
1724 95 1778 124 290

149 147 199 177 καὶ
210 148 374 184 ιὶθισμένως
385 149 440 180 τοῖς
450 148 540 180 ἄλλοις
550 148 598 184 τὴν
607 150 639 176 ἐκ
651 149 698 176 τοῦ
711 150 843 186 ὀνόματος
857 159 889 186 ση
895 159 945 186 μα-

997 149 1061 184 quis
1079 149 1223 176 civitatem
1240 149 1372 182 nominet,
1400 149 1485 177 totius
1505 149 1626 178 civitatis
1638 150 1722 186 830
1739 152 1780 179 iu-

149 195 212 222 σίαν
228 194 363 221 ἐκλαϐών.
391 194 502 230 Κόσμον
521 194 575 230 γὰρ
596 194 657 226 ἔθος
673 195 746 222 ἐστὶν
761 196 826 230 ἡμῖν
839 196 941 231 ὀνομά-

996 195 1083 223 colas.
1100 195 1295 222 Verumtamen
1313 195 1394 222 laude
1409 202 1519 230 quoque
1534 195 1635 230 dignus
1657 201 1699 223 est
1720 205 1781 224 cum

148 241 221 273 ζειν,
243 240 315 266 κατά
333 247 365 273 γε
389 240 433 266 τὸν
453 240 565 275 εὑτριὸἧ
590 241 636 267 καὶ
658 242 715 273 τοῖς
739 241 829 273 ἄλλοις
855 242 941 269 ἅπασι

996 240 1054 268 haec
1069 241 1107 267 ait
1119 240 1281 275 discipulus.
1297 239 1364 267 Vide
1379 241 1453 267 enim
1466 248 1522 275 quo
1539 245 1617 275 pacto
1630 240 1783 270 Servatoiis

149 285 330 319 προκεὲμενον
349 285 444 317 λόγον,
467 287 530 315 τοὺς
548 286 577 310 ἐν
590 286 671 312 παντὶ
687 286 724 321 τῷ
740 287 835 322 κόσμῳ
848 288 939 323 τυχὸν,

996 286 1109 321 gloriam
1125 286 1194 313 solis
1214 286 1302 313 instar
1320 293 1367 320 per
1391 286 1549 313 universam
1568 291 1668 312 terram
1694 287 1783 314 lucere

149 331 244 366 ὥσπερ
259 332 283 357 εἴ
293 340 335 362 τις
350 332 395 357 καὶ
409 331 484 357 πόλιν
495 331 578 364 λέγοι,
591 332 653 364 τοὺς
661 332 724 367 ὃλην
738 333 879 365 οἰκοῖντας
891 334 941 369 τὴν

994 332 1098 366 cupiat,
1118 339 1180 359 cum
1193 332 1216 359 ei
1233 332 1327 359 liceret
1342 331 1400 359 suis
1417 332 1608 359 tantummodo
1631 332 1709 359 bonis
1735 333 1778 358 ob-

150 377 236 401 :éhv.
252 377 323 411 Πλὴν
332 377 511 412 ἅξιοζήλωτος
524 378 569 403 καὶ
584 378 668 404 ταῦτα
677 378 764 413 λέγων
776 380 790 405 ὁ
803 379 939 415 μαθητής.

994 378 1107 409 lecturi.
1124 378 1291 412 cognitionis
1313 377 1526 412 promissionem
1545 377 1666 409 babenti,
1686 377 1710 404 si
1742 379 1782 404 sui

152 422 246 456 ’Λορει
260 422 315 456 γὰρ
339 423 413 453 ὅπως
436 423 512 456 ἡλίου
537 423 615 457 δίκην
640 425 696 455 τοῖς
720 424 771 450 ἀνὰ
786 425 875 451 πᾶσαν
891 425 939 460 τὴν

994 427 1098 450 tantum
1113 431 1207 450 curam
1228 423 1352 450 haberet.
1370 422 1424 450 Sed
1442 423 1542 449 bonum
1562 423 1615 450 sibi
1637 423 1685 450 uni
1704 431 1784 457 pecu-

149 468 200 500 γῆν
216 469 265 502 τὴν
287 468 334 494 τοῦ
350 469 475 504 Euxinas;
502 469 691 502 6:1;1‘v560at
705 469 784 501 δόξαν
799 470 938 506 ἐπιθυμεῖ,

993 469 1099 497 liariter
1112 469 1196 496 tribui
1214 476 1387 504 nequaquam
1407 468 1440 494 ad
1459 468 1616 495 felicitatem
1639 468 1707 495 satis
1722 475 1783 494 esse

148 513 237 538 καίτοι
255 512 310 537 τῶν
327 513 388 538 καθ’
406 514 501 538 ἑαυτὸν
516 514 539 538 εἰ
559 513 640 547 μόνον
665 513 782 539 ἐποιεῖτο
797 513 937 548 πρόνοιαν,

992 516 1123 550 putabat:
1140 522 1234 542 verum
1250 522 1314 541 cum
1334 514 1382 541 Dei
1403 514 1484 541 simul
1502 521 1533 540 ac
1552 513 1668 540 fratrum
1687 521 1782 540 amans

148 558 212 592 ἐξῆν
229 557 324 592 ἔχοντα
342 559 390 592 τῆς
408 558 534 591 γνώτεως
547 559 595 593 τὴν
615 558 771 593 ὑπόσχεσιν.
785 559 831 585 ἐπὶ
849 559 939 593 μόνοις

991 561 1038 593 sit,
1051 560 1134 595 longe
1149 560 1256 594 lateque
1269 560 1379 587 extendi
1395 559 1552 587 Servatoris
1569 559 1683 594 gloriam
1696 559 1781 593 cupitI

148 606 203 635 τοῖς
227 605 302 635 tam;
319 605 430 639 ἥδεσθαι
447 605 549 636 καλοῖς.
577 605 646 630 Ἀλλ’
669 605 719 631 οὐκ
745 604 855 640 ἐξήρκει
870 605 937 640 πρὸς

990 612 1018 635 et
1045 607 1180 634 fratribus
1205 608 1320 642 gratiam
1353 608 1381 633 in
1407 614 1553 634 commune
1586 606 1715 642 proponi.
1741 605 1780 632 Ad

148 651 283 685 θυμηδίαν
308 651 337 676 τὸ
360 651 514 682 Ξξιαζὸντως
542 650 637 686 ὥσπερ
659 650 734 685 αὖτῷ
757 650 938 686 δοθησόμενον

992 656 1115 680 exactam
1136 653 1236 687 quippe
1255 651 1300 678 Dei
1314 652 1498 686 cognitionem
1522 652 1628 684 vocari,
1652 651 1780 686 quidnam

147 697 249 729 ἀγαθόν
264 705 270 711 ·
288 696 381 731 ἐπειδὴ
400 696 426 721 ῑὲ
445 694 476 730 ἦν
494 696 616 730 cii/.056;
629 705 656 722 τε
674 697 741 732 ομοῦ
755 698 802 723 καὶ
819 697 939 731 φιλάδελ-

801 718 802 722 η
819 697 939 731 φιλάδελ-
996 699 1077 725 habet
1092 698 1164 733 quod
1186 705 1248 725 cum
1269 706 1302 725 eo
1319 698 1473 732 comparari
1492 697 1599 732 possit?

149 752 208 776 ιρος,
223 743 439 769 ἐκπλατύνεσῡαι
453 743 499 768 τοῦ
526 743 652 777 Σωτῆρος
668 742 805 778 τὴνδὸξαν
817 744 958 778 ἐπιθυμεῖ,
979 742 1072 777 κοινὴν
1095 744 1123 769 δὲ
1146 745 1202 775 τοῖς
1226 743 1351 776 ἀδελφοῖς
1373 743 1536 778 προκεῖσθαι
1560 743 1609 778 τὴν
1634 743 1725 779 χάριν.
1746 743 1783 770 Τὸ

148 790 203 824 γὰρ
217 790 256 820 εἰς
276 788 375 822 γνῶσιν
393 789 494 823 ἀκριϐῆ
518 788 660 814 καλεῖσθαι
676 788 756 822 Θεοῦ⁹
776 789 802 815 τι
817 789 849 816 ἂν
860 789 916 824 ἔχοι
930 788 961 815 τὸ
977 788 1147 821 ἱσοστατοῦν;

190 847 342 880 Ἀπεκρίθη
365 847 479 879 Ἰησοῦς
490 867 496 878 ,
518 848 565 873 καὶ
584 847 669 874 εἶπεν
681 846 761 879 αὐτῷ
776 855 783 861 '
810 846 878 873 Ἐάν
894 855 938 879 τις

1025 846 1096 878 XIV.
1114 847 1160 874 23.
1184 846 1329 881 Respondit
1350 846 1447 878 Iesus,
1466 852 1491 874 et
1515 848 1585 875 dixit
1603 849 1650 875 ei:
1667 848 1697 876 Si
1722 849 1780 883 quis

148 891 248 927 ἀγαπᾷ
261 901 314 926 με,
335 891 388 918 τὸν
401 893 495 926 λόγον
505 901 564 926 μου
578 892 703 926 τηρήσει
713 912 721 924 ,
738 891 787 918 καὶ
804 893 820 918 ὁ
833 891 934 925 Πατήρ

984 892 1071 928 diligit
1088 901 1139 925 me,
1156 902 1301 920 sermonem
1318 902 1403 920 meum
1417 894 1553 921 servabit:
1565 899 1589 921 et
1604 895 1686 922 Pater
1707 903 1780 921 metu

145 949 205 974 μου
218 938 367 973 ἀγαπήσει
381 939 484 969 αὑτὸν,
495 939 542 965 καὶ
555 938 730 972 πρὸςαὺτὸν
740 939 935 973 ἐλευσόμεθα,

988 939 1080 974 diliget
1095 947 1166 970 eum,
1183 944 1207 966 et
1221 940 1255 966 ad
1267 948 1327 966 eum
1339 941 1480 972 veniemus,
1493 945 1518 967 et
1532 941 1696 968 mansionem
1710 940 1780 976 apud

148 985 196 1011 καὶ
207 984 308 1019 μονὴν
323 984 390 1018 παρ’
403 984 483 1016 αὐτῷ
494 985 689 1019 ποιησόμεθα.

403 984 483 1016 αὐτῷ
494 985 689 1019 ποιησόμεθα.
988 993 1048 1011 eum
1061 985 1201 1019 faciemus.

184 1042 220 1067 DL
236 1042 339 1075 σφόδρα
351 1042 463 1068 συνέντα
475 1042 619 1077 θεωρήσας
631 1042 678 1069 τὸν
693 1041 818 1077 μαθητὴν
828 1063 836 1075 ,
855 1041 938 1069 ἐπάν-

1024 1040 1091 1068 Cum
1102 1049 1245 1068 sermones
1259 1049 1325 1069 suos
1339 1042 1504 1077 discipulum
1516 1028 1590 1069 haud
1603 1043 1671 1071 satis
1683 1051 1781 1079 capere

148 1096 201 1113 εισι
217 1087 298 1113 πάλιν
314 1088 359 1113 ἐπὶ
378 1088 407 1114 τὸ
424 1089 451 1113 ἐν
468 1089 566 1128 ῥιρχαῖς
581 1088 741 1123 εἰρημένον,
757 1088 805 1114 καὶ
818 1088 937 1114 διδάσκει

989 1085 1106 1118 videret,
1126 1087 1159 1114 ad
1185 1087 1211 1114 id
1230 1087 1303 1122 quod
1332 1087 1411 1114 initio
1432 1088 1537 1115 dictum
1556 1093 1596 1116 est
1623 1090 1779 1122 revertitur,

150 1133 258 1166 σαφῶς,
277 1134 314 1164 ὡς
333 1134 363 1159 οὐ
381 1134 451 1160 κατὰ
466 1134 549 1169 μόνην
561 1133 609 1169 τὴν
624 1135 654 1160 ὲν
667 1134 768 1169 εἰδήσει
790 1134 938 1169 νοουμένην

989 1131 1118 1167 clareque
1145 1132 1226 1159 docet
1255 1140 1310 1160 non
1339 1133 1493 1160 secundum
1524 1135 1610 1161 solam
1639 1143 1699 1169 qua:
1720 1136 1779 1163 visu

148 1179 295 1212 ἐπίγνωσιν
313 1179 408 1205 ἑαυτὸν
431 1180 576 1213 ἐμᾳανίεει
596 1180 654 1211 τοῖς
671 1179 806 1214 γνησίοις,
825 1179 882 1205 ἀλλ’
895 1179 939 1211 ἐξ-

989 1180 1098 1204 constat
1114 1177 1300 1211 cognitionem
1315 1178 1373 1205 suis
1384 1185 1446 1205 sese
1462 1179 1716 1211 manifestaturum.
1732 1181 1779 1208 scd

147 1225 258 1259 αἰρετὸς
275 1234 315 1256 τις
338 1225 427 1255 αὐτοῖς
450 1226 496 1250 καὶ
513 1226 573 1259 οὐχὶ
597 1226 653 1256 τοῖς
675 1224 766 1256 ἄλλοις
785 1224 911 1260 ἐντριϐὴς
924 1225 938 1250 ὁ

989 1222 1164 1249 eminentiori
1181 1222 1300 1256 quodam
1316 1230 1366 1249 nec
1383 1223 1445 1250 aliis
1461 1223 1562 1250 usitato
1585 1224 1780 1252 illustrationis

146 1270 201 1303 τῆς
218 1269 374 1304 ἐλλάμψεως
385 1270 499 1305 ὑπάρξει
515 1272 623 1305 τρόπος.
637 1271 669 1297 Oi
689 1271 737 1306 μὲν
748 1271 802 1306 γὰρ
817 1271 938 1304 ἀγελαῖοι

990 1267 1081 1294 modo.
1099 1267 1235 1295 Rudiores
1257 1268 1330 1295 enim
1355 1275 1386 1294 ac
1406 1268 1537 1303 imperiti,
1563 1273 1590 1296 et
1611 1269 1656 1304 qui
1684 1278 1780 1298 recens

146 1315 243 1350 τυχὸν,
260 1317 306 1341 καὶ
321 1316 380 1351 ἄρτι
396 1316 476 1350 τυχὸν
488 1318 537 1351 τῆς
550 1316 605 1342 τῶν
616 1316 734 1343 εἰδώλων
747 1316 855 1351 ἀπάτης
872 1317 938 1343 ἀπο-

990 1314 1026 1341 ab
1041 1313 1176 1341 idolorum
1190 1313 1285 1341 fraude
1302 1319 1489 1346 recesserunt,
1504 1319 1586 1349 atque
1599 1315 1631 1342 ad
1645 1317 1780 1344 naturalis

147 1361 342 1394 φοιτήσαντες,
374 1355 536 1395 κεκλημένδι
557 1369 586 1386 τε
612 1360 682 1396 πρὸς
712 1360 862 1394 ἐπίγνωσιν
890 1360 937 1387 τοῦ

990 1360 1037 1387 Dei
1057 1361 1241 1396 cognitionem
1257 1360 1346 1387 vocati
1360 1365 1436 1393 sunt,
1450 1360 1477 1386 In
1495 1361 1567 1387 nuda
1585 1365 1611 1388 et
1623 1361 1778 1390 indiscussa

147 1406 219 1431 κατὰ
244 1406 324 1439 φύσιν
352 1407 428 1437 ὖντος
457 1406 539 1438 Θεοῦ,
563 1407 591 1434 ὲν
604 1406 690 1441 ψιλοῖς
717 1407 764 1433 καὶ
792 1406 938 1441 ἀζητήτοις

990 1406 1098 1434 ratione
1115 1406 1195 1433 fidem
1219 1405 1333 1437 habent.
1359 1405 1385 1432 id
1404 1405 1536 1432 nimirum
1556 1406 1661 1433 sentire
1677 1407 1778 1438 edocti,

147 1451 240 1485 ἔχουσι
256 1451 397 1486 λογιςμοῖς
413 1452 460 1486 τὴν
478 1452 586 1482 πίστιν,
609 1452 676 1478 αὐτὸ
693 1451 726 1487 δὴ
740 1451 819 1478 τοῦτο
835 1451 936 1487 μαθόν-

990 1453 1094 1480 nullum
1116 1460 1178 1480 esse
1201 1451 1304 1478 idolum
1329 1451 1357 1478 in
1373 1451 1488 1482 mundo,
1505 1451 1552 1478 sed
1580 1460 1665 1479 unum
1682 1458 1779 1480 natura

145 1505 193 1527 τες
210 1499 334 1532 φρονεῖν,
359 1497 396 1528 ὡς
413 1498 487 1523 οὐδὲν
508 1497 614 1524 εἴδωλον
630 1499 659 1523 ὲν
677 1497 772 1533 κόσμῳ
783 1497 880 1532 τυχὸν,
897 1495 938 1528 εἷς

990 1498 1086 1526 Deum.
1104 1498 1268 1533 Quicunque
1292 1505 1358 1525 vero
1380 1505 1429 1533 per
1451 1505 1532 1524 omne
1556 1498 1669 1525 virtutis
1694 1507 1779 1534 genus

145 1543 176 1569 δὲ
190 1543 268 1578 μόνος
284 1545 298 1570 ὁ
313 1543 393 1578 φύσει
409 1543 484 1574 Θεός.
513 1544 542 1569 Οἱ
557 1544 584 1569 δὲ
609 1543 654 1570 διὰ
672 1543 762 1579 πάσης
776 1544 878 1580 ἀρετῆς
892 1543 938 1570 τὸν

991 1552 1067 1572 suam
1085 1548 1203 1571 mentem
1226 1543 1374 1574 illustrant,
1392 1548 1419 1570 et
1436 1546 1468 1570 ad
1485 1542 1617 1571 discenda
1635 1544 1729 1571 divina
1753 1549 1779 1572 et

147 1590 248 1615 οίκεῐον
262 1589 540 1624 καταλαμπρὺνοντες
555 1589 627 1621 νοῦν,
639 1589 747 1625 ἔχοντές
764 1599 792 1616 τε
803 1590 853 1625 ἤδη
867 1590 936 1626 πρὸς

989 1597 1088 1617 arcana
1105 1589 1234 1625 mysteria
1257 1592 1321 1616 sunt
1340 1588 1441 1618 idonei.
1461 1588 1675 1616 illustrationem
1693 1589 1779 1625 Spiri-

145 1635 177 1662 τὸ
194 1635 340 1670 μανθάνειν
355 1635 516 1670 ἐπιτηδείως
531 1635 564 1661 τὰ
579 1634 638 1662 θεῖά
652 1644 681 1661 τε
695 1635 742 1661 καὶ
757 1636 935 1671 κεκρυμμένα

989 1640 1033 1664 tus
1050 1636 1196 1671 accipient,
1211 1636 1357 1670 ipsumque
1368 1635 1395 1662 in
1406 1635 1564 1670 semetipsis
1580 1635 1777 1663 inhabilantem

147 1682 300 1717 μυστήρια,
318 1682 367 1716 τὴν
383 1681 427 1707 διὰ
447 1681 493 1707 τοῦ
512 1681 672 1717 Πνεύματος
691 1681 820 1717 λήψονται
844 1681 936 1717 δᾳδου-

989 1683 1138 1710 Dominum
1176 1683 1279 1710 mentis
1307 1682 1395 1709 oculis
1430 1682 1649 1710 contuehuntur.
1688 1682 1779 1717 Itaque

144 1729 219 1763 χίαν,
241 1729 288 1754 καὶ
303 1728 383 1754 αὑτὸν
399 1729 426 1754 ὲν
445 1729 551 1759 ἑαυτοῖς
565 1728 756 1755 ἐναυλισοέντα
770 1728 815 1754 τδν
833 1727 936 1763 Κύριον

989 1729 1145 1758 communis
1165 1729 1227 1756 aliis
1244 1735 1298 1755 non
1315 1732 1358 1755 est
1378 1732 1539 1755 sanctorum
1568 1728 1701 1763 cognitio,
1731 1728 1777 1755 sed

144 1775 200 1806 τοῖς
216 1775 266 1809 τῆς
290 1773 408 1805 διανοίας
429 1773 639 1809 ὲπαθροίσουσιν
658 1774 716 1810 [γρ.
738 1772 934 1810 ὲπαθρήσουσι]

989 1776 1089 1804 eximia
1100 1780 1127 1804 et
1142 1775 1284 1808 distincta,
1302 1775 1436 1810 longeque
1460 1775 1494 1801 ab
1515 1774 1563 1801 illa
1580 1775 1717 1801 communi
1739 1775 1779 1801 di-

144 1820 306 1854 ὸφϐαλμοῖς.
336 1819 440 1845 Οὐκοῦν
457 1820 487 1845 οὐ
506 1820 581 1854 κοινὴ
597 1821 652 1851 τοῖς
673 1819 763 1851 ἄλλοις
777 1819 831 1845 τῶν
849 1818 935 1853 ἁγίων

988 1830 1078 1850 versa.
1095 1822 1140 1849 Sic
1154 1821 1228 1848 omni
1245 1820 1326 1848 modo
1341 1825 1368 1848 et
1381 1821 1489 1848 ratione
1510 1819 1638 1847 Christus
1661 1828 1712 1848 nos
1728 1821 1775 1847 ad-

144 1868 160 1901 ἡ
176 1867 295 1900 γνῶσις,
322 1866 378 1892 ἀλλ’
397 1866 533 1901 ἐξαίρετός
553 1875 594 1897 τις
611 1867 657 1892 καὶ
677 1865 857 1900 διωρισμένη,
889 1864 936 1891 καὶ

988 1868 1077 1904 juvat.
1090 1867 1230 1903 Imprimis
1243 1867 1315 1895 enim
1334 1866 1429 1894 definit
1444 1867 1507 1902 quis
1523 1867 1558 1894 sit
1570 1867 1615 1894 ille
1630 1866 1675 1901 qui
1691 1866 1778 1901 diligit

144 1913 248 1948 πολλὴν
281 1913 380 1947 ἔχουσα
403 1913 452 1947 τὴν
476 1911 619 1947 διαφοράν.
660 1911 766 1944 Ὠφελεῖ
788 1910 935 1945 τοιγαροῦν

989 1922 1064 1947 eum,
1083 1913 1245 1945 ostendens,
1262 1918 1292 1939 ut
1311 1912 1420 1947 opinor,
1444 1919 1499 1939 non
1517 1912 1646 1939 omnibus
1664 1912 1777 1938 concedi

142 1959 187 1984 διὰ
201 1958 304 1989 παντὸς
321 1959 394 1993 ἡμᾶς
409 1958 488 1991 λόγου
500 1967 528 1984 τε
540 1959 587 1984 καὶ
601 1957 702 1993 τρόπου
715 1957 843 1992 Χριστός.
860 1956 936 1992 Πρῶ-

989 1964 1020 1987 ut
1044 1959 1139 1995 gratiae
1168 1959 1295 1985 virtutem
1327 1958 1475 1991 accipiant,
1505 1956 1552 1984 sed
1579 1957 1626 1991 qui
1651 1956 1776 1984 mandata

143 2013 190 2030 τον
206 2004 257 2040 μὲν
271 2005 327 2040 γὰρ
340 2005 381 2036 τίς
393 2006 407 2031 ο
421 2005 501 2031 αὑτὸν
516 2004 631 2038 ἀγαπῶν
644 2001 673 2030 εὖ
691 2004 763 2038 μάλα
776 2003 934 2038 διορίζεται,

989 2005 1126 2034 servando
1152 2003 1265 2040 genuini
1293 2003 1354 2038 ejus
1376 2003 1457 2030 amici
1475 2009 1537 2030 esse
1556 2002 1775 2037 comperiantur.

143 2050 263 2082 δεικνὺς,
279 2050 317 2082 ὥς
334 2051 365 2084 γέ
382 2059 427 2085 μοι
439 2050 621 2084 φαίνεταικαὶ
632 2051 703 2077 νοεῖν
719 2049 823 2076 ἔπεισιν
835 2049 933 2085 ὀρθῶς,

990 2052 1093 2079 Deinde
1114 2058 1234 2086 quonam
1256 2050 1337 2077 modo
1354 2050 1460 2085 fulgere
1487 2050 1513 2076 in
1532 2049 1566 2076 iis
1591 2049 1703 2081 debeat,
1731 2053 1777 2076 aut

144 2095 183 2127 ὡς
199 2096 250 2130 οὐχ
267 2096 368 2122 ἅπασιν
390 2096 496 2128 ἐφεῖται
521 2096 614 2121 λαῧεῖν
631 2095 680 2131 τὴν
704 2095 751 2121 τοῦ
768 2095 935 2130 χαρίσματος

989 2107 1044 2135 quo
1058 2102 1138 2134 pacto
1152 2098 1187 2125 sit
1207 2097 1234 2125 in
1253 2097 1287 2124 iis
1312 2096 1497 2126 habitaturus.
1516 2096 1647 2129 declarat,
1663 2096 1774 2123 dicens:

145 2142 276 2177 δύναμιν,
303 2142 360 2168 ἀλλ’
386 2139 481 2176 οἷσπερ
504 2141 536 2167 ἂν
563 2141 714 2177 ἐνυπάρχον
730 2140 817 2176 ὁρῷτο
837 2140 868 2167 τὸ
885 2139 936 2173 τῆς

992 2155 1002 2171 ι
1018 2145 1100 2172 Pater
1112 2151 1189 2171 meus
1205 2143 1298 2178 diliget
1311 2149 1383 2168 eutn.
1398 2150 1407 2166 ι
1422 2140 1473 2174 Qui
1488 2141 1559 2167 enim
1571 2140 1623 2168 fide
1636 2140 1663 2167 in
1678 2139 1777 2168 Filium

146 2189 186 2219 είς
212 2188 294 2215 αὑτὸν
314 2187 493 2222 γνησιότητος
522 2187 651 2222 καύχημα
683 2187 726 2213 διὰ
746 2186 792 2213 τοῦ
815 2187 935 2222 τηρῆσαι

990 2188 1097 2216 Patrem
1115 2186 1305 2217 honoraverit,
1321 2185 1497 2213 dilectionem
1517 2185 1576 2219 ejus
1591 2192 1641 2212 ceu
1656 2185 1774 2212 fructum

146 2233 195 2264 τὰς
211 2233 332 2264 ἐντολάς,
363 2230 430 2258 Εἶτα
456 2233 517 2258 τίνα
536 2232 635 2266 τρόπον
659 2231 749 2263 αὐτοῖς
774 2231 934 2266 ὲπιλάμψει,

989 2234 1069 2269 831
1088 2233 1151 2260 inde
1164 2231 1327 2266 reportabit.
1349 2231 1492 2258 Postremo
1508 2231 1574 2265 quid
1588 2231 1656 2258 lucri
1673 2231 1775 2259 obven-

148 2279 205 2310 πῶς
215 2279 243 2305 δὲ
257 2279 349 2309 αὐτοῖς
361 2278 644 2313 ὲγκατοικισθήσεται,
654 2277 727 2311 λέγει
738 2286 744 2292 ·
760 2286 769 2303 l
785 2277 936 2312 Ἀγαπήσει

989 2286 1080 2307 turum
1099 2279 1162 2306 hinc
1179 2278 1203 2305 ei
1221 2278 1269 2309 sit,
1296 2277 1407 2312 planum
1437 2276 1561 2303 faciens:
1585 2286 1593 2302 ι
1617 2275 1775 2309 Veniemus.

148 2325 202 2360 γὰρ
214 2325 294 2351 αὐτὸν
310 2326 324 2350 ὀ
339 2325 433 2360 Πατήρ
447 2332 508 2359 μου,
526 2333 534 2348 ι
553 2323 628 2358 φησί.
654 2323 817 2359 Τετιμηκὼς
832 2323 886 2357 γὰρ
903 2323 936 2349 δι’

988 2326 1086 2361 inquit,
1100 2325 1133 2351 ad
1151 2332 1212 2351 eum
1240 2331 1291 2358 ego
1315 2327 1342 2349 et
1358 2322 1451 2352 Pater.
1474 2327 1500 2349 et
1515 2322 1685 2350 mansionem
1705 2323 1776 2358 apud

145 2370 301 2401 εὐπειθείας
315 2370 364 2404 τῆς
381 2370 419 2400 είς
432 2369 477 2395 τὸν
494 2369 574 2400 Υἱὸν,
591 2369 638 2395 τὸν
653 2369 682 2401 ἐξ
696 2367 781 2404 οὗπερ
798 2370 856 2396 ἐστὶ
870 2369 935 2395 Γεν-

987 2381 1049 2399 eum
1066 2371 1209 2398 faciemus.
1239 2379 1249 2395 ι
1270 2368 1418 2395 llabitante
1441 2368 1541 2403 quippe
1560 2368 1585 2395 in
1612 2368 1692 2396 nobis
1710 2367 1776 2396 Ser—

143 2417 256 2451 νήτορα,
273 2415 378 2450 καρπὸν
391 2415 447 2446 ἕξει
461 2415 508 2441 τοῦ
531 2415 691 2450 πράγματος
715 2415 765 2449 τὴν
786 2415 934 2450 ἀγάπησιν.

986 2423 1084 2446 vatore
1100 2421 1195 2444 nostro
1212 2415 1322 2444 Christo
1338 2422 1385 2450 per
1401 2418 1528 2441 sanctum
1546 2414 1678 2449 Spiritum
1690 2435 1697 2448 ,
1725 2416 1776 2442 erit

142 2461 212 2489 Εἶτα
226 2462 253 2489 τί
268 2462 298 2488 τὸ
315 2462 441 2489 ἐντεῦθεν
460 2462 602 2492 ἀνατελεῖ,
630 2462 705 2488 ποῖον
720 2461 748 2487 δὲ
764 2461 838 2496 αὐτῷ
855 2469 931 2496 περι-

989 2471 1099 2500 quoque
1121 2463 1233 2490 omnino
1260 2461 1404 2488 nobiscum
1421 2464 1449 2487 ct
1464 2460 1579 2487 Genitor
1596 2469 1602 2487 :
1619 2468 1682 2487 nam
1716 2459 1778 2494 Spi-

139 2510 224 2536 έσται
247 2508 277 2535 τδ
300 2509 394 2544 κέρδος
419 2509 503 2543 σαφὲς
525 2508 675 2541 καθιστὰς,
704 2517 714 2534 ‹
743 2507 934 2543 Ἐλευσόμεθα,

990 2511 1060 2537 ritus
1078 2509 1181 2536 Christi
1194 2507 1265 2534 idem
1278 2511 1320 2534 est
1333 2511 1360 2534 et
1377 2506 1477 2534 Patris).
1494 2505 1573 2533 Unde
1589 2505 1691 2532 Paulus
1705 2505 1776 2532 divi-

139 2556 228 2591 φησὶ,
245 2555 313 2590 πρὸς
328 2555 408 2581 αὑτὸν
424 2555 479 2589 ἐγὼ
495 2555 541 2581 καὶ
558 2556 571 2581 ὁ
583 2554 691 2590 Πατὴρ,
710 2555 757 2581 καὶ
774 2554 857 2589 μονὴν
871 2554 935 2589 παρ’

990 2564 1053 2587 nus.
1070 2555 1140 2582 alias
1163 2554 1275 2588 quidem
1290 2552 1485 2586 Patris,_alias
1510 2556 1599 2578 autem
1626 2550 1687 2576 Filii
1712 2557 1776 2585 pro-

138 2602 220 2636 αὺτῴ
236 2600 415 2636 ποιησόμεθα.
433 2610 441 2626 ι
459 2602 680 2637 Κατοικήσαντος
692 2600 747 2636 γὰρ
763 2601 791 2627 ὲν
807 2601 871 2635 ἡμῖν
888 2599 935 2626 τοῦ

992 2601 1083 2637 prium
1110 2600 1243 2635 Spiritum
1262 2598 1310 2632 ait,
1337 2605 1510 2633 nequaquam
1538 2596 1591 2623 sibi
1608 2603 1774 2630 repugnans,

139 2648 274 2684 Σωτῆρος
293 2647 373 2682 ἡμῶν
394 2647 511 2682 Χριστοῦ
535 2647 578 2673 διὰ
597 2646 644 2674 τοῦ
669 2646 748 2681 ἁγίου
766 2647 934 2682 Πνεύματος,

989 2648 1035 2676 sed
1050 2648 1076 2674 in
1095 2651 1212 2680 utroque
1228 2652 1322 2672 verum
1333 2644 1447 2671 dicens:
1466 2642 1503 2669 ita
1517 2642 1617 2676 quippe
1633 2645 1730 2668 natura
1747 2650 1776 2670 se

141 2693 274 2720 συνέσται
288 2693 374 2729 δήπου
385 2693 493 2724 πάντως
503 2694 548 2719 καὶ
562 2694 575 2719 ὁ
584 2693 716 2728 γεννήσας
724 2692 814 2719 αὐτόν·
824 2693 936 2728 Πνεῦμα

990 2693 1082 2720 habet.
1101 2691 1203 2719 Scribit
1216 2699 1282 2725 ergo
1308 2690 1341 2717 ad
1365 2690 1491 2724 aliquos:
1524 2696 1532 2712 ι
1557 2687 1608 2727 Qui
1631 2687 1777 2715 suscitavit

142 2739 200 2774 γὰρ
215 2739 263 2766 καὶ
277 2739 360 2766 αὑτοῦ
374 2738 420 2765 τοῦ
435 2739 553 2774 Πατρος,
569 2738 598 2765 ea
614 2738 725 2773 Πνεῦμα
739 2738 868 2774 Χριστοῦ.
882 2739 937 2765 Καὶ

989 2739 1083 2766 Jcsum
1097 2737 1237 2765 Christum
1256 2744 1270 2763 a
1295 2736 1420 2767 mortuis,
1439 2733 1586 2761 vivificabit
1602 2737 1630 2761 et
1649 2732 1775 2760 mortalia

143 2784 209 2819 γοῦν
223 2784 238 2811 ὸ
256 2783 400 2817 Θεσπέσιος
411 2783 531 2817 Παῦλος,
555 2784 593 2819 πῆ
611 2783 660 2819 μὲν
676 2784 739 2811 ἴδιον
752 2784 799 2811 τοῦ
815 2785 931 2820 Πατρὺς,

990 2792 1107 2820 corpora
1123 2787 1214 2813 vestra
1231 2789 1280 2819 per
1296 2781 1495 2810 inhabitantem
1512 2779 1646 2816 Spiritum
1673 2778 1732 2814 ejus
1748 2778 1776 2807 in
