4042 6204
374 274 477 332 291

1338 262 1395 321 S.
1436 259 1715 319 CYRILLI
1749 257 2219 316 ALEXANDRINI
2255 257 2575 315 ARCHIEP.

3530 246 3638 305 291

378 389 535 445 vobis
563 387 632 443 ⁸³.
671 405 692 440 ι
725 383 1038 440 Praeterea:
1079 398 1098 434 ι
1139 378 1405 447 Quoniam
1449 385 1634 434 autem
1674 377 1811 432 estis
1835 375 1953 440 ﬁlii,

2089 377 2138 448 τῆ
2167 375 2223 428 δὲ
2257 374 2349 427 τοῦ
2371 373 2499 428 Υίοῦ
2529 373 2588 426 τὸ
2610 370 2836 440 Πνεῦμά
2866 383 3051 442 φησιν,
3079 366 3141 421 οὐ
3175 367 3288 430 τοῖς
3320 359 3643 428 ῑδίοιςάντι-

382 480 537 536 misit
564 479 709 534 Deus
744 476 1012 548 Spiritum
1051 471 1175 527 Filii
1215 472 1297 527 sui
1337 471 1390 524 in
1423 468 1587 524 corda
1615 477 1818 532 vestra,
1848 467 1960 521 cla-

383 580 624 628 mantem
655 589 668 625 :
711 569 886 634 Abba,
918 564 1081 620 Pater
1105 564 1170 619 “.
1214 583 1231 615 ι
1263 562 1433 618 Vides
1470 570 1527 615 ut
1579 561 1718 615 idem
1759 561 1829 614 sit
1859 558 1962 612 Pa-

388 664 491 718 tris
523 678 586 717 ac
617 661 740 715 Filii
775 659 1018 729 Spiritus
1043 656 1067 709 ἲ
1091 655 1440 710 lnhabitante
1473 656 1657 723 itaque
1691 651 1745 705 in
1777 649 1964 706 cordi-

388 758 490 811 bus
520 753 732 810 nostris
771 750 1082 820 Uuigenito,
1155 762 1503 817 nequaquam
1556 746 1710 800 abest
1751 743 1913 798 Pater
1947 760 1959 796 :

388 847 554 902 habet
585 846 730 901 enim
763 843 936 897 Filius
973 842 1028 895 in
1061 842 1244 912 seipso
1278 839 1796 900 Genitorem,unius
1824 835 1966 889 exsi-

391 945 545 994 stens
583 951 708 990 cum
738 949 804 990 eo
835 931 1181 995 substantiae,
1218 931 1314 986 sed
1348 938 1400 986 et
1436 933 1551 1001 ipse
1583 937 1665 984 est
1695 929 1750 983 in
1808 927 1968 982 Patre

391 1027 742 1084 naturaliter.
770 1023 923 1078 Fidei
964 1036 1098 1093 ergo
1136 1019 1388 1075 deﬁnitio
1417 1028 1470 1074 et
1502 1018 1785 1087 inculpata
1825 1014 1966 1070 ratio

394 1121 511 1175 haec
565 1127 668 1172 est.
711 1115 978 1171 Libenter
1033 1121 1216 1168 autem
1255 1112 1709 1182 interrogaverim
1749 1124 1844 1164 eos
1874 1107 1968 1178 qui

394 1225 507 1282 pra:
556 1209 726 1263 multa
795 1207 1016 1262 inscitia
1059 1205 1316 1261 haeresim
1383 1203 1648 1272 complexi
1703 1199 1970 1256 adversus

310 1297 314 1304 ’
395 1302 623 1374 gloriam
661 1298 900 1368 Spiritus
926 1312 1082 1350 suam
1109 1297 1356 1366 linguam
1389 1301 1627 1347 armant.
1654 1290 1794 1357 Quid
1821 1290 1971 1346 enim

394 1389 718 1460 responsuri
746 1394 896 1452 sunt,
937 1401 1062 1439 cum
1094 1385 1176 1439 eis
1202 1382 1492 1438 dicemus:
1537 1381 1590 1436 Si
1624 1393 1840 1437 creatus
1888 1388 1974 1435 est

400 1479 658 1552 Spiritus,
703 1488 758 1533 et
814 1493 843 1530 a
880 1477 971 1530 Dei
1007 1475 1339 1537 substantia.
1395 1481 1455 1527 ut
1498 1473 1691 1534 vultis,
1737 1473 1972 1536 alienus,

399 1573 676 1644 quomodo
709 1571 922 1625 habitat
960 1569 1014 1622 in
1066 1568 1228 1622 nobis
1267 1583 1367 1638 per
1421 1567 1603 1635 ipsum
1638 1564 1824 1620 Deus?
1881 1571 1976 1618 aut

399 1663 678 1735 quomodo
713 1661 808 1717 Dei
861 1668 944 1716 est
984 1661 1284 1730 particeps,
1327 1659 1423 1729 qui
1461 1659 1724 1729 Spiritum
1785 1671 1974 1712 susce-

2061 466 2271 519 τάττων
2294 463 2492 531 λόγοις,
2528 461 2808 534 ἀληθεύων
2839 461 2895 516 δέ
2931 457 3136 531 μᾶλλον
3184 456 3307 511 καθ’
3337 457 3598 526 ἐκάτερον
3623 470 3641 487 ⁸

2063 555 2176 626 ἔχει
2208 555 2315 626 γὰρ
2357 554 2498 608 οῦτω
2531 557 2595 626 τῇ
2630 554 2811 623 φύσει.
2867 553 3031 622 Λέγει
3076 550 3257 604 τοίνυν
3287 549 3423 619 πρός
3451 564 3601 612 τινας
3624 564 3638 577 ·

2069 667 2088 700 ι
2119 649 2242 701 Ὅτι
2271 648 2493 719 ἐγείρας
2521 647 2757 718 Χριστὸν
2795 643 3003 716 Ἰησοῦν
3033 643 3098 696 ἐκ
3123 641 3355 713 νεκρῶν,
3384 638 3646 711 ζωοποιή-

2067 755 2148 791 σει
2181 739 2273 791 καὶ
2305 737 2374 790 τά
2399 737 2567 808 θνητά
2597 736 2824 807 σώματα
2853 733 3028 806 ὐμῶν,
3061 732 3148 786 διά
3183 731 3276 784 τοῦ
3307 730 3645 793 ἐνοικοῦντος

2065 827 2230 882 αὐτοῦ
2263 828 2582 899 Πνεύματος
2615 828 2674 881 ἐν
2712 827 2860 897 ὑμῖν.
2891 844 2910 878 ι
2948 820 3080 878 Εἶτα
3122 824 3285 876 πάλιν
3311 840 3324 853 ο
3383 841 3402 874 ι
3435 824 3558 874 Ὅτι
3589 821 3644 874 δέ

2067 922 2190 974 ἐστε
2219 923 2325 974 υίοὶ
2347 963 2362 987 ,
2411 919 2793 988 ἐξαπέστειλεν
2826 921 2854 972 ό
2883 917 3015 980 Θεὸς
3049 917 3110 969 τὸ
3140 915 3363 986 Πνεῦμα
3391 913 3484 968 τοῦ
3513 912 3645 967 Υίοῦ

2075 1010 2242 1064 αὐτοῦ
2278 1012 2357 1074 είς
2386 1010 2482 1073 τὰς
2514 1008 2742 1081 καρδίας
2776 1005 2949 1078 ὐμῶν,
2978 1003 3180 1076 κρᾶζον
3202 1019 3216 1035 ο
3262 1001 3455 1066 Ἀϐὁᾶ,
3481 1002 3510 1053 6
3529 1001 3646 1054 Πα-

2067 1103 2190 1172 τήρ.
2219 1122 2236 1154 ι
2287 1103 2449 1172 Ὀρᾷς
2477 1102 2625 1165 ὅπως
2670 1099 2730 1154 τὸ
2760 1098 2891 1154 αὐτὸ
2930 1095 3157 1167 Πνεῦμα
3202 1094 3299 1149 τοῦ
3347 1111 3408 1147 τε
3433 1092 3647 1163 Πατρός

2071 1193 2302 1246 ἐστικαὶ
2333 1192 2426 1246 τοῦ
2458 1192 2628 1258 Υίοῦ;
2667 1189 3064 1252 Κατοικοῦντος
3087 1184 3179 1242 οῦν
3203 1186 3310 1258 ἄρα
3342 1184 3435 1240 τοῦ
3469 1187 3646 1239 Μονο-

2070 1287 2260 1356 γενοῦς
2294 1287 2351 1338 ὲν
2373 1288 2495 1347 ταῖς
2525 1284 2770 1356 καρδίαις
2797 1283 2972 1354 ἡμῶν,
3000 1281 3100 1334 οὐκ
3125 1281 3351 1335 ἄπεστιν
3375 1279 3609 1348 όΠατήρ
3627 1291 3644 1309 ο

2073 1379 2186 1450 ἔχει
2215 1379 2322 1448 γάρ
2347 1381 2375 1432 ό
2397 1377 2523 1442 Υἱὸς
2553 1378 2612 1430 ὲν
2640 1376 2817 1447 ἐαυτῷ
2845 1374 2935 1430 τὸν
2957 1375 3294 1445 Γεννήτορα,
3349 1372 3478 1442 μιᾶς
3511 1369 3648 1441 πρὸς

2073 1471 2235 1524 αὐτὸν
2278 1468 2540 1540 ὑπάρχων
2571 1467 2787 1530 οὐσίας,
2843 1465 2959 1518 ἐστι
2984 1463 3040 1517 δὲ
3070 1464 3163 1517 καὶ
3193 1462 3354 1525 αὐτὸς
3383 1463 3440 1514 ἐν
3472 1460 3649 1530 Πατρὶ

2076 1562 2339 1633 φυσικῶς.
2379 1564 2438 1615 Ὀ
2467 1562 2562 1632 μὲν
2593 1555 2686 1613 οῦν
2717 1559 2817 1626 τῆς
2839 1557 3076 1620 πίστεως
3101 1556 3226 1627 ὅρος
3251 1571 3310 1606 τε
3345 1555 3439 1607 καὶ⁵
3463 1553 3642 1606 ἀνυπ-

2076 1653 2245 1716 αίτιος
2273 1648 2425 1716 οὗτος
2451 1652 2516 1707 ἂν
2547 1650 2630 1722 εἴη
2661 1649 2838 1718 λόγος.
2894 1647 3153 1719 Ἐροίμην
3181 1646 3225 1700 δ’
3256 1646 3322 1700 ἂν
3356 1645 3448 1698 ἐπὶ
3478 1643 3650 1714 τούτῳ

401 1724 587 1828 perit?
617 1753 752 1807 Nam
785 1753 835 1807 si
875 1724 998 1806 ﬁeri
1025 1724 1214 1822 potest
1234 1724 1293 1804 ut
1325 1724 1421 1819 per
1465 1724 1702 1804 creatam
1736 1749 1973 1817 aliquam

2089 1745 2172 1798 καὶ
2205 1744 2324 1798 λίαν
2355 1744 2526 1816 ἡδέως
2563 1744 2688 1806 τούς
2717 1742 2782 1795 ἐκ
2821 1739 3021 1810 πολλῆς
3049 1739 3292 1810 ἀμαθίας
3327 1735 3650 1810 ἐτεροδοξεῖν

404 1844 774 1902 substantiam
805 1842 1004 1896 divina:
1028 1848 1082 1896 et
1104 1840 1391 1896 ineﬂ‘abilis
1423 1849 1633 1895 naturae
1680 1840 1978 1910 participes

2089 1834 2392 1904 ἑλομένους,
2425 1835 2520 1888 καὶ
2547 1836 2612 1905 τῇ
2664 1831 2759 1886 τοῦ
2796 1829 3115 1902 Πνεύματος
3141 1828 3266 1902 δόξῃ
3307 1829 3407 1900 τὴν
3440 1829 3651 1882 οἰκείαν

404 1935 735 2000 eﬂiciamur,
765 1933 898 2004 quid
965 1932 1174 1987 vetabit
1219 1933 1518 2002 quominus
1573 1932 1741 1994 Deus.
1774 1931 1979 2000 rejecto

2089 1924 2457 1990 ὲξοπλίζοντας
2488 1923 2754 1993 γλῶτταν.
2801 1922 2867 1975 Τί
2893 1921 3003 1990 γὰρ
3043 1921 3108 1992 δὴ
3145 1921 3240 1974 καὶ
3283 1922 3470 1989 φαῖεν,
3523 1919 3652 1972 ὅταν

407 2026 640 2096 Spiritu,
685 2039 784 2096 per
827 2023 1068 2094 aliquam
1121 2022 1284 2076 aliam
1334 2037 1718 2092 quamcunque
1744 2020 1982 2076 voluerit

2089 2019 2326 2088 λέγωμεν
2354 2017 2567 2080 αὐτοῖς’
2611 2016 2673 2070 Et
2698 2013 2915 2070 κτιστὸν
2939 2014 3001 2068 τὸ
3027 2013 3252 2084 Πνεῦμά
3277 2015 3414 2074 ἐστι,
3447 2011 3540 2066 καὶ
3559 2011 3654 2065 ἀλ-

406 2125 716 2173 creaturam
769 2114 824 2169 in
867 2114 1026 2169 nobis
1077 2115 1150 2170 sit
1195 2129 1406 2184 nosque
1451 2113 1806 2169 sanctiﬁcet?
1873 2111 1981 2167 Sed

2089 2111 2293 2180 λότριον
2325 2112 2423 2182 τῆς
2465 2109 2650 2174 οὐσίας
2677 2108 2770 2164 τοῦ
2800 2107 2958 2173 Θεοῦ,
2984 2107 3106 2162 καθ’
3138 2109 3304 2179 ὐμᾶς,
3339 2106 3456 2168 πῶς
3488 2105 3554 2160 ἂν
3594 2107 3651 2158 ἐν

406 2209 513 2266 hoc
547 2208 882 2280 impossibile
909 2229 940 2276 ε⁵
963 2222 1065 2262 nec
1095 2207 1239 2262 enim
1264 2207 1357 2262 Del
1394 2205 1697 2262 secundum
1725 2214 1982 2262 naturam

2089 2205 2213 2274 ἡμῖν
2245 2202 2311 2255 δι’
2361 2203 2527 2256 αὐτοῦ
2566 2202 2888 2273 κατοικήσαι
2917 2199 3092 2266 Θεός;
3125 2199 3242 2264 πῶς
3266 2199 3324 2253 δὲ
3355 2196 3487 2252 Θεοῦ
3524 2195 3653 2268 μέτ-

409 2299 689 2373 particeps
719 2301 846 2370 quis
884 2314 1125 2368 unquam
1175 2297 1361 2364 fuerit,
1396 2299 1505 2354 nisi
1537 2313 1635 2368 per
1681 2297 1981 2367 Spiritum:

410 2393 556 2447 Deus
607 2391 773 2462 igitur
801 2399 856 2445 et
913 2405 979 2445 ex
1033 2389 1144 2444 Deo
1183 2398 1273 2445 est
1325 2389 1605 2459 Spiritus,
1653 2405 1870 2460 neque,
1926 2394 1985 2444 ut

412 2483 690 2539 nonnullis
730 2483 908 2537 visum
942 2490 1052 2547 est,
1104 2496 1135 2536 e
1168 2497 1398 2537 numero
1442 2489 1838 2537 creaturarum.
1878 2480 1986 2536 Sed

412 2584 467 2630 et
493 2573 628 2628 illud
661 2588 826 2645 porro
883 2573 1346 2627 considerandum
1399 2575 1570 2627 venit.
1608 2573 1768 2639 Quod
1820 2571 1990 2642 parti-

415 2679 546 2734 ceps
572 2663 806 2732 alicujus
852 2671 956 2728 est,
1007 2670 1065 2716 ut
1115 2663 1344 2731 potioris
1389 2662 1692 2718 secundum
1728 2662 1989 2718 substan-

412 2754 546 2810 tiam
577 2761 632 2809 et
662 2753 895 2809 alterius
924 2753 994 2807 ab
1028 2754 1150 2823 ipso
1187 2755 1430 2824 generis,
1464 2753 1614 2807 aliud
1652 2769 1879 2810 necesse
1906 2762 1991 2809 est

415 2859 541 2901 esse
583 2843 886 2900 secundum
929 2853 1182 2899 naturam
1214 2845 1284 2899 ab
1323 2861 1388 2899 eo
1422 2845 1566 2914 quod
1609 2846 1986 2916 participatur.

419 2937 478 2994 Si
517 2951 648 3006 ergo
677 2946 894 2992 creatus
932 2945 1025 2990 aut
1066 2935 1242 2992 factus
1272 2945 1356 2993 est
1406 2936 1667 3006 Spiritus,
1701 2939 1988 3007 cujusnam

418 3027 526 3081 erit
572 3026 790 3081 demum
851 3036 1106 3082 creatura
1145 3027 1467 3098 particeps?
1515 3029 1712 3083 Annon
1766 3030 1991 3084 omnino

421 3118 729 3188 suiipsius?
785 3133 1083 3174 commune
1173 3119 1380 3190 quippe
1455 3119 1672 3175 videtur
1721 3120 1991 3178 ambobus

419 3226 543 3267 esse
574 3211 719 3280 quod
746 3219 994 3266 creatum
1024 3219 1130 3267 est.
1169 3209 1274 3266 Sed
1325 3221 1379 3266 et
1413 3212 1581 3266 creati
1615 3219 1669 3268 et
1715 3211 1843 3267 facti
1893 3228 1992 3268 na-

419 3311 543 3359 tura
566 3310 755 3358 nostra
785 3318 908 3358 cum
937 3317 1041 3358 nos
1077 3302 1272 3368 simus,
1303 3302 1430 3358 facti
1458 3319 1652 3359 sumus
1697 3304 1993 3375 participes

423 3395 664 3465 Spiritus
701 3409 730 3447 a
785 3394 946 3448 nobis
995 3401 1192 3448 natura
1247 3393 1451 3449 diversi
1481 3414 1494 3450 :
1525 3395 1688 3467 832
1724 3411 1832 3450 non
1866 3410 1994 3467 ergo

423 3496 645 3542 creatus
671 3492 757 3538 est
792 3484 1056 3555 Spiritus.
1097 3483 1253 3551 Quod
1287 3487 1330 3542 si
1365 3503 1558 3541 verum
1589 3497 1696 3550 est,
1734 3496 1793 3542 ut
1843 3495 1996 3544 certe

423 3585 530 3642 est,
565 3576 706 3630 Deus
732 3584 786 3647 et
817 3591 885 3630 ex
934 3573 1048 3630 Deo
1090 3584 1174 3631 est
1211 3576 1472 3645 Spiritus,
1515 3578 1678 3634 sicuti
1733 3579 1994 3635 diximus.

424 3665 572 3722 Niliil
598 3668 740 3722 enim
772 3667 1074 3720 increatum
1120 3681 1244 3721 esse
1273 3666 1558 3735 putabitur
1589 3682 1850 3736 unquam,
1889 3669 1995 3724 nisi

427 3758 578 3813 solus
632 3765 826 3810 natura
863 3756 1025 3820 Deus,
1059 3771 1122 3810 ex
1174 3771 1282 3826 quo
1339 3756 1593 3812 videlicet
1647 3757 1999 3815 ineﬂ'abiliter

427 3849 730 3920 procedens
781 3855 1006 3902 sanctus
1047 3846 1307 3918 Spiritus,
1360 3857 1419 3903 nt
1475 3849 1594 3920 ipse
1650 3864 1716 3904 ex
1750 3864 1858 3920 quo
1889 3858 1995 3917 est,

428 3939 640 3995 habitat
687 3936 740 3990 in
790 3938 972 3992 nobis.
1027 3936 1290 4007 Proprius
1343 3938 1488 3992 enim
1553 3945 1637 3994 est
1678 3939 2000 3996 substantia:

429 4029 565 4093 ejus.
608 4037 662 4083 et
700 4028 940 4097 qualitas
987 4027 1156 4082 veluti
1204 4028 1450 4098 quaedam
1487 4030 1799 4085 sanctitatis
1854 4029 1996 4100 ejus.

2083 2315 2206 2368 οχος
2251 2301 2279 2352 6
2310 2299 2370 2352 τὸ
2399 2297 2624 2368 Πνεῦμα
2653 2296 2867 2364 λαϐώνς
2916 2295 2977 2350 Εἰ
3001 2287 3102 2368 μέν
3142 2296 3250 2368 γάρ
3280 2297 3395 2348 ἐστι
3423 2294 3531 2348 τῶν
3565 2295 3654 2346 ἐν·-

2084 2389 2387 2460 δεχομένων
2418 2389 2508 2442 διά
2534 2406 2677 2453 τινος
2701 2389 2840 2453 ὅλως
2867 2387 3132 2459 γεννητῆς
3154 2387 3344 2451 οὐσίας
3372 2386 3470 2455 τῆς
3505 2384 3658 2448 θείας

2085 2497 2145 2533 τε
2171 2479 2266 2533 καὶ
2292 2480 2534 2551 ἀρῤήτου
2565 2480 2783 2549 φύσεως
2803 2482 2952 2552 ἡμᾶς
2995 2479 3319 2552 μεταλαχεῖν
3337 2521 3351 2543 ,
3395 2477 3446 2530 τί
3474 2478 3539 2531 ἂν
3578 2475 3660 2530 ἐτι

2085 2572 2146 2626 τὸ
2182 2570 2387 2626 κωλῦον
2418 2571 2590 2644 ὁρῷτο
2635 2573 2726 2627 τὸν
2774 2573 2906 2628 Θεὸν
2949 2573 3043 2627 καὶ
3074 2571 3292 2642 Πατέρα
3330 2569 3392 2623 τὸ
3435 2568 3660 2640 Πνεῦμα

2088 2661 2486 2733 παρωσάμενον
2523 2661 2616 2716 καὶ
2647 2661 2715 2715 δι’
2741 2662 2930 2734 ἐτέρου
2956 2661 3099 2725 τινὸς
3126 2654 3294 2731 οῦπερ
3325 2660 3392 2715 ἂν
3418 2658 3664 2730 βούλοιτο

2089 2750 2386 2822 κτίσματος
2429 2753 2486 2805 ἐν
2513 2753 2645 2822 ἡμῖν
2705 2752 2977 2822 γίνεσθαι,
3029 2751 3123 2805 καὶ
3167 2751 3422 2820 ἀγιάζειν
3472 2749 3660 2820 huic;

2103 2838 2266 2896 Ἀλλά
2309 2843 2464 2896 τοῦτο
2509 2843 2768 2898 ἀδύνατον
2791 2861 2806 2875 ο
2864 2843 2925 2897 οὐ
2951 2843 3058 2916 γὰρ
3089 2843 3154 2897 ἂν
3183 2841 3390 2912 γένοιτό
3416 2859 3498 2904 τις
3528 2838 3663 2893 Θεοῦ

2093 2933 2158 3006 δὴ
2187 2933 2280 2988 τοῦ
2320 2936 2462 2990 κατά
2485 2935 2646 3006 φύσιν
2683 2937 2908 3008 μέτοχος
2933 2937 3000 2990 δι’
3030 2935 3246 3008 ἐτέρου,
3282 2937 3328 2988 εί
3367 2935 3438 3004 μὴ
3461 2931 3548 2988 διὰ
3571 2931 3665 2987 τοῦ

2093 3024 2410 3098 Πνεῦματος
2429 3043 2442 3060 ·
2489 3026 2622 3092 Θεὸς
2652 3027 2760 3100 ἄρα
2788 3030 2884 3082 καὶ
2915 3031 2979 3082 ἐκ
3005 3027 3141 3082 Θεοῦ
3177 3026 3240 3080 τὸ
3270 3026 3527 3095 Πνεῦμα,
3574 3023 3668 3078 καὶ

2092 3117 2156 3171 οὐ
2185 3120 2300 3182 τοῖς
2331 3118 2614 3188 γεγονόσιν
2649 3119 2997 3191 ἐναρίθμιον,
3039 3119 3287 3189 καθάπερ
3321 3116 3468 3182 ἔδοξέ
3503 3132 3666 3170 τισιν.

2097 3209 2306 3275 Ἄλλως
2332 3227 2392 3264 τε
2427 3210 2648 3265 κάκεῖνο
2675 3210 2813 3283 πρὸς
2840 3212 2998 3266 τοῦτο
3023 3213 3397 3266 διασκεπτέον.
3439 3211 3512 3264 Τὸ
3541 3211 3669 3281 μέτ-

2093 3297 2216 3369 οχόν
2263 3316 2445 3362 τινος,
2497 3299 2574 3363 ὡς
2603 3300 2908 3371 κρείττονος
2949 3305 3071 3358 κατ’
3100 3302 3320 3367 οὐσίαν,
3364 3301 3460 3357 καὶ
3497 3303 3694 3373 ἑτερο-ξ

2097 3389 2264 3460 φυοῦς
2302 3391 2334 3462 ἢ
2367 3392 2506 3464 ὅπερ
2535 3391 2682 3446 ἐστὶν
2712 3393 2874 3458 αὐτὸ,
2921 3394 3107 3466 ἕτερον
3155 3394 3295 3449 εἶναι
3324 3394 3466 3450 κατά
3509 3393 3670 3464 φύσιν

2097 3486 2312 3557 ἀνάγκη
2327 3487 2420 3540 τοῦ
2443 3488 2828 3560 μετεχομένου.
2851 3487 2913 3540 Ei
2929 3487 3107 3541 τοίνυν
3135 3487 3348 3540 κτιστὸν
3385 3487 3418 3558 ἢ
3450 3485 3671 3556 ποιητὸν

2095 3578 2158 3633 τὸ
2192 3579 2437 3649 Πνεῦμα,
2462 3581 2607 3645 τίνος
2640 3579 2792 3634 ἔσται
2813 3579 2999 3633 λοιπὸν
3022 3579 3056 3649 ἡ
3079 3579 3254 3644 κτίσις
3281 3578 3504 3651 μέτοχος
3525 3573 3670 3650 ;⁷Αρ’

2098 3671 2218 3741 οὐχὶ
2255 3671 2471 3734 πάντως
2500 3671 2738 3742 ἐαυτῆς;
2785 3669 2964 3724 κοινὸν
2996 3670 3106 3741 γὰρ
3136 3673 3326 3741 ὁρᾶται
3367 3671 3395 3724 ὃ
3426 3670 3674 3725 ἔκτισται

2098 3762 2281 3816 λοιπὸν
2315 3763 2401 3817 ἐπ’
2446 3764 2666 3834 ἀμφοῖν.
2726 3763 2890 3818 Ἀλλά
2924 3763 3020 3816 καὶ
3076 3766 3284 3818 κτιστοὶ
3330 3764 3422 3818 καὶ
3453 3762 3678 3832 γενητοὶ

2100 3855 2242 3909 κατὰ
2265 3854 2426 3924 φύσιν
2458 3855 2610 3921 ὅντες
2631 3857 2792 3928 ἡμεῖς
2811 3897 2826 3918 ,
2875 3855 2950 3918 ὡς
2977 3856 3165 3927 ἐτέρου
3209 3855 3349 3910 κατά
3379 3855 3540 3924 φύσιν
3566 3855 3678 3908 ὐπο

2101 3947 2360 4019 ἀρχοντος
2388 3948 2420 4020 ἢ
2455 3948 2592 4018 ὅπερ
2623 3951 2787 4019 ἡμεῖς
2807 3987 2823 4012 ,
2854 3947 2950 4002 τοῦ
2986 3947 3303 4018 Πνεῦματος
3337 3947 3678 4018 μετεσχήκα-

2105 4057 2206 4110 μεν
2229 4056 2242 4070 ’
2279 4043 2378 4093 οὐκ
2405 4039 2512 4110 ἄρα
2550 4041 2766 4094 κτιστὸν
2797 4041 2858 4094 τὸ
2889 4040 3110 4110 Πνεῦμά
3131 4042 3298 4094 ἐστιν.
3345 4041 3406 4093 El
3435 4038 3492 4092 δέ
3517 4038 3679 4092 τοῦτο

429 4121 608 4190 Atque
645 4120 757 4174 lizec
787 4118 1007 4189 quidem
1055 4118 1109 4172 in
1141 4119 1278 4175 istos
1310 4120 1457 4174 dicta
1491 4131 1694 4175 sunto:
1731 4121 1985 4178 adversus

2102 4131 2329 4200 ἀληθὲς,
2383 4130 2572 4202 ὥσπερ
2615 4127 2707 4185 οῦν
2752 4132 2982 4202 ἀληθὲς,
3031 4131 3162 4196 Θεὸς
3204 4132 3299 4186 καὶ
3349 4133 3413 4184 ἐκ
3441 4129 3575 4184 Θεοῦ
3612 4129 3679 4183 τὸ

429 4213 725 4266 Λιιοιιιωοε
754 4221 957 4276 autem,
994 4211 1086 4280 qui
1114 4209 1253 4266 Filio
1281 4211 1480 4266 bellum
1510 4212 1848 4280 indixerunt,
1877 4213 1985 4283 qui-

2104 4215 2348 4286 Πνεῦμα,
2377 4217 2628 4289 καθάπερ
2663 4219 2984 4290 εἰρήκαμεν.
3034 4220 3389 4290 Διαφεύξεται
3421 4221 3532 4290 γὰρ
3568 4218 3680 4272 τῶν

430 4321 535 4375 quc
561 4304 751 4359 eodem
788 4317 951 4372 quem
982 4309 1142 4356 antea
1182 4301 1426 4358 diximus
1460 4302 1652 4360 furore
1695 4305 1985 4360 insaniunt.

2104 4306 2272 4360 όντων
2299 4307 2449 4361 οὐδὲν
2479 4307 2575 4380 τὴν
2600 4308 2694 4363 τοῦ
2730 4310 3058 4381 πεποιῆσθαι
3085 4311 3272 4377 δόξαν,
3332 4311 3380 4364 εί
3409 4310 3483 4380 μὴ
3517 4310 3681 4380 μόνος

430 4395 686 4451 nonnihil
723 4393 870 4464 quod
901 4408 1082 4462 Opera:
1112 4395 1345 4464 pretium
1369 4395 1442 4450 sit
1480 4396 1679 4450 dicam.
1727 4413 1746 4446 ι
1789 4397 1846 4450 Si
1878 4396 1985 4466 qui:

2105 4397 2134 4449 6
2174 4396 2332 4466 φύσει
2364 4397 2524 4462 Θεὸς,
2580 4399 2641 4466 ἐξ
2685 4395 2746 4455 οὐ
2790 4401 3032 4470 δηλονότι
3083 4402 3272 4472 προϊὸν
3317 4402 3568 4474 ἀρρήτως
3613 4400 3682 4454 τὸ

431 4485 609 4554 diligit
658 4498 763 4548 me,
818 4497 1132 4537 sermonem
1187 4498 1367 4537 meum
1403 4485 1682 4551 servabit,
1735 4492 1789 4539 et
1839 4483 1985 4541 Patet

2107 4487 2332 4559 Πνεῦμα
2361 4488 2422 4542 τὸ
2443 4489 2598 4557 ἅγιον
2619 4531 2634 4555 ,
2666 4492 2742 4555 ὡς
2775 4492 2938 4555 αὐτὸς
2969 4491 3026 4556 ἐξ
3053 4487 3226 4562 οὗπέρ
3252 4495 3427 4557 ἐστιν,
3461 4493 3519 4546 ἐν
3546 4493 3682 4564 ἡμῖν

431 4590 588 4629 meus
614 4575 802 4642 diliget
831 4588 979 4636 eum,
1001 4581 1056 4628 et
1093 4574 1157 4627 ad
1192 4589 1313 4628 eum
1348 4575 1649 4640 veniemus,
1678 4585 1731 4630 ct
1763 4575 1985 4632 mansio

2109 4582 2372 4633 κατοικεῖ.
2397 4581 2557 4632 Ἰδιον
2586 4581 2695 4652 γὰρ
2725 4584 2840 4634 ἐστι
2867 4582 2966 4651 τῆς
2994 4581 3180 4645 οὐσίας
3207 4581 3394 4646 αὐτοῦ,
3421 4580 3515 4633 καὶ
3537 4579 3686 4633 ποιό-

432 4679 556 4719 nem
586 4663 729 4731 apud
762 4679 888 4717 eum
921 4662 1208 4719 iaciemus.
1249 4682 1268 4714 ι
1295 4663 1436 4728 Quid
1466 4680 1597 4734 ergo
1629 4667 1998 4737 respondetis,

434 4770 469 4810 ο
502 4754 709 4809 strenui
743 4754 880 4816 viri,
915 4754 961 4808 si
999 4755 1124 4824 quis
1163 4753 1481 4810 sciscitetur
1519 4770 1549 4809 a
1583 4757 1758 4822 vobis,
1816 4765 2000 4812 utrum

434 4846 574 4901 duos
622 4844 861 4898 habituri
919 4843 1098 4900 simus
1154 4844 1286 4901 deos
1330 4845 1732 4912 inhabitantes,
1778 4846 2000 4903 Patrem

434 4938 697 4995 nimirum
728 4947 783 4993 et
811 4935 1009 4990 Filium
1041 4955 1054 4991 :
1101 4953 1171 4992 an
1213 4953 1342 4993 vero
1380 4936 1522 4993 Deus
1571 4954 1714 4996 unus
1750 4939 1805 4993 in
1839 4940 2001 4997 nobis

437 5027 773 5098 intelligatur
799 5039 863 5080 ac
894 5040 1020 5080 vere
1071 5027 1181 5082 sit?
1225 5025 1359 5081 Nam
1393 5028 1440 5083 si
1495 5035 1688 5082 natura
1745 5028 2002 5086 diversus

435 5125 522 5174 est
549 5117 768 5172 omnino
823 5114 996 5171 Filius
1041 5125 1096 5169 et
1136 5115 1189 5170 in
1229 5116 1446 5186 propria
1509 5117 1746 5189 quadam
1804 5129 2000 5175 natura

439 5209 782 5278 intelligitur,
819 5207 1098 5278 quomodo
1147 5221 1380 5263 necesse
1418 5224 1526 5264 non
1559 5218 1642 5266 est
1683 5209 1823 5266 duos
1869 5209 2002 5267 deos

439 5301 496 5355 in
525 5301 684 5355 nobis
715 5315 839 5356 esse
870 5298 1114 5367 credere,
1145 5299 1400 5354 mandata
1427 5303 1823 5360 servantibus?
1847 5301 2002 5370 Quod

436 5391 487 5448 si
516 5393 679 5448 unius
717 5407 825 5448 non
856 5401 1037 5448 autem
1068 5391 1303 5448 duorum
1335 5393 1562 5449 deorum
1607 5397 1808 5467 templa
1856 5397 1997 5453 dici-

439 5497 583 5546 mur,
609 5481 770 5538 Patre
791 5497 855 5537 ac
885 5482 1024 5540 Filio
1056 5486 1110 5540 in
1140 5485 1300 5542 nobis
1328 5485 1724 5554 habitantibus,
1749 5504 1998 5558 quamam

508 5658 554 5692 “
589 5653 752 5714 Rom.
785 5669 906 5727 vui,
932 5655 1020 5712 ιι.
1093 5657 1352 5734 ’δροίτῃ
1380 5672 1452 5721 tv,
1485 5656 1538 5714 6.

2105 4685 2207 4738 της
2237 4667 2428 4739 ὥσπερ
2461 4669 2562 4739 τῆς
2587 4671 2873 4742 ἁγιότητος
2895 4671 3081 4726 αὐτοῦ.
3113 4672 3222 4724 Καὶ
3254 4670 3425 4724 ταῦτα
3453 4670 3550 4740 μὲν
3578 4669 3685 4740 ἤδη

2109 4759 2246 4831 πρὸς
2261 4759 2481 4825 τούτους
2505 4778 2519 4792 ·
2568 4763 2704 4834 πρὸς
2730 4763 2787 4816 δέ
2817 4779 2881 4830 γε
2924 4764 3052 4826 τούς
3093 4763 3426 4833 ’Δνομοίους,
3452 4761 3548 4814 καὶ
3578 4777 3685 4814 πο-

2108 4848 2292 4920 λεμεῖν
2320 4852 2629 4921 ἐγνωκότας
2654 4854 2732 4925 τῷ
2771 4853 2916 4924 Υίῷ,
2951 4853 3000 4908 οἳ
3035 4854 3129 4906 καὶ
3153 4852 3419 4923 ἀδελφὴν,
3447 4851 3540 4905 καὶ
3564 4850 3688 4920 γεί-

2110 4956 2238 4994 τονα
2276 4945 2390 5006 τοῖς
2417 4945 2726 5016 εἰρημένοις
2764 4946 2895 5016 ἡμῖν
2936 4945 3139 5016 ἀρτίως
3187 4943 3405 4998 νοσοῦσι
3457 4942 3684 5013 μανίαν,

2113 5031 2225 5102 ἐρῶ
2252 5051 2306 5086 τι
2325 5033 2432 5087 τῶν
2454 5037 2785 5104 ἀναγκαίων.
2812 5055 2831 5087 ι
2855 5036 2980 5090 Ἐάν
3002 5054 3085 5100 τις
3102 5037 3290 5106 ἀγαπᾷ
3316 5053 3405 5106 με,
3421 5034 3511 5089 τὸν
3526 5033 3688 5101 λόγον

2113 5139 2214 5193 μου
2240 5125 2493 5195 τηρήσει,
2525 5127 2617 5181 καὶ
2648 5129 2676 5181 6
2707 5130 2898 5200 Πατήρ
2933 5146 3033 5199 μου
3069 5128 3345 5197 ἀγαπήσει
3375 5126 3558 5188 αὐτὸν,
3588 5125 3688 5178 καὶ

2110 5213 2248 5282 πρὸς
2280 5215 2441 5268 αὐτὸν
2479 5217 2836 5290 ἐλευσόμεθα,
2868 5220 2962 5273 καὶ
2993 5217 3158 5289 μονὴν
3180 5217 3308 5288 παρ’
3334 5213 3481 5284 αὐτῷ
3522 5229 3686 5282 ποιη-

2112 5303 2373 5374 σόμεθα.»
2403 5308 2470 5361 Τί
2489 5305 2604 5378 οῦν,
2622 5304 2666 5364 ὦ
2691 5314 2950 5379 γενναῖοι,
2968 5310 3126 5382 φατὲ,
3157 5307 3511 5363 διαπυθέσθαι
3538 5303 3687 5368 τινὸς

2109 5393 2386 5463 ἐθέλοντος
2413 5401 2507 5456 καὶ
2537 5401 2727 5474 μαθεῖν
2771 5401 3049 5468 ἀξιοῦντος
3087 5401 3218 5472 παρ’
3245 5397 3422 5471 ὑμῶν,
3443 5396 3584 5450 πότε
3595 5393 3686 5468 ρόν

2109 5502 2238 5540 ποτε
2265 5487 2358 5543 δύο
2386 5490 2542 5557 θεοὺς
2566 5493 2760 5566 ἕξομεν
2797 5493 3138 5556 ἐνοικοῦντας
3157 5533 3174 5560 ,
3212 5490 3303 5544 τὸν
3335 5487 3559 5560 Πατέρα
3589 5483 3690 5542 καὶ
