4042 6204
291 241 404 301 995

1333 239 1401 295 IN
1420 238 1705 297 IOANNIS
1735 239 2186 298 EVANGELIUM
2228 237 2354 295 LIB.
2396 238 2465 294 Χ.

3464 233 3572 292 296

289 337 385 392 τὸν
412 334 541 389 Υίόν
566 351 582 368 ο
637 335 672 405 ἢ
702 332 834 399 Θεὸς
870 330 951 397 εἷς
996 333 1054 387 ἑν
1093 335 1226 406 ἡμῖν
1254 338 1454 391 νοεῖταί
1482 354 1542 391 τε
1589 339 1686 392 καὶ
1730 338 1879 392 ἑστιν

1992 337 2138 393 ratio
2167 338 2225 392 in
2253 336 2416 392 nobis
2441 335 2584 391 duos
2619 334 2744 392 illos
2777 334 2844 397 ad
2877 333 3142 392 unitatem
3163 335 3382 409 redigit,
3433 351 3562 393 eum

291 427 550 498 ἀληθῶςς
599 425 662 479 El
695 426 795 496 μὲν
824 424 930 496 γὰρ
959 425 1146 497 ἕτερός
1172 427 1290 481 ἑστι
1325 428 1468 482 κατὰ
1500 430 1660 499 φύσιν
1693 432 1722 484 6
1754 430 1884 494 Υἱὸς

291 515 574 577 παντελῶς
610 513 704 567 καὶ
747 514 806 567 ἑν
848 513 956 585 ἰδίᾳ.
1002 516 1108 568 τινὶ
1152 515 1316 585 φύσει
1368 516 1661 588 νοούμενος
1686 558 1700 582 ,
1762 519 1882 582 πῶς

290 610 393 663 οὐκ
423 607 636 676 ἀνάγκη
662 603 830 658 δυάδα
869 605 1010 659 θεῶν
1044 608 1102 660 ὲν
1131 609 1264 678 ήμῖν
1291 608 1547 676 γενέσθαι
1582 609 1888 674 πιστεύειν..

293 702 421 753 ὅταν
452 697 709 768 τηρῶμεν
742 696 844 761 τὰς
867 698 1088 762 ἑντολάς
1120 716 1135 764 ;
1192 700 1253 753 El
1285 701 1342 753 δὲ
1393 702 1511 754 ναοὶ
1540 701 1881 773 χρηματίζο-

299 810 420 864 μεν,
443 791 561 854 ἑνὸς
577 789 823 861 δηλονότι
849 789 943 844 καὶ
963 790 1026 844 οὺ
1048 789 1141 843 δύο
1165 790 1323 854 θεῶν,
1347 792 1475 846 ὅταν
1493 795 1626 863 ἡμῖν
1651 795 1679 847 6
1696 794 1886 865 Πατὴρ

298 885 393 938 καὶ
432 881 610 946 ὁΥίὸς
660 881 1076 949 ἑναυλίζωνται,
1126 885 1276 946 ποῖος
1307 885 1364 938 ἑν
1409 887 1544 956 ήμῖν
1598 885 1679 939 ἔτι
1724 884 1885 954 λόγος

300 975 576 1030 συστέλλει
611 974 748 1045 πρὸς
789 975 1018 1047 ἑνότητα
1065 977 1194 1041 τοὺς
1231 976 1354 1042 δύο,
1401 978 1505 1048 τῆς
1533 979 1655 1032 κατ’
1694 977 1886 1044 οὐσίας

297 1067 626 1137 ταυτότητος
665 1065 768 1120 οὐκ
795 1064 1028 1136 ἑχούσης
1053 1065 1220 1120 τόπον
1237 1108 1253 1132 ,
1293 1065 1437 1120 κατά
1465 1083 1530 1135 γε
1559 1065 1658 1138 τὴν
1687 1066 1887 1137 ὑμετέσ⁸

302 1175 400 1231 ραν
463 1155 928 1228 φρενοδλάϐειανς
979 1158 1048 1210 Ἢ
1096 1157 1206 1229 γὰρ
1271 1158 1484 1230 ἀνάγκη
1533 1159 1715 1227 λέγειν
1740 1197 1756 1223 ,
1802 1160 1885 1214 ὅτι

297 1247 469 1319 ψευδῆ
500 1248 636 1318 πρὸς
661 1247 812 1317 ἡμᾶς
853 1245 1152 1318 λελάληκεν
1182 1250 1210 1303 6
1243 1249 1508 1321 Χριστὸς,
1555 1249 1885 1314 ἐνοικίζεται

295 1341 353 1394 δὲ
406 1342 567 1413 μόνον
600 1343 732 1414 ἡμῖν
765 1343 794 1395 6
824 1343 1020 1414 Πατὴρ
1061 1344 1149 1398 διὰ
1191 1344 1286 1399 τοῦ
1315 1347 1636 1418 Πνεύματος
1656 1363 1672 1379 ο
1717 1347 1885 1418 ἤγουν

299 1435 501 1487 ἑνοικεῖ
525 1433 625 1504 μὲν
650 1434 846 1498 αὐτὸς,
897 1433 1094 1490 ἄπεστι
1121 1436 1179 1490 δὲ
1203 1439 1233 1490 6
1263 1438 1475 1510 Πατήρ.
1530 1438 1690 1492 Ἀλλά
1727 1439 1886 1494 τοῦτο

299 1527 498 1580 ἄτοπον
520 1541 535 1557 ·
586 1522 669 1590 εἷς
698 1527 756 1579 δὲ
784 1527 918 1592 Θεὸς
945 1530 1004 1582 ἑν
1046 1531 1208 1600 ἡμῖν,
1244 1531 1373 1584 ὅταν
1405 1533 1572 1602 ἄμφω
1603 1531 1880 1604 λάὅωμεν.

299 1618 412 1688 Οὐχ
440 1617 782 1690 ἑτεροούσιος
805 1618 914 1686 ἄρα
943 1619 1083 1692 πρὸς
1116 1621 1209 1675 τὸν
1237 1621 1431 1676 ἑαυτοῦ
1458 1622 1679 1695 Πατέρα
1707 1626 1887 1693 φανεῖ-

1981 430 2137 501 juxta
2159 438 2394 485 vestram
2420 428 2776 490 dementiam,
2803 425 3078 482 identitati
3107 427 3430 484 substantia:
3450 444 3561 484 non

1985 521 2058 576 sit
2075 520 2260 576 locus?
2279 519 2375 575 Vel
2403 521 2548 575 enim
2567 534 2792 576 necesse
2811 527 2898 575 est
2917 519 3100 574 dicere
3118 517 3398 574 Christum
3423 519 3562 576 falsa

1986 613 2147 666 nobis
2184 627 2308 667 esse
2345 612 2618 675 locutum,
2644 620 2698 668 et
2728 611 3036 667 inhabitare
3065 619 3275 666 tantum
3320 611 3375 666 in
3404 611 3565 667 nobis

1984 705 2200 760 Patrem
2231 721 2327 775 per
2351 704 2617 772 Spiritum
2642 722 2657 770 ;
2681 705 2766 759 vel
2791 705 3100 760 inhabitare
3121 703 3340 774 quidem
3361 703 3564 774 ipsum,

1987 799 2181 854 abesse
2198 812 2331 852 vero
2348 797 2590 852 Patrem.
2608 797 2679 852 At
2700 797 2802 851 hoc
2831 796 3130 852 absurdum
3154 814 3166 850 :
3191 810 3336 850 unus
3365 794 3569 866 quippe

1988 890 2131 945 Deus
2171 897 2257 946 est
2287 891 2340 944 in
2376 889 2556 954 nobis,
2603 905 2726 944 cum
2769 888 2964 944 ambos
3011 887 3382 954 suscepimus.
3443 884 3569 941 Non

1987 997 2116 1052 ergo
2166 981 2398 1037 diversa
2443 997 2475 1035 a
2535 981 2698 1036 Patre
2757 995 2860 1036 suo
2907 979 3235 1036 substantia:
3285 978 3572 1049 apparebit

1989 1069 2339 1142 Uuigenitus,
2375 1071 2470 1126 sed
2504 1087 2570 1124 ex
2601 1071 2809 1140 seipse,
2837 1079 2890 1125 et
2935 1071 2992 1124 in
3027 1070 3168 1140 ipso,
3199 1070 3348 1125 sicut
3381 1069 3433 1124 in
3480 1068 3570 1123 lu-

1987 1163 2134 1217 mine
2171 1161 2437 1233 splendor
2481 1163 2574 1233 qui
2613 1177 2678 1216 ex
2736 1177 2846 1217 eo:
2897 1161 3002 1216 hoc
3051 1162 3197 1216 enim
3247 1159 3433 1224 modo,
3458 1173 3571 1214 non

1986 1263 2170 1309 autem
2225 1254 2356 1319 alio,
2389 1254 2634 1325 mysterii
2667 1253 2752 1308 vis
2779 1260 2835 1308 et
2893 1253 3036 1307 ratio
3092 1267 3221 1308 vera
3268 1250 3452 1307 fuerit.
3504 1247 3574 1304 Et

1987 1347 2208 1416 quidem
2234 1345 2460 1402 divinus
2503 1344 2710 1402 Paulus
2748 1361 2860 1401 non
2897 1346 3130 1401 duorum
3163 1345 3390 1400 deorum
3435 1350 3574 1398 tem-

1986 1441 2076 1510 pla
2107 1454 2209 1495 nos
2243 1439 2558 1509 appellavit,
2599 1437 2696 1495 sed
2726 1439 2891 1494 unius
2921 1456 2934 1492 :
2972 1457 2990 1490 ι
3045 1437 3308 1504 Nescitis,
3369 1434 3572 1508 inquit,

1988 1533 2116 1602 quia
2138 1532 2402 1601 templum
2431 1531 2524 1586 Dei
2561 1532 2723 1594 estis,
2757 1541 2810 1586 et
2836 1529 3081 1603 Spiritus
3120 1530 3214 1586 Dei
3253 1530 3466 1585 habitat
3516 1529 3575 1584 in

1988 1623 2146 1679 vobis
2167 1622 2251 1676 ἐἳ
2278 1642 2297 1675 ι
2333 1621 2496 1679 Vides
2527 1633 2619 1689 ut,
2658 1624 2712 1678 in
2747 1623 3069 1680 substantiae
3112 1623 3452 1678 identitatem
3477 1620 3578 1677 Pa-

298 1727 390 1764 ται
431 1709 620 1764 λοιπὸν
661 1711 691 1763 6
738 1711 1083 1783 Μονογενὴς,
1138 1713 1272 1777 ἀλλέ
1297 1711 1358 1780 ἑξ
1404 1714 1637 1780 ἑαυτοῦ,
1685 1717 1781 1770 καὶ
1828 1718 1888 1770 ὲν

1992 1719 2074 1767 tre
2101 1718 2156 1768 et
2202 1709 2341 1767 Filio
2369 1711 2607 1778 collatis,
2669 1713 2870 1784 templa
2909 1729 3014 1770 nos
3064 1713 3242 1770 factos
3291 1727 3415 1769 esse
3462 1713 3576 1778 ait,

296 1802 475 1872 αὐτῷ,
516 1801 773 1874 καθάπερ
813 1805 872 1857 ἑν
923 1804 1001 1874 τῷ
1047 1805 1191 1873 φωτὶ
1225 1805 1286 1860 τὺ
1328 1807 1674 1879 ἀπαύγασμα
1718 1809 1778 1864 τὸ
1824 1809 1883 1877 ἑξ

296 1893 489 1948 αὑτοῦ·
540 1894 628 1966 εἴη
657 1893 767 1967 γὰρ
800 1894 867 1949 ἂν
895 1895 1040 1950 οὕτω
1079 1897 1174 1951 xal
1203 1897 1301 1970 οὐχ
1346 1899 1552 1970 ἑτέρως
1585 1901 1619 1972 ἡ
1656 1899 1751 1954 τοῦ
1785 1918 1886 1971 μυ-

296 1987 519 2058 στηρίου
549 1986 783 2057 δύναμις
806 1986 1034 2058 ἀληθής.
1078 1990 1189 2043 Kal
1209 1989 1343 2060 γοῦν
1371 1993 1399 2045 6
1423 1992 1713 2056 Θεσπέσιος
1735 1993 1884 2047 Παῦ-

292 2076 384 2142 λος
403 2117 419 2141 ,
465 2078 589 2149 οὐχὶ
616 2079 710 2133 δύο
733 2079 870 2132 θεῶν
896 2081 1048 2150 ἡμᾶς
1073 2081 1327 2153 ὠνόμασε
1359 2084 1522 2148 ναοὺς
1539 2125 1554 2148 ,
1615 2083 1731 2138 ἀλλ’
1765 2084 1884 2148 ἑνὸς

1990 1819 2099 1860 non
2130 1805 2380 1870 deorum,
2420 1805 2516 1860 sed
2554 1804 2670 1859 Dei.
2697 1803 2809 1860 Cur
2841 1805 2996 1860 vanis
3029 1805 3196 1875 igitur
3237 1806 3578 1862 ratiunculis

1989 1895 2244 1951 veritatis
2291 1896 2401 1950 vim
2439 1896 2769 1962 concutitis,
2819 1899 2874 1952 et
2909 1896 3210 1966 impietatis
3255 1905 3454 1952 vestrae
3481 1912 3580 1952 ve-

1991 2003 2198 2044 nenum
2219 1989 2288 2045 iis
2319 1987 2614 2044 infunditis
2641 1988 2738 2059 qui
2760 2003 2951 2044 sacras
2981 1987 3311 2060 divinasque
3340 1985 3582 2044 Litteras

1993 2080 2465 2138 inconsideratius
2491 2081 2761 2152 attingere
2792 2080 3017 2136 solent?

288 2169 533 2240 δηλονότι
571 2175 666 2227 καὶ
719 2175 909 2233 αὐτοῦ.
940 2195 960 2230 t
1011 2177 1128 2232 Ούκ
1155 2180 1332 2234 οἴδατε
1351 2221 1365 2244 ,
1393 2181 1588 2253 φησὶν,
1632 2183 1716 2236 ὅτι
1751 2182 1878 2245 ναὸς
1915 2179 2050 2235 Θεοῦ
2076 2182 2198 2234 ἐστε
2221 2222 2237 2247 ,
2271 2179 2366 2234 καὶ
2392 2179 2454 2234 τὺ
2479 2180 2704 2252 Πνεῦμα
2733 2180 2828 2235 τοῦ
2856 2180 2991 2235 Θεοῦ
3027 2181 3167 2235 οίκεῖ
3231 2182 3290 2237 ἑν
3357 2181 3524 2253 ὕμῖνς
3554 2205 3578 2241 ι

304 2261 466 2335 Ὁρᾷς
495 2267 580 2320 ὅτι
599 2307 614 2329 ,
655 2270 1083 2339 συνεισενεγκὼν
1115 2274 1196 2336 είς
1223 2272 1409 2338 οὐσίας
1441 2275 1751 2347 ταυτότητα
1784 2275 1878 2328 τὸν
1915 2273 2136 2345 Πατέρα
2157 2273 2360 2328 καὶτὸν
2381 2274 2528 2341 Υἱὸν,
2548 2274 2708 2338 ναοὺς
2733 2275 2881 2345 ἡμᾶς
2911 2272 3321 2344 ⁴ἀποδεδεῖχθαί
3391 2287 3582 2346 φησιν,

289 2356 352 2408 ού
381 2357 522 2410 θεῶν
547 2358 771 2428 μᾶλλον,
797 2361 935 2414 ἀλλά
959 2361 1120 2416 Θεοῦ.
1181 2365 1248 2418 Τί
1318 2365 1502 2420 τοίνυν
1557 2366 1790 2430 είκαίοις
1850 2365 2267 2437 παρακρούεσθε
2301 2365 2582 2438 λογισμοῖς
2627 2365 2730 2436 τῆς
2775 2364 3032 2436 ἀληθείας
3068 2364 3166 2436 τὴν
3193 2364 3452 2433 δύναμιν,
3489 2353 3584 2415 καὶ

289 2446 391 2516 τῆς
413 2448 624 2502 ἑαυτῶν
653 2450 976 2516 δυσσεϐείας
1001 2452 1094 2509 τὸν
1126 2453 1204 2509 ίδν
1226 2456 1577 2530 ἑπισπείρετε
1609 2459 1723 2521 τοῖς
1753 2455 2096 2528 ἀλογώτερον
2121 2456 2339 2511 είωθόσι
2369 2457 2729 2528 προσϐάλλειν
2753 2459 2868 2521 τοῖς
2919 2459 3086 2528 ἱεροῖς
3143 2473 3204 2509 τε
3265 2456 3361 2511 καὶ
3415 2454 3584 2511 θείοις

288 2537 631 2610 Γράμμασιν
657 2559 671 2605 ;

383 2631 447 2684 '0
479 2631 565 2702 μὴ
605 2635 849 2705 ἀγαπῶν
867 2655 965 2709 με,
999 2640 1143 2707 τοὺς
1170 2641 1396 2711 λόγους
1416 2660 1534 2712 μου
1561 2643 1634 2699 οὐ
1659 2641 1844 2712 τηρεῖ.

365 2811 771 2882 Προαποδείξας
835 2811 895 2871 εὖ
955 2817 1100 2888 μάλα
1149 2819 1246 2874 καὶ¹
1287 2820 1666 2892 διορισάμενος
1709 2821 1907 2896 ὀρθῶς·

287 2903 440 2968 τίνες
468 2904 534 2958 ἂν
563 2900 673 2959 εἷεν
700 2909 748 2960 οἱ
777 2909 1103 2978 ἀγαπῶντες
1122 2911 1308 2976 αὐτὸν,
1340 2912 1607 2984 μεθέξωσι
1636 2913 1692 2968 δὲ
1713 2915 1890 2970 ⁴ιιροίων

290 2994 538 3063 ἀγαθῶν,
573 2998 817 3068 μέτεισιν
850 3000 1013 3065 εὐθὺς
1033 3002 1119 3072 ἐφ’
1141 3002 1362 3075 ἑτέρους
1388 3005 1516 3068 τοὺς
1539 3003 1692 3059 οῦπω
1711 3005 1888 3075 φιλεῖν

289 3086 606 3159 ἑλομένους.
643 3090 718 3144 Οὐ
749 3090 858 3164 γὰρ
887 3093 1102 3148 ἔσονται
1135 3094 1395 3164 φύλακες,
1429 3096 1587 3166 φησὶ,
1623 3098 1886 3170 ῥημάτων

289 3178 406 3232 τῶν
432 3180 582 3252 ἐμῶν
605 3195 620 3210 °
658 3181 819 3238 τοῦτο
850 3185 960 3257 γάρ
987 3187 1105 3240 ἑστι
1132 3186 1214 3251 τὸ,
1245 3188 1319 3241 Οὐ
1347 3188 1580 3260 τηρήσει
1606 3189 1697 3242 τὸν
1727 3188 1888 3259 λόγον

294 3289 425 3343 μου,
479 3274 557 3339 ὡς
585 3274 709 3330 καθ’
746 3275 866 3342 ἑνὸς
912 3278 946 3350 ἢ
997 3279 1126 3351 περὶ
1182 3279 1298 3345 ἑνὸς
1344 3280 1658 3352 λεγόμενον,
1709 3282 1758 3334 εί
1792 3283 1890 3336 καὶ

291 3363 559 3421 πλατεῖαν
605 3387 722 3434 πως
752 3370 867 3440 ἔχει
902 3373 995 3426 καὶ
1030 3369 1255 3445 γενικὴν
1286 3373 1388 3446 τὴν
1425 3373 1676 3446 δήλωσιν.
1734 3375 1892 3429 Ἀκο-

287 3456 502 3524 λούθως
527 3460 586 3514 δὲ
616 3462 820 3536 σφόδρα
868 3465 962 3519 καὶ
989 3463 1146 3520 τοῦτό
1173 3483 1360 3539 φησιν.
1410 3469 1474 3521 El
1524 3467 1634 3539 γάρ
1677 3468 1776 3540 τῆς
1809 3470 1890 3534 είς

290 3548 459 3603 αὐτὸν
491 3551 715 3625 ἀγάπης
740 3555 1016 3621 ἀπόδειξις
1043 3556 1196 3611 ἔσται
1226 3557 1404 3629 σαφὴς
1432 3558 1494 3612 τὸ
1520 3559 1760 3631 τηρῆσαι
1792 3559 1891 3624 τὰς

292 3641 671 3715 ἑντολάς,ἡτοι
695 3645 789 3701 τὸν
812 3651 942 3720 παρ’
969 3649 1135 3703 αὐτοῦ
1157 3648 1336 3718 λόγον,
1368 3651 1453 3720 είη
1478 3651 1651 3722 δήπου
1671 3651 1890 3716 πάντως

291 3731 356 3787 ἃν
387 3734 592 3806 ἀληθὲς
622 3737 719 3791 καὶ
743 3737 804 3792 τὸ
837 3739 1102 3794 ἑναντίον.
1129 3743 1340 3814 Δεῖγμα
1370 3741 1480 3812 γὰρ
1510 3743 1662 3798 ἔσται
1688 3743 1782 3798 τοῦ
1813 3743 1888 3816 μὴ

291 3822 518 3878 ἑλέσθαι
572 3826 766 3894 φιλεῖν,
815 3829 878 3882 τὺ
927 3829 996 3883 δι’
1029 3829 1240 3894 οὐδενὸς
1278 3831 1550 3886 ποιεῖσθαι
1597 3832 1758 3902 λόγου
1789 3833 1890 3904 τὴν

293 3917 541 3990 ἐντολὴν,
576 3918 949 3991 παρωθεῖσθαι
980 3921 1039 3976 δὲ
1064 3921 1124 3975 τὸ
1155 3922 1604 3994 κεκελευσμένον,
1637 3923 1890 3995 καθάπερ

291 4027 349 4064 τι
387 4011 498 4064 τῶν
540 4011 745 4066 ἀδικεῖν
787 4013 1073 4071 εἰωθότων.
1117 4013 1256 4069 Ἀλλ’
1289 4011 1481 4087 ὥσπερ
1511 4017 1623 4078 τοῖς
1654 4015 1890 4086 νομοφύ-

292 4102 447 4168 λαξιν
477 4103 764 4158 ἑνοικίσειν
789 4104 982 4159 ἑαυτὸν
1006 4105 1143 4178 ὁμοῦ
1169 4105 1249 4177 τῷ
1276 4105 1396 4177 Θεῷ
1423 4105 1518 4160 καὶ
1545 4107 1721 4177 Πατρὶ
1749 4123 1888 4160 κατ·-

295 4193 668 4263 επηγγέλλετο
691 4209 706 4225 ⁸
747 4194 888 4249 κατά
916 4194 1008 4248 τὸν
1045 4195 1230 4259 αὑτὸν,
1261 4192 1436 4268 οῐμαι,
1470 4196 1626 4266 λόγον
1667 4196 1778 4250 τῶν
1810 4197 1886 4269 μὴ

295 4284 558 4338 τοιούτων
583 4286 1034 4357 ἀπαναστήσεται
1064 4287 1160 4342 καὶ
1198 4289 1560 4360 ἀποφοιτήσει
1589 4289 1885 4353 παντελῶς.

311 4375 626 4448 ’Δληθεύσει
655 4378 765 4448 γάρ
791 4377 966 4448 λέγων
992 4381 1022 4432 6
1054 4379 1308 4450 Σολομὼν
1333 4380 1416 4433 ὅτι
1446 4381 1526 4443 είς
1559 4380 1890 4449 κακότεχνον

300 4467 475 4539 ψυχὴν
505 4468 671 4537 σοφία
697 4470 796 4522 οὐκ
828 4468 1217 4536 εἰσελεύσεται,
1249 4471 1371 4524 οὐδὲ
1401 4473 1648 4524 κατοικεῖ
1679 4473 1738 4525 ἑν
1784 4470 1888 4524 σώ-

303 4576 434 4630 ματι
459 4561 752 4632 κατάχρεῳ
787 4560 1081 4634 ἁμαρτίας.
1113 4564 1222 4616 Kal
1247 4562 1358 4633 γάρ
1387 4580 1470 4617 τοι
1495 4563 1588 4617 καὶ
1620 4562 1704 4632 ἐφ’
1729 4563 1888 4634 ήμῶν
1919 4592 1963 4646 D

299 4651 473 4717 οὕτως
520 4652 754 4724 ἔχουσαν
782 4655 1036 4726 εὑρήσεις
1069 4653 1163 4708 τοῦ
1198 4655 1524 4726 πράγματος
1568 4655 1669 4727 τὴν
1702 4654 1885 4725 φύσιν.

303 4744 375 4796 ’II
399 4743 508 4814 γάρ
535 4745 658 4815 οὐχὶ
685 4747 798 4809 τοῖς
827 4746 1091 4818 ὀμόφροσι
1125 4747 1220 4800 καὶ
1246 4746 1574 4819 ὁμοτροπεῖν
1613 4747 1891 4818 ἑλομένοις

296 4835 360 4887 τὸ
390 4835 794 4890 σινδιαιτᾶσθαι
827 4837 1027 4908 μᾶλλον
1058 4838 1226 4909 ἤγουν
1256 4840 1369 4902 τοῖς
1394 4838 1602 4910 ἑτέροις
1629 4840 1793 4894 παντί
1810 4857 1891 4911 τῳ

291 4926 618 4997 τετίμηνται
666 4927 792 4999 [πρ.
842 4927 1215 5001 τετίμηται];
1286 4947 1306 4981 t
1337 4929 1533 4984 Καίτοι
1587 4931 1694 4984 πᾶν
1751 4931 1890 4994 ζῶον

289 5018 491 5088 ἀγαπᾷ
514 5017 577 5070 τὸ
598 5019 780 5088 ὅμοιον
805 5020 977 5091 αὐτῷ,
1007 5022 1149 5075 κατά
1173 5021 1234 5074 τὸ
1258 5022 1666 5093 γεγραμμένον,
1694 5024 1787 5077 καὶ
1805 5023 1884 5094 τῷ

286 5107 471 5178 ὁμοίῳ
503 5108 654 5179 αὐτῷ
685 5110 1220 5182 προσκολληθήσεται
1249 5112 1408 5184 ἀνήρ.
1441 5132 1460 5165 ι
1521 5114 1582 5167 Εί
1615 5113 1671 5166 δὲ
1703 5115 1798 5168 καὶ
1825 5117 1883 5170 ἑν

285 5202 433 5271 ἡμῖν
461 5200 646 5264 αὐτοῖς
677 5203 936 5274 ὁμοήθεσι
985 5207 1221 5258 συνεῖναι
1259 5203 1401 5258 κατά
1437 5205 1635 5260 ταυτὸν
1664 5207 1772 5260 τῶν
1801 5207 1882 5261 ὅτι

289 5290 539 5362 μάλιστα
571 5291 660 5344 διὰ
693 5293 928 5364 σπουδῆς
975 5289 1113 5347 εἶναι
1159 5295 1326 5358 δοκεῖ,
1382 5295 1500 5358 πῶς
1523 5295 1644 5366 οὐχὶ
1680 5296 1883 5368 μᾶλλον

283 5383 471 5446 οὕτως
522 5381 668 5455 ῐχειν
724 5384 816 5438 ἐπὶ
866 5384 1000 5438 Θεοῦ
1051 5384 1424 5456 λογιούμεθα;
1493 5386 1721 5457 Ἀγαθδς
1775 5389 1886 5462 γὰρ

286 5471 565 5543 ὑπάρχων
611 5475 680 5544 τῇ
727 5473 921 5542 φύσει,
968 5475 1062 5528 καὶ
1109 5474 1312 5547 ἀρετῆς
1365 5477 1583 5548 ἀπάσης
1615 5477 1758 5550 ἀρχὴ
1794 5481 1886 5533 καὶ

285 5563 533 5632 γένεσις,
586 5563 707 5634 οὐχὶ
739 5567 838 5635 τῆς
888 5564 1223 5637 φαυλότητος
1266 5566 1547 5637 ἐρασταῖς,
1601 5567 1738 5622 ἀλλά
1778 5569 1881 5641 τῆς

372 5673 418 5706 ’⁸
445 5674 618 5734 ICor.
653 5691 738 5744 nt,
772 5675 859 5734 ιθ.
935 5678 983 5714 ²⁶
1008 5676 1138 5750 Sap.
1177 5693 1217 5748 ι,
1253 5679 1305 5734 4.
1385 5679 1432 5714 ³⁷
1459 5670 1631 5738 Eccli.
1661 5697 1779 5750 xm,
1820 5684 1907 5743 I9.

2063 2635 2204 2705 XIV,
2238 2637 2330 2692 24.
2361 2635 2468 2703 Qui
2497 2653 2601 2690 non
2631 2635 2810 2706 diligit
2851 2652 2954 2704 me,
2986 2650 3255 2690 sermones
3301 2651 3444 2691 meo:
3474 2652 3582 2692 non

1989 2737 2182 2784 servat.

2061 2821 2363 2893 Postquam
2393 2820 2729 2877 estenditac
2761 2827 2912 2876 recte
2954 2817 3205 2876 deﬁnivit
3251 2819 3416 2892 833
3453 2821 3582 2893 qui-

1992 2929 2119 2969 nam
2155 2915 2270 2970 sint
2299 2913 2394 2984 qui
2427 2913 2666 2984 diligunt
2706 2926 2855 2979 eum,
2905 2919 2962 2966 et
3006 2911 3250 2982 qualium
3308 2914 3582 2970 bonorum

1993 3005 2107 3064 sint
2156 3007 2490 3078 participes,
2544 3006 2612 3060 ad
2663 3005 2805 3063 alios
2859 3004 3049 3060 statim
3098 3021 3158 3060 se
3222 3005 3442 3062 confert
3486 3006 3584 3078 qui

1994 3099 2245 3156 nondum
2276 3099 2505 3170 diligere
2536 3112 2661 3152 eum
2695 3097 2751 3150 in
2788 3096 3035 3150 animum
3071 3097 3437 3154 induxerunt.
3467 3095 3584 3154 Nec

1993 3187 2166 3250 enim,
2197 3186 2396 3257 inquit,
2432 3185 2597 3242 verba
2639 3198 2761 3239 mea
2799 3185 3156 3241 custodierit:
3187 3186 3294 3242 hoc
3329 3196 3434 3250 est,
3462 3186 3585 3244 Non

1990 3279 2236 3335 servabit
2261 3292 2578 3334 sermonem
2612 3292 2819 3343 meum,
2846 3277 2995 3348 quod
3048 3278 3208 3346 quasi
3255 3277 3323 3332 de
3355 3294 3464 3332 uno
3493 3279 3583 3334 di-

1989 3369 2289 3434 citur,licet
2347 3368 2585 3438 amplam
2658 3365 3072 3436 quodammodo
3144 3373 3200 3420 et
3271 3367 3580 3436 generalem

1990 3460 2454 3532 signiﬁcationem
2501 3459 2724 3514 habeat.
2770 3456 2943 3513 Valde
2975 3466 3159 3513 autem
3207 3469 3584 3516 cousentanee

1990 3553 2142 3609 istud
2186 3552 2352 3608 etiam
2391 3551 2530 3608 iniit.
2581 3548 2717 3604 Nam
2757 3550 2804 3607 si
2850 3550 3106 3606 mandata
3135 3550 3220 3606 vel
3269 3566 3583 3607 sermonem

1989 3643 2112 3714 ejus
2147 3657 2370 3698 servare
2415 3641 2734 3697 dilectionis
2768 3642 2823 3696 in
2865 3641 3046 3712 ipsum
3102 3641 3462 3698 manifestum
3498 3649 3586 3698 est

1989 3743 2374 3805 argumentum
2425 3741 2590 3804 atque
2640 3732 2949 3799 indicium,
2998 3735 3104 3790 erit
3139 3736 3330 3806 utique
3391 3753 3582 3792 verum

1988 3826 2352 3882 contrarium.
2405 3824 2722 3880 Mandatum
2771 3827 2919 3880 enim
2958 3840 3063 3894 pro
3111 3827 3286 3881 nihilo
3335 3827 3583 3896 habere,

1990 3925 2044 3974 et
2075 3919 2220 3988 quod
2245 3918 2464 3988 iussum
2495 3925 2580 3974 est
2617 3918 2768 3972 velut
2807 3917 3069 3974 infestum
3101 3918 3382 3989 quidpiam
3413 3935 3583 3976 aver-

1991 4010 2126 4074 sari,
2191 4008 2397 4064 indicio
2452 4015 2538 4063 est
2588 4008 2722 4063 nihil
2783 4024 2909 4065 esse
2975 4007 3311 4065 dilemionis.
3376 4007 3581 4066 Verum

1989 4099 2450 4169 quemadmodum
2495 4099 2549 4153 in
2606 4099 2785 4168 legum
2833 4098 3282 4154 observatoribus
3336 4099 3582 4169 seipsum

1989 4206 2098 4248 una
2134 4206 2260 4247 cum
2310 4190 2424 4246 Deo
2463 4205 2528 4245 ac
2577 4189 2742 4246 Patre
2788 4189 3228 4246 inhabitaturum
3277 4191 3578 4260 promisit:

1988 4284 2210 4347 eodem,
2246 4284 2465 4353 opinor,
2500 4281 2665 4337 modo
2719 4281 2788 4335 ab
2835 4282 2906 4337 iis
2961 4281 3058 4352 qui
3110 4282 3250 4337 tales
3297 4297 3404 4337 non
3451 4289 3583 4338 sunt

1989 4390 2220 4448 prorsus
2249 4374 2490 4430 recedet.
2525 4371 2666 4430 Vere
2705 4373 2853 4428 enim
2887 4373 3110 4428 locutus
3154 4382 3240 4429 est
3295 4373 3578 4442 Salomon,

1990 4481 2116 4522 cum
2145 4466 2308 4530 dixit,
2338 4466 2390 4519 in
2426 4464 2753 4519 malevolam
2795 4463 3034 4519 animam
3069 4480 3181 4519 non
3224 4465 3578 4522 introituram

1992 4557 2344 4627 sapientiam,
2381 4571 2481 4611 nec
2515 4555 2766 4612 habitare
2799 4558 2856 4612 in
2894 4572 3128 4628 corpore
3169 4558 3414 4615 obnoxio
3448 4575 3580 4630 pec-

1991 4649 2130 4704 catis
2153 4649 2220 4702 ²⁶.
2254 4647 2472 4704 Etenim
2511 4649 2587 4703 ita
2620 4663 2680 4704 se
2715 4649 2793 4703 rei
2828 4658 3084 4704 naturam
3117 4649 3172 4705 in
3212 4651 3375 4707 nobis
3410 4650 3576 4706 etiam

1988 4739 2189 4797 habere
2209 4742 2538 4812 comperies.
2588 4740 2847 4812 Nunquid
2895 4742 3045 4798 enim
3076 4758 3200 4798 cum
3258 4743 3329 4799 iis
3364 4742 3576 4800 versari

1987 4837 2224 4907 quisque
2250 4837 2486 4892 maxime
2520 4837 2674 4908 cupit
2705 4853 2846 4908 quos
2875 4837 3069 4895 iisdem
3107 4851 3294 4892 secum
3329 4835 3579 4892 moribus

1988 4943 2054 4983 ac
2082 4929 2136 4983 in
2166 4927 2358 4984 eadem
2383 4929 2652 4985 sententia
2675 4937 2800 4986 esse
2829 4929 3083 4986 noverit?
3110 4929 3324 4999 Quippe
3365 4945 3385 4979 ι
3413 4941 3579 4983 omne

1991 5023 2193 5078 animal
2221 5023 2401 5096 diligit
2423 5023 2602 5080 simile
2631 5023 2758 5088 sibi,
2793 5031 2852 5078 ut
2874 5023 3142 5092 scriptum
3173 5028 3281 5084 est,
3315 5027 3370 5073 et
3392 5017 3574 5073 omnis

1991 5111 2159 5169 homo
2197 5115 2508 5186 proximum
2545 5114 2650 5169 sibi
2673 5114 2741 5168 ".
2799 5132 2818 5165 ι
2876 5113 3034 5180 Quod
3070 5111 3118 5168 si
3169 5119 3223 5166 et
3275 5108 3420 5178 apud
3467 5122 3572 5164 nos

1993 5209 2149 5279 ipsos
2180 5221 2410 5264 summae
2434 5221 2583 5261 cum
2614 5221 2739 5263 esse
2770 5204 2988 5262 videtur
3020 5213 3079 5259 ut
3104 5218 3229 5258 cum
3253 5200 3573 5257 hominibus

1992 5300 2186 5356 iisdem
2221 5298 2466 5354 moribus
2499 5298 2746 5371 praeditis
2779 5311 3063 5356 versemur
3084 5336 3099 5362 ,
3150 5294 3430 5366 quomodo
3459 5307 3571 5348 non

1995 5393 2170 5464 magis
2206 5392 2282 5447 ita
2330 5408 2446 5450 rem
2479 5393 2533 5449 in
2565 5392 2677 5450 Deo
2719 5406 2840 5449 esse
2891 5388 3255 5462 putabimus?
3278 5386 3412 5442 Nam
3443 5401 3570 5442 cum

1993 5483 2066 5540 sit
2103 5491 2304 5541 natura
2331 5485 2534 5552 bonus,
2568 5495 2624 5542 et
2650 5484 2832 5541 omnis
2863 5482 3084 5539 virtutis
3109 5488 3276 5553 caput
3307 5487 3365 5536 et
3391 5477 3568 5549 origo,

1988 5591 2337 5650 nequaquam
2368 5577 2425 5634 in
2456 5578 2800 5637 amatoribus
2841 5575 3123 5651 nequitiae,
3154 5571 3250 5633 sed
3301 5571 3359 5630 in
3389 5568 3564 5626 Iacto-
