4042 6204
448 224 554 281 298

1462 210 1517 267 S.
1557 209 1829 267 CVRILLI
1866 208 2331 268 ALEXANDRINI
2368 208 2685 266 ARCHIEP.

3580 202 3688 259 296

451 334 606 389 ribus
638 329 872 389 virtutis
931 326 1220 390 inhabitat,
1274 331 1329 381 et
1379 323 1628 394 impuros
1693 320 2018 390 cumprimis

2127 323 2321 395 ἀρετῆς
2372 322 2632 391 ὲργάταις
2680 319 3044 383 ἐναυλίζεται,
3086 318 3432 388 παραιτεῖται
3484 316 3541 368 δὲ
3585 320 3688 385 τὴν

451 433 751 481 aversatur.
797 418 1263 487 Quemadmodum
1316 429 1447 486 ergo
1489 428 1591 468 nos
1625 413 1730 482 ipsi
1786 413 1902 465 luto
1957 425 2022 464 ac

453 517 707 573 sordibus
754 523 969 569 nostras
1005 525 1237 581 purgare
1264 508 1461 562 domos
1494 518 1780 566 curamus,
1830 517 1933 557 nec
1966 504 2020 555 in

455 610 521 664 iis
551 610 597 662 si
626 607 758 677 quid
795 607 870 660 sit
905 601 1214 658 istiusmodi
1245 599 1496 654 habitare
1526 596 1815 659 volumus,
1879 609 2022 647 nun-

453 702 580 771 quid
624 692 999 767 multo’magis
1042 710 1213 765 purus
1243 694 1334 747 ille
1369 699 1424 747 et
1456 689 1844 745 sanctissimus
1875 685 2022 740 Deus

455 803 638 848 noster
670 794 936 860 impuram
962 788 1198 841 animam
1224 783 1571 840 aversabitur
1606 787 1661 834 et
1690 793 1786 833 cor
1809 777 2023 848 peccati

455 888 571 939 luto
600 885 945 952 inquinatum
996 877 1385 934 aversabitur?
1444 874 1629 928 Talem
1666 871 1868 941 quippe
1907 869 2025 924 fore

454 989 578 1028 eum
609 976 700 1042 qui
733 973 1044 1025 mandatum
1067 985 1175 1023 non
1206 967 1503 1022 servaverit
1541 965 1834 1033 (impurus
1876 961 2022 1014 enim

454 1075 537 1120 est
569 1080 633 1118 ac
671 1066 767 1117 luti
800 1078 992 1116 amans
1019 1064 1060 1127 ),
1103 1061 1221 1130 ipsa
1256 1066 1309 1114 te
1352 1057 1456 1113 loci
1487 1056 1652 1125 hujus
1681 1055 1765 1108 vis
1797 1060 1851 1106 et
1884 1051 2025 1105 ratio

454 1158 697 1212 docebit.
729 1157 791 1209 In
822 1155 1135 1209 divinorum
1170 1152 1372 1207 etenim
1416 1157 1799 1204 mandatorum
1836 1142 2023 1211 negle-

453 1258 542 1304 ctu
573 1250 752 1303 omnis
789 1256 997 1318 peccati
1050 1245 1172 1300 fons
1215 1252 1270 1297 et
1302 1245 1457 1313 origo
1502 1240 1770 1295 cernitur.
1820 1234 2026 1306 Quem-

454 1344 745 1397 admodum
783 1343 927 1395 enim
982 1339 1123 1392 lucis
1172 1336 1404 1406 privatio
1439 1333 1605 1389 infert
1658 1329 2020 1392 contrarium,

453 1434 505 1487 id
547 1442 632 1489 est
657 1433 933 1495 tenebras,
958 1432 1038 1484 sic
1070 1428 1215 1481 nolle
1244 1427 1503 1479 virtutem
1556 1435 1837 1483 exercere,
1871 1418 2026 1488 prin-

453 1527 653 1596 cipium
693 1535 745 1579 et
770 1525 924 1593 origo
953 1533 1037 1576 est
1070 1520 1348 1590 nequitiae.
1394 1514 1682 1585 Nunquam
1725 1511 1872 1567 enim
1903 1524 2027 1579 quae

451 1617 855 1672 contrariorum
886 1623 970 1668 est
1005 1612 1167 1677 ratio,
1214 1611 1270 1665 in
1303 1624 1411 1664 uno
1436 1606 1742 1675 eodemque
1774 1602 2023 1670 subjecto

450 1708 617 1780 334
646 1710 966 1775 contingent
1004 1720 1067 1760 ea
1102 1718 1222 1773 quae
1253 1705 1393 1756 inter
1424 1717 1484 1755 se
1512 1700 1774 1769 qualitate
1808 1694 2020 1749 discre-

452 1806 606 1869 pant.
637 1796 837 1850 Vitium
874 1805 929 1851 et
960 1796 1153 1859 virtus,
1188 1792 1484 1848 contrariis
1526 1790 1669 1844 inter
1700 1803 1757 1844 se
1783 1786 2022 1857 qualita-

454 1893 622 1953 tibus,
656 1898 751 1943 aut
788 1890 895 1942 alio
924 1888 1122 1958 quovis
1148 1884 1560 1939 contrarietatis
1593 1880 1753 1951 modo
1782 1878 2022 1932 maxime

452 1985 692 2039 distant:
722 1997 884 2036 nemo
911 1990 1091 2034 tamen
1121 1994 1184 2032 ea
1216 1977 1382 2033 simul
1416 1990 1482 2029 ac
1510 1972 1677 2029 semel
1703 1972 1885 2024 inesse
1922 1967 2020 2022 ulli

456 2076 663 2129 homini
715 2072 1026 2143 putaverit,
1077 2075 1172 2121 aut
1213 2067 1405 2123 eodem
1460 2072 1585 2117 actu
1632 2056 1869 2129 impleri.
1913 2057 2024 2110 Aut

454 2166 599 2220 enim
629 2166 804 2217 malus
833 2172 917 2216 est
945 2160 1168 2229 aliquis,
1210 2164 1306 2211 aut
1333 2155 1533 2216 bonus,
1573 2152 1699 2205 licet
1730 2164 1839 2211 non
1871 2161 2024 2201 sum-

450 2271 598 2327 mam
642 2256 825 2309 forsan
871 2252 1171 2330 nequit'qin
1227 2256 1320 2303 aut
1382 2246 1676 2300 bonitatem
1710 2248 2023 2295 assecutus.

456 2343 578 2399 Uno
633 2346 796 2413 igitur
850 2343 904 2396 in
938 2328 1491 2407 nobis'prtevalente,
1553 2333 1785 2386 alterum
1834 2328 2023 2397 utique

457 2436 694 2498 deﬁciet,
725 2434 777 2488 id
805 2442 889 2488 est
916 2431 1278 2487 contrarium.
1302 2426 1457 2492 Quod
1489 2424 1533 2479 si
1558 2425 1610 2477 in
1640 2418 2023 2476 observatione

457 2530 837 2583 mandatorum
881 2525 1090 2594 species
1136 2520 1356 2574 virtutis
1400 2526 1508 2579 est,
1562 2511 1812 2583 nunquid
1847 2509 2023 2565 mani-

460 2619 816 2676 festissimum
856 2626 941 2673 est
970 2618 1023 2671 in
1053 2630 1240 2670 eorum
1269 2611 1517 2681 neglectu
1542 2608 1872 2676 principium
1898 2615 2023 2657 esse

459 2712 756 2781 nequitiae?
791 2708 945 2763 Sicut
980 2717 1157 2761 autem
1189 2703 1486 2774 repositum
1530 2710 1613 2755 est
1658 2700 1710 2753 ei
1742 2697 2026 2766 quiman-

460 2804 584 2859 data
615 2802 918 2858 servaverit
950 2802 1004 2854 in
1031 2800 1214 2868 seipso
1246 2796 1447 2851 habere
1475 2791 1692 2847 Patrem
1724 2799 1779 2843 et
1804 2787 2025 2854 Filium,

462 2898 606 2966 quod
646 2895 826 2949 omnis
866 2891 1150 2947 felicitatis
1179 2897 1233 2943 et
1267 2886 1454 2957 gloriae
1484 2884 1696 2938 initium
1741 2889 1825 2935 est
1860 2888 2029 2949 atque

460 2987 872 3043 fundamentum
905 2984 1020 3037 :ita
1049 2981 1176 3037 etei
1211 2980 1304 3049 qui
1348 2994 1455 3033 non
1484 2972 2027 3054 servaverittdirintn
2055 3016 2095 3071 ϐ

459 3089 513 3135 et
554 3077 845 3133 ineﬂabilis
890 3081 1104 3129 naturae
1150 3069 1571 3141 participatione
1611 3079 1816 3128 carere,
1874 3060 2022 3131 quod

459 3179 544 3225 est
578 3168 758 3222 omnis
787 3166 1011 3219 omnino
1052 3162 1179 3218 boni
1214 3160 1472 3215 fruitione
1497 3157 1719 3228 privari.
1753 3154 2024 3221 Quocirca

461 3262 509 3319 si
583 3262 668 3316 oui
728 3259 1047 3329 praeclarum
1099 3263 1153 3311 et
1200 3250 1499 3323 optandum
1553 3250 1767 3306 videtur
1818 3255 2029 3302 naturae

461 3352 660 3408 divinat
691 3351 806 3406 ﬁeri
832 3348 1153 3420 participem
1175 3346 1243 3413 ²⁶,
1277 3353 1331 3400 et
1354 3345 1408 3398 in
1443 3341 1628 3399 cordis
1655 3340 2027 3413 penetralibus

460 3456 769 3500 versantem
806 3450 861 3497 et
898 3441 1296 3495 inhabitantem
1336 3438 1538 3493 habere
1578 3434 1819 3491 universi
1857 3433 2027 3487 Deum

461 3552 526 3591 ac
557 3536 770 3589 Patrem
826 3548 922 3602 per
973 3530 1170 3585 Filium
1229 3529 1285 3583 in
1343 3526 1573 3597 Spiritu,
1628 3533 1822 3597 purget
1869 3539 2025 3578 suam

461 3631 720 3689 animam,
749 3633 804 3680 et
832 3622 1200 3693 improbitatis
1231 3620 1423 3675 sordes
1452 3620 1653 3689 quibus
1688 3619 1862 3686 possit
1906 3631 2030 3671 mo-

462 3720 570 3780 dis,
603 3719 715 3773 imo
756 3729 883 3770 vero
928 3728 1024 3784 per
1072 3726 1232 3771 omne
1275 3711 1477 3766 bonum
1526 3725 1670 3779 opus
1728 3709 2025 3777 abstergat.

463 3810 619 3866 Tunc
639 3810 782 3866 enim
807 3821 993 3863 revera
1025 3805 1121 3860 Dei
1149 3804 1409 3874 templum
1437 3803 1743 3868 vocabitur,
1773 3810 1826 3856 et
1846 3801 2028 3855 diver-

461 3903 673 3959 sabitur
703 3901 758 3954 in
787 3914 852 3954 eo
877 3907 1040 3968 atque
1069 3896 1422 3959 inliabitabit,
1453 3903 1511 3950 ut
1541 3895 1808 3964 scriptum
1839 3899 1924 3947 est
1955 3893 2023 3945 ²⁹.

461 3990 572 4047 Nec
600 3991 745 4045 enim
801 3987 996 4043 similis
1028 3987 1132 4040 erit
1170 3986 1243 4050 ei,
1293 3986 1451 4054 cujus
1508 3984 1561 4039 in
1615 3982 1921 4053 Evangeliis
1965 3980 2025 4036 tit

462 4083 688 4145 mentio,
720 4079 854 4150 legis
897 4078 1131 4145 doctori,
1161 4077 1255 4149 qui
1307 4093 1417 4132 non
1469 4083 1779 4146 exspectata
1820 4073 2023 4129 Serva-

461 4174 598 4233 toris
623 4172 796 4242 gratia
819 4176 968 4224 motu
989 4184 1094 4226 suo
1118 4168 1186 4223 ad
1210 4183 1334 4222 eum
1365 4167 1705 4237 sequendum
1739 4167 2024 4220 incitatum

461 4278 520 4321 se
558 4264 757 4326 aiebat,
787 4274 1023 4329 eumque
1064 4259 1171 4314 sibi
1212 4259 1476 4314 honorem
1505 4257 1779 4322 arripiens
1810 4274 1823 4310 :
1858 4275 1878 4308 ι
1913 4255 2025 4309 Ma-

2126 415 2241 487 [γρ.
2269 413 2351 485 τὸ]
2399 415 2704 483 ἀκάθαρτον
2723 450 2738 475 ,
2782 412 2876 465 καὶ
2911 410 3028 464 λίαν
3056 408 3248 479 ὀρθῶς.
3298 405 3565 476 Καθάπερ
3594 403 3689 460 οὖν

2125 507 2315 577 ἀμέλει
2337 507 2430 558 καὶ
2451 508 2611 575 ἡμεῖς
2639 505 2791 557 αὐτοὶ
2822 502 3079 572 βορϐόρου
3109 499 3205 553 καὶ
3226 497 3489 560 δυσωδίας
3517 496 3692 567 ἀπηλ-

2122 598 2317 669 λάχθαι
2353 598 2453 661 τάς
2477 598 2684 652 ἑαυτῶν
2713 593 2971 667 οίκ[ε]ίας
3000 589 3392 660 σπουδάζομεν,
3441 588 3601 659 εἴπερ
3635 605 3690 642 τι

2123 691 2232 745 τῶν
2276 689 2530 743 τοιούτων
2573 688 2709 753 ὅλως
2754 688 2887 757 ἔχοι,
2937 686 2997 738 τὸ
3049 688 3107 738 ὲν
3143 683 3333 745 αὑταῖς
3380 679 3692 743 αὐλίζεσθαι

2125 778 2588 849 παραιτούμενοι·
2637 772 2724 845 ἆρ’
2755 772 2848 829 οὖν
2898 774 2960 828 οὐ
2999 771 3258 845 μειζόνως
3289 773 3318 826 6
3360 768 3594 841 καθαρός
3630 785 3692 822 τε

2126 871 2220 926 καὶ
2267 870 2529 938 πανάγιος
2557 869 2712 939 ἡμῶν
2758 865 2888 929 Θεὸς
2931 865 3030 934 τὴν
3063 863 3480 935 μεμολυσμένην
3513 862 3692 934 ψυχὴν

2126 963 2523 1034 παραιτήσεται
2563 960 2655 1013 καὶ
2684 958 3159 1028 καταμυσάττεται
3204 954 3431 1023 καρδίαν
3481 953 3558 1021 τῷ
3590 953 3692 1023 τῆς

2126 1054 2401 1126 ἁμαρτίας
2430 1052 2675 1123 βορϐόρῳ
2699 1046 3176 1120 κατηφανισμένην
3204 1063 3218 1111 ;
3263 1045 3400 1097 Ἀλλ’
3428 1044 3574 1098 ἔστιν
3593 1044 3693 1098 οὐκ

2125 1145 2442 1216 ἀμφίϐολον.
2474 1144 2596 1198 ’Ότι
2623 1143 2731 1211 γὰρ
2750 1144 2807 1196 tv
2835 1140 3042 1202 τούτοις
3066 1138 3219 1192 ἔσται
3245 1137 3338 1189 καὶ
3363 1136 3463 1203 οὐχ
3486 1136 3693 1205 ἑτέροις

2125 1239 2153 1290 ό
2189 1240 2263 1309 μὴ
2291 1238 2534 1309 τηρήσας
2564 1234 2661 1307 τὴν
2688 1233 2900 1304 ἐντολὴν
2929 1231 3252 1304 (ἀκάθαρτος
3284 1229 3392 1300 γὰρ
3422 1230 3516 1283 καὶ
3543 1236 3694 1297 φιλο-

2126 1330 2426 1402 δὸρϐορος),
2468 1330 2603 1399 αὐτή
2638 1344 2696 1380 σε
2723 1327 2884 1380 πάλιν
2912 1329 2944 1395 ἡ
2975 1324 3067 1377 τοῦ
3101 1323 3453 1393 θεωρήματος
3491 1319 3692 1385 διδάξει

2124 1420 2371 1492 δύναμις.
2414 1420 2498 1472 Ἐν
2523 1416 2734 1489 γάρ’τῷ
2762 1415 2836 1487 μὴ
2865 1416 3100 1486 τηρῆσαι
3142 1412 3240 1474 τὰς
3282 1410 3432 1473 θείας
3474 1409 3694 1471 ἐντολάς

2124 1515 2158 1584 ὴ
2185 1512 2284 1583 τῆς
2309 1510 2583 1582 ἁμαρτίας
2611 1508 2919 1580 εὑρίσκεται
2940 1505 3173 1573 γένεσις.
3205 1503 3414 1572 Ὄνπερ
3444 1500 3553 1571 γὰρ
3571 1500 3696 1570 τρό-

2127 1622 2228 1658 πον
2254 1608 2287 1674 ή
2317 1603 2412 1656 τοῦ
2463 1602 2634 1672 φωτὸς
2679 1599 2932 1671 στέρησις
2974 1595 3296 1667 παρεισάγει
3340 1595 3402 1648 τὺ
3429 1593 3690 1655 ἐναντίον,

2126 1696 2267 1766 φημὶ
2312 1695 2367 1748 δὲ
2406 1694 2499 1747 τὸν
2530 1693 2740 1747 σκότον
2794 1689 2937 1743 οὕτω
2978 1689 3039 1741 τὸ
3072 1689 3146 1759 μὴ
3175 1687 3307 1757 δρᾷν
3351 1684 3555 1737 ἐθέλειν
3594 1683 3695 1753 τὴν

2126 1786 2354 1858 ἀρετὴν,
2411 1786 2508 1855 τὴν
2559 1785 2658 1854 τῆς
2707 1780 3036 1852 φαυλότητος
3087 1778 3409 1848 παρεισάγει
3456 1775 3691 1837 γένεσιν.

2127 1876 2263 1931 Καθ’
2293 1877 2350 1930 tv
2388 1876 2497 1947 γάρ
2550 1893 2604 1928 τι
2650 1874 2707 1927 τὸ
2758 1871 3075 1926 ὑποκεῖσθαι
3106 1869 3413 1939 νοούμενον,
3464 1867 3566 1920 οὐκ
3605 1865 3693 1931 ἂν,

2127 1966 2301 2041 οἶμαι,
2351 1967 2491 2022 κατά
2521 1967 2717 2020 ταυτὸν
2750 1963 2988 2035 συμϐαίη
3036 1962 3167 2016 ποτὲ
3197 1962 3266 2016 τὰ
3311 1960 3412 2030 τῆς
3454 1959 3694 2029 ἀλλήλων

2126 2059 2458 2133 διωρισμένα
2482 2059 2794 2129 ποιότητος,
2850 2057 2992 2111 κατά
3017 2073 3081 2125 γε
3111 2053 3202 2108 τὸν
3229 2053 3386 2121 λόγον
3410 2051 3504 2133 τοῦ
3543 2054 3697 2103 ὲναν-

2126 2151 2257 2215 τίως
2285 2151 2449 2222 ἔχειν.
2485 2151 2669 2204 Κακία
2714 2150 2807 2205 καὶ
2854 2148 3022 2221 ἀρετὴ
3050 2144 3327 2217 διώρισται
3354 2160 3412 2197 τε
3439 2132 3532 2196 καὶ
3558 2142 3691 2195 πολὺ

2128 2244 2375 2313 διέστηκε
2422 2244 2557 2313 πρὸς
2589 2241 2647 2295 τὸ
2677 2241 2932 2303 ἐναντίον,
2982 2239 3082 2309 τῆς
3111 2237 3353 2306 ἀλλήλων
3388 2234 3690 2303 ποιότητος,

2128 2335 2162 2406 ἦ
2189 2336 2335 2397 ὅπως
2364 2333 2432 2387 ἀν
2463 2350 2544 2396 τις
2578 2330 2748 2385 εἰπὼν
2775 2332 2875 2385 οὐκ
2902 2330 2968 2387 ἂν
2997 2327 3228 2400 ἁμάρτοι
3247 2325 3425 2395 τυχὸν,
3455 2323 3568 2377 ἀλλ’
3591 2323 3695 2375 οὐκ

2129 2427 2194 2499 ἀν
2229 2444 2337 2480 τινι
2368 2426 2478 2479 τῶν
2507 2424 2674 2478 ὅντων
2704 2423 2825 2481 καθ’
2854 2425 3002 2494 ἡμᾶς
3029 2420 3295 2492 προσόντα
3324 2418 3517 2489 φανείη
3553 2413 3697 2470 κατὰ

2129 2518 2323 2571 ταυτὸν
2365 2516 2654 2587 ἀμφότερα
2681 2516 2779 2568 καὶ
2809 2515 2874 2567 δι’
2899 2513 3174 2585 ἐνεργείας
3206 2508 3576 2581 πληρούμενα.
3624 2505 3699 2558 Ἦ

2130 2610 2239 2681 γᾷρ
2288 2607 2524 2679 πονηρός
2573 2608 2656 2671 τίς
2703 2609 2872 2670 ἐστιν,
2912 2605 2946 2676 ἢ
2997 2604 3222 2673 ἀγαθὸς,
3266 2605 3314 2656 εἰ
3346 2601 3439 2655 καὶ
3479 2599 3578 2653 οὐκ
3617 2599 3697 2663 είς

2131 2700 2298 2772 ἄκρον
2325 2699 2589 2772 πονηρίας
2614 2699 2796 2769 τυχὸν,
2828 2699 2946 2770 ἦτοι
2992 2696 3088 2765 τῆς
3119 2694 3469 2763 ἀγαθότητος.
3493 2688 3698 2744 Οὐκοῦν

2135 2795 2409 2866 ἰσχύοντος
2460 2795 2516 2846 tv
2565 2795 2698 2863 ἡμῖν
2743 2791 2835 2845 τοῦ
2886 2790 3033 2853 ἐνὸς,
3080 2788 3329 2858 ἀτονὴσει
3372 2786 3588 2846 πάντως
3636 2782 3698 2836 τὸ
3774 2836 3788 2845 ,

2132 2885 2337 2954 ἕτερον,
2388 2881 2532 2941 τοῦτ’
2581 2883 2696 2936 ἐστι
2740 2882 2801 2935 τὸ
2842 2881 3097 2942 ἐναντίως
3144 2878 3287 2947 ἔχον.
3336 2877 3399 2929 Et
3445 2875 3502 2929 δὲ
3531 2875 3589 2926 tv

2133 2977 2366 3048 τηρῆσαι
2394 2974 2491 3040 τάς
2519 2973 2736 3038 ἐντολὰς
2762 2972 2823 3026 τὸ
2867 2973 2966 3041 τῆς
3012 2968 3212 3040 ἀρετῆς
3245 2962 3383 3029 εἶδός
3415 2967 3552 3028 ἐστι,
3583 2962 3702 3025 πῶς

2128 3068 2247 3138 οὐχὶ
2273 3068 2667 3140 προδηλότατον
2705 3066 2782 3129 ὡς
2814 3066 2870 3118 tv
2897 3061 2977 3133 τῷ
3002 3062 3076 3134 μὴ
3101 3059 3340 3132 τηρῆσαι
3374 3057 3472 3128 τῆς
3499 3054 3702 3117 κακίας

2127 3160 2161 3231 ἡ
2199 3160 2448 3229 γένεσις;
2507 3157 2818 3212 Ἀπόκειται
2849 3155 2906 3208 δὲ
2949 3153 3138 3224 ὥσπερ
3164 3150 3244 3223 τῷ
3271 3148 3596 3222 τετηρηκότι
3639 3147 3703 3202 τδ

2128 3250 2271 3320 ἔχειν
2299 3253 2355 3304 tv
2382 3249 2560 3321 ἐαυτῷ
2583 3249 2674 3303 τὸν
2710 3247 2927 3319 Πατέρα
2956 3246 3048 3301 καὶ
3076 3245 3164 3299 τὸν
3197 3242 3347 3307 Υίὸν,
3390 3243 3527 3312 ὅπερ
3553 3240 3704 3295 ἐστὶν

2128 3343 2346 3414 ἀπάσης
2371 3341 2638 3413 θυμηδίας
2667 3357 2725 3393 τε
2756 3340 2851 3394 xui.
2889 3337 3046 3408 δόξης
3077 3336 3219 3407 ἁρχὴ
3265 3336 3360 3388 καὶ
3405 3334 3659 3398 ὑπόθεσις
3682 3347 3701 3364 ο

2126 3434 2268 3487 οὕτω
2298 3434 2391 3487 καὶ
2417 3433 2476 3485 τὸ
2502 3431 2616 3504 [γρ.
2646 3431 2747 3503 τῷ]
2793 3429 2867 3500 μὴ
2894 3429 3194 3500 τηρήσαντι
3219 3426 3279 3480 τὸ
3308 3427 3506 3497 ἥκιστα
3536 3442 3703 3495 μετα-

2128 3525 2277 3594 σχεῖν
2312 3524 2412 3592 τῆς
2446 3521 2596 3585 θείας
2634 3537 2694 3574 τε
2723 3522 2816 3575 καὶ
2836 3521 3075 3592 ἀρρήτου
3104 3519 3340 3588 φύσεως,
3386 3519 3524 3587 ὅπερ
3553 3516 3703 3569 ἐστὶν

2126 3614 2337 3678 οὐδενὸς
2367 3614 2429 3667 τὸ
2471 3612 2693 3683 σύμπαν
2721 3612 3017 3675 ἀπόλαυσις
3052 3609 3279 3680 ἀγαθοῦ.
3313 3609 3522 3663 Οὐκοῦν
3544 3608 3600 3661 εἰ
3621 3623 3721 3678 τῳε

2127 3705 2289 3760 καλὸν
2318 3705 2412 3759 καὶ
2433 3704 2752 3775 ἀξιέραστον
2776 3700 2913 3758 εἶναι
2942 3703 3168 3756 δοκεῖτὸ
3187 3702 3286 3771 τῆς
3319 3700 3467 3766 θείας
3487 3698 3705 3770 φύσεως

2131 3796 2484 3868 μεταλαχείν,
2538 3791 2950 3863 ὲνδιαιτώμενόν
2996 3809 3056 3845 τε
3108 3792 3202 3846 καὶ
3235 3789 3548 3845 ἐνοικοῦντα
3588 3790 3704 3851 τοῖς

2126 3889 2225 3960 τῆς
2256 3887 2481 3958 καρδίας
2508 3887 2755 3957 ταμείοις
2780 3886 2871 3940 τὸν
2894 3884 3002 3938 τῶν
3033 3884 3168 3939 ὅλων
3196 3883 3341 3955 ἔχειν
3369 3882 3586 3951 Πατέρα
3608 3881 3703 3935 καὶ

2127 3979 2256 4032 Θεὸν
2303 3977 2367 4031 δι’
2414 3976 2541 4031 Υἱοῦ
2576 3978 2636 4029 tv
2682 3975 2979 4047 Πνεύματι,
3032 3974 3316 4039 διανιζέτω
3355 3973 3455 4045 τὴν
3501 3970 3700 4027 ἑαυτοῦ

2125 4069 2322 4143 ψυχὴν,
2353 4071 2446 4124 καὶ
2480 4069 2579 4139 τὴν
2600 4069 2666 4120 ὲκ
2696 4068 2794 4138 τῆς
2821 4066 3172 4137 φαυλότητος,
3201 4065 3267 4119 δι’
3289 4058 3365 4119 ὧν
3395 4065 3459 4119 ἂν
3482 4065 3701 4121 δύναιτο

2126 4164 2361 4235 τρόπων,
2411 4160 2608 4231 μᾶλλον
2633 4159 2690 4211 δὲ
2718 4159 2785 4213 δι’
2814 4158 3032 4229 ἀπάσης
3062 4156 3431 4228 ἀγαθουργίας
3472 4158 3700 4226 ἀποτρι-

2128 4251 2267 4303 6ἐτω
2298 4249 2510 4320 κηλῖδα.
2546 4248 2856 4318 Χρηματιεῖ
2885 4246 2993 4317 γὰρ
3022 4246 3142 4299 τότε
3174 4246 3298 4309 ναὸς
3323 4247 3487 4308 ὅντως
3515 4244 3651 4298 Θεοῦ
3678 4261 3696 4277 ’

461 4354 650 4424 gister,
682 4354 883 4421 inquit,
915 4365 1115 4421 sequar
1149 4358 1200 4404 te
1247 4364 1580 4421 quocunque
1630 4347 1846 4403 ieris”.
1880 4365 1900 4399 ι
1958 4346 2024 4400 At

2127 4341 2500 4394 ἀναπαύσεται
2551 4338 2611 4391 δὲ
2662 4340 2721 4391 tv
2750 4336 2900 4408 αὐτῷ
2949 4339 3042 4391 καὶ
3090 4337 3404 4401 καταλύσει,
3450 4337 3590 4392 κατά
3637 4336 3701 4391 τὸ

460 4444 591 4512 quid
613 4443 679 4496 ad
705 4456 830 4495 eum
873 4439 1180 4494 Dominus?
1208 4436 1576 4508 IEnigmatiee
1605 4445 1662 4491 et
1710 4450 1807 4506 per
1855 4450 2021 4506 para-

460 4532 676 4587 bolain:
708 4549 727 4580 ι
772 4530 974 4598 Vulpes
1017 4528 1204 4583 foveas
1234 4529 1459 4593 habent,
1510 4536 1565 4582 et
1599 4530 1852 4583 volucres
1892 4527 2019 4582 cmli

461 4622 621 4676 nidos
648 4639 659 4674 :
695 4619 865 4675 Filius
895 4632 1077 4674 autem
1121 4620 1363 4674 hominis
1395 4633 1505 4673 non
1538 4618 1702 4671 habet
1737 4618 1828 4671 ubi
1859 4626 2023 4687 caput

461 4716 689 4771 reclinet
713 4715 778 4770 ".
818 4733 838 4767 ι
867 4712 1068 4783 Vulpes
1103 4723 1284 4768 autem
1336 4721 1391 4768 et
1420 4712 1542 4767 (ια)ιί
1591 4726 1720 4766 aves
1753 4711 2023 4781 malignos

458 4816 513 4863 et
547 4806 788 4875 impuros
818 4806 1151 4874 nuncupavit
1175 4802 1478 4866 daemonas,
1532 4810 1587 4857 et
1643 4802 1807 4856 hosce
1862 4817 2025 4857 mun-

459 4898 631 4952 danos
659 4906 823 4966 atque
852 4894 1032 4951 aerios
1059 4893 1310 4965 spiritus,
1351 4894 1444 4963 qui
1496 4893 1551 4949 in
1602 4891 2024 4948 libidinosorum

461 4988 720 5044 cordibus
748 4997 1033 5044 versantur
1064 4998 1227 5057 atque
1276 4985 1607 5049 inhabitant,
1659 5000 1773 5040 sua:
1825 4985 2022 5039 volun-

460 5081 586 5136 tatis
635 5080 842 5135 exitum
879 5078 1185 5142 consecuti,
1231 5077 1572 5148 miserasque
1609 5091 1798 5131 eorum
1839 5091 1871 5129 a
1898 5076 2024 5145 qui-

458 5172 563 5228 bus
590 5173 964 5241 suscipiuntur
997 5170 1206 5225 animas
1232 5169 1289 5224 in
1318 5175 1534 5223 arctum
1568 5168 1705 5223 adeo
1728 5174 2015 5238 cogentes,

458 5270 518 5316 ut
556 5265 763 5317 nullum
811 5277 1046 5333 prorsus
1080 5262 1136 5315 in
1166 5261 1234 5316 iis
1281 5260 1661 5333 requiescendi
1696 5262 1848 5316 locus
1906 5259 2018 5316 Deo

458 5351 803 5422 relinquatur
827 5373 841 5409 :
872 5354 926 5407 id
955 5354 1098 5409 enim
1127 5354 1422 5423 signillcat,
1456 5373 1475 5406 ι
1501 5353 1764 5409 reclinare
1792 5360 1973 5421 caput.
1996 5372 2015 5405 ›

2127 4432 2531 4503 γεγραμμένον.
2568 4431 2643 4485 Οὐ
2674 4431 2782 4501 γὰρ
2810 4430 2963 4487 ἔσται
2994 4432 3111 4482 κατ’
3139 4431 3341 4483 ἐκεῖνον
3371 4430 3463 4483 τὸν
3489 4430 3548 4481 tv
3585 4431 3701 4491 τοῖς

2127 4525 2478 4593 Εὑαγγελίοις
2510 4522 2732 4594 νομικὸν
2760 4522 3165 4593 ὠνομασμένον,
3213 4521 3271 4584 ὃς
3299 4520 3396 4592 τὴν
3420 4521 3572 4591 παρά
3603 4518 3699 4573 τοῦ

2126 4617 2375 4688 Σωτῆρος
2405 4617 2467 4670 οὗ
2499 4616 2818 4686 περιμείνας
2843 4616 3023 4686 χάριν,
3049 4613 3378 4682 αὐτόκλητος
3402 4609 3539 4666 εἶναι
3562 4611 3704 4681 πρὸς

2127 4707 2482 4778 ἀκολούθησιν
2506 4705 2633 4777 ἔφη,
2659 4708 2751 4759 καὶ
2770 4708 2868 4776 τὴν
2889 4704 3060 4771 οὕτως
3084 4704 3409 4773 ἀξιάγαστον
3436 4704 3706 4776 ἁρπάζων

2128 4799 2317 4869 τιμὴν,
2348 4798 2481 4869 φησί
2503 4815 2517 4831 ·
2550 4797 2904 4859 «Διδάσκαλε,
2934 4795 3281 4867 ἀκολουθήσω
3314 4812 3417 4861 σοι,
3443 4797 3577 4848 ὅπου
3604 4796 3706 4851 ἐὰν

2130 4892 2364 4962 ἀπέρχῃ.
2397 4909 2417 4942 ι
2490 4890 2651 4944 Ἀλλά
2679 4891 2734 4943 τί
2769 4890 2903 4962 πρὸς
2935 4888 3096 4943 αὑτὸν
3140 4890 3170 4941 ό
3220 4888 3458 4959 Κύριος;
3522 4887 3610 4951 Ὠς
3644 4890 3706 4942 tv

2130 4983 2412 5055 παραϐολῇ
2462 4984 2556 5036 καὶ
2603 4982 2883 5051 αἰνίγματι
2907 4997 2922 5012 ’
2975 5000 2994 5032 ι
3022 4981 3089 5032 Ai
3137 4979 3419 5044 ἀλώπεκες
3461 4980 3707 5049 φωλεοὺς

2129 5076 2333 5147 ἔχουσι,
2352 5076 2447 5129 καὶ
2469 5074 2540 5128 τὰ
2563 5074 2782 5129 πετεινὰ
2804 5072 2899 5127 τοῦ
2926 5073 3159 5144 οὐρανοῦ
3183 5072 3645 5142 κατασκηνώσεις
3677 5073 3709 5123 6

2121 5168 2178 5221 δὲ
2197 5168 2323 5232 Υἱὸς
2342 5167 2435 5221 τοῦ
2450 5165 2736 5238 ἀνθρώπου
2754 5165 2853 5218 οὐκ
2868 5164 2980 5236 ἔχει
2998 5164 3099 5218 ποῦ
3118 5163 3215 5235 τὴν
3233 5162 3473 5232 κεφαλὴν
3489 5163 3667 5232 κλίνῃ.
3680 5181 3701 5210 ι

2134 5260 2448 5324 ’Δλὼπεκας
2480 5260 2537 5313 δὲ
2572 5260 2666 5312 καὶ
2693 5259 2924 5331 οὐρανοῦ
2955 5257 3177 5311 πετεινά
3210 5257 3335 5319 τοὺς
3362 5256 3708 5325 πανούργους

2124 5354 2218 5407 καὶ
2237 5354 2580 5424 ἀκαθάρτους
2609 5352 2861 5423 ὠνόμασε
2892 5350 3173 5420 δαίμονας,
3205 5348 3298 5401 καὶ
3324 5350 3395 5401 τά
3430 5347 3706 5416 ἐγκόσμια

455 5442 760 5523 ιξιινςοιηιιε
799 5443 983 5514 itaque
1015 5442 1183 5499 corda
1222 5453 1410 5500 nostra
1447 5446 1515 5500 ab
1561 5446 1709 5500 omni
1742 5445 1900 5517 labe:
1937 5447 2019 5501 sic

2127 5445 2280 5507 tauri
2321 5444 2414 5499 καὶ
2472 5445 2634 5515 ἀέρια
2680 5442 2983 5513 πνεύματα,
3025 5441 3062 5495 ἀ
3091 5442 3209 5503 ταῖς
3239 5438 3535 5519 φιληδόνων
3564 5453 3705 5508 καρ-

525 5617 570 5649 "
605 5616 652 5671 ll
682 5615 823 5672 Petr.
861 5633 898 5681 t,
929 5617 981 5673 ί.
1059 5619 1167 5681 "'1~
1199 5620 1323 5676 Cor.
1375 5637 1454 5682 tit.
1499 5620 1579 5676 l6.
1673 5623 1715 5655 ³ο
1744 5620 1931 5678 Matth.
1990 5639 2024 5677 v

2151 5619 2234 5674 l9.
2274 5621 2313 5655 ³⁸
2345 5618 2483 5676 Ibid.
2525 5618 2614 5675 ‘30.
