4042 6204
455 370 560 427 999

1480 360 1537 420 S.
1573 362 1849 420 CVRILLI
1894 356 2711 420 ALEXANDRINIARCHIEP.
2800 388 2817 407 ε

3597 356 3704 416 300

456 507 551 561 per
582 506 664 543 me
693 496 823 541 tunc
844 486 933 542 illa
970 485 1244 542 veteribus
1272 485 1490 540 loculus
1519 491 1622 547 est,
1656 482 1925 536 eademet
1959 480 2021 535 ad

2131 483 2223 536 ἐπὶ
2255 486 2367 547 τοῖς
2397 483 2772 554 ἀρχαιοτέροις
2802 481 3043 551 θεσμοῖς,
3094 479 3208 532 ἀλλ’
3236 478 3356 533 οὐδὲ
3386 478 3462 541 ὼς
3493 480 3585 533 νῦν
3612 483 3705 549 1:6-

452 601 552 640 vos
601 598 747 637 nunc
804 580 1065 651 loquitur.
1121 578 1359 634 Verbum
1414 577 1618 632 etenim
1676 589 1799 630 sum
1838 575 2030 630 vivens

458 677 549 731 Dei
584 691 648 729 ac
675 673 853 727 Patris
880 670 1172 727 inell‘abilis
1203 668 1501 725 voluntatis
1537 666 1843 736 interpres:
1882 664 2031 718 ideo-

454 782 561 838 que
603 772 831 820 vocatus
880 778 1000 821 sum
1045 762 1225 833 magni
1274 759 1492 815 consilii
1532 758 1775 828 Angelus
1799 756 1865 808 ³⁷.
1923 758 2031 809 Aut

452 860 595 919 enim
627 860 730 913 hac
758 857 966 912 ratione
998 854 1206 910 dictum
1241 852 1374 907 illud
1406 851 1760 921 accipiemus,
1793 864 2027 918 nempe:

457 972 475 1004 ι
534 949 855 1005 Sermonem
890 962 1052 1019 quem
1110 945 1371 1006 audistis,
1426 957 1533 996 non
1565 949 1648 997 est
1684 955 1878 1000 meus.
1938 938 2028 993 M'd

449 1042 572 1111 ejus
603 1041 694 1111 qui
726 1037 876 1093 misit
904 1051 1010 1099 me,
1034 1033 1245 1100 Patris;
1275 1053 1292 1084 ι
1325 1041 1422 1085 aut
1442 1040 1593 1085 certe
1625 1030 1783 1084 aliter
1810 1043 2031 1099 quoque

450 1134 846 1202 intelligemus.
885 1128 976 1183 Dei
1020 1128 1163 1183 enim
1199 1142 1263 1181 ac
1306 1124 1486 1178 Patris
1520 1137 1681 1177 suum
1718 1135 2027 1177 sermonem

449 1226 606 1290 dicit,
642 1232 699 1279 ut
725 1223 817 1293 qui
847 1236 972 1277 eum
996 1227 1219 1275 servant
1248 1217 1430 1272 sciant
1454 1230 1513 1270 se
1546 1212 1713 1269 Deum
1739 1212 2028 1274 honorare,

448 1318 796 1376 sermonibus
825 1316 947 1385 ejus
980 1311 1253 1384 Persuasi.
1292 1308 1396 1376 Qui
1434 1322 1564 1363 vero
1600 1306 1657 1360 in
1690 1303 2027 1360 contrarium

447 1410 769 1466 ceciderunt
807 1414 863 1461 et
904 1402 1288 1459 incredulitate
1327 1415 1425 1454 sua
1457 1396 1646 1451 datum
1705 1394 2026 1449 mandatum

449 1501 653 1555 violare
685 1513 795 1551 non
832 1501 1112 1558 verentur,
1149 1491 1202 1544 in
1254 1491 1427 1559 ipsam
1496 1495 1729 1558 peccant
1779 1486 2028 1539 omnium

448 1590 690 1659 reginam
720 1593 995 1651 naturam.
1029 1579 1253 1651 Duobus
1286 1586 1469 1632 autem
1508 1574 1686 1629 modis
1713 1574 2026 1628 auditorum

448 1682 664 1736 animus
696 1668 1012 1733 coutlrm'ari
1034 1672 1260 1743 potest:
1295 1679 1389 1723 aut
1412 1668 1557 1724 enim
1594 1665 1899 1721 honorandi
1935 1664 2041 1719 Dei‘

445 1774 711 1827 voluntas
742 1767 808 1823 ad
837 1766 1170 1822 credendum
1201 1762 1393 1832 utique
1422 1759 1720 1829 impulerit,
1754 1766 1849 1812 aut
1876 1765 2027 1813 certe

2132 573 2379 644 ρημένης
2405 576 2502 641 τῆς
2526 572 2807 642 ἀμείνονος
2830 572 3067 642 ἐντολῆς,
3094 571 3208 624 ἀλλ’
3237 572 3313 635 ὡς
3341 571 3399 624 ὲν
3427 573 3606 644 καιρῴ
3631 574 3710 645 τῷ

2129 665 2300 719 δέοντι
2336 664 2862 736 μεταπεπλασμένου
2910 664 3004 717 τοῦ
3046 664 3218 717 τύπου
3258 664 3394 735 πρὸς
3423 665 3704 735 ἀλήθειαν.

2142 756 2201 809 '0
2229 756 2337 828 γὰρ
2380 758 2560 808 ἐκεῖνα
2607 755 2847 825 λαλήσας
2891 754 2958 808 δι’
2994 755 3128 825 ἐμοῦ
3168 758 3282 819 τοῖς
3331 756 3709 829 ἀρχαιοτέροις
3748 788 3757 797 ι

2128 846 2271 911 τότε,
2301 847 2394 899 καὶ
2419 845 2592 900 ταῦτα
2623 846 2741 900 νυνὶ
2763 830 2899 917 πρὸς
2928 847 3090 917 ὑμᾶς.
3118 846 3290 914 Λόγος
3318 848 3427 919 γάρ
3457 851 3571 919 εἰμι
3598 849 3709 915 ζῶν

2128 942 2228 1011 τῆς
2246 938 2339 993 τοῦ
2370 938 2502 993 Θεοῦ
2528 940 2620 992 καὶ
2640 940 2850 1007 Πατρὸς
2874 939 3133 1011 άρῤήτου“
3150 938 3422 1011 θελήσεως
3445 942 3710 1013 ἑρμηνευ-

2128 1031 2300 1093 τικδς,
2332 1028 2413 1082 διὸ
2439 1029 2531 1082 καὶ
2575 1027 2847 1099 κέκλημαι
2895 1029 3138 1099 μεγάλης
3183 1028 3381 1100 βουλῆς
3416 1031 3703 1100 ΙΙἌγγελος.

2139 1121 2205 1176 Ἢ
2237 1121 2345 1192 γὰρ
2375 1121 2515 1175 κατὰ
2538 1121 2726 1175 τοῦτον
2749 1121 2841 1174 τὸν
2879 1121 3078 1192 τρόπον
3108 1121 3434 1193 ὲκδεξόμεθα
3457 1123 3520 1176 τὸ
3551 1126 3705 1196 εἰρη-

2133 1213 2315 1283 μένον,
2344 1214 2487 1285 φημὶ⁸
2524 1214 2581 1268 δὲ
2609 1214 2690 1276 τὸ,
2737 1232 2756 1265 ι
2792 1215 2848 1268 '0
2876 1214 3034 1282 λόγος
3058 1213 3116 1267 ὃν
3146 1214 3396 1282 ἀκούετε,
3428 1216 3529 1270 οὐκ
3560 1217 3707 1271 ἐστιν

2128 1303 2283 1373 ἐμὸς,
2329 1303 2466 1358 ἀλλὰ
2493 1302 2587 1358 τοῦ
2620 1304 2932 1376 πέμψαντός
2978 1322 3045 1376 με
3079 1304 3313 1376 Πατρός,
3344 1324 3362 1356 ι
3406 1307 3576 1378 ἤγουν
3613 1310 3701 1362 καὶ

2130 1393 2331 1467 ἑτέρως
2384 1397 2672 1467 νοήσομεν.
2723 1396 2831 1450 Τοῦ
2878 1396 2987 1468 γὰρ
3038 1396 3175 1450 Θεοῦ
3220 1399 3317 1452 καὶ
3360 1399 3573 1471 Πατρὸς
3614 1401 3705 1454 τὸν

2128 1485 2323 1540 ἑαυτοῦ
2369 1486 2526 1556 λόγον
2571 1487 2769 1558 φησιν,
2820 1487 2909 1540 ἴνα
2939 1488 2988 1540 οῖ
3039 1489 3482 1559 μὲνντηροῦντες
3516 1484 3711 1544 εἰδεῖεν

2128 1577 2207 1630 ὅτι
2230 1576 2362 1629 Θεὸν
2385 1577 2733 1647 τετιμήκασι,
2759 1580 2871 1634 τοῖς
2901 1578 3030 1648 παρ’
3063 1558 3227 1632 αύέοῦ
3256 1582 3504 1649 γεγονόσι
3534 1592 3705 1638 κατα-

2128 1664 2440 1737 πειθόμενοι
2471 1665 2669 1735 λόγοις.
2706 1666 2768 1719 Ol
2797 1666 2853 1719 δέ
2890 1683 2953 1743 γε
2986 1667 3120 1739 πρὸς
3148 1669 3207 1721 τὸ
3238 1669 3414 1740 τούτῳ
3450 1654 3706 1738 πεσόντες

2127 1757 2388 1821 ἐναντίον,
2426 1759 2521 1811 καὶ
2568 1760 2687 1822 ταῖς
2729 1758 3040 1822 ἀπειθείαις
3081 1760 3179 1832 τὴν
3209 1761 3459 1816 δοθεῖσαν
3488 1765 3706 1833 ἐντολὴν

443 1865 593 1920 illius
622 1858 929 1917 oﬂ'endendi
951 1864 1131 1912 metus
1162 1853 1398 1924 idipsum
1428 1851 1647 1906 eﬂiciet.
1685 1850 1743 1905 lu
1787 1857 2021 1919 utroque

2127 1845 2428 1919 ἐξυϐρίζειν
2452 1849 2512 1901 οὐ
2547 1847 2995 1920 παραιτούμενοι,
3028 1852 3109 1914 είς
3140 1852 3311 1923 αὐτὴν
3333 1854 3704 1924 ἁμαρτάνουσι

443 1957 588 2013 enim
620 1964 766 2010 certa
818 1949 1069 2007 utilitatis
1104 1948 1245 2003 ratio
1303 1952 1605 2015 spectatur.
1661 1943 1797 1998 Cum
1842 1949 2025 1996 autent

443 2047 542 2110 ait,
580 2064 598 2097 ι
640 2041 756 2098 Non
788 2048 874 2097 est
912 2052 1101 2112 sermo
1126 2051 1305 2101 meus,
1366 2054 1384 2085 ι
1421 2034 1844 2104 haudquaquam
1880 2042 2029 2087 certe

444 2153 547 2193 nos
570 2151 599 2190 a
622 2148 721 2190 sua
752 2145 985 2203 persona
1010 2134 1205 2181 avocat
1236 2140 1343 2196 qua
1374 2121 1614 2179 Verbum
1637 2133 1722 2178 est
1752 2137 1817 2177 ac
1842 2121 2023 2179 Deus:

445 2230 538 2285 sed
566 2229 694 2298 quia
731 2220 986 2282 servilem
1030 2221 1261 2275 formam
1299 2218 1353 2273 in
1402 2233 1463 2272 se
1511 2214 1811 2271 habens'et
1863 2214 2027 2268 homo

442 2320 605 2378 sicuti
642 2332 742 2373 nos
774 2311 1135 2375 exsistens",
1183 2310 1295 2364 hinc
1334 2307 1432 2373 ait,
1491 2320 1803 2361 sermonem
1861 2318 2024 2359 suum

442 2428 551 2468 non
589 2412 707 2464 vult
749 2409 1047 2461 humamnn
1093 2400 1331 2465 censeri,
1387 2396 1481 2453 sed
1522 2397 1772 2451 divinum
1833 2409 2025 2449 revera

440 2513 496 2559 et
529 2502 763 2573 regium,
793 2514 918 2554 eum
952 2494 1264 2550 necessario
1290 2490 1358 2547 ad
1398 2489 1577 2545 Patris
1613 2501 1905 2559 personam
1942 2501 2025 2541 re-

442 2595 651 2655 ferens,
696 2606 788 2654 ne,
825 2589 870 2644 si
923 2587 1170 2657 seipsum
1207 2582 1503 2643 divideret.
1541 2596 1730 2636 ansam
1764 2580 2026 2651 praeberet

441 2690 582 2744 duos
614 2687 755 2740 ﬁlios
790 2678 1154 2747 intelligendi,
1193 2692 1319 2731 cum
1356 2682 1483 2747 ante
1525 2681 1580 2729 et
1617 2680 1737 2744 post
1776 2674 2026 2726 incarna-

440 2782 644 2834 tionem
676 2789 818 2829 unus
849 2774 922 2828 sit
946 2770 1141 2825 Filius.
1182 2767 1333 2824 Unus
1362 2746 1507 2822 enim
1538 2774 1622 2820 est
1653 2765 1930 2828 Christus,
1959 2778 2024 2817 ac

442 2883 549 2922 non
584 2867 712 2926 duo,
752 2860 917 2917 sicuti
954 2861 1147 2913 volunt
1177 2858 1371 2928 aliqui.
1406 2856 1552 2913 Deus
1582 2858 1724 2911 enim
1750 2858 2023 2912 exsistens

444 2956 683 3011 Verbum
739 2970 804 3008 et
849 2952 1010 3007 Patre
1044 2965 1176 3004 caro
1210 2949 1413 3003 factum
1458 2960 1563 3017 est,
1593 2948 1748 3018 juxta
1793 2946 2022 3004 Joannis

444 3063 632 3103 vocem
656 3047 725 3110 “,
757 3061 864 3099 nou
899 3044 951 3097 in
983 3057 1152 3097 carne
1187 3048 1640 3103 transmutatum,
1667 3038 1764 3094 sed
1796 3041 2019 3109 templo,

2128 1940 2228 2007 τὴν
2258 1940 2476 1994 πάντων
2519 1939 2767 2011 βασιλίδα
2811 1940 2995 2009 φύσιν.
3035 1936 3145 1995 Ἦν
3176 1942 3233 1996 δὲ
3259 1943 3324 2014 δὴ
3365 1945 3526 1999 πάλιν
3563 1945 3705 1999 κατά
3802 2020 3805 2023 _

2128 2029 2222 2085 δύο
2270 2033 2504 2104 τρόπους
2569 2033 2659 2087 τὸν
2721 2032 2831 2087 τῶν
2888 2033 3255 2106 ἀκροωμένων
3301 2036 3703 2106 ἀσφαλίσασθαι

2128 2119 2271 2175 νοῦν.
2319 2121 2390 2175 Ἥ
2417 2118 2529 2193 γὰρ
2554 2120 2615 2175 τὸ
2649 2121 2824 2175 θέλειν
2859 2123 3083 2195 τιμῆσαι
3112 2125 3205 2178 τὸν
3236 2125 3368 2179 Θεὸν
3402 2129 3703 2200 προτρέψαι

2128 2213 2346 2277 πάντως
2366 2215 2444 2277 εἰς
2467 2213 2798 2279 εὐπείθειαν,
2824 2215 2990 2286 ήγουν
3015 2214 3075 2269 τδ
3094 2215 3319 2271 δεδιέναι
3344 2220 3705 2290 προσκρούειν

2126 2304 2272 2376 αύτῷ
2305 2304 2461 2358 τοῦτο
2485 2304 2551 2376 δὴ
2579 2305 2743 2359 πάλιν
2780 2308 3095 2377 ἐργάσεται.
3123 2304 3240 2362 Eiet
3267 2310 3375 2381 γὰρ
3402 2310 3469 2363 δι’
3500 2313 3704 2381 ἀμφοῖν

2125 2400 2155 2451 6
2184 2398 2278 2450 τοῦ
2305 2398 2574 2471 χρησίμου
2598 2415 2657 2452 τε
2686 2390 2779 2453 καὶ
2805 2400 3179 2471 συμφέροντος
3203 2402 3478 2474 λογισμός.
3509 2405 3703 2474 Λέγων
3761 2464 3770 2471 ,

2124 2490 2182 2544 δὲ
2211 2492 2291 2545 ὅτι
2343 2509 2362 2541 ι
2394 2492 2508 2544 Οὐκ
2540 2490 2687 2545 ἔστιν
2730 2491 2859 2562 ἐμὸς
2889 2493 2918 2546 6
2951 2492 3129 2564 λόγος,
3163 2513 3181 2546 ι
3229 2496 3351 2567 οὐχὶ
3381 2495 3446 2566 δὴ
3485 2497 3706 2559 πάντως

2123 2584 2273 2654 ἡμᾶς
2313 2582 2555 2653 ἐξίστησι
2601 2584 2695 2637 τοῦ
2759 2584 2890 2638 ίδίου
2937 2586 3231 2657 προσώπου
3292 2588 3536 2660 καθόπερ
3586 2590 3703 2642 ἐστὶ

2126 2675 2298 2744 Λόγος
2324 2676 2417 2728 καὶ
2450 2675 2583 2737 Θεός
2612 2691 2624 2703 '
2671 2675 2857 2748 ἐπειδὴ
2889 2676 2945 2729 δὲ
2973 2678 3071 2748 τήν
3100 2680 3379 2750 οἰκετικὴν
3408 2680 3546 2751 ἔχων
3574 2698 3705 2754 μορ-

2127 2765 2233 2836 φὴν
2267 2766 2346 2818 ἔτι
2390 2766 2485 2819 καὶ
2529 2767 2586 2818 ἑν
2624 2767 2946 2839 ἀνθρωπίνῳ
2987 2770 3311 2840 φαινόμενος
3343 2773 3580 2842 σχήματι
3611 2774 3704 2826 καὶ

2127 2859 2387 2931 ὑπάρχων
2443 2860 2658 2930 ἀληθῶς
2704 2859 2831 2914 καθ’
2877 2861 3045 2931 ἡμᾶς,
3110 2860 3179 2915 τά
3247 2860 3473 2915 τοιαῦτά
3517 2879 3702 2931 φησιν,
3767 2889 3777 2901 -

2124 2952 2224 3005 οὐκ
2250 2950 2589 3022 ἀνθρώπινον
2616 2952 2707 3005 τὸν
2737 2952 2932 3005 ἑαυτοῦ
2968 2952 3205 3006 νοεῖσθαι
3241 2952 3485 3023 βούλεται
3520 2953 3701 3023 λόγον,

2070 3090 2085 3116 ,
2123 3043 2257 3096 ἀλλά
2290 3043 2430 3097 θεῖον
2459 3043 2631 3105 ὅντως
2672 3043 2769 3097 καὶ
2798 3042 3097 3114 βασιλικὸν,
3132 3044 3500 3116 περιενεγκὼν
3530 3047 3701 3114 ἀναγ-

443 3142 497 3196 id
524 3148 609 3195 est
648 3153 846 3203 carne,
872 3153 936 3191 ex
971 3144 1163 3190 sancta
1198 3133 1419 3205 Virgine
1441 3132 1544 3187 sibi
1582 3142 1886 3203 assumpto.
1938 3133 2019 3187 Ne

2124 3136 2293 3198 καίως
2325 3137 2404 3198 εἰς
2435 3134 2493 3188 τὸ
2535 3135 2628 3189 τοῦ
2663 3135 2877 3206 Πατρδς
2916 3135 3230 3206 πρόσωπον,
3265 3137 3355 3191 ἵνα
3384 3136 3479 3207 μὴ,
3511 3136 3703 3190 διελὼν

439 3248 572 3301 ergo
605 3235 898 3286 lunnanum
929 3244 1053 3283 esse
1089 3234 1346 3297 putemus
1389 3239 1701 3280 sermonem
1731 3223 1869 3293 ejus,
1920 3234 2020 3278 nec

2121 3226 2334 3290 ἑαυτὸν,
2365 3225 2457 3280 δύο
2495 3226 2680 3280 λοιπὸν
2721 3201 2870 3291 υἱοὺς
2903 3201 3139 3282 νοεῖσθαι
3174 3201 3586 3300 παρασκευάσῃ,
3620 3223 3703 3293 εἷς

437 3340 468 3378 a
508 3333 704 3377 natura
739 3321 924 3374 divina
976 3317 1328 3387 disciplinam
1375 3315 1752 3387 evangelicam
1801 3315 2020 3369 abstra-

2119 3316 2193 3371 ὣν
2232 3318 2394 3384 Υἱὸς,
2448 3320 2543 3372 καὶ
2584 3319 2690 3390 πρὸ
2726 3318 2826 3389 τῆς
2882 3321 3212 3390 σαρκώσεως
3262 3322 3356 3375 καὶ
3405 3322 3542 3391 μετά
3592 3323 3697 3392 τὴν

439 3416 660 3474 hamus,
693 3410 789 3467 sed
822 3408 915 3463 Dei
951 3406 1192 3480 supremi
1240 3421 1364 3461 esse
1393 3405 1704 3467 credamus,
1754 3403 2019 3474 singulari

2121 3411 2415 3481 σάρκωσιν.
2443 3406 2537 3475 Εἷς
2557 3411 2666 3483 γὰρ
2687 3414 2716 3466 6
2742 3413 2995 3484 Χριστὸς,
3023 3414 3118 3466 καὶ
3137 3414 3196 3466 ού
3222 3414 3334 3481 δύο,
3358 3415 3497 3469 κατά
3522 3432 3697 3477 τινας.

438 3505 674 3558 cutisilio
698 3509 970 3580 recteque
996 3498 1314 3564 admodum,
1353 3506 1546 3569 utpote
1588 3512 1711 3551 cum
1742 3505 1794 3551 et
1829 3498 1880 3550 in
1920 3497 2020 3550 hu-

2119 3504 2249 3568 Θεὸς
2279 3504 2388 3576 γὰρ
2416 3502 2489 3556 ὣν
2519 3504 2547 3556 6
2580 3504 2751 3571 Λόγος
2780 3506 2844 3559 ὲκ
2876 3505 3090 3575 Πατρδς
3122 3506 3313 3575 γέγονε
3355 3506 3511 3576 σὰρξ,
3558 3509 3700 3561 κατά

440 3610 602 3648 mana
640 3582 813 3646 loruta
858 3597 1168 3660 appareret,
1212 3596 1423 3642 natura:
1480 3586 1678 3641 divinae
1711 3602 2019 3642 sermonem

2119 3594 2215 3664 τὴν
2252 3593 2498 3648 Ἰωάννου
2523 3593 2726 3665 φωνὴν,
2745 3596 2859 3655 ,οὐκ
2888 3596 2969 3659 είς
2997 3595 3174 3666 σάρκα
3203 3597 3699 3669 μεταϐεϐλημένος,

435 3702 634 3741 rursus
665 3683 881 3746 tribuit,
907 3690 1171 3750 tanquam
1205 3681 1260 3734 in
1308 3694 1543 3750 persona
1576 3678 1668 3734 Dei
1693 3695 1758 3735 ac
1814 3679 2013 3743 Patris,

433 3796 504 3834 ex
533 3793 641 3848 quo
666 3787 719 3830 et
747 3777 800 3830 in
829 3788 939 3845 quo
969 3770 1276 3829 secundum
1304 3780 1559 3826 naturam
1591 3778 1695 3833 est,
1737 3779 1795 3823 ut
1830 3771 2017 3841 splen-

438 3869 541 3923 dor
567 3878 622 3923 et
658 3866 893 3921 Verbum
924 3863 1087 3937 837
1122 3862 1266 3934 ejus,
1306 3871 1361 3918 et
1402 3863 1692 3919 character
1724 3863 1847 3933 ejus
1885 3863 2015 3918 sub-

438 3959 657 4014 stantia:
676 3958 744 4012 “.

2115 3685 2229 3739 ἀλλ’
2262 3685 2397 3740 ἰδίαν
2423 3686 2795 3756 ποιησάμενος
2817 3687 2996 3758 σάρκα
3025 3689 3115 3741 τὸν
3135 3690 3199 3741 ὲκ
3230 3690 3328 3760 τῆς
3360 3691 3523 3757 ἀγίας
3550 3692 3702 3761 Παρ-

2114 3777 2268 3830 θένου
2322 3776 2468 3831 ναόν.
2522 3776 2642 3831 Ἵνα
2687 3777 2865 3831 τοίνυν
2898 3777 2974 3848 μὴ
3006 3777 3345 3849 ἀνθρώπινον
3372 3774 3509 3832 εἶναι
3538 3780 3698 3848 νομί-

2113 3863 2297 3936 ζωμεν
2326 3865 2418 3919 τὸν
2447 3864 2609 3934 λόγον
2636 3865 2821 3931 αὑτοῦ,
2859 3865 2994 3936 μηδὲ
3025 3865 3126 3937 τῆς
3152 3867 3302 3931 Θείας
3337 3867 3700 3939 ὲκστήσωμεν

2111 3956 2327 4027 φύσεως
2372 3958 2433 4011 τὸ
2482 3957 2713 4028 μάθημα
2748 3959 2808 4012 τὸ
2835 3958 3210 4029 εὐαγγελικὸν,
3252 3958 3388 4014 ἀλλὰ
3433 3960 3569 4014 Θεοῦ
3598 3959 3700 4014 τοῦ

437 4053 532 4106 ἐπὶ
578 4051 786 4116 πάντας
825 4045 964 4104 εἶναι
1008 4048 1376 4122 πιστεύωμεν,
1422 4046 1782 4121 οἰκονομικῶς
1831 4050 1926 4102 καὶ
1966 4049 2169 4124 σφόδρα
2235 4051 2438 4116 καλῶς,
2485 4050 2579 4105 ἆτε
2623 4051 2688 4123 δὴ
2737 4051 2833 4106 καὶ
2892 4053 2952 4105 ὲν
2998 4042 3323 4124 ἀνθρωπίνῳ
3374 4055 3701 4124 φαινόμενος

438 4144 697 4214 σχήματι,
742 4143 809 4212 τῇ
858 4140 980 4213 θεία
1022 4138 1183 4211 φύσει
1220 4139 1487 4210 ἀπονέμει
1518 4139 1679 4194 πάλιν
1712 4138 1804 4192 τὸν
1832 4139 2012 4209 λόγον,
2048 4141 2122 4204 ὡς
2154 4143 2213 4195 ὲν
2247 4142 2525 4214 προσώπῳ
2553 4141 2647 4196 τοῦ
2687 4143 2825 4196 Θεοῦ
2872 4144 2968 4198 καὶ
3022 4144 3258 4215 Πατρὺς,
3301 4145 3360 4213 ἐξ
3391 4140 3453 4201 οῦ
3497 4146 3590 4201 καὶ
3635 4149 3699 4200 ὲν

434 4228 480 4303 ᾧ
507 4234 647 4288 κατὰ
675 4232 833 4302 φύσιν
862 4234 1030 4295 ἐστὶν,
1059 4233 1135 4297 ὡς
1170 4231 1512 4303 ἀπαύγασμα
1541 4231 1635 4286 καὶ
1660 4231 1830 4300 Λόγος
1856 4231 2023 4286 αὐτοῦ
2062 4235 2157 4288 καὶ
2187 4225 2287 4304 τ’ῆς
2320 4235 2670 4299 ὑποστάσεως
2695 4235 2861 4290 αὐτοῦ
2890 4240 3197 4308 χαρακτήρ.

505 4324 646 4390 XIV,
672 4325 763 4391 '25,
800 4324 891 4380 26.
926 4324 1050 4381 Ilwc
1092 4323 1301 4379 locutus
1352 4342 1467 4379 sum
1522 4325 1701 4387 vobis,
1740 4325 1880 4392 apud
1921 4341 2009 4378 vos

436 4434 675 4472 manens.
710 4414 1029 4472 Paracletus
1066 4425 1242 4469 autent
1293 4413 1527 4484 Spiritus
1578 4425 1818 4479 sanctus,
1860 4430 2008 4486 quem

2192 4326 2382 4382 Ταῦτα
2410 4326 2723 4394 λελάληκα
2750 4326 2914 4397 ὑμῖν,
2946 4330 3080 4396 παρ’
3104 4328 3248 4398 ὑμῖν
3272 4329 3488 4400 μένων.
3536 4330 3598 4381 ’0
3626 4330 3700 4384 δὲ

2115 4418 2504 4492 Παράκλητος
2534 4418 2599 4471 τὸ
2624 4420 2865 4489 Πνεῦμα
2901 4419 2967 4473 τὸ
3004 4419 3193 4489 ἅγιον,
3241 4421 3271 4475 ὃ
3305 4422 3525 4491 πέμψει
3551 4423 3699 4491 ὑμῖν

436 4513 605 4563 mittet
637 4508 801 4563 Pater
830 4509 886 4561 in
921 4508 1133 4563 nomine
1168 4523 1303 4570 meo,
1327 4506 1418 4560 ille
1448 4524 1534 4560 vos
1565 4506 1771 4562 docebit
1804 4507 2005 4573 omnia,

2119 4512 2149 4563 ό
2194 4510 2395 4581 Πατὴρ
2430 4512 2500 4564 ἐν
2541 4508 2621 4574 τῷ
2662 4511 2908 4581 ὀνόματί
2942 4529 3082 4579 μου,
3124 4513 3351 4580 ἐκεῖνος
3396 4514 3554 4581 ὑμᾶς
3591 4516 3699 4568 ὄι-

434 4612 486 4657 et
517 4612 756 4673 suggeret
786 4601 928 4656 vobis
956 4601 1139 4656 omnia
1171 4615 1492 4670 quacunque
1520 4599 1706 4654 dixero
1739 4600 1904 4655 vobis.

510 4771 688 4829 Habet
719 4789 914 4831 rursus
946 4773 1037 4829 hic
1079 4789 1261 4830 sermo
1292 4773 1659 4829 humanitatis
1699 4774 2014 4845 expressio-

435 4881 586 4929 nem,
611 4873 667 4920 et
708 4880 736 4918 a
768 4874 959 4920 nostra
994 4862 1311 4921 conditiOne
1338 4881 1451 4920 non
1487 4867 1784 4921 admodum
1816 4868 2009 4934 distat,

432 4960 478 5012 si
534 4956 644 5012 loci
689 4957 857 5024 hujus
917 4972 1141 5012 sensum
1192 4942 1614 5015 convenientem
1669 4971 2007 5032 spectemus.

430 5047 798 5114 Quandonam
825 5047 995 5113 enim,
1028 5048 1243 5117 inquiet
1286 5049 1417 5119 jure
1460 5052 1690 5121 aliquis,
1733 5054 1875 5124 apud
1910 5072 2013 5109 nos

431 5141 695 5196 Christus
743 5156 855 5196 non
919 5149 1028 5205 est,
1063 5141 1288 5196 deitatis
1337 5143 1601 5200 nimirum
1664 5147 1909 5216 potentia
1949 5150 2012 5202 ac

434 5233 678 5294 virtute.
714 5233 906 5305 implet
942 5234 1147 5305 quippe
1191 5234 1481 5301 universa,
1508 5253 1609 5292 nec
1663 5238 1732 5293 ab
1789 5239 1899 5292 ulla
1955 5226 2013 5293 re

437 5321 599 5390 plane
645 5324 834 5388 abest,
864 5323 959 5379 sed
1010 5322 1271 5381 ineffabili
1314 5325 1521 5381 virtute
1570 5329 1752 5397 potius
1809 5340 2009 5383 cuneta

437 5421 702 5481 permeat,
736 5422 938 5467 terram
973 5430 1035 5469 ac
1070 5415 1295 5478 coelum,
1328 5430 1432 5469 nec
1480 5416 1636 5470 abest
1687 5434 1715 5470 a
1751 5426 2008 5488 p’enetra-

438 5503 582 5563 libus
612 5505 841 5574 abyssi?
873 5502 973 5560 Ubi
998 5505 1141 5560 enim
1175 5522 1283 5560 non
1317 5514 1404 5561 est
1445 5505 1624 5563 Deus?
1656 5507 1788 5560 Cum
1839 5510 2007 5578 igitur

436 5597 513 5651 ait
547 5614 561 5651 :
596 5612 619 5647 ι
656 5593 780 5649 llaec
805 5596 1024 5649 loeutus
1046 5611 1169 5651 sum
1189 5596 1369 5662 vobis,
1394 5597 1537 5667 apud
1566 5613 1663 5651 vos
1693 5614 1949 5665 manens,
1980 5622 1998 5653 ι

2114 4600 2282 4665 δείξει
2313 4600 2531 4666 πάντα,
2568 4602 2667 4656 καὶ
2695 4601 3031 4672 ὑπομνήσει
3064 4604 3220 4674 ὑμᾶς
3240 4605 3433 4659 πάντα
3455 4605 3493 4659 d
3519 4602 3701 4661 εἶπον

2110 4690 2244 4762 ἐγώ.
2852 4708 2856 4712 ‘

2185 4783 2336 4852 Ἔχει
2369 4780 2531 4835 πάλιν
2556 4784 2583 4837 ὁ
2613 4782 2769 4852 λόγος
2798 4785 2858 4838 τὸ
2893 4783 3252 4859 ἀνθρώπινον,
3301 4784 3394 4838 καὶ
3422 4783 3533 4839 τῶν
3566 4785 3696 4839 καθ’

2110 4872 2257 4942 ἡμᾶς
2276 4873 2337 4926 ού
2366 4873 2486 4927 λίαν
2516 4874 2861 4945 ἀπήλλακται
2891 4876 3127 4945 μέτρων,
3157 4877 3279 4929 ὅσον
3309 4871 3442 4948 ἧκεν
3465 4876 3545 4938 είς
3564 4875 3695 4929 νοῦν

2108 4968 2221 5029 τοῖς
2250 4966 2635 5036 προκειμένοις
2663 4968 2754 5022 τὸν
2792 4968 3089 5040 πρέποντα.
3124 4969 3261 5023 Πότε
3289 4969 3418 5039 γὰρ,
3450 4968 3694 5035 εύλόγως

2110 5055 2227 5122 ἐρεῖ
2268 5072 2372 5119 τις,
2407 5057 2482 5120 ὡς
2510 5058 2571 5111 οὺ
2623 5058 2754 5129 παρ’
2784 5059 2916 5128 ἡμῖν
2945 5061 3091 5113 ἐστιν
3119 5060 3147 5111 6
3179 5058 3433 5130 Χριστὸς,
3458 5058 3602 5112 κατά
3623 5074 3691 5126 γε

2110 5146 2209 5217 τὴν
2250 5147 2349 5217 τῆς
2396 5147 2647 5218 θεότητος
2689 5149 2941 5222 δύναμιν,
2992 5152 3169 5205 καίτοι
3216 5151 3414 5223 πληροῖ
3467 5151 3567 5221 μὲν
3619 5150 3694 5204 τά

2111 5238 2309 5300 πάντα,
2337 5240 2431 5291 καὶ
2459 5241 2670 5304 οὐδενὸς
2698 5241 2760 5294 τὸ
2792 5241 3011 5313 σύμπαν
3038 5243 3330 5313 ἀποδημεῖ,
3353 5243 3604 5312 περιέπει
3630 5242 3690 5296 δὲ

2114 5326 2314 5396 μᾶλλον
2343 5330 2569 5402 ἀρρήτῳ
2596 5331 2844 5404 δυνάμει,
2872 5335 2976 5404 γῆν
3009 5351 3068 5387 τε
3102 5334 3197 5389 καὶ
3227 5336 3474 5407 οὐρανὸν,
3501 5335 3610 5387 τῶν
3628 5332 3689 5385 δι
3742 5400 3761 5407 ε

2100 5417 2338 5472 ἀϐύσσου
2366 5422 2553 5493 μυχῶν
2574 5423 2671 5475 οῦκ
2696 5426 3165 5496 ἀπολιμπάνεται;
3197 5427 3302 5480 Ποῦ
3327 5426 3435 5497 γὰρ
3451 5426 3550 5479 οὐκ
3570 5423 3687 5477 ἔστι

2078 5554 2083 5559 .
2112 5513 2279 5575 Θεός;
2330 5512 2501 5567 Ὅταν
2545 5511 2636 5570 οὖν
2676 5516 2809 5591 λέγῃ
2830 5535 2843 5550 ·
2901 5538 2919 5568 ι
2952 5518 3138 5572 Ταῦτα
3169 5519 3304 5589 πρὸς
3338 5518 3481 5586 ὑμᾶς
3511 5512 3692 5576 εἷπον.

2111 5608 2240 5675 παρ’
2268 5606 2395 5677 ὑμῖν
2433 5608 2626 5671 μένων,
2660 5628 2678 5659 ι
2708 5609 2847 5663 κατὰ
2868 5609 2928 5661 τὸ
2955 5609 3292 5680 ἀνθρώπινον
3314 5605 3697 5680 ὲκληψόμευα.

506 5773 550 5806 ’τ
579 5772 679 5828 lsa.
723 5787 799 5840 Ix,
827 5770 861 5829 6
903 5788 1015 5828 sec.
1055 5772 1218 5832 LXX.
1294 5777 1339 5809 "
1365 5776 1594 5846 Philipp.
1639 5792 1698 5839 ιι,
1735 5779 1787 5833 τ.
1867 5780 1912 5811 ³³
1950 5778 2015 5833 Jo

2163 5796 2216 5845 I,
2271 5782 2359 5837 Η.
2438 5784 2482 5814 *⁸
2527 5785 2693 5840 llebr.
2733 5785 2880 5859 1,-5.
