4042 6204
428 375 555 434 “503

1468 367 1527 424 S.
1566 360 1843 421 CY'RILLI
1878 351 2346 414 ALEXANDRINI
2384 349 2709 409 ARCHIEP.

3594 337 3705 394 301

452 500 594 568 pleat
626 494 870 566 Spiritus
896 492 1040 563 ejus,
1069 492 1126 547 in
1168 488 1378 545 sanctis
1405 485 1745 548 inhabitans,
1786 492 1840 538 et
1879 495 2021 534 cun-

2145 472 2362 548 ίιριστοῦ
2410 470 2722 544 παρουσίαν
2766 483 2827 521 τε
2874 465 2969 521 καὶ
3020 463 3252 534 δύναμιν
3298 458 3602 531 ἀναπληροῖ
3641 460 3705 511 τὸ

452 600 538 643 cta
590 590 785 644 doceat
831 576 1345 656 quaecunque'ipse
1388 579 1459 634 ad
1498 594 1603 635 nos
1649 578 1871 631 locutus
1916 580 2022 638 est,

452 677 657 731 Paulus
695 678 813 747 ipse
843 675 1016 731 nihilo
1042 674 1226 731 secius
1254 671 1414 727 nobis
1451 667 1775 739 explicabit,
1798 664 1986 719 dicens
2010 679 2024 715 :

460 791 478 823 ι
518 768 695 836 Hujus
726 768 803 823 rei
828 768 1008 837 gratia
1036 765 1199 820 ﬂecto
1237 777 1412 834 genua
1438 776 1559 815 mea
1591 758 1657 813 ad
1689 757 1932 819 Patrem,
1961 769 2029 808 ex

454 876 566 929 quo
590 860 777 914 ontnis
808 860 1111 929 paternitas
1142 857 1197 911 in
1230 856 1389 910 crelis
1420 862 1475 909 et
1502 853 1557 906 in
1589 860 1738 905 terra
1771 848 2024 903 nomina-

456 963 570 1015 tur,
598 963 656 1005 ut
694 950 786 1005 dct
804 950 966 1005 vobis
994 948 1303 1004 secundum
1330 944 1553 1001 divitias
1574 943 1763 1013 gloria:
1785 954 1899 994 suae
1922 940 2033 992 vir-

458 1049 574 1094 tute
612 1041 966 1094 corroborari
1012 1055 1107 1108 per
1137 1037 1403 1108 Spiritum
1440 1034 1562 1103 eius
1609 1032 1664 1085 in
1710 1029 2031 1084 interiorem

457 1133 761 1197 hominem,
792 1130 1078 1186 Christum
1132 1128 1382 1183 habitare
1416 1139 1513 1195 per
1545 1122 1706 1177 ﬁdem
1748 1120 1806 1174 in
1850 1116 2034 1172 cordi-

2128 568 2352 638 Πνεῦμα
2398 563 2584 627 αὑτοῦ,
2627 563 2743 625 τοῖς
2774 558 2950 628 ἁγίοις
2982 554 3245 621 ἐνοικοῦν,
3278 553 3374 607 καὶ
3405 551 3585 606 πάντα
3625 550 3707 603 δι-

2127 661 2318 716 δάσκει
2349 658 2494 728 ἀπερ
2517 653 2679 715 αὑτὸς
2710 650 2975 721 λελάληκε
3015 648 3150 719 πρὸς
3179 645 3347 716 ἡμᾶς,
3380 641 3544 695 πάλιν
3573 643 3708 709 ἡμῖν

2128 750 2280 806 οὐδὲν
2297 745 2458 822 ἦττον
2484 748 2513 801 ὁ
2540 743 2752 805 Παῦλος
2775 742 3024 810 σαφηνιεί
3043 738 3219 805 λέγων
3244 750 3262 767 ο
3294 733 3529 822 «Τούτου
3549 731 3710 802 χάριν

2130 816 2371 913 κάμπτω
2396 838 2465 892 τά
2492 835 2697 907 γόνατά
2729 849 2831 905 μου
2856 831 2990 903 πρὸς
3011 830 3102 883 τὸν
3125 827 3362 897 Πατέρα,
3387 824 3448 889 ἐξ
3469 816 3531 876 οὑ
3560 824 3710 876 πᾶσα

2131 932 2341 1005 πατριά
2379 930 2436 984 ἐν
2479 946 2541 982 τε
2585 923 2800 999 οὑρανῷ
2828 921 2939 977 καὶ
2972 921 3067 974 ἐπὶ
3094 919 3198 989 γῆς
3231 916 3579 987 ὀνομάζεται,
3618 914 3713 967 ἴνα

2092 1054 2102 1066 ~
2131 1025 2243 1095 δῴη
2268 1025 2397 1094 ὑμῖν
2423 1019 2565 1075 κατά
2602 1018 2695 1072 τὸν
2735 1014 2963 1069 πλοῦτον
2998 1012 3099 1083 τῆς
3127 1007 3285 1081 δόξης
3318 1008 3544 1077 δυνάμει
3574 1023 3704 1078 κρα-

2131 1118 2430 1188 ταιωθῆναι
2457 1115 2548 1169 διὰ
2580 1112 2676 1167 τοῦ
2705 1109 3021 1179 Πνεύματος
3055 1104 3219 1160 αὑτοῦ
3246 1106 3326 1166 είς
3358 1102 3449 1155 τὸν
3483 1101 3589 1154 ἔσω
3615 1102 3710 1155 ἄν-

458 1220 564 1274 bus
600 1194 801 1275 vestris
836 1238 849 1274 :
881 1222 935 1273 in
985 1220 1257 1274 charitate
1306 1194 1538 1270 radicati
1584 1221 1639 1268 et
1688 1209 1924 1272 fundati,
1976 1214 2036 1261 ut

2145 1212 2376 1283 θρωπον,
2410 1208 2735 1275 κατοικῆσαι
2757 1203 2850 1257 τὸν
2878 1200 3113 1273 Χριστὸν
3145 1197 3233 1250 διὰ
3256 1196 3356 1265 τῆς
3389 1194 3733 1283 πίστεωςέν³

461 1313 690 1384 possitis
719 1311 1190 1382 comprehendere
1219 1324 1344 1364 cum
1374 1306 1630 1361 omnibus
1656 1303 1888 1366 sanctis,
1914 1313 2037 1370 qua:

2145 1282 2253 1365 ταῖς
2286 1298 2539 1377 καρδίαις
2559 1295 2732 1367 ὑμῶν,
2758 1295 2815 1347 ἐν
2836 1292 3024 1362 ἀγάπῃ
3049 1285 3406 1361 ἐρριζωμένοι
3438 1284 3532 1336 καὶ
3558 1282 3712 1335 τεθεο

461 1406 535 1461 sit
585 1406 839 1465 latitudo,
870 1411 925 1458 et
972 1401 1280 1471 longitudo,
1323 1407 1377 1453 et
1416 1396 1757 1459 sublimitas,
1789 1400 1843 1447 et
1906 1405 2035 1462 pro-

462 1496 692 1550 fundum
748 1512 761 1549 :

461 1589 785 1640 eharitatem
822 1584 1052 1646 Christi,
1089 1592 1151 1636 ut
1198 1578 1537 1652 impleamini
1573 1577 1629 1631 in
1666 1589 1882 1630 omnem
1920 1573 2039 1643 ple-

463 1675 772 1732 nitudinem
798 1674 892 1729 Dei
918 1673 986 1726 “.
1029 1691 1047 1724 ι
1082 1671 1397 1725 Notandum
1429 1679 1609 1722 autem
1635 1678 1834 1721 rursus
1866 1660 2036 1731 quod,

2142 1388 2487 1462 μελιωμένοι,
2522 1373 2613 1439 ίνα
2648 1383 2967 1454 ἐξισχύσητε
3001 1374 3402 1432 καταλαϐέσθαι
3438 1375 3536 1427 σὺν
3579 1373 3713 1425 πᾶσι

818 1494 965 1548 scire
1013 1495 1178 1547 etiam
1233 1488 1729 1560 supereminentem
1790 1481 2040 1557 scientiae

2145 1486 2250 1546 τοῖς
2279 1480 2473 1549 ἁγίοις,
2495 1479 2547 1532 τί
2572 1479 2634 1531 τὸ
2666 1477 2888 1539 πλάτος,
2917 1474 3013 1528 καὶ⁵
3052 1471 3246 1542 μῆκος,
3276 1469 3370 1522 καὶ
3404 1464 3588 1536 βάθος,
3617 1464 3712 1517 καὶ

2140 1575 2295 1646 ὕψος,
2344 1571 2548 1641 γνῶναί
2590 1586 2650 1623 τε
2698 1569 2799 1639 τὴν
2838 1564 3281 1638 ὑπερϐάλλουσαν
3327 1558 3429 1628 τῆς
3461 1556 3714 1628 γνώσεως

2141 1668 2361 1739 ἀγάπην
2408 1663 2505 1720 τοῦ
2558 1663 2829 1734 Χριστοῦ,
2882 1660 2970 1714 ἶνα
3011 1653 3334 1726 πληρωθῆτε
3379 1653 3459 1714 είς
3502 1650 3609 1703 πᾶν
3653 1648 3718 1702 τὸ

463 1784 588 1823 cum
642 1768 826 1821 omnia
886 1766 1097 1821 sanctis
1142 1779 1239 1835 per
1287 1760 1558 1833 Spiritum
1614 1759 1913 1814 revelatum
1974 1752 2041 1807 iri

2145 1758 2416 1830 πλήρωμα
2434 1756 2530 1810 τοῦ
2550 1754 2709 1809 Θεοῦ.
2727 1745 2760 1806 ἰ
2799 1749 3139 1823 Σημειωτέον
3166 1746 3222 1800 δέ
3252 1744 3417 1799 πάλιν
3437 1744 3517 1797 ὅτι
3540 1743 3718 1797 πάντα

464 1861 633 1925 dicat,
678 1872 1025 1929 nequaquam
1077 1865 1258 1911 tamen
1294 1870 1389 1910 eos
1437 1853 1532 1907 alii
1580 1850 1794 1907 doctori
1843 1847 2035 1909 tradit,

2145 1853 2230 1907 5ιά
2277 1851 2371 1905 τοῦ
2421 1849 2738 1921 Πνεύματος
2784 1837 3340 1912 ἀποκαλυφθήσεσθαι
3381 1839 3494 1900 τοῖς
3541 1836 3719 1904 ἁγίοις

467 1950 562 2006 sed
600 1950 703 2005 sibi
737 1948 839 2018 ipsi
876 1964 973 2019 per
1007 1946 1303 2017 Spiritum,
1347 1945 1440 2015 qui
1491 1959 1603 1998 non
1638 1940 1878 2014 amplius
1917 1953 2043 1993 cor-

471 2044 620 2113 poris
648 2041 849 2107 oculis,
871 2040 966 2095 sed
995 2036 1464 2108 intellectualibus
1501 2033 1688 2090 cordis
1718 2030 2039 2094 luminibus,

393 2174 406 2187 .
470 2149 569 2205 pro
595 2147 661 2190 eo
694 2147 758 2188 ac
790 2130 900 2187 Deo
932 2129 1213 2193 convenit,
1241 2125 1641 2198 conspicabilis
1664 2134 1771 2180 est.
1838 2144 1841 2153 ·

533 2406 701 2479 839
747 2403 889 2468 XIV,
942 2403 1034 2460 27.
1088 2402 1286 2459 Pacem
1338 2402 1579 2473 relinquo
1634 2399 1818 2467 vobis,
1861 2416 2042 2470 pacem

467 2492 638 2552 incum
684 2498 751 2551 do
782 2498 925 2551 vobis
958 2511 1102 2549 :non
1136 2498 1399 2566 quomodo
1435 2492 1662 2547 mundus
1694 2492 1809 2557 dat,
1847 2508 1941 2561 ego
1975 2491 2043 2546 do

467 2589 609 2643 vobis
644 2604 662 2643 :
694 2606 796 2641 non
829 2587 1072 2641 turbetur
1100 2602 1191 2640 cor
1215 2595 1465 2649 vestrum,
1498 2599 1661 2654 neque
1698 2582 1970 2652 formidet.

539 2762 636 2817 Sui
667 2761 721 2814 in
749 2760 923 2814 emlos
948 2772 1215 2815 ascensus
1244 2757 1511 2812 memoria
1541 2757 1752 2813 sanctis
1780 2755 2043 2827 apostolis

467 2858 757 2914 renovata,
790 2850 1101 2918 injectaque
1131 2849 1451 2921 suspicione
1485 2849 1604 2905 fore
1643 2859 1703 2902 ut
1740 2848 1846 2904 soli
1877 2850 2045 2903 relin-

467 2954 790 3017 querentur,
820 2957 886 2997 οι
915 2955 982 2995 eo
1007 2940 1155 3011 quod
1184 2940 1398 2995 dixerat
1423 2954 1438 2993 :
1468 2958 1487 2992 ε
1520 2941 1648 2995 Haec
1676 2940 1896 2995 locutus
1920 2956 2043 2995 sum

471 3037 625 3090 vobis
649 3033 791 3104 apud
811 3024 912 3087 vos
938 3045 1191 3096 manens,
1218 3051 1238 3083 ι
1259 3031 1409 3087 illico
1425 3032 1834 3098 animadvertit,
1851 3040 2044 3102 utpote

467 3129 562 3201 qui
595 3124 899 3181 secundum
933 3133 1185 3178 naturam
1210 3121 1355 3178 Deus
1375 3132 1516 3188 erat,
1544 3137 1856 3178 sermonem
1886 3123 2043 3177 illum
2074 3142 2085 3201 λ

471 3235 580 3275 non
617 3218 876 3273 mediocri
910 3216 1082 3272 fuisse
1117 3216 1189 3271 iis
1224 3216 1446 3279 terrori,
1481 3230 1659 3286 eoque
1694 3215 2046 3271 vehementer

466 3325 592 3365 esse
623 3307 897 3373 turbatos,
930 3314 986 3362 et
1019 3306 1288 3377 cujusque
1316 3307 1559 3361 animum
1590 3308 1863 3377 gravitate
1889 3307 2049 3363 dolo-

466 3405 549 3458 ris
594 3417 843 3473 pressum
882 3416 947 3455 ac
986 3399 1280 3469 deiectum.
1311 3397 1452 3463 Quid
1509 3399 1657 3454 enim
1697 3410 1784 3454 est
1825 3399 1920 3454 illo
1949 3400 2049 3454 do-

463 3496 590 3549 lore
619 3494 868 3565 gravius,
896 3500 991 3544 aut
1029 3490 1161 3560 quid
1202 3496 1416 3543 tantum
1467 3490 1751 3546 interioris
1793 3492 2048 3547 maeroris

472 3585 677 3640 inferre
722 3590 922 3654 potest,
950 3597 1119 3653 quam
1166 3580 1597 3650 iucundissimis
1627 3583 1792 3638 rebus
1835 3584 2045 3648 orbari,

471 3690 777 3746 eorumque
809 3690 933 3744 quae
966 3672 1121 3727 cordi
1159 3672 1399 3727 maxime
1441 3673 1542 3727 tibi
1572 3673 1686 3728 sint
1708 3674 2049 3745 inopinatam

472 3768 617 3822 {erro
668 3765 980 3837 jacturam?
1019 3762 1314 3834 Componit
1364 3764 1535 3835 igitur
1587 3779 1684 3820 eos
1742 3765 1935 3819 dolore
1987 3781 2053 3820 ac

473 3866 622 3914 metu
650 3859 932 3913 turbatos.
960 3856 1141 3912 Causa
1170 3855 1315 3910 enim
1363 3864 1418 3911 et
1444 3856 1600 3910 radix
1635 3857 1870 3921 doloris,
1902 3859 2049 3928 quod

348 3994 359 4007 .
471 3952 830 4006 discessurus
869 3958 1018 4005 esset
1052 3949 1121 4002 ab
1147 3947 1218 4001 iis
1258 3957 1313 4002 et
1341 3946 1410 4002 ad
1443 3946 1659 4004 Patrem
1697 3965 2049 4015 reversurus,

466 4039 786 4109 justissima
822 4035 1241 4108 quodammodo
1268 4045 1407 4101 erat,
1431 4052 1532 4092 nec
1562 4039 1663 4095 abs
1710 4053 1770 4095 re
1800 4041 2054 4111 suspica-

469 4134 675 4187 bantur
705 4131 811 4185 sibi
850 4129 1042 4185 uitiata
1077 4128 1309 4200 quasque
1344 4139 1553 4201 parata,
1585 4132 1633 4186 si
1669 4147 1905 4202 corpore
1939 4149 2051 4187 non

468 4224 690 4279 adesset
728 4222 966 4292 amplius
1010 4220 1059 4276 is
1090 4221 1186 4292 qui
1235 4237 1458 4278 servare
1496 4231 1731 4292 poterat.
1765 4223 2053 4290 Quomodo

2141 1941 2341 2006 είπὼν,
2394 1942 2495 2012 οὑχ
2534 1939 2714 2010 ἐτέρῳ
2766 1936 2980 1990 δίδωσιν
3033 1932 3230 1995 αὑτοὺς
3264 1926 3586 1998 διδασκάλῳ,
3640 1926 3718 1995 μὴ

2141 2033 2298 2090 τοῦτο
2334 2034 2583 2105 νομίσῃς,
2631 2027 2810 2098 ἐαυτῷ
2848 2026 2905 2081 δέ
2950 2025 3245 2097 παρίστησι
3289 2021 3380 2075 διὰ
3409 2019 3502 2074 τοῦ
3547 2018 3721 2073 Πνεύ-

2145 2142 2334 2197 ματος,
2374 2124 2655 2194 σαρκικοῖς
2688 2120 2786 2190 μὲν
2820 2117 3003 2172 οὐκέτι
3034 2115 3359 2186 φαινόμενος
3396 2111 3715 2182 ὀφθαλμοῖς,

2140 2219 2252 2279 τοῖς
2283 2231 2347 2282 γε
2380 2215 2485 2285 μὴν
2513 2213 2725 2283 νοητοῖς
2762 2208 2862 2279 τῆς
2892 2206 3120 2280 καρδίας
3150 2204 3363 2276 ὄμμασι
3401 2198 3721 2272 θεοπρεπῶς

2143 2308 2535 2378 θεωρούμενος.

2216 2396 2484 2465 Εἰρήνην
2501 2394 2713 2463 ἀφίημι
2739 2391 2902 2462 ὑμῖν,
2923 2390 3173 2460 εἰρήνην
3198 2389 3314 2455 τὴν
3334 2388 3487 2458 ἐμὴν
3500 2386 3722 2455 πδιδωμι

2144 2489 2287 2559 ὑμῖν
2310 2505 2326 2521 ·
2375 2490 2447 2541 οὐ
2479 2486 2674 2552 καθὼς
2723 2488 2756 2539 ό
2791 2485 3020 2554 κόσμος
3073 2481 3342 2546 δίδωσιν,
3373 2478 3487 2549 ἐγὼ
3516 2477 3722 2547 δίδωμι

2143 2578 2287 2647 ὑμῖν
2314 2594 2327 2607 ·
2391 2578 2477 2648 μὴ
2536 2575 2932 2646 ταρασσέσθω
2976 2574 3146 2645 ὑμῶν
3189 2573 3228 2642 ἡ
3286 2571 3530 2640 καρδία,
3568 2568 3725 2639 μηδὲ

2096 2680 2108 2690 '
2144 2668 2439 2724 δειλιάτω.

2073 3181 2117 3238 C

2220 2760 2312 2825 Εἰς
2360 2761 2683 2831 ἀνάμνησινι
2708 2756 2948 2827 ἐνεγκὼν
3001 2757 3128 2820 τοὺς
3172 2755 3364 2824 ἁγίους
3392 2751 3727 2816 ἀποστόλους

2144 2852 2244 2923 τῆς
2271 2854 2352 2917 είς
2384 2853 2645 2924 οὐρανοὺς
2674 2850 3014 2923 ἀναϐάσεως,
3041 2849 3137 2902 καὶ
3164 2848 3247 2900 ὅτι
3278 2844 3727 2918 περιλειφθήσον-

2145 2961 2234 2997 ται
2262 2944 2406 2998 κατὰ
2427 2943 2585 2997 τοῦτο
2629 2943 2778 3014 μόνοι
2821 2940 3245 3010 παρασκευάσας
3273 2939 3468 2991 ἐννοεῖν
3501 2934 3587 2989 διὰ
3630 2934 3727 2987 τοῦ

2149 3034 2335 3108 φῆναι,
2365 3054 2383 3087 t
2413 3034 2597 3089 Ταῦτα
2639 3032 2911 3104 λελάληκα
2957 3030 3086 3101 ὑμῖν
3136 3030 3266 3101 παρ’
3296 3029 3425 3099 ὑμῖν
3464 3027 3659 3099 μένων,
3699 3044 3721 3077 ι

2151 3128 2397 3200 συνίησιν
2427 3124 2487 3190 εὖ
2510 3126 2662 3199 μάλα
2686 3124 2924 3198 γοργῶς.
2956 3123 3051 3179 ἀτε
3079 3122 3144 3196 δὴ
3179 3121 3273 3177 καλ⁵
3302 3120 3564 3192 ὑπάρχων
3586 3118 3732 3173 κατά

2151 3218 2313 3289 φύσιν
2367 3218 2519 3286 Θεὸς,
2568 3218 2645 3282 ὼς
2685 3214 2747 3271 οὑ
2796 3216 3022 3289 μετρίαν
3068 3214 3252 3277 αὐτοῖς
3308 3211 3579 3267 ἐντέθεικε
3627 3210 3730 3281 τὴν

2152 3312 2345 3365 πτοίαν
2382 3312 2411 3365 ὁ
2439 3308 2617 3379 λόγος,
2646 3308 2983 3381 τεθορύϐηκε
3021 3307 3079 3361 δέ
3106 3304 3317 3371 δεινῶς,
3343 3304 3437 3358 καλ⁵
3465 3302 3541 3373 τῷ
3571 3303 3729 3373 βάρει
3806 3348 3809 3353 .

2150 3404 2250 3474 τῆς
2290 3402 2469 3473 λύπης
2518 3403 2925 3472 καταφορτίσας
2977 3400 3070 3453 τὸν
3114 3399 3345 3452 ἑκάστου
3387 3393 3728 3450 κατεθόλωσε

2151 3496 2295 3549 νοῦν.
2322 3496 2386 3549 Τί
2408 3494 2516 3566 γὰρ
2540 3493 2607 3549 ἂν
2627 3494 2838 3563 γένοιτο
2859 3492 2959 3563 τῆς
2980 3492 3157 3562 λύπης
3184 3490 3245 3543 τὸ
3267 3487 3728 3559 δυσαχθέστερονς

2151 3588 2203 3643 τί
2231 3587 2286 3641 δὲ
2312 3585 2456 3640 οῦτω
2487 3586 2765 3656 φορτικὸν,
2796 3585 2872 3649 ὡς
2910 3583 3020 3637 τῶν
3049 3583 3277 3654 ἡδίστων
3309 3584 3342 3654 ἡ
3377 3581 3730 3652 παραίρεεσις⁹

2152 3678 2247 3732 καὶ
2288 3676 2348 3730 τὸ
2387 3676 2495 3729 τῶν
2528 3676 2607 3729 ἔτι
2652 3674 2891 3746 μάλιστα
2926 3674 3254 3744 φιλαιτάτων
3300 3672 3560 3742 ἀδόκητον
3592 3671 3733 3723 ὑπο-

2155 3769 2337 3839 μένειν
2375 3767 2578 3837 ζημίαν
2607 3783 2622 3833 ;
2682 3765 2986 3836 Καθίστησι
3026 3762 3203 3816 τοίνυν
3231 3763 3429 3826 αὑτοὺς
3461 3762 3606 3835 λύπῃ
3635 3763 3735 3816 καὶ

2153 3859 2304 3931 φόϐῳ
2346 3856 2810 3931 τεταραγμένους.
2854 3856 3135 3927 Πρόφασις
3166 3854 3264 3925 μὶν
3303 3853 3409 3925 γὰρ
3449 3854 3545 3907 καὶ
3605 3854 3734 3925 ῥίζα

2152 3949 2353 4022 λύπης,
2407 3951 2469 4004 τὸ
2504 3949 2719 4021 μέλλειν
2760 3947 2941 4002 αὐτῶν
2971 3947 3294 4018 άποφοιτᾷν,
3338 3945 3431 4002 καὶ
3468 3946 3736 4015 ἀνακομί-

2154 4040 2342 4106 ζεσθαι
2374 4040 2510 4111 πρὸς
2530 4036 2622 4091 τὸν
2648 4036 2885 4108 Πατέρα,
2911 4035 3225 4104 δικαιοτάτη
3249 4050 3367 4098 πως
3387 4029 3477 4103 ἦν,
3499 4034 3737 4085 ἐποιεῖτο

2152 4135 2209 4188 δέ
2244 4133 2459 4204 μητέρα
2501 4131 2600 4202 τὴν
2650 4129 2886 4198 ὑποψίαν
2925 4126 3020 4182 τοῦ
3055 4127 3232 4181 πάντα
3270 4123 3588 4188 πείσεσθαι,
3637 4125 3737 4177 καὶ

2154 4225 2276 4278 λίαν
2300 4222 2551 4294 ἐτοίμως,
2581 4222 2642 4276 οὑ
2686 4219 3067 4292 συμπαρόντος
3101 4217 3204 4284 ἔτι,
3237 4218 3378 4272 κατά
3409 4233 3473 4284 γε
3498 4215 3599 4288 τὴν
3628 4215 3736 4285 ἐμ-

470 4322 653 4369 autem
689 4328 881 4368 eorum
913 4298 1119 4368 metum
1157 4312 1335 4378 sedat,
1364 4321 1460 4368 aut
1504 4320 1612 4384 quo
1653 4323 1812 4385 pacto
1841 4325 2045 4373 mentes

2155 4316 2299 4384 φανῆ
2348 4313 2443 4368 τοῦ
2489 4313 2739 4384 σώματος
2783 4310 2927 4380 ὄψιν,
2963 4308 3059 4362 τοῦ
3096 4304 3383 4372 διασώζειν
3431 4306 3732 4376 ἰσχύοντος.

435 4409 664 4457 ‘eorum
706 4401 778 4457 ad
806 4402 1047 4456 divinam
1095 4404 1553 4473 tranquillitatem
1599 4404 1845 4460 reducit?
1888 4426 1906 4458 ι
1950 4405 2054 4460 Pa-

2157 4406 2280 4471 ῐῙῶς
2312 4405 2367 4460 δὲ
2399 4404 2741 4474 καθίστησιν,
2780 4402 2813 4473 ἢ
2858 4402 2977 4455 τίνα
3002 4398 3202 4472 τρόπον
3229 4400 3415 4464 αὐτοῖς
3445 4399 3506 4453 τὸ
3538 4401 3602 4452 ἐκ
3630 4400 3736 4471 τῆς

468 4508 614 4554 cem,
645 4493 846 4561 lnquit,
874 4507 1052 4546 nteant
1103 4492 1176 4547 do
1213 4493 1391 4558 vobis,
1431 4503 1486 4548 et
1517 4508 1705 4564 pacem
1742 4513 1918 4552 meam
1960 4514 2045 4553 re-

2156 4498 2417 4569 εὐθυμίας
2449 4496 2673 4567 φαιδρὸν
2701 4492 3075 4557 είσοικίζεται,
3115 4493 3210 4547 καὶ
3239 4492 3376 4564 πρὸς
3403 4490 3551 4545 θείαν
3575 4485 3763 4575 αὖθις*

471 4583 662 4650 linquo
698 4583 882 4636 vobis.
921 4601 938 4633 ι
984 4582 1106 4635 Dixi
1142 4584 1438 4649 Innltoties,
1476 4584 1673 4655 inquit,
1702 4604 1787 4643 me
1814 4605 1913 4643 vos
1941 4606 2048 4644 non

472 4674 796 4729 relicturum
861 4660 1161 4744 orphanOs,
1240 4674 1340 4731 sed
1392 4691 1573 4746 neque
1629 4693 1725 4733 vos
1789 4680 1841 4732 in
1900 4687 2050 4735 terra

473 4781 778 4821 mansuros
817 4767 1152 4838 opitulatore
1186 4766 1506 4823 destitutos.
1553 4768 1736 4823 Adero
1771 4772 1913 4825 enim
1955 4790 2051 4828 vo-

475 4857 564 4913 bis
618 4871 850 4920 rursus,
897 4866 973 4920 et,
1019 4855 1219 4913 absens
1270 4873 1522 4928 corpore,
1568 4865 1781 4917 animos
1835 4848 2074 4921 vestros.

470 4948 881 5021 tranquillitate
931 4948 1200 5012 muniam,
1233 4957 1296 5003 ιιι
1344 4948 1511 5014 Deus,
1547 4965 1648 5004 nec
1692 4952 1902 5006 turbari
1951 4970 2048 5010 vos

471 5044 675 5106 sinam,
702 5048 794 5095 aut
826 5040 1005 5123 animi
1038 5039 1207 5094 vestri
1252 5042 1363 5094 vim
1394 5057 1460 5095 ac
1499 5043 1667 5096 robur
1696 5060 1726 5097 a
1771 5061 2047 5115 quoquam

470 5134 747 5204 superari.
770 5131 974 5187 Omnis
1000 5116 1212 5202 quippe
1242 5141 1422 5187 metus
1452 5149 1517 5188 ac
1552 5116 1825 5193 timiditas
1857 5139 2048 5208 procul

474 5224 886 5290 amandahitur,
918 5230 975 5277 et
1008 5221 1195 5277 divina
1236 5222 1484 5291 quaedam
1517 5226 1598 5281 vis
1627 5226 1679 5280 in
1721 5227 1878 5283 vobis
1905 5230 2051 5283 orie-

460 5323 594 5375 .tur,
625 5330 746 5383 qua:
772 5325 963 5384 pacata
997 5322 1183 5369 tuente
1210 5324 1264 5369 et
1291 5314 1462 5369 corde
1488 5319 1815 5387 tranquillo,
1845 5335 1942 5375 vos
1982 5320 2049 5375 ad

476 5406 869 5460 revelationem
907 5404 1139 5460 deducet
1167 5420 1359 5460 eorum
1391 5420 1514 5475 quae
1536 5418 1771 5463 mentem
1809 5410 2051 5468 hominis

475 5504 840 5564 exsuperant.
895 5494 1056 5549 Nunc
1111 5505 1319 5561 autem,
1362 5515 1382 5548 ι
1431 5511 1621 5569 pacem
1677 5501 1749 5555 do
1795 5506 1978 5566 vobis,
2028 5524 2047 5558 ι

478 5599 587 5642 non
633 5582 977 5652 simpliciter,
1022 5583 1117 5638 sed
1155 5603 1174 5636 ι
1210 5599 1402 5654 pacem
1457 5602 1658 5643 meam.
1698 5608 1718 5642 ι
1762 5589 2049 5650 ld‘autem

465 5810 476 5819 .
547 5762 593 5796 “
631 5761 831 5833 Ephes.
870 5778 952 5830 ut,
995 5763 1179 5819 l5-l9.

2154 4589 2396 4660 γαλήνην
2423 4590 2451 4641 ό
2482 4586 2605 4651 νοῦς
2631 4584 3051 4650 κατευνάζεται;
3092 4601 3112 4634 ι
3134 4583 3357 4653 Δίδωμι,
3393 4583 3575 4651 φησὶν,
3601 4582 3738 4653 ὑμῖν

2153 4681 2416 4751 εἰρήνην,
2467 4676 2563 4731 καὶ
2622 4674 2824 4746 ἀφίημι
2881 4674 3010 4744 ὑμῖν
3058 4673 3284 4744 είρήνην
3343 4670 3443 4741 τὴν
3505 4672 3667 4741 ἐμήν.
3709 4690 3730 4722 ι

2152 4771 2389 4841 Εἴρηκα,
2439 4767 2591 4839 φησὶ,
2648 4767 3001 4829 πλειστάκις,
3042 4764 3118 4828 ὡς
3171 4764 3274 4818 οὑκ
3334 4765 3531 4837 ἀφήσω
3585 4762 3737 4833 ὑμᾶς

2150 4861 2419 4935 ὀρφανούς
2442 4878 2456 4893 ·
2483 4860 2598 4914 ἀλλ’
2627 4860 2747 4914 οὑδὲ
2779 4857 2931 4931 μόνοι
2954 4858 3053 4929 τὴν
3074 4857 3178 4928 γῆν
3200 4858 3454 4927 οίκήσετε
3483 4854 3579 4910 τοῦ
3605 4855 3736 4927 βοη-

2153 4955 2374 5019 θοῦντος
2432 4952 2650 5025 ἔρημοι,
2676 4952 2770 5005 καὶ
2806 4949 3025 5021 γυμνοί.
3079 4947 3382 5018 Συνέσομαι
3419 4947 3529 5019 γὰρ
3566 4947 3733 5002 πάλιν

2152 5048 2318 5117 ὑμῖν,
2371 5045 2467 5100 καὶ
2499 5043 2654 5099 ἀπὼν
2684 5042 2762 5112 τῷ
2797 5040 3033 5120 σώματι,
3070 5040 3363 5112 ἀνατειχιῶ
3412 5040 3574 5095 πάλιν
3610 5042 3735 5103 ταῖς

2152 5139 2484 5209 εὑμενείαις,
2523 5136 2599 5200 ὼς
2648 5135 2801 5198 Θεὸς,
2842 5133 2954 5187 ἄνω
2981 5131 3218 5204 θήσομαι
3247 5132 3480 5205 θορύϐου
3506 5133 3733 5197 παντὸς,

2156 5228 2437 5299 περιέσται
2486 5226 2542 5279 δέ
2587 5225 2687 5294 τῆς
2741 5225 3013 5296 ὑμετέρας
3066 5224 3358 5295 εὐτολμίας
3388 5224 3583 5286 οὑδείς.
3615 5225 3735 5285 Ili;

2150 5319 2261 5389 γάρ
2295 5319 2543 5389 ἀτονήσει
2570 5316 2755 5386 φόϐος,
2786 5316 2879 5369 καὶ
2910 5316 3079 5370 δειλία
3110 5318 3207 5388 μὲν
3239 5318 3482 5370 ἐκποδων
3513 5317 3733 5385 οἰχήσε-
3800 5370 3809 5377 ,

2151 5429 2265 5476 ται,
2310 5409 2429 5463 θεία
2476 5409 2533 5463 δέ
2564 5426 2649 5473 τις
2696 5409 2755 5461 ἐν
2789 5409 2918 5479 ὑμῖν
2948 5409 3198 5462 ἀνατελεί
3232 5408 3483 5479 δύναμις,
3527 5407 3769 5477 excid—-

2154 5504 2300 5568 ζοντι
2348 5500 2443 5572 νῷ,
2500 5500 2596 5555 καὶ
2644 5500 2959 5573 γαληνιώσῃ
2989 5500 3207 5572 καρδίᾳ,
3250 5498 3552 5568 ξεναγοῦσα
3598 5497 3747 5567 πρὸς

2155 5593 2497 5662 ἀποκάλυψιν
2536 5592 2655 5646 τῶν
2702 5591 2844 5662 ὑπὲρ
2904 5590 3248 5662 ἀνθρώπινον
3307 5590 3454 5646 νοῦν.
3504 5588 3623 5643 Νῦν
3681 5589 3757 5645 δὲ
