4042 6204
305 317 416 376 565

1343 313 1412 368 IN
1447 312 1733 370 JOANNIS
1753 311 2201 369 EVANGELIUM
2242 312 2368 368 LIB.
2410 312 2477 370 X.

3465 323 3572 382 306

309 459 326 488 ι
359 437 554 506 δίδωμι
594 434 725 504 ὑμῖν
753 434 998 506 εἰρήνην,
1032 452 1049 485 ι
1093 433 1191 502 οὐχ
1235 433 1443 496 ἁπλῶς,
1471 433 1586 487 ἀλλ’
1624 452 1642 485 ι
1668 434 1890 505 εἰρήνην

1996 431 2137 485 nihil
2167 419 2316 486 aliud
2351 439 2436 486 est
2482 445 2670 502 quam,
2699 431 2848 487 Dabo
2880 429 3172 502 Spiritum,
3201 444 3254 491 et
3296 436 3462 494 adero
3489 442 3571 498 eis

297 526 405 598 τὴν
434 526 595 596 ἐμήν.
648 543 666 576 ι
711 525 882 577 Τοῦτο
919 523 975 576 δὲ
1010 517 1078 595 ἦν
1111 524 1355 594 ἐναργῶς
1395 524 1546 576 οὐδὲν
1584 524 1771 595 ἕτερον
1813 525 1891 576 εἰ-

309 623 452 681 πεῖν,
483 620 516 689 ἦ
547 620 626 672 ὅτι
656 618 962 687 Χορηγήσω
988 617 1049 670 τὸ
1080 615 1323 686 Πνεῦμα,
1357 616 1454 668 καὶ
1494 617 1790 687 συνέσομαι
1823 616 1887 669 δι’

310 711 544 780 ἐμαυτοῦ
592 713 702 772 τοῖς
747 709 1054 777 δεχομένοις
1103 707 1254 762 αὐτό.
1305 709 1428 760 Ὀτι
1473 708 1582 779 γὰρ
1625 711 1658 777 ή
1699 709 1890 779 εἰρήνη

310 800 546 870 Χριστοῦ
580 801 640 854 τὸ
673 800 898 869 Πνεῦμά
929 799 1078 851 ἐστιν
1115 799 1304 863 αὐτοῦ,
1343 797 1552 869 μακροῦ
1596 799 1696 868 μὲν
1737 796 1892 868 οἶμαι

313 894 388 964 μὴ
417 894 621 947 δεῖσθαι
654 893 814 960 λόγου
867 891 1003 962 πρὸς
1057 891 1430 961 πληροφορίαν
1469 892 1561 943 καί
1592 891 1888 955 ἀπόδειξιν.

311 987 457 1056 Πλὴν
493 987 672 1037 ἐκεῖνο
705 986 869 1052 φάναι
913 984 1020 1036 δεῖν
1053 982 1439 1052 ὑπολαμϐάνω.
1499 984 1560 1036 Εἰ
1592 982 1701 1054 γὰρ
1730 983 1890 1048 αὑτός

308 1079 457 1128 ἐστιν
483 1077 516 1146 ή
541 1078 598 1128 ὲν
619 1079 733 1137 τοῖς
758 1075 1005 1145 οὐρανοῖς
1028 1075 1219 1144 εἰρήνη
1249 1075 1344 1125 καὶ
1372 1075 1464 1126 ἐπὶ
1493 1073 1593 1142 τῆς
1624 1076 1746 1143 γῆς,
1775 1073 1891 1136 πῶς

308 1169 407 1220 οὐκ
435 1167 500 1220 ἂν
535 1166 620 1236 εἴη
652 1166 838 1218 λοιπὸν
870 1165 1032 1220 παντί
1077 1182 1154 1232 τῳ
1187 1165 1357 1232 σαφὲς
1383 1165 1485 1224 ὅτι,
1527 1165 1776 1234 καθάπερ
1812 1165 1889 1216 εἰ-

313 1260 583 1329 ρήκαμεν,
618 1259 651 1327 ή
688 1257 875 1327 εἰρήνη
919 1255 982 1326 δὴ
1019 1257 1236 1318 πάντως
1281 1257 1395 1308 ἐστὶ
1442 1255 1504 1308 τὸ
1532 1257 1756 1324 Πνεῦμα
1793 1257 1892 1309 αὑ-

307 1349 439 1411 τοῦ;
487 1349 593 1400 Καὶ
621 1347 753 1416 γοῦν
786 1350 814 1400 6
842 1347 1128 1410 Θεσπέσιος
1166 1345 1379 1410 Παῦλος
1407 1348 1543 1418 πρός
1571 1365 1724 1410 τινας
1747 1347 1850 1419 ἔφη
1873 1364 1886 1378 ο

314 1461 332 1490 ι
357 1442 466 1493 Καὶ
492 1442 522 1510 ή
554 1441 745 1510 εἰρήνη
777 1439 868 1492 τοῦ
900 1437 1055 1503 Θεοῦ,
1087 1441 1120 1509 ή
1157 1439 1498 1510 ὑπερέχουσα
1528 1441 1707 1494 πάντα
1741 1441 1888 1508 νοῦν,

308 1528 596 1605 φρουρήσῃ
627 1533 724 1595 τὰς
752 1531 978 1602 καρδίας
1005 1531 1159 1602 ὑμῶν
1185 1532 1278 1584 καὶ
1304 1531 1370 1584 τὰ
1394 1532 1637 1602 νοήματα
1661 1532 1836 1602 ὑμῶν.
1863 1552 1881 1583 ι

308 1625 500 1679 Καίτοι
535 1623 651 1684 πῶς
686 1623 748 1675 οὐ
779 1621 984 1675 δίκαιον
1015 1622 1235 1685 ἐννοεῖν,
1284 1621 1359 1685 ὡς
1400 1622 1461 1675 οῦ
1497 1623 1623 1693 περὶ
1656 1624 1889 1694 ταυτησί

307 1717 406 1786 τῆς
434 1716 656 1786 εἰρήνης
687 1715 786 1784 τῆς
824 1715 880 1768 ὲν
909 1713 986 1784 τῷ
1017 1714 1182 1785 κοινῷ
1206 1715 1504 1786 νοουμένης
1527 1714 1670 1787 λόγῳ
1702 1733 1762 1768 τε
1793 1717 1888 1769 καὶ

307 1806 596 1877 πράγματι
637 1805 704 1858 τὰ
735 1805 960 1859 τοιαῦτα
1003 1823 1196 1875 φησιν;
1253 1807 1316 1859 Ἥ
1352 1807 1449 1876 μὲν
1476 1807 1584 1876 γὰρ
1614 1807 1885 1878 ἅφιλόμα-

305 1915 401 1965 χος
436 1897 960 1968 καί-ἀφιλοπόλεμος
1005 1898 1136 1964 ἕξις,
1187 1899 1310 1952 ὅσον
1343 1901 1400 1952 ὲν
1426 1900 1666 1962 οἰκείαις
1695 1902 1890 1971 ῥοπαῖς

306 1987 402 2038 καὶ
449 1988 508 2038 ὲν
559 1985 776 2056 Θελήσει
826 1989 890 2056 τῇ
939 1988 1060 2040 καθ’
1113 1988 1314 2060 ἑαυτήν
1359 1989 1583 2060 εἰρήνην
1634 1988 1746 2058 ἔχει
1797 1991 1889 2043 καὶ

304 2079 620 2146 ἐργάζεται.
677 2079 787 2130 Καὶ
842 2080 942 2132 οὐκ
999 2081 1359 2136 ὲνυπόστατόν
1399 2100 1452 2135 τι
1494 2082 1588 2136 καὶ
1645 2083 1890 2154 ὑπάρχον

309 2170 454 2234 ἰδίως
503 2171 806 2240 οἰησόμεθά
840 2189 967 2224 ποτε
1016 2173 1114 2242 τὴν
1144 2171 1284 2225 οὕτω
1313 2173 1612 2244 νοουμένην
1644 2176 1888 2246 εἰρήνην,

305 2262 421 2315 ἀλλ’
454 2264 512 2314 ὲν
561 2262 670 2326 ἕξει
718 2265 784 2332 τῇ
819 2263 928 2314 τῶν
975 2262 1314 2328 ἀγαπώντων
1358 2265 1526 2334 αὐτὴν
1573 2264 1889 2334 συμϐαίνειν

303 2356 702 2425 ὐπονοήσομεν.
738 2356 860 2418 Πῶς
887 2351 979 2408 οῦν
1010 2356 1116 2426 ἄρα
1145 2357 1332 2425 νοήσαι
1356 2357 1532 2420 τιςᾶν
1563 2357 1738 2411 πάντα
1764 2358 1890 2412 νοῦν

303 2447 597 2517 ὑπερέχειν
644 2448 742 2517 τήν
790 2448 1046 2519 τοιαύτην
1091 2449 1348 2518 είρήνην;
1407 2450 1479 2502 Τδ
1523 2450 1632 2522 γὰρ
1664 2451 1887 2522 μηδαμῆ

308 2539 580 2610 μηδαμῶς
637 2541 694 2593 ὃν
751 2541 887 2594 κατ“’
923 2541 1060 2594 ἰδίαν
1125 2541 1393 2610 ὓπαρξιν,
1441 2541 1558 2605 πῶς
1600 2542 1664 2596 ἂν
1715 2545 1889 2596 νοοῖτο

305 2631 560 2698 κρεῖττόν
595 2649 651 2684 τε
683 2633 774 2685 καὶ
810 2631 1028 2702 ἄμεινον
1073 2631 1377 2702 ἀνθρώπων
1420 2633 1603 2702 τυχὸν,
1653 2633 1684 2703 ἧ
1719 2634 1890 2702 ἀγγέ-

303 2722 439 2786 λων,
475 2723 506 2792 ﬂ
539 2723 648 2775 τῶν
678 2723 758 2776 ἔτι
787 2723 1044 2794 προσάνω
1071 2724 1379 2795 νοουμένων
1405 2741 1419 2788 ;
1457 2724 1599 2777 Νοῦν
1620 2724 1728 2794 γὰρ
1751 2721 1890 2780 εἶναι

302 2817 402 2870 καὶ
451 2817 628 2870 ταῦτά
679 2834 878 2887 φαμεν.
931 2816 1140 2871 Οὐκοῦν
1169 2820 1202 2888 ή
1251 2805 1390 2890 ὑπὲρ
1434 2817 1650 2888 Ἀρχὰς,
1685 2819 1716 2888 ή
1749 2818 1891 2888 ὑπὲρ

315 2907 622 2972 Ἐξουσίας,
655 2909 688 2978 ή
727 2908 868 2979 ὑπὲρ
897 2909 1134 2980 Θρόνους
1163 2909 1196 2981 ἢ
1230 2910 1594 2981 Κυριότητας,
1628 2909 1720 2962 καὶ
1750 2909 1892 2980 ὑπὲρ

305 3001 482 3052 πάντα
517 2999 643 3054 νοῦν
675 3001 886 3070 εἰρήνη,
919 3000 978 3053 τὸ
1016 3001 1240 3070 Πνεῦμα
1276 2999 1513 3071 Χριστοῦ
1548 3002 1688 3062 ἐστι,
1727 2996 1888 3052 διόῦ

1992 524 2086 594 qui
2113 539 2210 594 per
2238 525 2508 596 ineipsum
2552 526 2703 579 illum
2739 529 3106 596 susceperint.
3137 528 3334 586 Pacem
3371 535 3571 606 quippe

1991 615 2201 671 Christi
2234 616 2500 687 Spiritum
2533 617 2660 687 ejus
2690 633 2835 682 esse,
2863 618 3024 688 longa
3059 635 3166 673 non
3205 629 3288 676 est
3321 625 3572 680 oratione

1992 707 2358 776 probandum.
2394 707 2782 763 Verumtamen
2823 709 2892 764 de
2928 710 3034 764 hoc
3076 711 3374 768 dicendum
3413 725 3569 784 puto.

1993 798 2049 852 Si
2085 801 2230 852 enim
2266 801 2384 869 ipse
2405 811 2484 855 est
2519 817 2623 871 pax
2661 803 2712 856 in
2741 802 2896 857 cmlis
2926 811 2979 856 et
3013 805 3066 859 in
3100 813 3269 868 terra,
3297 809 3574 876 quomodo

1990 891 2168 944 cuivis
2224 907 2334 944 non
2395 894 2605 961 patebit
2659 895 2885 949 omnino
2930 911 3140 965 pacem,
3185 907 3241 951 ut
3303 900 3569 962 diximus,

1992 995 2115 1034 esse
2155 981 2420 1051 Spirituut
2465 985 2625 1052 ejus?
2655 984 2717 1038 Et
2761 988 2980 1056 quidem
3017 988 3239 1044 divinus
3269 990 3473 1047 Paulus
3502 993 3570 1047 ad

1991 1073 2256 1142 quosdam
2290 1076 2571 1130 scribebat
2599 1095 2610 1131 :
2646 1097 2664 1128 ι
2699 1079 2768 1133 Et»
2794 1095 2895 1148 pax
2926 1080 3090 1152 840
3126 1083 3239 1146 Dei,
3267 1100 3570 1152 quzeexsu-

1993 1173 2148 1232 perat
2192 1180 2410 1219 omnem
2458 1182 2705 1230 sensum,
2751 1173 3024 1226 custodiat
3078 1175 3243 1228 corda
3290 1186 3486 1231 vestra-
3515 1187 3570 1231 et

1994 1253 2387 1324 intelligentias
2430 1268 2646 1314 vestras
2671 1259 2810 1314 “'“.
2861 1281 2878 1312 ι
2917 1265 2985 1317 At
3027 1266 3151 1335 quis
3187 1268 3437 1336 nonjure
3461 1269 3566 1324 sibi

1994 1348 2340 1414 persuadeat,
2381 1364 2486 1403 non
2520 1350 2591 1405 de
2622 1353 2720 1406 hac
2753 1369 2885 1422 pace
2916 1370 3080 1424 quam
3123 1359 3286 1429 vulgo
3327 1359 3570 1417 dicimus

1993 1451 2057 1490 ac
2082 1437 2440 1508 intelligimus
2460 1441 2562 1495 ista
2576 1441 2727 1496 dici?
2756 1444 2988 1500 Animus
3002 1448 3147 1501 enim
3167 1451 3566 1507 omni-conten-

1995 1528 2161 1585 tionis
2197 1531 2380 1586 studio
2412 1547 2618 1588 vacuus
2663 1535 2716 1587 in
2751 1549 2848 1588 sua
2882 1539 3246 1606 prnpeusione
3285 1557 3348 1595 ac
3375 1544 3586 1597 volun--

1993 1626 2105 1673 tate
2141 1635 2328 1690 pacem
2366 1623 2526 1676 habet
2561 1639 2793 1695 eamque
2827 1629 2981 1682 colit.
3005 1627 3193 1700 Neque
3217 1647 3346 1686 vero
3379 1649 3580 1703 pacem-

1995 1711 2305 1766 lstiusmodi
2347 1729 2586 1783 unquam
2637 1718 2956 1786 putabimus
2993 1721 3232 1792 aliquam
3280 1741 3404 1779 esse
3433 1727 3567 1782 sub-

1990 1803 2276 1864 stantiam,
2308 1804 2404 1858 sed
2455 1805 2510 1858 in
2550 1821 2742 1860 eorum
2780 1810 2979 1866 animis
3011 1813 3105 1882 qui
3160 1814 3396 1885 diligunt
3445 1833 3565 1872 eam

1989 1893 2178 1948 habitu
2250 1895 2563 1950 formatam.
2619 1898 2907 1963 Quomodo
2970 1919 3100 1975 ergo
3166 1921 3352 1975 pacem
3423 1909 3570 1964 hanc

1990 2001 2207 2041 omnem
2259 2003 2480 2043 sensum
2547 2008 2885 2061 exsuperare
2953 1993 3360 2066 intelligemus?
3411 1999 3567 2066 Quod

1988 2077 2133 2130 enim
2181 2093 2452 2149 nusquam
2488 2082 2714 2136 omnino
2749 2098 2844 2152 per
2872 2100 2933 2140 se
2967 2086 3245 2152 subsistit,
3289 2092 3569 2159 quomodo

1990 2171 2346 2237 praestantius
2371 2173 2478 2226 erit
2509 2173 2848 2240 hominibus,
2872 2185 2966 2231 aut
3001 2180 3234 2249 angelis.
3261 2182 3377 2236 sive
3404 2183 3565 2238 etiam

1991 2263 2359 2333 archangelis,
2375 2281 2516 2335 quos
2544 2276 2750 2324 mentes
2774 2268 2936 2322 etiam
2963 2285 3084 2325 esse
3102 2270 3569 2339 diciinus?Quare

1988 2369 2090 2422 pax
2125 2355 2215 2408 illa
2253 2371 2374 2424 qua:
2408 2369 2706 2428 exsuperat
2739 2359 3107 2430 Principatus;
3143 2373 3193 2416 et
3236 2363 3566 2430 Potestates,

1990 2453 2044 2498 et
2069 2444 2324 2501 Thronos
2356 2449 2508 2517 ipsos
2528 2459 2580 2504 et
2605 2450 3041 2516 nominationes,
3074 2455 3319 2524 adeoque
3349 2473 3566 2512 omnem

1992 2546 2255 2602 mentem,
2281 2538 2520 2608 Spiritus
2547 2541 2751 2597 Christi
2781 2554 2887 2606 cst,
2917 2560 3014 2614 per
3045 2561 3206 2614 quem
3240 2549 3424 2601 omnia
3459 2548 3568 2602 Deo

1991 2647 2058 2686 ac
2093 2633 2239 2687 Patri
2272 2635 2672 2700 reconciliavit,
2698 2637 2826 2690 dum
2858 2638 2990 2692 nihil
3022 2639 3169 2692 aliud
3211 2641 3343 2702 vult,
3381 2643 3564 2705 sentit,

1991 2733 2085 2778 aut
2118 2724 2268 2788 facit,
2297 2741 2396 2779 nec
2429 2727 2794 2782 conversione
2832 2728 2917 2782 ad-
2945 2729 3148 2782 malum
3177 2731 3284 2784 alio
3329 2732 3568 2786 deﬂectit

1991 2815 2059 2869 ab
2099 2816 2242 2884 ipso.
2277 2813 2423 2869 Nihil
2471 2825 2652 2870 autem
2711 2817 2867 2871 obest
2920 2818 3418 2872 consideratimiem
3481 2820 3570 2874 hic

1990 2922 2154 2975 porro
2197 2907 2391 2961 alrerre
2444 2923 2553 2961 non
2611 2907 2878 2963 insulsam
2925 2916 3074 2962 certe
3117 2909 3198 2963 vel
3234 2910 3566 2979 imperitam.

1989 2994 2458 3060 Quemadmodum
2491 2997 2638 3051 enim
2677 3012 2800 3051 eum
2833 2997 2944 3050 vita
2974 2998 3275 3073 secundum
3316 3007 3566 3052 naturam

305 3093 370 3145 τὰ
404 3092 583 3146 πάντα
621 3091 698 3162 τῷ
724 3091 843 3163 Θεῷ
876 3093 968 3145 καί
1002 3093 1177 3163 Πατρῖ
1207 3091 1541 3163 κατήλλαξεν
1574 3095 1602 3146 6
1631 3095 1780 3160 Υἱὸς,
1813 3095 1889 3167 τῷ

1993 3088 2066 3142 sit
2109 3085 2304 3148 Filius,
2349 3097 2403 3142 et
2455 3089 2753 3157 sapientia,
2798 3104 2862 3144 ac
2896 3090 3093 3155 virtus,
3135 3099 3188 3144 et
3224 3089 3457 3161 Spiritus
3498 3094 3570 3147 sit
3627 3082 3629 3084 ’

305 3183 374 3236 τὰ
407 3184 603 3237 ἑαυτοῦ
635 3183 810 3237 θέλειν
841 3185 934 3237 καὶ
967 3183 1269 3253 βούλεσθαι,
1311 3186 1452 3237 νοεῖν
1483 3202 1542 3237 τε
1588 3187 1680 3239 καὶ
1715 3186 1888 3258 πράτ-

301 3290 440 3333 τειν.
477 3275 570 3327 καὶ
608 3275 683 3346 μή
727 3274 959 3343 ἑτέρωσέ
993 3290 1082 3326 ποι
1111 3277 1308 3344 χωρεῖν
1334 3276 1413 3337 εἰς
1448 3276 1769 3340 ἀπόστασιν,
1801 3276 1889 3330 διὰ

301 3368 405 3435 τῆς
431 3366 512 3427 εἰς
539 3364 610 3417 τὰ
655 3364 836 3432 φαῦλα
879 3365 1258 3436 παρατροπῆς.
1307 3366 1482 3419 Λυπεῖ
1531 3367 1587 3420 δὲ
1615 3367 1766 3420 οὐδὲν
1796 3367 1889 3420 καὶ

301 3455 566 3525 λογισμὸν
599 3455 692 3507 ἐπὶ
713 3457 889 3525 τούτῳ
909 3455 1093 3509 λαϐεῖν
1119 3447 1216 3508 οίῖκ
1242 3455 1518 3511 ἀσύνετον.
1549 3459 1756 3530 Ὅνπερ
1779 3461 1888 3532 γὰρ

301 3547 508 3618 τρόπον
553 3545 787 3617 ἐπείπερ
835 3545 948 3618 ζωὴ
986 3547 1127 3600 κατὰ
1156 3547 1317 3617 φύσιν
1344 3550 1491 3602 ἐστὶν
1521 3552 1547 3603 6
1582 3551 1709 3614 Υἰὺς
1732 3591 1745 3610 .
1797 3553 1890 3605 καὶ

307 3637 472 3702 σοφία
519 3638 614 3688 καί
642 3635 871 3706 δύναμις
911 3635 1157 3689 καλεῖται
1192 3636 1248 3688 δὲ
1281 3637 1373 3690 καί
1406 3637 1522 3690 ἔστι
1573 3639 1633 3690 τὸ
1667 3639 1890 3710 Πνεῦμα

307 3728 496 3792 αὐτοῦ,
522 3728 746 3798 Πνεῦμα
772 3731 886 3780 ἐστι
910 3728 1073 3799 ζωῆς,
1101 3730 1192 3782 καὶ
1218 3730 1430 3798 σοφίας,
1456 3731 1547 3782 καί
1575 3731 1854 3802 δυνάμεως
1872 3750 1886 3764 ³

307 3814 482 3878 οὕτως
529 3815 764 3886 ἐπείπερ
807 3818 954 3869 ἐστὶν
988 3817 1150 3880 αὑτός
1193 3835 1253 3870 τε
1309 3819 1404 3872 καὶ
1458 3820 1556 3890 οὐχ
1606 3821 1811 3892 ἕτερος,
1853 3823 1888 3893 ή

306 3906 526 3974 ἀληθῶς
547 3924 607 3960 τε
638 3908 731 3959 καὶ
761 3907 966 3978 κυρίως
987 3908 1200 3978 εἰρήνη,
1234 3909 1432 3978 λέγοιτ’
1456 3909 1521 3963 ἂν
1549 3912 1773 3976 εἰκότως
1797 3915 1892 3967 καὶ

309 4001 484 4051 νοοῖτο
533 3999 698 4052 πάλιν
740 3990 861 4051 κατ’
893 3997 1052 4051 αὑτὸν
1101 4000 1294 4070 εἰρήνη
1345 4001 1406 4053 τδ
1444 4002 1667 4071 Πνεῦμα
1697 4004 1885 4062 αὑτοῦ.

309 4091 410 4142 Διά
430 4107 512 4143 τοι
539 4090 698 4143 τοῦτο
725 4091 820 4143 καὶ
852 4089 1032 4155 ἰδικῶς
1057 4092 1275 4156 ἀναθεὶς
1292 4096 1359 4164 τῇ
1382 4094 1576 4148 ἑαυτοῦ
1605 4095 1764 4165 φύσει
1793 4097 1891 4167 τὴν

316 4183 452 4235 ἰδίαν
502 4184 744 4253 εἰρήνην,
799 4181 947 4235 τοῦτ’
978 4182 1092 4235 ἐστι
1141 4183 1201 4236 τὸ
1250 4184 1514 4254 Πνεῦμα,
1569 4185 1716 4256 λέγει
1763 4191 1892 4260 περὶ

309 4273 477 4327 αὑτοῦ
505 4290 519 4303 ο
574 4293 593 4324 ι
627 4275 863 4345 Εἰρήνην
890 4275 989 4344 τὴν
1022 4274 1160 4346 ἐμήν
1191 4275 1394 4345 ἀφίημι
1429 4277 1579 4347 ὑμῖν.
1612 4299 1630 4330 ι
1682 4281 1802 4334 Ὅτι
1835 4282 1892 4335 δὲ

313 4364 408 4416 καὶ
438 4364 586 4433 παρά
619 4366 727 4427 τοῖς
759 4364 932 4432 ἁγίοις
963 4366 1269 4436 προφήταις
1297 4363 1442 4418 οὕτω
1473 4369 1889 4440 κατωνόμασται

1993 3187 2158 3247 atque
2191 3187 2418 3233 vocetur
2459 3179 2585 3249 ejus
2621 3177 2883 3248 Spiritus,
2923 3179 3160 3249 Spiritus
3203 3191 3288 3235 est
3329 3183 3472 3247 vitae,
3514 3191 3576 3236 et

1993 3269 2297 3338 sapientiae,
2351 3284 2414 3322 ac
2456 3270 2676 3324 virtutis
2727 3287 2740 3324 :
2785 3268 2858 3322 ita
2905 3285 3029 3322 cum
3066 3271 3137 3324 sit
3177 3270 3293 3338 ipse
3348 3282 3401 3326 et
3458 3287 3570 3327 nou

1992 3361 2133 3415 alius
2160 3376 2289 3414 vera
2318 3369 2370 3416 et
2418 3363 2638 3431 propria
2692 3376 2818 3430 pax,
2851 3361 2974 3430 jnre
3021 3359 3236 3415 dicetur
3269 3377 3332 3416 ac
3369 3378 3569 3419 cense-

1992 3453 2146 3506 bitur
2180 3453 2335 3506 sicut'
2375 3453 2490 3521 ipse
2545 3467 2646 3521 pax
2701 3449 2944 3522 Spiritus
2991 3451 3130 3521 ejus.
3164 3452 3398 3523 Ideoque
3455 3469 3567 3510 sua:

1992 3545 2169 3615 ipsius
2213 3553 2422 3598 natura:
2473 3544 2751 3613 propriam
2789 3559 2977 3614 pacem
3027 3545 3380 3614 peculiariter
3409 3549 3568 3601 attri-

1994 3638 2190 3703 buens,
2247 3638 2300 3692 id
2361 3644 2446 3692 est
2493 3635 2794 3706 Spiritum,
2831 3636 2902 3692 de
2950 3638 3070 3707 ipso
3125 3637 3202 3691 ait
3241 3659 3252 3694 :
3297 3657 3314 3690 ι
3368 3641 3568 3695 Pacem

1994 3744 2170 3783 meam
2225 3717 2475 3798 relinquo
2515 3729 2691 3784 vobis.
2730 3747 2748 3780 ι
2783 3727 2939 3794 Quod
2985 3738 3166 3782 autem
3213 3731 3380 3784 etiam
3424 3731 3568 3800 apud

1995 3829 2218 3874 sanctos
2250 3820 2546 3889 prophetas
2597 3819 2667 3872 ita
2701 3827 3054 3887 nuncupatus
3099 3820 3169 3874 sit
3207 3820 3411 3874 Christi
3449 3819 3571 3888 S‘pi-

1994 3912 2155 3972 ritus,
2185 3925 2250 3964 ex
2287 3910 2446 3964 Isaia:
2488 3909 2670 3962 verbis
2715 3917 2868 3962 recte
2912 3909 3228 3978 intelliges:
3259 3927 3276 3960 ι
3317 3909 3567 3971 Domine,

1996 4003 2176 4072 inquit
2209 4001 2375 4061 enim.
2408 4000 2550 4055 Deus
2583 4007 2792 4060 noster,
2831 4015 3020 4069 pacem
3050 4000 3116 4053 da
3149 4001 3309 4054 nobis
3341 4020 3352 4054 :
3385 4002 3579 4056 omnia
3637 4026 3642 4030 κ

1993 4095 2137 4153 enim
2192 4093 2478 4147 reddidisti
2533 4093 2690 4147 nobis
2712 4094 2778 4148 ".
2824 4111 2840 4144 ι
2887 4091 3058 4156 Quasi
3105 4093 3250 4146 enim
3298 4094 3385 4148 lex
3435 4095 3573 4148 nihil

1996 4187 2062 4242 ad
2100 4186 2400 4256 perfectum
2436 4185 2745 4248 adduxerit,
2792 4199 2970 4253 neque
3007 4185 3406 4239 adeo-sulliciat
3446 4187 3570 4253 ejus

1991 4279 2231 4349 justitia,
2263 4290 2322 4332 ut
2355 4278 2419 4331 ad
2458 4277 2833 4346 plenissimam
2857 4283 2912 4329 et
2959 4276 3416 4344 perfectissimam
3452 4278 3571 4346 pic-

1995 4379 2162 4423 tatem
2224 4371 2496 4424 Immian
2553 4377 2792 4431 revocet,
2841 4367 3084 4420 divinum
3144 4367 3261 4421 dari
3304 4368 3569 4435 Spiritum

311 4455 372 4506 τὸ
408 4455 629 4524 Πνεῦμα
653 4455 911 4524 Χριστοῦ,
957 4458 1206 4527 συνήσεις
1233 4451 1294 4510 εῦ
1328 4457 1471 4527 μάλα
1500 4458 1561 4510 τὸ
1592 4459 1679 4513 διὰ
1707 4461 1890 4532 φωνῆς

2003 4462 2232 4530 ﬂagitat,
2277 4475 2373 4531 per
2418 4476 2580 4531 quem
2642 4459 2979 4515 reconciliati
3038 4459 3150 4515 Deo
3194 4475 3260 4513 ac
3317 4459 3465 4514 Patri
3505 4462 3570 4514 ad

324 4544 552 4596 Ἡσαΐου
596 4544 780 4612 μαθών
802 4559 815 4573 ⁶
857 4562 875 4595 ι
899 4543 1070 4614 Κύριε
1103 4544 1229 4616 γὰρ,
1265 4547 1451 4616 φησιν,
1486 4547 1514 4597 6
1545 4547 1677 4607 Θεὸς
1711 4550 1889 4619 ἡμῶν,

314 4631 537 4702 εἰρήνην
566 4632 652 4695 δὸς
680 4634 810 4703 ήμῖν
836 4648 850 4663 ⁸
885 4633 1061 4686 πάντα
1091 4633 1199 4703 γὰρ
1227 4635 1516 4699 ἀπέδωκας
1548 4638 1696 4707 ήμῖν.
1731 4657 1748 4688 ι
1809 4639 1897 4704 Ὠς

313 4727 424 4794 γὰρ
454 4726 606 4778 οὐδὲν
635 4724 730 4778 τοῦ
765 4725 933 4796 νόμου
962 4725 1393 4791 τετελειωκότος,
1437 4727 1561 4781 οὔτε
1597 4730 1702 4802 μὴν
1735 4730 1897 4801 ἐξαρ-

313 4815 520 4885 κοῦσης
547 4816 646 4885 τῆς
683 4815 802 4869 κατ’
835 4817 998 4870 αὑτὸν
1025 4817 1373 4888 δικαιοσύνης
1407 4820 1485 4882 εἰς
1516 4820 1896 4892 πληρεστάτην

256 4960 263 4964 .
312 4909 598 4962 εὐσέϐειαν
625 4910 956 4980 ἀνακομίσαι
1002 4910 1093 4962 τὸν
1122 4911 1426 4982 ἄνθρωπον,
1470 4913 1530 4966 τὺ
1579 4914 1808 4985 Πνεῦμα
1835 4917 1897 4968 τὸ

311 5001 456 5053 θεῖον
501 5001 720 5070 δοθῆναι
767 5002 1109 5074 παρακαλεῖ,
1151 5003 1216 5056 δι’
1253 4998 1317 5058 οῦ
1349 5005 1789 5078 κατηλλαγμένοι
1818 5009 1896 5080 τῷ

307 5091 436 5163 Θεῷ
460 5094 554 5146 καὶ
574 5094 749 5163 Ila-cpi
780 5094 918 5165 πρὸς
951 5095 1132 5163 φιλίαν
1158 5097 1598 5168 ἁνακεκλήμεθα.
1632 5088 1898 5169 δραπέται

307 5184 372 5236 τὸ
402 5187 532 5254 πρὶν
565 5185 997 5255 ὰναδεδειγμένοι
1027 5186 1112 5240 διὰ
1143 5187 1242 5258 τὴν
1267 5191 1350 5256 ἐφ’
1384 5191 1531 5259 ἡμᾶς
1582 5191 1896 5262 βασιλεύου-

312 5294 416 5329 σαν
477 5276 772 5347 ἁμαρτίαν.
821 5277 921 5341 Δὸς
970 5279 1260 5350 τοιγαροῦν
1313 5280 1410 5351 τήν
1457 5284 1679 5353 εἰρήνην
1726 5285 1894 5354 ἡμῖν,

308 5371 504 5438 φησὶν,
544 5363 588 5422 ὦ
615 5371 878 5433 Δέσποτα,
915 5370 1092 5423 πάντα
1119 5371 1228 5440 γὰρ
1264 5373 1550 5438 ἀπέδωκας
1580 5376 1732 5445 ήμῖν.
1786 5377 1895 5428 Καὶ

307 5463 338 5513 ὃ
390 5460 642 5530 βούλεται
693 5461 884 5532 δηλοῦν
932 5458 1072 5514 εἷναί
1127 5479 1272 5532 φημι
1327 5464 1602 5518 τοιοῦτονο
1663 5467 1894 5530 Ἐπίδος,

310 5554 503 5624 φησὶν,
529 5547 574 5606 ὦ
619 5552 882 5618 Δέσποτα,
930 5555 1028 5625 τήν
1075 5556 1317 5626 εἰρήνην.
1373 5556 1557 5610 Πάντα
1598 5557 1706 5629 γὰρ
1749 5559 1892 5628 ἔχειν

1996 4553 2293 4606 amicitiam
2337 4553 2577 4607 revocati
2612 4567 2826 4617 sumus,
2856 4552 2948 4621 qui
2989 4559 3208 4621 propter
3242 4567 3478 4622 regnans
3517 4554 3569 4606 in

1995 4659 2097 4699 nos
2130 4653 2418 4714 peccatum
2473 4643 2685 4714 fugitivi
2731 4643 2884 4714 prius
2929 4657 3169 4698 eramus.
3212 4660 3230 4692 ι
3269 4640 3343 4696 [la
3384 4658 3572 4712 pacem

1996 4739 2156 4791 nobis
2205 4739 2391 4808 igitur,
2443 4752 2476 4791 θ
2517 4735 2746 4791 Domine
2797 4736 3027 4791 :omuia
3084 4735 3228 4790 enim
3284 4735 3578 4791 reddidisti

1997 4831 2180 4886 nobis.
2216 4849 2234 4880 ι
2270 4829 2414 4883 Idem
2448 4837 2532 4884 est
2569 4843 2636 4883 ac
2668 4827 2712 4884 si
2743 4829 2949 4883 diceret
2979 4843 2992 4878 :
3030 4826 3126 4890 Da,
3168 4827 3367 4896 inquit,
3402 4843 3434 4881 ο
3467 4826 3574 4880 Do-

2000 4923 2165 4980 mine,
2198 4937 2409 4991 pacem.
2455 4920 2651 4977 Omnia
2700 4919 2845 4974 enim
2877 4926 3009 4973 tunc
3045 4934 3148 4974 nos
3184 4919 3388 4974 habere
3437 4918 3574 4974 l‘ate-

1998 5014 2201 5076 biinur,
2232 5014 2478 5084 nihilque
2513 5013 2641 5067 boui
2692 5013 2886 5068 deesse
2917 5012 3191 5066 videbitur
3227 5012 3275 5065 ei
3323 5012 3414 5081 qui
3460 5012 3575 5078 ple-

2000 5106 2305 5160 nitudinem
2356 5105 2518 5177 841
2553 5104 2755 5160 Christi
2804 5103 3102 5172 acceperit.
3141 5101 3332 5157 Omnis
3374 5103 3589 5172 quippe

1999 5197 2128 5251 boni
2167 5196 2448 5266 plenitudo
2494 5204 2599 5258 est,
2644 5195 2814 5249 Deum
2860 5195 2913 5248 in
2965 5193 3124 5247 nobis
3180 5192 3428 5246 habitare
3478 5209 3577 5262 per

2005 5287 2270 5356 Spiritum
2315 5285 2382 5340 ⁸⁸.
2435 5287 2708 5353 Quoniam
2748 5300 2880 5356 ergo
2926 5282 3168 5354 Spiritus
3201 5299 3361 5337 omne
3402 5285 3578 5339 animi

2003 5381 2408 5434 turbamentum
2444 5380 2657 5443 sedare,
2681 5391 3009 5447 omnemque
3041 5375 3094 5430 in
3140 5376 3298 5431 nobis
3336 5377 3578 5430 formidi-

2004 5487 2126 5525 nem
2155 5487 2506 5540 compescere
2533 5471 2770 5526 maxime
2794 5476 2994 5541 potest,
3014 5468 3146 5522 illud
3171 5467 3584 5540 quodammodo

2007 5561 2313 5618 subsidium
2349 5562 2415 5618 ad
2448 5563 2615 5618 animi
2649 5562 2816 5618 robur
2838 5572 2890 5618 et
2924 5561 3359 5632 perturbationis
3391 5558 3588 5613 vacui»~

387 5727 508 5758 δι’-⁵⁸
543 5728 780 5799 Philipp.
811 5746 886 5796 tv,
928 5729 976 5786 7.
1056 5731 1099 5764 "
1139 5731 1242 5787 lsa.
1282 5748 1428 5796 xxvi,
1478 5735 1559 5788 l2.
1643 5736 1690 5768 ’⁵⁸
1729 5736 1942 5793 Coloss.
1983 5752 2028 5803 ι,
2071 5739 2155 5796 l9.
