4042 6204
531 281 637 345 307.

1551 289 1609 346 S.
1637 287 1915 348 (intlLLl
1952 287 2422 365 ΑιεχΑΝοιιιδι
2455 288 2773 349 ARCHIEP.

3652 285 3756 341 308

530 409 697 455 tatem
733 401 1076 469 aptissimum
1115 402 1370 470 daturum
1417 419 1477 460 se
1517 405 1808 476 promittit,
1853 405 2044 460 dicens
2077 421 2084 457 :

2196 404 2600 476 ὁμολογήσομεν
2629 405 2772 465 τότε,
2803 403 3104 467 ἐλλελοιπδς
3137 402 3193 456 δὲ
3219 403 3464 478 φανεῖται
3492 399 3596 453 τῶν
3627 399 3760 458 ἀγα-

533 510 554 544 ι
596 491 794 547 Pacem
833 510 1007 550 meam
1044 496 1292 566 relinquo
1329 496 1484 553 vobis
1526 512 1542 552 :
1581 512 1651 552 ne
1698 497 1955 552 turbetur
1993 511 2090 549 cor

530 593 793 648 vestrum,
827 603 1000 657 neque
1033 587 1310 642 formidet.
1356 608 1376 640 ι

2199 495 2306 549 θῶν
2339 495 2522 557 οὐδὲν,
2577 495 2655 565 τῷ
2687 511 2748 563 γε
2797 493 2944 559 ἅπαξ
2995 495 3348 565 κομισαμένῳ
3391 493 3453 545 τὸ
3495 491 3761 560 πλήρωμα

2201 586 2461 657 Χριστοῦ.
2501 586 2706 649 Παντὸς
2735 586 2842 657 γὰρ
2877 586 3154 655 πλήρωσις
3181 584 3406 654 ἀγαθοῦ,
3443 583 3762 652 κατοικῆσαι

526 678 660 730 θεὸν
692 678 751 730 ἐν
801 680 931 748 ἡμῖν
973 679 1063 733 διὰ
1109 679 1200 732 τοῦ
1254 679 1589 750 Πνεύματος.
1651 680 1870 752 Ἐπειδὴ
1916 681 2093 735 τοίνυν
2133 682 2459 736 ἱκανώτατον
2489 679 2692 749 σφόδρα
2735 679 2794 732 τὸ
2822 678 3045 748 Πνεῦμα
3071 680 3204 739 ἐστι,
3241 677 3420 730 πάντα
3481 675 3582 737 τῆς
3645 674 3759 726 δια*

525 769 674 856 νοίας
739 773 1066 843 καταραῖσαι
1132 773 1378 844 θόρυϐον,
1426 778 1521 828 καὶ
1563 775 1742 828 πᾶσαν
1782 777 1882 846 τὴν
1926 779 1984 830 ἐν
2036 779 2170 848 ἡμῖν
2208 775 2553 848 καταργῆσαι
2578 773 2798 837 δειλίαν,
2828 773 3036 842 ἐφόδιον
3061 772 3249 842 ὥσπερ
3287 773 3366 834 είς
3393 770 3641 840 ἀνδρείαν
3668 769 3761 821 καὶ

528 858 826 928 ἀταραξίαν
871 861 932 914 τὸ
993 863 1294 933 ἐπιτήδειον
1343 863 1626 926 ἐπιδώσειν
1681 866 2074 936 ἐπαγγέλλεται
2111 868 2286 936 λέγων
2316 881 2329 896 ’
2363 886 2380 918 ι
2415 866 2655 939 Εἰρήνην
2682 865 2781 934 τὴν
2824 864 2962 935 ἐμὴν
3001 863 3202 935 ἀφίημι
3246 864 3372 934 ὑμῖν
3397 880 3410 893 °
3454 862 3529 932 μὴ
3565 877 3769 932 ταρασ-

529 948 704 1001 σέσθω
730 948 882 1018 ὑμῶν
912 952 945 1020 ἡ
971 952 1186 1022 καρδία,
1215 954 1346 1024 μηδέ
1376 941 1638 1014 δειλιάτω.
1678 975 1696 1008 ι

598 1039 738 1105 XIV,
774 1041 864 1096 28.
910 1043 1145 1099 Audistis
1168 1046 1307 1116 quia
1333 1062 1424 1116 ego
1463 1045 1585 1100 dixi
1625 1047 1768 1104 vobis
1799 1067 1816 1109 :
1853 1050 2000 1104 Vada
2041 1060 2091 1106 et

526 1134 672 1186 neuio
702 1133 770 1186 ad
797 1151 904 1188 vos.

597 1219 717 1274 Non
747 1221 815 1274 ab
841 1221 972 1283 alio.
1003 1223 1202 1291 inquit,
1225 1238 1389 1293 quam
1416 1239 1446 1278 a
1477 1240 1563 1280 me
1594 1226 1832 1282 audistis
1874 1226 1938 1280 de
1972 1241 2090 1280 meo

525 1309 798 1372 discessu,
847 1311 947 1379 ipsi
1004 1311 1210 1382 quippe
1249 1327 1368 1366 mea
1415 1313 1580 1368 verba
1625 1314 1853 1369 auribus
1896 1312 2092 1368 vestris

529 1400 814 1458 hausistis.
846 1401 991 1466 Quid
1028 1411 1208 1456 autem
1249 1403 1407 1458 vobis
1467 1404 1716 1473 promisi,
1740 1406 1833 1474 qui
1867 1404 2093 1460 mentiri

527 1491 754 1545 nescio?
783 1511 801 1544 ι
840 1490 955 1562 Ego
987 1497 1144 1559 vado,
1168 1501 1222 1548 et
1246 1494 1403 1548 venio
1425 1493 1494 1546 ad
1527 1509 1644 1549 vos.
1678 1512 1697 1548 ι
1726 1493 1860 1549 Nam
1893 1496 1939 1549 si
1973 1495 2090 1550 dis-

525 1596 721 1636 cessus
777 1597 932 1638 meus
965 1585 1364 1640 consolationis
1411 1585 1549 1638 nihil
1587 1593 1737 1642 esset
1781 1585 2090 1653 habiturus,

2273 1043 2603 1102 Ἠκούσατε
2629 1040 2717 1094 ὅτι
2763 1038 2877 1108 ἐγὼ
2924 1039 3100 1094 εἶπον
3147 1037 3305 1108 ὑμῖν
3360 1037 3623 1110 Ὑπάγω,
3659 1045 3759 1100 και

2189 1135 2433 1202 ἔρχομαι
2462 1130 2612 1199 πρὸς
2647 1127 2820 1199 ὑμᾶς.
3073 1141 3076 1146 ’

2260 1223 2372 1291 Οὐχ
2405 1221 2636 1291 ἐτέρου,
2663 1222 2818 1288 φησι,
2851 1217 3169 1272 διεπύθεσοε
3206 1218 3454 1287 λέγοντος
3480 1222 3580 1291 τὴν
3619 1223 3761 1295 ἐμὴν

2192 1309 2442 1363 ἐντεῦθεν
2473 1309 2801 1379 ἀποδημίανο
2823 1308 3082 1378 αὐτήκοοι
3114 1307 3222 1378 γὰρ
3263 1307 3370 1362 τῶν
3406 1310 3554 1379 ἐμῶν
3580 1314 3758 1384 ρημά-

2189 1419 2297 1456 των
2321 1402 2600 1471 γεγόνατε.
2625 1400 2692 1454 Τί
2715 1400 2772 1455 δὲ
2793 1400 2921 1470 ὑμῖν
2943 1399 3381 1470 ἐπηγγειλάμην,
3409 1404 3440 1456 6
3467 1401 3756 1469 ψεύδεσθαι

2190 1492 2268 1564 μὴ
2294 1491 2483 1556 είδώς;
2519 1509 2536 1542 ι
2590 1489 2731 1558 Ἐγὼ
2753 1491 2972 1556 ὑπάγω,
3001 1489 3098 1541 καὶ
3141 1489 3370 1560 ἔρχομαι
3394 1492 3528 1562 πρὸς
3555 1493 3748 1563 ὑμᾶς.»

2187 1578 2249 1631 Ei
2280 1578 2379 1648 μὲν
2421 1573 2516 1630 οῦν
2540 1577 2920 1648 άπαράκλητον
2953 1577 3080 1646 ὑμῖν
3121 1577 3150 1629 6
3188 1576 3343 1650 λόγος
3370 1579 3631 1650 ἠπείλησε
3657 1583 3754 1652 τὴν

526 1687 734 1742 vasque
777 1672 832 1726 in
883 1684 1204 1743 perpetuum
1249 1690 1427 1729 essem
1476 1675 1804 1740 relicturus,
1851 1677 2084 1746 graviter

2187 1661 2518 1738 ἀποδημίαν,
2565 1669 2659 1721 καὶ
2695 1668 2920 1738 διηνεκῆ
2971 1668 3073 1738 τὴν
3101 1668 3406 1738 ἀπόλειψιν,
3436 1667 3504 1741 ἦν
3553 1673 3616 1743 δή
3653 1691 3755 1727 που

527 1765 717 1832 utique
749 1763 801 1817 id
833 1763 1002 1831 l'erre,
1030 1774 1192 1834 atque
1227 1765 1296 1822 ob
1322 1765 1373 1820 id
1409 1765 1649 1820 animum
1685 1766 1811 1836 jure
1851 1765 2091 1837 despon-

2187 1760 2282 1812 καὶ
2317 1758 2459 1829 μάλα
2488 1759 2634 1822 εἰκὸς
2659 1758 2750 1810 ἐπὶ
2780 1757 2954 1828 τούτῳ
2982 1757 3101 1815 λίαν
3133 1759 3516 1829 ἀσχάλλοντας,
3551 1764 3758 1834 ἀφορή..

525 1854 654 1908 dere
681 1853 995 1909 videremiui
1019 1872 1035 1922 ;
1059 1854 1154 1910 sed
1193 1870 1318 1910 cum
1360 1857 1518 1911 vobis
1542 1855 1777 1912 dixerim
1814 1871 1922 1912 non
1965 1864 2084 1911 tan-

2189 1867 2297 1912 τως
2329 1849 2393 1920 δὴ
2426 1849 2570 1919 ἔχειν
2625 1849 2719 1900 καὶ
2764 1850 2844 1911 είς
2895 1847 3164 1918 ἀκράτους
3215 1850 3516 1922 δυσθυμίας
3541 1831 3754 1908 κατολι-

527 1953 640 1996 tum
685 1961 774 2000 me
805 1943 1082 2007 abiturum
1105 1985 1122 2009 ,
1159 1946 1254 2003 sed
1293 1955 1446 2002 certo
1473 1955 1719 2018 tempore
1754 1963 1841 2002 me
1882 1948 2090 2003 reditu-

526 2052 670 2100 rum,
724 2051 845 2102 cur.
903 2037 1101 2107 inquit,
1157 2037 1400 2094 dolorem
1458 2039 1644 2094 animo
1700 2040 2086 2109 suscipientes,

523 2132 667 2199 quod
697 2131 939 2190 laetitiam
962 2130 1261 2185 conciliare
1284 2130 1456 2201 possit
1482 2131 1700 2200 penitus
1722 2146 1785 2185 ex
1823 2130 2088 2186 memoria

523 2233 704 2276 Vestra
742 2221 974 2276 deletis?
1001 2220 1209 2291 Pugnet
1249 2220 1550 2275 remedium
1595 2221 1830 2285 vulneri,
1856 2230 1911 2276 et
1955 2236 2088 2290 gau-

522 2314 594 2368 dii
631 2315 713 2369 vis
745 2313 921 2367 dolori
956 2313 1199 2368 resistat.
1242 2311 1475 2367 Paratus
1517 2312 1662 2367 enim
1709 2328 1830 2368 sum
1881 2313 1949 2367 ad
1985 2312 2089 2368 Pa-

521 2409 658 2452 trem
692 2413 755 2453 ac
786 2397 951 2453 Deum
983 2399 1298 2462 ascendere,
1332 2399 1427 2454 sed
1462 2400 1765 2455 rediturum
1793 2417 1878 2458 me
1905 2402 2087 2457 denuo

520 2491 771 2558 promisi.
850 2490 1016 2547 Sedat
1101 2491 1268 2560 igitur
1323 2491 1864 2546 vehementissimum
1933 2494 2084 2548 illum

519 2596 685 2650 quem
733 2580 787 2636 in
828 2581 1118 2651 discipulis
1167 2581 1409 2636 dolorem
1449 2583 1674 2638 invenit.
1708 2582 1773 2638 Et
1819 2584 2084 2654 quemad-

520 2671 741 2729 modum
775 2680 931 2740 pater
969 2673 1239 2742 quispiam
1284 2673 1582 2727 liberorum
1617 2689 1842 2729 suorum
1896 2691 2086 2728 aman-

520 2761 789 2824 tissimus,
818 2777 1000 2816 rerum
1041 2764 1475 2821 necessariarum
1519 2778 1688 2819 causa
1724 2764 2080 2834 longinquam

519 2852 1010 2922 peregrinationem
1046 2853 1326 2923 suscipere
1359 2861 1608 2920 coactus,
1636 2870 1867 2910 cernens
1892 2870 1989 2910 eos
2028 2857 2081 2910 in

518 2943 788 3012 lacrymas
816 2942 1043 3009 ellusos,
1081 2944 1284 3014 quibus
1313 2953 1494 3014 potest
1537 2947 1846 3002 rationibus
1885 2962 2083 3001 conso-

521 3035 682 3094 lalur,
707 3043 760 3088 et
786 3034 1028 3094 l'ut'urutn
1055 3050 1119 3090 ex
1145 3051 1245 3091 suo
1271 3037 1518 3093 discessu
1547 3037 1751 3093 bonum
1781 3037 2081 3094 identidem

517 3126 814 3196 replicans,
861 3140 1010 3196 spem
1072 3143 1252 3182 rerum
1307 3129 1844 3199 jucundissimarum
1903 3130 2148 3217 doloric

519 3217 921 3287 quodammodo
967 3220 1194 3290 opponit
1221 3239 1236 3276 :
1261 3221 1341 3276 sic
1373 3222 1534 3276 etiam
1589 3220 1857 3277 Dominus
1891 3231 2082 3277 noster

510 3311 674 3366 Jesus
695 3310 954 3366 Christus
972 3327 1039 3367 ex
1057 3313 1242 3367 animo
1261 3323 1578 3367 sanctorum
1605 3313 1848 3369 dolorem
1875 3315 2079 3374 evellit,

519 3397 690 3460 Norat
713 3400 883 3461 enim,
908 3408 1088 3462 norat,
1125 3407 1314 3469 utpote
1340 3415 1464 3454 cum
1495 3415 1658 3456 verus
1681 3399 1825 3455 Deus
1841 3401 1933 3466 sit,
1951 3415 2078 3471 gra-

513 3491 801 3545 vissimum
834 3492 940 3547 illis
959 3492 1076 3546 t'ore
1103 3493 1247 3561 quod
1266 3508 1455 3548 eorum
1483 3494 1678 3548 oculos
1702 3493 1934 3564 fugeret,
1954 3493 2079 3547 licet

512 3596 636 3634 eum
669 3581 751 3636 cis
790 3593 1050 3651 perpetuo
1087 3583 1305 3664 futurus
1329 3590 1476 3637 esset
1510 3597 1607 3652 per
1633 3584 1918 3653 Spiritum.
1957 3583 2073 3639 Hoc

513 3681 692 3732 autem
725 3675 952 3728 sitmuun
994 3674 1284 3730 charitatis
1329 3689 1394 3728 ac
1439 3673 1750 3729 sanctitatis
1792 3683 1874 3730 est
1912 3692 2071 3746 argu-

509 3773 778 3824 mentum.
813 3764 968 3821 Velle
1009 3767 1154 3821 enim
1195 3780 1319 3821 cum
1366 3766 1590 3822 Christo
1642 3767 1860 3836 degere,
1892 3782 2075 3821 nonne

510 3855 722 3910 sanctis
751 3864 834 3912 est
867 3857 1483 3913 convenientissimum?
1513 3857 1685 3924 Quem
1717 3873 1842 3925 cum
1873 3857 2074 3913 Paulus

510 3949 564 4001 iu
611 3963 670 4003 se
708 3963 935 4018 scopum
986 3949 1210 4006 haberet
1244 3969 1258 4005 :
1297 3968 1317 4002 ι
1358 3951 1546 4006 Melius
1581 3959 1688 4020 est,
1723 3950 1924 4021 inquit,
1959 3951 2072 4006 dis-

507 4036 670 4098 solvi,
704 4045 760 4090 et
788 4052 911 4093 esse
940 4053 1063 4092 cum
1097 4037 1315 4095 Christo
1341 4039 1406 4094 ".
1447 4059 1467 4093 ι

2194 1940 2361 1994 σθείνο
2380 1940 2565 2011 ἐπειδὴ
2589 1939 2644 1994 δὲ
2666 1940 2802 2012 πρὸς
2829 1942 2971 2012 ὑμᾶς
2999 1941 3155 2013 ἔφην,
3173 1942 3247 2006 ὠς
3265 1944 3366 2001 οὐκ
3389 1945 3753 2017 ἀπελεύσομαι

2193 2032 2375 2103 μόνον,
2401 2033 2514 2088 ἀλλ’
2553 2034 2634 2086 ὅτι
2688 2035 2781 2086 καί
2827 2033 3080 2103 ἐπανήξω
3126 2033 3269 2087 κατά
3325 2035 3538 2106 καιρὸν,
3575 2037 3630 2090 τί
3655 2037 3743 2108 δὴ,

2189 2126 2345 2195 φησὶ,
2373 2125 2531 2196 μόνον
2556 2125 2618 2178 τὸ
2639 2123 2839 2178 λυποῦν
2867 2127 2982 2187 ταῖς
3011 2125 3218 2179 ἑαυτῶν
3242 2126 3500 2190 διανοίαις
3524 2128 3746 2182 εἰσοικί-

2189 2216 2393 2283 ζοντες,
2444 2217 2505 2270 τὸ
2560 2217 2801 2286 πεφυκὸς
2865 2217 3174 2287 εὐφραίνειν
3221 2221 3340 2281 ταῖς
3399 2220 3753 2290 ἀμνηστείαις

2189 2309 2468 2380 ύϐρίζετε;
2498 2307 2917 2378 Ἀντεγειρέσοω
2937 2307 3012 2377 τῷ
3042 2307 3327 2378 πλήττοντι
3352 2309 3412 2361 τὸ
3433 2309 3756 2379 θεραπεύειν

2187 2398 2350 2462 είδὸς,
2375 2397 2772 2451 ἀντιπαλαιέτω
2796 2401 2908 2461 τοῖς
2927 2399 3080 2470 ἀνιᾷν
3097 2397 3394 2467 πεφυκόσιν
3423 2400 3455 2468 ή
3487 2399 3580 2452 τοῦ
3611 2417 3747 2453 κατ-

2187 2490 2568 2560 ευφραίνοντος
2620 2489 2865 2560 δύναμις.
2916 2489 3290 2559 Συντέταγμαι
3338 2491 3436 2560 μὲν
3499 2491 3629 2560 γὰρ,
3676 2490 3751 2553 ὡς

2187 2581 2592 2653 ἀναϐησόμενος
2649 2581 2785 2652 πρὸς
2813 2581 2906 2634 τὸν
2953 2581 3172 2653 Πατέρα
3219 2582 3312 2648 καὶ
3345 2582 3498 2644 Θεὸν,
3525 2581 3637 2634 ἀλλ’
3669 2583 3751 2639 ὅτι

2186 2676 2278 2728 καὶ
2310 2675 2564 2744 ἐπανήξω
2603 2674 2763 2732 πάλιν
2792 2675 3156 2744 ἐπήγγελμαι.
3205 2673 3540 2743 Καταραΐζει
3573 2675 3752 2728 τοίνυν

2184 2769 2558 2838 ἀκμαιοτάτην
2598 2769 2656 2820 ἐν
2711 2770 2825 2830 τοῖς
2861 2766 3130 2836 μαθηταῖς
3174 2767 3274 2836 τὴν
3320 2766 3496 2836 λύπην
3551 2765 3747 2838 εὑρών.
3815 2770 3833 2784 ”

2183 2859 2294 2911 Καὶ
2317 2857 2506 2928 ὥσπερ
2530 2859 2595 2910 ἂν
2618 2858 2670 2910 εί
2706 2875 2788 2922 τις
2816 2857 3070 2926 φιλόπαις
3101 2857 3269 2921 ὅντως
3312 2858 3450 2930 ἀνὴρ
3497 2859 3588 2912 καὶ
3615 2860 3752 2926 ἀγα,

2185 2949 2442 3012 Θώτατος,
2469 2949 2565 3018 τῆς
2587 2948 2914 3018 ἐνεγκούσης
2936 2948 3185 3019 ἀπαίρειν
3215 2948 3303 3001 ἐπί
3322 2965 3431 3001 τισι
3454 2950 3562 3002 τῶν
3583 2950 3750 3018 ἀναγο

2183 3038 2354 3091 καίων
2384 3037 2768 3108 ἐκϐιαζόμενος
2789 3079 2804 3102 ,
2838 3033 2957 3091 εἶτα
2987 3037 3118 3090 πολὺ
3147 3040 3256 3092 τῶν
3292 3039 3436 3092 ἰδίων
3461 3040 3665 3094 τέκνων
3685 3041 3750 3093 τὸ

2181 3127 2414 3200 δάκρυον
2453 3129 2684 3198 βλέπων,
2717 3130 2815 3199 τὴν
2857 3130 3280 3201 τρυφερωτάτην
3329 3130 3507 3184 αὐτῶν
3535 3132 3627 3185 καὶ
3661 3131 3748 3200 cpi.

2179 3219 2278 3292 λην
2310 3220 2645 3291 καταδρέχον
2685 3219 2938 3290 παρειὰν,
2970 3221 3056 3279 διὰ
3080 3221 3280 3285 παντὸς
3305 3216 3409 3275 εἶσι
3441 3222 3618 3292 λόγου,
3651 3225 3750 3280 καὶ

2175 3312 2235 3364 τὸ
2263 3313 2326 3364 ἐκ
2348 3311 2447 3382 τῆς
2473 3309 2782 3379 ἀποδημίας
2811 3310 3069 3380 ἐσόμενον
3097 3311 3297 3379 ἀγαθὸν
3329 3311 3416 3365 ἀεὶ
3444 3313 3749 3383 παρακομίο

2175 3404 2282 3468 ζων
2313 3405 2390 3466 είς
2422 3402 2604 3473 μέσον,
2653 3401 2964 3464 ἀνοοπλίζει
2995 3403 3192 3472 τρόπον
3241 3403 3365 3461 τινὰ
3393 3406 3510 3466 ταῖς
3547 3403 3745 3467 λύπαις

2171 3494 2268 3567 τὴν
2292 3494 2384 3546 ἐπὶ
2406 3495 2519 3555 τοῖς
2541 3493 2772 3562 ἡδίστοις
2793 3493 3002 3554 ἐλπίδα·
3022 3483 3164 3547 οὕτω
3194 3494 3288 3548 καὶ
3312 3497 3341 3548 6
3360 3494 3562 3566 Κύριος
3585 3496 3746 3567 ἡμῶν

2184 3584 2392 3656 Ἰησοῦς
2423 3585 2450 3637 6
2480 3585 2732 3656 Χριστὸς,
2771 3587 2870 3655 τῆς
2920 3585 3028 3640 τῶν
3055 3585 3222 3654 ἁγίων
3253 3586 3432 3658 ψυχῆς
3469 3587 3751 3659 περιστέλη

2172 3673 2252 3728 λει
2278 3675 2375 3746 τὴν
2400 3674 2594 3746 λύπην.
2623 3677 2779 3747 ’ῌδει
2804 3677 2930 3747 γὰρ,
2958 3677 3074 3748 ᾔδει
3115 3677 3246 3740 Θεὸς
3274 3677 3535 3747 ὑπάρχων
3562 3677 3743 3746 ἀληθι-

2173 3766 2280 3829 νὸς,
2317 3767 2727 3838 φορτικωτάτην
2764 3767 2947 3831 αὐτοῖς
2993 3767 3211 3822 ἔσεσθαι
3233 3769 3332 3838 τὴν
3358 3768 3638 3837 ἀπόλειψιν
3661 3769 3742 3839 (l)

2172 3856 2356 3915 αὐτοῦ,
2384 3857 2559 3912 καίτοι
2581 3858 2829 3920 συνόντος
2855 3859 2936 3911 ἀεὶ
2968 3859 3055 3912 διὰ
3082 3857 3175 3912 τοῦ
3217 3859 3548 3928 Πνεύματος.
3587 3860 3743 3926 Ἀγά-

2173 3966 2280 4018 πης
2306 3947 2361 4000 δέ
2389 3949 2548 4002 τοῦτο
2573 3950 2670 4003 καὶ
2695 3950 2974 4018 ὁσιότητος
2996 3950 3093 4020 τῆς
3122 3953 3201 4006 είς
3241 3950 3414 4021 ἄκραν
3443 3949 3736 4014 ἀπόδειξις.

2175 4038 2249 4092 Τὸ
2278 4039 2385 4110 γὰρ
2448 4042 2684 4093 συνεῖναι
2750 4040 3034 4110 βούλεσθαι
3064 4040 3140 4110 τῷ
3171 4040 3410 4112 Χριστῷ,
3466 4041 3584 4104 πῶς
3636 4043 3742 4103 οὐκ

505 4131 720 4200 ἀληθῶς
747 4135 861 4198 τοῖς
889 4134 1064 4204 ἁγίοις
1095 4135 1579 4205 πρεπωδέστατον;
1611 4136 1720 4191 Καὶ
1745 4135 1878 4205 γοῦν
1899 4138 1926 4190 6
1954 4136 2255 4205 θαυμάσιος
2322 4134 2532 4198 Παῦλος
2574 4135 2762 4189 τοῦτον
2827 4136 2965 4205 ἔχων
3021 4138 3080 4189 ἐν
3135 4134 3312 4205 ἐαυτῷ
3345 4135 3436 4189 τὸν
3504 4134 3741 4189 σκοπόνι

509 4244 527 4292 ι
564 4228 826 4300 Κρεῖσσον
855 4229 992 4302 γάρ,
1040 4231 1202 4302 φησὶ,
1248 4230 1310 4282 τὸ
1339 4230 1626 4298 ἀναλῦσαι,
1678 4234 1774 4287 καὶ
1810 4234 1906 4286 σὺν
1941 4231 2165 4303 Χριστῷ
2191 4228 2350 4290 εἷναι.
2377 4251 2396 4283 ι

1055 4341 1219 4414 942
1267 4342 1418 4399 CAP.
1460 4341 1499 4397 ι.

502 4451 656 4514 ρηοά
684 4452 832 4505 nulla
861 4453 915 4505 in
956 4469 1009 4506 re
1035 4455 1208 4507 minor
1236 4456 1303 4508 sit
1339 4455 1443 4509 Deo
1469 4473 1530 4509 ac
1557 4455 1719 4510 Patre
1748 4455 1942 4521 Filius,
1975 4455 2065 4510 sed

571 4523 791 4589 a'qualis
815 4523 1012 4590 potius,
1035 4524 1182 4591 eique
1195 4525 1386 4578 similis
1409 4526 1693 4580 secundum
1723 4539 1992 4581 naturam.

574 4671 708 4736 Χιγ,
737 4675 827 4728 28.
861 4674 920 4728 Si
948 4676 1238 4748 diligentis
1274 4695 1373 4742 me,
1402 4681 1699 4748 gaudentis
1726 4683 1920 4749 utique,
1939 4684 2064 4752 quin

499 4764 632 4824 sudo
672 4763 740 4816 ad
794 4763 1028 4831 Patrem,
1068 4769 1194 4836 quia
1227 4767 1389 4823 Pater
1425 4770 1596 4840 major
1627 4788 1705 4825 me
1749 4782 1847 4826 est.

2757 4345 3001 4404 ΚΕΦΛΛ.
3057 4345 3132 4398 Λ’.

2164 4449 2292 4515 ’Ότι
2318 4463 2442 4514 κατ’
2471 4461 2651 4514 οὐδὲν
2699 4460 2962 4514 ἐλάττων
2983 4459 3154 4514 ἐστίν
3185 4461 3216 4512 ό
3254 4457 3386 4521 Υἱὸς
3427 4455 3533 4509 τοῦ
3582 4455 3737 4508 Θεοῦ

2231 4532 2326 4583 καί
2355 4531 2601 4598 Πατρός,
2639 4531 2771 4596 ἶσος
2824 4529 2894 4584 δὲ
2933 4529 3173 4599 μᾶλλον
3219 4528 3316 4581 καὶ
3340 4526 3541 4596 ὅμοιος
3582 4526 3742 4584 κατὰ

2123 4643 2129 4650 .
2232 4602 2422 4668 φύσιν
2455 4599 2633 4661 αὐτῷ.

2230 4693 2300 4744 Ei
2361 4689 2629 4759 ἠγαπᾶτέ
2663 4706 2760 4759 με,
2819 4688 3073 4758 ἐχάρητε
3131 4687 3228 4750 ἂν,
3283 4685 3372 4740 ὅτι
3400 4684 3735 4753 πορεύομαι

2161 4781 2312 4847 πρὸς
2365 4781 2472 4833 τὸν
2497 4781 2743 4849 Πατέρα,
2792 4779 2882 4834 ὅτι
2923 4783 2955 4833 ό
2986 4780 3187 4846 Πατήρ
3220 4795 3340 4848 μου
3379 4775 3589 4846 μείζων
3605 4793 3736 4846 μου

2155 4884 2285 4922 εστι
2296 4886 2353 4920 ι’.

570 4945 925 5001 Occasionem
974 4944 1180 5001 doloris
1231 4948 1394 5002 vertit
1444 4948 1496 5002 in
1537 4960 1917 5019 argumentum
1967 4953 2052 5007 la:-

2241 4960 2705 5030 ’Λντιπεριτρέπει
2759 4961 2856 5029 τῆς
2887 4959 3060 5030 λύπης
3093 4960 3190 5028 τὴν
3233 4956 3484 5027 ἀφορμὴν
3523 4957 3601 5018 είς
3627 4953 3727 5006 Ου-

484 5034 653 5100 ἰὶιίω,
692 5037 982 5108 palamque
1041 5051 1137 5091 eos
1194 5039 1376 5108 arguit
1422 5039 1564 5100 quod
1630 5055 1738 5094 non
1806 5040 2060 5096 lmtentur

2182 5050 2352 5118 ιηδίας
2381 5049 2654 5113 ὑπόθεσιν,
2685 5051 2778 5102 καὶ
2829 5051 2909 5102 ὅτι
2939 5049 3012 5120 μὴ
3039 5048 3282 5120 χαίρουσι
3341 5047 3538 5116 μᾶλλον
3568 5047 3653 5115 ἐφ’
3677 5039 3728 5114 ᾧ

496 5127 675 5192 potius
701 5126 768 5182 de
800 5140 866 5182 eo
917 5124 1060 5196 quod
1096 5125 1377 5182 dolebant.
1417 5125 1590 5182 Simul
1635 5137 1815 5185 autem
1857 5132 2058 5187 docere

2187 5139 2248 5192 ῦν
2297 5141 2644 5210 άσχάλλουσι,
2681 5127 3023 5194 καταιτιᾶται
3078 5138 3286 5206 σαφῶς.
3332 5139 3418 5191 Ἐν
3444 5137 3623 5206 ταυτῷ
3663 5137 3724 5190 δὲ

491 5225 744 5282 conatur,
783 5232 920 5286 opus
947 5230 1074 5272 esse
1121 5225 1180 5272 ut
1224 5218 1316 5287 qui
1365 5235 1549 5274 veram
1597 5235 1660 5274 ac
1691 5224 1966 5277 sinceram
1999 5224 2053 5279 in

2182 5233 2408 5301 εειρᾶται
2467 5231 2760 5295 διδάσκειν,
2822 5231 2905 5284 ὅτι
2959 5231 3085 5294 τοὺς
3113 5229 3490 5299 ἀκαπήλευτόν
3527 5245 3585 5280 τε
3625 5228 3722 5279 καὶ

489 5308 628 5362 alios
681 5307 1003 5363 charitatem
1059 5309 1272 5373 colunt,
1318 5326 1424 5364 non
1484 5319 1697 5368 tantum
1749 5317 1894 5382 quod
1947 5317 2052 5376 sibi

2182 5321 2324 5390 ληθῆ
2355 5322 2452 5391 τὴν
2475 5325 2553 5385 εἰς
2575 5322 2791 5391 ἐτέρους
2823 5323 3042 5391 ἀγάπην
3073 5320 3504 5390 ἐπιτηδεύοντας,
3535 5319 3722 5387 ζητεῖν

487 5395 642 5460 t'ordi
691 5397 763 5450 sit
797 5411 861 5451 ac
891 5398 1153 5470 voluptati
1189 5409 1459 5471 quaerant,
1491 5403 1581 5456 sed
1614 5406 1758 5473 quod
1805 5409 1930 5462 usui
1976 5411 2049 5464 sit

2183 5416 2444 5479 ναγκαῖον
2474 5415 2592 5483 ούχὶ
2647 5413 2711 5486 δὴ
2769 5414 2983 5477 πάντως
3013 5413 3171 5483 μόνον
3223 5411 3284 5464 τὸ
3320 5410 3503 5479 σφίσιν
3532 5408 3716 5471 αὐτοῖς

555 5534 598 5564 ι’
639 5532 873 5604 Philipp.
909 5551 926 5589 ι
955 5576 969 5598 ,
1008 5538 1080 5591 23

551 5686 629 5756 (l)
664 5686 1024 5759 Ἀποκάλυψιν
1055 5689 1142 5745 cd.
1168 5691 1332 5758 Infra,
1363 5709 1414 5763 ιι.
1449 5694 1572 5757 844,
1605 5694 1691 5748 διὰ
1721 5698 1814 5766 τὴν
1840 5697 2084 5756 δοκοῦσα*

2182 5699 2420 5770 τόλεεψιν.
2467 5701 2620 5764 E011.
2651 5727 2656 5732 δ
