4042 6204
398 240 513 299 809

1435 236 1503 292 ΙΝ
1541 236 1829 294 JOANNIS
1861 238 2317 297 EVANGELlUM
2359 240 2489 295 LIB.
2536 238 2601 294 Χ.

3552 235 3659 291 510

401 361 499 432 ἡδύ
526 376 586 412 τε
620 357 716 411 καὶ
742 356 911 427 φίλον,
935 356 1070 411 ἀλλά
1100 357 1195 411 καὶ
1218 359 1331 421 τοῖς
1362 357 1752 429 ἀγαπωμένοις
1766 358 1981 412 λυσιτε-

2099 359 2157 413 iis
2195 373 2338 430 quos
2386 358 2646 428 diligunt,
2689 355 2983 412 occasione
3038 353 3092 410 id
3143 353 3475 425 postulante.
3510 353 3662 422 Quo-

401 452 511 516 λὲς,
549 448 745 520 καιροῦ
771 449 866 502 καὶ
890 448 1049 502 τοῦτο
1075 449 1209 520 δρᾷν
1259 432 1671 513 ἀναπείθοντος.
1700 450 1798 503 Διά
1825 448 1985 503 τοῦτο

402 543 497 595 καὶ
546 541 576 593 ὁ
630 539 841 604 Παῦλος
888 539 1240 605 ἐπιστέλλων,
1302 540 1489 611 φησίν·
1529 560 1547 592 ι
1589 540 1654 593 Ἢ
1705 541 1893 611 ἀγάπη
1922 541 1984 593 ού

404 630 822 704 περπερεύεται,
857 630 918 684 ού
958 627 1271 700 φυσιοῦται,
1295 631 1397 684 οὐκ
1440 632 1762 703 ἀσχημονεῖ,
1794 633 1857 685 ού
1886 631 1984 703 ζη-

406 726 489 776 τεῖ
508 721 577 775 τά
599 722 817 792 ἑαυτῆς.
844 740 863 773 ι
889 721 1053 790 Λέγει
1079 721 1134 774 δὲ
1157 722 1299 803 πρός
1316 739 1486 785 τινας·
1521 741 1541 773 ι
1561 724 1655 792 Μὴ
1683 723 1754 777 τά
1778 723 1987 779 ἑαυτῶν

409 811 716 883 ζητοῦντες.
746 812 885 867 ἀλλά
916 814 1012 867 καὶ
1044 812 1114 867 τά
1153 815 1377 886 ἐτέρων.
1415 834 1434 867 ι
1479 814 1729 886 Ἀγάπης
1750 815 1859 887 γάρ
1900 815 1991 887 ἔρ-

409 922 502 974 γον
522 906 622 977 τῆς
656 903 943 975 ἀκριϐοῦς,
973 906 1096 977 οὐχὶ
1115 906 1291 977 δήπου
1321 907 1539 970 πάντως
1567 906 1628 959 τὸ
1660 898 1821 976 μόνον
1842 896 1989 978 ἡμᾶς

407 1000 658 1070 προνοεῖν
704 997 812 1050 τῶν
867 997 1014 1051 ἰδίων
1045 999 1288 1066 ἀγαθῶν,
1335 997 1471 1051 ἀλλά
1508 999 1604 1051 καὶ
1650 997 1729 1068 τῷ
1760 999 1990 1071 πλησίον

406 1087 949 1160 περισκέπτεσθαιτὺ
978 1088 1267 1159 χρήσιμον’
1290 1088 1450 1141 τοῦτο
1479 1085 1588 1159 γάρ
1614 1091 1831 1159 φρονεῖν
1861 1088 1992 1142 ἀνα-

406 1180 585 1235 πείθει
603 1181 729 1242 τοὺς
753 1177 947 1233 ἐαυτοῦ
1003 1180 1251 1251 μαθητὰς
1304 1180 1394 1234 διὰ
1421 1178 1530 1232 τῶν
1562 1180 1940 1250 προκειμένων
1963 1182 1993 1234 ὁ

408 1274 625 1345 Σωτήρ.
655 1272 766 1326 Καὶ
798 1270 931 1341 φέρε
953 1271 1018 1340 δὴ
1050 1271 1214 1325 πάλιν
1243 1271 1326 1341 ἐφ’
1358 1273 1491 1343 ἡμῖν
1525 1271 1710 1334 αὐτοῖς
1739 1269 1991 1341 καθάπερ

409 1365 505 1418 ἐπὶ
531 1363 737 1429 πίνακι,
772 1361 1119 1433 λεπτοτέροις
1146 1362 1435 1433 γραφείοις
1456 1361 1554 1433 τὴν
1582 1360 1678 1415 τοῦ
1712 1361 1995 1432 θεωρήμα-

408 1473 505 1520 τος
534 1455 939 1518 άνατυποῦντες
992 1453 1244 1525 δύναμιν,
1308 1454 1690 1525 ἀναϐαίνωμεν
1746 1452 1994 1508 ἐντεῦθεν

2086 451 2234 505 circa
2264 462 2317 506 et
2337 450 2542 505 Paulus
2567 450 2633 505 ad
2666 449 2933 520 quosdam
2967 447 3193 502 scribit:
3227 447 3519 502 «Charitas
3549 464 3659 503 non

2087 543 2197 613 agit
2226 558 2533 613 perperam,
2562 557 2672 597 non
2698 540 2933 606 inﬂatur,
2959 554 3067 593 non
3088 546 3174 594 est
3208 539 3525 604 ambitiosa,
3551 557 3660 594 nun

2088 637 2288 704 quaerit
2318 651 2440 706 quae
2473 650 2574 690 sua
2604 641 2735 690 sunt
2758 634 2825 687 ⁸ο.
2874 651 2894 685 ι
2938 632 3019 687 Ad
3049 632 3188 686 alios
3222 639 3405 686 autem
3439 648 3506 684 ιιι
3542 630 3659 684 Non

2089 743 2190 783 sua
2230 735 2562 798 quaerentes,
2591 727 2687 782 secl
2736 740 2858 797 quae
2901 731 3033 780 sunt
3081 723 3311 779 aliorum
3336 724 3405 777 ".
3449 741 3467 775 ι
3511 721 3665 776 γει-ω

2088 822 2294 876 etenim
2345 820 2635 876 charitatis
2686 834 2826 889 Opus
2870 825 2988 884 est,
3026 832 3134 871 non
3172 816 3359 887 utique
3408 830 3514 870 nos
3568 829 3668 867 no-

2090 922 2331 969 strorum
2361 912 2631 966 bonorum
2657 913 2925 966 duntaxat
2952 924 3143 965 curam
3174 923 3385 980 gerere,
3409 906 3507 963 sed
3533 920 3659 976 pro-

2090 1003 2296 1073 pinquo
2336 1002 2482 1073 quod
2518 1002 2641 1058 usui
2700 1003 2773 1058 sit
2808 1003 3116 1073 providere.
3151 1001 3210 1055 ιιι
3256 1001 3406 1055 enim
3456 1001 3658 1055 sentire

2090 1110 2222 1151 suos
2273 1094 2579 1165 discipulos
2631 1094 2734 1149 hoc
2769 1094 2891 1148 loco
2944 1092 3201 1149 Servatur
3244 1091 3520 1147 admonet.
3557 1089 3663 1144 Sed

2091 1202 2212 1256 age,
2249 1202 2448 1241 rursus
2499 1187 2552 1241 in
2598 1188 2756 1243 nobis
2805 1187 2941 1257 ipsis
2972 1187 3123 1243 velut
3164 1186 3220 1241 in
3257 1184 3445 1240 tabula
3496 1183 3664 1255 hujus

2093 1286 2278 1335 textus
2302 1279 2413 1343 vim
2447 1288 2501 1334 et
2532 1280 2798 1334 rationem
2849 1277 3124 1334 subtiliori
3176 1276 3433 1347 penicillo
3461 1274 3665 1346 depin-

2092 1370 2484 1440 gentes,~hinc
2539 1370 2604 1425 ad
2639 1370 2843 1425 Christi
2897 1369 3222 1441 mysterium
3275 1367 3664 1424 ascendamus.

2097 1458 2251 1529 Saepe
2282 1461 2428 1514 enim
2481 1476 2669 1515 rerum
2715 1461 3030 1516 tenuiorum
3080 1459 3390 1531 exemplum
3447 1457 3577 1511 facit
3607 1463 3665 1511 ut

412 1550 506 1603 ἐπὶ
523 1550 584 1602 τὸ
612 1547 850 1620 Χριστοῦ
884 1551 1205 1620 μυστήριον.
1259 1548 1518 1621 Προξενεῖ
1545 1548 1651 1619 γάρ
1685 1546 1943 1610 πολλάκις
1966 1548 1996 1600 ὁ

2099 1551 2162 1605 ad
2216 1566 2305 1605 res
2357 1552 2823 1620 incomparabiles
2879 1552 3196 1608 evehamur.
3230 1549 3401 1621 Igitur
3454 1559 3665 1620 gratum

408 1643 471 1694 ἑν
488 1644 602 1705 toi;
628 1640 877 1694 ἐλάττοσι
896 1640 1069 1704 τύπος
1083 1641 1145 1694 τὸ
1165 1641 1447 1710 ἐφικέσθαι
1474 1640 1736 1695 δύνασθαι
1772 1641 1867 1693 καὶ
1884 1639 1993 1694 τῶν

2099 1647 2233 1704 erat,
2264 1639 2416 1695 verbi
2450 1640 2649 1710 gratia,
2680 1638 2837 1694 Pauli
2872 1641 3165 1711 discipulis
3194 1654 3323 1695 cum
3354 1654 3421 1694 eo
3452 1653 3668 1708 semper

408 1733 754 1803 ἀσυγκρίτως
786 1732 930 1803 ἔχειν
961 1733 1435 1804 πεπιστευμένων.
1462 1733 1675 1789 Οὐκοῦν
1716 1734 1813 1804 ἡδὺ
1856 1733 1954 1804 μὲν
1974 1773 1989 1797 ,

2099 1732 2356 1803 versari:
2392 1731 2489 1786 sed
2542 1732 2739 1786 melius
2772 1730 2945 1786 Paulo
2991 1746 3057 1786 ac
3111 1731 3288 1786 satius
3343 1730 3566 1785 dissolvi
3616 1738 3669 1784 et

407 1823 544 1895 φέρε
575 1826 770 1887 εἰπεῖν,
794 1827 907 1888 τοῖς
937 1824 1152 1878 Παύλου
1180 1825 1453 1896 μαθηταῖς
1488 1826 1550 1878 τὸ
1578 1825 1729 1896 αύτῷ
1756 1827 1993 1878 συνεῖναι

2099 1836 2214 1877 esse
2270 1836 2397 1876 cum
2454 1821 2698 1888 Christo,
2742 1822 2888 1877 sicut
2945 1821 3061 1891 ipse
3109 1819 3482 1876 conﬁrmavit.
3519 1817 3671 1887 Opus

405 1916 498 1970 διά
522 1916 746 1979 παντός·
779 1915 915 1969 ἀλλά
948 1918 1198 1987 κρεῖττον
1257 1916 1336 1987 τῷ
1386 1915 1584 1987 Παύλῳ
1635 1919 1697 1969 τι)
1731 1915 1994 1970 ἀναλῦσαι.

407 2004 507 2059 καὶ
529 2005 627 2057 σὺν
661 2002 883 2075 Χριστῷ
904 1999 1069 2068 εἶναι,
1100 2004 1352 2075 καθάπερ
1387 2005 1546 2066 αὐτὸς
1573 2002 1995 2058 διεϐεϐαιώσατο

408 2095 658 2165 γράφων.
689 2091 800 2149 Ἦν
831 2092 925 2150 οῦν
974 2096 1133 2167 ἔργον
1172 2100 1284 2160 τοῖς
1317 2098 1538 2167 ἀγαπᾷν
1581 2096 1856 2166 ἑλομένοις
1894 2097 1992 2149 αύ-

406 2187 519 2251 τὸν,
544 2187 607 2239 τὸ
626 2185 870 2258 πληροῦν
902 2188 1223 2255 ἐπείγεσθαι
1259 2188 1358 2257 τὴν
1398 2191 1477 2250 εἰς
1505 2188 1665 2241 αὐτὸν
1699 2189 1997 2257 ἀγάπησιν,

407 2279 507 2332 καὶ
548 2279 626 2350 μὴ
659 2278 941 2333 δύσοιστον
984 2279 1072 2332 ἀεὶ
1122 2280 1393 2333 ποιεῖσθαι
1416 2280 1477 2332 τὸ
1502 2279 1684 2342 αὐτοῖς
1715 2280 1807 2332 καὶ
1838 2278 1998 2349 μόνον

406 2369 532 2438 ἡδὺ,
565 2368 999 2440 περιαθροῦντας
1036 2370 1093 2423 δὲ
1147 2371 1351 2439 μᾶλλον
1375 2370 1471 2423 καὶ
1494 2370 1553 2422 τὸ
1585 2369 1662 2440 τῷ
1694 2368 2000 2439 διδασκάλῳ

408 2460 781 2530 ἀποδημοῦντι
811 2460 1469 2531 συμφέρονγὲπείγεσθαι
1497 2464 1734 2514 συνεῖναι
1757 2458 1996 2531 Χριστῷ.

415 2553 605 2621 Ἔχεις
629 2552 719 2605 τοῦ
752 2553 1107 2624 θεωρήματος
1141 2554 1198 2606 ἐν
1228 2555 1338 2615 τοῖς
1369 2554 1490 2606 καθ’
1513 2555 1658 2624 ἡμᾶς
1680 2551 1777 2623 τὴν
1810 2550 1988 2604 σκιάν.

409 2643 549 2714 Φέρε
576 2643 639 2714 δὴ
666 2644 866 2707 τοίνυν,
899 2644 1006 2699 τῶν
1048 2646 1140 2698 ἐπὶ
1174 2644 1396 2716 Χριστῷ
1430 2644 1747 2715 μυστηρίων
1777 2642 1875 2710 τὴν
1898 2640 1992 2695 δύ·-

2092 1912 2260 1995 igitur
2291 1921 2375 1967 est
2431 1920 2490 1967 ut
2532 1913 2625 1982 qui
2676 1929 2801 1968 eum
2844 1913 3103 1984 diligunt.
3142 1912 3490 1969 dilectionem
3539 1925 3670 1980 erga

2090 2017 2214 2058 eum
2246 2003 2477 2073 implere
2504 2013 2800 2068 conentur,
2828 2020 3007 2076 neque
3038 2014 3254 2059 tantum
3294 2018 3454 2074 aequo
3486 2003 3671 2056 animo

2091 2110 2154 2150 ea
2196 2093 2373 2149 ferant
2423 2110 2548 2164 qua:
2586 2096 2690 2151 sibi
2741 2098 2868 2153 unis
2902 2105 3058 2166 grata
3100 2107 3249 2159 sunt,
3277 2096 3373 2152 sed
3420 2094 3673 2150 conside-

2096 2195 2287 2241 rantes
2323 2186 2511 2255 potius
2545 2187 2690 2257 quod
2718 2188 3031 2245 discedenti
3084 2188 3349 2257 magistro
3393 2187 3672 2243 conduce-

2096 2285 2200 2343 ret,
2246 2278 2470 2332 studere
2511 2292 2635 2332 cum
2665 2278 2888 2334 Christo
2920 2278 3375 2335 versari.‘liabes
3422 2281 3490 2333 in'
3515 2279 3672 2333 nobis

2097 2368 2456 2422 theorematis
2496 2368 2645 2424 illius
2681 2371 2956 2425 umbram.
2990 2371 3233 2442 Agedum
3265 2384 3418 2441 ergo,
3462 2371 3568 2422 vim
3619 2377 3674 2420 et

2097 2459 2361 2513 rationem
2393 2459 2602 2514 Christi
2647 2461 3039 2529 mysteriorum
3092 2476 3192 2516 ccu
3240 2461 3459 2515 colores
3492 2460 3673 2512 varios

2099 2538 2309 2605 umbris
2361 2551 2708 2634 inducentes,
2739 2552 2913 2622 ipsam
2954 2554 3102 2608 clare
3150 2553 3370 2609 demum
3417 2550 3675 2607 ostenda-

2101 2658 2223 2697 mus
2246 2645 2555 2699 veritatem.

408 2754 576 2806 ναμιν
621 2738 873 2811 καθάπερ
910 2756 964 2792 τι
998 2738 1199 2810 χρῶμα
1242 2738 1521 2802 πολυειδὲς
1555 2742 1674 2801 ταῖς
1714 2738 1893 2800 σκιαῖς
1936 2735 2343 2806 ἐπαλείφοντες,
2398 2739 2568 2810 αὐτὴν
2606 2739 2706 2812 ἢδη
2752 2738 2938 2810 σαφῶς
2987 2739 3342 2812 ἐπιδείξωμεν
3392 2740 3490 2810 τὴν
3540 2740 3675 2810 ἀλῆ-

408 2835 585 2890 θειαν.

492 2930 580 2985 Ἐν
613 2934 795 3003 μορφῇ
825 2931 935 3003 γάρ
974 2931 1235 3003 ὑπάρχων
1279 2931 1364 2985 τοῦ
1411 2932 1547 2985 Θεοῦ
1579 2932 1673 2986 καὶ
1715 2931 1927 3003 [ἰατρὸς
1968 2931 1996 2984 ὁ

2168 2925 2304 2979 Nam
2362 2939 2487 2979 cum
2514 2925 2571 2978 in
2618 2925 2796 2978 forma
2835 2921 2929 2978 Dei
2976 2936 3041 2977 se
3077 2922 3262 2978 Patris
3299 2929 3446 2977 esset
3478 2919 3677 2990 Unigc-

410 3021 744 3091 Μονογενὴς,
776 3018 871 3075 καὶ⁵
925 3024 984 3075 ἐν
1043 3023 1247 3094 ἰσότητι
1284 3027 1350 3095 τῇ
1383 3024 1524 3078 κατά
1583 3023 1847 3093 Πνεῦμα,
1896 3022 1996 3092 ούχ

413 3115 711 3184 ἁρπαγμὸν
752 3116 999 3186 ἡγήσατο
1029 3115 1091 3168 τὸ
1119 3112 1257 3170 εἶναι
1286 3116 1377 3170 ίσα
1401 3115 1540 3186 Θεῷ,
1580 3116 1669 3170 διά
1692 3132 1750 3168 τε
1783 3114 1881 3186 τὴν
1912 3115 1996 3177 είς

414 3207 564 3274 ἡμᾶς
597 3208 875 3276 ἀγάπησιν
928 3207 1232 3261 κεκένωκεν
1286 3208 1500 3271 ἐαυτὸν,
1553 3206 1767 3279 μορφὴν
1808 3205 1994 3259 δούλου

412 3297 614 3357 λαϐὼν,
642 3299 739 3352 καὶ
758 3299 968 3369 ὑπέστη
987 3316 1049 3367 γε
1068 3299 1229 3352 τοῦτο
1254 3298 1461 3365 παθὼν,
1499 3301 1585 3353 ἵνα
1620 3301 1826 3363 πάντας
1848 3299 1996 3369 ἡμᾶς

414 3388 696 3461 ἀπευθύνῃ
733 3389 870 3461 πρὸς
899 3393 1080 3445 πᾶσαν
1123 3390 1335 3461 εἴδησιν
1368 3392 1591 3462 ἀρετῆς,
1623 3391 1732 3456 ἵνα,
1773 3391 1860 3446 διά
1897 3391 1997 3463 τῆς

412 3477 526 3531 τῶν
553 3478 849 3550 θαυμάτων
868 3479 1203 3553 ἀσυγκρίτου
1233 3482 1609 3553 φαιδρότητος,
1642 3481 1884 3554 θεωροὺς
1906 3499 1999 3551 γε·

413 3571 606 3626 νέσθαι
630 3572 1030 3644 παρασκευάσῃ
1048 3572 1151 3642 τῆς
1180 3573 1406 3644 ἐνούσης
1456 3577 1521 3645 τῇ
1570 3573 1691 3646 θείᾳ
1719 3574 1879 3643 φύσει
1907 3573 1998 3627 δυ-

414 3660 635 3730 νάμεώς
661 3678 721 3714 τε
740 3660 838 3715 καὶ
869 3660 1048 3732 δόξης,
1080 3660 1176 3715 καὶ
1205 3662 1520 3735 ὑπερφυοῦς
1553 3661 1820 3729 ἐξουσίας.
1840 3661 1997 3716 Οὕτω

414 3751 524 3821 γάρ
546 3746 618 3821 ἦν
641 3751 932 3806 ἀναπεῖσαι
959 3753 1086 3815 τοὺς
1127 3753 1207 3816 είς
1237 3753 1474 3823 ἐσχάτην
1500 3753 1740 3824 ἀμαθίαν
1769 3752 1999 3824 ὠλισθη-

417 3841 603 3904 κότας.
629 3842 940 3915 ἀνασφῆλαι
964 3842 1125 3897 πάλιν
1164 3846 1244 3907 είς
1277 3842 1510 3908 σύνεσιν,
1538 3845 1634 3898 καὶ
1672 3848 1999 3915 προσκυνεῖν

420 3932 521 4001 μὲν
546 3932 734 3986 ούκέτι
759 3935 826 4004 τῇ
858 3933 1033 3987 κτίσει
1059 3933 1209 4006 παρά
1232 3934 1324 3986 τὸν
1354 3934 1640 3999 κτίσαντα,
1665 3935 1759 3987 τὸν
1781 3936 1838 3989 δὲ
1860 3935 1998 4005 άλη-

418 4023 528 4088 θῶς
555 4024 654 4077 ἒνα
689 4026 786 4078 καὶ
816 4024 975 4095 φύσει
1000 4025 1132 4078 Θεὸν
1181 4025 1623 4101 ἐπιγράφεσθαιη
1650 4026 1910 4097 Ὠφέλησε
1942 4027 1999 4079 δὲ

417 4115 514 4169 καὶ
542 4116 663 4169 καθ’
690 4114 907 4187 ἐτέρους
930 4118 1164 4188 τρόπους
1185 4119 1335 4187 ἡμᾶς
1350 4119 1378 4171 ὁ
1398 4117 1705 4189 Μονογενὴς
1733 4118 2001 4190 ἐνανθρω-

418 4209 618 4278 πήσαςο
650 4207 982 4279 κατέστρεψε
1006 4208 1075 4278 γά
1084 4226 1114 4275 ρ
1147 4207 1245 4261 τοῦ
1275 4208 1506 4262 θανάτου
1529 4208 1590 4262 τὸ
1615 4209 1841 4279 κράτος,
1864 4226 1997 4262 κατ-

2101 3018 2273 3079 nitus,
2316 3024 2377 3087 et
2424 3015 2479 3069 in
2527 3012 2842 3083 aequalitate
2892 3012 3196 3069 secundum
3238 3009 3527 3082 Spiritum,
3566 3025 3676 3065 non

2102 3110 2354 3180 rapinam
2395 3107 2699 3162 arbitratus
2732 3112 2817 3162 est
2847 3121 2971 3161 esse
3006 3120 3066 3160 se
3113 3104 3377 3174 aqualem
3414 3102 3546 3169 Deo,
3580 3103 3676 3157 sed

2103 3206 2328 3271 propter
2375 3212 2533 3253 suam
2588 3197 2645 3251 in
2703 3210 2804 3252 nos
2862 3196 3190 3250 charitatom
3231 3194 3535 3249 exinanivit
3590 3207 3677 3248 se-

2104 3292 2422 3361 metipsum,
2461 3287 2688 3343 formam
2725 3287 2871 3342 servi
2900 3284 3376 3359 maccipiens
3404 3286 3472 3347 ",
3508 3285 3681 3353 idque

2103 3383 2393 3448 sustinuit,
2420 3389 2481 3436 ut
2514 3396 2618 3436 nos
2655 3394 2849 3435 omnes
2882 3379 2948 3434 ad
2975 3393 3194 3433 omnem
3231 3377 3458 3432 virtutis
3488 3377 3681 3446 cogni-

2104 3475 2310 3530 tionem
2331 3473 2681 3535 informaret,
2706 3481 2766 3526 ut
2789 3488 2885 3542 per
2922 3469 3411 3540 incomparabilem
3450 3470 3679 3523 miracu-

2103 3568 2280 3623 lorum
2311 3565 2616 3621 claritatem
2646 3574 2984 3635 spectatores
3014 3578 3117 3620 nos
3140 3562 3374 3620 efﬁceret
3403 3561 3529 3633 ejus
3557 3576 3693 3630 quae

2104 3669 2317 3716 naturae
2348 3657 2551 3714 divinae
2585 3658 2729 3712 inest
2758 3657 2985 3712 virtutis
3013 3662 3067 3711 et
3093 3655 3302 3726 gloriae,
3328 3669 3394 3710 ac
3419 3667 3679 3724 superna-

2105 3752 2304 3807 turalis
2357 3750 2634 3822 potentia.
2668 3748 2762 3804 Sic
2816 3749 2964 3804 enim
3022 3749 3076 3803 in
3135 3755 3437 3804 extremam
3497 3746 3683 3815 lapsos

2106 3843 2379 3900 inscitiam
2428 3842 2494 3897 ad
2531 3855 2723 3895 sanam
2756 3851 2994 3896 mentem
3042 3839 3225 3895 denuo
3275 3852 3555 3893 revocare~
3587 3851 3683 3904 po-

2107 3943 2266 3996 terat,
2300 3934 2376 3989 ita
2410 3943 2467 3987 ut
2500 3940 2811 3989 creaturam
2845 3949 2952 3987 non
2979 3932 3220 4003 amplius
3245 3929 3545 3985 adorarent
3570 3942 3685 3997 pra:

2106 4024 2390 4089 Creatore,
2421 4024 2517 4080 sed
2559 4039 2729 4079 unum
2763 4038 2887 4078 vere
2917 4038 2985 4077 ac
3019 4031 3215 4077 natura
3249 4019 3417 4076 Deum
3467 4034 3685 4074 nuncu-

2108 4122 2323 4187 parent.
2357 4113 2463 4168 Sed
2508 4122 2563 4168 et
2592 4114 2719 4168 aliis
2752 4112 2930 4169 modis
2968 4128 3068 4168 nos
3105 4110 3436 4183 Unigenitus
3466 4124 3685 4164 assum-

2110 4216 2199 4278 pta
2257 4222 2424 4261 carne
2484 4205 2980 4275 juvitulestruxit
3044 4204 3195 4259 enim
3256 4202 3451 4258 mortis
3512 4200 3685 4269 impe-

419 4301 578 4353 έλυσε
611 4300 710 4371 τῆς
745 4301 1021 4371 ἁμαρτίας
1060 4301 1157 4372 τὴν
1183 4300 1436 4371 δύναμιν,
1469 4301 1702 4354 δέδωκεν
1726 4303 1862 4372 ἡμῖν
1889 4318 1996 4355 πα-

2109 4299 2249 4353 rium
2276 4298 2345 4363 δ’,
2391 4297 2501 4351 vim
2540 4297 2750 4367 peccati
2802 4295 3054 4358 resolvit,
3088 4309 3254 4364 supra
3295 4300 3582 4364 serpentes
3629 4299 3685 4347 et
3722 4284 3725 4291 ’

418 4392 530 4441 τείν
562 4389 747 4442 ἐπάνω
775 4389 953 4460 ὄφεων
999 4389 1092 4443 καὶ
1119 4389 1419 4459 σκορπίων,
1455 4390 1549 4443 καὶ
1581 4390 1674 4442 ἐπὶ
1704 4392 1880 4442 πᾶσαν
1904 4389 2000 4461 τὴν

419 4480 648 4551 δύναμιν
681 4479 775 4533 τοῦ
808 4480 1023 4553 ἐχθροῦ.
1058 4477 1166 4534 Ἦν
1197 4475 1290 4533 οὖν
1310 4480 1439 4550 ἄρα,
1465 4481 1560 4535 καὶ
1606 4480 1727 4533 λίαν
1750 4481 1998 4545 είκότως,

429 4574 555 4640 ἡμῖν
582 4572 681 4642 μὲν
712 4571 915 4634 αὐτοῖς,
951 4572 983 4642 ἢ
1020 4571 1114 4624 καὶ
1151 4573 1265 4635 τοῖς
1289 4572 1466 4639 ἁγίοις
1490 4571 1786 4641 μαθηταῖς,
1816 4570 1914 4640 ήδύ
1938 4588 1997 4623 τε

423 4665 517 4716 καὶ
535 4663 707 4731 φίλον,
740 4662 835 4718 καὶ
864 4662 1063 4726 παντὸς
1102 4661 1250 4727 ἄξιον
1299 4663 1480 4731 λόγου,
1518 4662 1580 4716 τὸ
1635 4664 1871 4715 συνεῖναι
1916 4662 2004 4715 διά

420 4755 621 4819 παντὸς
652 4754 732 4825 τῷ
758 4755 1031 4808 τοσούτων
1080 4756 1210 4825 ἡμῖν
1242 4755 1465 4821 ἀγαθῶν
1511 4753 1699 4825 δοτῆρι
1748 4752 1969 4825 Χριστῷ
1988 4795 2004 4817 ,

420 4844 782 4915 συμπαρόντα
813 4859 873 4896 τε
914 4843 1001 4896 ἀεὶ
1026 4844 1121 4897 καὶ
1172 4842 1625 4912 συνδιαιτώμενον
1660 4843 1822 4913 ἔχειν.
1866 4843 2005 4896 Ἀλλ’

420 4935 486 4987 οὐ
522 4935 727 5006 σφόδρα
768 4935 1039 5007 χρήσιμον
1093 4934 1244 5005 αὐτῷ
1295 4934 1634 5002 διεφαίνετο,
1689 4936 1747 4987 ἐν
1779 4937 2008 5006 μακροῖς

421 5024 567 5078 οὕτω
627 5027 840 5096 χρόνοις
888 5025 1289 5096 ἐμφιλοχωρεῖν
1344 5024 1422 5095 τῷ
1469 5024 1569 5091 τῆς
1625 5021 2008 5088 ταπεινώσεως

425 5118 670 5186 σχήματι
701 5115 1098 5187 παραδεχθέντι
1150 5115 1438 5188 χρησίμως
1481 5115 1572 5169 διά
1597 5114 1697 5184 τὴν
1746 5115 1826 5177 είς
1861 5116 2008 5185 ημᾶς

420 5209 725 5279 ἀγάπησιν,
755 5208 1008 5280 καθάπερ
1036 5209 1139 5279 ἢδη
1168 5209 1522 5280 προείπομεν.
1559 5208 1707 5261 Ἔδει
1730 5208 1840 5277 γάρ
1874 5208 2008 5275 μάλ-

423 5299 516 5350 λον
540 5301 637 5368 τῆς
671 5300 793 5353 καθ’
823 5302 974 5372 ἡμᾶς
1003 5302 1316 5371 οἰκονομίας
1348 5299 1658 5364 ἀκολούθως
1702 5300 1804 5371 ἥδη
1834 5317 2008 5353 πεπε-

426 5392 726 5462 ρασμένης,
759 5394 838 5456 είς
869 5391 969 5464 τὴν
1018 5393 1154 5446 ἰδίαν
1209 5393 1571 5464 ἀναφοιτῆσαι
1602 5391 1758 5456 δόξαν
1810 5391 2003 5455 αὑτὸν,

421 5499 519 5536 και
553 5482 693 5552 μετά
727 5482 828 5553 τῆς
871 5483 939 5536 δι’
983 5485 1133 5556 ἡμᾶς
1161 5482 1465 5555 ληφθείσης
1492 5482 1695 5553 σαρκὸς
1717 5481 2005 5552 παλινδρο-

2106 4389 2464 4458 scorpiones,
2520 4394 2576 4442 et
2634 4401 2800 4455 supra
2864 4400 3083 4441 omnem
3142 4384 3319 4442 hostis
3383 4384 3686 4455 potentiam

2106 4479 2323 4534 calcare
2352 4476 2481 4534 fecit
2504 4476 2575 4531 “.
2601 4475 2730 4531 Erat
2761 4476 2937 4547 igitur
2957 4476 3428 4547 iucundissimum
3452 4483 3505 4530 et
3529 4482 3685 4544 opta-

2107 4571 2403 4637 tissimum,
2432 4586 2557 4626 cum
2583 4569 2743 4626 nobis
2780 4570 2943 4640 ipsis,
2972 4580 3085 4625 tum
3122 4570 3334 4625 sanctis
3366 4567 3681 4638 discipulis,

2108 4677 2324 4733 semper
2352 4678 2477 4718 esse
2512 4676 2622 4717 una
2645 4676 2769 4716 cum
2802 4669 3084 4716 tantorum
3125 4661 3393 4716 bonorum
3426 4658 3686 4730 largitore

2105 4752 2445 4815 Christo,~ac
2494 4758 2824 4821 praesentem
2869 4765 3090 4821 semper
3120 4765 3247 4805 eum
3294 4763 3358 4804 ac
3393 4749 3685 4804 nobiscum

2107 4852 2416 4897 vers:mtem
2450 4841 2654 4896 habere
2686 4860 2699 4895 :
2736 4839 2837 4896 sed.
2867 4855 2979 4895 non
3014 4840 3246 4894 multum
3274 4841 3324 4895 ei
3368 4840 3504 4893 utile
3532 4836 3683 4891 vide-

2107 4933 2289 4996 batur,
2319 4942 2429 4987 tam
2478 4932 2662 5002 longis
2700 4932 3044 5002 temporibus
3093 4929 3425 4986 commorari
3476 4927 3529 4981 in
3583 4925 3683 4979 hu~-

2108 5025 2360 5079 militatis
2421 5023 2600 5077 forma
2653 5039 2819 5093 quam
2878 5033 3103 5094 propter
3151 5021 3497 5075 dilectionem
3551 5032 3689 5086 erga

2107 5130 2208 5168 nos
2264 5112 2669 5183 assumps'erat,
2703 5113 2871 5169 sicuti
2913 5114 3027 5184 jam
3068 5112 3331 5168 diximus.
3381 5108 3686 5178 Oportebat

2103 5208 2276 5270 enim,
2307 5217 2492 5262 nostra
2514 5208 2929 5281 dispensatione
2942 5207 3058 5276 jam
3081 5204 3148 5259 ad
3169 5203 3375 5260 exitum
3397 5202 3692 5275 perducta,

2106 5296 2173 5349 ad
2206 5312 2361 5350 suam
2389 5296 2619 5367 gloriam
2660 5298 2840 5367 ipsum
2882 5295 3089 5360 redire,
3116 5304 3172 5350 et
3196 5309 3320 5349 cum
3354 5309 3527 5349 carne
3557 5307 3685 5363 pro-

2106 5396 2235 5457 pter
2271 5402 2370 5444 nos
2430 5398 2710 5458 assumpta
2759 5386 2826 5442 ad
2873 5387 3245 5457 aequalitatem
3297 5400 3423 5441 cum
3462 5384 3575 5440 Deo
3619 5397 3685 5436 ac

2106 5480 2265 5535 Patre
2312 5482 2537 5547 reverti,
2573 5496 2738 5552 quam
2787 5496 2913 5534 cum
2950 5481 3199 5551 rapinam
3234 5470 3685 5535 arbitratus‘nou

496 5657 544 5691 ⁸⁸
584 5657 602 5712 ι
641 5661 773 5714 Cor.
803 5675 931 5725 aut,
965 5657 1028 5725 4,
1063 5659 1115 5715 5.
1195 5658 1234 5692 "
1278 5657 1296 5714 I
1329 5659 1461 5713 Cor.
1502 5674 1556 5724 ιι,
1585 5656 1676 5711 9-4.
1754 5658 1800 5688 ⁸⁸
1836 5654 1996 5726 Philii

2117 5671 2180 5720 tr,
2223 5656 2343 5711 6-8.
2422 5656 2466 5688 ³³
2501 5654 2547 5710 ll
2583 5654 2727 5711 Tim.
2764 5671 2807 5725 ι,
2840 5655 2923 5711 l0.
2998 5656 3044 5689 ”
3080 5654 3214 5710 Luc.
3247 5669 3314 5718 ι,
3356 5651 3436 5706 i9.
