4042 6204
374 275 480 329 345

1445 261 1513 317 IN
1547 258 1834 318 JOANNIS
1868 257 2324 318 EVANGE..JUM
2350 261 2480 316 LIB.
2526 263 2591 319 Χ.

3529 266 3635 323 3H

384 390 522 444 Ἀλλ’
548 387 648 440 οὐκ
677 383 825 453 αὑτῷ
854 383 929 454 τῷ
949 380 1064 452 Υίῷ
1093 381 1250 434 τοῦτο
1277 381 1564 452 χρήσιμον,
1602 365 1875 440 λυσιτελὲς
1892 378 1948 430 δέ

2053 383 2149 434 sed
2185 379 2447 436 conducit
2471 382 2654 450 potius
2681 381 2746 435 ad
2775 381 2993 436 Patrem
3025 382 3343 445 ascendere,
3369 399 3636 456 suamque

372 481 574 553 μᾶλλον
591 477 651 530 τὸ
675 475 943 544 ἀναϐῆναι
967 474 1101 546 πρὸς
1123 474 1216 526 τὸν
1230 473 1470 543 Πατέρα,
1501 472 1596 526 καὶ
1624 471 1720 542 τὴν
1747 470 1953 523 οἰκείαν

371 566 807 640 ἀνακομίσασθαι
839 566 1000 632 δόξαν
1028 582 1086 618 τε
1117 565 1210 618 καὶ
1234 563 1484 630 ἐξουσίαν
1522 563 1617 615 καὶ
1651 561 1867 631 ἀξίωμα
1894 559 1954 612 τδ

372 659 677 731 θεοπρεπὲς
721 657 1047 727 ἀναφανδὸν,
1076 657 1172 710 καὶ¹
1214 657 1396 709 οὐκέτι
1447 652 1949 722 κατεσκιασμένως.
1993 680 2005 703 .-

373 752 646 808 Κεκάθικε
674 750 784 821 γὰρ
816 751 879 802 ἐκ
901 749 1113 814 δεξιῶν,
1164 748 1438 810 ἐθέλοντος
1470 746 1626 800 τοῦτο
1656 747 1749 798 καὶ
1784 744 1950 798 αὑτοῦ

371 843 463 897 τοῦ
499 841 730 913 Πατρός
761 841 906 909 φιλεί
931 841 1040 910 γὰρ
1059 839 1134 902 ώς
1167 838 1298 891 ίδιον
1319 837 1584 908 γέννημα,
1612 838 1704 888 καὶ
1719 835 1794 898 ώς
1824 850 1954 904 καρ-

372 939 474 989 πὸν
508 937 608 1006 τῆς
661 935 852 998 οὐσίας
909 932 1096 986 αὑτοῦ.
1139 931 1351 984 υὺκοῦν
1396 930 1484 982 διὰ
1533 928 1690 982 τοῦτό
1743 943 1948 996 φησιν’

370 1028 434 1080 ΕΞ
465 1025 720 1094 ἠγαπᾶτέ
763 1042 852 1095 με,
889 1025 1122 1094 ἐχάρητε
1171 1021 1236 1074 ἂν
1264 1022 1346 1074 ὅτι
1371 1019 1673 1092 πορεύομαι
1702 1019 1838 1087 πρὸς
1860 1016 1950 1070 τὸν

369 1118 616 1188 Πατέρα,
661 1117 741 1168 ὅτι
791 1117 820 1167 6
853 1114 1042 1185 Πατὴρ
1077 1111 1280 1181 μείζων
1319 1128 1418 1181 μου
1470 1110 1638 1164 ἐστίν.
1683 1127 1701 1158 ι
1740 1109 1948 1170 Ὄντως

367 1209 470 1278 τῆς
501 1211 581 1268 είς
611 1207 773 1262 αὑτὸν
807 1207 1026 1275 ἀγάπης
1057 1203 1327 1267 ἀπόδειξις
1355 1198 1422 1272 ἦν
1471 1201 1532 1254 τί»
1560 1201 1636 1272 μὴ
1662 1199 1950 1253 λυπεῖσθαι

367 1299 626 1353 τοσοῦτον
655 1298 743 1352 διὰ
764 1297 862 1368 τὴν
885 1297 1149 1350 δοκοῦσαν
1181 1295 1464 1365 ἀπόλειψιν
1511 1296 1607 1347 καὶ
1636 1291 1951 1361 ἀναγκαίως

367 1391 822 1462 παραληφθεῖσαν
854 1389 1182 1458 ἀποδημίανσ
1207 1386 1610 1458 διενθυμεῐσθαι
1633 1386 1690 1439 δέ
1726 1384 1946 1456 μᾶλλον,

365 1485 449 1536 ὅτι
477 1483 614 1554 πρὸς
633 1482 732 1552 τὴν
764 1482 912 1551 αύτῴ
964 1479 1278 1551 πρέπουσάν
1338 1495 1398 1532 τε
1450 1478 1545 1530 καὶ
1590 1475 1948 1546 ὀφειλομένην

279 1586 282 1588 ’
367 1575 667 1644 πετοίτηκε
707 1573 885 1638 δόξαν,
936 1573 1030 1625 καὶ
1074 1572 1154 1635 εἰς
1190 1571 1252 1624 τὸ
1285 1571 1511 1641 ἀρχαῖον
1536 1567 1774 1638 ἀξίωμα,
1803 1566 1946 1620 τοῦτ’

366 1667 505 1729 ἐστι,
527 1666 588 1718 τὸ
613 1665 916 1735 θεοπρεπὲς
945 1663 1214 1744 ἐναργῷς.
1265 1665 1374 1716 Καὶ
1421 1661 1552 1730 γοῦν
1589 1663 1618 1714 6
1650 1659 1905 1731 Μελῳδὸς
1929 1697 1946 1722 ,

2059 474 2291 542 gloriam
2323 485 2377 528 et
2407 482 2727 544 potestatem
2747 489 2810 528 ac
2835 473 3157 544 dignitatem
3189 475 3428 529 divinam
3458 479 3632 546 palam

2058 573 2112 620 et
2161 581 2268 619 non
2317 566 2430 635 jam
2489 567 2704 620 occulte
2755 573 2918 634 atque
2977 565 3303 619 admnbrate
3366 564 3676 636 recipete.‘

2061 657 2214 710 Sedit
2239 659 2385 711 enim
2408 673 2437 710 a
2471 658 2698 724 dextris,
2725 658 2776 711 id
2807 658 2927 725 ipso
2954 672 3175 729 quoque
3199 659 3415 712 volente
3438 657 3598 712 Patre
3618 679 3635 713 :

2059 757 2205 802 amat
2236 752 2436 819 quippe
2469 758 2529 803 ut
2557 765 2716 804 suum
2753 749 3028 821 genimen,
3063 756 3117 803 et
3142 760 3198 802 ut
3232 748 3470 802 fructum
3499 750 3635 803 sub-

2058 842 2276 896 stantiae
2311 859 2442 898 suae.
2468 842 2735 909 Quocirca
2769 843 2880 895 ait:
2909 859 2927 891 ε
2965 840 3020 895 Si
3046 840 3346 911 diligeretis
3369 855 3475 905 me,
3503 855 3635 910 gau-

2058 933 2264 988 deretis
2303 935 2512 1004 utique,
2555 935 2682 1005 quia
2729 930 2869 988 vado
2901 933 2970 988 ad
3014 931 3229 986 Patrem
3267 952 3280 988 :
3316 933 3442 1002 quia
3472 933 3636 986 Pater

2057 1026 2234 1094 major
2265 1041 2352 1081 me
2385 1035 2491 1082 est.
2537 1045 2556 1079 ι
2604 1025 2670 1080 Ει
2698 1037 2844 1082 certe
2875 1025 3188 1080 dilectionis
3223 1039 3349 1094 erga
3385 1040 3509 1079 eum
3541 1039 3635 1077 ar-

2055 1131 2372 1187 gumentum
2417 1119 2634 1184 fuisset,
2675 1131 3027 1187 nequaquam
3068 1123 3282 1170 tantum
3313 1115 3520 1170 doloris
3567 1132 3634 1169 ex

2056 1210 2178 1278 ejus
2209 1211 2458 1265 absentia
2495 1220 2548 1265 et
2585 1210 2707 1280 ejus
2740 1210 2992 1264 discessu
3031 1222 3251 1277 capere,
3292 1207 3387 1261 sed
3425 1207 3479 1260 in
3517 1207 3631 1260 ani-

2059 1318 2205 1356 mum
2246 1304 2428 1372 potius
2468 1301 2756 1365 inducere,
2793 1301 2861 1354 ad
2895 1300 3311 1356 convenientem
3352 1298 3516 1370 845
3555 1299 3634 1352 si-

2057 1391 2225 1460 bique
2260 1391 2496 1446 debitam
2527 1391 2778 1462 gloriam,
2808 1399 2862 1444 et
2901 1389 2968 1443 ad
3005 1397 3247 1444 veterem
3285 1388 3638 1458 dignitatem,

2059 1483 2163 1536 hoc
2193 1489 2276 1537 est
2307 1483 2418 1536 Deo
2445 1483 2634 1552 utique
2663 1482 2907 1552 dignam,
2928 1482 3109 1551 ipsum
3134 1481 3456 1535 ascendere.
3478 1477 3638 1534 Unde

2058 1574 2371 1639 Psalmista,
2405 1576 2498 1644 qui
2528 1591 2623 1644 per
2653 1575 2917 1647 Spiritum
2946 1573 3207 1644 mysteria
3253 1571 3580 1641 loquebatur
3613 1588 3630 1626 :

2063 1685 2082 1717 ι
2124 1665 2327 1720 Omnes
2369 1675 2580 1735 gentes,
2643 1666 2841 1736 inquit,
2902 1665 3143 1735 plaudite
3195 1664 3450 1718 manibus
3486 1663 3562 1728 ‘°;
3607 1681 3633 1714 ι

364 1759 544 1812 καίτοι
577 1758 668 1811 διὰ
689 1757 783 1811 τοῦ
824 1745 1144 1826 Πνεύματος
1164 1754 1342 1809 λαλῶν
1389 1754 1684 1824 μυστήρια,
1716 1773 1733 1804 ι
1765 1753 1948 1805 Πάντα

2051 1755 2248 1811 deinde
2305 1756 2622 1810 festivitatis
2679 1771 2906 1810 causam
2968 1753 3632 1824 explicans,Servatoris

361 1851 432 1902 τὰ
461 1849 609 1917 ἔθνη,
644 1847 798 1918 φησὶ,
833 1847 1139 1918 κροτήσατε
1173 1849 1382 1918 χεῖρας·
1420 1864 1440 1898 ι
1472 1841 1591 1898 εἶτα
1621 1844 1721 1914 τῆς
1751 1843 1948 1914 ἑορτῆς

359 1939 461 2008 τὴν
491 1940 673 1992 αίτίαν
708 1938 1073 2008 ἐξηγούμενος
1103 1937 1198 2008 τὴν
1233 1939 1313 2000 εἰς
1361 1938 1628 2008 οὐρανοὺς
1679 1935 1948 2006 ἀνάληψιν

359 2029 459 2080 τοῦ
490 2029 745 2098 Σωτῆρος
788 2025 1153 2099 παρεκόμιζε,
1191 2026 1386 2094 λέγων
1457 2046 1475 2077 ι
1522 2026 1714 2095 Ἀνέϐη
1757 2028 1784 2078 6
1815 2026 1950 2089 Θεὸς

360 2121 421 2172 ἐν
444 2118 762 2189 ἀλαλαγμῷ,
782 2119 987 2190 Κύριος
1003 2121 1061 2172 ἐν
1079 2122 1230 2190 φωνῇ
1259 2119 1577 2186 σάλπιγγος,
1592 2138 1609 2169 ι
1634 2117 1950 2186 ἀλαλαγμὸν

358 2214 643 2284 ὀνομάζων
680 2214 776 2267 καὶ
817 2213 1095 2281 σάλπιγγα
1136 2212 1234 2282 τὴν
1262 2211 1471 2282 ὑψηλὴν
1507 2211 1604 2264 καὶ
1623 2209 1949 2276 ἐξάκουστον

357 2306 454 2357 τοῦ
485 2304 802 2373 Πνεύματος
853 2305 1057 2374 φωνήνο
1103 2304 1192 2356 ὅτε
1236 2306 1354 2366 ταῖς
1412 2302 1525 2355 ἀνω
1556 2302 1822 2372 δυνάμεσι
1849 2301 1949 2366 τὰς

359 2395 534 2457 ¹ετὸλιις
558 2397 736 2464 αἴρειν
762 2393 1118 2459 διεκελεύετο,
1141 2395 1232 2447 καὶ
1268 2393 1472 2464 Κύριον
1506 2394 1670 2447 αὐτὸν
1693 2393 1947 2463 ὠνόμαζε

355 2489 470 2541 τῶν
507 2488 812 2556 δυνάμεων,
835 2487 1087 2558 καθάπερ
1116 2485 1375 2556 ἐλέγομεν
1409 2486 1634 2556 ἀρτίως.
1665 2485 1780 2538 Ἐπ’
1802 2484 1950 2555 αὐτῷ

357 2581 421 2632 δὲ
452 2580 518 2652 δὴ
551 2580 722 2650 τούτῳ
771 2581 866 2632 καὶ
914 2579 1079 2632 αὐτὸν
1124 2579 1430 2650 εὑρήσομεν
1472 2577 1563 2630 τὸν
1615 2578 1725 2629 τῶν
1780 2578 1948 2644 ἁγίων

359 2671 526 2741 χορὸν
562 2670 654 2722 καὶ
681 2671 737 2724 ἐν
768 2669 989 2732 πολλαῖς
1011 2669 1276 2736 γεγονότα
1325 2670 1447 2730 ταῖς
1478 2667 1787 2736 θυμηδίαις.
1828 2669 1949 2718 Τοι-

355 2764 550 2832 γάρτοι
577 2763 672 2816 καὶ
702 2763 928 2832 ἔφασκε,
965 2762 1095 2814 ποτὲ
1125 2763 1224 2831 μὲν
1252 2762 1333 2814 ὅτι
1369 2781 1388 2813 ι
1436 2761 1494 2814 Ὁ
1523 2760 1728 2832 Κύριος
1761 2760 1948 2813 ἐϐασί-

355 2855 564 2913 λευσεν,
596 2853 947 2922 ἀγαλλιάσθω
996 2856 1029 2923 ἡ
1062 2855 1154 2923 γῆ,
1182 2873 1200 2905 ι
1229 2853 1362 2906 ποτέ
1419 2854 1474 2907 δέ
1519 2849 1587 2908 αὖ
1618 2853 1798 2906 πάλιν·
1831 2873 1846 2903 ι
1893 2854 1949 2907 Ὀ

357 2945 560 3017 Κύριος
589 2945 959 3008 ἐϐασίλευσεν,
980 2945 1315 3015 εὐπρέπειαν
1343 2944 1648 2996 ἐνεδύσατο·
1664 2943 1950 2996 ἐνεδύσατο

355 3035 559 3108 ι-ίύριος
584 3035 836 3105 δύναμιν,
890 3034 984 3086 καὶ
1046 3033 1438 3103 περιεζώσατο.
1475 3053 1493 3084 i
1559 3034 1618 3085 Ὁ
1669 3034 1778 3104 γὰρ
1827 3033 2018 3132 μεθ’ϐ

355 3127 516 3196 ἡμῶν
545 3127 854 3196 ἄνθρωπος,
912 3126 1016 3197 πρὸ
1043 3127 1142 3196 τῆς
1171 3127 1236 3178 ἐκ
1288 3125 1498 3195 νεκρῶν
1557 3125 1908 3190 ἀναστάσεως
1929 3167 1944 3191 ,

353 3221 445 3271 ὅτε
472 3219 607 3290 πρὸς
638 3218 728 3270 τὸν
760 3220 817 3270 ἐν
842 3220 954 3280 τοῖς
975 3218 1222 3286 οὐρανοῖς
1245 3217 1412 3288 ἀνέϐη
1442 3217 1677 3289 Πατέρα,
1708 3218 1830 3270 τότε
1852 3217 1948 3288 τὴν

357 3311 493 3363 ἰῖίαν
528 3309 864 3380 εὐπρέπειαν
887 3309 1194 3374 ἐνεδύσατο,
1223 3311 1320 3362 καὶ
1353 3310 1451 3379 τὴν
1483 3310 1541 3374 ἐξ
1564 3311 1739 3381 ἀρχῆς
1769 3310 1948 3380 ύπάρ·

353 3418 558 3471 χουσαν
607 3401 757 3470 αύτῷ
804 3397 1178 3470 περιεζώσατο
1239 3399 1488 3469 δύναμιν.
1532 3401 1805 3454 Κεκαθικε
1836 3401 1947 3471 γὰρ

355 3491 661 3564 βασιλεύων
704 3491 839 3562 μετὰ
876 3493 1110 3564 Πατρός.
1143 3491 1371 3562 Χαίρειν
1399 3487 1493 3545 οὖν
1531 3493 1638 3562 ἄρα
1659 3492 1864 3545 δίκαιόν
1885 3509 1944 3544 τε

353 3585 450 3636 καὶ
488 3585 699 3654 πρέπον
724 3586 850 3648 τοὺς
879 3584 1213 3653 ἀγαπῶντας
1233 3583 1420 3646 αὐτὸν,
1477 3585 1559 3637 ὄτι
1611 3584 1945 3654 πεπόρευται

352 3679 493 3751 πρὸς
523 3677 612 3730 τὸν
639 3679 696 3729 ἐν
719 3679 828 3740 τοῖς
866 3678 1114 3747 οὐρανοῖς
1169 3676 1422 3747 Πατέρα,
1457 3676 1556 3748 τὴν
1603 3677 1740 3731 ἰδίαν
1789 3676 1945 3742 δόξαν

350 3770 794 3840 ἀναληψόμενος,
823 3771 916 3822 καὶ
951 3769 1113 3823 πάλιν
1155 3768 1304 3839 αύτῷ
1336 3769 1783 3839 συμϐασιλεύσων
1803 3812 1816 3830 ,
1846 3787 1946 3824 za-

353 3862 536 3934 θὰπερ
567 3859 637 3935 ἦν
666 3864 722 3914 ἐν
756 3863 920 3932 ἀρχῇ.
953 3861 1191 3925 Μείζονα
1213 3861 1270 3914 δέ
1307 3879 1473 3930 φησιν
1507 3863 1687 3924 αὑτὸν,
1731 3865 1827 3932 οὐχ
1858 3865 1940 3917 ὅτι

354 3955 656 4008 κεκάθικεν
693 3955 757 4006 ἐκ
787 3952 1000 4019 δεξιῶν,
1029 3952 1103 4016 ώς
1133 3953 1285 4016 Θεὸς,
1316 3953 1431 4006 ἀλλ’
1460 3952 1535 4016 ώς
1569 3949 1636 4024 ἦν
1684 3955 1761 4006 ἔτι
1823 3955 1942 4024 μεθ’

353 4048 532 4116 ἡμῶν,
559 4045 702 4099 τοῦτ’
739 4045 904 4110 ἔστιν,
930 4047 988 4098 ἐν
1015 4047 1127 4108 τοῖς
1157 4043 1279 4096 καθ’
1312 4046 1478 4114 ἡμᾶς.
1513 4045 1602 4107 Ὠς
1631 4045 1739 4115 γὰρ
1772 4045 1849 4098 ἔτι
1883 4047 1943 4100 τὸ

350 4140 722 4210 δουλοπρεπὲς
750 4139 886 4208 ἔχων
913 4139 1119 4209 σχῆμα,
1151 4139 1244 4191 καὶ
1294 4139 1564 4209 παρόντος
1613 4138 1761 4209 αὐτῷ
1789 4138 1943 4193 οὔπω

351 4231 447 4283 τοῦ
480 4229 674 4299 καιροῦ
697 4229 820 4280 καθ’
847 4228 906 4281 ὃν
939 4228 1046 4281 ἔδει
1075 4227 1388 4291 ἀναλαϐεῖν,
1413 4226 1482 4280 τά
1521 4226 1748 4281 τοιαῦτά
1786 4245 1940 4298 φησι.

353 4323 466 4374 Καὶ
501 4323 632 4390 γοῦν
652 4323 740 4374 ὅτε
763 4321 856 4386 τον
893 4321 1073 4391 τίμιον
1099 4321 1238 4391 ὑπὲρ
1266 4319 1425 4391 ἡμῶν
1446 4321 1658 4392 ὑπέστη
1687 4321 1938 4392 σταυρὸν,

2054 1848 2108 1902 in
2138 1848 2311 1902 ccelos
2341 1847 2724 1910 ascensionem
2762 1848 3015 1918 protulit,
3047 1847 3275 1902 dicens:
3316 1867 3333 1898 σ
3371 1846 3634 1902 Ascendit

2052 1939 2198 1994 Deus
2255 1941 2309 1993 in
2383 1939 2590 2009 jubilo,
2649 1939 2916 1994 Dominus
2988 1940 3041 1992 in
3101 1954 3236 1994 voce
3297 1940 3441 1993 tubae
3480 1940 3547 2003 ⁶¹,
3609 1960 3628 1991 ι

2047 2031 2431 2102 jubilationem
2477 2039 2533 2086 et
2568 2032 2756 2086 tubam
2803 2031 3098 2085 nominans
3151 2032 3442 2086 altisonam
3481 2030 3631 2084 illam
3714 2065 3717 2068 ι

2051 2123 2228 2178 sancti
2271 2121 2514 2192 Spiritus
2549 2137 2760 2188 vocem,
2808 2122 3030 2192 quando
3087 2121 3342 2192 superuis
3385 2128 3634 2190 potesta-

2054 2216 2198 2269 tibus
2227 2226 2415 2284 portas
2445 2215 2701 2296 attollere
2743 2213 2930 2283 jussit,
2956 2223 3010 2266 ct
3053 2212 3341 2267 Dominum
3369 2212 3630 2265 virtutum

2027 2307 2233 2378 ipsum
2268 2306 2626 2376 nuncupavit,
2675 2306 2837 2360 sicuti
2875 2305 3040 2359 modo
3075 2305 3416 2359 dicebamus.
3456 2303 3630 2368 Quam

2050 2402 2124 2456 ob
2172 2416 2282 2453 rem
2319 2399 2498 2467 ipsum
2530 2413 2751 2467 quoque
2783 2405 3104 2452 sanctorum
3142 2397 3374 2449 chorum
3423 2393 3632 2463 ingenti

2052 2494 2239 2548 lsetitia
2273 2491 2582 2547 exsultasse
2637 2482 3060 2560 comperiemus.
3095 2488 3336 2557 Ideoque
3391 2486 3630 2550 dicebat,

2051 2585 2214 2640 modo
2279 2584 2499 2653 quidem
2558 2601 2570 2638 :
2632 2601 2651 2634 ι
2715 2581 2978 2637 Dominus
3055 2581 3336 2650 regnavit,
3401 2579 3636 2634 exsultet

2051 2684 2197 2730 terra
2244 2675 2320 2740 ⁶¹;
2367 2694 2386 2726 ι
2414 2673 2576 2728 modo
2604 2688 2803 2727 rursus
2837 2691 2851 2726 :
2892 2691 2910 2725 ι
2947 2671 3214 2726 Dominus
3241 2670 3510 2740 regnavit,
3540 2669 3635 2724 de-

2051 2782 2234 2821 corem
2296 2765 2522 2820 induit:
2556 2764 2737 2818 induit
2790 2762 3058 2817 Dominus
3111 2761 3531 2824 fortitudinem,
3580 2765 3635 2814 et

2051 2858 2339 2927 praecinxit
2373 2872 2434 2911 se
2470 2857 2536 2910 “.
2579 2874 2597 2906 ι
2633 2853 2739 2920 Qui
2765 2854 2916 2908 enim
2940 2853 3254 2916 nobiscum,
3286 2857 3414 2904 ante
3445 2864 3634 2904 resur-

2051 2951 2352 3004 rectionem
2383 2965 2448 3002 ex
2482 2947 2736 3011 mortuis,
2772 2947 2936 2999 homo
2973 2945 3321 3006 versabatur,
3342 2951 3633 3012 postquam

2053 3040 2138 3094 ad
2167 3041 2384 3094 Patrem
2419 3039 2512 3108 qui
2569 3039 2622 3092 in
2669 3037 2823 3093 cadis
2863 3044 2946 3091 est
2987 3034 3258 3095 ascendit,
3288 3043 3420 3088 tunc
3469 3050 3631 3088 suum

2051 3133 2306 3187 decorem
2360 3129 2577 3193 induit,
2624 3137 2678 3184 et
2730 3125 3336 3198 pristina‘fortitudine
3393 3138 3451 3178 se
3491 3138 3631 3192 pra:-

2051 3225 2242 3279 cinxit.
2297 3222 2455 3277 Sedit
2505 3222 2652 3276 enim
2713 3234 2951 3289 regnans
2997 3233 3121 3272 cum
3169 3216 3347 3270 Patre.
3384 3213 3633 3268 Gaudere

2052 3319 2236 3387 itaque
2289 3315 2518 3384 dignum
2571 3320 2626 3367 et
2681 3312 2891 3382 justum
2955 3317 3041 3364 est
3089 3315 3360 3379 quotquot
3399 3307 3632 3376 diligunt

2049 3423 2198 3468 eum,
2231 3406 2360 3475 quia
2421 3401 2671 3458 ascendit
2729 3401 2794 3455 ad
2826 3399 3044 3454 Patrem
3093 3398 3185 3467 qui
3225 3398 3278 3450 in
3325 3395 3481 3449 cmlis
3522 3401 3628 3457 est,

2050 3513 2203 3553 Suam
2237 3502 2626 3566 resumpturus
2674 3493 2928 3564 gloriam,
2967 3500 3022 3547 et
3050 3506 3173 3545 cum
3206 3505 3272 3543 eo
3316 3504 3511 3544 rursus
3546 3504 3634 3542 re-

2051 3601 2338 3662 gnaturus,
2365 3589 2510 3644 sicut
2541 3595 2660 3641 erat
2707 3585 2762 3638 in
2815 3583 3112 3654 principio.
3142 3579 3402 3650 Maiorem
3445 3587 3626 3633 autem

2049 3701 2174 3739 eum
2221 3683 2374 3746 dicit,
2415 3697 2527 3736 non
2562 3679 2690 3749 quia
2730 3677 2874 3734 sedit
2904 3692 2934 3731 a
2983 3675 3214 3739 dextris,
3248 3681 3307 3728 ut
3340 3674 3504 3732 Deus,
3535 3673 3629 3726 sed

2047 3775 2173 3844 quia
2223 3772 2512 3826 nobiscum
2563 3769 2743 3824 adhuc
2792 3777 2934 3830 erat,
2974 3765 3027 3820 id
3081 3773 3166 3820 est
3207 3765 3368 3819 nobis
3408 3765 3628 3819 similis.

2047 3867 2152 3922 lsta
2183 3869 2386 3936 quippe
2411 3864 2566 3927 dicit,
2607 3861 2782 3930 utqui
2819 3859 3076 3915 servilem
3112 3857 3342 3911 formam
3379 3857 3627 3919 haberet,

2046 3972 2147 4012 nec
2201 3955 2380 4008 adlmc
2418 3963 2638 4020 tempus
2689 3952 2908 4003 adesset
2940 3961 3050 4016 quo
3093 3946 3336 4000 divinam
3386 3945 3628 4014 dignita-

2048 4057 2152 4102 tem
2194 4058 2474 4100 resumere
2511 4042 2766 4096 debebat.
2803 4039 2960 4094 Unde
2991 4055 3115 4092 cum
3157 4054 3256 4107 pro
3304 4037 3464 4091 nobis
3501 4052 3630 4088 eru-

2046 4154 2162 4194 cem
2215 4135 2584 4191 venerandam
2642 4132 2887 4201 pertulit,
2929 4139 3148 4185 acetum
3205 4139 3260 4184 et
3325 4128 3396 4182 fel
3453 4126 3626 4181 Juda'i

2044 4232 2365 4288 obtulerunt
2391 4228 2438 4282 ei
2474 4225 2701 4288 sitienti,
2734 4231 2788 4278 et
2827 4231 3116 4292 postquam
3161 4215 3576 4284 bibisset,'dixit
3608 4239 3621 4274 :

2050 4340 2070 4374 ι
2109 4323 2566 4376 Consummatum
2622 4324 2707 4370 est
2732 4315 2797 4369 “.
2851 4334 2868 4366 ι
2919 4313 3202 4384 lmpletum
3249 4313 3450 4383 quippe
3514 4311 3623 4379 jam

354 4413 475 4478 ὖξος
533 4413 684 4483 αὐτῷ
733 4413 824 4465 καὶ
861 4412 1025 4483 χολὴν
1081 4412 1322 4466 Ἰουδαῖοι
1389 4414 1741 4484 προσήγαγον
1785 4414 1941 4485 διψή-

2049 4419 2160 4466 erat
2182 4407 2584 4489 liumiliationis
2602 4413 2840 4474 tempus,
2862 4413 2915 4458 et
2942 4403 3240 4458 crucifixus
3271 4402 3486 4472 quidem
3516 4397 3622 4466 est,

356 4521 532 4565 σαντί,
597 4505 690 4556 καὶ
748 4503 1064 4578 “abutam-
1119 4503 1545 4557 c'l'e'rékec'rat.»
1610 4505 1942 4575 Πεπλήρωτο

354 4596 464 4665 γὰρ
489 4595 589 4664 ήδη
614 4595 642 4646 6
671 4595 771 4663 τῆς
797 4593 1178 4658 ταπεινώσεως
1231 4594 1422 4665 καιρὸς
1443 4635 1456 4658 ,
1489 4595 1582 4647 καὶ
1621 4595 1939 4666 ἐσταυρώθη

356 4688 477 4755 μὲν,
540 4687 614 4749 ώς
650 4686 956 4754 ἄνθρωπος·
1010 4686 1261 4755 νενίκηκε
1321 4685 1430 4757 γὰρ
1473 4685 1568 4738 τοῦ
1621 4685 1852 4740 θανάτου
1881 4687 1942 4739 τὸ

349 4779 574 4847 κράτος,
602 4779 701 4848 οὐχ
745 4777 821 4842 ὡς
871 4777 1176 4849 ἄνθρωπος,
1207 4777 1290 4830 ἔτι
1321 4777 1523 4846 μᾶλλον
1553 4779 1609 4830 δέ
1640 4779 1716 4838 ώς
1767 4779 1898 4844 Θεὸς
1922 4819 1936 4844 ,

348 4871 495 4938 φημὶ
519 4869 585 4941 δὴ
620 4871 764 4922 κατὰ
790 4870 890 4940 τὴν
920 4869 1200 4940 ἐνέργειαν
1226 4870 1319 4923 καὶ
1352 4869 1450 4941 τὴν
1490 4871 1583 4923 ἐπὶ
1613 4871 1691 4941 τῷ
1720 4873 1940 4942 νικῆσαι

343 4960 506 5023 διῦξαν
530 4978 588 5014 τε
615 4963 708 5014 καὶ
735 4961 985 5031 δύναμιν,
1052 4961 1112 5012 οὐ
1156 4960 1296 5013 κατά
1347 4962 1445 5030 τὴν
1495 4962 1692 5033 σάρκα.
1723 4963 1940 5027 Μείζων

342 5049 490 5105 οὗνό
523 5053 733 5123 Πατὴρ,
767 5051 841 5116 ώς
895 5051 974 5104 ἔτι
1003 5051 1212 5115 δούλου,
1245 5053 1338 5106 καὶ
1364 5054 1422 5105 ἐν
1471 5056 1584 5117 τοῖς
1643 5054 1766 5107 καθ’
1793 5057 1941 5125 ἡμᾶς

339 5141 501 5206 ὄντος
528 5141 623 5195 τοῦ
655 5141 810 5196 Υίοῦ·
860 5142 984 5195 ἐπεὶ
1017 5143 1110 5196 καὶ
1160 5142 1294 5196 Θεὸν
1323 5144 1518 5197 ἐαυτοῦ
1553 5163 1718 5216 φησιν
1742 5147 1937 5212 αὑτὸν,

346 5234 623 5288 καὶτοῦτο
648 5233 728 5304 τῷ
746 5233 1072 5305 ἀνθρωπίνῳ
1102 5237 1426 5306 προσνέμων
1450 5240 1708 5309 σχήματι.
1739 5242 1802 5295 Εί
1828 5241 1938 5312 γὰρ

348 5326 680 5396 πιστεύομεν
703 5327 787 5379 ὃτι
829 5325 1104 5381 κεκένωκέ
1143 5343 1203 5380 τι
1251 5330 1346 5382 καὶ
1383 5333 1784 5386 τεταπείνωκεν
1807 5335 1936 5388 ἐαυ-

345 5415 461 5478 ⁴τὸν,
499 5417 614 5479 πῶς
643 5419 740 5485 οὐχ
765 5417 972 5470 ἅπασιν
1015 5418 1168 5473 ἔσται
1201 5422 1512 5490 καταφανὲς
1533 5463 1546 5486 ,
1581 5424 1662 5476 ὅτι
1702 5427 1934 5480 κατασέ-

347 5503 519 5574 ιηκεν
542 5505 599 5570 ἐξ
639 5507 915 5578 ὑπεροχῆς
944 5525 1092 5573 τινος
1141 5512 1219 5574 είς
1267 5511 1582 5576 ἐλάττωσιν,
1637 5515 1839 5584 μᾶλλον
1879 5517 1935 5572 δὲ

423 5620 649 5705 σο-ρεειι.
699 5639 862 5688 XLVI,
897 5621 986 5692 20.
1067 5628 1107 5657 ι·
1154 5627 1286 5681 ibid.
1331 5628 1382 5680 6.
1463 5630 1506 5658 δ’
1546 5627 1694 5692 Ρειιι.
1730 5646 1884 5695 τινι,
1931 5631 1977 5684 ιο

351 5703 390 5754 11
412 5732 428 5762 ,γ
468 5703 514 5758 ἶ.

2041 4512 2101 4557 ιιι
2152 4499 2520 4556 bomozvicit
2563 4497 2708 4553 enim
2767 4495 2964 4550 mortis
3024 4495 3346 4564 potentium,
3400 4509 3506 4546 non
3564 4500 3626 4545 ut

2042 4598 2228 4661 linsuo,
2278 4591 2372 4647 sed
2423 4590 2604 4661 potius
2653 4600 2709 4642 ut
2758 4589 2922 4651 Deus,
2965 4587 3210 4643 emcacia
3262 4586 3518 4639 nimirum
3570 4593 3625 4639 et

2041 4685 2292 4742 vincendi
2344 4684 2520 4752 gloria
2572 4689 2738 4750 atque
2805 4687 3113 4750 potestate,
3155 4693 3263 4730 non
3319 4677 3623 4730 secundum

2039 4792 2284 4832 carnem.
2329 4775 2498 4843 Major
2539 4774 2726 4840 itaque
2770 4782 2854 4826 est
2909 4769 3073 4824 Pater
3125 4768 3288 4830 Filio,
3318 4784 3480 4823 servo
3534 4768 3622 4822 ni-

2039 4871 2240 4924 mirum
2283 4867 2487 4929 adhuc,
2523 4873 2577 4918 et
2627 4866 2680 4917 in
2735 4863 2992 4916 humanis
3034 4861 3379 4916 constituto:
3411 4875 3536 4914 nam
3569 4867 3624 4911 et

2039 4961 2219 5031 ipsum
2257 4958 2436 5012 Deum.
2462 4971 2622 5010 suum
2660 4955 2926 5011 nominat.
2955 4953 3208 5006 humana:
3241 4953 3291 5004 id
3325 4952 3512 5005 forma:
3541 4959 3622 5002 at-

2039 5055 2310 5109 tribueus.
2342 5051 2475 5106 Nam
2507 5049 2552 5102 si
2597 5046 2875 5102 credimus
2909 5061 3032 5099 eum
3074 5045 3386 5099 exinanisse
3430 5051 3484 5097 et.
3518 5042 3616 5094 liu-

2039 5147 2286 5200 miliasse
2337 5140 2695 5209 semetipsum
2738 5139 2805 5202 “,
2860 5136 3141 5207 quomodo
3202 5150 3309 5188 non
3364 5131 3621 5186 omnibus
3665 5158 3671 5162 -

2043 5216 2247 5311 patebit
2284 5251 2410 5292 eum
2450 5234 2519 5290 de
2549 5232 2843 5298 emiuentia
2873 5221 3108 5299 quadam
3146 5229 3202 5282 in
3232 5225 3618 5282 demissiouem

2039 5329 2417 5391 descendisse,
2447 5328 2558 5381 imo
2598 5341 2726 5380 vero
2759 5339 2823 5378 ex
2854 5322 3167 5392 aequalitate
3205 5336 3338 5375 cum
3360 5317 3522 5374 l'atre
3551 5318 3619 5371 ad

2037 5417 2668 5494 inaequalitatem?Nibil
2696 5425 2880 5470 autem
2916 5415 3110 5468 borum
3139 5411 3302 5467 Pater
3331 5412 3618 5476 sustinuit,

2055 5519 2151 5574 sed
2211 5515 2415 5570 mansit
2461 5519 2516 5568 et
2561 5517 2768 5581 perstat
2806 5507 2862 5562 in
2915 5505 3118 5578 quibus
3161 5515 3280 5562 erat
3319 5508 3387 5560 ab
3438 5503 3619 5558 initio.

2057 5631 2101 5661 ⁸³
2146 5628 2291 5685 Psal.
2329 5641 2517 5687 xcrtr,
2557 5622 2604 5675 1.
2704 5621 2748 5652 ⁸⁵
2787 5617 2944 5676 Joan.
2979 5636 3100 5681 su.
3137 5621 3226 5674 50.
3305 5617 3347 5649 ⁶⁸
3384 5614 3620 5684 Philipp.
