4042 6204
454 279 566 339 315

1493 264 1553 323 s.
1595 222 1873 322 cvnfLLt
1915 256 2390 314 suumsuum
2428 253 2748 310 Alttiﬂllii‘.

3596 243 3707 302 316

406 402 409 405 ‘
458 394 636 465 Major
664 389 832 464 856
880 389 1066 459 itaque
1110 394 1195 444 est
1243 400 1309 442 eo
1337 383 1431 456 qui
1479 398 1548 439 ex
1599 376 2033 450 dispensationis

2139 375 2195 440 ἐξ
2228 374 2471 445 ἰσότητος
2495 372 2594 441 τῆς
2631 371 2765 439 πρὸς
2783 369 2872 422 τὸν
2910 367 3147 438 Πατέρα,
3183 363 3317 437 πρὸς
3345 362 3407 417 τδ
3442 362 3517 434 μὴ
3536 361 3710 427 οὕτως

457 486 650 541 ordine
679 482 1094 537 minorationem
1128 478 1394 548 suscepit,
1417 476 1628 547 quique
1650 473 1705 526 in
1741 485 1805 525 ea
1841 467 2031 522 tandiu

456 579 585 645 fuit,
626 572 870 645 quandin
916 571 982 625 ad
1050 571 1184 625 illud
1244 581 1503 625 reversus
1536 572 1644 627 est,
1718 559 2029 631 proprium,

459 644 701 736 inquam,
735 673 792 719 et
839 662 1093 721 naturale
1159 661 1386 725 bonum,
1429 658 1486 713 in
1540 670 1650 726 quo
1679 660 1801 709 erat
1851 647 2029 705 initio.

458 758 639 813 Locus
685 764 870 810 autem
922 755 971 809 ei
1008 749 1415 824 quodammodo
1451 748 1712 820 proprius
1761 759 1828 798 ac
1870 749 2034 797 natu-

459 850 594 904 ralis
624 849 749 918 jure
797 845 1117 902 censebitur
1168 844 1262 898 illa
1315 857 1443 897 cum
1500 840 1660 895 Patre
1720 836 2031 907 aequalitas.

458 956 622 1011 quam
678 954 804 994 cum
844 938 1099 994 obstante
1153 935 1376 991 nemine
1415 933 1619 1011 habere
1674 930 1889 992 liceret,
1921 942 2033 981 non

459 1008 641 1085 tamen
668 1028 917 1100 rapinam
946 1028 1248 1082 arbitratus
1262 1033 1350 1081 est
1370 1008 1594 1096 propter
1624 1036 1726 1078 nos
1743 1021 1813 1075 “.
1835 1018 2032 1084 Porro,

458 1135 582 1174 cum
622 1117 692 1174 de
741 1118 1057 1189 aequalitate
1087 1115 1213 1170 Filii
1248 1112 1520 1189 cumIDeo
1551 1126 1618 1167 ac
1655 1110 1818 1165 Patre
1859 1106 2035 1164 multa

460 1211 695 1267 nobisin
727 1208 1105 1280 superioribus
1144 1206 1303 1263 libris
1333 1205 1482 1260 dicta
1532 1203 1667 1266 sint,
1693 1215 1876 1271 operae
1905 1213 2034 1269 pre-

460 1304 595 1356 tium
625 1302 813 1357 forsan
863 1309 1011 1356 esset
1038 1300 1102 1353 ad
1131 1314 1194 1354 ea
1222 1312 1344 1368 quae
1373 1285 1684 1365 sequuntur
1709 1289 2035 1362 explicanda

461 1408 559 1447 nos
606 1393 919 1463 accingere,
956 1391 1115 1461 plura
1170 1391 1237 1445 de
1271 1388 1357 1444 his
1397 1388 1723 1456 impraescns
1759 1382 2037 1439 disserere

458 1484 796 1538 amittentes.
824 1482 932 1538 Sed
971 1481 1230 1551 quoniam
1262 1495 1333 1533 ex
1365 1477 1578 1533 insanis
1605 1474 1883 1530 hareticis
1912 1472 2035 1541 qui-

459 1570 609 1633 dam,
646 1582 753 1622 non
784 1568 1062 1639 vulgarem
1102 1566 1244 1638 apud
1268 1565 1489 1644 {udaeos
1532 1578 1819 1620 sacrarum
1859 1561 2035 1618 Litte-

461 1674 641 1720 rarum
675 1659 1046 1729 cognitionem
1077 1668 1297 1721 nactus,
1332 1657 1479 1712 hunc
1516 1657 1698 1711 locum
1721 1656 2031 1724 explicans,

457 1751 833 1807 intolerabiles
907 1749 1279 1819 blasphemias
1353 1748 1616 1803 adversus
1673 1746 2035 1819 Unigenitum

457 1842 681 1911 scriptis
726 1840 978 1905 tradidit,
1026 1855 1141 1896 rem
1195 1839 1362 1896 nimis
1410 1838 1641 1894 inertem
1692 1839 1966 1908 nimisque
2000 1851 2031 1891 a

457 1947 544 1987 me
588 1931 819 1987 alienam
868 1931 1144 1985 iacturum
1183 1931 1393 2000 putavi,
1432 1930 1479 1988 si
1512 1936 1718 1983 tantam
1762 1927 1886 1995 ejus
1934 1928 2033 1980 Ito-

458 2023 620 2079 ιηίιιίε
660 2022 932 2077 insaniam
964 2022 1186 2079 silentio
1225 2023 1582 2093 praeterirem.
1619 2018 1824 2075 Ordine
1868 2016 2033 2089 igitur

455 2116 505 2170 ei
535 2116 936 2171 occurrendum
990 2130 1225 2182 censeo,
1275 2113 1878 2181 demonstrandumquc
1931 2127 2032 2181 pu-

458 2205 600 2261 tidas
633 2221 757 2262 esse
792 2216 846 2260 et
878 2205 1054 2260 aniles
1083 2205 1203 2274 ejus
1241 2205 1492 2268 fabellas,
1525 2211 1580 2259 et
1612 2204 1762 2258 omni
1798 2217 2032 2274 prorsus

394 2306 407 2319 '
452 2296 664 2367 judicio
689 2296 1008 2359 destitutas,
1043 2296 1402 2365 iuaniumque
1451 2294 1725 2350 duntaxat
1754 2294 2031 2349 rationum

456 2387 706 2456 strophis
736 2387 951 2455 plenas.
997 2385 1079 2438 Ad
1126 2385 1355 2440 verbum
1396 2392 1579 2439 autem
1617 2384 1866 2439 recitabo
1911 2398 2034 2454 qua:

455 2479 701 2535 scribere
734 2492 910 2531 ausus
944 2485 1054 2538 est,
1077 2491 1202 2531 cum
1236 2478 1389 2532 visus
1415 2484 1500 2531 est
1531 2476 1636 2531 sibi
1670 2491 1895 2532 sensum
1929 2476 2034 2531 loci

456 2571 623 2638 huius
670 2585 966 2639 exponere.
1007 2588 1025 2620 ι
1067 2567 1328 2639 Maiorem
1371 2579 1552 2624 autem
1592 2568 1779 2637 seipso
1816 2565 2033 2622 Patrem

456 2671 645 2733 aperte
693 2662 1019 2732 praedicans.
1064 2676 1173 2715 non
1208 2662 1388 2716 solum
1419 2657 1810 2730 gratitudinem
1850 2674 1912 2713 se
1950 2658 2034 2713 di-

359 2770 365 2777 '
457 2770 617 2827 gnam
669 2753 940 2815 exhibuit,
968 2750 1065 2806 sed
1102 2760 1157 2805 et
1187 2766 1381 2805 eorum
1424 2750 1520 2820 qui
1564 2749 1757 2805 ambos
1793 2750 2035 2818 aquales

455 2861 581 2900 esse
617 2851 813 2913 putant
859 2841 1211 2896 mendacium
1238 2842 1510 2909 coarguit.
1550 2859 1569 2891 ι
1606 2840 1819 2906 Quibus
1853 2840 2035 2895 verbis

459 2935 685 2997 Sabellii
732 2935 994 3003 opinione
1031 2933 1279 3002 explosa,
1324 2932 1556 2987 infestus
1586 2942 1640 2988 et
1663 2947 1811 2995 acer,
1846 2942 1903 2988 ut
1933 2948 2033 3003 pu-

398 3054 411 3063 ~
458 3036 558 3093 tat,
614 3028 667 3082 in
726 3043 825 3082 eos
882 3028 996 3082 ruit
1050 3025 1145 3096 qui
1176 3026 1444 3096 aequalem
1490 3023 1639 3080 Patri
1674 3023 1874 3080 Filium
1922 3036 2038 3080 sta-

2133 466 2290 537 έχονς
2320 465 2485 518 Οὐδὲν
2516 465 2573 517 δὲ
2596 461 2797 514 τούτων
2844 458 3261 530 ὐπομεμένηκεν
3288 456 3318 508 ό
3344 456 3565 525 Πατήρ·
3614 471 3712 525 με-

2137 555 2336 625 μένηκε
2367 553 2422 606 δὲ
2450 552 2543 606 καὶ
2568 551 2714 604 ἔστιν
2746 550 2805 601 ὲν
2826 541 2907 611 οἷς
2935 544 3002 618 ἦν
3026 547 3088 611 ἐξ
3132 544 3328 616 ἀρχῆς.
3372 542 3589 607 Μείζων
3621 537 3711 597 οὖν

2133 642 2243 713 ἄρα
2269 640 2363 694 τοῦ
2409 641 2506 711 τὴν
2546 639 2839 691 ἐλάττωσιν
2894 625 3246 706 οἰκονομικῶς
3275 633 3569 702 ἑλομένου,
3618 633 3713 685 καὶ

2133 734 2270 797 τέως
2298 734 2448 795 ὄντος
2477 734 2535 784 ὲν
2554 731 2715 801 αὐτῇ,
2743 730 2899 800 ἄχρις
2923 727 2989 782 ἂν
3038 728 3213 779 ὲκεῖνο
3251 724 3412 778 πάλιν
3442 725 3708 793 ἀνακομι-

2134 827 2260 899 σθῇ.
2286 826 2346 881 τὸ
2369 826 2500 880 ίδιον
2526 826 2587 893 δή
2619 841 2763 895 φημι
2812 821 2904 876 καὶ
2944 818 3173 889 φυσικὸν
3221 815 3442 887 ἀγαθὸν,
3478 816 3536 867 ἐν
3560 809 3711 885 ᾧπερ

2102 940 2103 943 η
2132 912 2201 989 ἦν
2229 919 2288 971 ὲν
2312 919 2475 989 ἀρχῇ.
2509 916 2685 978 Τόπος
2708 915 2762 967 δὲ
2789 912 2978 982 ὥσπερ
3017 908 3217 973 οἰκεῖός
3256 924 3317 961 τε
3367 907 3460 961 καὶ
3486 904 3713 975 φυσικὸς

2133 1011 2284 1081 αὐτῷ
2314 1007 2532 1080 νοηθείη
2586 1006 2652 1060 ἂν
2699 1004 2925 1067 εἰκότως
2952 1003 2985 1071 ἡ
3041 1000 3223 1070 ίσότης
3254 1001 3287 1072 η
3329 998 3465 1068 πρὸς
3490 997 3578 1051 τὸν
3602 998 3715 1052 Πα-

2132 1103 2289 1174 τέρα,
2343 1100 2409 1172 ἢν
2456 1099 2598 1168 ἔχειν
2651 1095 2771 1161 ἐξὸν
2817 1081 3240 1156 ἀδιακωλύτως,
3281 1092 3380 1161 οὐχ
3422 1089 3714 1163 ἁρπαγμὸν

2133 1196 2379 1265 ἡγήσατο
2403 1191 2470 1247 δι’
2491 1190 2660 1260 ἡμᾶς.
2689 1187 2797 1241 Καὶ
2842 1183 3038 1239 πολλοῦ
3066 1178 3197 1255 ἡμῖν
3230 1182 3514 1252 γεγονότος
3554 1181 3713 1250 λόγου

2133 1288 2264 1359 περὶ
2292 1285 2390 1356 τῆς
2424 1282 2667 1353 ἰσότητος
2701 1279 2796 1332 τοῦ
2836 1277 2966 1331 Υίοῦ
3022 1276 3123 1346 τῆς
3161 1274 3298 1346 πρὸς
3340 1274 3431 1327 τὸν
3456 1272 3587 1359 Θεύν
3620 1272 3713 1326 καὶ

2135 1358 2355 1445 Πατέρα
2380 1372 2475 1425 καὶ
2507 1372 2565 1423 ἐν
2588 1371 2700 1432 τοῖς
2728 1367 2904 1421 ὀπίσω
2936 1365 3182 1437 βιϐλίοις,
3215 1363 3356 1434 τάχα
3375 1380 3492 1425 πως
3518 1358 3586 1434 ἦν
3613 1363 3713 1433 ήδη

2134 1467 2343 1539 πρέπον
2358 1465 2452 1517 ἐπὶ
2478 1462 2575 1534 τὴν
2604 1459 2710 1513 τῶν
2742 1459 2870 1528 ἑξῆς
2912 1459 3210 1528 σαφήνειαν
3253 1454 3450 1518 έλθεῖν,
3489 1455 3551 1507 τό
3580 1455 3707 1523 περὶ⁵

2132 1558 2341 1611 τούτων
2356 1555 2435 1610 ἔτι
2459 1553 2831 1625 μακρηγορεῖν
2851 1549 3087 1619 ἀφέντας
3103 1548 3184 1611 είς
3202 1546 3264 1600 τὺ
3281 1546 3475 1617 παρόν.
3494 1544 3712 1614 Ἐπειδὴ

2133 1650 2193 1704 δέ
2221 1666 2304 1713 τις
2327 1647 2435 1702 τῶν
2468 1645 2744 1701 ἀσυνέτων
2768 1640 3062 1715 αἱρετικῶν
3086 1640 3147 1694 οὐ
3200 1638 3319 1692 λίαν
3360 1635 3711 1706 ἀθαύμαστον

2138 1741 2289 1811 παρά
2314 1738 2424 1802 τοῖς
2462 1736 2738 1800 Ἰουδαίοις
2787 1733 2967 1805 λαχὼν
3015 1732 3124 1785 τῶν
3172 1729 3333 1803 ἱερῶν
3365 1727 3716 1798 Γραμμάτων

2137 1833 2235 1904 τὴν
2256 1833 2478 1902 εἴδησιν,
2512 1826 2580 1881 τὰ
2608 1828 2666 1904 ἐν
2702 1825 2781 1895 τῷ
2830 1825 3172 1895 προκειμένῳ
3224 1819 3547 1892 ἑρμηνεύειν
3593 1820 3718 1871 ὲπιο

2138 1902 2354 1994 χειρῶν,
2386 1920 2574 1991 γραφῇ
2628 1902 2945 1988 παρέδωκεν
3000 1914 3061 1966 οὐ
3121 1910 3362 1983 φορητάς
3405 1908 3719 1978 δυσφημίας

2138 2010 2282 2065 κατὰ
2311 2010 2404 2063 τοῦ
2432 2007 2792 2077 Μονογενοῦς,
2830 2004 3057 2074 ἀδρανὲς
3076 2003 3262 2074 ᾠήθην
3287 2002 3379 2057 καὶ
3417 2001 3536 2054 λίαν
3557 1999 3720 2070 ἀνάρ⁴

2142 2119 2338 2174 μοττον
2370 2098 2597 2171 ἐμαυτῷ
2631 2100 2865 2171 πρᾶγμα
2888 2098 3061 2151 θέλειν
3092 2093 3417 2164 ὑφίστασθαι
3449 2092 3509 2147 τὸ
3541 2093 3718 2162 σιωπῇ

2140 2193 2520 2266 παραδραμεῖν
2554 2190 2653 2260 τὴν
2710 2187 2855 2242 οὓτω
2896 2187 3079 2257 δεινὴν
3114 2184 3207 2238 τοῦ
3262 2181 3721 2254 μνημονευθέντος

2139 2285 2418 2339 ἀπόνοιαν.
2447 2281 2655 2336 Οὐκοῦν
2686 2279 2942 2351 οἰήσομαι
2975 2278 3082 2333 δεῖν
3114 2277 3418 2344 ὑπαντῆσαι
3455 2274 3556 2344 μὲν
3581 2273 3722 2325 κατὰ

2138 2378 2296 2447 λόγον
2324 2373 2491 2445 αὐτῷ,
2511 2373 2681 2440 δεῖξαί
2704 2389 2763 2427 τε
2795 2370 2979 2440 σαφῶς
3010 2370 3089 2422 ὅτι
3114 2366 3289 2439 σαθρά
3304 2383 3360 2419 τε
3377 2366 3473 2418 καὶ
3498 2361 3723 2433 γραώδη

2138 2469 2204 2522 τὰ
2236 2469 2364 2539 παρ’
2394 2465 2559 2520 αὐτοῦ
2588 2464 2849 2537 μυθάρια,
2873 2461 2969 2515 καὶ
3000 2460 3311 2531 φρονήσεως
3347 2457 3445 2527 μὲν
3470 2456 3565 2525 τῆς
3588 2455 3725 2519 ἀγα·-

2141 2559 2243 2629 θῆς
2269 2555 2601 2629 ἀμοιροῦντα
2631 2552 2927 2615 παντελῶς,
2952 2549 3191 2621 στροφὰς
3211 2548 3269 2602 δὲ
3291 2546 3512 2600 είκαίων
3530 2544 3722 2614 ἔχοντα

2118 2649 2439 2720 λογισμῶν.
2502 2647 2621 2702 Ἐπ’
2651 2646 2821 2715 αὐτῆς
2842 2645 2899 2699 δὲ
2926 2644 3054 2714 ὑμῖν
3085 2641 3478 2710 ἀναγνώσομαι
3497 2637 3719 2701 λέξεως,

2139 2741 2178 2795 ἃ
2207 2740 2483 2795 συνθεῖναι
2514 2738 2839 2808 τετόλμηκε,
2863 2735 2961 2807 τὴν
2990 2733 3086 2787 τοῦ
3118 2731 3503 2804 προκειμένου,
3549 2726 3723 2782 καθά-

2142 2852 2249 2906 περ
2280 2834 2441 2896 αὐτὸς
2468 2832 2643 2903 ᾠήθη,
2681 2828 2915 2899 Θεωρίαν
2950 2824 3331 2896 ἐξηγούμενος.
3364 2841 3383 2873 ι
3406 2820 3641 2885 Μείζονα
3668 2819 3730 2873 δὲ
3846 2826 3859 2829 “

2144 2923 2338 2977 ἑαυτοῦ
2363 2921 2455 2975 τὸν
2489 2919 2710 2990 Πατέρα
2766 2908 3057 2988 κηρύσσων
3093 2911 3299 2982 σαφῶς,
3332 2911 3394 2963 οὐ
3436 2909 3597 2980 μόνον
3624 2907 3724 2979 τὴν

2140 3013 2322 3085 ἐαυτῷ
2342 3012 2658 3084 πρέπουσαν
2706 3008 3052 3078 παρέστησεν
3107 3000 3552 3071 εὐγνωμοσύνην,
3588 2999 3728 3052 ἀλλά

459 3073 558 3093 -_.,
729 3073 824 3082 η-
882 3073 994 3082 .-η
1052 3073 1145 3096 Ἰ.--
1178 3073 1443 3096 γης-κν--
1674 3073 1874 3080 ---.----
1922 3073 2008 3080 --ε

420 3148 426 3154 ο
457 3128 643 3181 tuunt.
666 3119 721 3173 in
759 3114 909 3173 hunc
939 3133 1136 3173 rursus
1177 3116 1397 3172 modum
1432 3116 1686 3173 scribens
1724 3136 1738 3172 :
1781 3134 1799 3167 ι
1835 3114 1914 3169 Eo
1942 3115 2036 3171 de-

2141 3111 2250 3178 γὰρ
2276 3073 2368 3161 καὶ
2390 3073 2505 3157 τῶν
2533 3106 2589 3157 ὲν
2615 3073 2952 3172 ἀμφοτέροις
2986 3092 3131 3150 εἶναι
3165 3093 3494 3164 νομιζόντων
3516 3092 3578 3144 τὸ
3594 3090 3732 3161 ψεῦ-

458 3209 679 3264 mentia:
707 3209 932 3279 quidam
963 3223 1163 3265 rursus
1195 3206 1484 3278 progressi
1516 3216 1668 3271 sunt,
1699 3215 1756 3259 ut
1787 3206 1896 3261 dici
1928 3220 2040 3260 non

458 3300 642 3355 ferant
691 3298 973 3371 Unigeniti
1034 3299 1239 3355 deitate
1292 3299 1508 3355 Patrem
1568 3314 1694 3354 esse
1746 3298 2038 3368 majorem,

456 3389 554 3446 sed
585 3405 710 3445 eum
741 3389 1013 3444 duntaxat
1046 3389 1365 3459 praecellere
1396 3388 1715 3444 existiment
1745 3402 2039 3458 compara-

457 3482 609 3536 tione
657 3496 783 3535 cum
816 3495 1006 3542 carne,
1039 3480 1131 3548 qui
1163 3495 1234 3534 ne
1257 3480 1340 3534 vel
1398 3480 1452 3534 in
1495 3478 1599 3533 hoc
1645 3478 1870 3548 quidem
1916 3493 2041 3548 per-

459 3572 673 3642 spicere
732 3580 970 3641 possunt
1027 3571 1397 3641 heterogenea
1457 3570 1613 3626 nullo
1663 3570 1827 3626 modo
1880 3587 2043 3642 posse

458 3665 793 3733 comparari.
819 3661 992 3718 Nemo
1046 3663 1190 3718 enim
1235 3663 1440 3718 dixerit
1473 3678 1717 3733 unquam
1760 3663 2039 3718 hominem

454 3755 711 3825 jumento
766 3755 1159 3824 sapientiorem
1215 3770 1365 3820 esse,
1408 3770 1588 3825 neque
1643 3754 1782 3811 adeo
1835 3769 2040 3825 equum

459 3846 708 3902 velocius
752 3861 981 3902 currere
1029 3847 1337 3911 testudine,
1378 3847 1474 3904 sed
1513 3847 1787 3903 hominem
1830 3846 2040 3902 homini

459 3939 714 3993 doctrina
762 3946 1045 4009 praestare,
1096 3947 1151 3993 et
1197 3953 1400 4008 equum
1437 3930 1689 3995 velocius
1734 3940 1878 4008 cquo
1917 3953 2044 3993 cur-

459 4046 605 4085 rere.
646 4029 783 4085 Cum
821 4045 955 4101 ergo
1006 4031 1125 4085 sola
1167 4030 1516 4099 homogenea
1567 4030 2041 4101 comparationem

459 4124 606 4178 inter
634 4138 696 4177 se
729 4122 1063 4193 suscipiant,
1100 4137 1330 4178 necesse
1362 4135 1448 4178 est
1479 4138 1576 4179 eos
1626 4122 1787 4178 fateri
1828 4122 2042 4177 Patrem

434 4214 907 4282 rutajorem.esse
963 4214 1084 4285 ipsa
1133 4212 1419 4287 Unigeniti
1474 4215 1705 4270 deitate.
1755 4213 1892 4268 Nam
1948 4214 2042 4283 qui

460 4306 804 4360 contrarium
838 4307 1109 4373 sentiunt,
1139 4307 1195 4361 in
1230 4324 1295 4363 eo
1326 4307 1470 4378 quod
1506 4308 1686 4377 ipsum
1717 4324 1842 4362 cum
1875 4321 2045 4362 carne

2138 3201 2227 3264 δος
2247 3196 2516 3269 διήλεγξε.
2545 3214 2562 3247 ι
2620 3193 2731 3248 Καὶ
2760 3190 2860 3262 τὴν
2890 3187 3180 3242 Σαϐελλίου
3209 3186 3299 3239 διὰ
3332 3183 3541 3237 τούτων
3567 3198 3728 3251 περι-

2141 3291 2415 3364 κροτήσας
2434 3285 2615 3352 δόξαν,
2642 3283 2837 3348 δεινὸς,
2879 3282 2954 3346 ὡς
3002 3281 3195 3342 οἴεται,
3233 3277 3328 3331 καὶ
3360 3276 3557 3347 δριμὺς
3601 3276 3728 3327 ἐπι-

2142 3384 2288 3454 πηδᾷ
2318 3383 2434 3445 τοῖς
2461 3382 2518 3434 ἐν
2556 3378 2761 3446 ἰσότητι
2796 3374 2933 3447 πρὸς
2981 3372 3075 3429 τὸν
3134 3371 3353 3440 Πατέρα
3404 3367 3602 3422 τιθεῖσι
3635 3364 3730 3419 τδν

2142 3476 2293 3537 Υἰὸν,
2319 3473 2464 3528 οὕτω
2492 3472 2655 3526 πάλιν
2684 3468 2875 3523 εἰπών’
2915 3485 2936 3519 ι
2969 3458 3066 3530 Εἰς
3093 3462 3351 3537 τοσοῦτον
3404 3460 3566 3526 πάλιν
3593 3460 3733 3513 ἀπο-

2142 3568 2290 3631 νοίας
2312 3564 2584 3637 προῆλθόν
2614 3578 2779 3629 τινες,
2806 3560 2884 3624 ὼς
2917 3558 3052 3631 μηδὲ
3095 3556 3235 3619 ὅλως
3274 3552 3565 3625 ἀνέχεσθαι
3613 3551 3734 3623 μεί-

2143 3658 2272 3724 ζονα
2304 3653 2443 3711 εἶναι
2462 3655 2555 3710 τὸν
2592 3652 2812 3721 Πατέρα
2838 3651 2936 3721 τῆς
2968 3648 3068 3703 τοῦ
3098 3645 3433 3715 Μονογενοῦς
3481 3644 3736 3713 θεότητος

2142 3751 2341 3820 λέγειν,
2361 3748 2496 3802 ἀλλὰ
2520 3747 2682 3819 μόνον
2702 3744 2863 3799 αὐτὸν
2885 3741 3173 3814 συγκρίσει
3192 3742 3262 3812 τῇ
3284 3738 3413 3811 περὶ
3435 3736 3531 3807 τὴν
3552 3735 3738 3807 σάρκα

2144 3842 2430 3915 ὑπερέχειν
2446 3840 2641 3903 δοκεῖν,
2664 3837 2801 3908 μηδὲ
2820 3834 2925 3889 κᾶν
2945 3832 3105 3886 τοῦτο
3124 3830 3236 3903 [γρ.
3258 3830 3363 3884 κάν
3377 3826 3573 3899 τούτῳ]
3594 3844 3740 3915 συνιτ

2141 3936 2252 3989 δεῖν
2282 3930 2622 4002 δυνηθέντες,
2652 3927 2727 3991 ὡς
2753 3926 2823 3979 τά
2846 3926 3136 3997 ἑτερογενῆ
3165 3920 3414 3992 οὐδαμῶς
3443 3918 3738 3989 συγκρίνε-

2145 4025 2271 4079 σθαι
2291 4023 2534 4077 δύναται.
2569 4019 2758 4083 Οὐδεὶς
2781 4016 2892 4089 γὰρ
2916 4015 2981 4069 ἂν
3005 4016 3149 4068 εἴποι
3174 4012 3303 4066 ποτὲ
3333 4013 3414 4065 ὅτι
3448 4010 3741 4078 ἄνθρωπος

2144 4114 2454 4187 σοφώτερός
2476 4113 2594 4166 ἐστι
2627 4112 2880 4180 κτήνους,
2927 4106 3052 4161 οὐτε
3100 4107 3208 4178 μὴν
3255 4106 3422 4169 ἵππος
3461 4103 3740 4174 ὀξυτέρως

2142 4210 2328 4283 τρέχει
2357 4203 2621 4276 χελώνης,
2658 4202 2773 4256 ἀλλ’
2797 4200 3084 4271 ἄνθρωπον
3117 4195 3405 4269 ἀνθρώπου
3433 4194 3737 4264 ἐλλογιμώ-

2141 4318 2322 4373 τερον,
2358 4299 2524 4351 ἵππον
2578 4294 2635 4348 δὲ
2688 4294 2858 4347 ῖππου
2901 4290 3159 4361 ὀξύτερον
3195 4289 3477 4359 φέρεσθαι.
3538 4287 3739 4340 Μόνων

456 4398 809 4466 comparant,
837 4406 1110 4466 quantum
1143 4398 1196 4452 in
1229 4399 1310 4455 eis
1349 4407 1460 4463 est,
1493 4396 1675 4454 Patris
1718 4397 2036 4467 dignitatem

2148 4393 2327 4447 τοίνυν
2355 4388 2465 4443 τῶν
2524 4384 2803 4459 ὁμογενῶν
2849 4383 2948 4454 τὴν
2992 4383 3128 4451 πρὸς
3182 4380 3390 4455 ἀλληλα
3446 4378 3743 4448 σύγκρισιν

462 4489 738 4541 minuunt.
776 4505 796 4536 ι

2150 4482 2588 4556 ὲπιδεχομένων,
2647 4477 2862 4548 ἀνάγκη
2925 4476 3121 4535 αὐτοὺς
3170 4473 3540 4544 ὁμολογῆσαι,
3596 4470 3680 4522 ὅτι
3710 4471 3745 4522 ό

462 4577 654 4649 Πατὴρ
692 4577 893 4647 μείζων
919 4580 1091 4651 αὗτῆς
1132 4582 1232 4651 τῆς
1282 4582 1377 4637 τοῦ
1417 4583 1755 4651 Μονογενοῧς
1788 4584 2041 4656 θεότητος
2079 4584 2337 4654 ὑπάρχει.
2375 4580 2439 4633 Oi
2470 4578 2584 4648 γὰρ
2611 4573 2867 4637 ἐναντίως
2895 4570 3273 4642 σφαλλόμενοι,
3294 4567 3383 4640 κτῷ
3440 4567 3575 4649 rupi};
3633 4566 3744 4635 τὴν

464 4671 640 4741 σάρκα
666 4671 998 4740 συγκρίνειν,
1047 4676 1172 4728 ὅσον
1219 4675 1281 4728 τὸ
1321 4674 1408 4730 ἐπ’
1457 4678 1662 4745 αὐτοῖς,
1702 4679 1766 4732 τὸ
1808 4680 2074 4752 πατρικὸν
2108 4680 2328 4747 ἀξίωμα
2355 4671 2703 4744 καθαιροῦσι.
2749 4688 2766 4720 ι

534 4759 625 4816 Ha:
674 4761 899 4831 quidem
945 4773 1079 4819 sunt
1111 4765 1262 4821 illius
1297 4767 1462 4840 847
1515 4785 1695 4841 nugae.
1730 4768 2040 4827 Videndum

460 4867 594 4908 vero
624 4868 734 4924 quo
777 4862 938 4922 pacto
984 4856 1103 4911 suis
1137 4858 1256 4928 ipse
1287 4861 1472 4916 verbis
1511 4877 1578 4916 ne
1605 4864 1787 4918 sciens
1818 4864 2039 4933 quidem

466 4954 688 5016 pugnet.
735 4944 949 5001 Laudat
986 4950 1135 5003 enim
1188 4948 1409 5016 Filium,
1465 4962 1525 5008 ut
1567 4955 1662 5023 qui
1712 4955 1935 5025 dignam
1981 4971 2041 5010 sc

465 5036 865 5106 gratitudinem
897 5047 951 5095 et
980 5041 1295 5111 aequitatem
1328 5046 1651 5109 servaverit,
1689 5061 1816 5100 cum
1852 5045 1991 5100 dixit
2024 5064 2037 5100 :

334 5122 365 5139 ”
454 5148 490 5181 .‹
526 5128 688 5185 Pater
717 5129 895 5199 major
920 5148 1007 5188 me
1037 5142 1158 5198 est;
1197 5151 1217 5183 ι
1248 5135 1344 5188 sed
1373 5138 1543 5191 miror
1569 5138 1663 5207 qui
1693 5153 1802 5192 non
1828 5137 1893 5191 in
1923 5137 2045 5190 aui-

465 5236 616 5277 mum
652 5221 800 5285 istud
830 5221 1129 5279 induxerit.
1167 5224 1310 5291 Quid
1345 5228 1513 5294 enim,
1540 5245 1750 5299 quaeso,
1773 5245 1897 5285 eum
1929 5227 2047 5283 adi-

465 5313 630 5383 gebat
654 5319 713 5366 ut
740 5312 810 5368 do
838 5315 1129 5373 divinitate
1158 5334 1257 5374 sua
1294 5336 1441 5374 nunc
1474 5323 1638 5377 verba
1670 5322 1895 5388 faceret,
1920 5336 2047 5376 cum

2212 4767 2384 4821 Tauri
2403 4765 2499 4837 μὲν
2547 4764 2759 4817 ἐκείνου
2807 4759 2879 4815 τὰ
2905 4756 3116 4826 ὐθλώδη
3147 4757 3460 4829 ληρήματα.
3509 4756 3746 4806 Διασκε-

2141 4858 2303 4913 πτέον
2331 4858 2386 4933 δὲ
2412 4857 2562 4919 ὅπως
2594 4855 2747 4908 οὐδὲν
2782 4853 2959 4907 εἰδότα
3003 4851 3266 4921 δείξωμεν
3312 4851 3397 4903 ὅτι
3428 4849 3542 4909 τοῖς
3579 4846 3742 4908 ἰδίοις

2138 4948 2303 5011 αὐτὸς
2337 4948 2571 5018 μάχεται
2605 4945 2807 5014 λόγοις.
2840 4942 3186 5013 Ἀποδέχεται
3207 4941 3305 5010 μὲν
3336 4939 3444 5012 γὰρ
3468 4939 3561 4993 τὸν
3580 4937 3740 5000 Υἰὸν,

2140 5040 2216 5105 ὡς
2236 5040 2336 5110 τὴν
2355 5038 2505 5110 αὐτῷ
2529 5022 2847 5109 πρέπουσαν
2864 5035 3286 5105 εὐγνωμοσύνην
3304 5032 3741 5102 διατηρήσαντα,

2141 5133 2219 5203 τῷ
2246 5134 2421 5186 εἰπεῖν
2440 5148 2454 5163 ο
2482 5150 2501 5183 ι
2539 5132 2596 5184 '0
2626 5131 2819 5200 Πατὴρ
2849 5129 3051 5200 μείζων
3088 5143 3188 5198 μου
3226 5126 3363 5179 ἐστί.
3411 5144 3430 5175 ι
3461 5123 3747 5191 Θαυμάζω

2142 5225 2198 5278 δὲ
2226 5226 2373 5288 ὅπως
2402 5223 2525 5276 οὐδὲ
2588 5225 2766 5276 ἐκεῖνο
2809 5222 2950 5299 κατὰ
2986 5220 3113 5274 νοῦν
3150 5216 3475 5283 εἰσεδέξατο.
3511 5215 3577 5268 Τί
3620 5214 3746 5285 γὰρ

2144 5311 2212 5388 ἦν
2235 5315 2372 5378 ὅλως
2406 5315 2467 5369 τὸ
2491 5313 2780 5368 ἁναπεῖθον
2810 5312 2971 5365 αὐτὸν
3006 5308 3284 5377 θεολογίας
3320 5304 3562 5376 ἅψασθαι
3595 5303 3743 5369 νυνὶ,

468 5417 635 5463 nemo
663 5418 837 5460 sanus
866 5422 1108 5477 unquam
1144 5418 1362 5481 tempus
1413 5412 1668 5481 loquendi
1702 5412 2036 5483 faciendique

2149 5407 2328 5462 καίτοι
2353 5404 2413 5459 τὸ
2446 5404 2639 5476 καιρὸν
2667 5404 2864 5458 εἰδέναι
2894 5403 2989 5456 τὸν
3026 5401 3309 5471 πρέποντα
3342 5397 3436 5450 καὶ
3456 5394 3744 5465 λόγουκαὶ

472 5501 844 5566 opportunum
879 5500 1025 5555 scire
1076 5503 1417 5574 neglexerit?
1445 5505 1608 5571 Quid,
1645 5507 2036 5578 ittqttum,0ptt£

2149 5498 2477 5572 πράγματος
2512 5498 2612 5552 οὐκ
2641 5500 2698 5553 ὲν
2721 5497 2793 5568 τῷ
2828 5495 3017 5569 μηδενὶ
3061 5494 3181 5565 θείη
3211 5492 3292 5557 τίς
3323 5490 3411 5556 ἂν,
3448 5489 3501 5544 εί
3536 5506 3600 5560 γε
3630 5505 3751 5542 σω-

549 5670 592 5705 “
620 5669 858 5743 Philipp.
887 5687 955 5742 ιι,
982 5673 1037 5727 6.
