4042 6204
381 242 492 298 ’517

1446 250 1516 308 ΙΝ
1551 250 1842 310 JOANNIS
1876 244 2332 318 EVANGEIJUM
2364 263 2494 322 LIB.
2538 266 2603 320 Χ.

3530 279 3643 337 518

380 357 645 455 φρονοίης
686 358 753 413 Τί
778 356 872 414 οὖν
903 361 1010 417 ἔδει
1051 364 1152 437 τῆς
1190 364 1362 431 οὕτως
1412 368 1644 441 ἀκαίρου
1685 369 1952 439 θεολογίας

2067 383 2187 445 erat
2216 374 2601 448 intempestiva
2639 380 2731 435 illa
2757 381 2983 441 deitatis
3018 384 3390 447 declaratione
3423 395 3647 455 mutatis

380 447 705 518 ἀνιωμένοις
728 453 843 516 τοῖς
900 453 1188 526 μαθηταῖς,
1235 457 1466 531 ἐπείπερ
1502 459 1729 531 ἔμελλεν
1758 462 1962 533 ἀποδη-

382 542 504 608 μεῖν
532 539 642 594 ἀπὸ
660 541 866 611 κόσμου
919 546 1056 616 πρὸς
1089 548 1181 602 τὸν
1210 550 1428 623 Πατέρα
1468 553 1561 607 καὶ
1582 552 1715 606 θεόν
1740 571 1756 620 ;
1800 555 1962 625 Ποῖον

368 632 492 701 ,γὰρ
518 630 587 684 ἂν
610 631 845 686 ἐποίσειε
865 638 1219 707 παραμυθίας
1244 640 1443 709 τρόπον
1467 641 1649 706 αὐτοῖς
1683 641 1744 696 τὸ
1775 645 1959 713 πρᾶγ-

384 739 460 793 μα
487 722 652 791 τυχόν
680 738 695 789 ;
746 724 889 778 ’AvO‘
915 726 1037 780 ὅτου
1074 727 1119 781 δ’
1145 729 1282 794 ὅλως
1319 734 1602 805 μονονουχὶ
1636 736 1730 789 καὶ
1767 753 1960 791 καταια

380 814 561 867 τιᾶται
621 813 830 883 λέγων’
869 835 890 869 ι
925 818 990 872 Et
1036 821 1288 890 ἠγαπᾶτὲ
1346 840 1435 894 με,
1482 825 1714 898 ἐχάρητε
1768 827 1834 882 ἂν
1878 829 1961 883 ὅτι

380 905 686 977 πορεύομαι
738 909 879 980 πρὸς
937 910 1031 964 τὸν
1077 913 1317 984 Πατέρα,
1353 916 1433 971 ὅτι
1471 919 1499 970 6
1541 916 1728 990 Πατὴρ
1760 918 1962 989 μείζων

381 1014 486 1067 μου
517 997 703 1067 ἑστίν;
737 1018 757 1050 ι
791 995 940 1072 ’Ἄρα
977 1001 1109 1075 γὰρ,
1148 1006 1272 1061 είπὲ
1313 1024 1424 1078 μοι,
1457 1009 1764 1063 διακεῖσθαι
1801 1010 1962 1064 τοῦτο

379 1089 517 1159 πρὸς
567 1089 840 1163 θυμηδίαν
886 1095 1062 1149 ἐποίει
1113 1097 1239 1163 τοὺς
1293 1099 1560 1171 μαθητάς,
1593 1102 1626 1172 ἦ
1663 1101 1764 1173 τῆς
1816 1100 1960 1157 οῦτω

378 1178 633 1248 φιλοθέου
661 1179 839 1253 λύπης
883 1183 1248 1254 ἀπήλλαττεν,
1280 1188 1363 1241 ὅτι
1408 1188 1545 1261 πρὸς
1597 1190 1690 1244 τὸν
1736 1189 1961 1262 μείζονα

377 1272 600 1345 Πατέρα
641 1275 969 1346 πορεύεταις
1021 1274 1156 1335 Εἶτα
1213 1280 1365 1335 ποῖον
1416 1257 1622 1338 κατίδοι
1649 1257 1834 1349 τις-έν
1868 1283 1960 1337 τὸν

373 1363 481 1433 τῆς
510 1367 862 1437 παραμυθίας
910 1368 970 1422 ὲν
994 1358 1170 1442 τούτῳ
1190 1373 1431 1443 τρόπον;
1472 1374 1664 1429 Καίτοι
1691 1374 1958 1428 ⁴ιιιλίπαιτου

378 1457 479 1525 μὲν
500 1457 762 1527 ἐρομένου
783 1459 881 1513 καὶ
912 1460 1164 1530 λέγοντος
1185 1480 1201 1495 ο
1231 1482 1250 1515 ι
1296 1463 1491 1538 Κύριε,
1519 1465 1691 1531 δεῖξον
1712 1467 1844 1538 ἡμῖν
1866 1468 1960 1520 τὸν

375 1550 623 1622 Πατέρα,
675 1552 771 1605 καί¹
830 1548 993 1626 ἀρκεῖ
1030 1554 1182 1626 ἡμῖν,
1221 1575 1239 1607 ι
1276 1556 1398 1609 τότε
1433 1557 1520 1628 δὴ,
1559 1558 1681 1610 τότε
1711 1560 1807 1612 καὶ
1838 1557 1959 1613 λίαν

372 1642 667 1716 εὐκαίρως,
690 1643 785 1699 ἅτε
814 1643 877 1717 δὴ
910 1648 1006 1701 καὶ
1033 1647 1128 1701 τοῦ
1156 1647 1257 1716 τῆς
1295 1634 1573 1719 θεολοεῖίας
1607 1648 1960 1720 ἐνεστηκότος

373 1732 590 1804 καιροῦ,
620 1733 712 1788 τὸν
768 1736 993 1808 Πατέρα
1052 1739 1151 1810 μὲν
1195 1741 1254 1792 tv
1286 1739 1465 1811 ἑαυτῷ
1501 1741 1736 1805 δεικνὺς,
1765 1741 1957 1795 ἑαυτὸν

368 1823 416 1876 δ’
455 1821 523 1879 αὖ
562 1827 722 1884 πάλιν
755 1826 813 1881 tv
838 1828 917 1900 τῷ
949 1828 1148 1900 Πατρὶ,
1180 1830 1275 1884 καὶ
1296 1833 1377 1886 ὅτι
1403 1832 1524 1887 κατ’
1552 1831 1702 1886 οὐδὲν
1717 1831 1958 1889 ἐλάττων

370 1914 524 1969 ἐστὶν
551 1917 742 1982 αὑτοῦ,
803 1918 870 1990 τῇ
921 1919 977 1974 δὲ
1033 1920 1175 1975 κατά
1220 1924 1330 1977 πᾶν
1366 1923 1573 1994 ἰσότητι
1616 1921 1953 1995 διαπρεπὴς,

371 2007 581 2076 ἔφασκε
612 2026 625 2043 ν
656 2028 675 2062 ι
696 2011 949 2083 Τοσούτῳ
980 2013 1159 2085 χρόνῳ
1196 2014 1322 2084 μεθ’
1369 2015 1523 2087 ὑμῶν
1567 2018 1707 2085 είμι,
1742 2017 1836 2070 καὶ
1857 2018 1957 2071 οὐκ

369 2101 622 2167 ἔγνωκάς
644 2119 733 2173 με,
772 2103 1046 2171 Φίλιππε;
1084 2105 1141 2158 '0
1165 2104 1426 2176 ἑωρακὼς
1470 2107 1591 2177 ἐμὲ,
1620 2104 1832 2178 ἑώρακε
1865 2106 1957 2160 τὸν

368 2193 611 2266 Πατέρα.
652 2195 727 2248 Οὐ
765 2196 1042 2261 πιστεύεις
1085 2197 1166 2251 ὅτι
1208 2197 1318 2266 ἐγὼ
1355 2199 1413 2250 ἐν
1447 2196 1525 2266 τῷ
1563 2199 1756 2269 Πατρὶ,
1790 2199 1884 2253 καὶ
1927 2201 1956 2253 6

318 2282 331 2287 ”
367 2283 560 2356 Πατὴρ
581 2286 639 2338 tv
672 2285 795 2356 ἐμοί
825 2287 1009 2352 tactv;
1045 2286 1188 2357 Ἐγὼ
1220 2287 1313 2341 καὶ
1342 2286 1370 2339 6
1405 2287 1594 2361 Πατὴρ
1624 2289 1684 2341 ἓν
1708 2290 1896 2358 ἐσμεν.
1930 2307 1950 2341 ι

382 2376 541 2430 Ἀλλά
596 2377 719 2431 τότε
778 2378 878 2448 μὲν
914 2378 1186 2450 εὐκαίρως
1258 2378 1350 2432 τὸν
1403 2380 1496 2432 ἐπὶ
1554 2378 1765 2443 τούτοις
1823 2380 1955 2451 ἡμῖν

368 2465 675 2536 ἐξυφαίνων
706 2466 863 2536 λόγον
886 2468 1111 2534 είκότως
1145 2468 1516 2541 ἐθαυμάζετοο
1551 2470 1668 2524 νυνὶ
1705 2469 1762 2523 δὲ
1801 2473 1955 2525 ποῖον

368 2555 491 2627 ἔχει
510 2556 573 2610 τὸ
592 2560 819 2630 πρᾶγμα
850 2542 1064 2632 καιρὸν,
1102 2560 1135 2633 ἢ
1171 2564 1323 2614 ποῖον
1359 2561 1830 2628 ὄλως⁹ὲπιδέξεται
1860 2562 1951 2617 λο-

366 2646 592 2719 γῐσμὸν,
621 2651 654 2724 ἢ
679 2648 966 2723 βούλεσθαι
1000 2654 1099 2725 μὲν
1131 2652 1230 2726 τὴν
1257 2654 1313 2707 ὲν
1342 2656 1457 2717 τοῖς
1481 2653 1754 2727 μαθηταῖς
1782 2673 1951 2711 καταο

367 2743 554 2813 ραῖσαι
582 2740 779 2814 λύπην,
811 2744 1077 2815 φάρμακα
1093 2745 1150 2798 δὲ
1170 2743 1359 2819 ὥσπερ
1384 2745 1743 2817 παραμυθίας
1769 2749 1954 2814 αὐτοῖς

364 2838 623 2898 ἐπινοεῖν,
656 2838 718 2890 τδ
756 2837 1010 2903 ἐπιτάξαι
1061 2838 1295 2910 χαίρειν,
1344 2838 1428 2891 ὅτι
1477 2838 1771 2911 πορεύεται
1813 2842 1952 2915 πρὸς

360 2920 465 2980 τὸν
488 2928 741 3000 Πατέρα;
768 2923 896 3001 Ἆρ’
942 2924 1035 2984 οὖν
1059 2931 1161 2984 οὐκ
1215 2930 1282 2984 ἂν
1321 2930 1534 2999 γένοιτο
1564 2932 1659 2984 καὶ
1686 2933 1801 2997 τοῖς
1829 2933 1951 2988 λίαν

2067 464 2382 537 discipulis,
2412 487 2479 527 ex
2516 488 2581 526 eo
2609 474 2757 543 quod
2786 475 2854 530 ad
2889 475 3108 532 Patrem
3144 493 3210 534 ac
3247 479 3414 537 Deum
3443 500 3508 540 ex
3536 486 3646 542 hoc

2069 559 2277 614 mundo
2326 569 2473 617 esset
2522 564 2811 621 abiturus?
2837 568 3012 634 Quam
3062 569 3210 625 enim
3247 574 3646 632 consolationis

2067 651 2333 708 rationem
2366 654 2418 710 id
2444 656 2526 712 eis
2555 659 2876 715 attulisset?
2899 659 3074 727 Quam
3105 670 3292 718 autem
3321 665 3394 719 ob
3417 679 3643 721 causam

2068 743 2466 813 propemodum
2499 761 2595 803 eos
2647 758 2896 817 accusat,
2925 751 3157 809 dicens:
3189 773 3206 806 ι
3240 755 3296 809 Si
3337 755 3646 826 diligeretis
3690 782 3695 791 ι

2066 849 2176 899 me,
2208 836 2526 906 gauderetis
2566 840 2758 910 utique
2787 843 2917 913 quia
2948 844 3090 902 vado
3122 846 3191 901 ad
3226 845 3442 902 Patrem
3469 868 3483 903 :
3511 849 3642 919 quia

2036 920 2229 1019 Pater
2262 928 2439 1019 major
2466 945 2553 985 me
2580 931 2701 987 est?
2729 952 2749 985 ι
2795 933 3055 1007 Nunquid
3085 937 3233 993 enim
3256 937 3428 1019 istud,
3447 941 3642 996 amabo

2066 1019 2140 1079 te,
2175 1013 2483 1086 discipulos
2532 1034 2789 1077 recreare
2819 1033 2915 1079 aut
2951 1032 3062 1079 tam
3095 1026 3247 1096 pium
3279 1013 3471 1082 eorum
3505 1043 3640 1085 mte-

2066 1120 2246 1161 rorem
2293 1105 2491 1164 sedare
2542 1119 2784 1180 poterat,
2818 1115 2965 1185 quod
3011 1116 3077 1171 ad
3120 1116 3384 1187 majorem
3425 1117 3642 1175 Patrem

2064 1197 2470 1267 proﬁciscitur?
2493 1201 2671 1269 Quam
2703 1206 3028 1262 consolandi
3063 1208 3329 1265 rationem
3365 1209 3454 1264 hic
3486 1210 3644 1280 quis-

2061 1304 2230 1359 quam
2274 1293 2708 1362 reperiet?Nam
2744 1312 2870 1352 cum
2906 1296 3193 1371 Philippus
3229 1317 3354 1357 eum
3394 1302 3642 1371 compel-

2063 1382 2202 1437 laret
2232 1400 2247 1439 :
2286 1403 2305 1435 ι
2343 1382 2594 1455 Domine,
2616 1390 2848 1446 ostende
2892 1391 3053 1448 nobis
3090 1391 3328 1461 Patrem,
3362 1403 3418 1450 et
3444 1395 3645 1451 sulIicit

2061 1474 2251 1542 nobis;
2291 1494 2310 1527 ι
2350 1483 2483 1534 tunc
2533 1480 2843 1550 opportune
2894 1484 3214 1549 admodum,
3262 1488 3467 1557 quippe
3513 1502 3639 1544 cum
3680 1528 3687 1533 .

2061 1565 2375 1624 divinitatis
2437 1569 2789 1629 declaranda:
2846 1585 3064 1646 tempus
3112 1577 3370 1648 instaret,
3420 1579 3639 1638 Patrem

2061 1660 2280 1729 quidem
2319 1661 2374 1716 in
2408 1662 2595 1732 seipso
2640 1665 2964 1734 ostendens,
2991 1678 3040 1723 et
3067 1670 3311 1740 seipsum
3345 1687 3543 1729 rursus
3583 1673 3642 1728 in

2070 1712 2129 1729 ,Γ
2408 1712 2587 1732 --τη
2644 1712 2964 1734 _-_----_-...,,
2992 1712 3040 1723 υ,
3067 1712 3311 1740 -...,.-.....
3348 1712 3543 1729 ...ηπ-ο

1994 1712 2034 1767 Β
2063 1746 2243 1813 Patre,
2268 1758 2323 1805 et
2370 1751 2519 1805 nulla
2560 1752 2616 1808 in
2663 1770 2723 1810 re
2764 1770 2824 1810 se
2857 1771 2925 1811 eo
2973 1758 3282 1824 minorem,
3321 1761 3419 1816 sed
3463 1763 3645 1816 omni-

2061 1842 2223 1895 moda
2279 1842 2602 1914 aequalitate
2652 1848 3052 1918 conspicuum,
3100 1851 3337 1908 aiebat:
3395 1869 3416 1904 ι
3466 1854 3644 1910 Tanto

2061 1940 2307 2003 tempore
2367 1935 2649 1992 vobiscum
2708 1955 2854 2004 sum,
2899 1952 2954 1996 et
3008 1958 3118 1998 non
3174 1945 3483 2014 cognovisti
3533 1960 3642 2010 me,

2056 2020 2351 2095 Philippe?
2377 2024 2481 2092 Qui
2509 2027 2658 2082 videt
2689 2044 2796 2093 me,
2828 2030 2975 2086 videt
3001 2040 3055 2087 et
3080 2030 3324 2089 Patrem.
3370 2033 3491 2089 Non
3522 2050 3644 2090 cre-

2057 2114 2145 2170 dis
2173 2118 2300 2186 quia
2329 2133 2430 2188 ego
2468 2118 2524 2173 in
2561 2118 2742 2188 Patre,
2773 2128 2829 2176 et
2860 2121 3025 2177 Pater
3063 2124 3118 2178 in
3156 2141 3245 2181 me
3270 2126 3398 2181 est?
3433 2125 3547 2197 Ego
3587 2132 3644 2180 et

2057 2209 2219 2265 Pater
2251 2222 2420 2265 unum
2452 2227 2666 2269 sumus.
2710 2233 2728 2267 ι
2767 2212 2972 2270 Verum
3005 2223 3138 2272 tunc
3175 2225 3487 2289 opportune
3517 2218 3643 2289 qui,-

2057 2301 2181 2356 dem
2217 2301 2286 2357 de
2322 2302 2409 2358 his
2431 2305 2597 2359 verba
2641 2304 2855 2362 faciens
2883 2306 3237 2364 admirationi
3274 2318 3397 2365 erat
3438 2327 3453 2363 :
3487 2324 3637 2364 nunc
3693 2296 3696 2305 ’

2056 2403 2239 2449 autem
2268 2410 2434 2466 quam
2463 2406 2777 2466 opportune
2815 2398 2962 2454 istud
3006 2398 3229 2464 dicitur,
3261 2410 3356 2455 aut
3385 2401 3513 2471 quid
3550 2415 3647 2456 ra-

2054 2487 2223 2542 tionis
2241 2487 2428 2552 habet,
2446 2488 2732 2543 tristitiam
2749 2489 3154 2560 discipulorum
3191 2492 3368 2548 lenire
3401 2493 3562 2557 velle,
3585 2500 3645 2546 ct

2054 2579 2489 2634 consolatoriam
2529 2580 2806 2649 quoddam
2843 2582 2924 2636 eis
2953 2582 3309 2651 pharmacnm
3351 2583 3639 2644 adhibere.

2054 2670 2202 2727 dum'
2233 2669 2472 2741 gaudere
2523 2671 2811 2741 jubentur,
2864 2674 2993 2745 quia
3048 2676 3198 2729 vadit
3252 2675 3319 2728 ad
3381 2674 3650 2729 Patrem?

2053 2761 2313 2831 Nunquid
2349 2776 2479 2833 ergo
2508 2761 2741 2820 rudibus
2780 2779 2846 2821 ac
2884 2764 3157 2835 imperitis
3199 2766 3282 2821 vel
3314 2781 3382 2822 ex
3424 2767 3542 2836 ipsa
3582 2780 3647 2831 re

2053 2853 2265 2925 liquido
2298 2861 2448 2924 patet
2479 2854 2651 2924 quod,
2700 2869 2828 2910 cum
2881 2856 2951 2912 ad
3004 2872 3161 2913 suam
3225 2857 3423 2914 reverti
3475 2858 3643 2915 vellet

2053 2944 2282 3020 gloriam
2316 2959 2443 2998 cum
2480 2942 2669 3008 Patre,
2722 2960 2845 3001 eam
2898 2946 2971 3002 ob
3017 2963 3135 3002 rem
3191 2947 3550 3018 diligentibus
3581 2964 3646 3004 se

361 3018 613 3089 ἀνοήτοις
661 3020 939 3091 συμφανὲς
996 3020 1064 3073 δι’
1113 3021 1278 3075 αὑτοῦ
1326 3021 1422 3075 τοῦ
1457 3021 1815 3093 πράγματος,
1872 3025 1949 3091 ὡς

2050 3018 2293 3106 gaudere
2314 3032 2509 3103 jussit,
2545 3031 2694 3089 hunc
2725 3030 2906 3104 ipsum
2941 3050 3105 3106 porro
3134 3052 3260 3091 cum
3291 3038 3418 3094 aliis
3442 3053 3642 3093 conso-

362 3109 597 3181 ἐπείπερ
651 3112 732 3175 είς
779 3113 878 3183 τὴν
932 3112 1069 3166 ἰδίαν
1118 3108 1276 3178 αὖθις
1313 3111 1750 3184 παλινδρομῆσαι
1782 3115 1941 3183 δόξαν

2050 3121 2274 3177 latiouis
2308 3120 2532 3176 modum
2564 3123 2816 3192 excogita
2827 3122 2928 3177 ns?

363 3202 508 3275 μετά
541 3203 757 3275 Πατρδς
809 3204 1088 3289 ἠπείγετο,
1123 3205 1333 3278 χαίρειν
1383 3204 1475 3258 ἐπὶ
1537 3204 1713 3279 τούτῳ
1746 3212 1857 3276 τοῖς
1913 3215 2076 3269 αὑτὸν
2108 3213 2367 3285 ἀγαπῶσι
2433 3212 2787 3277 διεκελεύετο,
2834 3213 3164 3283 ἀξιάγαστον
3232 3212 3396 3299 αὐτὸς
3456 3214 3640 3279 αὐτοῖς

360 3292 765 3366 παρακλήσεως
794 3297 891 3353 καὶ
915 3297 1105 3352 τοῦτον
1137 3296 1279 3369 μετά
1309 3298 1418 3353 τῶν
1449 3297 1626 3355 ἀλλων
1649 3303 1946 3377 ἐπινοήσας
1981 3310 2075 3364 τὸν
2111 3309 2352 3380 τρόπον;

447 3385 608 3441 Ἆλλά
662 3389 984 3457 παρήσομεν
1036 3389 1196 3444 τοῦτο
1244 3394 1382 3460 νυνὶ,
1430 3396 1528 3453 καὶ⁹
1577 3398 1700 3460 ταῖς
1739 3396 1952 3450 ἐκείνου

358 3476 815 3548 φρενοδλαόείαις
844 3477 905 3530 οὐ
967 3478 1136 3544 πολὺς
1173 3482 1519 3553 ὲγκείσομαι.
1570 3483 1717 3555 Φημὶ
1751 3484 1807 3538 δὲ
1842 3484 1954 3538 δεῖν

355 3569 451 3623 ἐπ’
506 3570 689 3624 ἐκεῖνα
743 3569 944 3640 μᾶλλον
988 3571 1200 3626 ὲλθεῖνο
1258 3574 1414 3648 ᾠήθη
1445 3576 1553 3648 γὰρ
1586 3577 1716 3641 ίσως
1738 3580 1805 3648 τῇ
1849 3577 1951 3647 τῆς

358 3659 616 3732 θεότητος
658 3660 819 3728 φύσει
877 3660 976 3733 τὴν
1011 3662 1191 3738 σάρκα
1230 3667 1644 3738 συγκρίνοντας,
1689 3668 1950 3740 ἀνόνητον

356 3752 559 3824 κομιδῇ
590 3752 862 3808 ποιεῖσθαι
896 3753 997 3827 τὴν
1056 3755 1427 3824 ἀντεξέτασιν,
1463 3760 1553 3813 ὅτε
1613 3761 1949 3816 κεκενῶσθαι

356 3844 593 3916 λέγομεν
619 3844 711 3899 τὸν
736 3845 890 3911 Υίδν,
948 3846 1136 3919 ἐπειδὴ
1172 3850 1397 3917 γέγονεν
1439 3851 1745 3923 ἄνθρωπος.
1789 3854 1947 3923 Ἔχει

355 3936 416 3990 δὲ
442 3937 542 4008 οὐχ
560 3936 723 4002 οὕτω,
752 3937 918 3992 πόθεν
946 3955 961 4005 ;
988 3939 1262 3994 οίκετικοῦ
1312 3939 1369 3997 δὲ
1405 3940 1608 4011 μέτρου
1646 3941 1741 3996 καὶ
1760 3941 1946 3996 δουλο-

359 4028 608 4100 πρεποῦς
632 4028 942 4102 ἀξιώματος
962 4030 1061 4100 τὴν
1091 4030 1243 4085 θείαν
1289 4030 1539 4101 λέγοντες
1577 4032 1757 4097 δόξαν,
1777 4033 1947 4103 ἠλατο

354 4121 567 4175 τῶσθαί
593 4138 776 4191 φαμεν
825 4122 921 4176 τοῦ
964 4122 1178 4195 Πατρὸς
1224 4122 1316 4177 τὸν
1356 4124 1504 4188 Υίδν,
1552 4123 1686 4178 καθὸ
1719 4124 1946 4194 γέγονεν

354 4213 665 4284 ἄνθρωπος,
689 4216 1137 4288 ἀποκαταστῆσαί
1170 4235 1234 4288 γε
1274 4219 1381 4290 μὴν
1411 4221 1492 4283 είς
1523 4219 1585 4273 τὸ
1605 4214 1749 4274 εἶναι
1780 4221 1946 4276 πάλιν

357 4308 417 4359 tv
449 4306 551 4377 ίσῳ
586 4307 667 4379 τῷ
704 4308 957 4377 φύσαντι,
1015 4310 1158 4381 μετά
1204 4311 1304 4383 τὴν
1332 4311 1581 4367 ἐντεῦθεν
1608 4313 1944 4386 ἀποδημίαν,

356 4399 419 4452 οὗ
448 4398 663 4470 καινὴν,
697 4400 731 4469 ἧ
754 4402 1066 4473 ἐπίκτητον,
1107 4403 1230 4456 οὐδὲ
1268 4402 1413 4474 ἀήθη
1447 4403 1605 4469 δόξαν
1633 4405 1946 4476 ἠμφιεσμέ-

356 4508 469 4553 νον,
501 4491 619 4545 at):
652 4493 710 4545 tv
732 4493 918 4566 ἐκείνῃ
958 4494 1212 4564 γεγονότα
1263 4495 1426 4549 πάλιν
1482 4497 1543 4550 tv
1583 4488 1729 4569 ᾗπερ
1776 4490 1845 4565 ἦν
1885 4497 1945 4549 tv
1989 4544 2000 4558 ,

2130 3396 2330 3473 Verum
2400 3394 2507 3451 ista
2561 3408 2714 3448 nunc
2774 3391 3116 3459 omittemus,
3153 3408 3255 3449 nec
3299 3393 3450 3451 illius
3490 3395 3641 3450 insa-

2050 3492 2198 3546 niam
2256 3488 2492 3543 multum
2531 3486 2873 3559 urgebimus.
2909 3485 2993 3540 Ad
3029 3485 3162 3541 illud
3199 3487 3383 3557 potius
3409 3487 3637 3543 venien-

2049 3582 2181 3637 dum
2215 3594 2439 3645 censeo,
2473 3579 2619 3651 quod
2669 3580 2888 3650 putavit
2934 3594 3134 3636 vanam
3174 3595 3300 3635 esse
3342 3595 3636 3650 compara-

2046 3679 2250 3730 tionem
2282 3690 2388 3744 qua
2419 3673 2641 3728 deitatis
2672 3680 2884 3728 natura:
2921 3688 3055 3728 caro
3094 3666 3483 3743 comparatur,
3503 3689 3627 3727 cum
3718 3720 3727 3725 -

2046 3766 2389 3821 exinanitum
2411 3780 2537 3822 esse
2564 3763 2762 3819 Filium
2795 3763 3058 3830 dicimus,
3089 3762 3310 3835 quando
3335 3763 3513 3819 factus
3542 3774 3628 3820 est

2043 3854 2227 3912 homo.
2253 3854 2456 3911 Verum
2496 3871 2601 3910 non
2629 3858 2699 3910 ita
2719 3854 2888 3927 848
2917 3871 3007 3911 res
3032 3866 3154 3911 est:
3181 3854 3328 3910 absit
3354 3855 3366 3907 ι
3397 3855 3492 3910 sed
3517 3871 3632 3909 ser-

2042 3947 2170 4001 vilis
2195 3943 2534 4000 conditionis
2551 3959 2616 3998 ac
2635 3942 2928 4012 dignitatis
2962 3942 3208 3997 divinam
3241 3940 3474 4011 gloriam
3503 3957 3628 3994 cum

2042 4036 2306 4099 dicimus,
2330 4036 2596 4090 minorem
2631 4049 2759 4089 esse
2787 4033 2950 4089 Patre
2980 4030 3180 4089 Filimn
3213 4033 3540 4096 asscrimus,
3577 4034 3633 4087 in

2042 4136 2309 4201 quantum
2333 4125 2516 4182 factus
2545 4135 2627 4182 est
2651 4126 2835 4187 homo,
2854 4133 3037 4180 tamen
3059 4125 3116 4180 in
3135 4123 3317 4180 Patris
3343 4125 3632 4196 aequalita-

2043 4229 2154 4275 tem
2217 4219 2537 4274 restitutum
2593 4231 2741 4279 esse,
2787 4224 3078 4285 postquam
3122 4215 3256 4270 hinc
3320 4216 3387 4269 ad
3459 4216 3631 4271 coclos

2045 4310 2315 4375 ascendit,
2345 4327 2454 4364 non
2488 4323 2650 4374 nova,
2672 4323 2855 4379 neque
2878 4306 3204 4374 adventitia,
3238 4323 3342 4363 nec
3364 4308 3629 4362 inusitata
3688 4322 3699 4332 '

2042 4402 2217 4470 gloria
2237 4392 2520 4465 vestitum,
2539 4399 2633 4457 sed
2660 4401 2751 4475 illa
2776 4400 2959 4455 denuo
2984 4399 3258 4455 fruentem
3291 4399 3346 4454 in
3372 4414 3478 4469 qua
3511 4407 3631 4457 erat

2041 4494 2200 4550 initio
2236 4510 2360 4550 cum
2393 4493 2581 4549 Patre.
2615 4492 2773 4548 Unde
2802 4490 3010 4547 Paulus
3052 4491 3248 4547 doctor
3279 4492 3372 4547 ille
3405 4490 3637 4557 divinus

356 4584 499 4656 ἀρχῇ
534 4585 672 4655 μετά
705 4585 801 4639 τοῦ
853 4586 1083 4658 Πατρός.
1114 4587 1223 4641 Καὶ
1247 4586 1377 4656 γοῦν
1397 4589 1426 4640 6
1463 4587 1749 4653 θεσπέσιος
1777 4606 1943 4662 μυστ·

2050 4588 2464 4645 convenientem
2523 4585 2847 4641 hominibus
2882 4583 3251 4639 humilitatem
3288 4600 3397 4639 non
3432 4584 3544 4654 jam
3577 4585 3638 4652 ei

355 4678 608 4747 αγωγὸς,
646 4681 789 4749 φημὶ
817 4678 875 4733 δὲ
916 4680 1008 4734 τὸν
1056 4676 1267 4733 Παῦλον
1287 4719 1302 4743 ,
1331 4681 1431 4751 τὴν
1471 4680 1790 4749 πρέπουσαν
1831 4683 1947 4745 τοῖς

2050 4690 2169 4751 pust
2209 4679 2675 4735 resurrectionem
2711 4693 2741 4732 a
2785 4677 3023 4733 mortuis
3057 4686 3112 4733 et
3142 4676 3198 4733 in
3225 4676 3396 4739 cenios
3430 4691 3637 4735 ascena

350 4768 662 4840 ἀνθρώποις
697 4769 1029 4823 ταπείνωσιν
1056 4769 1241 4824 ούκέτι
1282 4770 1585 4843 περιτιθεὶς
1621 4771 1772 4844 αὐτῷ
1804 4772 1945 4843 μετά

2050 4775 2254 4828 sionem
2314 4771 2648 4834 attribuens,
2702 4770 2895 4828 scribit
2955 4771 3011 4825 in
3062 4768 3178 4823 haec
3230 4769 3395 4825 verba
3448 4788 3461 4823 :
3509 4789 3528 4820 ‹
3571 4768 3637 4837 Si

352 4861 451 4931 τήν
504 4863 572 4915 ἑκ
623 4862 834 4935 νεκρῶν
885 4864 1184 4919 ἀναϐίωσιν
1229 4866 1324 4919 καὶ
1375 4865 1477 4936 τὴν
1532 4866 1721 4920 ἄνοδον
1740 4867 1838 4941 τὴν
1863 4867 1944 4931 εἰς

2050 4865 2185 4916 mum
2240 4861 2604 4932 cognovimus
2650 4859 2958 4916 secundum
3019 4873 3244 4916 carnem
3305 4857 3588 4913 Christum
3609 4874 3647 4927 ξε.

347 4952 638 5022 οὐρανοὺς,
667 4953 970 5008 ἐπιστέλλει
1017 4954 1194 5023 λέγων
1217 4974 1233 4986 ·
1268 4973 1286 5006 ι
1320 4956 1384 5008 Εἰ
1412 4956 1521 5028 γὰρ
1559 4956 1656 5011 καὶ
1695 4955 1941 5024 ἐγνώκα-

2050 4953 2135 5009 sed
2168 4967 2319 5009 nunc
2345 4953 2457 5023 jam
2488 4969 2598 5008 non
2638 4953 2901 5010 novimus
2932 4952 2999 5008 ".
3036 4972 3056 5005 ι
3083 4950 3308 5018 Rursus
3339 4963 3522 5005 autem
3560 4950 3640 5007 de

351 5060 455 5112 μεν
484 5044 628 5097 κατά
652 5045 831 5116 σάρκα
869 5046 1127 5115 Χριστὸν,
1153 5046 1291 5102 ἀλλά
1321 5046 1417 5101 νῦν
1457 5048 1644 5103 οὐκέτι
1670 5048 1938 5117 γινώσκο-

350 5146 474 5199 μεν.
519 5150 539 5183 ι
575 5132 711 5203 Περὶ
735 5133 793 5187 δὲ
831 5135 1027 5188 ἑαυτοῦ
1075 5134 1238 5190 πάλιν
1265 5157 1277 5168 ·
1322 5155 1340 5189 ι
1372 5136 1588 5201 Παῦλος
1639 5138 1940 5204 ἀπόστολος

359 5221 539 5285 Ἰησοῦ
556 5224 815 5295 Χριστοῦ,
828 5226 927 5280 οὐκ
945 5228 1040 5281 ἀπ’
1060 5228 1385 5299 ἀνθρώπων,
1402 5230 1521 5284 οὐδὲ
1539 5230 1606 5284 δι’
1619 5230 1936 5303 ἀνθρώπου,

343 5314 483 5369 ἀλλὰ
528 5315 624 5370 διὰ
654 5317 829 5389 Ἰησοῦ
862 5318 1121 5391 Χριστοῦ.
1157 5338 1174 5369 ι
1208 5321 1403 5375 Καίτοι
1450 5320 1503 5374 τί
1534 5321 1735 5392 δήποτε
1773 5320 1937 5375 πάλιν

343 5405 509 5465 αὑτὸν
538 5408 675 5478 πρὸς
701 5410 848 5480 ἡμᾶς
872 5409 1161 5480 ἀφίξεσθαι
1176 5410 1352 5481 λέγων
1375 5410 1934 5483 μετασχηματιοῦντα

340 5500 405 5561 τὸ
428 5499 594 5572 σῶμα
624 5500 722 5570 τῆς
746 5501 1128 5567 ταπεινώσεως
1159 5504 1315 5575 ημῶν
1360 5503 1684 5575 σύμμορφον
1715 5502 1794 5573 τῷ
1826 5502 1930 5556 σώ-

2036 5046 2225 5116 seipso
2259 5063 2271 5100 :
2311 5064 2328 5095 ι
2371 5043 2580 5100 Paulus
2625 5045 2928 5116 Apostolus
2962 5043 3092 5100 Jesu
3148 5043 3376 5113 Christi,
3412 5057 3522 5097 non
3559 5056 3627 5096 ex

2034 5134 2384 5200 hominibus,
2422 5153 2602 5208 neque
2647 5154 2748 5210 per
2802 5138 3106 5202 hominem,
3147 5138 3245 5194 sed
3292 5151 3389 5200 per
3435 5134 3631 5203 Iesum

2036 5229 2323 5286 Christum
2359 5231 2427 5284 ⁸⁸.
2477 5248 2495 5281 ι
2534 5228 2605 5285 At
2647 5246 2749 5286 cur
2787 5246 2912 5285 cum
2936 5246 3061 5285 eum
3094 5227 3162 5282 ad
3200 5244 3299 5283 nos
3331 5235 3624 5282 venturum

2034 5322 2266 5387 diceret,
2312 5331 2370 5377 ut
2398 5337 2605 5393 corpus
2646 5323 2976 5377 humilitatis
3010 5329 3216 5376 nostra:
3253 5318 3624 5390 coniiguraret

2033 5415 2255 5485 corpori
2286 5414 2475 5485 gloria:
2504 5426 2620 5470 sua“.
2655 5414 2721 5479 ⁸ο,
2761 5423 2923 5485 negat
2966 5413 3152 5474 modo,
3181 5412 3377 5468 dicens
3411 5427 3472 5467 se
3508 5426 3619 5465 non

2033 5506 2104 5559 ah
2135 5505 2477 5572 horninibus,
2504 5520 2684 5576 neque
2709 5520 2804 5576 per
2835 5503 3136 5568 hominem,
3171 5503 3264 5560 sed
3307 5517 3403 5573 per
3432 5498 3623 5557 Jesum

409 5680 456 5715 "
497 5679 543 5735 ll
577 5680 704 5741 Cor.
740 5699 794 5747 γ,
836 5682 917 5738 l6.
997 5683 1039 5715 ⁸⁸
1076 5680 1254 5745 Galat.
1312 5697 1366 5751 ι,
1411 5682 1456 5738 l.
1539 5684 1583 5717 ⁸³
1619 5678 1855 5753 Philipp.
1892 5696 1950 5736 ιιι
1977 5723 1991 5749 ,
2025 5680 2113 5737 21.
