4042 6204
422 280 531 342 319

1451 290 1508 346 s.
1548 285 1825 346 CYRlLLl
1864 266 2340 341 Aﬁsxauomm
2376 284 2697 343 ARCHIEP.

3578 288 3693 344 3‘20

422 374 708 457 Christum
756 402 994 460 electum
1051 403 1224 463 fuisse
1288 405 1342 461 in
1412 406 1827 477 apostolatum?
1860 404 2003 472 Quid

2112 418 2242 470 ματι
2270 401 2370 471 τῆς
2391 400 2549 471 δόξης
2578 400 2767 464 αὐτοῦ,
2798 399 2892 455 νῦν
2918 401 3225 472 ἐξαρνεῖται
3262 390 3437 470 λέγων
3466 400 3568 458 οὐκ
3592 404 3689 459 ἀπ’

425 502 631 560 autem,
668 511 876 566 quzeso,
905 513 1029 553 eum
1066 514 1176 552 non
1229 513 1396 553 nosse
1428 498 1736 552 secundum
1780 512 2007 552 carnem

426 588 540 642 uit?
578 586 874 659 Nunquid,
923 591 1126 646 amabo
1175 599 1247 653 te,
1284 590 1574 645 Dominum
1635 590 1859 660 negavit
1914 591 2006 661 qui

423 690 545 731 eam
599 677 864 732 redemit?
889 678 1035 734 absit
1074 681 1087 734 l
1129 688 1278 734 recte
1326 680 1473 734 cutim
1531 681 1698 751 sapit.
1758 679 2009 735 Perfecto

425 770 630 839 quippe
676 778 731 824 et
765 770 833 824 ad
880 770 1090 825 exitum
1143 772 1411 842 perducto
1460 782 1708 843 tempore
1755 774 2011 829 exinani-

425 857 599 912 tionis
627 858 743 913 sive
771 857 1174 936 humi’liationis
1210 859 1511 933 Unigeniti,
1535 879 1643 919 non
1674 879 1738 919 ex
1764 879 1831 920 eo
1862 864 2011 936 quod

427 946 744 1001 cxiuanitus
773 948 1041 1013 cernitur,
1076 949 1170 1004 sed
1209 965 1276 1005 ex
1309 966 1377 1006 eo
1412 953 1595 1019 potius
1623 954 1770 1023 quod
1805 968 2009 1009 secun-

430 1037 558 1091 dum
591 1045 842 1091 naturam
872 1047 958 1093 est
1010 1038 1177 1107 Dens,
1201 1040 1502 1111 praedicare
1540 1043 1719 1113 ipsum
1751 1052 1808 1099 ct
1838 1059 2013 1114 agno-

346 1116 357 1121 ’
431 1143 588 1184 scere
644 1130 859 1185 nititur.
915 1130 1195 1189 Concessa
1249 1134 1397 1188 enim
1455 1144 1510 1189 et
1566 1136 1811 1191 admisso
1863 1136 2013 1207 quod

431 1218 596 1274 homo
629 1219 808 1278 factus
845 1223 938 1288 sit,
969 1224 1115 1279 illud
1139 1224 1360 1279 demum
1397 1225 1579 1280 doccri
1613 1226 1799 1283 fideles
1845 1243 2012 1299 opor-

364 1316 367 1319 ‘
431 1312 604 1377 tebat,
646 1310 819 1367 Deum
876 1329 1096 1384 quoque
1147 1330 1272 1371 esse
1328 1318 1635 1373 secundum
1696 1328 2008 1377 naturam:

432 1403 674 1473 ideoque
716 1403 926 1460 divinis
978 1407 1163 1476 potius
1215 1408 1284 1463 de
1333 1423 1399 1464 eo
1450 1410 1807 1468 sermonibus
1845 1428 2011 1484 quam

431 1492 559 1548 aliis
586 1495 913 1550 oblectatur.
954 1495 1125 1552 Miror
1160 1506 1345 1554 autem
1390 1515 1503 1568 quo
1531 1512 1692 1571 pacto
1721 1517 1846 1558 nom
1879 1519 2012 1562 eru-

428 1584 641 1648 bescat,
670 1586 862 1643 dicens
887 1588 1055 1659 quod,
1088 1605 1213 1645 cum
1246 1591 1367 1646 sola
1411 1593 1753 1664 homogenea
1774 1610 2013 1666 compa-

431 1676 703 1732 rationem
737 1678 885 1734 inter
918 1695 979 1735 se
1023 1682 1353 1751 suscipiant,
1380 1685 1533 1754 ipsos
1577 1685 1740 1740 fateri
1782 1701 2012 1745 necesse

432 1766 504 1819 sit
551 1765 771 1822 Patrem
820 1770 1098 1842 Unigeniti
1154 1772 1361 1829 deitate
1401 1775 1666 1846 majorem
1710 1778 2007 1837 exsistere.

430 1856 554 1910 Non
586 1861 753 1915 sentit
776 1861 946 1928 enim,
981 1873 1040 1920 ut
1067 1865 1305 1933 videtur,
1343 1883 1442 1924 sua
1478 1883 1552 1943 se,
1577 1869 1745 1925 verba
1794 1886 2012 1929 armare

434 1949 497 2004 in-
534 1952 798 2022 seipsum.
826 1955 1178 2028 Respondeat
1205 1962 1349 2016 enim
1382 1962 1734 2017 commodum
1766 1965 1818 2019 id
1853 1966 2013 2022 nobis

433 2043 849 2104 sciscitantibus
876 2067 891 2104 ι
921 2049 1036 2106 Illae
1078 2053 1545 2126 homogeneorum
1575 2058 1721 2112 inter
1751 2072 1813 2114 se
1854 2074 2013 2114 com-

433 2138 748 2208 parationes
776 2142 1109 2213 quibusnam
1134 2163 1201 2203 ex
1230 2150 1392 2205 rebus
1432 2152 1858 2208 convenientius
1886 2168 2013 2223 per-

431 2231 706 2299 aguntur?
731 2234 811 2288 An
848 2251 915 2291 ex
970 2236 1039 2294 iis
1089 2254 1210 2308 qua:
1268 2248 1398 2295 sunt
1438 2240 1598 2309 juxta
1650 2257 2010 2299 communem

432 2328 645 2376 naturae
679 2324 984 2413 rationem?
1015 2344 1084 2383 an
1112 2345 1179 2385 ex
1218 2331 1285 2387 iis
1314 2347 1435 2402 qua:
1462 2331 1627 2388 habet
1659 2337 2015 2406 unumquod-

432 2426 539 2480 que
587 2429 778 2470 eorum
831 2434 954 2489 quae
1014 2421 1219 2476 adsunt
1269 2431 1324 2479 et
1380 2425 1616 2488 absunt,
1674 2427 2014 2484 inexsistunt

431 2512 487 2558 et
518 2519 629 2560 non
667 2507 1004 2565 inexsistunt
1037 2512 1224 2580 justas
1256 2514 1329 2569 ob
1368 2516 1602 2571 causas?
1626 2516 1792 2573 Verbi
1836 2521 2014 2590 gratia

435 2597 601 2665 (idem
640 2601 786 2655 enim
838 2606 1147 2674 exemplum
1208 2605 1430 2662 alteram
1470 2609 1619 2678 quod
1673 2611 1794 2682 ipse
1847 2613 2013 2669 nobis

434 2692 708 2761 protulit),
733 2695 777 2749 si
809 2696 934 2765 quis
958 2696 1234 2753 hominem
1270 2700 1481 2756 homini
1514 2717 1839 2771 comparare
1861 2707 2010 2772 velit,

434 2782 514 2837 ad
539 2798 702 2838 unam
734 2793 790 2840 et
818 2801 1168 2845 communem
1202 2793 1524 2848 substantia:
1544 2793 1711 2866 849
1744 2797 2012 2853 rationem

437 2872 763 2942 respiciens,
807 2875 1014 2930 nullam
1065 2878 1122 2933 in
1173 2888 1408 2951 utroque
1460 2884 1698 2951 reperiet
1751 2885 2016 2942 differen-

436 2964 591 3019 tiam.
615 2964 726 3021 Nec
763 2968 909 3023 enim
952 2969 1117 3027 homo
1146 2972 1332 3028 dill'ert
1366 2975 1435 3029 ab
1468 2974 1712 3039 homine.
1739 2988 2014 3048 quatenus

434 3065 520 3112 est
564 3057 768 3112 animal
808 3061 1038 3115 rationis
1075 3077 1340 3131 compos,
1375 3067 1628 3136 mortale,
1669 3068 2013 3139 intelligendi

436 3156 492 3202 et
519 3150 729 3209 sciendi
763 3167 935 3223 capax
971 3154 1131 3210 κικιξο
1181 3156 1328 3233 enim
1376 3158 1430 3214 in
1467 3160 1730 3217 omnibus
1778 3178 1886 3216 una
1927 3171 2017 3219 est

436 3243 613 3310 ipsius
638 3244 962 3301 substantia:
983 3246 1262 3315 deﬁnitio;
1289 3250 1385 3305 sed
1416 3267 1520 3306 nec
1549 3267 1729 3322 equus
1757 3254 1826 3309 ab
1846 3270 2012 3325 equo,

436 3350 543 3410 qua
575 3335 840 3393 nimirum
870 3345 955 3393 est
989 3355 1202 3411 equus;
1232 3341 1326 3397 sed
1363 3343 1645 3400 hominem
1690 3346 1759 3401 ab
1793 3347 2019 3405 homine

436 3428 658 3484 «litierre
681 3429 919 3485 dicimus
948 3433 1097 3501 quod
1123 3433 1214 3487 bic
1243 3436 1690 3503 grammaticam,
1709 3439 1859 3493 verbi
1894 3454 2016 3508 ετο-

438 3523 534 3582 tia,
579 3522 798 3585 calleat,
848 3522 943 3576 ille
993 3538 1104 3578 non
1159 3525 1310 3584 item.
1345 3533 1443 3579 aut
1497 3528 1679 3584 modis
1737 3530 2018 3600 aliquibus

438 3614 582 3670 aliis.
614 3614 778 3683 Atqui
819 3612 934 3669 hac
970 3628 1080 3668 non
1112 3617 1387 3685 attingunt
1417 3619 1803 3683 substantiam,
1827 3639 2015 3677 verum

437 3703 601 3756 aliam
635 3702 819 3773 potius
854 3718 1081 3758 causam
1115 3713 1276 3759 nacta
1307 3705 1590 3760 videntur.
1617 3706 1721 3761 Sed
1753 3716 1808 3763 et
1839 3726 2016 3780 equus

435 3811 580 3863 equo
609 3795 849 3852 velocior
878 3805 982 3850 est.
1015 3802 1110 3849 aut
1143 3810 1377 3865 corpore
1427 3798 1628 3865 minor,
1670 3808 1764 3855 aut
1800 3801 2014 3873 major;

437 3895 816 3942 verumtamen
866 3888 983 3944 haec
1023 3886 1076 3942 in
1130 3889 1348 3944 ratione
1377 3890 1707 3947 substantia;
1738 3892 1846 3947 sita
1894 3910 2019 3952 esse

438 3993 547 4033 non
583 3978 1252 4049 comperiemus.Alioqui
1284 3980 1431 4035 enim
1464 3996 1585 4050 qua:
1617 3981 1760 4038 inter
1793 3999 1854 4038 se
1882 3999 2019 4039 con-

438 4068 693 4125 feruntur
723 4070 885 4129 nullo.
902 4072 1066 4128 modo
1102 4073 1339 4128 invicem
1389 4073 1694 4129 differrent.
1727 4075 2017 4142 Quomodo

435 4164 583 4217 «irim
625 4163 810 4228 homo,
844 4164 998 4220 verbi
1028 4165 1227 4236 gratia.
1259 4167 1440 4221 minor
1469 4176 1562 4222 aut
1591 4168 1766 4239 major
1794 4168 2019 4225 homine

437 4259 545 4312 alio
577 4259 1009 4324 censeretur,_in
1050 4268 1323 4330 quantum
1367 4270 1495 4318 sunt
1546 4261 1839 4316 homines?
1868 4261 2017 4329 Quaa

437 4359 662 4420 propter
702 4351 755 4404 in
791 4351 1053 4407 omnibus
1086 4352 1445 4423 bomogencis
1474 4353 1709 4424 aequalia
1742 4362 1877 4408 sunt
1920 4370 2017 4408 na-

439 4440 673 4506 turalia;
713 4440 935 4497 diversa
982 4451 1164 4495 autem
1218 4441 1577 4512 reperiuntur
1629 4456 1753 4512 qum
1807 4441 2016 4497 inexsi-

440 4541 613 4594 stunt,
637 4542 696 4591 et
718 4531 1023 4591 secundum
1049 4531 1356 4589 accidentis
1377 4532 1645 4586 rationem
1670 4532 2031 4589 extrinsecus.

438 4621 761 4693 adveniunt.
793 4621 991 4691 igitur,
1026 4636 1151 4674 cum
1203 4621 1367 4691 juxta.
1404 4620 1554 4703 illius
1583 4621 2015 4690 propositionem

438 4722 534 4766 aut
580 4711 909 4766 sententiam
949 4711 1103 4781 (huic
1140 4712 1287 4767 enim
1322 4710 1623 4780 insistam).
1646 4710 1786 4765 ,sola
1823 4710 2016 4766 homo—

438 4817 608 4876 genea
637 4801 1108 4871 comparationem
1143 4802 1286 4856 inter
1321 4816 1380 4856 se
1409 4800 1634 4872 proprie
1678 4801 2013 4870 suscipiant,

434 4894 676 4966 primum
732 4891 970 4948 fateatur
1000 4890 1203 4950 Filium
1239 4893 1486 4962 ejusdem
1535 4907 1662 4949 esse
1690 4906 1815 4946 cum
1855 4891 2017 4948 Patre

437 4987 674 5059 generis,
700 4984 755 5040 id
790 4993 877 5041 est
908 4985 1436 5041 consubstantialem
1467 4985 1572 5055 (sic
1603 4984 1748 5042 enim
1785 4984 2017 5054 capien-

437 5084 566 5139 dum
618 5090 703 5138 est
756 5082 1156 5152 bomogeneum
1192 5098 1205 5134 :
1247 5080 1531 5135 hominem
1595 5080 1742 5135 enim
1806 5079 2057 5138 bomini‘

436 5173 747 5244 comparari
778 5172 981 5229 debere
1010 5170 1196 5227 fassus
1222 5178 1328 5234 est,
1351 5179 1405 5225 et
1433 5185 1635 5241 equum
1666 5170 1854 5242 equo),
1880 5185 2016 5224 cau-

438 5282 666 5336 samque
710 5266 932 5322 tandem
971 5262 1284 5324 doceat.'ob
1319 5277 1486 5333 quam
1519 5260 1712 5323 Filius.
1745 5262 1839 5332 qui
1884 5277 2009 5317 cum

440 5355 549 5411 Deo
603 5370 668 5410 ac
724 5355 885 5411 Patre
930 5361 1306 5426 comparatur,
1348 5360 1542 5425 utpote
1586 5352 1833 5421 ejusdem
1882 5368 2010 5407 cum

437 5445 559 5521 ipso
608 5446 850 5516 generis,
880 5446 1073 5517 aliqua.
1115 5462 1189 5502 ex
1231 5455 1388 5516 parte
1420 5444 1601 5499 minor
1636 5445 1726 5501 sit.
1773 5443 2006 5500 Ubinam

436 5546 617 5595 autem
649 5537 914 5592 minorem
953 5552 1078 5593 esse
1108 5538 1531 5606 comperiemus.
1560 5551 1684 5590 cum
1727 5535 1782 5590 in
1820 5536 2012 5590 homo-

436 5633 626 5703 geneis
659 5645 766 5686 una
790 5630 863 5686 sit
893 5629 1146 5685 deﬁnitio
1171 5626 1711 5685 substantircﬂlatio
1738 5626 1884 5681 cnim
1916 5641 2016 5685 cu.—

435 5726 635 5797 jusquc
666 5722 991 5783 substantia:
1032 5722 1087 5778 in
1127 5720 1456 5794 quibusdam
1500 5720 1766 5792 perfecta,
1802 5718 1856 5774 in
1891 5717 2019 5773 aliis

2109 491 2434 563 ἀνθρώπων,
2473 492 2596 546 οὐδὲ
2639 492 2706 546 δι’
2744 491 3056 564 ἀνθρώπου,
3109 495 3286 549 καίτοι
3337 508 3689 567 προκεχειρι-

2112 584 2311 655 σμένος
2358 586 2440 648 είς
2479 584 2784 655 ἀποστολὴν
2823 584 2911 638 διὰ
2969 585 3145 656 Ἰησοῦ
3201 583 3477 655 Χριστοῦ;
3520 585 3586 639 Τί
3629 587 3689 641 δὲ

2110 675 2244 739 ὅλως
2309 675 2473 728 αὐτὸν
2514 675 2616 729 οὐκ
2670 674 2868 728 εἰδέναι
2912 675 3055 729 κατά
3105 675 3285 747 σάρκα
3322 664 3525 747 (metu;
3560 673 3687 749 Ἆρ’

2110 762 2224 833 οὖν,
2274 766 2398 820 εἰπέ
2431 783 2542 837 μοι,
2579 765 2670 819 τὸν
2696 766 3041 837 ἀγοράσαντα
3072 767 3242 837 αὐτὴν
3274 767 3553 839 Δεσπότην
3586 771 3690 841 {)9-

2110 860 2352 931 vﬁsaro;
2383 858 2458 930 μὴ
2488 857 2696 926 γένοιτο
2717 874 2730 887 ·
2761 861 2977 931 φρονεῖν
3003 859 3111 931 γὰρ
3158 857 3354 932 ὀρθῶς.
3399 859 3693 914 Τετελειω-

2115 952 2275 1023 μένου
2287 952 2395 1023 7&9
2440 951 2542 1023 ἥδη
2586 951 2679 1005 καὶ
2698 952 2778 1014 είς
2804 950 2977 1022 πέρας
3000 951 3226 1021 ἥκοντος
3256 951 3350 1005 τοῦ
3380 950 3570 1023 καιροῦ
3598 952 3692 1005 ἐπὶ

2111 1045 2209 1114 τῆς
2241 1045 2540 1116 νοουμένης
2569 1043 2646 1115 τῷ
2684 1045 2982 1112 Μονογενεί
3028 1043 3329 1109 κενώσεως,
3356 1045 3476 1117 ἦτοι
3498 1062 3692 1099 ταπει-

2112 1134 2353 1200 νώσεως,
2394 1137 2495 1192 οὐκ
2524 1136 2582 1201 ἐξ
2632 1129 2707 1189 ὧν
2745 1137 2939 1208 ὁρᾶται
2976 1137 3372 1207 κεκενωμένος,
3404 1136 3601 1207 μᾶλλον
3633 1136 3690 1190 δὲ

2113 1227 2173 1293 ἐξ
2193 1220 2268 1282 ὧν
2289 1229 2405 1281 ἐστι
2436 1229 2578 1282 κατὰ
2612 1228 2773 1298 φύσιν
2816 1229 2970 1297 Θεὸς,
3002 1229 3384 1301 διακηρύττειν
3431 1245 3493 1281 τε
3529 1229 3694 1282 αὐτδν⁴

2114 1322 2208 1375 καὶ.
2229 1321 2610 1389 ἐπιγινώσκειν
2658 1323 2954 1393 ἐπείγεται.
3009 1322 3351 1386 Γνωσθέντος
3396 1323 3504 1394 7&9
3544 1322 3698 1391 am:

2114 1413 2209 1467 καὶ
2231 1412 2661 1486 παραδεχθέντος
2694 1413 2789 1467 τοῦ
2829 1414 2910 1467 ὅτι
2953 1412 3176 1482 γέγονεν
3222 1411 3528 1484 ἄνθρωπος,
3585 1412 3699 1466 ἔδει

2113 1503 2298 1558 λοιπὸν
2344 1506 2520 1558 ἐκεῖνο
2569 1504 3078 1568 διδάσκεσθαι,ταύς
3112 1503 3563 1567 πεπιστευκότας,
3610 1504 3701 1558 ὅτε

2114 1595 2209 1663 καὶ
2258 1594 2390 1658 Θεὸς
2431 1595 2571 1649 κατά
2628 1594 2790 1664 φύσιν
2832 1594 3017 1658 ἐστὶν,
3043 1593 3132 1647 διὰ
3168 1592 3554 1664 τοῦτομᾶλλον
3582 1597 3697 1658 τοῖς

2097 1685 2448 1771 ⁹θεοπρεπέσι
2472 1687 2601 1759 περὶ
2623 1684 2788 1740 αὐτοῦ
2811 1684 3072 1754 λόγοις.ἦ
3108 1687 3221 1748 τοῖς
3267 1683 3474 1756 ἑτέροις
3505 1684 3696 1755 ἐφήδε-

2115 1796 2225 1833 ται.
2264 1775 2544 1850 Θαυμάζω
2580 1776 2637 1830 δὲ
2693 1778 2842 1841 ὅπως
2896 1777 2996 1830 οὐκ
3054 1776 3302 1847 ἐρυθριᾷ,
3361 1776 3555 1845 λέγων,
3617 1777 3696 1842 ὡς

2113 1869 2344 1939 ἐπείπερ
2368 1869 2502 1941 μόνα
2528 1869 2596 1924 τά
2626 1870 2863 1940 ὁμογενῆ
2887 1867 2984 1939 τὴν
3007 1867 3143 1937 πρὸς
3172 1867 3376 1937 ἄλληλα
3404 1868 3693 1940 σύγκρισιν

2114 1962 2446 2032 ἐπιδέχεται,
2468 1960 2683 2032 ἀνάγκη
2715 1960 2912 2023 αὐτοὺς
2944 1958 3297 2030 ὁμολογῆσαι,
3340 1959 3478 2013 ὁτιὸ
3504 1959 3694 2031 Πατὴρ

2118 2052 2321 2124 μείζων
2359 2053 2458 2124 τῆς
2502 2052 2595 2106 τοῦ
2621 2050 2958 2120 Μονογενοῦς
2991 2049 3246 2121 θεότητος
3291 2049 3548 2122 ὑπάρχει.
3578 2051 3695 2105 Οὐκ

2116 2144 2431 2199 αἰσθάνεται
2446 2144 2578 2216 γὰρ,
2606 2144 2682 2207 ὡς
2714 2143 2882 2207 εἰκὸς,
2906 2142 2997 2197 τὸν
3026 2143 3226 2198 οίκείον
3263 2143 3440 2214 ἐαυτῷ
3482 2142 3695 2210 ἐξοπλίο

2117 2253 2216 2301 σας
2243 2237 2419 2305 λόγον.
2453 2235 2674 2305 Λεγέτω
2702 2233 2812 2305 7&9
2851 2235 2986 2305 ήμῖν
3033 2236 3209 2287 ἐκεῖνο
3236 2235 3522 2307 χρησίμως
3571 2236 3693 2308 Epi-

2117 2326 2242 2381 σθαι
2295 2326 2638 2397 βούλομένοις
2661 2341 2674 2355 ·
2725 2325 2789 2377 Δί
2830 2323 2966 2395 πρὸς
3014 2322 3226 2394 ἄλληλα
3279 2322 3386 2377 τῶν
3435 2323 3696 2392 ὁμοειδῶν

2118 2416 2433 2487 συγκρίσεις
2475 2414 2582 2469 ἀπὸ
2638 2412 2808 2466 ποίων
2869 2410 3067 2483 μᾶλλον
3112 2410 3441 2465 ἐπιτελοῖντο
3476 2428 3697 2481 πρεπω-

2114 2509 2402 2580 δέστερονς
2437 2502 2565 2578 *Αρζ
2599 2506 2658 2572 ἐξ
2683 2497 2757 2559 ὧν
2789 2506 2916 2569 είσι,
2950 2503 3091 2558 κατά
3132 2521 3196 2574 γε
3233 2502 3324 2556 τὸν
3345 2503 3444 2573 τῆς
3476 2502 3693 2572 φύσεως

2116 2600 2295 2654 κοινὸν
2326 2598 2503 2668 λόγον,
2526 2597 2559 2670 ἢ
2584 2597 2642 2664 ἐξ
2689 2589 2764 2651 ὧν
2795 2595 3026 2650 ἕκαστον
3063 2593 3177 2665 ἔχει
3209 2593 3317 2647 τῶν
3340 2595 3439 2648 ὃσα
3460 2592 3695 2664 προσγίὲ

2116 2691 2265 2748 νεταί
2308 2708 2369 2743 τε
2420 2691 2512 2744 καὶ
2572 2687 2926 2758 ἀπογίνεται,
2992 2686 3284 2756 ἐνυπάρχει
3344 2701 3405 2737 τε
3451 2684 3545 2739 καὶ
3593 2684 3697 2739 οὐκ

2116 2781 2436 2853 ἐνυπάρχει,
2460 2780 2532 2834 δι’
2561 2780 2742 2843 αίτίας
2789 2778 3082 2846 εὐλόγους;
3116 2771 3242 2829 Οίον
3278 2775 3335 2829 δὲ
3382 2774 3445 2846 δή
3476 2774 3529 2828 τί
3551 2791 3700 2845 φημι

2118 2874 2466 2946 (παραθήσω
2515 2871 2625 2944 7&9
2687 2872 2864 2925 ἐκεῖνο
2912 2869 3092 2923 λαϐὼν
3142 2869 3280 2938 ὅπερ
3338 2868 3499 2932 αὐτὸς
3557 2870 3694 2939 ήμῖν

2118 2966 2497 3037 είσκεκόμικεν
2547 2965 2626 3026 εἰς
2686 2959 3131 3032 παραδείγματος
3177 2958 3375 3029 λόγον),
3407 2959 3460 3012 εί
3482 2974 3569 3022 τις
3600 2959 3695 3012 ἀν-

2044 3076 2085 3134 c
2119 3057 2322 3132 θρώπῳ
2353 3058 2443 3111 τὸν
2467 3054 2753 3125 ἄνθρωπον
2805 3052 3059 3123 ἐθελήσαι
3108 3050 3439 3121 συγκρίνειν,
3476 3050 3556 3113 είς
3595 3049 3696 3129 μέν

2119 3152 2211 3205 τὸν
2237 3151 2333 3203 ἕνα
2365 3147 2460 3204 καί⁵
2522 3146 2699 3202 κοινὸν
2749 3145 2849 3216 τῆς
2912 3143 3101 3208 οὐσίας
3158 3141 3471 3212 ἀποϐλέψας
3515 3141 3693 3208 λόγον,

2118 3241 2376 3312 οὐδεμίαν
2409 3238 2496 3293 ἐπ’
2538 3239 2742 3308 ἀμφοῖν
2792 3234 2943 3305 εὖροι
2976 3234 3260 3305 διαφοράν.
3291 3233 3428 3287 υύδὲ
3467 3234 3576 3305 7&9
3600 3233 3695 3287 ἄν·

2119 3331 2334 3404 θρωπος
2366 3328 2651 3396 ἀνθρώπου
2676 3327 2863 3382 διοίσει
2902 3326 3035 3379 ποτὲ
3062 3328 3202 3380 κατά
3222 3343 3285 3395 γε
3310 3324 3372 3379 τὸ
3396 3320 3532 3405 εἶναι
3556 3324 3696 3388 ζῶον

2118 3422 2353 3492 λογικὸν,
2383 3420 2596 3491 θνητὸν,
2630 3418 2721 3472 νοῦ
2763 3418 2857 3471 καὶ
2889 3418 3199 3489 ἐπιστήμης
3231 3417 3501 3472 δεκτικόν.
3529 3411 3697 3479 Οὗτος

2119 3517 2228 3588 7&9
2270 3516 2326 3568 ἐν
2364 3512 2565 3567 ἅπασιν
2610 3505 2691 3574 εἷς
2735 3528 2794 3563 τε
2838 3493 3154 3581 τῆςόὐσίας
3182 3510 3352 3580 αὐτῆς
3398 3509 3542 3580 ὄρος·
3579 3507 3695 3560 ἀλλ’

2118 3604 2225 3659 οὐδ’
2259 3605 2422 3668 ἵππος
2452 3602 2643 3667 ἵππου,
2673 3601 2792 3654 κατ’
2823 3599 2954 3654 αὐτό
2981 3616 3045 3668 γε
3070 3599 3230 3653 τοῦτο
3261 3599 3322 3652 τὸ
3359 3599 3525 3663 ἵππος
3555 3594 3701 3653 εἷναί

2120 3715 2283 3768 φημι.
2317 3695 2606 3767 Διαφέρειν
2642 3693 2700 3747 δὲ
2741 3691 3025 3764 ἄνθρωπον
3070 3690 3356 3760 ἀνθρώπου
3385 3729 3401 3752 ,
3450 3688 3574 3743 καθ’
3599 3690 3699 3759 ἦν·

2118 3807 2242 3846 τινα
2276 3772 2380 3842 οὖν
2398 3786 2731 3857 ἐπιστήμην,
2752 3777 2863 3838 οἷον
2888 3781 3303 3854 γραμματικήν,
3353 3780 3387 3853 ἥ
3433 3781 3528 3835 καὶ
3575 3780 3698 3833 καθ’

2120 3881 2340 3953 ἐτέρους
2367 3879 2519 3945 τινάς
2549 3877 2851 3931 τοιουτουσὶ
2893 3877 3151 3947 τρόπους.
3206 3875 3365 3928 Ἀλλὰ
3399 3875 3570 3928 ταῦτα
3598 3874 3700 3945 μὲν

2118 3970 2219 4041 οὐχ
2238 3969 2436 4039 ἅψεται
2468 3968 2568 4039 τῆς
2592 3965 2800 4030 οὐσίας,
2840 3963 3021 4017 αἰτίαν
3045 3962 3103 4017 δέ
3155 3962 3355 4034 μᾶλλον
3383 3963 3573 4033 ἑτέραν
3597 3962 3702 4017 λα-

2120 4063 2283 4135 χόντα
2308 4059 2581 4130 φαίνεται.
2623 4056 2781 4131 Ἀλλὰ
2809 4056 2904 4109 καὶ
2956 4056 3123 4118 ἵππος
3160 4054 3259 4126 μὲν
3286 4054 3453 4108 ἵππου
3511 4052 3700 4124 δρομι-

2120 4155 2380 4225 κώτερος,
2413 4153 2449 4224 ἢ
2488 4149 2630 4204 κατὰ
2673 4148 2833 4219 σῶμα
2879 4146 3048 4219 μείων
3093 4147 3127 4217 ἦ
3178 4144 3703 4218 περιλιπηθέστεροςΓ

2124 4246 2235 4320 [γρ.
2265 4238 2759 4316 περιλιπέστερος],
2790 4238 2928 4309 πλὴν
2949 4237 3046 4308 τὴν
3064 4238 3121 4291 ἐν
3147 4236 3359 4302 τούτοις
3387 4234 3700 4299 πλεονεξίαν

2120 4338 2239 4409 ἢτοι
2268 4336 2369 4406 τὴν
2400 4333 2695 4388 ἐλάττωσιν
2718 4331 2820 4383 οὐκ
2852 4331 2910 4382 ἐν
2949 4328 3060 4400 ὅρῳ
3088 4328 3348 4399 κειμένην
3374 4326 3452 4397 τῷ
3480 4325 3583 4396 τῆς
3601 4325 3699 4378 οὐ-

2048 4409 2242 4493 θσίας
2285 4429 2618 4499 εὑρήσομεν·
2655 4423 2689 4495 ἢ
2723 4422 2833 4494 7&9
2873 4422 2940 4477 ἂν
2983 4422 3103 4476 κατ’
3143 4419 3297 4474 οὐδὲν
3340 4418 3583 4489 ἀλλήλων
3614 4418 3699 4469 δι-

2114 4524 2311 4594 ήνεγκε
2329 4520 2398 4573 τὰ
2418 4520 2498 4581 είς
2518 4517 2803 4588 σύγκρισιν
2823 4514 3183 4570 ἀναϐαίνοντα
3198 4512 3297 4584 τὴν
3318 4512 3450 4583 πρὸς
3470 4510 3696 4581 ἄλληλα.

2114 4615 2300 4669 Μείων
2338 4611 2448 4683 7&9
2470 4608 2754 4681 ἄνθρωπος
2781 4607 3074 4678 ἀνθρώπου
3113 4606 3274 4676 τυχὸν
3299 4605 3465 4674 ήγουν
3489 4604 3551 4656 τὸ
3578 4605 3700 4669 μεῖο

2116 4706 2207 4772 ζον
2232 4706 2394 4776 έχων,
2438 4702 2680 4773 καθόπερ
2741 4701 2877 4754 είλσὶν
2934 4698 3236 4771 ἂνθρωποι,
3284 4696 3402 4761 πῶς
3453 4695 3519 4749 ἂν
3560 4695 3702 4760 ὅλως

2116 4800 2287 4851 νοοῖτο
2318 4795 2413 4850 καὶ
2444 4794 2657 4862 λέγοιτο
2680 4811 2695 4858 ;
2722 4790 2953 4858 (ὶύκοῢν,
2992 4792 3051 4844 ἐν
3093 4788 3194 4860 ἴσῳ
3223 4788 3406 4861 μέτρῳ
3432 4789 3564 4841 πᾶσι
3586 4788 3703 4850 τοῖς

2114 4888 2382 4960 ὁμοειδέσι
2406 4887 2477 4941 τά
2504 4885 2729 4956 φυσικὰ,
2768 4885 3003 4957 διάφορα
3036 4883 3092 4938 δὲ
3117 4883 3185 4938 τὰ
3208 4882 3397 4936 ἐνόντα
3425 4879 3700 4949 φαίνεται,

2072 4989 2079 4994 “
2115 4981 2210 5035 καὶ
2260 4980 2404 5033 κατὰ
2451 4978 2544 5031 τὸν
2596 4975 2695 5031 τοῦ
2728 4974 3138 5046 συμϐεϐηκότος
3182 4971 3382 5040 ἔξωθεν
3402 4969 3700 5039 ἐγκείμενα

2113 5073 2292 5142 λόγον.
2324 5070 2556 5136 Οὐκοῦν,
2580 5069 2877 5140 ἐπειδήπερ
2904 5066 3045 5121 κατά
3074 5067 3173 5137 τὴν
3190 5064 3401 5119 ἐκείνου
3434 5063 3701 5135 πρότασιν

2113 5165 2231 5236 ἢτοι
2256 5163 2438 5235 φωνὴν
2458 5148 2487 5233 Δ(
2508 5160 2803 5232 ἀνθέξομαι
2827 5159 2939 5232 7&9
2966 5156 3160 5229 αὐτῆς)
3190 5157 3326 5228 μόνα
3357 5155 3427 5210 τὰ
3459 5152 3699 5224 ὁμογενῆ

2117 5258 2215 5330 τὴν
2236 5257 2372 5329 πρὸς
2411 5255 2615 5325 ἄλληλα
2675 5255 2963 5327 σύγκρισιν
2995 5251 3325 5324 οἰκειότερον
3364 5248 3696 5312 ἐπιδέξεται,

2117 5347 2452 5417 ὁμολογείτω
2508 5345 2725 5415 πρῶτον
2773 5343 2848 5407 ὡς
2906 5342 3176 5413 ὁμογενής
3226 5340 3372 5417 ἐστιν
3403 5339 3432 5391 ὁ
3471 5335 3601 5400 Υἱὸς
3619 5333 3700 5406 τῷ

2120 5438 2315 5509 Πατρὶ,
2348 5434 2493 5488 τοῦτ’
2517 5434 2683 5495 ἐστιν,
2713 5433 2998 5504 ὁμοούσιος
3020 5447 3034 5462 ’
3068 5427 3211 5483 οὕτω
3241 5425 3350 5497 γάρ
3393 5426 3611 5497 νοήσεις
3636 5423 3705 5479 τδ

2119 5527 2408 5601 ὁμογενὲς·
2468 5526 2754 5596 ἄνθρωπον
2806 5522 2916 5594 7&9
2979 5517 3254 5590 ἀνθρώπῳ
3310 5512 3706 5586 συγκρίνεσθαι

2120 5620 2230 5673 δεῖν
2250 5617 2593 5687 ἐδοκίμασεν,
2624 5613 2761 5668 ἀλλά
2780 5613 2874 5667 καὶ
2886 5612 3052 5665 ἵππον
3073 5609 3265 5689 ἴππῳ)·
3292 5607 3383 5661 καὶ
3402 5604 3712 5660 διδασκέτω

2120 5710 2305 5766 λοιπὸν
2344 5710 2440 5782 τῇ)
2486 5707 2666 5762 αἰτίαν
2697 5705 2763 5759 δι’
2798 5702 2864 5776 ἢν
2902 5704 2937 5757 δ
2958 5702 3037 5774 τῷ
3078 5701 3198 5773 Θεῷ
3227 5700 3319 5754 καὶ
3348 5697 3521 5771 lintei
3569 5712 3713 5767 συγ-
3773 5749 3778 5751 _
