  <div class='ocr_page' id='page_1' title='image "/cluster/home/n/w/nwhite01/storage/ocr_20150623/74/hvd.32044048207120/166.png"; bbox 0 0 4042 6204; ppageno 0'>
   <div class='ocr_carea' id='block_1_1' title="bbox 416 296 528 357">
    <p class='ocr_par' dir='ltr' id='par_1_1' title="bbox 416 296 528 357">
     <span class='ocr_line' id='line_1_1' title="bbox 416 296 528 357; baseline -0.018 0"><span class='ocrx_word' id='word_1_1' title='bbox 416 296 528 357; x_wconf 64' lang='lat'><strong>3‘2]</strong></span> 
     </span>
    </p>
   </div>
   <div class='ocr_carea' id='block_1_2' title="bbox 1486 291 2623 351">
    <p class='ocr_par' dir='ltr' id='par_1_2' title="bbox 1486 291 2623 351">
     <span class='ocr_line' id='line_1_2' title="bbox 1486 291 2623 351; baseline 0.001 -4"><span class='ocrx_word' id='word_1_2' title='bbox 1486 292 1554 348; x_wconf 80' lang='lat' dir='ltr'><strong>IN</strong></span> <span class='ocrx_word' id='word_1_3' title='bbox 1581 291 1864 349; x_wconf 80' lang='lat' dir='ltr'><strong>JOANNJS</strong></span> <span class='ocrx_word' id='word_1_4' title='bbox 1902 292 2347 351; x_wconf 77' lang='lat' dir='ltr'><strong>EVANGELIUM</strong></span> <span class='ocrx_word' id='word_1_5' title='bbox 2385 291 2512 351; x_wconf 84' lang='lat' dir='ltr'><strong>LIB.</strong></span> <span class='ocrx_word' id='word_1_6' title='bbox 2551 292 2623 348; x_wconf 77' lang='grc' dir='ltr'><strong>Χ.</strong></span> 
     </span>
    </p>
   </div>
   <div class='ocr_carea' id='block_1_3' title="bbox 3570 300 3680 369">
    <p class='ocr_par' dir='ltr' id='par_1_3' title="bbox 3570 300 3680 369">
     <span class='ocr_line' id='line_1_3' title="bbox 3570 300 3680 369; baseline 0 0"><span class='ocrx_word' id='word_1_7' title='bbox 3570 300 3680 369; x_wconf 57' lang='grc' dir='ltr'><strong>δεῖ</strong></span> 
     </span>
    </p>
   </div>
   <div class='ocr_carea' id='block_1_4' title="bbox 429 397 2005 487">
    <p class='ocr_par' dir='ltr' id='par_1_4' title="bbox 429 407 2005 487">
     <span class='ocr_line' id='line_1_4' title="bbox 429 407 2005 487; baseline -0.004 -18"><span class='ocrx_word' id='word_1_8' title='bbox 429 414 752 487; x_wconf 88' lang='grc' dir='ltr'><strong>κρινόμενος</strong></span> <span class='ocrx_word' id='word_1_9' title='bbox 791 410 941 475; x_wconf 86' lang='grc' dir='ltr'><strong>Υίὸς.</strong></span> <span class='ocrx_word' id='word_1_10' title='bbox 994 408 1069 474; x_wconf 81' lang='grc' dir='ltr'><strong>ὡς</strong></span> <span class='ocrx_word' id='word_1_11' title='bbox 1115 407 1381 480; x_wconf 82' lang='grc' dir='ltr'><strong>ὁμογενὴς</strong></span> <span class='ocrx_word' id='word_1_12' title='bbox 1421 408 1591 479; x_wconf 81' lang='grc' dir='ltr'><strong>αὐτῷ,</strong></span> <span class='ocrx_word' id='word_1_13' title='bbox 1637 409 1737 480; x_wconf 81' lang='grc' dir='ltr'><strong>τὴν</strong></span> <span class='ocrx_word' id='word_1_14' title='bbox 1777 411 1915 466; x_wconf 85' lang='grc' dir='ltr'><strong>κατά</strong></span> <span class='ocrx_word' id='word_1_15' title='bbox 1950 428 2005 464; x_wconf 91' lang='grc' dir='ltr'><strong>τι</strong></span> 
     </span>
    </p>
   </div>
   <div class='ocr_carea' id='block_1_5' title="bbox 2103 397 3679 487">
    <p class='ocr_par' dir='ltr' id='par_1_5' title="bbox 2107 397 3679 481">
     <span class='ocr_line' id='line_1_5' title="bbox 2107 397 3679 481; baseline 0.001 -16"><span class='ocrx_word' id='word_1_16' title='bbox 2107 397 2425 481; x_wconf 80' lang='lat' dir='ltr'><strong>imperfecta</strong></span> <span class='ocrx_word' id='word_1_17' title='bbox 2456 426 2565 464; x_wconf 90' lang='lat' dir='ltr'><strong>non</strong></span> <span class='ocrx_word' id='word_1_18' title='bbox 2614 408 2882 469; x_wconf 86' lang='lat' dir='ltr'><strong>cernitur.</strong></span> <span class='ocrx_word' id='word_1_19' title='bbox 2909 406 3007 463; x_wconf 89' lang='lat' dir='ltr'><strong>sed</strong></span> <span class='ocrx_word' id='word_1_20' title='bbox 3049 422 3156 461; x_wconf 89' lang='lat' dir='ltr'><strong>una</strong></span> <span class='ocrx_word' id='word_1_21' title='bbox 3184 416 3237 463; x_wconf 89' lang='lat' dir='ltr'><strong>et</strong></span> <span class='ocrx_word' id='word_1_22' title='bbox 3268 409 3498 479; x_wconf 69' lang='lat' dir='ltr'><strong>aaqualis</strong></span> <span class='ocrx_word' id='word_1_23' title='bbox 3525 412 3679 467; x_wconf 84' lang='lat' dir='ltr'><strong>vide-</strong></span> 
     </span>
    </p>
   </div>
   <div class='ocr_carea' id='block_1_6' title="bbox 426 499 2003 574">
    <p class='ocr_par' dir='ltr' id='par_1_6' title="bbox 426 499 2003 574">
     <span class='ocr_line' id='line_1_6' title="bbox 426 499 2003 574; baseline -0.001 -16"><span class='ocrx_word' id='word_1_24' title='bbox 426 508 559 574; x_wconf 80' lang='grc' dir='ltr'><strong>γοῦν</strong></span> <span class='ocrx_word' id='word_1_25' title='bbox 579 502 875 557; x_wconf 75' lang='grc' dir='ltr'><strong>ἐλάττωσιν</strong></span> <span class='ocrx_word' id='word_1_26' title='bbox 904 500 1038 571; x_wconf 78' lang='grc' dir='ltr'><strong>ἔχει.</strong></span> <span class='ocrx_word' id='word_1_27' title='bbox 1095 499 1206 553; x_wconf 86' lang='grc' dir='ltr'><strong>Ποῦ</strong></span> <span class='ocrx_word' id='word_1_28' title='bbox 1259 499 1317 552; x_wconf 90' lang='grc' dir='ltr'><strong>δὲ</strong></span> <span class='ocrx_word' id='word_1_29' title='bbox 1377 500 1443 553; x_wconf 83' lang='grc' dir='ltr'><strong>τὸ</strong></span> <span class='ocrx_word' id='word_1_30' title='bbox 1487 504 1638 572; x_wconf 85' lang='grc' dir='ltr'><strong>μεῖον</strong></span> <span class='ocrx_word' id='word_1_31' title='bbox 1674 501 2003 573; x_wconf 72' lang='grc' dir='ltr'><strong>εὑρήσομεν,</strong></span> 
     </span>
    </p>
   </div>
   <div class='ocr_carea' id='block_1_7' title="bbox 408 586 2002 667">
    <p class='ocr_par' dir='ltr' id='par_1_7' title="bbox 408 586 2002 667">
     <span class='ocr_line' id='line_1_7' title="bbox 408 586 2002 667; baseline -0.005 -17"><span class='ocrx_word' id='word_1_32' title='bbox 408 596 518 650; x_wconf 63' lang='grc' dir='ltr'><strong>⁸ὅτε</strong></span> <span class='ocrx_word' id='word_1_33' title='bbox 543 597 657 657; x_wconf 84' lang='grc' dir='ltr'><strong>τοῖς</strong></span> <span class='ocrx_word' id='word_1_34' title='bbox 686 591 1003 664; x_wconf 81' lang='grc' dir='ltr'><strong>ὀμογενέσιν</strong></span> <span class='ocrx_word' id='word_1_35' title='bbox 1036 586 1115 655; x_wconf 79' lang='grc' dir='ltr'><strong>εἷς</strong></span> <span class='ocrx_word' id='word_1_36' title='bbox 1147 591 1213 645; x_wconf 85' lang='grc' dir='ltr'>ἂν</span> <span class='ocrx_word' id='word_1_37' title='bbox 1236 593 1469 664; x_wconf 85' lang='grc' dir='ltr'><strong>ὑπάρχοι</strong></span> <span class='ocrx_word' id='word_1_38' title='bbox 1497 596 1597 664; x_wconf 85' lang='grc' dir='ltr'><strong>τῆς</strong></span> <span class='ocrx_word' id='word_1_39' title='bbox 1625 594 1815 659; x_wconf 78' lang='grc' dir='ltr'>οὐσίας</span> <span class='ocrx_word' id='word_1_40' title='bbox 1845 595 2002 667; x_wconf 81' lang='grc' dir='ltr'><strong>ὅρος;</strong></span> 
     </span>
    </p>
   </div>
   <div class='ocr_carea' id='block_1_8' title="bbox 445 683 2006 755">
    <p class='ocr_par' dir='ltr' id='par_1_8' title="bbox 445 683 2006 755">
     <span class='ocr_line' id='line_1_8' title="bbox 445 683 2006 755; baseline -0.001 -16"><span class='ocrx_word' id='word_1_41' title='bbox 445 686 714 754; x_wconf 80' lang='grc' dir='ltr'><strong>Ἐκάστης</strong></span> <span class='ocrx_word' id='word_1_42' title='bbox 742 684 852 755; x_wconf 75' lang='grc' dir='ltr'><strong>γὰρ</strong></span> <span class='ocrx_word' id='word_1_43' title='bbox 876 683 1064 746; x_wconf 76' lang='grc' dir='ltr'><strong>οὐσίας</strong></span> <span class='ocrx_word' id='word_1_44' title='bbox 1099 683 1127 735; x_wconf 84' lang='grc' dir='ltr'><strong>ό</strong></span> <span class='ocrx_word' id='word_1_45' title='bbox 1165 685 1292 754; x_wconf 73' lang='grc' dir='ltr'><strong>περὶ</strong></span> <span class='ocrx_word' id='word_1_46' title='bbox 1317 684 1488 754; x_wconf 74' lang='grc' dir='ltr'><strong>αὐτῆς</strong></span> <span class='ocrx_word' id='word_1_47' title='bbox 1514 683 1673 752; x_wconf 84' lang='grc' dir='ltr'><strong>λόγος</strong></span> <span class='ocrx_word' id='word_1_48' title='bbox 1711 686 1774 737; x_wconf 80' lang='grc' dir='ltr'>οὐ</span> <span class='ocrx_word' id='word_1_49' title='bbox 1804 685 2006 749; x_wconf 84' lang='grc' dir='ltr'><strong>τέλειος</strong></span> 
     </span>
    </p>
   </div>
   <div class='ocr_carea' id='block_1_9' title="bbox 434 775 2007 850">
    <p class='ocr_par' dir='ltr' id='par_1_9' title="bbox 434 775 2007 850">
     <span class='ocr_line' id='line_1_9' title="bbox 434 775 2007 850; baseline 0.002 -19"><span class='ocrx_word' id='word_1_50' title='bbox 434 781 534 850; x_wconf 69' lang='grc' dir='ltr'><strong>μὲν</strong></span> <span class='ocrx_word' id='word_1_51' title='bbox 560 779 617 831; x_wconf 77' lang='grc' dir='ltr'>ἒν</span> <span class='ocrx_word' id='word_1_52' title='bbox 644 794 808 842; x_wconf 88' lang='grc' dir='ltr'><strong>τισιν,</strong></span> <span class='ocrx_word' id='word_1_53' title='bbox 862 776 1056 847; x_wconf 83' lang='grc' dir='ltr'><strong>ἀτελής</strong></span> <span class='ocrx_word' id='word_1_54' title='bbox 1087 776 1145 830; x_wconf 84' lang='grc' dir='ltr'><strong>δὲ</strong></span> <span class='ocrx_word' id='word_1_55' title='bbox 1194 780 1252 831; x_wconf 82' lang='grc' dir='ltr'><strong>ὲν</strong></span> <span class='ocrx_word' id='word_1_56' title='bbox 1291 778 1465 850; x_wconf 81' lang='grc' dir='ltr'>ἑτέρῳ</span> <span class='ocrx_word' id='word_1_57' title='bbox 1493 778 1764 848; x_wconf 84' lang='grc' dir='ltr'><strong>φαίνεται,</strong></span> <span class='ocrx_word' id='word_1_58' title='bbox 1792 780 1907 834; x_wconf 85' lang='grc' dir='ltr'><strong>ἀλλ’</strong></span> <span class='ocrx_word' id='word_1_59' title='bbox 1922 775 2007 844; x_wconf 78' lang='grc' dir='ltr'><strong>εἷς</strong></span> 
     </span>
    </p>
   </div>
   <div class='ocr_carea' id='block_1_10' title="bbox 418 866 2005 942">
    <p class='ocr_par' dir='ltr' id='par_1_10' title="bbox 418 866 2005 942">
     <span class='ocr_line' id='line_1_10' title="bbox 418 866 2005 942; baseline 0.002 -21"><span class='ocrx_word' id='word_1_60' title='bbox 418 869 527 921; x_wconf 78' lang='grc' dir='ltr'><strong>’καὶ</strong></span> <span class='ocrx_word' id='word_1_61' title='bbox 556 869 669 930; x_wconf 81' lang='grc' dir='ltr'><strong>ίσος</strong></span> <span class='ocrx_word' id='word_1_62' title='bbox 690 866 785 920; x_wconf 74' lang='grc' dir='ltr'><strong>ἐπὶ</strong></span> <span class='ocrx_word' id='word_1_63' title='bbox 810 866 1028 920; x_wconf 86' lang='grc' dir='ltr'><strong>πάντων</strong></span> <span class='ocrx_word' id='word_1_64' title='bbox 1061 867 1314 936; x_wconf 82' lang='grc' dir='ltr'><strong>φαίνεται</strong></span> <span class='ocrx_word' id='word_1_65' title='bbox 1338 884 1351 898; x_wconf 74' lang='grc' dir='ltr'>ο</span> <span class='ocrx_word' id='word_1_66' title='bbox 1390 868 1567 933; x_wconf 91' lang='grc' dir='ltr'><strong>αἰτίας</strong></span> <span class='ocrx_word' id='word_1_67' title='bbox 1598 886 1662 938; x_wconf 89' lang='grc' dir='ltr'><strong>γε</strong></span> <span class='ocrx_word' id='word_1_68' title='bbox 1688 870 1794 941; x_wconf 77' lang='grc' dir='ltr'><strong>μὴν</strong></span> <span class='ocrx_word' id='word_1_69' title='bbox 1813 870 2005 942; x_wconf 72' lang='grc' dir='ltr'><strong>ἐτέρας</strong></span> 
     </span>
    </p>
   </div>
   <div class='ocr_carea' id='block_1_11' title="bbox 428 957 2006 1033">
    <p class='ocr_par' dir='ltr' id='par_1_11' title="bbox 428 957 2006 1033">
     <span class='ocr_line' id='line_1_11' title="bbox 428 957 2006 1033; baseline 0.004 -22"><span class='ocrx_word' id='word_1_70' title='bbox 428 959 577 1029; x_wconf 79' lang='grc' dir='ltr'><strong>ἔχειν</strong></span> <span class='ocrx_word' id='word_1_71' title='bbox 604 959 784 1029; x_wconf 73' lang='grc' dir='ltr'><strong>φαμὲν</strong></span> <span class='ocrx_word' id='word_1_72' title='bbox 803 958 914 1011; x_wconf 85' lang='grc' dir='ltr'><strong>τῶν</strong></span> <span class='ocrx_word' id='word_1_73' title='bbox 935 957 1361 1029; x_wconf 85' lang='grc' dir='ltr'><strong>συμϐεϐηκότων</strong></span> <span class='ocrx_word' id='word_1_74' title='bbox 1406 960 1661 1024; x_wconf 73' lang='grc' dir='ltr'><strong>ἕκαστον,</strong></span> <span class='ocrx_word' id='word_1_75' title='bbox 1694 963 1812 1033; x_wconf 72' lang='grc' dir='ltr'><strong>ἦτοι</strong></span> <span class='ocrx_word' id='word_1_76' title='bbox 1838 976 2006 1033; x_wconf 85' lang='grc' dir='ltr'><strong>προσ-</strong></span> 
     </span>
    </p>
   </div>
   <div class='ocr_carea' id='block_1_12' title="bbox 430 1046 2006 1118">
    <p class='ocr_par' dir='ltr' id='par_1_12' title="bbox 430 1046 2006 1118">
     <span class='ocr_line' id='line_1_12' title="bbox 430 1046 2006 1118; baseline 0.003 -18"><span class='ocrx_word' id='word_1_77' title='bbox 430 1048 733 1117; x_wconf 78' lang='grc' dir='ltr'><strong>γεγονότων</strong></span> <span class='ocrx_word' id='word_1_78' title='bbox 757 1047 879 1100; x_wconf 80' lang='grc' dir='ltr'><strong>καθ⁹</strong></span> <span class='ocrx_word' id='word_1_79' title='bbox 903 1046 1233 1116; x_wconf 86' lang='grc' dir='ltr'><strong>όνδηποτοῦν</strong></span> <span class='ocrx_word' id='word_1_80' title='bbox 1256 1047 1478 1118; x_wconf 80' lang='grc' dir='ltr'><strong>τρόπον.</strong></span> <span class='ocrx_word' id='word_1_81' title='bbox 1505 1050 1647 1103; x_wconf 75' lang='grc' dir='ltr'><strong>Αὐτὸ</strong></span> <span class='ocrx_word' id='word_1_82' title='bbox 1678 1051 1738 1104; x_wconf 80' lang='grc' dir='ltr'><strong>δὲ</strong></span> <span class='ocrx_word' id='word_1_83' title='bbox 1759 1051 1822 1117; x_wconf 83' lang='grc' dir='ltr'><strong>δὴ</strong></span> <span class='ocrx_word' id='word_1_84' title='bbox 1844 1053 2006 1105; x_wconf 87' lang='grc' dir='ltr'><strong>πάλιν</strong></span> 
     </span>
    </p>
   </div>
   <div class='ocr_carea' id='block_1_13' title="bbox 426 1137 2006 1213">
    <p class='ocr_par' dir='ltr' id='par_1_13' title="bbox 426 1137 2006 1213">
     <span class='ocr_line' id='line_1_13' title="bbox 426 1137 2006 1213; baseline 0.006 -25"><span class='ocrx_word' id='word_1_85' title='bbox 426 1137 575 1209; x_wconf 75' lang='grc' dir='ltr'><strong>ὑπὲρ</strong></span> <span class='ocrx_word' id='word_1_86' title='bbox 600 1137 1027 1207; x_wconf 77' lang='grc' dir='ltr'><strong>σαφηνείαςτῶν</strong></span> <span class='ocrx_word' id='word_1_87' title='bbox 1050 1137 1355 1207; x_wconf 78' lang='grc' dir='ltr'><strong>εἰρημένων</strong></span> <span class='ocrx_word' id='word_1_88' title='bbox 1383 1137 1444 1191; x_wconf 81' lang='grc' dir='ltr'><strong>τὸ</strong></span> <span class='ocrx_word' id='word_1_89' title='bbox 1468 1138 1528 1203; x_wconf 78' lang='grc' dir='ltr'>ἐξ</span> <span class='ocrx_word' id='word_1_90' title='bbox 1553 1140 1730 1211; x_wconf 82' lang='grc' dir='ltr'><strong>ἀρχῆς</strong></span> <span class='ocrx_word' id='word_1_91' title='bbox 1760 1143 2006 1213; x_wconf 81' lang='grc' dir='ltr'><strong>παροίσω</strong></span> 
     </span>
    </p>
   </div>
   <div class='ocr_carea' id='block_1_14' title="bbox 433 1229 2006 1302">
    <p class='ocr_par' dir='ltr' id='par_1_14' title="bbox 433 1229 2006 1302">
     <span class='ocr_line' id='line_1_14' title="bbox 433 1229 2006 1302; baseline 0.002 -17"><span class='ocrx_word' id='word_1_92' title='bbox 433 1231 804 1301; x_wconf 82' lang='grc' dir='ltr'><strong>παράδειγμα.</strong></span> <span class='ocrx_word' id='word_1_93' title='bbox 841 1229 1165 1301; x_wconf 80' lang='grc' dir='ltr'><strong>Ἀνθρωπος</strong></span> <span class='ocrx_word' id='word_1_94' title='bbox 1212 1230 1312 1300; x_wconf 80' lang='grc' dir='ltr'><strong>μὲν</strong></span> <span class='ocrx_word' id='word_1_95' title='bbox 1344 1230 1632 1301; x_wconf 82' lang='grc' dir='ltr'><strong>ἀνθρώπου</strong></span> <span class='ocrx_word' id='word_1_96' title='bbox 1668 1233 1862 1286; x_wconf 85' lang='grc' dir='ltr'><strong>διοίσει</strong></span> <span class='ocrx_word' id='word_1_97' title='bbox 1908 1234 2006 1302; x_wconf 85' lang='grc' dir='ltr'><strong>μὲν</strong></span> 
     </span>
    </p>
   </div>
   <div class='ocr_carea' id='block_1_15' title="bbox 432 1319 2007 1394">
    <p class='ocr_par' dir='ltr' id='par_1_15' title="bbox 432 1319 2007 1394">
     <span class='ocr_line' id='line_1_15' title="bbox 432 1319 2007 1394; baseline 0.003 -20"><span class='ocrx_word' id='word_1_98' title='bbox 432 1321 568 1386; x_wconf 84' lang='grc' dir='ltr'><strong>ὃλως</strong></span> <span class='ocrx_word' id='word_1_99' title='bbox 594 1320 766 1384; x_wconf 82' lang='grc' dir='ltr'><strong>οὐδὲν,</strong></span> <span class='ocrx_word' id='word_1_100' title='bbox 829 1320 1072 1391; x_wconf 87' lang='grc' dir='ltr'><strong>καθόπερ</strong></span> <span class='ocrx_word' id='word_1_101' title='bbox 1117 1320 1254 1372; x_wconf 74' lang='grc' dir='ltr'><strong>εἰσὶν</strong></span> <span class='ocrx_word' id='word_1_102' title='bbox 1293 1319 1572 1392; x_wconf 82' lang='grc' dir='ltr'><strong>ἄνθρωποι</strong></span> <span class='ocrx_word' id='word_1_103' title='bbox 1604 1323 1796 1394; x_wconf 84' lang='grc' dir='ltr'><strong>τυχόν’</strong></span> <span class='ocrx_word' id='word_1_104' title='bbox 1832 1324 1946 1378; x_wconf 86' lang='grc' dir='ltr'><strong>ἀλλ’</strong></span> <span class='ocrx_word' id='word_1_105' title='bbox 1977 1327 2007 1378; x_wconf 84' lang='grc' dir='ltr'><strong><em>ὁ</em></strong></span> 
     </span>
    </p>
   </div>
   <div class='ocr_carea' id='block_1_16' title="bbox 438 1410 2005 1486">
    <p class='ocr_par' dir='ltr' id='par_1_16' title="bbox 438 1410 2005 1486">
     <span class='ocr_line' id='line_1_16' title="bbox 438 1410 2005 1486; baseline 0.003 -21"><span class='ocrx_word' id='word_1_106' title='bbox 438 1412 536 1480; x_wconf 82' lang='grc' dir='ltr'><strong>μέν</strong></span> <span class='ocrx_word' id='word_1_107' title='bbox 557 1412 641 1476; x_wconf 83' lang='grc' dir='ltr'><strong>τίς</strong></span> <span class='ocrx_word' id='word_1_108' title='bbox 703 1413 852 1464; x_wconf 72' lang='grc' dir='ltr'><strong>ἐστιν</strong></span> <span class='ocrx_word' id='word_1_109' title='bbox 899 1411 1150 1481; x_wconf 79' lang='grc' dir='ltr'><strong>εὐσεϐής,</strong></span> <span class='ocrx_word' id='word_1_110' title='bbox 1196 1412 1226 1464; x_wconf 84' lang='grc' dir='ltr'><strong>ό</strong></span> <span class='ocrx_word' id='word_1_111' title='bbox 1272 1410 1329 1464; x_wconf 83' lang='grc' dir='ltr'><strong>δὲ</strong></span> <span class='ocrx_word' id='word_1_112' title='bbox 1371 1413 1659 1479; x_wconf 75' lang='grc' dir='ltr'><strong>κακόνους,</strong></span> <span class='ocrx_word' id='word_1_113' title='bbox 1712 1415 1807 1468; x_wconf 74' lang='grc' dir='ltr'><strong>καὶ</strong></span> <span class='ocrx_word' id='word_1_114' title='bbox 1852 1412 2005 1486; x_wconf 85' lang='grc' dir='ltr'><strong>όμὲν</strong></span> 
     </span>
    </p>
   </div>
   <div class='ocr_carea' id='block_1_17' title="bbox 422 1494 2005 1573">
    <p class='ocr_par' dir='ltr' id='par_1_17' title="bbox 422 1494 2005 1573">
     <span class='ocr_line' id='line_1_17' title="bbox 422 1494 2005 1573; baseline 0.003 -18"><span class='ocrx_word' id='word_1_115' title='bbox 422 1502 664 1573; x_wconf 69' lang='grc' dir='ltr'><strong>ἀσθενὴς</strong></span> <span class='ocrx_word' id='word_1_116' title='bbox 693 1502 788 1556; x_wconf 77' lang='grc' dir='ltr'><strong>καὶ</strong></span> <span class='ocrx_word' id='word_1_117' title='bbox 808 1501 1184 1573; x_wconf 82' lang='grc' dir='ltr'><strong>λελωϐημένος</strong></span> <span class='ocrx_word' id='word_1_118' title='bbox 1221 1494 1282 1555; x_wconf 81' lang='grc' dir='ltr'><strong>τδ</strong></span> <span class='ocrx_word' id='word_1_119' title='bbox 1322 1502 1500 1572; x_wconf 82' lang='grc' dir='ltr'><strong>σῶμα,</strong></span> <span class='ocrx_word' id='word_1_120' title='bbox 1532 1504 1672 1567; x_wconf 82' lang='grc' dir='ltr'><strong>σῶος</strong></span> <span class='ocrx_word' id='word_1_121' title='bbox 1707 1504 1763 1559; x_wconf 84' lang='grc' dir='ltr'><strong>δὲ</strong></span> <span class='ocrx_word' id='word_1_122' title='bbox 1801 1507 1897 1559; x_wconf 73' lang='grc' dir='ltr'><strong>καὶ</strong></span> <span class='ocrx_word' id='word_1_123' title='bbox 1913 1507 2005 1560; x_wconf 80' lang='grc' dir='ltr'><strong>εῦ-</strong></span> 
     </span>
    </p>
   </div>
   <div class='ocr_carea' id='block_1_18' title="bbox 435 1594 2002 1666">
    <p class='ocr_par' dir='ltr' id='par_1_18' title="bbox 435 1594 2002 1666">
     <span class='ocr_line' id='line_1_18' title="bbox 435 1594 2002 1666; baseline 0.003 -20"><span class='ocrx_word' id='word_1_124' title='bbox 435 1606 640 1663; x_wconf 85' lang='grc' dir='ltr'><strong>ρωστος</strong></span> <span class='ocrx_word' id='word_1_125' title='bbox 657 1594 866 1664; x_wconf 70' lang='grc' dir='ltr'><strong>ἕτερος,</strong></span> <span class='ocrx_word' id='word_1_126' title='bbox 893 1596 987 1648; x_wconf 76' lang='grc' dir='ltr'><strong>καὶ</strong></span> <span class='ocrx_word' id='word_1_127' title='bbox 1020 1595 1049 1647; x_wconf 90' lang='grc' dir='ltr'><strong>ό</strong></span> <span class='ocrx_word' id='word_1_128' title='bbox 1082 1594 1181 1665; x_wconf 76' lang='grc' dir='ltr'><strong>μέν</strong></span> <span class='ocrx_word' id='word_1_129' title='bbox 1223 1611 1308 1658; x_wconf 90' lang='grc' dir='ltr'><strong>τις</strong></span> <span class='ocrx_word' id='word_1_130' title='bbox 1332 1594 1621 1665; x_wconf 81' lang='grc' dir='ltr'><strong>βάσκανος,</strong></span> <span class='ocrx_word' id='word_1_131' title='bbox 1646 1598 1675 1651; x_wconf 93' lang='grc' dir='ltr'><strong>ό</strong></span> <span class='ocrx_word' id='word_1_132' title='bbox 1700 1596 1757 1650; x_wconf 83' lang='grc' dir='ltr'><strong>δὲ</strong></span> <span class='ocrx_word' id='word_1_133' title='bbox 1781 1597 2002 1666; x_wconf 85' lang='grc' dir='ltr'><strong>ἀγαθός.</strong></span> 
     </span>
    </p>
   </div>
   <div class='ocr_carea' id='block_1_19' title="bbox 445 1684 2007 1758">
    <p class='ocr_par' dir='ltr' id='par_1_19' title="bbox 445 1684 2007 1758">
     <span class='ocr_line' id='line_1_19' title="bbox 445 1684 2007 1758; baseline 0.003 -20"><span class='ocrx_word' id='word_1_134' title='bbox 445 1684 584 1738; x_wconf 80' lang='grc' dir='ltr'><strong>Ἀλλ’</strong></span> <span class='ocrx_word' id='word_1_135' title='bbox 634 1686 763 1739; x_wconf 84' lang='grc' dir='ltr'><strong>ὅταν</strong></span> <span class='ocrx_word' id='word_1_136' title='bbox 813 1701 897 1750; x_wconf 88' lang='grc' dir='ltr'><strong>τις</strong></span> <span class='ocrx_word' id='word_1_137' title='bbox 944 1686 1150 1740; x_wconf 78' lang='grc' dir='ltr'><strong>τούτων</strong></span> <span class='ocrx_word' id='word_1_138' title='bbox 1193 1686 1293 1750; x_wconf 81' lang='grc' dir='ltr'><strong>τὰς</strong></span> <span class='ocrx_word' id='word_1_139' title='bbox 1322 1686 1503 1751; x_wconf 83' lang='grc' dir='ltr'><strong>αἰτίας</strong></span> <span class='ocrx_word' id='word_1_140' title='bbox 1554 1687 1798 1758; x_wconf 85' lang='grc' dir='ltr'><strong>ἀκριϐῶς</strong></span> <span class='ocrx_word' id='word_1_141' title='bbox 1830 1706 2007 1743; x_wconf 89' lang='grc' dir='ltr'><strong>κατα-</strong></span> 
     </span>
    </p>
   </div>
   <div class='ocr_carea' id='block_1_20' title="bbox 2105 496 3693 569">
    <p class='ocr_par' dir='ltr' id='par_1_20' title="bbox 2105 496 3693 569">
     <span class='ocr_line' id='line_1_20' title="bbox 2105 496 3693 569; baseline 0.003 -18"><span class='ocrx_word' id='word_1_142' title='bbox 2105 505 2197 552; x_wconf 91' lang='lat' dir='ltr'><strong>tur</strong></span> <span class='ocrx_word' id='word_1_143' title='bbox 2226 500 2279 552; x_wconf 89' lang='lat' dir='ltr'><strong>in</strong></span> <span class='ocrx_word' id='word_1_144' title='bbox 2312 498 2573 553; x_wconf 89' lang='lat' dir='ltr'><strong>omnibus</strong></span> <span class='ocrx_word' id='word_1_145' title='bbox 2610 515 2625 551; x_wconf 89' lang='lat'><strong>:</strong></span> <span class='ocrx_word' id='word_1_146' title='bbox 2657 504 3081 551; x_wconf 87' lang='lat' dir='ltr'><strong>causas-tamen</strong></span> <span class='ocrx_word' id='word_1_147' title='bbox 3129 496 3268 553; x_wconf 89' lang='lat' dir='ltr'><strong>alias</strong></span> <span class='ocrx_word' id='word_1_148' title='bbox 3308 501 3693 569; x_wconf 74' lang='lat' dir='ltr'><strong>contingenti-&#39;</strong></span> 
     </span>
    </p>
   </div>
   <div class='ocr_carea' id='block_1_21' title="bbox 2106 586 3680 658">
    <p class='ocr_par' dir='ltr' id='par_1_21' title="bbox 2106 586 3680 658">
     <span class='ocr_line' id='line_1_21' title="bbox 2106 586 3680 658; baseline 0.001 -15"><span class='ocrx_word' id='word_1_149' title='bbox 2106 588 2227 651; x_wconf 90' lang='lat' dir='ltr'><strong>bus,</strong></span> <span class='ocrx_word' id='word_1_150' title='bbox 2254 597 2351 641; x_wconf 91' lang='lat' dir='ltr'><strong>aut</strong></span> <span class='ocrx_word' id='word_1_151' title='bbox 2387 588 2455 643; x_wconf 90' lang='lat' dir='ltr'><strong>iis</strong></span> <span class='ocrx_word' id='word_1_152' title='bbox 2488 603 2609 658; x_wconf 70' lang='lat' dir='ltr'><strong>qua:</strong></span> <span class='ocrx_word' id='word_1_153' title='bbox 2640 588 2840 657; x_wconf 88' lang='lat' dir='ltr'><strong>quovis</strong></span> <span class='ocrx_word' id='word_1_154' title='bbox 2868 586 3029 640; x_wconf 90' lang='lat' dir='ltr'><strong>modo</strong></span> <span class='ocrx_word' id='word_1_155' title='bbox 3060 587 3343 652; x_wconf 88' lang='lat' dir='ltr'><strong>accidunt,</strong></span> <span class='ocrx_word' id='word_1_156' title='bbox 3373 604 3498 644; x_wconf 85' lang='lat' dir='ltr'><strong>esse</strong></span> <span class='ocrx_word' id='word_1_157' title='bbox 3538 590 3680 645; x_wconf 87' lang='lat' dir='ltr'><strong>dici-</strong></span> 
     </span>
    </p>
   </div>
   <div class='ocr_carea' id='block_1_22' title="bbox 2107 678 3676 750">
    <p class='ocr_par' dir='ltr' id='par_1_22' title="bbox 2107 678 3676 750">
     <span class='ocr_line' id='line_1_22' title="bbox 2107 678 3676 750; baseline 0.003 -18"><span class='ocrx_word' id='word_1_158' title='bbox 2107 695 2250 735; x_wconf 85' lang='lat' dir='ltr'><strong>mus.</strong></span> <span class='ocrx_word' id='word_1_159' title='bbox 2296 678 2453 745; x_wconf 87' lang='lat' dir='ltr'><strong>Quod</strong></span> <span class='ocrx_word' id='word_1_160' title='bbox 2511 689 2569 733; x_wconf 92' lang='lat' dir='ltr'><strong>ut</strong></span> <span class='ocrx_word' id='word_1_161' title='bbox 2617 688 2823 745; x_wconf 86' lang='lat' dir='ltr'><strong>pateat,</strong></span> <span class='ocrx_word' id='word_1_162' title='bbox 2858 687 2985 733; x_wconf 85' lang='lat' dir='ltr'><strong>utar</strong></span> <span class='ocrx_word' id='word_1_163' title='bbox 3016 679 3267 748; x_wconf 79' lang='lat' dir='ltr'><strong>exemplo</strong></span> <span class='ocrx_word' id='word_1_164' title='bbox 3322 679 3432 750; x_wconf 91' lang='lat' dir='ltr'><strong>jam</strong></span> <span class='ocrx_word' id='word_1_165' title='bbox 3488 682 3676 738; x_wconf 88' lang='lat' dir='ltr'><strong>allato.</strong></span> 
     </span>
    </p>
   </div>
   <div class='ocr_carea' id='block_1_23' title="bbox 2105 769 3677 837">
    <p class='ocr_par' dir='ltr' id='par_1_23' title="bbox 2105 769 3677 837">
     <span class='ocr_line' id='line_1_23' title="bbox 2105 769 3677 837; baseline 0.003 -13"><span class='ocrx_word' id='word_1_166' title='bbox 2105 769 2282 824; x_wconf 77' lang='lat' dir='ltr'><strong>llouio</strong></span> <span class='ocrx_word' id='word_1_167' title='bbox 2325 771 2475 825; x_wconf 89' lang='lat' dir='ltr'><strong>enim</strong></span> <span class='ocrx_word' id='word_1_168' title='bbox 2545 771 2613 826; x_wconf 89' lang='lat' dir='ltr'><strong>ab</strong></span> <span class='ocrx_word' id='word_1_169' title='bbox 2667 771 2887 825; x_wconf 85' lang='lat' dir='ltr'><strong>homine</strong></span> <span class='ocrx_word' id='word_1_170' title='bbox 2936 772 3089 825; x_wconf 85' lang='lat' dir='ltr'><strong>nullo</strong></span> <span class='ocrx_word' id='word_1_171' title='bbox 3145 772 3310 826; x_wconf 82' lang='lat' dir='ltr'><strong>modo</strong></span> <span class='ocrx_word' id='word_1_172' title='bbox 3360 772 3565 837; x_wconf 68' lang='lat' dir='ltr'><strong>diﬂ‘ert,</strong></span> <span class='ocrx_word' id='word_1_173' title='bbox 3623 775 3677 828; x_wconf 93' lang='lat' dir='ltr'><strong>in</strong></span> 
     </span>
    </p>
   </div>
   <div class='ocr_carea' id='block_1_24' title="bbox 2105 862 3675 935">
    <p class='ocr_par' dir='ltr' id='par_1_24' title="bbox 2105 862 3675 935">
     <span class='ocr_line' id='line_1_24' title="bbox 2105 862 3675 935; baseline 0 -17"><span class='ocrx_word' id='word_1_174' title='bbox 2105 872 2371 933; x_wconf 83' lang='lat' dir='ltr'><strong>quantum</strong></span> <span class='ocrx_word' id='word_1_175' title='bbox 2404 871 2534 918; x_wconf 85' lang='lat' dir='ltr'><strong>sunt</strong></span> <span class='ocrx_word' id='word_1_176' title='bbox 2574 864 2827 917; x_wconf 84' lang='lat' dir='ltr'><strong>homines</strong></span> <span class='ocrx_word' id='word_1_177' title='bbox 2860 882 2873 916; x_wconf 89' lang='lat'><strong>:</strong></span> <span class='ocrx_word' id='word_1_178' title='bbox 2910 863 3003 917; x_wconf 90' lang='lat' dir='ltr'><strong>sed</strong></span> <span class='ocrx_word' id='word_1_179' title='bbox 3045 862 3136 917; x_wconf 91' lang='lat' dir='ltr'><strong>hic</strong></span> <span class='ocrx_word' id='word_1_180' title='bbox 3165 864 3384 932; x_wconf 84' lang='lat' dir='ltr'><strong>quidem</strong></span> <span class='ocrx_word' id='word_1_181' title='bbox 3415 873 3501 919; x_wconf 88' lang='lat' dir='ltr'><strong>est</strong></span> <span class='ocrx_word' id='word_1_182' title='bbox 3532 865 3675 935; x_wconf 82' lang='lat' dir='ltr'><strong>pius,</strong></span> 
     </span>
    </p>
   </div>
   <div class='ocr_carea' id='block_1_25' title="bbox 2106 952 3677 1024">
    <p class='ocr_par' dir='ltr' id='par_1_25' title="bbox 2106 952 3677 1024">
     <span class='ocr_line' id='line_1_25' title="bbox 2106 952 3677 1024; baseline 0.003 -17"><span class='ocrx_word' id='word_1_183' title='bbox 2106 954 2198 1007; x_wconf 89' lang='lat' dir='ltr'><strong>ille</strong></span> <span class='ocrx_word' id='word_1_184' title='bbox 2257 968 2529 1020; x_wconf 80' lang='lat' dir='ltr'><strong>nequam;</strong></span> <span class='ocrx_word' id='word_1_185' title='bbox 2588 953 2679 1007; x_wconf 90' lang='lat' dir='ltr'><strong>hic</strong></span> <span class='ocrx_word' id='word_1_186' title='bbox 2726 952 2980 1008; x_wconf 86' lang='lat' dir='ltr'><strong>inﬁrmus</strong></span> <span class='ocrx_word' id='word_1_187' title='bbox 3030 968 3094 1007; x_wconf 89' lang='lat' dir='ltr'><strong>ac</strong></span> <span class='ocrx_word' id='word_1_188' title='bbox 3150 968 3383 1024; x_wconf 86' lang='lat' dir='ltr'><strong>corpore</strong></span> <span class='ocrx_word' id='word_1_189' title='bbox 3428 958 3677 1020; x_wconf 88' lang='lat' dir='ltr'><strong>mutilus,</strong></span> 
     </span>
    </p>
   </div>
   <div class='ocr_carea' id='block_1_26' title="bbox 2105 1045 3675 1119">
    <p class='ocr_par' dir='ltr' id='par_1_26' title="bbox 2105 1045 3675 1119">
     <span class='ocr_line' id='line_1_26' title="bbox 2105 1045 3675 1119; baseline 0.001 -17"><span class='ocrx_word' id='word_1_190' title='bbox 2105 1048 2243 1102; x_wconf 92' lang='lat' dir='ltr'><strong>alter</strong></span> <span class='ocrx_word' id='word_1_191' title='bbox 2276 1047 2465 1100; x_wconf 91' lang='lat' dir='ltr'><strong>lirmus</strong></span> <span class='ocrx_word' id='word_1_192' title='bbox 2514 1059 2578 1099; x_wconf 88' lang='lat' dir='ltr'><strong>ac</strong></span> <span class='ocrx_word' id='word_1_193' title='bbox 2611 1059 2811 1110; x_wconf 87' lang='lat' dir='ltr'><strong>sanus;</strong></span> <span class='ocrx_word' id='word_1_194' title='bbox 2852 1045 2944 1100; x_wconf 90' lang='lat' dir='ltr'><strong>ille</strong></span> <span class='ocrx_word' id='word_1_195' title='bbox 3000 1046 3226 1115; x_wconf 90' lang='lat' dir='ltr'><strong>probus,</strong></span> <span class='ocrx_word' id='word_1_196' title='bbox 3257 1047 3345 1101; x_wconf 92' lang='lat' dir='ltr'><strong>hic</strong></span> <span class='ocrx_word' id='word_1_197' title='bbox 3382 1051 3675 1119; x_wconf 81' lang='lat' dir='ltr'><strong>malignus.</strong></span> 
     </span>
    </p>
   </div>
   <div class='ocr_carea' id='block_1_27' title="bbox 2106 1136 3677 1208">
    <p class='ocr_par' dir='ltr' id='par_1_27' title="bbox 2106 1136 3677 1208">
     <span class='ocr_line' id='line_1_27' title="bbox 2106 1136 3677 1208; baseline 0 -15"><span class='ocrx_word' id='word_1_198' title='bbox 2106 1138 2213 1192; x_wconf 85' lang='lat' dir='ltr'><strong>Sed</strong></span> <span class='ocrx_word' id='word_1_199' title='bbox 2267 1137 2312 1193; x_wconf 90' lang='lat' dir='ltr'><strong>si</strong></span> <span class='ocrx_word' id='word_1_200' title='bbox 2365 1138 2492 1206; x_wconf 89' lang='lat' dir='ltr'><strong>quis</strong></span> <span class='ocrx_word' id='word_1_201' title='bbox 2544 1136 2741 1190; x_wconf 90' lang='lat' dir='ltr'><strong>horum</strong></span> <span class='ocrx_word' id='word_1_202' title='bbox 2795 1151 2994 1191; x_wconf 77' lang='lat' dir='ltr'><strong>causas</strong></span> <span class='ocrx_word' id='word_1_203' title='bbox 3043 1139 3307 1194; x_wconf 88' lang='lat' dir='ltr'><strong>attentius</strong></span> <span class='ocrx_word' id='word_1_204' title='bbox 3353 1138 3677 1208; x_wconf 76' lang='lat' dir='ltr'><strong>inspexerit,</strong></span> 
     </span>
    </p>
   </div>
   <div class='ocr_carea' id='block_1_28' title="bbox 2106 1226 3680 1298">
    <p class='ocr_par' dir='ltr' id='par_1_28' title="bbox 2106 1226 3680 1298">
     <span class='ocr_line' id='line_1_28' title="bbox 2106 1226 3680 1298; baseline 0.003 -14"><span class='ocrx_word' id='word_1_205' title='bbox 2106 1229 2428 1284; x_wconf 64' lang='lat' dir='ltr'><strong>substantiae</strong></span> <span class='ocrx_word' id='word_1_206' title='bbox 2452 1226 2672 1297; x_wconf 89' lang='lat' dir='ltr'><strong>quidem</strong></span> <span class='ocrx_word' id='word_1_207' title='bbox 2706 1226 3081 1282; x_wconf 83' lang='lat' dir='ltr'><strong>deﬁnitionem</strong></span> <span class='ocrx_word' id='word_1_208' title='bbox 3115 1244 3226 1282; x_wconf 90' lang='lat' dir='ltr'><strong>non</strong></span> <span class='ocrx_word' id='word_1_209' title='bbox 3260 1229 3557 1298; x_wconf 85' lang='lat' dir='ltr'><strong>incusabit,</strong></span> <span class='ocrx_word' id='word_1_210' title='bbox 3584 1234 3680 1288; x_wconf 91' lang='lat' dir='ltr'><strong>sed</strong></span> 
     </span>
    </p>
   </div>
   <div class='ocr_carea' id='block_1_29' title="bbox 2106 1320 3681 1390">
    <p class='ocr_par' dir='ltr' id='par_1_29' title="bbox 2106 1320 3681 1390">
     <span class='ocr_line' id='line_1_29' title="bbox 2106 1320 3681 1390; baseline 0.002 -14"><span class='ocrx_word' id='word_1_211' title='bbox 2106 1320 2354 1390; x_wconf 86' lang='lat' dir='ltr'><strong>corporis</strong></span> <span class='ocrx_word' id='word_1_212' title='bbox 2397 1321 2580 1389; x_wconf 84' lang='lat' dir='ltr'><strong>potius</strong></span> <span class='ocrx_word' id='word_1_213' title='bbox 2616 1329 2674 1374; x_wconf 90' lang='lat' dir='ltr'><strong>et</strong></span> <span class='ocrx_word' id='word_1_214' title='bbox 2711 1320 2880 1374; x_wconf 89' lang='lat' dir='ltr'><strong>animi</strong></span> <span class='ocrx_word' id='word_1_215' title='bbox 2923 1320 3306 1376; x_wconf 65' lang='lat' dir='ltr'><strong>affectionibus</strong></span> <span class='ocrx_word' id='word_1_216' title='bbox 3357 1337 3560 1379; x_wconf 81' lang='lat' dir='ltr'><strong>causas</strong></span> <span class='ocrx_word' id='word_1_217' title='bbox 3594 1334 3681 1378; x_wconf 85' lang='lat' dir='ltr'><strong>at-</strong></span> 
     </span>
    </p>
   </div>
   <div class='ocr_carea' id='block_1_30' title="bbox 2106 1395 3685 1482">
    <p class='ocr_par' dir='ltr' id='par_1_30' title="bbox 2106 1395 3685 1482">
     <span class='ocr_line' id='line_1_30' title="bbox 2106 1395 3685 1482; baseline 0.005 -17"><span class='ocrx_word' id='word_1_218' title='bbox 2106 1411 2328 1465; x_wconf 87' lang='lat' dir='ltr'><strong>tribuct.</strong></span> <span class='ocrx_word' id='word_1_219' title='bbox 2360 1395 2496 1465; x_wconf 88' lang='lat' dir='ltr'><strong>Cum</strong></span> <span class='ocrx_word' id='word_1_220' title='bbox 2545 1428 2678 1482; x_wconf 79' lang='lat' dir='ltr'><strong>ergo</strong></span> <span class='ocrx_word' id='word_1_221' title='bbox 2722 1420 2833 1466; x_wconf 90' lang='lat' dir='ltr'><strong>&#39;una</strong></span> <span class='ocrx_word' id='word_1_222' title='bbox 2879 1420 3174 1468; x_wconf 81' lang='lat' dir='ltr'><strong>censeatur</strong></span> <span class='ocrx_word' id='word_1_223' title='bbox 3218 1422 3275 1468; x_wconf 85' lang='lat' dir='ltr'><strong>et</strong></span> <span class='ocrx_word' id='word_1_224' title='bbox 3324 1415 3397 1470; x_wconf 86' lang='lat' dir='ltr'><strong>sit</strong></span> <span class='ocrx_word' id='word_1_225' title='bbox 3432 1416 3487 1470; x_wconf 91' lang='lat' dir='ltr'><strong>in</strong></span> <span class='ocrx_word' id='word_1_226' title='bbox 3521 1415 3685 1474; x_wconf 85' lang='lat' dir='ltr'><strong>Patre</strong></span> 
     </span>
    </p>
   </div>
   <div class='ocr_carea' id='block_1_31' title="bbox 2106 1487 3684 1578">
    <p class='ocr_par' dir='ltr' id='par_1_31' title="bbox 2106 1487 3684 1578">
     <span class='ocr_line' id='line_1_31' title="bbox 2106 1487 3684 1578; baseline 0.005 -23"><span class='ocrx_word' id='word_1_227' title='bbox 2106 1516 2171 1555; x_wconf 89' lang='lat' dir='ltr'><strong>ac</strong></span> <span class='ocrx_word' id='word_1_228' title='bbox 2218 1487 2355 1555; x_wconf 64' lang='lat' dir='ltr'><strong>Filio</strong></span> <span class='ocrx_word' id='word_1_229' title='bbox 2409 1503 2632 1558; x_wconf 85' lang='lat' dir='ltr'><strong>deitatis</strong></span> <span class='ocrx_word' id='word_1_230' title='bbox 2691 1503 2964 1568; x_wconf 88' lang='lat' dir='ltr'><strong>delinitio,</strong></span> <span class='ocrx_word' id='word_1_231' title='bbox 3020 1508 3116 1558; x_wconf 80' lang='lat' dir='ltr'><strong>aut</strong></span> <span class='ocrx_word' id='word_1_232' title='bbox 3181 1507 3684 1578; x_wconf 89' lang='lat' dir='ltr'><strong>quomodocunque</strong></span> 
     </span>
    </p>
   </div>
   <div class='ocr_carea' id='block_1_32' title="bbox 2103 1592 3745 1669">
    <p class='ocr_par' dir='ltr' id='par_1_32' title="bbox 2103 1592 3745 1669">
     <span class='ocr_line' id='line_1_32' title="bbox 2103 1592 3745 1669; baseline 0.007 -25"><span class='ocrx_word' id='word_1_233' title='bbox 2103 1592 2269 1661; x_wconf 77' lang='lat'><strong>850</strong></span> <span class='ocrx_word' id='word_1_234' title='bbox 2299 1608 2417 1646; x_wconf 90' lang='lat' dir='ltr'><strong>eam</strong></span> <span class='ocrx_word' id='word_1_235' title='bbox 2446 1595 2696 1648; x_wconf 90' lang='lat' dir='ltr'><strong>nomines</strong></span> <span class='ocrx_word' id='word_1_236' title='bbox 2730 1595 3152 1665; x_wconf 82' lang='lat' dir='ltr'><strong>(comparantur</strong></span> <span class='ocrx_word' id='word_1_237' title='bbox 3172 1597 3318 1650; x_wconf 88' lang='lat' dir='ltr'><strong>enim</strong></span> <span class='ocrx_word' id='word_1_238' title='bbox 3349 1607 3409 1652; x_wconf 91' lang='lat' dir='ltr'><strong>ut</strong></span> <span class='ocrx_word' id='word_1_239' title='bbox 3443 1601 3538 1669; x_wconf 90' lang='lat' dir='ltr'><strong>qui</strong></span> <span class='ocrx_word' id='word_1_240' title='bbox 3570 1601 3682 1655; x_wconf 90' lang='lat' dir='ltr'><strong>sint</strong></span> <span class='ocrx_word' id='word_1_241' title='bbox 3740 1624 3745 1629; x_wconf 54' lang='grc' dir='ltr'><strong>ι</strong></span> 
     </span>
    </p>
   </div>
   <div class='ocr_carea' id='block_1_33' title="bbox 2105 1683 3784 1754">
    <p class='ocr_par' dir='ltr' id='par_1_33' title="bbox 2105 1683 3784 1754">
     <span class='ocr_line' id='line_1_33' title="bbox 2105 1683 3784 1754; baseline 0.006 -16"><span class='ocrx_word' id='word_1_242' title='bbox 2105 1683 2350 1753; x_wconf 87' lang='lat' dir='ltr'><strong>ejusdem</strong></span> <span class='ocrx_word' id='word_1_243' title='bbox 2387 1685 2628 1754; x_wconf 73' lang='lat' dir='ltr'><strong>generis,</strong></span> <span class='ocrx_word' id='word_1_244' title='bbox 2665 1691 2898 1754; x_wconf 88' lang='lat' dir='ltr'><strong>utarque</strong></span> <span class='ocrx_word' id='word_1_245' title='bbox 2934 1701 3126 1741; x_wconf 91' lang='lat' dir='ltr'><strong>eorum</strong></span> <span class='ocrx_word' id='word_1_246' title='bbox 3161 1689 3348 1744; x_wconf 86' lang='lat' dir='ltr'><strong>verbis</strong></span> <span class='ocrx_word' id='word_1_247' title='bbox 3381 1690 3451 1744; x_wconf 92' lang='lat' dir='ltr'><strong>ob</strong></span> <span class='ocrx_word' id='word_1_248' title='bbox 3494 1707 3684 1747; x_wconf 89' lang='lat' dir='ltr'><strong>neces-</strong></span> <span class='ocrx_word' id='word_1_249' title='bbox 3772 1715 3784 1722; x_wconf 66' lang='grc' dir='ltr'><em>ο</em></span> 
     </span>
    </p>
   </div>
   <div class='ocr_carea' id='block_1_34' title="bbox 418 1761 2005 1851">
    <p class='ocr_par' dir='ltr' id='par_1_34' title="bbox 418 1775 2005 1850">
     <span class='ocr_line' id='line_1_34' title="bbox 418 1775 2005 1850; baseline 0.003 -22"><span class='ocrx_word' id='word_1_250' title='bbox 418 1775 867 1843; x_wconf 54' lang='grc' dir='ltr'><strong>’σκέπτηταῃτὺν</strong></span> <span class='ocrx_word' id='word_1_251' title='bbox 891 1776 990 1846; x_wconf 89' lang='grc' dir='ltr'><strong>μὲν</strong></span> <span class='ocrx_word' id='word_1_252' title='bbox 1033 1777 1131 1845; x_wconf 86' lang='grc' dir='ltr'><strong>τῆς</strong></span> <span class='ocrx_word' id='word_1_253' title='bbox 1158 1777 1339 1840; x_wconf 79' lang='grc' dir='ltr'><strong>αἰτίας</strong></span> <span class='ocrx_word' id='word_1_254' title='bbox 1363 1775 1476 1849; x_wconf 75' lang='grc' dir='ltr'><strong>[γρ.</strong></span> <span class='ocrx_word' id='word_1_255' title='bbox 1503 1778 1718 1850; x_wconf 78' lang='grc' dir='ltr'><strong>οὐσίας]</strong></span> <span class='ocrx_word' id='word_1_256' title='bbox 1750 1779 1875 1850; x_wconf 84' lang='grc' dir='ltr'><strong>ὅρον</strong></span> <span class='ocrx_word' id='word_1_257' title='bbox 1906 1780 2005 1833; x_wconf 85' lang='grc' dir='ltr'><strong>οὐκ</strong></span> 
     </span>
    </p>
   </div>
   <div class='ocr_carea' id='block_1_35' title="bbox 2103 1761 3680 1851">
    <p class='ocr_par' dir='ltr' id='par_1_35' title="bbox 2106 1774 3680 1851">
     <span class='ocr_line' id='line_1_35' title="bbox 2106 1774 3680 1851; baseline 0.004 -20"><span class='ocrx_word' id='word_1_258' title='bbox 2106 1774 2307 1831; x_wconf 89' lang='lat' dir='ltr'><strong>sariam</strong></span> <span class='ocrx_word' id='word_1_259' title='bbox 2340 1776 2418 1831; x_wconf 88' lang='lat' dir='ltr'><strong>rei</strong></span> <span class='ocrx_word' id='word_1_260' title='bbox 2443 1776 2913 1847; x_wconf 79' lang='lat' dir='ltr'><strong>explicationem),</strong></span> <span class='ocrx_word' id='word_1_261' title='bbox 2943 1778 3177 1832; x_wconf 86' lang='lat' dir='ltr'><strong>doceant</strong></span> <span class='ocrx_word' id='word_1_262' title='bbox 3202 1780 3391 1837; x_wconf 84' lang='lat' dir='ltr'><strong>miseri</strong></span> <span class='ocrx_word' id='word_1_263' title='bbox 3417 1783 3680 1851; x_wconf 83' lang='lat' dir='ltr'><strong>quidnam</strong></span> 
     </span>
    </p>
   </div>
   <div class='ocr_carea' id='block_1_36' title="bbox 431 1867 2007 1941">
    <p class='ocr_par' dir='ltr' id='par_1_36' title="bbox 431 1867 2007 1941">
     <span class='ocr_line' id='line_1_36' title="bbox 431 1867 2007 1941; baseline 0.002 -21"><span class='ocrx_word' id='word_1_264' title='bbox 431 1868 758 1932; x_wconf 67' lang='grc' dir='ltr'><strong>αἰτιάσεται,</strong></span> <span class='ocrx_word' id='word_1_265' title='bbox 785 1867 979 1922; x_wconf 86' lang='grc' dir='ltr'><strong>πάθεσι</strong></span> <span class='ocrx_word' id='word_1_266' title='bbox 1008 1867 1065 1922; x_wconf 78' lang='grc' dir='ltr'><strong>δὲ</strong></span> <span class='ocrx_word' id='word_1_267' title='bbox 1105 1868 1305 1938; x_wconf 80' lang='grc' dir='ltr'><strong>μᾶλλον</strong></span> <span class='ocrx_word' id='word_1_268' title='bbox 1346 1871 1680 1939; x_wconf 80' lang='grc' dir='ltr'><strong>σωματικοῖς</strong></span> <span class='ocrx_word' id='word_1_269' title='bbox 1709 1870 1876 1941; x_wconf 79' lang='grc' dir='ltr'><strong>ήγουν</strong></span> <span class='ocrx_word' id='word_1_270' title='bbox 1903 1870 2007 1941; x_wconf 78' lang='grc' dir='ltr'><strong>ψυ-</strong></span> 
     </span>
    </p>
   </div>
   <div class='ocr_carea' id='block_1_37' title="bbox 415 1959 2009 2033">
    <p class='ocr_par' dir='ltr' id='par_1_37' title="bbox 415 1959 2009 2033">
     <span class='ocr_line' id='line_1_37' title="bbox 415 1959 2009 2033; baseline 0.001 -18"><span class='ocrx_word' id='word_1_271' title='bbox 415 1960 604 2029; x_wconf 73' lang='grc' dir='ltr'><strong>χικοῖς</strong></span> <span class='ocrx_word' id='word_1_272' title='bbox 632 1959 917 2031; x_wconf 80' lang='grc' dir='ltr'><strong>ἀνατίθησι</strong></span> <span class='ocrx_word' id='word_1_273' title='bbox 958 1959 1057 2027; x_wconf 76' lang='grc' dir='ltr'><strong>τὰς</strong></span> <span class='ocrx_word' id='word_1_274' title='bbox 1089 1960 1289 2023; x_wconf 78' lang='grc' dir='ltr'><strong>αἰτίας.</strong></span> <span class='ocrx_word' id='word_1_275' title='bbox 1337 1960 1487 2024; x_wconf 83' lang='grc' dir='ltr'><strong>Ἐνὸς</strong></span> <span class='ocrx_word' id='word_1_276' title='bbox 1528 1961 1819 2033; x_wconf 71' lang='grc' dir='ltr'><strong>τοιγαροῦν</strong></span> <span class='ocrx_word' id='word_1_277' title='bbox 1857 1980 2009 2016; x_wconf 82' lang='grc' dir='ltr'><strong>νοου-</strong></span> 
     </span>
    </p>
   </div>
   <div class='ocr_carea' id='block_1_38' title="bbox 420 2046 2007 2121">
    <p class='ocr_par' dir='ltr' id='par_1_38' title="bbox 420 2046 2007 2121">
     <span class='ocr_line' id='line_1_38' title="bbox 420 2046 2007 2121; baseline 0.004 -22"><span class='ocrx_word' id='word_1_278' title='bbox 420 2046 596 2116; x_wconf 80' lang='grc' dir='ltr'><strong>μένου</strong></span> <span class='ocrx_word' id='word_1_279' title='bbox 625 2064 684 2101; x_wconf 82' lang='grc' dir='ltr'><strong>τε</strong></span> <span class='ocrx_word' id='word_1_280' title='bbox 714 2048 807 2102; x_wconf 64' lang='grc' dir='ltr'><strong>καὶ⁸</strong></span> <span class='ocrx_word' id='word_1_281' title='bbox 833 2048 984 2112; x_wconf 83' lang='grc' dir='ltr'><strong>δντος</strong></span> <span class='ocrx_word' id='word_1_282' title='bbox 1031 2049 1125 2102; x_wconf 72' lang='grc' dir='ltr'><strong>ἐπί</strong></span> <span class='ocrx_word' id='word_1_283' title='bbox 1155 2065 1215 2102; x_wconf 90' lang='grc' dir='ltr'><strong>τε</strong></span> <span class='ocrx_word' id='word_1_284' title='bbox 1245 2048 1456 2119; x_wconf 82' lang='grc' dir='ltr'><strong>Πατρὸς</strong></span> <span class='ocrx_word' id='word_1_285' title='bbox 1485 2049 1580 2103; x_wconf 76' lang='grc' dir='ltr'><strong>καὶ</strong></span> <span class='ocrx_word' id='word_1_286' title='bbox 1602 2049 1734 2103; x_wconf 86' lang='grc' dir='ltr'><strong>Υἰοῦ</strong></span> <span class='ocrx_word' id='word_1_287' title='bbox 1755 2051 1854 2121; x_wconf 82' lang='grc' dir='ltr'><strong>τῆς</strong></span> <span class='ocrx_word' id='word_1_288' title='bbox 1885 2051 2007 2105; x_wconf 69' lang='lat'><strong>056-</strong></span> 
     </span>
    </p>
   </div>
   <div class='ocr_carea' id='block_1_39' title="bbox 428 2138 2005 2213">
    <p class='ocr_par' dir='ltr' id='par_1_39' title="bbox 428 2138 2005 2213">
     <span class='ocr_line' id='line_1_39' title="bbox 428 2138 2005 2213; baseline 0.004 -23"><span class='ocrx_word' id='word_1_289' title='bbox 428 2156 591 2209; x_wconf 80' lang='grc' dir='ltr'><strong>τητος</strong></span> <span class='ocrx_word' id='word_1_290' title='bbox 627 2140 779 2211; x_wconf 84' lang='grc' dir='ltr'><strong>ὅρου,</strong></span> <span class='ocrx_word' id='word_1_291' title='bbox 826 2139 860 2211; x_wconf 73' lang='grc' dir='ltr'>ἦ</span> <span class='ocrx_word' id='word_1_292' title='bbox 903 2141 1051 2205; x_wconf 82' lang='grc' dir='ltr'><strong>ὅπως</strong></span> <span class='ocrx_word' id='word_1_293' title='bbox 1084 2140 1159 2195; x_wconf 62' lang='grc' dir='ltr'><strong>ἄν</strong></span> <span class='ocrx_word' id='word_1_294' title='bbox 1205 2157 1291 2203; x_wconf 89' lang='grc' dir='ltr'><strong>τις</strong></span> <span class='ocrx_word' id='word_1_295' title='bbox 1319 2138 1491 2194; x_wconf 88' lang='grc' dir='ltr'><strong>εἰπὼν</strong></span> <span class='ocrx_word' id='word_1_296' title='bbox 1518 2140 1618 2194; x_wconf 82' lang='grc' dir='ltr'><strong>οὐκ</strong></span> <span class='ocrx_word' id='word_1_297' title='bbox 1639 2141 1706 2194; x_wconf 81' lang='grc' dir='ltr'>ἂν</span> <span class='ocrx_word' id='word_1_298' title='bbox 1732 2140 1830 2194; x_wconf 89' lang='grc' dir='ltr'><strong>τοῦ</strong></span> <span class='ocrx_word' id='word_1_299' title='bbox 1871 2142 2005 2213; x_wconf 79' lang='grc' dir='ltr'><strong>πρέ-</strong></span> 
     </span>
    </p>
   </div>
   <div class='ocr_carea' id='block_1_40' title="bbox 429 2229 2001 2305">
    <p class='ocr_par' dir='ltr' id='par_1_40' title="bbox 429 2229 2001 2305">
     <span class='ocr_line' id='line_1_40' title="bbox 429 2229 2001 2305; baseline 0.004 -23"><span class='ocrx_word' id='word_1_300' title='bbox 429 2247 626 2305; x_wconf 81' lang='grc' dir='ltr'><strong>ποντος</strong></span> <span class='ocrx_word' id='word_1_301' title='bbox 666 2229 927 2301; x_wconf 76' lang='grc' dir='ltr'><strong>ὲξοίχοιτο</strong></span> <span class='ocrx_word' id='word_1_302' title='bbox 986 2231 1389 2303; x_wconf 87' lang='grc' dir='ltr'><strong>(συγκρίνονται</strong></span> <span class='ocrx_word' id='word_1_303' title='bbox 1426 2231 1535 2303; x_wconf 83' lang='grc' dir='ltr'><strong>γὰρ</strong></span> <span class='ocrx_word' id='word_1_304' title='bbox 1591 2231 1666 2297; x_wconf 86' lang='grc' dir='ltr'><strong>ὡς</strong></span> <span class='ocrx_word' id='word_1_305' title='bbox 1695 2233 2001 2304; x_wconf 79' lang='grc' dir='ltr'><strong>ὁμογενεῖς,</strong></span> 
     </span>
    </p>
   </div>
   <div class='ocr_carea' id='block_1_41' title="bbox 428 2318 2001 2395">
    <p class='ocr_par' dir='ltr' id='par_1_41' title="bbox 428 2318 2001 2395">
     <span class='ocr_line' id='line_1_41' title="bbox 428 2318 2001 2395; baseline 0.006 -23"><span class='ocrx_word' id='word_1_306' title='bbox 428 2322 770 2391; x_wconf 80' lang='grc' dir='ltr'><strong>κεχρήσομαι</strong></span> <span class='ocrx_word' id='word_1_307' title='bbox 798 2322 855 2375; x_wconf 83' lang='grc' dir='ltr'><strong>δὲ</strong></span> <span class='ocrx_word' id='word_1_308' title='bbox 887 2318 974 2375; x_wconf 74' lang='grc' dir='ltr'><strong>διὰ</strong></span> <span class='ocrx_word' id='word_1_309' title='bbox 1003 2324 1103 2393; x_wconf 79' lang='grc' dir='ltr'><strong>τὴν</strong></span> <span class='ocrx_word' id='word_1_310' title='bbox 1135 2322 1383 2395; x_wconf 82' lang='grc' dir='ltr'><strong>ἀνάγκην</strong></span> <span class='ocrx_word' id='word_1_311' title='bbox 1410 2323 1505 2377; x_wconf 88' lang='grc' dir='ltr'><strong>τοῦ</strong></span> <span class='ocrx_word' id='word_1_312' title='bbox 1529 2322 1881 2395; x_wconf 80' lang='grc' dir='ltr'><strong>θεωρήματος</strong></span> <span class='ocrx_word' id='word_1_313' title='bbox 1907 2328 2001 2381; x_wconf 81' lang='grc' dir='ltr'><strong>καὶ</strong></span> 
     </span>
    </p>
   </div>
   <div class='ocr_carea' id='block_1_42' title="bbox 428 2411 2055 2488">
    <p class='ocr_par' dir='ltr' id='par_1_42' title="bbox 428 2411 2055 2488">
     <span class='ocr_line' id='line_1_42' title="bbox 428 2411 2055 2488; baseline 0.004 -24"><span class='ocrx_word' id='word_1_314' title='bbox 428 2411 542 2475; x_wconf 78' lang='grc' dir='ltr'><strong>τοῖς</strong></span> <span class='ocrx_word' id='word_1_315' title='bbox 562 2411 728 2466; x_wconf 81' lang='grc' dir='ltr'><strong>αὐτοῦ</strong></span> <span class='ocrx_word' id='word_1_316' title='bbox 767 2413 990 2483; x_wconf 78' lang='grc' dir='ltr'><strong>λόγοις),</strong></span> <span class='ocrx_word' id='word_1_317' title='bbox 1039 2414 1402 2469; x_wconf 81' lang='grc' dir='ltr'><strong>διδασκόντων</strong></span> <span class='ocrx_word' id='word_1_318' title='bbox 1450 2416 1499 2468; x_wconf 88' lang='grc' dir='ltr'><strong>οἰ</strong></span> <span class='ocrx_word' id='word_1_319' title='bbox 1552 2415 1782 2479; x_wconf 84' lang='grc' dir='ltr'><strong>τάλανες</strong></span> <span class='ocrx_word' id='word_1_320' title='bbox 1812 2418 1865 2469; x_wconf 88' lang='grc' dir='ltr'><strong>τί</strong></span> <span class='ocrx_word' id='word_1_321' title='bbox 1891 2417 1999 2488; x_wconf 85' lang='grc' dir='ltr'><strong>ἄρα</strong></span> <span class='ocrx_word' id='word_1_322' title='bbox 2040 2436 2055 2449; x_wconf 73' lang='grc'><em>’</em></span> 
     </span>
    </p>
   </div>
   <div class='ocr_carea' id='block_1_43' title="bbox 435 2502 1997 2576">
    <p class='ocr_par' dir='ltr' id='par_1_43' title="bbox 435 2502 1997 2576">
     <span class='ocr_line' id='line_1_43' title="bbox 435 2502 1997 2576; baseline 0.004 -21"><span class='ocrx_word' id='word_1_323' title='bbox 435 2502 710 2573; x_wconf 80' lang='grc' dir='ltr'><strong>νομίζουσι</strong></span> <span class='ocrx_word' id='word_1_324' title='bbox 738 2506 1156 2576; x_wconf 81' lang='grc' dir='ltr'><strong>παρασκευάσαι</strong></span> <span class='ocrx_word' id='word_1_325' title='bbox 1182 2505 1275 2559; x_wconf 78' lang='grc' dir='ltr'><strong>τὸν</strong></span> <span class='ocrx_word' id='word_1_326' title='bbox 1302 2506 1434 2560; x_wconf 86' lang='grc' dir='ltr'>Υίὸν</span> <span class='ocrx_word' id='word_1_327' title='bbox 1460 2509 1516 2560; x_wconf 80' lang='grc' dir='ltr'><strong>ὲν</strong></span> <span class='ocrx_word' id='word_1_328' title='bbox 1541 2508 1821 2562; x_wconf 77' lang='grc' dir='ltr'><strong>ἐλάττοσιν</strong></span> <span class='ocrx_word' id='word_1_329' title='bbox 1855 2504 1997 2563; x_wconf 77' lang='grc' dir='ltr'><strong>εἶναι</strong></span> 
     </span>
    </p>
   </div>
   <div class='ocr_carea' id='block_1_44' title="bbox 433 2591 1999 2670">
    <p class='ocr_par' dir='ltr' id='par_1_44' title="bbox 433 2591 1999 2670">
     <span class='ocr_line' id='line_1_44' title="bbox 433 2591 1999 2670; baseline 0.004 -25"><span class='ocrx_word' id='word_1_330' title='bbox 433 2593 529 2646; x_wconf 87' lang='grc' dir='ltr'><strong>τοῦ</strong></span> <span class='ocrx_word' id='word_1_331' title='bbox 573 2593 706 2648; x_wconf 86' lang='grc' dir='ltr'><strong>Θεοῦ</strong></span> <span class='ocrx_word' id='word_1_332' title='bbox 751 2596 846 2649; x_wconf 75' lang='grc' dir='ltr'><strong>καὶ</strong></span> <span class='ocrx_word' id='word_1_333' title='bbox 890 2591 1304 2668; x_wconf 73' lang='grc' dir='ltr'><strong>ΠατρόςςἋρα</strong></span> <span class='ocrx_word' id='word_1_334' title='bbox 1349 2597 1541 2662; x_wconf 82' lang='grc' dir='ltr'><strong>πάθος,</strong></span> <span class='ocrx_word' id='word_1_335' title='bbox 1574 2598 1882 2670; x_wconf 57' lang='grc' dir='ltr'><strong>ἢςραθυμία</strong></span> <span class='ocrx_word' id='word_1_336' title='bbox 1904 2603 1999 2653; x_wconf 71' lang='grc' dir='ltr'><strong>καὶ</strong></span> 
     </span>
    </p>
   </div>
   <div class='ocr_carea' id='block_1_45' title="bbox 2103 1864 3684 1937">
    <p class='ocr_par' dir='ltr' id='par_1_45' title="bbox 2103 1864 3684 1937">
     <span class='ocr_line' id='line_1_45' title="bbox 2103 1864 3684 1937; baseline 0.005 -18"><span class='ocrx_word' id='word_1_337' title='bbox 2103 1864 2354 1921; x_wconf 68' lang='lat' dir='ltr'><strong>olfecisse</strong></span> <span class='ocrx_word' id='word_1_338' title='bbox 2394 1874 2588 1937; x_wconf 87' lang='lat' dir='ltr'><strong>putent</strong></span> <span class='ocrx_word' id='word_1_339' title='bbox 2632 1875 2692 1922; x_wconf 90' lang='lat' dir='ltr'><strong>ut</strong></span> <span class='ocrx_word' id='word_1_340' title='bbox 2733 1868 2845 1924; x_wconf 88' lang='lat' dir='ltr'><strong>Deo</strong></span> <span class='ocrx_word' id='word_1_341' title='bbox 2877 1883 2943 1922; x_wconf 90' lang='lat' dir='ltr'><strong>ac</strong></span> <span class='ocrx_word' id='word_1_342' title='bbox 2970 1867 3132 1925; x_wconf 82' lang='lat' dir='ltr'><strong>Patre</strong></span> <span class='ocrx_word' id='word_1_343' title='bbox 3164 1871 3347 1925; x_wconf 87' lang='lat' dir='ltr'><strong>minor</strong></span> <span class='ocrx_word' id='word_1_344' title='bbox 3381 1872 3454 1927; x_wconf 91' lang='lat' dir='ltr'><strong>sit</strong></span> <span class='ocrx_word' id='word_1_345' title='bbox 3478 1871 3684 1928; x_wconf 81' lang='lat' dir='ltr'><strong>Filius?</strong></span> 
     </span>
    </p>
   </div>
   <div class='ocr_carea' id='block_1_46' title="bbox 2102 1953 3682 2031">
    <p class='ocr_par' dir='ltr' id='par_1_46' title="bbox 2102 1953 3682 2031">
     <span class='ocr_line' id='line_1_46' title="bbox 2102 1953 3682 2031; baseline 0.003 -20"><span class='ocrx_word' id='word_1_346' title='bbox 2102 1953 2245 2031; x_wconf 71' lang='lat' dir='ltr'><strong>Num</strong></span> <span class='ocrx_word' id='word_1_347' title='bbox 2281 1957 2533 2024; x_wconf 80' lang='lat' dir='ltr'><strong>morbus,</strong></span> <span class='ocrx_word' id='word_1_348' title='bbox 2565 1973 2696 2012; x_wconf 91' lang='lat' dir='ltr'><strong>num</strong></span> <span class='ocrx_word' id='word_1_349' title='bbox 2746 1958 3012 2029; x_wconf 75' lang='lat' dir='ltr'><strong>segnities</strong></span> <span class='ocrx_word' id='word_1_350' title='bbox 3060 1965 3116 2014; x_wconf 91' lang='lat' dir='ltr'><strong>et</strong></span> <span class='ocrx_word' id='word_1_351' title='bbox 3157 1976 3502 2031; x_wconf 65' lang='lat' dir='ltr'><strong>quaecunque</strong></span> <span class='ocrx_word' id='word_1_352' title='bbox 3533 1965 3682 2018; x_wconf 81' lang='lat' dir='ltr'><strong>acci-</strong></span> 
     </span>
    </p>
   </div>
   <div class='ocr_carea' id='block_1_47' title="bbox 2102 2047 3682 2126">
    <p class='ocr_par' dir='ltr' id='par_1_47' title="bbox 2102 2047 3682 2126">
     <span class='ocr_line' id='line_1_47' title="bbox 2102 2047 3682 2126; baseline 0.006 -24"><span class='ocrx_word' id='word_1_353' title='bbox 2102 2047 2233 2103; x_wconf 88' lang='lat' dir='ltr'><strong>dere</strong></span> <span class='ocrx_word' id='word_1_354' title='bbox 2264 2050 2442 2104; x_wconf 90' lang='lat' dir='ltr'><strong>solent</strong></span> <span class='ocrx_word' id='word_1_355' title='bbox 2491 2050 2560 2105; x_wconf 92' lang='lat' dir='ltr'><strong>iis</strong></span> <span class='ocrx_word' id='word_1_356' title='bbox 2599 2050 2805 2121; x_wconf 89' lang='lat' dir='ltr'><strong>quibus</strong></span> <span class='ocrx_word' id='word_1_357' title='bbox 2834 2059 2920 2106; x_wconf 91' lang='lat' dir='ltr'><strong>est</strong></span> <span class='ocrx_word' id='word_1_358' title='bbox 2952 2060 3149 2107; x_wconf 90' lang='lat' dir='ltr'><strong>natura</strong></span> <span class='ocrx_word' id='word_1_359' title='bbox 3189 2054 3417 2109; x_wconf 82' lang='lat' dir='ltr'><strong>creata?</strong></span> <span class='ocrx_word' id='word_1_360' title='bbox 3451 2056 3521 2110; x_wconf 82' lang='lat' dir='ltr'><strong>At</strong></span> <span class='ocrx_word' id='word_1_361' title='bbox 3554 2058 3682 2126; x_wconf 75' lang='lat' dir='ltr'><strong>quis</strong></span> 
     </span>
    </p>
   </div>
   <div class='ocr_carea' id='block_1_48' title="bbox 2103 2139 3686 2215">
    <p class='ocr_par' dir='ltr' id='par_1_48' title="bbox 2103 2139 3686 2215">
     <span class='ocr_line' id='line_1_48' title="bbox 2103 2139 3686 2215; baseline 0.006 -22"><span class='ocrx_word' id='word_1_362' title='bbox 2103 2139 2180 2193; x_wconf 80' lang='lat' dir='ltr'><strong>ita</strong></span> <span class='ocrx_word' id='word_1_363' title='bbox 2212 2139 2425 2197; x_wconf 86' lang='lat' dir='ltr'><strong>delirus</strong></span> <span class='ocrx_word' id='word_1_364' title='bbox 2457 2149 2510 2196; x_wconf 84' lang='lat' dir='ltr'><strong>et</strong></span> <span class='ocrx_word' id='word_1_365' title='bbox 2540 2142 2611 2197; x_wconf 90' lang='lat' dir='ltr'><strong>ab</strong></span> <span class='ocrx_word' id='word_1_366' title='bbox 2637 2142 2789 2203; x_wconf 86' lang='lat' dir='ltr'><strong>omni</strong></span> <span class='ocrx_word' id='word_1_367' title='bbox 2818 2143 3033 2199; x_wconf 88' lang='lat' dir='ltr'><strong>ratione</strong></span> <span class='ocrx_word' id='word_1_368' title='bbox 3066 2145 3284 2202; x_wconf 87' lang='lat' dir='ltr'><strong>alienus</strong></span> <span class='ocrx_word' id='word_1_369' title='bbox 3312 2148 3440 2215; x_wconf 90' lang='lat' dir='ltr'><strong>erit,</strong></span> <span class='ocrx_word' id='word_1_370' title='bbox 3471 2155 3530 2201; x_wconf 82' lang='lat' dir='ltr'><strong>ut</strong></span> <span class='ocrx_word' id='word_1_371' title='bbox 3560 2157 3686 2203; x_wconf 79' lang='lat' dir='ltr'><strong>tan-</strong></span> 
     </span>
    </p>
   </div>
   <div class='ocr_carea' id='block_1_49' title="bbox 2109 2230 3684 2301">
    <p class='ocr_par' dir='ltr' id='par_1_49' title="bbox 2109 2230 3684 2301">
     <span class='ocr_line' id='line_1_49' title="bbox 2109 2230 3684 2301; baseline 0.005 -17"><span class='ocrx_word' id='word_1_372' title='bbox 2109 2238 2220 2284; x_wconf 91' lang='lat' dir='ltr'><strong>tam</strong></span> <span class='ocrx_word' id='word_1_373' title='bbox 2274 2230 2674 2301; x_wconf 86' lang='lat' dir='ltr'><strong>blasphemiam</strong></span> <span class='ocrx_word' id='word_1_374' title='bbox 2725 2233 2811 2288; x_wconf 85' lang='lat' dir='ltr'><strong>vel</strong></span> <span class='ocrx_word' id='word_1_375' title='bbox 2860 2234 2919 2288; x_wconf 92' lang='lat' dir='ltr'><strong>in</strong></span> <span class='ocrx_word' id='word_1_376' title='bbox 2979 2248 3144 2290; x_wconf 86' lang='lat' dir='ltr'><strong>aures</strong></span> <span class='ocrx_word' id='word_1_377' title='bbox 3183 2236 3475 2294; x_wconf 85' lang='lat' dir='ltr'><strong>admittere</strong></span> <span class='ocrx_word' id='word_1_378' title='bbox 3514 2238 3684 2293; x_wconf 80' lang='lat' dir='ltr'><strong>velit?</strong></span> 
     </span>
    </p>
   </div>
   <div class='ocr_carea' id='block_1_50' title="bbox 2106 2322 3681 2396">
    <p class='ocr_par' dir='ltr' id='par_1_50' title="bbox 2106 2322 3681 2396">
     <span class='ocr_line' id='line_1_50' title="bbox 2106 2322 3681 2396; baseline 0.004 -17"><span class='ocrx_word' id='word_1_379' title='bbox 2106 2323 2243 2379; x_wconf 90' lang='lat' dir='ltr'><strong>Cum</strong></span> <span class='ocrx_word' id='word_1_380' title='bbox 2291 2339 2443 2396; x_wconf 81' lang='lat' dir='ltr'><strong>ergo,</strong></span> <span class='ocrx_word' id='word_1_381' title='bbox 2488 2334 2549 2379; x_wconf 93' lang='lat' dir='ltr'><strong>ut</strong></span> <span class='ocrx_word' id='word_1_382' title='bbox 2584 2326 2676 2394; x_wconf 90' lang='lat' dir='ltr'><strong>qui</strong></span> <span class='ocrx_word' id='word_1_383' title='bbox 2716 2325 2964 2395; x_wconf 83' lang='lat' dir='ltr'><strong>ejusdem</strong></span> <span class='ocrx_word' id='word_1_384' title='bbox 3007 2336 3094 2384; x_wconf 89' lang='lat' dir='ltr'><strong>est</strong></span> <span class='ocrx_word' id='word_1_385' title='bbox 3126 2322 3251 2384; x_wconf 88' lang='lat' dir='ltr'><strong>cum</strong></span> <span class='ocrx_word' id='word_1_386' title='bbox 3298 2332 3536 2384; x_wconf 87' lang='lat' dir='ltr'><strong>naturali</strong></span> <span class='ocrx_word' id='word_1_387' title='bbox 3570 2331 3681 2386; x_wconf 84' lang='lat' dir='ltr'><strong>Deo</strong></span> 
     </span>
    </p>
   </div>
   <div class='ocr_carea' id='block_1_51' title="bbox 2105 2415 3677 2487">
    <p class='ocr_par' dir='ltr' id='par_1_51' title="bbox 2105 2415 3677 2487">
     <span class='ocr_line' id='line_1_51' title="bbox 2105 2415 3677 2487; baseline 0.004 -17"><span class='ocrx_word' id='word_1_388' title='bbox 2105 2417 2346 2486; x_wconf 77' lang='lat' dir='ltr'><strong>generis,</strong></span> <span class='ocrx_word' id='word_1_389' title='bbox 2381 2415 2524 2472; x_wconf 87' lang='lat' dir='ltr'><strong>Deus</strong></span> <span class='ocrx_word' id='word_1_390' title='bbox 2563 2417 2681 2486; x_wconf 88' lang='lat' dir='ltr'><strong>ipse</strong></span> <span class='ocrx_word' id='word_1_391' title='bbox 2711 2433 2934 2487; x_wconf 89' lang='lat' dir='ltr'><strong>quoque</strong></span> <span class='ocrx_word' id='word_1_392' title='bbox 2980 2420 3054 2474; x_wconf 89' lang='lat' dir='ltr'><strong>sit</strong></span> <span class='ocrx_word' id='word_1_393' title='bbox 3082 2421 3389 2475; x_wconf 86' lang='lat' dir='ltr'><strong>secundum</strong></span> <span class='ocrx_word' id='word_1_394' title='bbox 3422 2431 3677 2477; x_wconf 90' lang='lat' dir='ltr'><strong>naturam</strong></span> 
     </span>
    </p>
   </div>
   <div class='ocr_carea' id='block_1_52' title="bbox 2104 2508 3679 2583">
    <p class='ocr_par' dir='ltr' id='par_1_52' title="bbox 2104 2508 3679 2583">
     <span class='ocr_line' id='line_1_52' title="bbox 2104 2508 3679 2583; baseline 0.004 -22"><span class='ocrx_word' id='word_1_395' title='bbox 2104 2511 2479 2578; x_wconf 84' lang='lat' dir='ltr'><strong>(comparatur</strong></span> <span class='ocrx_word' id='word_1_396' title='bbox 2519 2509 2667 2564; x_wconf 91' lang='lat' dir='ltr'><strong>enim</strong></span> <span class='ocrx_word' id='word_1_397' title='bbox 2702 2508 2877 2576; x_wconf 79' lang='lat' dir='ltr'><strong>Patri,</strong></span> <span class='ocrx_word' id='word_1_398' title='bbox 2916 2527 3021 2566; x_wconf 85' lang='lat' dir='ltr'><strong>nec</strong></span> <span class='ocrx_word' id='word_1_399' title='bbox 3067 2512 3368 2583; x_wconf 87' lang='lat' dir='ltr'><strong>quidquam</strong></span> <span class='ocrx_word' id='word_1_400' title='bbox 3424 2515 3679 2583; x_wconf 82' lang='lat' dir='ltr'><strong>prohibet</strong></span> 
     </span>
    </p>
   </div>
   <div class='ocr_carea' id='block_1_53' title="bbox 2102 2600 3681 2675">
    <p class='ocr_par' dir='ltr' id='par_1_53' title="bbox 2102 2600 3681 2675">
     <span class='ocr_line' id='line_1_53' title="bbox 2102 2600 3681 2675; baseline 0.005 -22"><span class='ocrx_word' id='word_1_401' title='bbox 2102 2600 2404 2668; x_wconf 84' lang='lat' dir='ltr'><strong>quominus</strong></span> <span class='ocrx_word' id='word_1_402' title='bbox 2434 2604 2507 2656; x_wconf 89' lang='lat' dir='ltr'><strong>sit</strong></span> <span class='ocrx_word' id='word_1_403' title='bbox 2540 2600 2688 2655; x_wconf 88' lang='lat' dir='ltr'><strong>Patri</strong></span> <span class='ocrx_word' id='word_1_404' title='bbox 2750 2603 2993 2674; x_wconf 80' lang='lat' dir='ltr'><strong>similis),</strong></span> <span class='ocrx_word' id='word_1_405' title='bbox 3027 2606 3302 2675; x_wconf 89' lang='lat' dir='ltr'><strong>quomodo</strong></span> <span class='ocrx_word' id='word_1_406' title='bbox 3340 2608 3521 2661; x_wconf 92' lang='lat' dir='ltr'><strong>minor</strong></span> <span class='ocrx_word' id='word_1_407' title='bbox 3562 2608 3681 2663; x_wconf 74' lang='lat' dir='ltr'><strong>esz?</strong></span> 
     </span>
    </p>
   </div>
   <div class='ocr_carea' id='block_1_54' title="bbox 416 2680 3675 2766">
    <p class='ocr_par' dir='ltr' id='par_1_54' title="bbox 416 2680 3675 2766">
     <span class='ocr_line' id='line_1_54' title="bbox 416 2680 3675 2766; baseline 0.004 -30"><span class='ocrx_word' id='word_1_408' title='bbox 416 2680 536 2737; x_wconf 66' lang='grc' dir='ltr'><strong>έόσα</strong></span> <span class='ocrx_word' id='word_1_409' title='bbox 556 2685 874 2756; x_wconf 79' lang='grc' dir='ltr'><strong>συμϐαίνειν</strong></span> <span class='ocrx_word' id='word_1_410' title='bbox 922 2682 1031 2740; x_wconf 80' lang='grc' dir='ltr'><strong>οἶδε</strong></span> <span class='ocrx_word' id='word_1_411' title='bbox 1053 2689 1167 2750; x_wconf 81' lang='grc' dir='ltr'><strong>τοῖς</strong></span> <span class='ocrx_word' id='word_1_412' title='bbox 1188 2687 1423 2758; x_wconf 83' lang='grc' dir='ltr'><strong>γενητὴν</strong></span> <span class='ocrx_word' id='word_1_413' title='bbox 1454 2688 1637 2760; x_wconf 78' lang='grc' dir='ltr'><strong>ἔχουσι</strong></span> <span class='ocrx_word' id='word_1_414' title='bbox 1680 2689 1778 2760; x_wconf 84' lang='grc' dir='ltr'><strong>τὴν</strong></span> <span class='ocrx_word' id='word_1_415' title='bbox 1829 2690 2021 2757; x_wconf 67' lang='lat' dir='ltr'><strong>quiem;</strong></span> <span class='ocrx_word' id='word_1_416' title='bbox 2069 2686 2206 2744; x_wconf 78' lang='grc' dir='ltr'><strong>Εἶτα</strong></span> <span class='ocrx_word' id='word_1_417' title='bbox 2261 2691 2345 2754; x_wconf 84' lang='grc' dir='ltr'><strong>τίς</strong></span> <span class='ocrx_word' id='word_1_418' title='bbox 2380 2690 2522 2744; x_wconf 80' lang='grc' dir='ltr'><strong>οὕτω</strong></span> <span class='ocrx_word' id='word_1_419' title='bbox 2566 2691 2796 2763; x_wconf 84' lang='grc' dir='ltr'><strong>ληρήσει</strong></span> <span class='ocrx_word' id='word_1_420' title='bbox 2849 2694 2943 2746; x_wconf 77' lang='grc' dir='ltr'><strong>καὶ</strong></span> <span class='ocrx_word' id='word_1_421' title='bbox 2969 2692 3299 2748; x_wconf 79' lang='grc' dir='ltr'><strong>διακείσεται</strong></span> <span class='ocrx_word' id='word_1_422' title='bbox 3323 2696 3675 2766; x_wconf 85' lang='grc' dir='ltr'><strong>παραλόγως,</strong></span> 
     </span>
    </p>
   </div>
   <div class='ocr_carea' id='block_1_55' title="bbox 370 2772 3679 2857">
    <p class='ocr_par' dir='ltr' id='par_1_55' title="bbox 370 2772 3679 2857">
     <span class='ocr_line' id='line_1_55' title="bbox 370 2772 3679 2857; baseline 0.004 -32"><span class='ocrx_word' id='word_1_423' title='bbox 370 2808 375 2813; x_wconf 97' lang='grc'><strong>-</strong></span> <span class='ocrx_word' id='word_1_424' title='bbox 431 2772 507 2837; x_wconf 81' lang='grc' dir='ltr'><strong>ὡς</strong></span> <span class='ocrx_word' id='word_1_425' title='bbox 546 2776 642 2829; x_wconf 74' lang='grc' dir='ltr'><strong>καὶ</strong></span> <span class='ocrx_word' id='word_1_426' title='bbox 681 2776 840 2846; x_wconf 87' lang='grc' dir='ltr'><strong>μόνον</strong></span> <span class='ocrx_word' id='word_1_427' title='bbox 867 2775 1194 2845; x_wconf 82' lang='grc' dir='ltr'><strong>ἀνασχέσθαι</strong></span> <span class='ocrx_word' id='word_1_428' title='bbox 1225 2776 1328 2832; x_wconf 82' lang='grc' dir='ltr'>κᾶν</span> <span class='ocrx_word' id='word_1_429' title='bbox 1351 2779 1481 2847; x_wconf 87' lang='grc' dir='ltr'><strong>γοῦν</strong></span> <span class='ocrx_word' id='word_1_430' title='bbox 1507 2780 1587 2841; x_wconf 87' lang='grc' dir='ltr'><strong>εἰς</strong></span> <span class='ocrx_word' id='word_1_431' title='bbox 1626 2774 1719 2843; x_wconf 83' lang='grc' dir='ltr'><strong>οὖς</strong></span> <span class='ocrx_word' id='word_1_432' title='bbox 1754 2779 1974 2834; x_wconf 76' lang='grc' dir='ltr'><strong>ἑλέσθαι</strong></span> <span class='ocrx_word' id='word_1_433' title='bbox 1994 2777 2492 2852; x_wconf 69' lang='grc' dir='ltr'><strong>τὴνβλασφημίανς</strong></span> <span class='ocrx_word' id='word_1_434' title='bbox 2532 2783 2660 2836; x_wconf 84' lang='grc' dir='ltr'><strong>Ὅτε</strong></span> <span class='ocrx_word' id='word_1_435' title='bbox 2678 2783 2878 2845; x_wconf 89' lang='grc' dir='ltr'><strong>τοίνυν,</strong></span> <span class='ocrx_word' id='word_1_436' title='bbox 2906 2785 2982 2848; x_wconf 83' lang='grc' dir='ltr'><strong>ὼς</strong></span> <span class='ocrx_word' id='word_1_437' title='bbox 3013 2785 3279 2856; x_wconf 79' lang='grc' dir='ltr'><strong>ὁμογενὴς</strong></span> <span class='ocrx_word' id='word_1_438' title='bbox 3313 2787 3573 2857; x_wconf 78' lang='grc' dir='ltr'><strong>ὑπάρχων</strong></span> <span class='ocrx_word' id='word_1_439' title='bbox 3598 2787 3679 2857; x_wconf 81' lang='grc' dir='ltr'><strong>τῷ</strong></span> 
     </span>
    </p>
   </div>
   <div class='ocr_carea' id='block_1_56' title="bbox 436 2864 3677 2950">
    <p class='ocr_par' dir='ltr' id='par_1_56' title="bbox 436 2864 3677 2950">
     <span class='ocr_line' id='line_1_56' title="bbox 436 2864 3677 2950; baseline 0.005 -34"><span class='ocrx_word' id='word_1_440' title='bbox 436 2864 576 2918; x_wconf 74' lang='grc' dir='ltr'><strong>κατὰ</strong></span> <span class='ocrx_word' id='word_1_441' title='bbox 606 2865 768 2933; x_wconf 79' lang='grc' dir='ltr'><strong>φύσιν</strong></span> <span class='ocrx_word' id='word_1_442' title='bbox 794 2866 932 2939; x_wconf 81' lang='grc' dir='ltr'><strong>Θεῷ,</strong></span> <span class='ocrx_word' id='word_1_443' title='bbox 958 2868 1089 2932; x_wconf 86' lang='grc' dir='ltr'><strong>Θεός</strong></span> <span class='ocrx_word' id='word_1_444' title='bbox 1133 2869 1252 2923; x_wconf 77' lang='grc' dir='ltr'><strong>ἐστι</strong></span> <span class='ocrx_word' id='word_1_445' title='bbox 1290 2869 1531 2938; x_wconf 89' lang='grc' dir='ltr'><strong>δηλονότι</strong></span> <span class='ocrx_word' id='word_1_446' title='bbox 1554 2871 1700 2926; x_wconf 88' lang='grc' dir='ltr'><strong>κατά</strong></span> <span class='ocrx_word' id='word_1_447' title='bbox 1731 2873 1894 2941; x_wconf 85' lang='grc' dir='ltr'><strong>φύσιν</strong></span> <span class='ocrx_word' id='word_1_448' title='bbox 1959 2874 2055 2927; x_wconf 74' lang='grc' dir='ltr'><strong>καὶ</strong></span> <span class='ocrx_word' id='word_1_449' title='bbox 2092 2873 2255 2939; x_wconf 79' lang='grc' dir='ltr'><strong>αὐτὸς</strong></span> <span class='ocrx_word' id='word_1_450' title='bbox 2296 2875 2672 2946; x_wconf 86' lang='grc' dir='ltr'><strong>(συγκρίνεται</strong></span> <span class='ocrx_word' id='word_1_451' title='bbox 2719 2875 2828 2948; x_wconf 87' lang='grc' dir='ltr'><strong>γὰρ</strong></span> <span class='ocrx_word' id='word_1_452' title='bbox 2874 2876 2954 2948; x_wconf 83' lang='grc' dir='ltr'><strong>τῷ</strong></span> <span class='ocrx_word' id='word_1_453' title='bbox 3000 2878 3197 2950; x_wconf 74' lang='grc' dir='ltr'><strong>Πατρὶ,</strong></span> <span class='ocrx_word' id='word_1_454' title='bbox 3243 2878 3568 2933; x_wconf 86' lang='grc' dir='ltr'><strong>διακωλύσει</strong></span> <span class='ocrx_word' id='word_1_455' title='bbox 3618 2879 3677 2932; x_wconf 76' lang='grc' dir='ltr'><strong>δὲ</strong></span> 
     </span>
    </p>
   </div>
   <div class='ocr_carea' id='block_1_57' title="bbox 433 2957 2229 3035">
    <p class='ocr_par' dir='ltr' id='par_1_57' title="bbox 433 2957 2229 3035">
     <span class='ocr_line' id='line_1_57' title="bbox 433 2957 2229 3035; baseline 0.006 -25"><span class='ocrx_word' id='word_1_456' title='bbox 433 2957 578 3012; x_wconf 66' lang='grc' dir='ltr'><strong>οὐδὲν</strong></span> <span class='ocrx_word' id='word_1_457' title='bbox 601 2958 665 3012; x_wconf 84' lang='grc' dir='ltr'><strong>τὸ</strong></span> <span class='ocrx_word' id='word_1_458' title='bbox 696 2959 957 3025; x_wconf 80' lang='grc' dir='ltr'><strong>ὡσαύτως</strong></span> <span class='ocrx_word' id='word_1_459' title='bbox 1006 2961 1150 3033; x_wconf 77' lang='grc' dir='ltr'><strong>ἔχειν</strong></span> <span class='ocrx_word' id='word_1_460' title='bbox 1182 2962 1259 3034; x_wconf 83' lang='grc' dir='ltr'><strong>τῷ</strong></span> <span class='ocrx_word' id='word_1_461' title='bbox 1305 2963 1578 3035; x_wconf 80' lang='grc' dir='ltr'><strong>φύσαντι),</strong></span> <span class='ocrx_word' id='word_1_462' title='bbox 1620 2964 1740 3030; x_wconf 85' lang='grc' dir='ltr'><strong>πῶς</strong></span> <span class='ocrx_word' id='word_1_463' title='bbox 1777 2964 2014 3020; x_wconf 71' lang='grc' dir='ltr'><strong>ἐλάττων</strong></span> <span class='ocrx_word' id='word_1_464' title='bbox 2046 2966 2229 3035; x_wconf 76' lang='grc' dir='ltr'><strong>ἑστίνς</strong></span> 
     </span>
    </p>
   </div>
   <div class='ocr_carea' id='block_1_58' title="bbox 404 3051 2005 3150">
    <p class='ocr_par' dir='ltr' id='par_1_58' title="bbox 404 3074 2000 3150">
     <span class='ocr_line' id='line_1_58' title="bbox 404 3074 2000 3150; baseline 0.006 -25"><span class='ocrx_word' id='word_1_465' title='bbox 404 3094 415 3105; x_wconf 69' lang='grc' dir='ltr'><strong><em>ο</em></strong></span> <span class='ocrx_word' id='word_1_466' title='bbox 514 3074 735 3146; x_wconf 82' lang='grc' dir='ltr'><strong>Ἐπειδὴ</strong></span> <span class='ocrx_word' id='word_1_467' title='bbox 763 3074 821 3128; x_wconf 76' lang='grc' dir='ltr'><strong>δὲ</strong></span> <span class='ocrx_word' id='word_1_468' title='bbox 846 3075 1199 3146; x_wconf 75' lang='grc' dir='ltr'><strong>ἀμαθέστατά</strong></span> <span class='ocrx_word' id='word_1_469' title='bbox 1228 3095 1289 3132; x_wconf 87' lang='grc' dir='ltr'><strong>τε</strong></span> <span class='ocrx_word' id='word_1_470' title='bbox 1317 3080 1413 3133; x_wconf 68' lang='grc' dir='ltr'><strong>καὶ</strong></span> <span class='ocrx_word' id='word_1_471' title='bbox 1450 3079 1773 3150; x_wconf 82' lang='grc' dir='ltr'><strong>ἀλογώτατα</strong></span> <span class='ocrx_word' id='word_1_472' title='bbox 1799 3083 1857 3136; x_wconf 82' lang='grc' dir='ltr'><strong>ὲν</strong></span> <span class='ocrx_word' id='word_1_473' title='bbox 1886 3084 2000 3146; x_wconf 86' lang='grc' dir='ltr'><strong>τοῖς</strong></span> 
     </span>
    </p>
   </div>
   <div class='ocr_carea' id='block_1_59' title="bbox 2103 3051 3678 3150">
    <p class='ocr_par' dir='ltr' id='par_1_59' title="bbox 2169 3051 3678 3148">
     <span class='ocr_line' id='line_1_59' title="bbox 2169 3051 3678 3148; baseline 0.003 -12"><span class='ocrx_word' id='word_1_474' title='bbox 2169 3081 2439 3148; x_wconf 86' lang='lat' dir='ltr'><strong>Quoniam</strong></span> <span class='ocrx_word' id='word_1_475' title='bbox 2489 3051 2671 3138; x_wconf 84' lang='lat' dir='ltr'><strong>autem</strong></span> <span class='ocrx_word' id='word_1_476' title='bbox 2708 3081 2965 3138; x_wconf 81' lang='lat' dir='ltr'><strong>veritatis</strong></span> <span class='ocrx_word' id='word_1_477' title='bbox 3007 3081 3188 3138; x_wconf 91' lang='lat' dir='ltr'><strong>hostis</strong></span> <span class='ocrx_word' id='word_1_478' title='bbox 3214 3083 3545 3140; x_wconf 88' lang='lat' dir='ltr'><strong>stultissime</strong></span> <span class='ocrx_word' id='word_1_479' title='bbox 3593 3085 3678 3141; x_wconf 88' lang='lat' dir='ltr'><strong>di-</strong></span> 
     </span>
    </p>
   </div>
   <div class='ocr_carea' id='block_1_60' title="bbox 434 3163 2002 3242">
    <p class='ocr_par' dir='ltr' id='par_1_60' title="bbox 434 3163 2002 3242">
     <span class='ocr_line' id='line_1_60' title="bbox 434 3163 2002 3242; baseline 0.008 -29"><span class='ocrx_word' id='word_1_480' title='bbox 434 3163 817 3233; x_wconf 84' lang='grc' dir='ltr'><strong>προκειμένοις</strong></span> <span class='ocrx_word' id='word_1_481' title='bbox 859 3163 1092 3231; x_wconf 79' lang='grc' dir='ltr'><strong>διεξιὼν,</strong></span> <span class='ocrx_word' id='word_1_482' title='bbox 1145 3167 1205 3220; x_wconf 79' lang='grc' dir='ltr'><strong>οὗ</strong></span> <span class='ocrx_word' id='word_1_483' title='bbox 1256 3168 1571 3223; x_wconf 83' lang='grc' dir='ltr'><strong>κατέδεισεν</strong></span> <span class='ocrx_word' id='word_1_484' title='bbox 1605 3172 1779 3224; x_wconf 82' lang='grc' dir='ltr'><strong>εἰπεῖν</strong></span> <span class='ocrx_word' id='word_1_485' title='bbox 1826 3171 1866 3223; x_wconf 79' lang='grc' dir='ltr'><strong>ὁ“</strong></span> <span class='ocrx_word' id='word_1_486' title='bbox 1902 3172 2002 3242; x_wconf 84' lang='grc' dir='ltr'><strong>τῆς</strong></span> 
     </span>
    </p>
   </div>
   <div class='ocr_carea' id='block_1_61' title="bbox 433 3253 1998 3332">
    <p class='ocr_par' dir='ltr' id='par_1_61' title="bbox 433 3253 1998 3332">
     <span class='ocr_line' id='line_1_61' title="bbox 433 3253 1998 3332; baseline 0.006 -26"><span class='ocrx_word' id='word_1_487' title='bbox 433 3253 691 3323; x_wconf 79' lang='grc' dir='ltr'><strong>ἀληθείας</strong></span> <span class='ocrx_word' id='word_1_488' title='bbox 715 3253 930 3326; x_wconf 74' lang='grc' dir='ltr'><strong>ἐχθρὸς,</strong></span> <span class='ocrx_word' id='word_1_489' title='bbox 960 3257 1042 3309; x_wconf 80' lang='grc' dir='ltr'><strong>ὅτι</strong></span> <span class='ocrx_word' id='word_1_490' title='bbox 1083 3256 1284 3327; x_wconf 76' lang='grc' dir='ltr'><strong>μείζων</strong></span> <span class='ocrx_word' id='word_1_491' title='bbox 1333 3261 1362 3312; x_wconf 88' lang='grc' dir='ltr'><strong>ό</strong></span> <span class='ocrx_word' id='word_1_492' title='bbox 1395 3259 1584 3331; x_wconf 83' lang='grc' dir='ltr'><strong>Πατὴρ</strong></span> <span class='ocrx_word' id='word_1_493' title='bbox 1620 3260 1724 3331; x_wconf 86' lang='grc' dir='ltr'><strong>τῆς</strong></span> <span class='ocrx_word' id='word_1_494' title='bbox 1747 3259 1998 3332; x_wconf 82' lang='grc' dir='ltr'><strong>θεότητος</strong></span> 
     </span>
    </p>
   </div>
   <div class='ocr_carea' id='block_1_62' title="bbox 430 3345 2000 3422">
    <p class='ocr_par' dir='ltr' id='par_1_62' title="bbox 430 3345 2000 3422">
     <span class='ocr_line' id='line_1_62' title="bbox 430 3345 2000 3422; baseline 0.006 -26"><span class='ocrx_word' id='word_1_495' title='bbox 430 3348 527 3398; x_wconf 88' lang='grc' dir='ltr'><strong>τοῦ</strong></span> <span class='ocrx_word' id='word_1_496' title='bbox 554 3345 707 3411; x_wconf 84' lang='grc' dir='ltr'><strong>Υἰοῦ,</strong></span> <span class='ocrx_word' id='word_1_497' title='bbox 734 3346 866 3417; x_wconf 83' lang='grc' dir='ltr'><strong>φέρε</strong></span> <span class='ocrx_word' id='word_1_498' title='bbox 916 3348 1015 3417; x_wconf 80' lang='grc' dir='ltr'><strong>τῆς</strong></span> <span class='ocrx_word' id='word_1_499' title='bbox 1046 3349 1183 3419; x_wconf 86' lang='grc' dir='ltr'><strong>μετὰ</strong></span> <span class='ocrx_word' id='word_1_500' title='bbox 1213 3349 1416 3420; x_wconf 75' lang='grc' dir='ltr'><strong>σαρκὸς</strong></span> <span class='ocrx_word' id='word_1_501' title='bbox 1442 3351 1752 3422; x_wconf 81' lang='grc' dir='ltr'><strong>οἰκονομίας</strong></span> <span class='ocrx_word' id='word_1_502' title='bbox 1788 3353 1881 3406; x_wconf 87' lang='grc' dir='ltr'><strong>τὸν</strong></span> <span class='ocrx_word' id='word_1_503' title='bbox 1913 3353 2000 3406; x_wconf 81' lang='grc' dir='ltr'><strong>λό-</strong></span> 
     </span>
    </p>
   </div>
   <div class='ocr_carea' id='block_1_63' title="bbox 431 3436 2005 3515">
    <p class='ocr_par' dir='ltr' id='par_1_63' title="bbox 431 3436 2005 3515">
     <span class='ocr_line' id='line_1_63' title="bbox 431 3436 2005 3515; baseline 0.005 -26"><span class='ocrx_word' id='word_1_504' title='bbox 431 3452 527 3504; x_wconf 75' lang='grc' dir='ltr'><strong>γον</strong></span> <span class='ocrx_word' id='word_1_505' title='bbox 554 3436 727 3508; x_wconf 85' lang='grc' dir='ltr'><strong>βραχύ</strong></span> <span class='ocrx_word' id='word_1_506' title='bbox 761 3455 812 3490; x_wconf 91' lang='grc' dir='ltr'><strong>τι</strong></span> <span class='ocrx_word' id='word_1_507' title='bbox 842 3439 1301 3508; x_wconf 85' lang='grc' dir='ltr'><strong>περιστείλαντες,</strong></span> <span class='ocrx_word' id='word_1_508' title='bbox 1321 3442 1417 3496; x_wconf 75' lang='grc' dir='ltr'><strong>καὶ</strong></span> <span class='ocrx_word' id='word_1_509' title='bbox 1450 3442 1547 3511; x_wconf 80' lang='grc' dir='ltr'><strong>τῆς</strong></span> <span class='ocrx_word' id='word_1_510' title='bbox 1576 3442 1686 3496; x_wconf 83' lang='grc' dir='ltr'><strong>τῶν</strong></span> <span class='ocrx_word' id='word_1_511' title='bbox 1709 3444 2005 3515; x_wconf 87' lang='grc' dir='ltr'><strong>προκειμέ-</strong></span> 
     </span>
    </p>
   </div>
   <div class='ocr_carea' id='block_1_64' title="bbox 426 3529 2005 3606">
    <p class='ocr_par' dir='ltr' id='par_1_64' title="bbox 426 3529 2005 3606">
     <span class='ocr_line' id='line_1_64' title="bbox 426 3529 2005 3606; baseline 0.005 -24"><span class='ocrx_word' id='word_1_512' title='bbox 426 3543 540 3583; x_wconf 78' lang='grc' dir='ltr'><strong>νων</strong></span> <span class='ocrx_word' id='word_1_513' title='bbox 565 3529 771 3592; x_wconf 80' lang='grc' dir='ltr'><strong>ἐννοίας</strong></span> <span class='ocrx_word' id='word_1_514' title='bbox 825 3530 1199 3597; x_wconf 79' lang='grc' dir='ltr'><strong>άποδιελόντες</strong></span> <span class='ocrx_word' id='word_1_515' title='bbox 1242 3533 1332 3587; x_wconf 80' lang='grc' dir='ltr'><strong>διὰ</strong></span> <span class='ocrx_word' id='word_1_516' title='bbox 1359 3533 1450 3588; x_wconf 86' lang='grc' dir='ltr'><strong>τὸν</strong></span> <span class='ocrx_word' id='word_1_517' title='bbox 1485 3533 1725 3606; x_wconf 75' lang='grc' dir='ltr'><strong>ἔλεγχον,</strong></span> <span class='ocrx_word' id='word_1_518' title='bbox 1757 3536 1857 3606; x_wconf 82' lang='grc' dir='ltr'><strong>τὴν</strong></span> <span class='ocrx_word' id='word_1_519' title='bbox 1887 3536 2005 3590; x_wconf 84' lang='grc' dir='ltr'><strong>θεό-</strong></span> 
     </span>
    </p>
   </div>
   <div class='ocr_carea' id='block_1_65' title="bbox 428 3619 2006 3699">
    <p class='ocr_par' dir='ltr' id='par_1_65' title="bbox 428 3619 2006 3699">
     <span class='ocr_line' id='line_1_65' title="bbox 428 3619 2006 3699; baseline 0.006 -26"><span class='ocrx_word' id='word_1_520' title='bbox 428 3637 573 3692; x_wconf 83' lang='grc' dir='ltr'><strong>τητα</strong></span> <span class='ocrx_word' id='word_1_521' title='bbox 607 3619 699 3674; x_wconf 88' lang='grc' dir='ltr'><strong>τοῦ</strong></span> <span class='ocrx_word' id='word_1_522' title='bbox 730 3621 861 3677; x_wconf 85' lang='grc' dir='ltr'><strong>Υἰοῦ</strong></span> <span class='ocrx_word' id='word_1_523' title='bbox 898 3625 965 3693; x_wconf 84' lang='grc' dir='ltr'><strong>τῇ</strong></span> <span class='ocrx_word' id='word_1_524' title='bbox 1003 3622 1096 3676; x_wconf 89' lang='grc' dir='ltr'><strong>τοῦ</strong></span> <span class='ocrx_word' id='word_1_525' title='bbox 1142 3625 1354 3695; x_wconf 70' lang='grc' dir='ltr'><strong>Πατρός</strong></span> <span class='ocrx_word' id='word_1_526' title='bbox 1415 3627 1815 3699; x_wconf 85' lang='grc' dir='ltr'><strong>συγκρίνωμεν,</strong></span> <span class='ocrx_word' id='word_1_527' title='bbox 1861 3629 2006 3683; x_wconf 86' lang='grc' dir='ltr'><strong>κατά</strong></span> 
     </span>
    </p>
   </div>
   <div class='ocr_carea' id='block_1_66' title="bbox 432 3711 2004 3788">
    <p class='ocr_par' dir='ltr' id='par_1_66' title="bbox 432 3711 2004 3788">
     <span class='ocr_line' id='line_1_66' title="bbox 432 3711 2004 3788; baseline 0.006 -24"><span class='ocrx_word' id='word_1_528' title='bbox 432 3727 497 3780; x_wconf 78' lang='grc' dir='ltr'><strong>γε</strong></span> <span class='ocrx_word' id='word_1_529' title='bbox 518 3711 611 3765; x_wconf 77' lang='grc' dir='ltr'><strong>τὸν</strong></span> <span class='ocrx_word' id='word_1_530' title='bbox 626 3712 848 3766; x_wconf 67' lang='grc' dir='ltr'><strong>ἐκείνων</strong></span> <span class='ocrx_word' id='word_1_531' title='bbox 879 3712 1057 3782; x_wconf 90' lang='grc' dir='ltr'><strong>λόγον,</strong></span> <span class='ocrx_word' id='word_1_532' title='bbox 1095 3715 1270 3769; x_wconf 73' lang='grc' dir='ltr'><strong>ἐκεῖνο</strong></span> <span class='ocrx_word' id='word_1_533' title='bbox 1295 3715 1359 3788; x_wconf 84' lang='grc' dir='ltr'><strong>δὴ</strong></span> <span class='ocrx_word' id='word_1_534' title='bbox 1384 3718 1602 3788; x_wconf 83' lang='grc' dir='ltr'><strong>πρῶτον</strong></span> <span class='ocrx_word' id='word_1_535' title='bbox 1640 3721 1813 3774; x_wconf 81' lang='grc' dir='ltr'><strong>εἰπεῖν</strong></span> <span class='ocrx_word' id='word_1_536' title='bbox 1835 3721 2004 3775; x_wconf 85' lang='grc' dir='ltr'><strong>άπαι-</strong></span> 
     </span>
    </p>
   </div>
   <div class='ocr_carea' id='block_1_67' title="bbox 433 3801 2005 3881">
    <p class='ocr_par' dir='ltr' id='par_1_67' title="bbox 433 3801 2005 3881">
     <span class='ocr_line' id='line_1_67' title="bbox 433 3801 2005 3881; baseline 0.006 -28"><span class='ocrx_word' id='word_1_537' title='bbox 433 3801 701 3873; x_wconf 74' lang='grc' dir='ltr'><strong>τήσαντες</strong></span> <span class='ocrx_word' id='word_1_538' title='bbox 726 3801 818 3855; x_wconf 82' lang='grc' dir='ltr'><strong>τὸν</strong></span> <span class='ocrx_word' id='word_1_539' title='bbox 836 3802 995 3856; x_wconf 86' lang='grc' dir='ltr'><strong>τοῦτο</strong></span> <span class='ocrx_word' id='word_1_540' title='bbox 1024 3804 1191 3872; x_wconf 82' lang='grc' dir='ltr'><strong>φάναι</strong></span> <span class='ocrx_word' id='word_1_541' title='bbox 1219 3804 1585 3875; x_wconf 85' lang='grc' dir='ltr'><strong>τολμήσαντα,</strong></span> <span class='ocrx_word' id='word_1_542' title='bbox 1619 3808 1845 3881; x_wconf 88' lang='grc' dir='ltr'><strong>πότερόν</strong></span> <span class='ocrx_word' id='word_1_543' title='bbox 1873 3825 2005 3862; x_wconf 83' lang='grc' dir='ltr'><strong>ποτε</strong></span> 
     </span>
    </p>
   </div>
   <div class='ocr_carea' id='block_1_68' title="bbox 434 3893 2001 3973">
    <p class='ocr_par' dir='ltr' id='par_1_68' title="bbox 434 3893 2001 3973">
     <span class='ocr_line' id='line_1_68' title="bbox 434 3893 2001 3973; baseline 0.006 -28"><span class='ocrx_word' id='word_1_544' title='bbox 434 3893 565 3946; x_wconf 78' lang='grc' dir='ltr'><strong>Θεὸν</strong></span> <span class='ocrx_word' id='word_1_545' title='bbox 597 3894 727 3947; x_wconf 74' lang='grc' dir='ltr'><strong>ὄντα</strong></span> <span class='ocrx_word' id='word_1_546' title='bbox 776 3894 915 3948; x_wconf 81' lang='grc' dir='ltr'><strong>κατά</strong></span> <span class='ocrx_word' id='word_1_547' title='bbox 948 3893 1111 3963; x_wconf 82' lang='grc' dir='ltr'><strong>φύσιν</strong></span> <span class='ocrx_word' id='word_1_548' title='bbox 1148 3896 1412 3969; x_wconf 81' lang='grc' dir='ltr'><strong>ὑπάρχειν</strong></span> <span class='ocrx_word' id='word_1_549' title='bbox 1449 3897 1618 3951; x_wconf 77' lang='grc' dir='ltr'><strong>οίεται</strong></span> <span class='ocrx_word' id='word_1_550' title='bbox 1652 3899 1744 3952; x_wconf 84' lang='grc' dir='ltr'><strong>τὸν</strong></span> <span class='ocrx_word' id='word_1_551' title='bbox 1796 3901 2001 3973; x_wconf 78' lang='grc' dir='ltr'><strong>Υἰὸν,ῆ</strong></span> 
     </span>
    </p>
   </div>
   <div class='ocr_carea' id='block_1_69' title="bbox 356 3982 2004 4061">
    <p class='ocr_par' dir='ltr' id='par_1_69' title="bbox 356 3982 2004 4061">
     <span class='ocr_line' id='line_1_69' title="bbox 356 3982 2004 4061; baseline 0.005 -24"><span class='ocrx_word' id='word_1_552' title='bbox 356 3982 365 3991; x_wconf 65' lang='grc'><strong><em>’</em></strong></span> <span class='ocrx_word' id='word_1_553' title='bbox 435 3985 624 4056; x_wconf 69' lang='grc' dir='ltr'><strong>ἕτερον</strong></span> <span class='ocrx_word' id='word_1_554' title='bbox 657 3986 758 4056; x_wconf 81' lang='grc' dir='ltr'><strong>μέν</strong></span> <span class='ocrx_word' id='word_1_555' title='bbox 779 4004 832 4039; x_wconf 91' lang='grc' dir='ltr'><strong>τι</strong></span> <span class='ocrx_word' id='word_1_556' title='bbox 856 3986 1005 4059; x_wconf 84' lang='grc' dir='ltr'><strong>παρὰ</strong></span> <span class='ocrx_word' id='word_1_557' title='bbox 1032 3986 1208 4050; x_wconf 88' lang='grc' dir='ltr'><strong>τοῦτο,</strong></span> <span class='ocrx_word' id='word_1_558' title='bbox 1238 3987 1562 4058; x_wconf 80' lang='grc' dir='ltr'><strong>τετιμῆσθαί</strong></span> <span class='ocrx_word' id='word_1_559' title='bbox 1590 4005 1653 4058; x_wconf 89' lang='grc' dir='ltr'><strong>γε</strong></span> <span class='ocrx_word' id='word_1_560' title='bbox 1683 3989 1790 4060; x_wconf 79' lang='grc' dir='ltr'><strong>μὴν</strong></span> <span class='ocrx_word' id='word_1_561' title='bbox 1817 3992 1882 4061; x_wconf 75' lang='grc' dir='ltr'><strong>τῇ</strong></span> <span class='ocrx_word' id='word_1_562' title='bbox 1904 3993 2004 4061; x_wconf 81' lang='grc' dir='ltr'><strong>τῆς</strong></span> 
     </span>
    </p>
   </div>
   <div class='ocr_carea' id='block_1_70' title="bbox 435 4077 2005 4152">
    <p class='ocr_par' dir='ltr' id='par_1_70' title="bbox 435 4077 2005 4152">
     <span class='ocr_line' id='line_1_70' title="bbox 435 4077 2005 4152; baseline 0.003 -22"><span class='ocrx_word' id='word_1_563' title='bbox 435 4077 689 4150; x_wconf 85' lang='grc' dir='ltr'><strong>θεότητος</strong></span> <span class='ocrx_word' id='word_1_564' title='bbox 714 4079 925 4150; x_wconf 78' lang='grc' dir='ltr'><strong>κλήσει,</strong></span> <span class='ocrx_word' id='word_1_565' title='bbox 966 4078 1219 4151; x_wconf 86' lang='grc' dir='ltr'><strong>καθάπερ</strong></span> <span class='ocrx_word' id='word_1_566' title='bbox 1250 4077 1342 4133; x_wconf 83' lang='grc' dir='ltr'><strong>οὖν</strong></span> <span class='ocrx_word' id='word_1_567' title='bbox 1376 4079 1569 4151; x_wconf 84' lang='grc' dir='ltr'><strong>ἀμέλει</strong></span> <span class='ocrx_word' id='word_1_568' title='bbox 1597 4081 1781 4135; x_wconf 71' lang='grc' dir='ltr'><strong>πολλοὶ</strong></span> <span class='ocrx_word' id='word_1_569' title='bbox 1816 4084 1913 4152; x_wconf 80' lang='grc' dir='ltr'><strong>μὲν</strong></span> <span class='ocrx_word' id='word_1_570' title='bbox 1947 4086 2005 4137; x_wconf 80' lang='grc' dir='ltr'><strong>ὲν</strong></span> 
     </span>
    </p>
   </div>
   <div class='ocr_carea' id='block_1_71' title="bbox 435 4170 2006 4246">
    <p class='ocr_par' dir='ltr' id='par_1_71' title="bbox 435 4170 2006 4246">
     <span class='ocr_line' id='line_1_71' title="bbox 435 4170 2006 4246; baseline 0.004 -25"><span class='ocrx_word' id='word_1_571' title='bbox 435 4170 648 4242; x_wconf 79' lang='grc' dir='ltr'><strong>οὐρανῷ</strong></span> <span class='ocrx_word' id='word_1_572' title='bbox 694 4170 806 4225; x_wconf 72' lang='grc' dir='ltr'><strong>θεοὶ</strong></span> <span class='ocrx_word' id='word_1_573' title='bbox 850 4172 949 4225; x_wconf 81' lang='grc' dir='ltr'><strong>καὶ</strong></span> <span class='ocrx_word' id='word_1_574' title='bbox 990 4170 1194 4244; x_wconf 84' lang='grc' dir='ltr'><strong>κύριοι.</strong></span> <span class='ocrx_word' id='word_1_575' title='bbox 1224 4172 1414 4226; x_wconf 80' lang='grc' dir='ltr'><strong>πολλοὶ</strong></span> <span class='ocrx_word' id='word_1_576' title='bbox 1445 4172 1501 4225; x_wconf 88' lang='grc' dir='ltr'><strong>δὲ</strong></span> <span class='ocrx_word' id='word_1_577' title='bbox 1532 4173 1625 4227; x_wconf 82' lang='grc' dir='ltr'><strong>καὶ</strong></span> <span class='ocrx_word' id='word_1_578' title='bbox 1648 4173 1742 4226; x_wconf 73' lang='grc' dir='ltr'><strong>ἐπὶ</strong></span> <span class='ocrx_word' id='word_1_579' title='bbox 1764 4176 1864 4243; x_wconf 83' lang='grc' dir='ltr'><strong>τῆς</strong></span> <span class='ocrx_word' id='word_1_580' title='bbox 1900 4174 2006 4246; x_wconf 82' lang='grc' dir='ltr'><strong>γῆς</strong></span> 
     </span>
    </p>
   </div>
   <div class='ocr_carea' id='block_1_72' title="bbox 434 4258 2008 4337">
    <p class='ocr_par' dir='ltr' id='par_1_72' title="bbox 434 4258 2008 4337">
     <span class='ocr_line' id='line_1_72' title="bbox 434 4258 2008 4337; baseline 0.002 -22"><span class='ocrx_word' id='word_1_581' title='bbox 434 4258 575 4316; x_wconf 75' lang='grc' dir='ltr'><strong>εἶναι</strong></span> <span class='ocrx_word' id='word_1_582' title='bbox 597 4262 863 4331; x_wconf 81' lang='grc' dir='ltr'><strong>λέγονται.</strong></span> <span class='ocrx_word' id='word_1_583' title='bbox 898 4262 1388 4334; x_wconf 82' lang='grc' dir='ltr'><strong>Διαϐεϐαιουμένου</strong></span> <span class='ocrx_word' id='word_1_584' title='bbox 1425 4264 1522 4335; x_wconf 80' lang='grc' dir='ltr'><strong>μὲν</strong></span> <span class='ocrx_word' id='word_1_585' title='bbox 1568 4264 1677 4337; x_wconf 86' lang='grc' dir='ltr'><strong>γὰρ</strong></span> <span class='ocrx_word' id='word_1_586' title='bbox 1706 4263 1835 4336; x_wconf 78' lang='grc' dir='ltr'><strong>ψιλῇ</strong></span> <span class='ocrx_word' id='word_1_587' title='bbox 1864 4264 2008 4318; x_wconf 87' lang='grc' dir='ltr'><strong>δεδο-</strong></span> 
     </span>
    </p>
   </div>
   <div class='ocr_carea' id='block_1_73' title="bbox 439 4352 2005 4426">
    <p class='ocr_par' dir='ltr' id='par_1_73' title="bbox 439 4352 2005 4426">
     <span class='ocr_line' id='line_1_73' title="bbox 439 4352 2005 4426; baseline 0.002 -20"><span class='ocrx_word' id='word_1_588' title='bbox 439 4352 632 4416; x_wconf 80' lang='grc' dir='ltr'><strong>ξάσθαι</strong></span> <span class='ocrx_word' id='word_1_589' title='bbox 658 4354 1000 4425; x_wconf 78' lang='grc' dir='ltr'><strong>προσηγορίᾳ</strong></span> <span class='ocrx_word' id='word_1_590' title='bbox 1018 4354 1119 4424; x_wconf 83' lang='grc' dir='ltr'><strong>τῆς</strong></span> <span class='ocrx_word' id='word_1_591' title='bbox 1140 4354 1412 4425; x_wconf 88' lang='grc' dir='ltr'><strong>θεότητος,</strong></span> <span class='ocrx_word' id='word_1_592' title='bbox 1437 4355 1604 4426; x_wconf 80' lang='grc' dir='ltr'><strong>φημὶ,</strong></span> <span class='ocrx_word' id='word_1_593' title='bbox 1635 4355 1726 4409; x_wconf 81' lang='grc' dir='ltr'><strong>τὸν</strong></span> <span class='ocrx_word' id='word_1_594' title='bbox 1758 4356 1905 4417; x_wconf 84' lang='grc' dir='ltr'><strong>Υἰὸν,</strong></span> <span class='ocrx_word' id='word_1_595' title='bbox 1931 4354 2005 4426; x_wconf 76' lang='grc' dir='ltr'><strong>μὴ</strong></span> 
     </span>
    </p>
   </div>
   <div class='ocr_carea' id='block_1_74' title="bbox 2101 3171 3677 3243">
    <p class='ocr_par' dir='ltr' id='par_1_74' title="bbox 2101 3171 3677 3243">
     <span class='ocr_line' id='line_1_74' title="bbox 2101 3171 3677 3243; baseline 0.002 -15"><span class='ocrx_word' id='word_1_596' title='bbox 2101 3189 2223 3229; x_wconf 91' lang='lat' dir='ltr'><strong>cere</strong></span> <span class='ocrx_word' id='word_1_597' title='bbox 2254 3176 2462 3231; x_wconf 87' lang='lat' dir='ltr'><strong>veritus</strong></span> <span class='ocrx_word' id='word_1_598' title='bbox 2493 3190 2605 3230; x_wconf 90' lang='lat' dir='ltr'><strong>non</strong></span> <span class='ocrx_word' id='word_1_599' title='bbox 2629 3184 2715 3230; x_wconf 88' lang='lat' dir='ltr'><strong>est</strong></span> <span class='ocrx_word' id='word_1_600' title='bbox 2740 3174 2945 3229; x_wconf 86' lang='lat' dir='ltr'><strong>deitale</strong></span> <span class='ocrx_word' id='word_1_601' title='bbox 2973 3171 3099 3226; x_wconf 86' lang='lat' dir='ltr'><strong>Filii</strong></span> <span class='ocrx_word' id='word_1_602' title='bbox 3133 3173 3397 3243; x_wconf 88' lang='lat' dir='ltr'><strong>majorem</strong></span> <span class='ocrx_word' id='word_1_603' title='bbox 3428 3191 3551 3231; x_wconf 84' lang='lat' dir='ltr'><strong>esse</strong></span> <span class='ocrx_word' id='word_1_604' title='bbox 3575 3176 3677 3231; x_wconf 86' lang='lat' dir='ltr'><strong>Pa-</strong></span> 
     </span>
    </p>
   </div>
   <div class='ocr_carea' id='block_1_75' title="bbox 2100 3263 3674 3334">
    <p class='ocr_par' dir='ltr' id='par_1_75' title="bbox 2100 3263 3674 3334">
     <span class='ocr_line' id='line_1_75' title="bbox 2100 3263 3674 3334; baseline 0.002 -17"><span class='ocrx_word' id='word_1_605' title='bbox 2100 3273 2260 3325; x_wconf 89' lang='lat' dir='ltr'><strong>trem,</strong></span> <span class='ocrx_word' id='word_1_606' title='bbox 2293 3264 2523 3332; x_wconf 81' lang='lat' dir='ltr'><strong>agedum</strong></span> <span class='ocrx_word' id='word_1_607' title='bbox 2573 3263 2975 3318; x_wconf 88' lang='lat' dir='ltr'><strong>incarnationis</strong></span> <span class='ocrx_word' id='word_1_608' title='bbox 3032 3276 3343 3317; x_wconf 85' lang='lat' dir='ltr'><strong>sermonem</strong></span> <span class='ocrx_word' id='word_1_609' title='bbox 3389 3265 3674 3334; x_wconf 90' lang='lat' dir='ltr'><strong>paululum</strong></span> 
     </span>
    </p>
   </div>
   <div class='ocr_carea' id='block_1_76' title="bbox 2101 3353 3678 3424">
    <p class='ocr_par' dir='ltr' id='par_1_76' title="bbox 2101 3353 3678 3424">
     <span class='ocr_line' id='line_1_76' title="bbox 2101 3353 3678 3424; baseline 0 -15"><span class='ocrx_word' id='word_1_610' title='bbox 2101 3355 2510 3418; x_wconf 89' lang='lat' dir='ltr'><strong>contrahentes,</strong></span> <span class='ocrx_word' id='word_1_611' title='bbox 2532 3363 2588 3409; x_wconf 87' lang='lat' dir='ltr'><strong>et</strong></span> <span class='ocrx_word' id='word_1_612' title='bbox 2615 3370 2647 3408; x_wconf 92' lang='lat' dir='ltr'><strong>a</strong></span> <span class='ocrx_word' id='word_1_613' title='bbox 2681 3369 2861 3408; x_wconf 90' lang='lat' dir='ltr'><strong>rerum</strong></span> <span class='ocrx_word' id='word_1_614' title='bbox 2893 3353 3300 3424; x_wconf 84' lang='lat' dir='ltr'><strong>propositarum</strong></span> <span class='ocrx_word' id='word_1_615' title='bbox 3331 3370 3496 3409; x_wconf 90' lang='lat' dir='ltr'><strong>sensu</strong></span> <span class='ocrx_word' id='word_1_616' title='bbox 3531 3358 3678 3410; x_wconf 82' lang='lat' dir='ltr'><strong>avel-</strong></span> 
     </span>
    </p>
   </div>
   <div class='ocr_carea' id='block_1_77' title="bbox 2104 3444 3675 3516">
    <p class='ocr_par' dir='ltr' id='par_1_77' title="bbox 2104 3444 3675 3516">
     <span class='ocr_line' id='line_1_77' title="bbox 2104 3444 3675 3516; baseline 0.001 -17"><span class='ocrx_word' id='word_1_617' title='bbox 2104 3445 2280 3500; x_wconf 88' lang='lat' dir='ltr'><strong>lentes</strong></span> <span class='ocrx_word' id='word_1_618' title='bbox 2324 3452 2549 3516; x_wconf 86' lang='lat' dir='ltr'><strong>propter</strong></span> <span class='ocrx_word' id='word_1_619' title='bbox 2579 3445 3093 3514; x_wconf 87' lang='lat' dir='ltr'><strong>reprehensionem,</strong></span> <span class='ocrx_word' id='word_1_620' title='bbox 3133 3444 3396 3499; x_wconf 87' lang='lat' dir='ltr'><strong>deitatem</strong></span> <span class='ocrx_word' id='word_1_621' title='bbox 3428 3444 3574 3508; x_wconf 85' lang='lat' dir='ltr'><strong>Filii,</strong></span> <span class='ocrx_word' id='word_1_622' title='bbox 3615 3455 3675 3500; x_wconf 90' lang='lat' dir='ltr'><strong>nt</strong></span> 
     </span>
    </p>
   </div>
   <div class='ocr_carea' id='block_1_78' title="bbox 2104 3532 3677 3605">
    <p class='ocr_par' dir='ltr' id='par_1_78' title="bbox 2104 3532 3677 3605">
     <span class='ocr_line' id='line_1_78' title="bbox 2104 3532 3677 3605; baseline -0.002 -16"><span class='ocrx_word' id='word_1_623' title='bbox 2104 3535 2205 3604; x_wconf 91' lang='lat' dir='ltr'><strong>ipsi</strong></span> <span class='ocrx_word' id='word_1_624' title='bbox 2240 3536 2559 3605; x_wconf 85' lang='lat' dir='ltr'><strong>loquuntur,</strong></span> <span class='ocrx_word' id='word_1_625' title='bbox 2587 3549 2711 3589; x_wconf 90' lang='lat' dir='ltr'><strong>cum</strong></span> <span class='ocrx_word' id='word_1_626' title='bbox 2743 3532 2925 3589; x_wconf 89' lang='lat' dir='ltr'><strong>Patris</strong></span> <span class='ocrx_word' id='word_1_627' title='bbox 2945 3533 3148 3588; x_wconf 86' lang='lat' dir='ltr'><strong>deilate</strong></span> <span class='ocrx_word' id='word_1_628' title='bbox 3177 3532 3555 3599; x_wconf 80' lang='lat' dir='ltr'><strong>conferamus,</strong></span> <span class='ocrx_word' id='word_1_629' title='bbox 3588 3550 3677 3587; x_wconf 83' lang='lat' dir='ltr'><strong>ro-</strong></span> 
     </span>
    </p>
   </div>
   <div class='ocr_carea' id='block_1_79' title="bbox 2102 3624 3677 3698">
    <p class='ocr_par' dir='ltr' id='par_1_79' title="bbox 2102 3624 3677 3698">
     <span class='ocr_line' id='line_1_79' title="bbox 2102 3624 3677 3698; baseline 0.001 -19"><span class='ocrx_word' id='word_1_630' title='bbox 2102 3637 2294 3698; x_wconf 82' lang='lat' dir='ltr'><strong>gantes</strong></span> <span class='ocrx_word' id='word_1_631' title='bbox 2326 3635 2385 3682; x_wconf 94' lang='lat' dir='ltr'><strong>ut</strong></span> <span class='ocrx_word' id='word_1_632' title='bbox 2420 3628 2515 3697; x_wconf 89' lang='lat' dir='ltr'><strong>qui</strong></span> <span class='ocrx_word' id='word_1_633' title='bbox 2549 3626 2681 3681; x_wconf 86' lang='lat' dir='ltr'><strong>talia</strong></span> <span class='ocrx_word' id='word_1_634' title='bbox 2716 3624 2903 3681; x_wconf 89' lang='lat' dir='ltr'><strong>dicere</strong></span> <span class='ocrx_word' id='word_1_635' title='bbox 2958 3640 3132 3681; x_wconf 87' lang='lat' dir='ltr'><strong>ausus</strong></span> <span class='ocrx_word' id='word_1_636' title='bbox 3183 3633 3269 3681; x_wconf 87' lang='lat' dir='ltr'><strong>est</strong></span> <span class='ocrx_word' id='word_1_637' title='bbox 3304 3626 3540 3697; x_wconf 88' lang='lat' dir='ltr'><strong>priumm</strong></span> <span class='ocrx_word' id='word_1_638' title='bbox 3585 3642 3677 3682; x_wconf 84' lang='lat' dir='ltr'><strong>re-</strong></span> 
     </span>
    </p>
   </div>
   <div class='ocr_carea' id='block_1_80' title="bbox 2104 3715 3717 3788">
    <p class='ocr_par' dir='ltr' id='par_1_80' title="bbox 2104 3715 3717 3788">
     <span class='ocr_line' id='line_1_80' title="bbox 2104 3715 3717 3788; baseline -0.003 -14"><span class='ocrx_word' id='word_1_639' title='bbox 2104 3719 2394 3788; x_wconf 86' lang='lat' dir='ltr'><strong>spondeat,</strong></span> <span class='ocrx_word' id='word_1_640' title='bbox 2434 3727 2618 3773; x_wconf 82' lang='lat' dir='ltr'><strong>utrum</strong></span> <span class='ocrx_word' id='word_1_641' title='bbox 2652 3716 2875 3781; x_wconf 83' lang='lat' dir='ltr'><strong>Filium,</strong></span> <span class='ocrx_word' id='word_1_642' title='bbox 2909 3715 3055 3772; x_wconf 86' lang='lat' dir='ltr'><strong>Dens</strong></span> <span class='ocrx_word' id='word_1_643' title='bbox 3087 3731 3213 3770; x_wconf 82' lang='lat' dir='ltr'><strong>cum</strong></span> <span class='ocrx_word' id='word_1_644' title='bbox 3253 3719 3326 3771; x_wconf 86' lang='lat' dir='ltr'><strong>sit</strong></span> <span class='ocrx_word' id='word_1_645' title='bbox 3369 3716 3673 3772; x_wconf 88' lang='lat' dir='ltr'><strong>secundum</strong></span> <span class='ocrx_word' id='word_1_646' title='bbox 3712 3744 3717 3751; x_wconf 88' lang='lat'><strong><em>-</em></strong></span> 
     </span>
    </p>
   </div>
   <div class='ocr_carea' id='block_1_81' title="bbox 2105 3806 3677 3878">
    <p class='ocr_par' dir='ltr' id='par_1_81' title="bbox 2105 3806 3677 3878">
     <span class='ocr_line' id='line_1_81' title="bbox 2105 3806 3677 3878; baseline -0.003 -14"><span class='ocrx_word' id='word_1_647' title='bbox 2105 3817 2379 3873; x_wconf 82' lang='lat' dir='ltr'><strong>naturam,</strong></span> <span class='ocrx_word' id='word_1_648' title='bbox 2409 3809 2578 3863; x_wconf 90' lang='lat' dir='ltr'><strong>Deum</strong></span> <span class='ocrx_word' id='word_1_649' title='bbox 2603 3823 2725 3864; x_wconf 90' lang='lat' dir='ltr'><strong>esse</strong></span> <span class='ocrx_word' id='word_1_650' title='bbox 2756 3815 2936 3878; x_wconf 89' lang='lat' dir='ltr'><strong>putet,</strong></span> <span class='ocrx_word' id='word_1_651' title='bbox 2959 3823 3028 3860; x_wconf 85' lang='lat' dir='ltr'><strong>an</strong></span> <span class='ocrx_word' id='word_1_652' title='bbox 3064 3806 3271 3877; x_wconf 87' lang='lat' dir='ltr'><strong>aliquid</strong></span> <span class='ocrx_word' id='word_1_653' title='bbox 3301 3807 3447 3861; x_wconf 88' lang='lat' dir='ltr'><strong>aliud</strong></span> <span class='ocrx_word' id='word_1_654' title='bbox 3481 3818 3677 3877; x_wconf 64' lang='lat' dir='ltr'><strong>praeter</strong></span> 
     </span>
    </p>
   </div>
   <div class='ocr_carea' id='block_1_82' title="bbox 2102 3895 3673 3968">
    <p class='ocr_par' dir='ltr' id='par_1_82' title="bbox 2102 3895 3673 3968">
     <span class='ocr_line' id='line_1_82' title="bbox 2102 3895 3673 3968; baseline -0.004 -12"><span class='ocrx_word' id='word_1_655' title='bbox 2102 3901 2273 3965; x_wconf 86' lang='lat' dir='ltr'><strong>istud,</strong></span> <span class='ocrx_word' id='word_1_656' title='bbox 2317 3906 2696 3954; x_wconf 82' lang='lat' dir='ltr'><strong>verumtamen</strong></span> <span class='ocrx_word' id='word_1_657' title='bbox 2735 3897 3106 3968; x_wconf 88' lang='lat' dir='ltr'><strong>appellatione</strong></span> <span class='ocrx_word' id='word_1_658' title='bbox 3140 3895 3362 3952; x_wconf 81' lang='lat' dir='ltr'><strong>deitatis</strong></span> <span class='ocrx_word' id='word_1_659' title='bbox 3393 3905 3673 3957; x_wconf 87' lang='lat' dir='ltr'><strong>ornatum.</strong></span> 
     </span>
    </p>
   </div>
   <div class='ocr_carea' id='block_1_83' title="bbox 2102 3985 3677 4061">
    <p class='ocr_par' dir='ltr' id='par_1_83' title="bbox 2102 3985 3677 4061">
     <span class='ocr_line' id='line_1_83' title="bbox 2102 3985 3677 4061; baseline -0.003 -17"><span class='ocrx_word' id='word_1_660' title='bbox 2102 3986 2567 4061; x_wconf 88' lang='lat' dir='ltr'><strong>quemadmodum</strong></span> <span class='ocrx_word' id='word_1_661' title='bbox 2604 4000 2800 4055; x_wconf 89' lang='lat' dir='ltr'><strong>nempe</strong></span> <span class='ocrx_word' id='word_1_662' title='bbox 2850 3985 3005 4039; x_wconf 92' lang='lat' dir='ltr'><strong>multi</strong></span> <span class='ocrx_word' id='word_1_663' title='bbox 3066 3994 3200 4040; x_wconf 79' lang='lat' dir='ltr'><strong>sunt</strong></span> <span class='ocrx_word' id='word_1_664' title='bbox 3227 3986 3282 4039; x_wconf 91' lang='lat' dir='ltr'><strong>in</strong></span> <span class='ocrx_word' id='word_1_665' title='bbox 3315 3985 3457 4040; x_wconf 68' lang='lat' dir='ltr'><strong>celo</strong></span> <span class='ocrx_word' id='word_1_666' title='bbox 3501 3986 3575 4039; x_wconf 92' lang='lat' dir='ltr'><strong>dii</strong></span> <span class='ocrx_word' id='word_1_667' title='bbox 3610 4000 3677 4039; x_wconf 86' lang='lat' dir='ltr'><strong>ac</strong></span> 
     </span>
    </p>
   </div>
   <div class='ocr_carea' id='block_1_84' title="bbox 2104 4074 3671 4145">
    <p class='ocr_par' dir='ltr' id='par_1_84' title="bbox 2104 4074 3671 4145">
     <span class='ocr_line' id='line_1_84' title="bbox 2104 4074 3671 4145; baseline -0.006 -10"><span class='ocrx_word' id='word_1_668' title='bbox 2104 4078 2339 4143; x_wconf 87' lang='lat' dir='ltr'><strong>domini,</strong></span> <span class='ocrx_word' id='word_1_669' title='bbox 2369 4077 2640 4145; x_wconf 89' lang='lat' dir='ltr'><strong>multique</strong></span> <span class='ocrx_word' id='word_1_670' title='bbox 2692 4075 2857 4130; x_wconf 88' lang='lat' dir='ltr'><strong>etiam</strong></span> <span class='ocrx_word' id='word_1_671' title='bbox 2915 4075 2969 4128; x_wconf 92' lang='lat' dir='ltr'><strong>in</strong></span> <span class='ocrx_word' id='word_1_672' title='bbox 3021 4081 3171 4129; x_wconf 86' lang='lat' dir='ltr'><strong>terra</strong></span> <span class='ocrx_word' id='word_1_673' title='bbox 3220 4089 3346 4129; x_wconf 88' lang='lat' dir='ltr'><strong>esse</strong></span> <span class='ocrx_word' id='word_1_674' title='bbox 3391 4074 3671 4129; x_wconf 88' lang='lat' dir='ltr'><strong>dicuntur.</strong></span> 
     </span>
    </p>
   </div>
   <div class='ocr_carea' id='block_1_85' title="bbox 2092 4149 3796 4238">
    <p class='ocr_par' dir='ltr' id='par_1_85' title="bbox 2092 4149 3796 4238">
     <span class='ocr_line' id='line_1_85' title="bbox 2092 4149 3796 4238; baseline -0.004 -15"><span class='ocrx_word' id='word_1_675' title='bbox 2092 4167 2239 4223; x_wconf 84' lang='lat' dir='ltr'><strong>Nam</strong></span> <span class='ocrx_word' id='word_1_676' title='bbox 2273 4169 2316 4225; x_wconf 88' lang='lat' dir='ltr'><strong>si</strong></span> <span class='ocrx_word' id='word_1_677' title='bbox 2347 4165 2611 4238; x_wconf 86' lang='lat' dir='ltr'><strong>probetur</strong></span> <span class='ocrx_word' id='word_1_678' title='bbox 2646 4162 2790 4217; x_wconf 86' lang='lat' dir='ltr'><strong>nuda</strong></span> <span class='ocrx_word' id='word_1_679' title='bbox 2824 4171 3034 4217; x_wconf 90' lang='lat' dir='ltr'><strong>tantum</strong></span> <span class='ocrx_word' id='word_1_680' title='bbox 3059 4165 3428 4234; x_wconf 84' lang='lat' dir='ltr'><strong>appellatione</strong></span> <span class='ocrx_word' id='word_1_681' title='bbox 3458 4164 3676 4217; x_wconf 83' lang='lat' dir='ltr'><strong>deitatis</strong></span> <span class='ocrx_word' id='word_1_682' title='bbox 3787 4149 3796 4157; x_wconf 80' lang='grc'><strong>’</strong></span> 
     </span>
    </p>
   </div>
   <div class='ocr_carea' id='block_1_86' title="bbox 2104 4254 3678 4324">
    <p class='ocr_par' dir='ltr' id='par_1_86' title="bbox 2104 4254 3678 4324">
     <span class='ocr_line' id='line_1_86' title="bbox 2104 4254 3678 4324; baseline -0.004 -11"><span class='ocrx_word' id='word_1_683' title='bbox 2104 4267 2362 4314; x_wconf 89' lang='lat' dir='ltr'><strong>ornatum</strong></span> <span class='ocrx_word' id='word_1_684' title='bbox 2401 4271 2526 4311; x_wconf 89' lang='lat' dir='ltr'><strong>esse</strong></span> <span class='ocrx_word' id='word_1_685' title='bbox 2561 4254 2784 4319; x_wconf 86' lang='lat' dir='ltr'><strong>Filium,</strong></span> <span class='ocrx_word' id='word_1_686' title='bbox 2813 4254 2992 4324; x_wconf 89' lang='lat' dir='ltr'><strong>ipsum</strong></span> <span class='ocrx_word' id='word_1_687' title='bbox 3032 4263 3213 4308; x_wconf 89' lang='lat' dir='ltr'><strong>tamen</strong></span> <span class='ocrx_word' id='word_1_688' title='bbox 3261 4268 3373 4308; x_wconf 89' lang='lat' dir='ltr'><strong>non</strong></span> <span class='ocrx_word' id='word_1_689' title='bbox 3400 4266 3525 4308; x_wconf 85' lang='lat' dir='ltr'><strong>esse</strong></span> <span class='ocrx_word' id='word_1_690' title='bbox 3547 4267 3678 4307; x_wconf 84' lang='lat' dir='ltr'><strong>vere</strong></span> 
     </span>
    </p>
   </div>
   <div class='ocr_carea' id='block_1_87' title="bbox 2107 4341 3677 4416">
    <p class='ocr_par' dir='ltr' id='par_1_87' title="bbox 2107 4341 3677 4416">
     <span class='ocr_line' id='line_1_87' title="bbox 2107 4341 3677 4416; baseline -0.004 -14"><span class='ocrx_word' id='word_1_691' title='bbox 2107 4348 2160 4402; x_wconf 88' lang='lat' dir='ltr'><strong>id</strong></span> <span class='ocrx_word' id='word_1_692' title='bbox 2190 4346 2336 4416; x_wconf 88' lang='lat' dir='ltr'><strong>quod</strong></span> <span class='ocrx_word' id='word_1_693' title='bbox 2361 4360 2489 4401; x_wconf 88' lang='lat' dir='ltr'><strong>esse</strong></span> <span class='ocrx_word' id='word_1_694' title='bbox 2519 4343 2744 4408; x_wconf 92' lang='lat' dir='ltr'><strong>dicitur,</strong></span> <span class='ocrx_word' id='word_1_695' title='bbox 2773 4342 2900 4413; x_wconf 74' lang='lat' dir='ltr'><strong>jure</strong></span> <span class='ocrx_word' id='word_1_696' title='bbox 2925 4342 3128 4396; x_wconf 87' lang='lat' dir='ltr'><strong>merito</strong></span> <span class='ocrx_word' id='word_1_697' title='bbox 3162 4341 3342 4413; x_wconf 85' lang='lat' dir='ltr'><strong>palam</strong></span> <span class='ocrx_word' id='word_1_698' title='bbox 3382 4350 3438 4396; x_wconf 89' lang='lat' dir='ltr'><strong>et</strong></span> <span class='ocrx_word' id='word_1_699' title='bbox 3462 4341 3677 4412; x_wconf 87' lang='lat' dir='ltr'><strong>publice</strong></span> 
     </span>
    </p>
   </div>
   <div class='ocr_carea' id='block_1_88' title="bbox 435 4432 2005 4515">
    <p class='ocr_par' dir='ltr' id='par_1_88' title="bbox 435 4441 1999 4515">
     <span class='ocr_line' id='line_1_88' title="bbox 435 4441 1999 4515; baseline 0.001 -21"><span class='ocrx_word' id='word_1_700' title='bbox 435 4441 546 4512; x_wconf 78' lang='grc' dir='ltr'><strong>μὴν</strong></span> <span class='ocrx_word' id='word_1_701' title='bbox 574 4442 674 4496; x_wconf 75' lang='grc' dir='ltr'><strong>καὶ</strong></span> <span class='ocrx_word' id='word_1_702' title='bbox 706 4442 970 4514; x_wconf 83' lang='grc' dir='ltr'><strong>ὑπάρχειν</strong></span> <span class='ocrx_word' id='word_1_703' title='bbox 998 4442 1143 4498; x_wconf 81' lang='grc' dir='ltr'><strong>κατὰ</strong></span> <span class='ocrx_word' id='word_1_704' title='bbox 1192 4441 1354 4511; x_wconf 77' lang='grc' dir='ltr'><strong>φύσιν</strong></span> <span class='ocrx_word' id='word_1_705' title='bbox 1396 4443 1557 4497; x_wconf 83' lang='grc' dir='ltr'><strong>αὐτὸν</strong></span> <span class='ocrx_word' id='word_1_706' title='bbox 1598 4444 1813 4515; x_wconf 79' lang='grc' dir='ltr'><strong>άληθῶς</strong></span> <span class='ocrx_word' id='word_1_707' title='bbox 1852 4444 1999 4498; x_wconf 79' lang='grc' dir='ltr'><strong>τοῦθ’</strong></span> 
     </span>
    </p>
   </div>
   <div class='ocr_carea' id='block_1_89' title="bbox 2103 4432 3677 4515">
    <p class='ocr_par' dir='ltr' id='par_1_89' title="bbox 2103 4432 3677 4498">
     <span class='ocr_line' id='line_1_89' title="bbox 2103 4432 3677 4498; baseline -0.004 -6"><span class='ocrx_word' id='word_1_708' title='bbox 2103 4436 2521 4492; x_wconf 88' lang='lat' dir='ltr'><strong>inclamabimus</strong></span> <span class='ocrx_word' id='word_1_709' title='bbox 2551 4455 2565 4492; x_wconf 89' lang='lat'><strong>:</strong></span> <span class='ocrx_word' id='word_1_710' title='bbox 2593 4450 2716 4498; x_wconf 89' lang='lat' dir='ltr'><strong>nos,</strong></span> <span class='ocrx_word' id='word_1_711' title='bbox 2752 4435 2800 4489; x_wconf 90' lang='lat' dir='ltr'><strong>si</strong></span> <span class='ocrx_word' id='word_1_712' title='bbox 2860 4444 3056 4489; x_wconf 87' lang='lat' dir='ltr'><strong>natura</strong></span> <span class='ocrx_word' id='word_1_713' title='bbox 3093 4432 3238 4489; x_wconf 86' lang='lat' dir='ltr'><strong>Deus</strong></span> <span class='ocrx_word' id='word_1_714' title='bbox 3277 4447 3387 4488; x_wconf 93' lang='lat' dir='ltr'><strong>non</strong></span> <span class='ocrx_word' id='word_1_715' title='bbox 3439 4439 3545 4496; x_wconf 87' lang='lat' dir='ltr'><strong>est,</strong></span> <span class='ocrx_word' id='word_1_716' title='bbox 3579 4432 3677 4486; x_wconf 82' lang='lat' dir='ltr'><strong>ad-</strong></span> 
     </span>
    </p>
   </div>
   <div class='ocr_carea' id='block_1_90' title="bbox 437 4526 2004 4605">
    <p class='ocr_par' dir='ltr' id='par_1_90' title="bbox 437 4526 2004 4605">
     <span class='ocr_line' id='line_1_90' title="bbox 437 4526 2004 4605; baseline 0.002 -20"><span class='ocrx_word' id='word_1_717' title='bbox 437 4532 572 4603; x_wconf 68' lang='grc' dir='ltr'><strong>ὅπερ</strong></span> <span class='ocrx_word' id='word_1_718' title='bbox 609 4526 752 4597; x_wconf 76' lang='grc' dir='ltr'><strong>εἰναι</strong></span> <span class='ocrx_word' id='word_1_719' title='bbox 801 4532 895 4587; x_wconf 82' lang='grc' dir='ltr'><strong>καὶ</strong></span> <span class='ocrx_word' id='word_1_720' title='bbox 932 4533 1171 4601; x_wconf 82' lang='grc' dir='ltr'><strong>λέγεται,</strong></span> <span class='ocrx_word' id='word_1_721' title='bbox 1193 4532 1264 4587; x_wconf 81' lang='grc' dir='ltr'><strong>τὰ</strong></span> <span class='ocrx_word' id='word_1_722' title='bbox 1309 4534 1493 4588; x_wconf 89' lang='grc' dir='ltr'><strong>εἰκότα</strong></span> <span class='ocrx_word' id='word_1_723' title='bbox 1530 4535 1852 4605; x_wconf 80' lang='grc' dir='ltr'><strong>φρονοῦντες</strong></span> <span class='ocrx_word' id='word_1_724' title='bbox 1901 4536 2004 4588; x_wconf 81' lang='grc' dir='ltr'><strong>ὑπ-</strong></span> 
     </span>
    </p>
   </div>
   <div class='ocr_carea' id='block_1_91' title="bbox 438 4621 2006 4697">
    <p class='ocr_par' dir='ltr' id='par_1_91' title="bbox 438 4621 2006 4697">
     <span class='ocr_line' id='line_1_91' title="bbox 438 4621 2006 4697; baseline 0.002 -21"><span class='ocrx_word' id='word_1_725' title='bbox 438 4624 764 4694; x_wconf 73' lang='grc' dir='ltr'><strong>αιτήσομεν.</strong></span> <span class='ocrx_word' id='word_1_726' title='bbox 781 4623 1075 4696; x_wconf 75' lang='grc' dir='ltr'><strong>διαρρήδην</strong></span> <span class='ocrx_word' id='word_1_727' title='bbox 1097 4624 1535 4697; x_wconf 86' lang='grc' dir='ltr'><strong>ἀνακεκραγότες</strong></span> <span class='ocrx_word' id='word_1_728' title='bbox 1559 4641 1575 4657; x_wconf 77' lang='grc' dir='ltr'><strong><em>ο</em></strong></span> <span class='ocrx_word' id='word_1_729' title='bbox 1599 4621 1669 4678; x_wconf 75' lang='grc' dir='ltr'><strong><em>Ὠ</em></strong></span> <span class='ocrx_word' id='word_1_730' title='bbox 1694 4626 1813 4691; x_wconf 83' lang='grc' dir='ltr'><strong>τᾶν,</strong></span> <span class='ocrx_word' id='word_1_731' title='bbox 1851 4626 1927 4690; x_wconf 86' lang='grc' dir='ltr'><strong>ὡς</strong></span> <span class='ocrx_word' id='word_1_732' title='bbox 1957 4628 2006 4680; x_wconf 84' lang='grc' dir='ltr'><strong>εἰ</strong></span> 
     </span>
    </p>
   </div>
   <div class='ocr_carea' id='block_1_92' title="bbox 431 4714 2008 4788">
    <p class='ocr_par' dir='ltr' id='par_1_92' title="bbox 431 4714 2008 4788">
     <span class='ocr_line' id='line_1_92' title="bbox 431 4714 2008 4788; baseline 0 -20"><span class='ocrx_word' id='word_1_733' title='bbox 431 4714 513 4783; x_wconf 77' lang='grc' dir='ltr'><strong>μὴ</strong></span> <span class='ocrx_word' id='word_1_734' title='bbox 541 4715 703 4783; x_wconf 81' lang='grc' dir='ltr'><strong>φύσει</strong></span> <span class='ocrx_word' id='word_1_735' title='bbox 722 4715 855 4778; x_wconf 86' lang='grc' dir='ltr'><strong>Θεός</strong></span> <span class='ocrx_word' id='word_1_736' title='bbox 876 4716 1016 4780; x_wconf 64' lang='grc' dir='ltr'><strong>ἐστι,</strong></span> <span class='ocrx_word' id='word_1_737' title='bbox 1045 4716 1308 4787; x_wconf 87' lang='grc' dir='ltr'><strong>κτίσματι</strong></span> <span class='ocrx_word' id='word_1_738' title='bbox 1329 4716 1737 4788; x_wconf 79' lang='grc' dir='ltr'><strong>προσκυνοῦμεν</strong></span> <span class='ocrx_word' id='word_1_739' title='bbox 1754 4716 1835 4770; x_wconf 81' lang='grc' dir='ltr'><strong>ἔτι</strong></span> <span class='ocrx_word' id='word_1_740' title='bbox 1855 4717 2008 4788; x_wconf 74' lang='grc' dir='ltr'><strong>παρὰ</strong></span> 
     </span>
    </p>
   </div>
   <div class='ocr_carea' id='block_1_93' title="bbox 434 4798 2005 4879">
    <p class='ocr_par' dir='ltr' id='par_1_93' title="bbox 434 4798 2005 4879">
     <span class='ocr_line' id='line_1_93' title="bbox 434 4798 2005 4879; baseline 0.004 -24"><span class='ocrx_word' id='word_1_741' title='bbox 434 4803 526 4856; x_wconf 81' lang='grc' dir='ltr'><strong>τὸν</strong></span> <span class='ocrx_word' id='word_1_742' title='bbox 562 4798 863 4869; x_wconf 70' lang='grc' dir='ltr'><strong>κτίσαντα,</strong></span> <span class='ocrx_word' id='word_1_743' title='bbox 892 4805 986 4858; x_wconf 78' lang='grc' dir='ltr'><strong>καὶ</strong></span> <span class='ocrx_word' id='word_1_744' title='bbox 1020 4806 1140 4877; x_wconf 80' lang='grc' dir='ltr'><strong>οὐχὶ</strong></span> <span class='ocrx_word' id='word_1_745' title='bbox 1194 4807 1353 4877; x_wconf 89' lang='grc' dir='ltr'><strong>μόνον</strong></span> <span class='ocrx_word' id='word_1_746' title='bbox 1384 4809 1545 4878; x_wconf 82' lang='grc' dir='ltr'><strong>ἡμεῖς</strong></span> <span class='ocrx_word' id='word_1_747' title='bbox 1595 4809 1646 4861; x_wconf 87' lang='grc' dir='ltr'><strong>οἰ</strong></span> <span class='ocrx_word' id='word_1_748' title='bbox 1672 4807 1820 4861; x_wconf 86' lang='grc' dir='ltr'><strong>τόνδε</strong></span> <span class='ocrx_word' id='word_1_749' title='bbox 1854 4807 2005 4879; x_wconf 79' lang='grc' dir='ltr'><strong>περί-</strong></span> 
     </span>
    </p>
   </div>
   <div class='ocr_carea' id='block_1_94' title="bbox 328 4895 2009 4969">
    <p class='ocr_par' dir='ltr' id='par_1_94' title="bbox 328 4895 2009 4969">
     <span class='ocr_line' id='line_1_94' title="bbox 328 4895 2009 4969; baseline 0.003 -22"><span class='ocrx_word' id='word_1_750' title='bbox 328 4928 333 4931; x_wconf 56' lang='grc' dir='ltr'><em>ι</em></span> <span class='ocrx_word' id='word_1_751' title='bbox 435 4911 582 4962; x_wconf 81' lang='grc' dir='ltr'><strong>γειον</strong></span> <span class='ocrx_word' id='word_1_752' title='bbox 613 4895 826 4966; x_wconf 76' lang='grc' dir='ltr'><strong>ἔχοντες</strong></span> <span class='ocrx_word' id='word_1_753' title='bbox 861 4896 1059 4969; x_wconf 85' lang='grc' dir='ltr'><strong>χῶρον,</strong></span> <span class='ocrx_word' id='word_1_754' title='bbox 1091 4898 1227 4952; x_wconf 86' lang='grc' dir='ltr'><strong>ἀλλὰ</strong></span> <span class='ocrx_word' id='word_1_755' title='bbox 1260 4900 1353 4952; x_wconf 74' lang='grc' dir='ltr'><strong>καὶ</strong></span> <span class='ocrx_word' id='word_1_756' title='bbox 1381 4898 1517 4969; x_wconf 79' lang='grc' dir='ltr'><strong>αὑτὴ</strong></span> <span class='ocrx_word' id='word_1_757' title='bbox 1557 4898 1664 4952; x_wconf 83' lang='grc' dir='ltr'><strong>τῶν</strong></span> <span class='ocrx_word' id='word_1_758' title='bbox 1691 4898 1863 4967; x_wconf 84' lang='grc' dir='ltr'><strong>ἁγίων</strong></span> <span class='ocrx_word' id='word_1_759' title='bbox 1906 4899 2009 4967; x_wconf 83' lang='grc' dir='ltr'><strong>ἀγ-</strong></span> 
     </span>
    </p>
   </div>
   <div class='ocr_carea' id='block_1_95' title="bbox 432 4984 2011 5062">
    <p class='ocr_par' dir='ltr' id='par_1_95' title="bbox 432 4984 2011 5062">
     <span class='ocr_line' id='line_1_95' title="bbox 432 4984 2011 5062; baseline 0.004 -26"><span class='ocrx_word' id='word_1_760' title='bbox 432 4984 611 5051; x_wconf 78' lang='grc' dir='ltr'><strong>γέλων</strong></span> <span class='ocrx_word' id='word_1_761' title='bbox 655 4987 688 5055; x_wconf 92' lang='grc' dir='ltr'><strong>ή</strong></span> <span class='ocrx_word' id='word_1_762' title='bbox 729 4985 960 5055; x_wconf 74' lang='grc' dir='ltr'><strong>πληθύς.</strong></span> <span class='ocrx_word' id='word_1_763' title='bbox 1025 4990 1492 5062; x_wconf 82' lang='grc' dir='ltr'><strong>Κατηγορήσομεν</strong></span> <span class='ocrx_word' id='word_1_764' title='bbox 1545 4988 1604 5042; x_wconf 81' lang='grc' dir='ltr'><strong>δὲ</strong></span> <span class='ocrx_word' id='word_1_765' title='bbox 1653 4990 1746 5042; x_wconf 78' lang='grc' dir='ltr'><strong>καὶ</strong></span> <span class='ocrx_word' id='word_1_766' title='bbox 1806 4988 2011 5051; x_wconf 86' lang='grc' dir='ltr'><strong>παντὸς</strong></span> 
     </span>
    </p>
   </div>
   <div class='ocr_carea' id='block_1_96' title="bbox 433 5074 2009 5150">
    <p class='ocr_par' dir='ltr' id='par_1_96' title="bbox 433 5074 2009 5150">
     <span class='ocr_line' id='line_1_96' title="bbox 433 5074 2009 5150; baseline 0.004 -23"><span class='ocrx_word' id='word_1_767' title='bbox 433 5075 590 5142; x_wconf 85' lang='grc' dir='ltr'><strong>άγίου</strong></span> <span class='ocrx_word' id='word_1_768' title='bbox 623 5074 829 5139; x_wconf 75' lang='grc' dir='ltr'><strong>λοιπὸν,</strong></span> <span class='ocrx_word' id='word_1_769' title='bbox 864 5076 996 5131; x_wconf 80' lang='grc' dir='ltr'><strong>Θεὸν</strong></span> <span class='ocrx_word' id='word_1_770' title='bbox 1035 5079 1199 5131; x_wconf 79' lang='grc' dir='ltr'><strong>αὑτὸν</strong></span> <span class='ocrx_word' id='word_1_771' title='bbox 1229 5080 1372 5133; x_wconf 83' lang='grc' dir='ltr'><strong>κατὰ</strong></span> <span class='ocrx_word' id='word_1_772' title='bbox 1407 5079 1568 5142; x_wconf 86' lang='grc' dir='ltr'><strong>φύσιν</strong></span> <span class='ocrx_word' id='word_1_773' title='bbox 1603 5080 1884 5150; x_wconf 74' lang='grc' dir='ltr'><strong>εἰρηκότος</strong></span> <span class='ocrx_word' id='word_1_774' title='bbox 1913 5080 2009 5134; x_wconf 77' lang='grc' dir='ltr'><strong>καὶ</strong></span> 
     </span>
    </p>
   </div>
   <div class='ocr_carea' id='block_1_97' title="bbox 432 5159 2008 5240">
    <p class='ocr_par' dir='ltr' id='par_1_97' title="bbox 432 5159 2008 5240">
     <span class='ocr_line' id='line_1_97' title="bbox 432 5159 2008 5240; baseline 0.009 -30"><span class='ocrx_word' id='word_1_775' title='bbox 432 5159 684 5230; x_wconf 73' lang='grc' dir='ltr'><strong>ἀληθινόν</strong></span> <span class='ocrx_word' id='word_1_776' title='bbox 706 5177 719 5192; x_wconf 76' lang='grc' dir='ltr'><strong>ο</strong></span> <span class='ocrx_word' id='word_1_777' title='bbox 773 5162 1033 5233; x_wconf 73' lang='grc' dir='ltr'><strong>μάλιστα¹</strong></span> <span class='ocrx_word' id='word_1_778' title='bbox 1060 5164 1117 5217; x_wconf 76' lang='grc' dir='ltr'><strong>δὲ</strong></span> <span class='ocrx_word' id='word_1_779' title='bbox 1149 5167 1383 5220; x_wconf 79' lang='grc' dir='ltr'><strong>’πάντων</strong></span> <span class='ocrx_word' id='word_1_780' title='bbox 1415 5168 1770 5239; x_wconf 86' lang='grc' dir='ltr'><strong>αἰτιασόμεθα</strong></span> <span class='ocrx_word' id='word_1_781' title='bbox 1795 5168 1889 5223; x_wconf 81' lang='grc' dir='ltr'><strong>τὸν</strong></span> <span class='ocrx_word' id='word_1_782' title='bbox 1908 5186 2008 5240; x_wconf 87' lang='grc' dir='ltr'><strong>μα-</strong></span> 
     </span>
    </p>
   </div>
   <div class='ocr_carea' id='block_1_98' title="bbox 354 5241 2004 5330">
    <p class='ocr_par' dir='ltr' id='par_1_98' title="bbox 354 5241 2004 5330">
     <span class='ocr_line' id='line_1_98' title="bbox 354 5241 2004 5330; baseline 0.008 -30"><span class='ocrx_word' id='word_1_783' title='bbox 354 5276 359 5285; x_wconf 85' lang='lat'><strong><em>-</em></strong></span> <span class='ocrx_word' id='word_1_784' title='bbox 433 5250 625 5320; x_wconf 74' lang='grc' dir='ltr'><strong>κάριον</strong></span> <span class='ocrx_word' id='word_1_785' title='bbox 652 5241 907 5325; x_wconf 83' lang='grc' dir='ltr'><strong>Ἰωάννην</strong></span> <span class='ocrx_word' id='word_1_786' title='bbox 962 5256 1224 5327; x_wconf 83' lang='grc' dir='ltr'><strong>εἰρηκότα</strong></span> <span class='ocrx_word' id='word_1_787' title='bbox 1286 5257 1413 5328; x_wconf 82' lang='grc' dir='ltr'><strong>περὶ</strong></span> <span class='ocrx_word' id='word_1_788' title='bbox 1472 5258 1673 5312; x_wconf 80' lang='grc' dir='ltr'><strong>αὐτοῦ’</strong></span> <span class='ocrx_word' id='word_1_789' title='bbox 1709 5277 1728 5311; x_wconf 82' lang='grc' dir='ltr'><strong>ι</strong></span> <span class='ocrx_word' id='word_1_790' title='bbox 1766 5260 2004 5330; x_wconf 74' lang='grc' dir='ltr'><strong>Οἴδαμεν</strong></span> 
     </span>
    </p>
   </div>
   <div class='ocr_carea' id='block_1_99' title="bbox 340 5342 2000 5421">
    <p class='ocr_par' dir='ltr' id='par_1_99' title="bbox 340 5342 2000 5421">
     <span class='ocr_line' id='line_1_99' title="bbox 340 5342 2000 5421; baseline 0.007 -29"><span class='ocrx_word' id='word_1_791' title='bbox 340 5363 348 5369; x_wconf 87' lang='grc'><strong>·</strong></span> <span class='ocrx_word' id='word_1_792' title='bbox 408 5342 513 5421; x_wconf 35' lang='grc' dir='ltr'><strong>κὸτι</strong></span> <span class='ocrx_word' id='word_1_793' title='bbox 535 5342 703 5406; x_wconf 71' lang='grc' dir='ltr'><strong>ὀΥἰὸς</strong></span> <span class='ocrx_word' id='word_1_794' title='bbox 758 5344 853 5398; x_wconf 89' lang='grc' dir='ltr'><strong>τοῦ</strong></span> <span class='ocrx_word' id='word_1_795' title='bbox 898 5346 1034 5399; x_wconf 86' lang='grc' dir='ltr'><strong>Θεοῦ</strong></span> <span class='ocrx_word' id='word_1_796' title='bbox 1071 5348 1218 5418; x_wconf 77' lang='grc' dir='ltr'><strong>ἥκει,</strong></span> <span class='ocrx_word' id='word_1_797' title='bbox 1252 5350 1348 5402; x_wconf 77' lang='grc' dir='ltr'><strong>καὶ</strong></span> <span class='ocrx_word' id='word_1_798' title='bbox 1372 5349 1571 5403; x_wconf 77' lang='grc' dir='ltr'><strong>ἔδωκεν</strong></span> <span class='ocrx_word' id='word_1_799' title='bbox 1602 5352 1732 5420; x_wconf 81' lang='grc' dir='ltr'><strong>ήμῖν</strong></span> <span class='ocrx_word' id='word_1_800' title='bbox 1759 5351 2000 5405; x_wconf 82' lang='grc' dir='ltr'><strong>διάνοιαν</strong></span> 
     </span>
    </p>
   </div>
   <div class='ocr_carea' id='block_1_100' title="bbox 421 5434 2001 5513">
    <p class='ocr_par' dir='ltr' id='par_1_100' title="bbox 421 5434 2001 5513">
     <span class='ocr_line' id='line_1_100' title="bbox 421 5434 2001 5513; baseline 0.005 -25"><span class='ocrx_word' id='word_1_801' title='bbox 421 5435 520 5488; x_wconf 80' lang='grc' dir='ltr'><strong>ἵνα</strong></span> <span class='ocrx_word' id='word_1_802' title='bbox 545 5434 882 5507; x_wconf 83' lang='grc' dir='ltr'><strong>γινώσκομεν</strong></span> <span class='ocrx_word' id='word_1_803' title='bbox 909 5436 998 5491; x_wconf 77' lang='grc' dir='ltr'><strong>τὸν</strong></span> <span class='ocrx_word' id='word_1_804' title='bbox 1030 5437 1282 5510; x_wconf 76' lang='grc' dir='ltr'><strong>ἀληθινὸν</strong></span> <span class='ocrx_word' id='word_1_805' title='bbox 1304 5440 1457 5504; x_wconf 81' lang='grc' dir='ltr'><strong>Θεὸν,</strong></span> <span class='ocrx_word' id='word_1_806' title='bbox 1499 5441 1593 5497; x_wconf 67' lang='grc' dir='ltr'><strong>καὶΙ</strong></span> <span class='ocrx_word' id='word_1_807' title='bbox 1621 5442 1788 5512; x_wconf 74' lang='grc' dir='ltr'><strong>ἐσμὲν</strong></span> <span class='ocrx_word' id='word_1_808' title='bbox 1835 5443 1893 5496; x_wconf 78' lang='grc' dir='ltr'><strong>ὲν</strong></span> <span class='ocrx_word' id='word_1_809' title='bbox 1918 5441 2001 5513; x_wconf 86' lang='grc' dir='ltr'><strong>τῷ</strong></span> 
     </span>
    </p>
   </div>
   <div class='ocr_carea' id='block_1_101' title="bbox 493 5673 1013 5744">
    <p class='ocr_par' dir='ltr' id='par_1_101' title="bbox 493 5673 1013 5744">
     <span class='ocr_line' id='line_1_101' title="bbox 493 5673 1013 5744; baseline 0.013 -14"><span class='ocrx_word' id='word_1_810' title='bbox 493 5673 544 5710; x_wconf 74' lang='grc' dir='ltr'><strong>τ’</strong></span> <span class='ocrx_word' id='word_1_811' title='bbox 578 5677 596 5731; x_wconf 90' lang='grc'><strong>1</strong></span> <span class='ocrx_word' id='word_1_812' title='bbox 632 5674 791 5732; x_wconf 76' lang='lat' dir='ltr'><strong>loan.</strong></span> <span class='ocrx_word' id='word_1_813' title='bbox 831 5694 894 5744; x_wconf 93' lang='lat' dir='ltr'><strong>v,</strong></span> <span class='ocrx_word' id='word_1_814' title='bbox 920 5679 1013 5737; x_wconf 73' lang='lat'><strong>20.</strong></span> 
     </span>
    </p>
   </div>
   <div class='ocr_carea' id='block_1_102' title="bbox 2102 4524 3677 4592">
    <p class='ocr_par' dir='ltr' id='par_1_102' title="bbox 2102 4524 3677 4592">
     <span class='ocr_line' id='line_1_102' title="bbox 2102 4524 3677 4592; baseline -0.004 -8"><span class='ocrx_word' id='word_1_815' title='bbox 2102 4544 2262 4585; x_wconf 90' lang='lat' dir='ltr'><strong>orare</strong></span> <span class='ocrx_word' id='word_1_816' title='bbox 2284 4529 2583 4583; x_wconf 86' lang='lat' dir='ltr'><strong>etiamnum</strong></span> <span class='ocrx_word' id='word_1_817' title='bbox 2613 4535 2953 4591; x_wconf 86' lang='lat' dir='ltr'><strong>creaturam,</strong></span> <span class='ocrx_word' id='word_1_818' title='bbox 2980 4540 3090 4585; x_wconf 79' lang='lat' dir='ltr'><strong>non</strong></span> <span class='ocrx_word' id='word_1_819' title='bbox 3124 4524 3465 4591; x_wconf 65' lang='lat' dir='ltr'><strong>Creatorém,</strong></span> <span class='ocrx_word' id='word_1_820' title='bbox 3492 4537 3677 4592; x_wconf 80' lang='lat' dir='ltr'><strong>neque</strong></span> 
     </span>
    </p>
   </div>
   <div class='ocr_carea' id='block_1_103' title="bbox 2101 4614 3672 4689">
    <p class='ocr_par' dir='ltr' id='par_1_103' title="bbox 2101 4614 3672 4689">
     <span class='ocr_line' id='line_1_103' title="bbox 2101 4614 3672 4689; baseline -0.004 -14"><span class='ocrx_word' id='word_1_821' title='bbox 2101 4634 2205 4675; x_wconf 89' lang='lat' dir='ltr'><strong>nos</strong></span> <span class='ocrx_word' id='word_1_822' title='bbox 2226 4626 2433 4673; x_wconf 88' lang='lat' dir='ltr'><strong>tantum</strong></span> <span class='ocrx_word' id='word_1_823' title='bbox 2456 4618 2550 4689; x_wconf 88' lang='lat' dir='ltr'><strong>qui</strong></span> <span class='ocrx_word' id='word_1_824' title='bbox 2585 4626 2861 4674; x_wconf 86' lang='lat' dir='ltr'><strong>terrenam</strong></span> <span class='ocrx_word' id='word_1_825' title='bbox 2891 4616 3032 4671; x_wconf 88' lang='lat' dir='ltr'><strong>hanc</strong></span> <span class='ocrx_word' id='word_1_826' title='bbox 3056 4615 3336 4687; x_wconf 74' lang='lat' dir='ltr'><strong>regionem</strong></span> <span class='ocrx_word' id='word_1_827' title='bbox 3356 4614 3672 4677; x_wconf 86' lang='lat' dir='ltr'><strong>incolimus,</strong></span> 
     </span>
    </p>
   </div>
   <div class='ocr_carea' id='block_1_104' title="bbox 2103 4705 3674 4780">
    <p class='ocr_par' dir='ltr' id='par_1_104' title="bbox 2103 4705 3674 4780">
     <span class='ocr_line' id='line_1_104' title="bbox 2103 4705 3674 4780; baseline -0.004 -13"><span class='ocrx_word' id='word_1_828' title='bbox 2103 4710 2200 4767; x_wconf 84' lang='lat' dir='ltr'><strong>sed</strong></span> <span class='ocrx_word' id='word_1_829' title='bbox 2230 4717 2284 4765; x_wconf 88' lang='lat' dir='ltr'><strong>et</strong></span> <span class='ocrx_word' id='word_1_830' title='bbox 2319 4711 2492 4780; x_wconf 89' lang='lat' dir='ltr'><strong>ipsam</strong></span> <span class='ocrx_word' id='word_1_831' title='bbox 2529 4717 2848 4765; x_wconf 89' lang='lat' dir='ltr'><strong>sanctorum</strong></span> <span class='ocrx_word' id='word_1_832' title='bbox 2885 4708 3206 4778; x_wconf 81' lang='lat' dir='ltr'><strong>angelorum</strong></span> <span class='ocrx_word' id='word_1_833' title='bbox 3244 4705 3674 4761; x_wconf 89' lang='lat' dir='ltr'><strong>multitudinem.</strong></span> 
     </span>
    </p>
   </div>
   <div class='ocr_carea' id='block_1_105' title="bbox 2102 4798 3678 4869">
    <p class='ocr_par' dir='ltr' id='par_1_105' title="bbox 2102 4798 3678 4869">
     <span class='ocr_line' id='line_1_105' title="bbox 2102 4798 3678 4869; baseline -0.003 -14"><span class='ocrx_word' id='word_1_834' title='bbox 2102 4801 2248 4867; x_wconf 85' lang='lat' dir='ltr'><strong>Quin</strong></span> <span class='ocrx_word' id='word_1_835' title='bbox 2294 4810 2347 4856; x_wconf 90' lang='lat' dir='ltr'><strong>et</strong></span> <span class='ocrx_word' id='word_1_836' title='bbox 2400 4810 2622 4857; x_wconf 83' lang='lat' dir='ltr'><strong>sanctos</strong></span> <span class='ocrx_word' id='word_1_837' title='bbox 2672 4816 2866 4856; x_wconf 88' lang='lat' dir='ltr'><strong>omnes</strong></span> <span class='ocrx_word' id='word_1_838' title='bbox 2914 4799 3326 4862; x_wconf 87' lang='lat' dir='ltr'><strong>accusabimns,</strong></span> <span class='ocrx_word' id='word_1_839' title='bbox 3361 4798 3678 4869; x_wconf 88' lang='lat' dir='ltr'><strong>quicunque</strong></span> 
     </span>
    </p>
   </div>
   <div class='ocr_carea' id='block_1_106' title="bbox 2108 4888 3674 4963">
    <p class='ocr_par' dir='ltr' id='par_1_106' title="bbox 2108 4888 3674 4963">
     <span class='ocr_line' id='line_1_106' title="bbox 2108 4888 3674 4963; baseline -0.002 -19"><span class='ocrx_word' id='word_1_840' title='bbox 2108 4891 2276 4947; x_wconf 85' lang='lat' dir='ltr'><strong>Deum</strong></span> <span class='ocrx_word' id='word_1_841' title='bbox 2303 4893 2482 4963; x_wconf 90' lang='lat' dir='ltr'><strong>ipsum</strong></span> <span class='ocrx_word' id='word_1_842' title='bbox 2514 4892 2820 4948; x_wconf 71' lang='lat' dir='ltr'><strong>seCundum</strong></span> <span class='ocrx_word' id='word_1_843' title='bbox 2858 4900 3114 4945; x_wconf 86' lang='lat' dir='ltr'><strong>naturam</strong></span> <span class='ocrx_word' id='word_1_844' title='bbox 3143 4905 3208 4944; x_wconf 91' lang='lat' dir='ltr'><strong>ac</strong></span> <span class='ocrx_word' id='word_1_845' title='bbox 3246 4904 3438 4944; x_wconf 85' lang='lat' dir='ltr'><strong>verum</strong></span> <span class='ocrx_word' id='word_1_846' title='bbox 3474 4888 3674 4959; x_wconf 65' lang='lat' dir='ltr'><strong>praedi-</strong></span> 
     </span>
    </p>
   </div>
   <div class='ocr_carea' id='block_1_107' title="bbox 2099 4978 3673 5049">
    <p class='ocr_par' dir='ltr' id='par_1_107' title="bbox 2099 4978 3673 5049">
     <span class='ocr_line' id='line_1_107' title="bbox 2099 4978 3673 5049; baseline -0.003 -12"><span class='ocrx_word' id='word_1_847' title='bbox 2099 4992 2334 5049; x_wconf 81' lang='lat' dir='ltr'><strong>carunt;</strong></span> <span class='ocrx_word' id='word_1_848' title='bbox 2374 4982 2470 5038; x_wconf 91' lang='lat' dir='ltr'><strong>sed</strong></span> <span class='ocrx_word' id='word_1_849' title='bbox 2526 4983 2762 5038; x_wconf 79' lang='lat' dir='ltr'><strong>maxime</strong></span> <span class='ocrx_word' id='word_1_850' title='bbox 2814 4984 3061 5039; x_wconf 88' lang='lat' dir='ltr'><strong>omnium</strong></span> <span class='ocrx_word' id='word_1_851' title='bbox 3105 4981 3326 5035; x_wconf 89' lang='lat' dir='ltr'><strong>beatum</strong></span> <span class='ocrx_word' id='word_1_852' title='bbox 3383 4978 3673 5042; x_wconf 82' lang='lat' dir='ltr'><strong>Joannem.</strong></span> 
     </span>
    </p>
   </div>
   <div class='ocr_carea' id='block_1_108' title="bbox 2100 5068 3677 5145">
    <p class='ocr_par' dir='ltr' id='par_1_108' title="bbox 2100 5068 3677 5145">
     <span class='ocr_line' id='line_1_108' title="bbox 2100 5068 3677 5145; baseline -0.003 -16"><span class='ocrx_word' id='word_1_853' title='bbox 2100 5076 2195 5145; x_wconf 91' lang='lat' dir='ltr'><strong>qui</strong></span> <span class='ocrx_word' id='word_1_854' title='bbox 2250 5074 2319 5130; x_wconf 90' lang='lat' dir='ltr'><strong>de</strong></span> <span class='ocrx_word' id='word_1_855' title='bbox 2375 5075 2496 5145; x_wconf 89' lang='lat' dir='ltr'><strong>ipso</strong></span> <span class='ocrx_word' id='word_1_856' title='bbox 2556 5074 2871 5144; x_wconf 67' lang='lat' dir='ltr'><strong>scripsitu</strong></span> <span class='ocrx_word' id='word_1_857' title='bbox 2906 5071 3126 5127; x_wconf 89' lang='lat' dir='ltr'><strong>Scimus</strong></span> <span class='ocrx_word' id='word_1_858' title='bbox 3182 5069 3447 5140; x_wconf 88' lang='lat' dir='ltr'><strong>quoniam</strong></span> <span class='ocrx_word' id='word_1_859' title='bbox 3501 5068 3677 5125; x_wconf 77' lang='lat' dir='ltr'><strong>Filius</strong></span> 
     </span>
    </p>
   </div>
   <div class='ocr_carea' id='block_1_109' title="bbox 2101 5165 3677 5231">
    <p class='ocr_par' dir='ltr' id='par_1_109' title="bbox 2101 5165 3677 5231">
     <span class='ocr_line' id='line_1_109' title="bbox 2101 5165 3677 5231; baseline -0.003 -11"><span class='ocrx_word' id='word_1_860' title='bbox 2101 5167 2197 5223; x_wconf 89' lang='lat' dir='ltr'><strong>Dei</strong></span> <span class='ocrx_word' id='word_1_861' title='bbox 2248 5167 2419 5229; x_wconf 85' lang='lat' dir='ltr'><strong>venit,</strong></span> <span class='ocrx_word' id='word_1_862' title='bbox 2460 5173 2517 5219; x_wconf 89' lang='lat' dir='ltr'><strong>et</strong></span> <span class='ocrx_word' id='word_1_863' title='bbox 2568 5165 2720 5221; x_wconf 89' lang='lat' dir='ltr'><strong>dedit</strong></span> <span class='ocrx_word' id='word_1_864' title='bbox 2770 5166 2933 5222; x_wconf 86' lang='lat' dir='ltr'><strong>nobis</strong></span> <span class='ocrx_word' id='word_1_865' title='bbox 2988 5178 3211 5220; x_wconf 86' lang='lat' dir='ltr'><strong>sensum</strong></span> <span class='ocrx_word' id='word_1_866' title='bbox 3263 5171 3323 5217; x_wconf 92' lang='lat' dir='ltr'><strong>ut</strong></span> <span class='ocrx_word' id='word_1_867' title='bbox 3371 5175 3677 5231; x_wconf 80' lang='lat' dir='ltr'><strong>cognosca-</strong></span> 
     </span>
    </p>
   </div>
   <div class='ocr_carea' id='block_1_110' title="bbox 2100 5246 3676 5324">
    <p class='ocr_par' dir='ltr' id='par_1_110' title="bbox 2100 5246 3676 5324">
     <span class='ocr_line' id='line_1_110' title="bbox 2100 5246 3676 5324; baseline -0.003 -14"><span class='ocrx_word' id='word_1_868' title='bbox 2100 5271 2231 5310; x_wconf 85' lang='lat' dir='ltr'><strong>mus</strong></span> <span class='ocrx_word' id='word_1_869' title='bbox 2282 5270 2469 5309; x_wconf 89' lang='lat' dir='ltr'><strong>verum</strong></span> <span class='ocrx_word' id='word_1_870' title='bbox 2510 5252 2703 5319; x_wconf 88' lang='lat' dir='ltr'><strong>Deum,</strong></span> <span class='ocrx_word' id='word_1_871' title='bbox 2737 5260 2793 5308; x_wconf 82' lang='lat' dir='ltr'><strong>et</strong></span> <span class='ocrx_word' id='word_1_872' title='bbox 2848 5254 3023 5308; x_wconf 86' lang='lat' dir='ltr'><strong>simus</strong></span> <span class='ocrx_word' id='word_1_873' title='bbox 3073 5252 3129 5306; x_wconf 89' lang='lat' dir='ltr'><strong>in</strong></span> <span class='ocrx_word' id='word_1_874' title='bbox 3178 5264 3310 5306; x_wconf 82' lang='lat' dir='ltr'><strong>vero</strong></span> <span class='ocrx_word' id='word_1_875' title='bbox 3357 5246 3498 5304; x_wconf 80' lang='lat' dir='ltr'><strong>Filio</strong></span> <span class='ocrx_word' id='word_1_876' title='bbox 3552 5248 3676 5324; x_wconf 77' lang='lat' dir='ltr'><strong>ejus</strong></span> 
     </span>
    </p>
   </div>
   <div class='ocr_carea' id='block_1_111' title="bbox 2103 5342 3674 5423">
    <p class='ocr_par' dir='ltr' id='par_1_111' title="bbox 2103 5342 3674 5423">
     <span class='ocr_line' id='line_1_111' title="bbox 2103 5342 3674 5423; baseline -0.004 -22"><span class='ocrx_word' id='word_1_877' title='bbox 2103 5345 2234 5402; x_wconf 81' lang='lat' dir='ltr'><strong>Jesu</strong></span> <span class='ocrx_word' id='word_1_878' title='bbox 2278 5346 2522 5423; x_wconf 80' lang='lat' dir='ltr'><strong>Christo.</strong></span> <span class='ocrx_word' id='word_1_879' title='bbox 2569 5345 2669 5400; x_wconf 85' lang='lat' dir='ltr'><strong>Hic</strong></span> <span class='ocrx_word' id='word_1_880' title='bbox 2705 5353 2790 5400; x_wconf 85' lang='lat' dir='ltr'><strong>est</strong></span> <span class='ocrx_word' id='word_1_881' title='bbox 2826 5359 2988 5399; x_wconf 84' lang='lat' dir='ltr'><strong>verus</strong></span> <span class='ocrx_word' id='word_1_882' title='bbox 3039 5345 3203 5409; x_wconf 90' lang='lat' dir='ltr'><strong>Deus,</strong></span> <span class='ocrx_word' id='word_1_883' title='bbox 3250 5350 3307 5399; x_wconf 88' lang='lat' dir='ltr'><strong>et</strong></span> <span class='ocrx_word' id='word_1_884' title='bbox 3352 5342 3459 5397; x_wconf 86' lang='lat' dir='ltr'><strong>vita</strong></span> <span class='ocrx_word' id='word_1_885' title='bbox 3511 5352 3674 5398; x_wconf 62' lang='lat' dir='ltr'><strong>arter-</strong></span> 
     </span>
    </p>
   </div>
   <div class='ocr_carea' id='block_1_112' title="bbox 2106 5434 3676 5506">
    <p class='ocr_par' dir='ltr' id='par_1_112' title="bbox 2106 5434 3676 5506">
     <span class='ocr_line' id='line_1_112' title="bbox 2106 5434 3676 5506; baseline -0.006 -13"><span class='ocrx_word' id='word_1_886' title='bbox 2106 5453 2178 5493; x_wconf 88' lang='lat' dir='ltr'><strong>na</strong></span> <span class='ocrx_word' id='word_1_887' title='bbox 2204 5438 2271 5492; x_wconf 78' lang='grc'><strong>⁷⁸.</strong></span> <span class='ocrx_word' id='word_1_888' title='bbox 2308 5457 2330 5492; x_wconf 73' lang='grc' dir='ltr'><strong>ι</strong></span> <span class='ocrx_word' id='word_1_889' title='bbox 2366 5435 2524 5504; x_wconf 87' lang='lat' dir='ltr'><strong>Quod</strong></span> <span class='ocrx_word' id='word_1_890' title='bbox 2577 5437 2625 5494; x_wconf 92' lang='lat' dir='ltr'><strong>si</strong></span> <span class='ocrx_word' id='word_1_891' title='bbox 2656 5435 3002 5506; x_wconf 86' lang='lat' dir='ltr'><strong>Scripturam</strong></span> <span class='ocrx_word' id='word_1_892' title='bbox 3038 5438 3329 5499; x_wconf 84' lang='lat' dir='ltr'><strong>reveritus,</strong></span> <span class='ocrx_word' id='word_1_893' title='bbox 3356 5434 3523 5490; x_wconf 85' lang='lat' dir='ltr'><strong>Deum</strong></span> <span class='ocrx_word' id='word_1_894' title='bbox 3548 5445 3676 5488; x_wconf 77' lang='lat' dir='ltr'><strong>vere</strong></span> 
     </span>
    </p>
   </div>
  </div>
