4042 6204
319 263 425 319 323

1338 257 1395 316 s.
1435 260 1711 317 evrum
1741 249 2206 314 ALEXANDRINI
2246 243 2562 316 Αῐιειιῐείι.

3452 249 3560 305 325

319 381 500 449 ipsum
535 373 892 446 nuncupabit,
932 381 986 430 et
1025 374 1100 430 ita
1145 389 1268 431 esse
1300 378 1536 441 sentiet,
1565 384 1728 446 atque
1774 376 1880 429 hoc

2005 373 2221 445 ιληθινῷ
2268 374 2432 427 αὑτοῦ
2473 373 2584 443 Υίῷ
2630 371 2802 442 Ἰησοῦ
2845 370 3084 442 Χριστῷ.
3139 365 3308 434 Οὗτός
3355 374 3501 428 ἐστιν
3532 377 3562 429 6

321 469 486 523 modo
531 469 708 535 aliqua
741 466 933 521 saltem
968 482 1033 521 ex
1066 477 1220 536 parte
1271 469 1540 523 minorem
1574 484 1696 524 esse
1727 467 1889 522 Patre

318 559 635 624 existimat;
683 558 949 628 numquid
1000 560 1166 613 alium
1205 560 1366 615 nobis
1402 559 1572 614 Deum
1608 561 1819 614 invexit
1858 575 1889 614 a

316 650 557 705 naturali
585 651 806 720 quidem
836 666 961 704 eum
1003 650 1166 706 Patre
1217 652 1485 707 relatione
1537 653 1757 722 penitus
1807 669 1893 706 rc-

316 748 550 804 sectum,
589 747 642 793 et
681 739 772 808 qui
817 740 1037 809 propria
1079 741 1300 810 quidem
1340 742 1395 796 in
1453 743 1735 814 liypostasi
1789 743 1891 795 ali-
1935 792 1944 799 ,

316 843 591 897 qua,esse
629 827 997 896 concipiatur,
1033 845 1139 882 non
1169 838 1351 884 tamen
1404 831 1457 884 in
1495 831 1586 886 Dei
1619 846 1682 884 ac
1711 822 1946 888 Patris?

253 915 262 941 ί
318 919 625 974 substantia
645 918 806 988 851
831 920 1160 973 inexsistat?
1183 921 1424 986 Nemini,
1447 922 1665 991 Opinor,
1689 922 1894 976 obscu-

319 1025 440 1063 rum
490 1008 634 1062 istud
686 1017 792 1062 est.
836 1007 972 1063 Nam
1013 1011 1057 1064 si
1101 1011 1238 1064 nihil
1272 1012 1455 1080 seipso
1483 1013 1661 1081 majus
1687 1022 1770 1068 est
1802 1014 1921 1067 aut"

321 1101 527 1163 minus,
560 1099 654 1152 sed
694 1099 878 1169 aliquo
914 1100 1128 1155 minore
1181 1100 1379 1169 majus,
1427 1112 1518 1155 aut
1555 1103 1762 1172 majore
1797 1103 1898 1156 ali-

319 1203 432 1256 quo
461 1186 668 1250 minus,
704 1188 950 1257 nunquid
985 1204 1212 1244 necesse
1243 1200 1325 1244 est
1356 1191 1496 1245 duos
1545 1192 1704 1260 plane
1735 1191 1895 1246 fateri

321 1278 463 1334 Deos
488 1294 612 1334 esse
639 1281 942 1334 secundum
978 1289 1226 1334 naturam
1263 1295 1326 1334 ac
1359 1296 1540 1346 veros,
1572 1290 1630 1333 ut
1661 1282 1748 1336 hic
1779 1282 1899 1351 qui-

319 1372 443 1424 dem
483 1371 657 1440 major
687 1372 1050 1442 intelligatur,
1083 1373 1173 1427 ille
1206 1387 1335 1427 vero
1366 1372 1490 1443 ipso
1519 1373 1744 1427 minor?
1787 1373 1896 1444 Igi-

324 1477 414 1519 tur
447 1463 610 1536 periit
642 1461 890 1517 funditus
927 1462 1191 1517 Ecclesiae
1242 1463 1399 1528 fides,
1439 1465 1481 1520 si
1505 1463 1790 1520 credimus
1825 1465 1899 1518 il-

327 1560 417 1624 lis,
452 1568 550 1613 nec
582 1570 729 1611 unus
769 1569 935 1623 super
961 1570 1061 1607 nos
1099 1563 1183 1609 est
1212 1557 1374 1617 Deus,
1407 1556 1498 1610 sed
1540 1556 1668 1610 duo.
1696 1555 1899 1625 Cujus-

325 1666 451 1704 nam
491 1667 621 1720 ergo
656 1646 854 1714 templa
890 1644 1017 1698 dicti
1057 1660 1272 1708 sumus,
1308 1647 1612 1701 secundum
1644 1645 1900 1715 Scriptu-

1989 464 2240 534 ἀληθινὸς
2287 464 2420 527 Θεὸς
2465 463 2560 516 καὶ
2608 460 2782 533 ζωὴή
2840 461 3076 523 αἰώνιος.
3114 476 3131 511 ι
3173 463 3234 513 Εἰ
3286 461 3342 515 δὲ
3381 467 3558 519 πᾶσαν

1989 556 2125 626 ὁμοῦ
2170 555 2585 626 δυσωπούμενος
2628 554 2725 624 τὴν
2765 551 3121 615 θεόπνευστον
3149 553 3392 625 Γραφὴν,
3429 555 3563 609 Θεὸν

1991 647 2159 710 ὅντως
2191 645 2354 700 αὑτὸν
2411 647 2668 717 προσερεῖ
2690 646 2781 700 καὶ
2811 646 3074 714 ὑπάρχειν
3107 645 3252 699 οὑτω
3287 646 3561 701 διακείσε-

1991 756 2100 799 ται,
2150 737 2427 790 πιστεύειν
2462 755 2522 790 τε
2576 736 2718 790 οὑτω
2754 735 3180 806 μειονεκτεῖσθαι
3221 736 3315 789 τοῦ
3350 739 3564 809 Πατρὶς

1992 829 2137 883 κατά
2179 847 2230 881 τι
2277 827 2409 896 γοῦν
2456 828 2592 890 ὅλως
2647 826 3052 897 ὑπολαμϐάνειο
3111 823 3198 897 ἆρ’
3233 830 3330 898 οὑχ
3377 829 3562 900 ἕτερον

1993 921 2495 992 ήμῖνείσκεκόμικε
2540 920 2692 984 Θεὸν,
2746 921 2845 990 τῆς
2891 920 3025 987 πρὸς
3047 919 3138 972 τὸν
3177 920 3396 991 Πατέρα
3445 921 3564 990 σχέο

1996 1028 2132 1074 σεως
2166 1010 2402 1078 φυσικῆς
2438 1008 2746 1077 ὁλοκλήρως
2768 1008 3219 1078 διακεκομμένον,
3247 1009 3342 1061 καὶ
3364 1011 3422 1060 ὲν
3458 1009 3564 1077 ἰδία

1998 1102 2096 1172 μέν
2129 1117 2234 1153 τινι
2268 1099 2556 1168 νοούμενον
2581 1099 2896 1163 ὑποστάσει,
2924 1098 2998 1168 μὴ
3033 1097 3138 1168 μὴν
3157 1099 3479 1169 ἐνυπάρχειν
3501 1102 3565 1170 τῇ

1995 1189 2090 1242 τοῦ
2131 1188 2266 1242 Θεοῦ
2317 1189 2413 1242 καὶ
2447 1188 2658 1258 Πατρὸς
2702 1187 2859 1257 οὐσία
2884 1203 2914 1252 ;·
2956 1187 3116 1253 Ἀλλ’,
3163 1183 3351 1258 οἶμαι,
3411 1189 3567 1260 δῆλον

1996 1281 2168 1360 ἅπασι
2200 1281 2260 1334 τὸ
2287 1281 2522 1351 πρᾶγμά
2551 1283 2718 1335 ἐστιν.
2758 1281 2820 1332 Et
2851 1281 2959 1351 γὰρ
2986 1280 3139 1333 οὐδὲν
3163 1280 3352 1334 ἑαυτοῦ
3385 1281 3567 1350 μεῖζον

1995 1373 2030 1443 ἢ
2057 1373 2296 1435 ἔλαττον,
2327 1372 2441 1424 ἀλλ’
2467 1371 2748 1433 ἐλάττονος
2769 1371 3035 1441 μέν.,τινος
3053 1370 3234 1440 μεῖζόν
3257 1389 3309 1423 τι
3343 1373 3565 1436 νοεῖται,

2001 1464 2248 1534 μείζονος
2277 1463 2334 1515 δέ
2363 1479 2507 1526 τινος
2533 1463 2776 1528 ἔλαττον,
2809 1462 3036 1533 πότερόν
3077 1479 3193 1524 πως
3219 1463 3318 1514 οὑκ
3355 1464 3570 1534 ἀνάγκη

1997 1555 2090 1608 δύο
2118 1556 2182 1624 δὴ
2213 1556 2427 1617 πάντως
2488 1553 2824 1624 ὁμολογῆσαι
2886 1553 3054 1615 Θεοὺς
3079 1553 3222 1606 κατά
3259 1553 3422 1622 φύσιν
3475 1555 3572 1607 καὶ

1999 1646 2308 1716 ἀληθινοὺς,
2337 1647 2426 1698 ἵνα
2451 1647 2480 1698 6
2521 1645 2625 1716 μὲν
2643 1646 2832 1716 νοῆται
2880 1645 3104 1715 μείζων,
3147 1646 3176 1697 6
3227 1646 3286 1698 δὲ
3334 1646 3571 1699 ὲλόιττων

325 1758 438 1804 ras,
473 1743 578 1796 nisi
617 1742 738 1808 ejus
773 1736 864 1810 qui
915 1751 1074 1790 suum
1107 1739 1162 1790 in
1202 1738 1407 1792 nostris
1439 1738 1728 1793 animabus
1768 1737 1898 1805 Spi-

2005 1738 2210 1802 αὑτοῦ-;
2271 1736 2483 1791 Οὐκοῦν
2536 1738 2742 1806 οἴχεται
2775 1733 2874 1806 μὲν
2925 1737 3024 1808 ἤδη
3053 1737 3147 1790 καὶ
3169 1735 3572 1808 ἀνατέτραπται

325 1836 490 1888 ritum
523 1833 851 1888 collocavit?
880 1829 1016 1887 Cum
1049 1845 1182 1899 ergo
1215 1830 1558 1884 inveniamus
1603 1846 1667 1884 ex
1720 1831 1898 1885 sacris

328 1925 551 1980 Litteris
583 1940 693 1979 non
732 1925 909 1978 Patris
960 1920 1164 1981 solum,
1211 1921 1304 1976 sed
1361 1931 1414 1976 et
1465 1920 1587 1976 Filii
1636 1921 1897 1991 Spiritum

328 2016 658 2085 nuncupari,
691 2015 823 2086 quid
861 2013 1418 2084 philosonliabimur?
1464 2011 1570 2065 Aut
1596 2013 1727 2082 quid
1769 2029 1895 2067 sen-

327 2103 434 2159 tire
479 2117 581 2159 nos
623 2104 885 2158 decebit?
921 2104 1050 2160 Utro
1079 2106 1366 2159 amborum
1403 2103 1631 2172 reiecto,
1665 2103 1896 2158 alterum

328 2209 453 2248 esse
485 2192 652 2248 Deum
681 2193 972 2249 dicemus?
1001 2192 1133 2246 Nam
1167 2195 1214 2248 si
1258 2193 1399 2247 duos
1441 2194 1599 2255 Deos,
1632 2193 1898 2247 minorem

329 2294 384 2339 et
411 2285 675 2354 majorem
712 2286 1091 2349 admittemus,
1121 2293 1177 2340 et
1212 2287 1404 2340 ambos
1451 2286 1505 2340 in
1543 2291 1750 2341 nostris
1781 2287 1901 2340 ani-

331 2377 436 2430 mis
467 2376 774 2430 inliabitare
807 2376 1054 2432 dicemus
1084 2391 1182 2446 per
1210 2377 1466 2445 proprios
1499 2390 1564 2430 ac
1593 2376 1901 2446 peculiares

333 2468 594 2537 Spiritus,
629 2468 828 2538 templa
878 2467 1112 2523 Deorum
1167 2465 1294 2521 facti
1344 2468 1563 2523 demum
1597 2468 1905 2538 deprehen-

330 2561 562 2614 demur:
597 2568 650 2615 et
691 2560 801 2614 duo
849 2559 904 2612 in
953 2558 1114 2614 nobis
1144 2557 1386 2628 Spiritus
1417 2560 1689 2623 habitant,
1729 2561 1904 2626 major

331 2648 588 2702 nimirum
633 2656 688 2703 et
734 2650 936 2709 minor,
974 2662 1071 2716 pro
1101 2648 1312 2701 ratione
1341 2656 1550 2702 natura:
1578 2662 1769 2702 eorum
1810 2649 1902 2718 qui

333 2738 484 2808 ipsos
506 2739 794 2794 dederunt.
822 2736 958 2803 Quis
998 2752 1128 2806 ergo
1161 2737 1288 2790 talia
1332 2737 1469 2794 istos
1516 2747 1798 2794 vomentes
1827 2738 1906 2793 fe-

332 2830 459 2884 rat?
490 2830 738 2899 Autquis
765 2845 954 2882 eorum
985 2831 1078 2898 qui
1106 2829 1251 2899 apud
1279 2830 1405 2884 illos
1435 2838 1585 2894 sunt,
1615 2830 1902 2886 indoctum

333 2935 400 2974 ac
432 2919 588 2973 valde
629 2919 917 2973 ridiculum
952 2935 1257 2973 sermonem
1297 2935 1420 2975 esse
1461 2935 1570 2974 non
1600 2921 1830 2988 videbit,
1858 2922 1904 2975 si

332 3025 524 3066 eorum
553 3024 674 3079 quae
723 3016 886 3063 antea
923 3009 1162 3065 diximus
1197 3026 1419 3065 sensum
1456 3010 1746 3066 attendat?
1799 3012 1906 3068 Sed

336 3099 523 3154 forsan
547 3109 770 3152 coactus
786 3099 924 3156 duos
948 3098 1252 3156 secundum
1275 3107 1526 3158 naturam
1555 3101 1712 3160 fateri
1740 3103 1902 3169 Deos,

336 3190 610 3260 siquidem
650 3191 826 3259 major
874 3191 962 3246 hic
999 3199 1104 3257 est,
1147 3193 1238 3247 ille
1286 3194 1490 3258 minor,
1523 3197 1591 3248 ad
1627 3196 1760 3251 illud
1799 3197 1904 3252 sibi

335 3282 528 3335 tritum
555 3296 621 3336 ac
653 3281 922 3337 familiare
945 3298 1005 3338 se
1034 3282 1300 3349 conferet,
1330 3300 1523 3355 nempe
1550 3295 1608 3340 ut
1629 3289 1906 3357 propriam

335 3379 389 3424 ct
442 3373 766 3442 peculiarem
811 3374 1105 3442 quamdam
1163 3385 1415 3430 naturam
1469 3375 1666 3432 Filium
1709 3380 1908 3435 habere

336 3463 506 3528 dicat,
536 3464 582 3516 si
621 3480 724 3517 nec
754 3471 938 3520 creata
987 3479 1218 3532 prorsus
1265 3469 1554 3524 exsolutus
1604 3471 1696 3531 sit,
1733 3488 1910 3540 neque

246 3539 252 3544 ’
337 3553 472 3608 adeo
504 3553 594 3606 Dei
632 3567 696 3606 ac
726 3551 906 3608 Patris
961 3563 1156 3608 natura
1195 3556 1355 3624 plane
1384 3560 1618 3616 excidat.
1646 3559 1781 3614 Nam
1815 3539 1905 3630 qui

337 3651 648 3698 creaturam
676 3652 772 3697 aut
801 3659 941 3713 Opus
975 3645 1155 3700 dicere
1181 3658 1368 3716 aperte
1395 3666 1503 3704 non
1534 3663 1811 3718 verentur,
1839 3657 1909 3711 ad

341 3731 646 3786 istiusmodi
683 3733 974 3788 verborum
1021 3735 1349 3806 confugiunt
1389 3740 1708 3810 elegantias,
1743 3745 1910 3799 urba-

340 3825 550 3878 niorein
599 3824 1003 3894 quodammodo
1057 3831 1438 3898 excogitantes
1489 3833 1906 3902 blasphemiam.

338 3914 476 3968 Cum
517 3929 648 3984 ergo
681 3915 754 3971 ita
788 3932 848 3972 se
884 3917 1083 3974 habere
1133 3917 1328 3974 Filium
1383 3921 1592 3986 dicant,
1635 3934 1694 3978 ut
1733 3943 1912 3995 neque

271 3996 274 4001 ’
343 4007 484 4061 Deus
536 4009 840 4064 secundum
889 4019 1142 4066 naturam
1188 4013 1240 4067 in
1278 4022 1450 4068 totum
1488 4018 1582 4082 sit,
1623 4034 1722 4073 nec
1765 4021 1914 4077 inter

340 4110 621 4156 creaturas
649 4101 810 4172 plane
857 4113 1174 4169 censeatur,
1217 4107 1311 4162 sed
1345 4109 1583 4164 medium
1614 4115 1908 4180 quemdam

2006 1829 2127 1882 κατ’
2156 1828 2394 1890 ἐκείνους
2427 1826 2525 1898 τῆς
2579 1826 2957 1897 Ἐκκλησὶαςή
2993 1826 3174 1890 πίστις
3192 1842 3205 1856 ⁸
3241 1826 3373 1890 Θεὸς
3399 1826 3456 1878 δὲ
3476 1815 3572 1896 όὺχ

2005 1915 2084 1983 εἷς
2121 1920 2205 1988 ἐφ’
2239 1920 2407 1989 ἡμᾶς,
2445 1917 2582 1971 ἀλλᾶ
2629 1917 2723 1970 δύο
2777 1917 2982 1971 λοιπόν.
3006 1918 3161 1981 Τίνος
3185 1912 3276 1971 οὖν
3319 1919 3427 1989 ἄρα
3457 1920 3574 1971 ναοὶ

2005 2011 2515 2082 κεχρηματίκαμεν,
2548 2008 2686 2061 κατά
2703 2007 2802 2070 τὰς
2832 2008 2870 2060 Γ
2875 2007 3054 2078 ραφάς
3076 2025 3092 2074 ;
3119 2007 3151 2078 ἢ
3187 2007 3344 2077 δῆλον
3366 2008 3447 2060 ὅτι
3473 2007 3572 2060 τοῦ

2003 2103 2065 2155 τὸ
2120 2101 2248 2153 ῐδιον
2298 2099 2527 2166 Πνεῦμα
2582 2099 2704 2160 ταῖς
2743 2097 3042 2167 ἡμετέραις
3082 2098 3575 2166 ὲγκατοικήσαντος

2011 2193 2122 2264 [γρ.
2152 2188 2652 2261 ὲγκατοικίσαντος]
2685 2189 2911 2259 ψυχαῖς
2954 2190 3124 2242 Ὅταν
3174 2185 3267 2242 οὖν
3311 2190 3576 2259 εὑρίσκω-ι

2012 2303 2112 2355 μεν
2144 2287 2210 2337 ὲκ
2243 2285 2351 2337 τῶν
2409 2282 2568 2354 ἱερῶν
2629 2282 2995 2352 Γραμμάτων,
3049 2282 3169 2351 οὐχὶ
3209 2281 3304 2334 τοῦ
3364 2280 3576 2352 Πατρὸς

2013 2375 2194 2446 μόνον,
2252 2374 2389 2428 ἀλλὰ
2445 2375 2541 2429 καὶ
2603 2374 2694 2426 τοῦ
2751 2373 2877 2426 Υίοῦ
2921 2371 3146 2442 Πνεῦμα
3190 2372 3501 2444 λεγόμενον,
3523 2373 3574 2424 τί

2008 2467 2374 2538 λογισόμεθα;
2406 2467 2472 2520 Τί
2518 2467 2575 2520 δὲ
2634 2465 2878 2537 προσῆκε
2911 2468 3163 2537 φρονεῖν;
3193 2466 3326 2519 Τίνα
3352 2465 3459 2519 τῶν
3482 2466 3577 2518 δύο

2010 2560 2422 2631 παρωσάμενοι,
2457 2559 2546 2611 τὸν
2575 2559 2760 2630 ἕτερον
2776 2553 2912 2610 εἷναι
2939 2558 3072 2610 Θεὸν
3097 2558 3326 2627 λέγομεν
3354 2575 3368 2623 ;
3399 2558 3460 2610 Εί
3479 2558 3576 2627 μὲν

2009 2647 2102 2702 οὖν
2135 2649 2228 2702 δύο
2250 2651 2437 2715 Θεοῦς,
2478 2649 2569 2702 τὸν
2625 2649 2831 2701 ἐλάττω
2855 2664 2913 2700 τε
2963 2649 3055 2700 καὶ
3086 2647 3177 2700 τὸν
3201 2648 3371 2717 μείζω
3397 2665 3577 2718 παρα-

2009 2738 2292 2810 δεξόμεθα,
2313 2739 2481 2808 ἀμφω
2498 2755 2556 2790 τε
2583 2740 2702 2801 ταῖς
2734 2739 3033 2809 ἡμετέραις
3069 2739 3268 2809 ψυχαῖς
3303 2741 3578 2804 ἐναυλίζεο

2013 2832 2136 2886 σθαι
2164 2833 2408 2902 φήσομεν
2437 2831 2526 2883 διά
2558 2830 2666 2882 τῶν
2717 2831 2861 2883 ἰδίων
2907 2831 3260 2901 Πνευμάτων,
3289 2831 3406 2884 ναοὶ
3430 2832 3579 2884 Θεῶν

2012 2924 2114 2994 ἤδη
2143 2923 2425 2991 γεγονότες
2448 2921 2798 2992 ἀλωσόμεθα·
2828 2921 2922 2975 δύο
2935 2922 2990 2974 δὲ
3015 2923 3146 2992 ἡμῖν
3175 2923 3373 2976 ἐνοικεί
3409 2921 3580 2975 Πνεύ-

2018 3027 2182 3081 ματα,
2223 3010 2406 3080 μεῖζόν
2426 3028 2486 3064 τε
2508 3012 2600 3069 καὶ
2629 3011 2870 3075 ἔλαττον,
2888 3010 3168 3079 ἀναλόγως
3201 3014 3265 3083 τῇ
3295 3014 3452 3082 φύσει
3470 3013 3580 3064 τῶν

2012 3102 2304 3158 δεδοκότων
2345 3102 2501 3158 αὑτά.
2537 3099 2634 3167 Τίς
2671 3097 2764 3158 οὖν
2798 3104 2906 3175 ἄρα
2955 3105 3062 3157 τῶν
3090 3105 3346 3157 τοιούτων
3371 3104 3582 3174 ὲμετῶδ

2011 3196 2260 3260 ἀνέξεται
2287 3214 2300 3262 ;
2332 3197 2428 3260 Τίς
2480 3195 2536 3248 δὲ
2591 3195 2700 3249 τῶν
2758 3196 2890 3267 παρ’
2922 3195 3150 3257 ἐκείνοις
3183 3195 3368 3266 ἀμαθῆ
3398 3211 3457 3247 τε
3489 3195 3582 3247 καὶ

2013 3289 2350 3357 γελοιότατον
2377 3289 2438 3342 οὑ
2474 3288 2769 3357 κατόψεται
2807 3288 2986 3357 λόγον,
3016 3289 3118 3356 τὴν
3139 3288 3248 3342 τῶν
3277 3286 3582 3358 εἰρημένων

2013 3381 2217 3451 ἀρτίως
2257 3382 2393 3450 ἡμῖν
2446 3379 2879 3451 διασκεψάμενος
2957 3379 3204 3445 ἐννοιαν;
3263 3378 3403 3432 Ἀλλ’
3451 3379 3582 3441 ἴσως

2014 3477 2451 3546 ἀναγκαζόμενος
2493 3475 2586 3528 δύο
2626 3475 2768 3528 κατὰ
2820 3476 2981 3545 φύσιν
3018 3475 3345 3545 ὁμολογῆσαι
3393 3473 3580 3536 Θεοὺς,

2014 3567 2173 3638 εἴπερ
2202 3571 2231 3622 6
2289 3569 2386 3638 μέν
2430 3569 2544 3620 ἐστι
2579 3566 2798 3638 μείζων,
2832 3570 2860 3620 6
2887 3568 2944 3621 δὲ
2994 3568 3250 3631 ἐλάττων,
3281 3566 3366 3618 ἐπ’
3406 3566 3585 3618 ἐκεῖνο

2017 3658 2278 3729 βαδιεῖται
2299 3660 2360 3712 τὸ
2392 3657 2620 3730 σύνηθές
2649 3676 2710 3712 τε
2737 3659 2832 3712 καὶ
2861 3659 3220 3730 τετριμμένον
3241 3657 3410 3728 αὑτῷ,
3441 3659 3585 3726 φημὶ

2013 3750 2078 3820 δὴ
2109 3751 2171 3803 τὸ
2233 3750 2396 3819 φύσιν
2450 3751 2586 3804 ἰδίαν
2642 3752 2764 3804 τινὰ
2811 3751 2992 3817 λέγειν
3051 3752 3196 3822 ἔχειν
3235 3751 3324 3805 τὸν
3356 3751 3502 3812 Υίὸν,
3532 3752 3583 3802 εί

2017 3844 2159 3913 μήτε
2183 3844 2281 3913 τῆς
2311 3843 2540 3914 γενητῆς
2567 3844 2911 3916 ἀπήλλακται
2966 3845 3262 3907 παντελῶς.
3307 3846 3441 3914 μήτε
3478 3843 3583 3913 μὴν

2015 3934 2322 4004 ὁλοκλήρως
2352 3935 2648 3988 ἀποπίπτει
2706 3938 2805 4006 τῆς
2833 3936 2926 3988 τοῦ
2960 3936 3096 3990 Θεοῦ
3129 3938 3224 3988 καὶ
3255 3936 3484 4006 Πατρός.
3519 3935 3584 4010 οἱ

2016 4026 2123 4097 γὰρ
2151 4028 2357 4098 κτίσμα
2385 4028 2481 4081 καὶ
2533 4027 2744 4098 ποίημα
2789 4027 2965 4094 λέγειν
3000 4028 3245 4099 ἐναργῶς
3290 4029 3583 4097 οὑ-παραιο

2014 4117 2288 4187 τούμενοι,
2330 4119 2425 4170 ἐπὶ
2449 4117 2549 4181 τὰς
2583 4117 2692 4170 τῶν
2719 4117 2975 4170 τοιούτων
3021 4119 3280 4189 ῥημάτων
3315 4117 3584 4184 καταφεύ-

339 4193 630 4258 exsistere,
671 4200 731 4247 ut
753 4200 808 4248 et
839 4193 1028 4248 Dei‘ac
1052 4194 1234 4250 Patris
1261 4198 1525 4269 dignitate
1555 4203 1628 4258 sit
1657 4203 1904 4268 inferior,

2015 4223 2173 4274 γουσι
2203 4207 2492 4279 κομψείας,
2521 4210 2869 4280 ἀστειοτέραν
2896 4209 3084 4281 ὥσπερ
3121 4209 3458 4272 ἐπινοοῦντες
3483 4208 3584 4278 τὴν

339 4290 394 4338 ει
438 4299 608 4355 supra
657 4293 1034 4341 creaturarum
1070 4288 1297 4357 gloriam
1343 4293 1618 4350 emineat:
1673 4296 1904 4364 primum

2015 4299 2348 4370 δυσφημίαν.
2375 4301 2544 4354 Ὅταν
2597 4301 2778 4355 τοίνυν
2805 4300 2978 4364 οὕτως
3009 4302 3154 4370 ἔχειν
3194 4301 3439 4370 λέγωμεν
3467 4299 3580 4373 [γρ.

339 4376 562 4444 quidem
609 4376 858 4432 dicemus
904 4379 1107 4433 nullam
1153 4397 1279 4436 esse
1328 4384 1599 4439 rationem
1653 4403 1775 4456 quae
1827 4391 1904 4445 eis

2018 4390 2270 4463 λέγωσιν]
2295 4392 2385 4445 τὸν
2415 4392 2569 4457 Υίὸν,
2591 4392 2666 4456 ὡς
2693 4394 2830 4464 μήτε
2853 4393 2986 4446 Θεὸν
3001 4393 3141 4446 κατὰ
3160 4392 3320 4462 φύσιν
3356 4391 3582 4461 ὁλοκλή-

340 4463 658 4532 permiserit
684 4464 982 4529 decernere
1013 4483 1078 4522 ac
1103 4469 1250 4539 loqui
1271 4487 1393 4537 qua:
1419 4473 1605 4527 velint.
1637 4477 1744 4531 Aut
1765 4480 1904 4533 enim

2017 4503 2121 4556 ρως
2151 4487 2418 4557 ὑπάρχειν
2439 4485 2626 4546 αὑτὸν,
2658 4463 2796 4555 μήτε
2828 4484 2932 4555 μὴν
2957 4487 3013 4538 ὲν
3042 4485 3334 4556 κτίσμασιν
3363 4483 3584 4552 ὁλοκλή-

343 4551 501 4605 ﬁdem
543 4551 706 4606 nobis
749 4569 817 4608 ex
857 4555 1034 4609 sacris
1068 4557 1383 4626 divinisque
1427 4557 1652 4614 Litteris
1686 4561 1904 4628 faciant,

2014 4551 2122 4646 ρως
2147 4551 2344 4640 τελεξν,
2414 4572 2555 4629 εἶναι
2613 4551 2671 4629 δέ
2722 4551 2847 4629 τινα
2890 4551 3090 4646 μέσον,
3126 4551 3202 4640 ὡς
3237 4576 3455 4645 καὶτῆς
3486 4551 3582 4628 τοῦ

339 4648 437 4694 aut
467 4639 513 4693 si
543 4640 693 4695 nulla
722 4657 787 4696 ex
825 4651 981 4711 parte
1015 4645 1247 4713 probare
1271 4657 1500 4716 possunt
1529 4651 1674 4718 quod
1701 4652 1904 4720 dicunt,

2010 4639 2144 4718 Θεοῦ
2175 4666 2269 4718 καὶ
2305 4667 2512 4737 Πατρὸς
2537 4665 2694 4733 ἀξίας
2715 4639 3208 4736 ἀπολιμπάνεσθαι,
3240 4667 3335 4721 καὶ
3353 4639 3451 4737 τῆν
3473 4666 3582 4720 τῶν

341 4729 543 4801 pudeat
572 4731 721 4801 ipsos
742 4749 810 4788 ex
837 4749 938 4788 suo
970 4749 1135 4791 sensu
1169 4736 1234 4792 de
1261 4737 1364 4793 fide
1393 4746 1656 4795 statuere.
1687 4743 1904 4799 Verum-

2009 4754 2325 4823 κτισμάτων
2353 4729 2748 4826 ὑπεράλλεσθαι
2770 4729 2947 4819 δόξανο
2967 4757 3301 4828 πρῶτονμὲν
3327 4729 3580 4830 ὲρόῦμεν,

337 4835 521 4879 tamen
552 4839 676 4878 cum
707 4839 818 4895 pra:
849 4826 1046 4881 mentis
1068 4825 1252 4897 inopia
1284 4837 1491 4885 temere
1520 4832 1572 4885 id
1597 4833 1904 4904 effuderint,

2009 4843 2087 4906 ὡς
2106 4843 2279 4906 οὐδεὶς
2309 4825 2495 4907 αὐτοῖς
2525 4846 2795 4916 ἐπέτρεψε
2854 4825 3025 4915 λόγος-
3065 4825 3372 4918 νομοθετεῖν
3398 4848 3434 4903 6.
3460 4825 3582 4918 βού-

337 4911 406 4966 ad
441 4928 630 4969 eorum
663 4916 1091 4986 propositionem
1127 4913 1214 4975 me
1247 4931 1588 4992 convertam,
1619 4935 1674 4982 et
1706 4927 1790 4983 sic
1814 4944 1904 4986 eos

2008 4933 2192 4988 λονται
2217 4936 2312 4988 καὶ
2332 4935 2532 4990 λαλεῖν.
2561 4938 2632 4990 Ἦ
2799 4911 2945 5008 ἡμᾶς
2981 4941 3045 4993 ὲκ
3085 4911 3192 4994 των
3222 4940 3380 5011 ἱερῶν
3403 4911 3582 4993 τεκαὶ

340 5019 533 5062 rursus
559 5008 864 5079 aggrediar.

2016 5023 2176 5078 θείων
2233 5008 2751 5100 πληροφορούντων
2778 5031 2816 5082 Γ
2822 5034 3146 5103 ραμμάτων,
3187 5032 3220 5103 ἢ
3271 5008 3584 5102 μηδαμόθεν

288 5145 308 5157 .
341 5101 831 5194 ξεμαρτυρημένον
876 5100 967 5155 τὸν
1010 5101 1138 5156 ἴδιον
1183 5102 1396 5194 ἔχοντες
1431 5105 1610 5174 λόγον,
1664 5111 2109 5180 αἰσχυνέσθωσαν
2153 5118 2221 5171 τά
2264 5120 2374 5173 ἀπὸ
2415 5121 2642 5192 γνώμης
2685 5100 2832 5186 ίδίαςν
2987 5125 3168 5178 πίστει
3201 5100 3578 5194 διόριζόμενοι.

338 5185 486 5263 Πλὴν
515 5189 738 5289 ἐπείπερ
768 5193 952 5289 αὑτοῖς
980 5194 1072 5247 καὶ
1115 5193 1272 5248 τοῦτο
1311 5197 1559 5268 παρέστη
1592 5199 1653 5264 ἐξ
1691 5203 1916 5274 ἀκρίτου
1959 5207 2138 5275 λέγειν
2173 5185 2619 5280 φρενοϐλαϐείας,
2651 5215 2745 5267 ἐπὶ
2768 5214 2865 5286 τὴν
2899 5216 3082 5271 αὑτῶν
3118 5185 3420 5289 βαδιοῦμαι·
3445 5217 3580 5288 πρό-

281 5305 302 5328 ›
339 5296 517 5343 τασιν,
549 5281 661 5351 ἐρῶ
691 5281 748 5334 δὲ
776 5282 840 5353 δὴ
861 5283 1042 5337 πάλιν.
1667 5357 1675 5366 _
1747 5350 1752 5358 '
2823 5281 2834 5286 '
3118 5281 3130 5289 '
3259 5299 3270 5310 π

412 5370 472 5426 Si
502 5371 618 5424 sola
645 5371 979 5442 homogenea
1007 5377 1468 5448 comparationem
1499 5380 1642 5437 inter
1681 5399 1742 5438 se
1777 5400 1898 5454 pro~

2080 5385 2145 5438 Et
2172 5386 2282 5457 γὰρ
2309 5387 2446 5458 μόνα
2491 5389 2561 5442 τά
2585 5391 2802 5463 ὁμοειδῆ
2842 5394 2944 5464 τὴν
2972 5397 3108 5466 πρὸς
3136 5396 3340 5469 ἄλληλα
3360 5401 3585 5472 σύγκρι-

341 5459 456 5532 prie
489 5463 850 5532 susceperint,
881 5471 935 5517 et
967 5466 1208 5535 seipsum
1240 5471 1459 5542 proprie
1483 5471 1647 5542 852
1697 5472 1806 5526 Deo
1837 5489 1902 5529 ac

2013 5493 2098 5532 σιν
2125 5480 2327 5551 κυρίως
2361 5482 2427 5534 ἂν
2445 5459 2766 5549 ὲπιδέξαιτο,
2792 5459 3194 5558 ’συγκρίνεσθαι
3223 5459 3278 5543 δέ
3303 5491 3413 5544 δεῖν
3440 5459 3576 5548 ξαιύ-

338 5553 487 5606 ναις-ἱ
518 5555 822 5623 comparari
870 5552 1043 5611 Filius
1071 5559 1266 5627 voluit,
1295 5562 1638 5632 apertissime
1667 5562 1858 5618 dicens
1886 5583 1898 5618 :

2007 5572 2098 5624 τὸν
2121 5571 2326 5641 κυρίως
2359 5573 2436 5643 τῷ
2477 5574 2598 5646 Θεῷ
2640 5576 2736 5629 καὶ
2783 5552 2964 5648 Πατρὶ.
2984 5579 3339 5652 δεδοκίμακεν
3367 5585 3394 5635 6
3426 5584 3578 5646 Υἱὸς.

346 5663 365 5696 ι
403 5643 562 5699 l’ater
591 5645 764 5727 major
799 5661 883 5701 ine
922 5655 1084 5713 θείη-ι
1125 5653 1401 5720 quomodo
1429 5669 1656 5711 necesse
1681 5665 1903 5711 nonest

2013 5661 2324 5730 σαφέστατα
2353 5661 2546 5730 λέγων·
2569 5643 2592 5715 τι
2615 5664 2673 5716 Ὀ
2697 5665 2884 5734 Πατὴρ
2903 5643 3117 5736 μείζων
3138 5643 3238 5739 μου
3261 5667 3430 5737 mm
