4042 6204
1882 105 1921 137 κ

386 272 499 337 $95
1224 278 1279 303 ‘

1448 280 1516 340 ιιι
1547 276 1836 341 JOANNIS
1862 276 2314 339 EVANGELIUM
2354 282 2486 338 LIB.
2531 282 2603 343 Χ.

3554 289 3661 349 5‘26

385 399 493 451 τίοκ
514 395 732 465 ἀνάγκη
767 393 1010 474 τοιούτον
1032 394 1270 449 νοεῖσθαι
1293 397 1389 451 καὶ
1408 396 1498 450 τὸν
1527 396 1768 468 Πατέρα,
1799 396 1976 457 ὁποῖος

2085 394 2248 449 talem
2272 410 2494 466 quoque
2530 397 2749 455 Patrem
2778 398 3017 466 censeri,
3042 398 3221 474 qualis
3246 418 3273 456 a
3302 402 3459 460 vobis
3484 405 3659 463 Filius

389 488 461 542 ἂν
488 486 700 555 λέγοιτο
717 487 846 559 παρ’
880 468 1056 557 ’ὑμῶν
1101 489 1131 540 ὁ
1184 487 1347 555 me;
1382 488 1577 543 Καιτί
1607 489 1668 541 τὸ
1693 485 1975 553 ὲντεῦθενς

392 578 556 633 ὀλον
589 579 718 649 ὑμῖν
749 579 832 642 είς
870 578 931 631 τὸ
981 579 1147 650 μηδὲν
1199 560 1568 650 καταστρέφει
1596 579 1658 633 τὸ
1691 577 1976 649 θεώρημα.

394 672 543 735 Ἕως
609 670 709 741 μὲν
737 670 855 740 γὰρ
875 670 1079 742 μείζων
1132 671 1350 741 λέγεται
1373 672 1469 724 τοῦ
1516 671 1645 724 Υίοῦ
1670 672 1801 742 παρ’
1826 669 1981 741 ὑμῶν

390 763 425 815 δ
451 763 659 834 Πατὴρ,
716 764 749 833 ἡ
810 763 869 815 δὲ
927 762 1105 827 κτίσις
1157 763 1416 828 ἐλάττων,
1464 763 1602 833 μέση
1636 781 1720 826 τις
1756 759 1825 834 ἦν
1856 762 1978 817 καθ’

393 853 538 923 ὑμᾶς
569 856 603 924 ἡ
633 853 727 906 τοῦ
770 850 1113 922 Μονογενοῦς
1169 854 1349 924 φύσις.
1386 852 1898 923 Καταδισασθείσης
1919 852 1978 907 δὲ

388 947 497 1016 τῆς
508 945 608 1007 τοῦ
628 946 844 1016 Πατρὸς
867 947 947 1008 είς
967 946 1070 1016 τὴν
1089 945 1396 1011 Υίοῦ,τίνος
1415 945 1568 998 ἔσται
1592 943 1755 1014 μέσος
1768 943 1975 1007 λοιπὸν,

387 1038 491 1090 ούκ
518 1037 671 1101 ὄντος
697 1036 800 1090 ιέτι
845 1036 941 1090 τοῦ
987 1037 1388 1108 ὑπερκειμένου
1433 1038 1529 1092 καὶ
1577 1038 1973 1110 ὑπερέχοντοςς

388 1129 455 1182 Ei
485 1129 562 1189 δὲ,
590 1128 734 1183 καθά
761 1145 945 1201 φησιν,
964 1128 1038 1193 ὡς
1076 1130 1344 1200 ὁμογενὴς
1371 1131 1628 1200 ὁμογενεῖ
1671 1129 1751 1199 τῷ
1802 1130 1973 1200 Πατρὶ

389 1212 793 1291 συγκρίνεταιξ
821 1220 939 1285 πῶς
986 1221 1085 1291 οὐχ
1143 1215 1225 1285 είς
1253 1222 1342 1275 ἐπ’
1371 1222 1574 1291 ἀμφοῖν
1609 1222 1637 1274 ὁ
1665 1221 1764 1291 τῆς
1788 1220 1978 1283 οὐσίας

388 1312 542 1365 ἔσται
585 1311 774 1380 λόγος;
826 1305 1264 1382 Παραιτούμενόι
1315 1311 1373 1365 δὲ
1395 1311 1486 1364 τὸν
1515 1309 1645 1365 Υἱὸν
1691 1309 1977 1380 όμοούσιον

388 1403 660 1473 ῠπάρχειν
680 1403 966 1474 ὁμολογεῖν
1016 1402 1095 1474 τῷ
1129 1404 1326 1475 Πατρὶ,
1358 1403 1532 1456 τιθεῖν
1558 1403 1841 1474 δὲμᾶλλον
1875 1405 1986 1457 ab;

400 1493 497 1545 τὸν
535 1495 595 1546 ἐν
642 1492 916 1557 ἐλάττοσι,
967 1492 1063 1546 καὶ
1108 1491 1206 1558 τὴν
1234 1492 1330 1547 τοῦ
1357 1491 1570 1563 Πατρὸς
1593 1493 1975 1551 κατεσπάσατε
2022 1500 2031 1513 ‘

387 1581 547 1647 δόξαν
585 1585 669 1646 εἰς
703 1582 808 1654 τὴν
846 1582 945 1637 τοῦ
989 1584 1113 1638 καθ’
1142 1585 1287 1655 ὑμᾶς
1317 1583 1599 1647 ἐλάττονός
1612 1601 1678 1637 τε
1711 1585 1804 1638 καὶ
1828 1601 1977 1654 μειο-

386 1673 774 1743 νεκτουμένου,
828 1669 917 1745 ἆρ’
961 1675 1061 1745 οὐχ
1110 1677 1271 1748 ὁρᾶτε
1326 1674 1513 1729 λοιπὸν
1542 1673 1788 1745 ἀκάνθης
1818 1674 1976 1745 δίκην

2079 483 2321 541 dicitur?
2350 488 2419 542 At
2454 489 2716 557 quidnam
2746 491 2876 549 inde
2903 493 3193 563 sequitur?
3225 493 3416 553 Omnis
3445 496 3539 551 illa
3566 514 3659 554 ve-

2079 585 2198 635 stra
2247 579 2303 634 in
2352 579 2589 637 nihilum
2630 582 2742 638 abit
2801 586 3125 655 propositio.
3185 585 3469 653 Quatenus
3509 589 3658 646 enim

2079 666 2243 723 Pater
2278 683 2308 722 a
2349 671 2503 725 vobis
2547 672 2724 742 major
2757 672 2896 729 Filio
2927 674 3156 743 diciiur,
3184 683 3437 734 creatura
3473 688 3658 733 autem

2080 759 2280 822 minor.
2317 761 2495 816 media
2526 763 2772 831 quaedam
2804 772 2891 819 est
2935 780 2999 819 ex
3034 766 3305 823 sententia
3337 774 3518 822 vestra
3556 783 3657 825 ua-

2079 860 2203 906 tura
2239 850 2539 922 Unigeniti.
2591 854 2805 911 Natura
2855 866 3036 913 autem
3077 857 3257 912 Patris
3306 858 3361 911 in
3399 856 3521 912 Filii
3560 875 3660 914 na-

2079 949 2259 996 turam
2288 943 2573 1014 depressa,
2606 946 2898 1017 eujusnam
2930 947 3146 1005 tandem
3195 950 3302 1006 erit
3345 950 3581 1013 medius,
3612 951 3658 1006 si

2080 1051 2187 1091 non
2228 1037 2302 1090 sit
2331 1038 2424 1106 qui
2455 1053 2625 1109 supra
2652 1041 2724 1097 sit
2757 1040 2974 1113 positus
3002 1050 3058 1097 et
3083 1041 3362 1097 emineat?
3390 1041 3547 1108 Quod
3587 1043 3659 1105 si,

2080 1132 2140 1178 ut
2169 1126 2346 1191 aiunt,
2391 1134 2451 1180 ut
2498 1126 2875 1199 homogeneus
2920 1129 3069 1187 Patri
3108 1126 3488 1201 comparatur,
3518 1147 3656 1200 quo-

2077 1218 2243 1274 modo
2270 1234 2381 1275 non
2412 1234 2522 1275 una
2550 1221 2605 1275 in
2636 1222 3060 1279 antbobus'erit
3095 1223 3425 1281 substantiae
3472 1223 3660 1279 ratio?

2076 1307 2213 1362 Cum
2243 1318 2427 1366 autem
2462 1311 2644 1369 Patris
2677 1316 2914 1385 gloriam
2946 1317 3014 1371 ad
3061 1317 3183 1386 ejus
3233 1318 3323 1387 qui
3365 1332 3433 1373 ex
3476 1326 3661 1373 vestra

2078 1401 2352 1458 sententia
2405 1402 2587 1456 minor
2638 1412 2746 1470 est,
2799 1404 3026 1475 gloriam
3076 1404 3407 1469 deducatis,
3457 1402 3657 1458 Filium

2077 1494 2613 1555 consubstantialem
2664 1512 2788 1553 esse
2832 1497 2983 1552 Patri
3046 1497 3203 1553 fateri
3251 1498 3521 1560 nolentes,
3563 1495 3659 1553 sed

2076 1599 2202 1641 eum
2259 1585 2446 1653 potius
2512 1587 2780 1643 minorem
2836 1603 2961 1645 esse
3030 1596 3362 1655 statuentes,
3409 1584 3659 1657 nunquid

2078 1676 2250 1745 apinae
2280 1677 2457 1732 instar
2485 1694 2843 1737 succrescere
2879 1679 3278 1748 blasphemiam
3315 1678 3659 1735 animadver-

387 1764 787 1819 ἀνατέλλουσαν
839 1764 940 1837 τὴν
987 1765 1347 1837 δυσφημίαν;
1397 1761 1527 1836 'Ap’
1575 1764 1697 1836 οὐχὶ
1724 1764 1850 1837 ῥίζα
1884 1783 1974 1820 πι·

2076 1768 2231 1825 titis?
2281 1768 2470 1826 Nonne
2526 1771 2682 1826 radix
2737 1771 3126 1827 amaritudinis
3176 1785 3398 1827 sursum
3457 1771 3659 1841 germi-

386 1856 553 1926 κρίας
582 1854 697 1910 ἀνω
728 1855 941 1925 φύουσα
993 1857 1095 1927 τὴν
1135 1857 1244 1911 τῶν
1272 1856 1421 1911 οὕτω
1445 1858 1804 1927 διακειμένων
1837 1875 1966 1929 καρ·

385 1948 507 2002 δίαν
538 1947 902 2019 παρενοχλεῖς
964 1948 1030 2001 Τί
1082 1949 1284 2015 τοίνυν,
1308 1950 1545 2019 ἀφέντες
1583 1949 1676 2002 τὸν
1709 1949 1844 2020 eaea
1873 1949 1975 2019 τῆς

387 2037 647 2109 ἀληθείας
671 2037 854 2107 λόγον,
900 2039 981 2102 είς
1038 2038 1312 2109 τοσαύτην
1336 2039 1572 2093 ἀτοπίαν
1602 2037 1974 2108 παρελᾳύνετε

386 2128 668 2199 λογισμῶν
692 2147 708 2197 ;
736 2130 864 2185 Δότε
895 2128 984 2203 δὴ,
1036 2129 1156 2184 δότε
1189 2130 1267 2202 τῷ
1300 2132 1554 2201 ὁμογενεῖ
1597 2130 1720 2184 καθ’
1747 2131 1891 2201 ὑμᾶς
1914 2131 1976 2183 τὸ

386 2217 447 2272 ὲν
480 2216 689 2291 ἰσότητι
721 2219 938 2274 κεῖσθαι
998 2220 1094 2274 τοῦ
1143 2220 1281 2275 Θεοῦ
1312 2221 1406 2274 καὶ
1436 2220 1670 2292 Πατρός.
1688 2219 1846 2275 Οὕτω
1867 2219 1976 2291 γὰρ

385 2303 469 2374 εἷς
527 2310 685 2366 ἔσται
727 2311 882 2377 Θεὸς,
932 2314 991 2366 ἐν
1047 2311 1180 2383 ἁγίᾳ
1222 2330 1283 2366 τε
1345 2313 1441 2367 καὶ
1484 2312 1759 2384 ὸμοουσίῳ
1785 2313 1974 2384 Τριάδι

386 2399 871 2471 προσκυνούμενός
894 2418 954 2453 τε
989 2402 1085 2455 καὶ
1126 2402 1594 2475 δοξολογούμενος,
1619 2404 1758 2473 πρός
1790 2420 1851 2456 τε
1873 2403 1974 2475 ἠδη

386 2488 553 2560 ἡμῶν
579 2490 756 2544 αὐτῶν
780 2492 875 2545 καὶ
901 2490 1011 2546 τῶν
1045 2492 1220 2562 ἁγίων
1246 2494 1517 2564 ἀγγέλων.

464 2581 577 2636 Καὶ
599 2582 715 2637 νῦν
752 2583 967 2653 εἴρηκα
1014 2584 1159 2661 ὑμῖν
1182 2585 1326 2655 ,πρὶν
1369 2587 1671 2657 γενέσθαι,
1699 2587 1802 2642 ἵνα
1829 2587 1976 2642 ὅταν

385 2672 634 2746 γένηται
655 2676 1047 2744 πιστεύσητε.

473 2766 739 2836 ’Δσφαλὲς
763 2768 1020 2840 ἐνέχυρον
1042 2768 1151 2823 τῶν
1191 2768 1414 2824 ἔσεσθαι
1446 2770 1913 2842 προσδοκωμένων
1942 2768 1978 2840 ἠ

387 2861 520 2932 περὶ
556 2859 740 2915 αὐτῶν
799 2861 995 2931 ὁρᾶται
1042 2861 1370 2933 πρόρρησις.
1420 2862 1640 2916 Βεσαιοῖ
1684 2862 1976 2934 τοιγαροῦν

388 2948 500 3002 τῶν
552 2948 816 3020 μαθητῶν
861 2950 963 3019 τὴν
1013 2950 1265 3022 καρδίαν,
1297 2953 1393 3007 καὶ
1446 2952 1728 3022 ἀραρότως
1759 2954 1976 3024 φρονεῖν

387 3042 675 3095 ἀναπείθει
702 3042 958 3115 Χριστὸς,
1001 3044 1193 3115 ὅτιπερ
1232 3044 1442 3098 ἄνεισιν
1475 3045 1693 3116 ἀληθῶς
1717 3047 1854 3118 πρὸς
1881 3047 1975 3101 τὸν

388 3225 541 3296 αύτῷ
561 3227 653 3280 καὶ
681 3226 1072 3299 συνεδρεύσων,
1105 3229 1181 3292 ὼς
1218 3228 1374 3292 Θεὸς,
1413 3229 1510 3283 καὶ
1549 3228 1609 3294 ἐξ
1635 3230 1802 3283 αὐτοῦ
1835 3230 1978 3284 κατά

386 3319 552 3386 φύσιν
578 3319 654 3383 ὼς
676 3318 810 3383 Θεὸς
833 3320 1255 3390 γεγεννημένος.
1297 3320 1390 3393 Μὴ
1428 3321 1540 3394 γὰρ
1565 3321 1651 3392 δὴ,
1686 3322 1844 3393 φησὶ,
1875 3322 1977 3394 τὴν

386 3410 530 3481 ἐμὴν
562 3411 872 3481 ἀπόλειψιν,
931 3412 1032 3484 τὴν
1087 3413 1229 3467 κατά
1260 3414 1443 3485 σάρκα
1462 3416 1558 3471 καὶ
1580 3416 1800 3485 ἐμφανῆ
1832 3416 1978 3482 (συν-

385 3502 585 3573 έσομαι
606 3503 715 3574 γὰρ
744 3503 896 3574 ὑμῖν,
921 3503 997 3567 ὡς
1027 3503 1182 3568 Θεὸς,
1216 3504 1305 3558 διὰ
1334 3504 1580 3578 παντὸς),
1616 3506 1675 3559 ὲν
1709 3505 1807 3577 ῖσῳ
1830 3504 1978 3574 λογί-

389 3593 559 3665 σησθε
580 3595 681 3666 τῆς
714 3596 823 3651 τῶν
852 3596 1028 3666 ἁγίων
1053 3598 1373 3670 προφητῶν.
1406 3601 1469 3652 Οἱ
1501 3598 1601 3669 μὲν
1632 3600 1766 3671 γὰρ,
1788 3600 1886 3654 ἅτε
1913 3599 1977 3671 δὴ

386 3686 487 3739 καὶ
505 3687 616 3740 ἀπὸ
640 3688 743 3757 γῆς
798 3689 1085 3757 γεγονότες
1132 3689 1228 3743 καὶ
1260 3692 1326 3761 τῇ
1381 3689 1487 3761 ίδίᾳ
1524 3689 1685 3758 φύσει
1710 3690 1770 3744 τὸ
1798 3689 1978 3762 χρεὼν

383 3780 771 3845 ἀποτίσαντες,
809 3781 1215 3851 συνεστάλησαν
1266 3798 1329 3835 τε
1360 3783 1457 3835 καὶ
1490 3784 1876 3855 κεχωρήκασιν
1896 3782 1977 3846 είς

380 3873 479 3925 τὸν
510 3871 823 3944 ἀνθρώποις
849 3872 1128 3945 πρέποντα
1152 3874 1317 3946 νόμον
1342 3891 1355 3906 ·
1393 3873 1525 3937 Θεὸς
1555 3874 1612 3927 δὲ
1642 3877 1784 3929 κατὰ
1814 3874 1975 3944 φύσιν

384 3961 654 4033 ὑπάρχων
701 3961 834 4032 ἐγὼ,
886 3964 990 4017 οὐκ
1048 3965 1107 4018 ὲν
1151 3963 1252 4036 ῖσῳ
1286 3965 1470 4037 μέτρῳ
1502 3968 1617 4029 τοῖς
1635 3964 1702 4019 δι’
1735 3965 1974 4036 ἐμαυτοῦ

384 4054 640 4124 γεγονόσι
690 4056 965 4127 κείσομαι,
986 4055 1078 4109 τὸν
1109 4056 1215 4124 τῆς
1259 4056 1612 4119 ἀναστάσεως
1659 4054 1974 4127 περιμένων

385 4146 580 4217 καιρόν
608 4161 623 4176 ·
648 4145 726 4211 ζῶ
746 4145 855 4217 γὰρ
885 4148 993 4212 ἀεὶ,
1022 4146 1136 4218 ζωὴ
1178 4147 1322 4202 κατά
1363 4147 1526 4216 φύσιν
1553 4147 1821 4218 ὑπάρχων
1840 4164 1854 4177 ·
1879 4148 1977 4202 καὶ

387 4216 676 4291 ἀποστελῶ
695 4239 790 4291 τὸν
813 4216 1203 4310 Παράκλητον,
1234 4237 1486 4291 ἐπιδώσω
1521 4216 1741 4309 essent
1762 4239 1856 4293 καὶ
1899 4241 1977 4293 εί-

392 4331 561 4402 ρήνην
588 4332 692 4401 τὴν
719 4331 882 4402 ἐμὴν,
929 4331 1025 4385 καὶ
1070 4331 1132 4385 ού
1189 4329 1577 4401 διαψεύσομαι,
1608 4330 1724 4384 ἀλλ’
1751 4331 1839 4386 ἵνα
1875 4349 1974 4385 τυ-

2075 1873 2216 1915 nans
2248 1874 2441 1915 eorum
2478 1862 2572 1932 qui
2621 1862 2693 1917 ita
2739 1862 2985 1918 sentiunt
3035 1877 3132 1919 cor
3174 1862 3489 1919 obturbat?
3547 1862 3660 1916 Cur

2075 1950 2281 2022 itaque,
2311 1952 2506 2007 relicta
2537 1954 2785 2013 veritatis
2811 1962 2959 2010 recta
2995 1954 3309 2022 ratione,in
3333 1963 3539 2008 tantam
3570 1968 3659 2008 ra-

2075 2042 2494 2098 tiocinationum
2519 2044 2921 2101 absurditatem
2944 2044 3260 2102 deﬂectitis?
3276 2044 3428 2110 Date,
3447 2060 3656 2114 quaeso,

2074 2133 2204 2192 date
2233 2136 2600 2206 ltomogeueo,
2642 2144 2702 2193 ut
2728 2136 2917 2202 vultis,
2955 2135 3120 2202 Filio,
3152 2152 3275 2192 cum
3310 2135 3421 2192 Deo
3461 2151 3526 2190 ac
3556 2133 3658 2189 Pa—

2076 2234 2159 2281 tre
2193 2228 2586 2299 acqualitatem.
2631 2226 2723 2284 Sic
2748 2229 2899 2284 enim
2925 2244 3069 2285 unus
3093 2229 3199 2285 erit
3233 2228 3377 2285 Deus
3412 2243 3572 2298 quem
3603 2229 3657 2281 in

2075 2331 2265 2379 Sancta
2301 2321 2848 2377 etconsubstantiali
2883 2319 3176 2387 Triuitate,
3216 2336 3342 2375 cum
3382 2336 3485 2375 nos
3530 2320 3657 2390 ipsi,

2076 2422 2189 2468 tum
2226 2404 2406 2471 sancti
2436 2412 2638 2483 angeli,
2668 2411 2967 2469 adoramus
2997 2420 3052 2467 et
3077 2409 3474 2483 glorificamus.

2148 2580 2290 2646 XIV,
2319 2582 2408 2638 29.
2450 2581 2521 2637 Et
2560 2599 2701 2638 nunc
2736 2583 2852 2638 dixi
2880 2582 3026 2639 vobis
3052 2583 3369 2656 priusquam
3414 2585 3550 2656 ﬁat,
3599 2592 3658 2638 ut

2075 2689 2197 2726 cum
2224 2673 2429 2743 factum
2463 2672 2646 2743 fuerit,
2677 2673 2934 2731 credatis.

2145 2765 2369 2821 Certum
2402 2770 2599 2838 pignus
2629 2781 2817 2824 eorum
2847 2781 2967 2837 qure
3003 2764 3120 2821 fore
3146 2781 3435 2836 speramus
3463 2781 3656 2821 eorum

2076 2865 2162 2913 est
2193 2858 2495 2928 praedictio.
2540 2858 2849 2916 Conﬁrmat
2895 2858 3062 2929 igitur
3106 2872 3205 2912 cor
3235 2858 3657 2930 discipulorum,

2076 2960 2133 3006 et
2172 2950 2402 3005 ﬁrmiter
2429 2950 2655 3009 credere
2691 2951 2852 3021 jubet
2884 2948 3143 3005 Christus
3184 2965 3244 3006 se
3283 2964 3410 3005 vere
3460 2951 3525 3005 ad
3559 2950 3662 3005 Pa-

3747 2986 3760 3018 I

2077 3047 2217 3095 trem
2249 3032 2531 3094 ctialestem
2563 3040 2791 3107 reverti,
2825 3048 3183 3110 regnaturum
3211 3055 3336 3093 cum
3381 3053 3450 3094 eo
3495 3047 3662 3110 atque.
3756 3067 3760 3075 -

387 3132 453 3186 ἐν
476 3136 588 3197 τοῖς
612 3113 860 3206 οὐρανοῖς
887 3136 1114 3204 Πατέρα
1133 3113 1230 3191 καὶ
1257 3137 1410 3203 Θεὸν,
1429 3113 1878 3213 συμϐασιλεύσων
1918 3156 1975 3192 τε

2086 3143 2191 3183 una
2225 3143 2649 3196 consessorum,
2680 3139 2739 3184 ut
2767 3130 2863 3198 qui
2894 3129 3039 3185 Deus
3071 3130 3162 3196 sit,
3199 3138 3253 3185 et
3286 3145 3353 3184 ex
3402 3130 3520 3201 ipso
3569 3147 3660 3185 se-

2078 3221 2321 3277 cundum
2370 3230 2627 3276 naturam
2678 3229 2743 3275 ut
2784 3220 2928 3277 Deus
2968 3221 3214 3292 genitus.
3258 3218 3372 3276 Nec
3415 3224 3561 3277 enim
3593 3222 3662 3279 de

2076 3329 2197 3369 mea
2234 3314 2511 3377 absentia,
2560 3314 2764 3384 inquit,
2797 3315 3104 3369 secundum
3139 3326 3362 3370 carnem
3420 3318 3661 3384 (semper

2076 3408 2224 3463 enim
2254 3408 2539 3463 vobiscum
2576 3422 2695 3471 ero,
2726 3416 2789 3462 ut
2840 3406 3033 3478 Deus).
3067 3406 3296 3476 perinde
3328 3421 3391 3462 ac
3422 3406 3490 3460 de
3531 3422 3661 3461 san-

2078 3508 2293 3554 ctorum
2317 3500 2712 3571 prophetarum
2743 3498 2991 3554 absentia
3020 3497 3288 3569 judicate.
3316 3498 3381 3553 Hi
3404 3500 3660 3566 enim,de

2077 3596 2225 3644 terra
2254 3589 2463 3644 conditi
2497 3597 2552 3645 et
2589 3605 2702 3645 suae
2731 3597 2947 3644 natura:
2970 3574 3217 3644 debitum
3256 3588 3658 3660 persolventes,

2078 3682 2348 3738 subtracti
2384 3690 2535 3745 sunt.
2577 3688 2633 3738 et
2673 3681 2846 3753 legem
2881 3680 3198 3737 hominibus
3237 3682 3657 3750 convenientem

2076 3774 2353 3830 inierunt:
2403 3772 2550 3830 Deu‘s
2576 3781 2758 3829 autem
2788 3788 2911 3828 cum
2948 3788 3049 3843 ego
3084 3773 3190 3829 sim
3222 3772 3524 3829 secundum
3559 3789 3657 3827 na-

2077 3876 2283 3929 turam,
2318 3882 2427 3921 non
2457 3867 2684 3936 perinde
2728 3880 2794 3920 ac
2841 3866 3097 3921 homines
3138 3880 3237 3937 per
3266 3880 3352 3920 me
3380 3863 3535 3932 facti,
3571 3880 3660 3921 re-

2077 3960 2441 4017 surrectiunis
2486 3966 2704 4028 tempus
2746 3958 3118 4029 exspectabo:
3170 3957 3296 4012 vivo
3325 3956 3471 4012 enim
3512 3958 3658 4011 s‘em-

2075 4069 2194 4126 per,
2227 4052 2335 4106 vita
2365 4067 2489 4107 cum
2521 4049 2625 4106 sim
2656 4048 2960 4104 secundum
3002 4058 3296 4118 naturam;
3342 4056 3397 4104 et
3444 4049 3655 4103 mittam

2074 4142 2446 4211 Paracletum,
2496 4153 2789 4209 meamque
2830 4136 2989 4192 vobis
3034 4151 3223 4207 pacem
3266 4135 3431 4203 dabo,
3480 4150 3658 4205 neque

2076 4236 2336 4302 mentiar,
2369 4232 2464 4289 sed
2498 4240 2558 4287 ut
2609 4229 3000 4303 promissionis
3046 4235 3332 4299 compotes
3379 4234 3433 4282 et
3477 4227 3657 4283 sancti

2078 4328 2319 4400 Spiritus
2363 4324 2528 4397 853
2579 4323 2840 4388 illustrati
2900 4321 3101 4393 gratia,
3155 4334 3276 4374 mea
3312 4319 3478 4374 verba
3525 4334 3673 4373 vera.

389 4422 574 4493 χόντες
600 4422 700 4492 τῆς
734 4421 1069 4491 ἐπαγγελίας
1096 4423 1187 4476 καὶ
1222 4425 1291 4494 τῇ
1325 4421 1421 4476 τοῦ
1466 4421 1621 4491 ἁγίου
1656 4422 1973 4491 Πνιύματος

2077 4436 2200 4476 esse
2261 4417 2564 4483 fateamini,
2608 4417 2665 4471 in
2700 4413 3168 4475 recordationem,
3214 4411 3296 4466 uti
3334 4410 3472 4474 dixi,
3511 4409 3659 4464 facto

391 4512 872 4586 λιλαμπρυσμένοι
918 4515 1123 4587 χάριτι,
1148 4517 1263 4579 τοῖς
1317 4517 1470 4587 ἐμοῖς
1493 4514 1674 4584 λόγοις
1692 4502 1973 4588 ’ἐπιψηφί-

393 4606 548 4659 nsciis
566 4606 669 4677 τὴν
688 4605 969 4678 ἀλήθειαν,
990 4609 1072 4671 είς
1091 4607 1418 4677 ἀνάμνησιν,
1438 4607 1513 4671 ὡς
1530 4607 1690 4678 ἔφην,
1717 4608 1855 4679 μετά
1875 4609 1974 4682 τὴν

390 4699 585 4767 πεῖραν
637 4698 946 4769 ἐρχόμενοι,
1001 4699 1099 4752 καὶ
1151 4699 1238 4751 ἶνα
1280 4698 1612 4770 πιστεύσητε
1645 4700 1975 4771 πεπηγότως

393 4786 477 4841 ὅτι
514 4788 732 4859 σύνειμι
760 4791 856 4843 καὶ
917 4789 1304 4862 συμϐασιλεύω
1351 4790 1432 4862 τῷ
1484 4791 1680 4860 Πατρὶ,
1732 4792 1973 4862 προδιεί-

389 4877 593 4951 λεγμαι
614 4881 775 4933 ’ταυτὶ⁸
814 4866 910 4935 καὶ
935 4860 1211 4952 λελάληκά
1241 4881 1379 4951 πρὸς
1405 4860 1577 4952 νύμᾶς.
1617 4860 1974 4952 Ἐξεγγυήσε-

386 4988 480 5024 ται
503 4971 606 5042 τὴν
631 4974 689 5025 ὲν
709 4973 821 5036 τοῖς
854 4972 1169 5046 εἰρημένοις
1188 4973 1450 5045 ἀλήθειαν
1480 4972 1660 5027 τοίνυν
1679 4974 1778 5045 τῆς
1802 4974 1976 5042 ἐπαγ-

389 5060 575 5131 γελίας
599 5063 661 5115 τὸ
692 5064 886 5134 πέρας.
919 5064 985 5118 Et
1022 5064 1131 5135 γὰρ
1156 5065 1233 5137 μὴ
1255 5065 1390 5136 ζωὴ,
1423 5067 1608 5137 φησὶν,
1655 5067 1704 5119 εί
1741 5064 1816 5137 μὴ
1852 5083 1975 5118 συν-

388 5151 593 5224 εδρεύω
617 5153 694 5225 τῷ
719 5153 840 5225 Θεῷ
876 5155 974 5208 καὶ
1013 5155 1212 5227 Πατρὶ,
1256 5156 1377 5221 πῶς
1415 5156 1483 5211 ἂν
1520 5156 1684 5219 αὐτὸς
1728 5155 1972 5227 ἐπιδοίην

387 5247 460 5302 τὰ
483 5247 604 5304 θεῖα
636 5249 730 5303 καὶ
772 5248 1120 5320 πνευματικά
1170 5248 1527 5321 χαρίσματα;
1590 5247 1841 5319 Διανεμῶ
1890 5249 1968 5316 δὲ,

385 5338 638 5411 καθάπερ
679 5340 1048 5411 ὲπήγγελμαι,
1115 5343 1410 5412 χορηγήσω
1436 5339 1495 5393 δὲ
1537 5341 1630 5394 καὶ
1658 5338 1720 5393 τὸ
1747 5338 1973 5409 Πνεῦμα

386 5432 483 5485 καὶ
514 5420 615 5497 τὴῦ
664 5432 906 5502 εἰρήνην.
949 5426 1082 5484 Εἶτα
1132 5430 1250 5495 πῶς
1306 5432 1407 5483 οὐκ
1464 5429 1838 5500 ἀναμφίλογον
1885 5430 1969 5483 ὅτι

383 5522 499 5594 ζωή
551 5526 669 5593 είμι
715 5524 809 5577 καὶ
856 5521 1238 5592 συμϐασιλεύω
1280 5520 1417 5593 μετά
1446 5522 1699 5593 Πατρός;
1753 5522 1826 5575 Ού
1859 5520 1970 5593 γὰρ

382 5612 478 5666 τοῦ
510 5613 586 5684 μὴ
610 5613 786 5677 ὄντος,
811 5612 845 5683 ἢ
884 5612 1050 5684 μηδὲν
1100 5611 1374 5681 ἰσχύοντος
1419 5612 1579 5684 ἔργον
1609 5613 1749 5677 ἐστὶ,
1768 5613 1827 5666 τὸ
1855 5615 1968 5676 τοῖς

382 5704 552 5766 θείοις
598 5701 1083 5774 καταλαμπρύνειν
1129 5701 1432 5774 χαρίσματι
1486 5702 1613 5765 τοὺς
1634 5701 1966 5770 ἀγαπῶντας

2081 4512 2161 4567 rei
2218 4509 2464 4581 periculo
2500 4507 2742 4570 adducti,
2777 4514 2834 4561 et
2881 4518 2941 4559 ut
2994 4504 3226 4563 ﬁrmiter
3277 4500 3523 4557 credatis
3573 4517 3660 4555 me

2076 4618 2183 4659 una
2231 4616 2355 4657 esse
2401 4616 2466 4655 ac
2515 4599 2680 4655 simul
2711 4613 2837 4654 cum
2868 4595 3029 4651 Patre
3069 4611 3324 4666 regnare,
3376 4595 3480 4650 ista
3517 4609 3657 4663 pra:-

2075 4695 2190 4750 dixi
2238 4700 2294 4748 et
2333 4693 2550 4747 lacutus
2596 4707 2720 4746 sum
2762 4691 2941 4746 vobis.
2982 4687 3282 4744 Veritatem
3331 4687 3499 4759 igitur
3537 4701 3657 4741 ser-

2075 4801 2299 4841 monum
2351 4785 2739 4857 promissionis
2770 4785 2953 4840 exitus
2983 4780 3391 4857 comprobabit.
3431 4777 3566 4832 Nam
3608 4777 3658 4833 si

2074 4878 2185 4932 vita
2216 4892 2326 4932 non
2353 4891 2496 4939 sum,
2520 4876 2719 4946 inquit,
2753 4874 2800 4929 si
2830 4889 2939 4929 non
2975 4888 3082 4927 una
3108 4887 3234 4927 cum
3264 4870 3378 4926 Deo
3395 4884 3460 4923 ac
3493 4864 3657 4922 Patre

2073 4972 2268 5037 sedeo,
2293 4984 2535 5041 quonam
2574 4976 2737 5038 pacto
2764 4967 2883 5038 ipse
2910 4954 3100 5019 divina
3127 4973 3182 5018 ct
3206 4961 3479 5033 Spiritalia
3514 4958 3656 5011 dona

2074 5066 2319 5120 dederim
2348 5067 2371 5116 ’ί
2404 5061 2747 5117 Distribuam
2791 5073 2942 5122 vero,
2981 5055 3145 5113 sicuti
3183 5052 3432 5125 promisi,
3467 5058 3521 5104 et
3546 5050 3657 5102 lar-

2074 5160 2192 5229 giar
2232 5156 2498 5226 Spiritum
2528 5162 2583 5210 et
2615 5168 2826 5225 pacem.
2856 5148 2929 5204 At
2952 5145 3231 5219 quomodo
3276 5158 3387 5198 non
3441 5149 3655 5196 certum

2072 5260 2128 5305 et
2160 5248 2525 5304 indubitatum
2565 5255 2650 5301 est
2688 5260 2777 5299 me
2821 5243 2987 5297 vitam
3020 5255 3165 5311 esse,
3199 5244 3255 5293 et
3284 5249 3513 5307 regnare
3547 5248 3658 5288 una

2073 5352 2198 5390 cum
2232 5334 2427 5389 Patre?
2453 5334 2663 5388 Divinis
2690 5332 2890 5402 quippe
2919 5328 3081 5383 donis
3115 5329 3399 5384 illustrare
3429 5325 3659 5396 diligen-

2073 5436 2156 5482 tes
2190 5441 2275 5493 se,
2320 5441 2460 5496 opus
2512 5441 2622 5480 non
2656 5432 2740 5479 est
2787 5422 2910 5491 ejus
2960 5421 3053 5491 qui
3105 5435 3215 5476 non
3262 5418 3356 5486 sit,
3383 5425 3479 5471 aut
3518 5414 3658 5470 nihil

2071 5519 2269 5590 possit,
2305 5519 2399 5575 sed
2435 5518 2555 5587 ejus
2585 5517 2679 5588 qui
2704 5523 2791 5571 est
2816 5529 2879 5569 ac
2911 5522 3113 5585 potest,
3149 5528 3213 5569 ac
3242 5512 3298 5567 in
3328 5519 3655 5583 perpetuum

2070 5595 2284 5680 regnat.
2336 5609 2490 5677 Quod
2541 5624 2675 5681 ergo
2713 5623 2825 5664 non
2879 5606 3085 5669 frustra
3124 5619 3309 5662 rerum
3344 5605 3657 5657 futurarum

2070 5700 2483 5772 prredictionem
2536 5699 2750 5768 fecerit,
2795 5699 2882 5755 his
2923 5698 3108 5757 verbis
3151 5694 3338 5751 docuit
3378 5690 3654 5747 Christus.
