4042 6204
379 333 393 346 ⁸
417 319 521 372 327

1451 323 1510 379 S.
1543 320 1821 379 CYRILLI
1861 322 2333 382 ALEXANDRINI
2365 317 2685 381 ARCIIIEP.

3571 326 3682 381 5'23

421 435 492 491 Ut
518 437 663 493 enim
709 439 1000 494 certiorem
1029 436 1156 508 ejus
1195 437 1275 494 rei
1325 437 1484 494 [idem
1514 439 1802 504 haberem,
1840 455 1972 494 reno

2101 441 2289 507 αὑτὸν,
2339 441 2476 495 ἀλλὰ
2505 441 2599 494 τοῦ
2628 441 2784 504 ὄντος
2818 455 2878 491 τε
2912 440 3004 493 καὶ
3033 439 3352 510 δυναμένου,
3380 438 3480 494 καὶ
3511 441 3682 495 εἰσαεὶ

417 541 542 584 vata
601 545 782 585 rerum
819 540 946 586 ante
977 533 1376 602 promissarunt
1421 533 1685 587 memoria
1731 547 1856 585 cum
1896 532 1994 586 do-

417 635 612 674 norum
646 622 772 676 facti
801 635 989 680 essent
1017 633 1324 694 compotes,
1357 625 1808 682 dissertationem
1849 623 1992 678 hanc

414 729 539 765 cum
579 714 645 767 iis
680 715 920 770 habitam
952 732 1077 771 esse
1108 719 1206 771 ait.
1924 713 1932 721 ’

2099 531 2496 602 βασιλεύοντος.
2523 533 2647 585 Ὀτι
2668 532 2848 584 τοίνυν
2875 532 2975 585 ούκ
3001 531 3224 596 εἰκαίως
3251 532 3350 604 τὴν
3378 532 3684 604 πρόρρησιν

2096 625 2194 695 τὴν
2246 626 2339 678 ἐπὶ
2383 627 2498 686 τοῖς
2555 625 2834 694 ἐσομένοις
2873 626 3184 695 ἐποιήσατο,
3224 625 3314 678 διὰ
3340 625 3546 678 τούτων
3578 625 3688 679 ἐδί-

2091 715 2250 779 δαξεν
2278 717 2306 769 6
2350 715 2606 786 Χριστός.
2634 715 2750 768 Ἵνα
2783 715 2894 785 γὰρ
2945 715 3356 785 ἀσφαλεστέραν
3383 714 3556 786 ἔχοτεν
3581 715 3681 781 τὴν

415 807 502 857 ἐπ’
536 807 687 877 αὐτῷ
727 807 929 872 πίστιν,
969 808 1108 878 μετά
1143 808 1374 880 τὴντῶν
1410 809 1766 881 χαρισμάτων
1831 810 2028 878 πεῖραν
2067 808 2147 872 είς
2197 807 2405 861 ἔννοιάν
2443 823 2502 860 τε
2561 806 2655 860 καὶ
2702 807 2922 878 μνήμην
2983 806 3094 860 τῶν
3140 807 3677 878 προεπηγγελμένων

415 899 698 969 ἐρχόμενοι
720 899 1048 971 πεποιῆσθαί
1073 917 1206 970 φησι
1225 901 1322 972 τὴν
1347 901 1600 968 διάλεξιν.

490 987 749 1052 κηπεο,
778 991 865 1044 51.
901 990 1023 1043 Jam
1065 1009 1167 1045 non
1204 993 1374 1046 multa
1438 993 1627 1062 loquar
1681 991 1988 1046 uobiscum:

413 1082 550 1133 renit
587 1081 723 1133 enim
751 1083 994 1150 princeps
1023 1079 1203 1136 mundi
1234 1083 1414 1152 hujus,
1440 1095 1488 1138 et
1517 1086 1568 1137 in
1600 1100 1680 1137 me
1711 1100 1812 1136 non
1834 1082 1988 1136 habet

408 1173 739 1242 quidquam;
781 1173 869 1226 sed
921 1184 979 1227 ut
1035 1185 1318 1244 cognoscat
1370 1175 1597 1228 mundus
1648 1176 1774 1244 quia
1821 1174 1988 1244 diligo

415 1265 650 1329 Patrem,
695 1276 743 1319 et
783 1267 920 1319 sicut
967 1267 1284 1320 mandatum
1326 1267 1472 1321 dedit
1517 1267 1646 1320 mihi
1678 1265 1863 1330 Pater,
1909 1269 1988 1319 sic

411 1359 570 1432 facio.

475 1463 642 1529 Quasi
667 1460 844 1516 Judaei
872 1462 980 1528 iam
1011 1461 1255 1515 adfuturi
1287 1469 1471 1516 essent
1500 1475 1623 1514 cum
1659 1477 1721 1516 ea
1753 1475 1860 1532 qua
1888 1463 1988 1517 sti-

405 1557 571 1626 pandi
619 1538 777 1608 erant
824 1555 1055 1608 cohorte
1095 1554 1326 1622 ejusque
1371 1554 1620 1623 principe
1664 1561 1719 1607 et
1783 1554 1989 1608 antesio

406 1663 610 1718 gnano,
647 1647 741 1716 qui
773 1661 833 1701 se
874 1647 1205 1700 traditurum
1239 1662 1362 1701 eum
1417 1647 1693 1716 pollicitus
1746 1655 1884 1711 erat,
1933 1657 1986 1702 et

404 1739 857 1808 comprehensuri
894 1739 1138 1801 tandetn,
1171 1738 1272 1791 nec
1303 1738 1474 1790 multo
1509 1747 1633 1807 post
1671 1737 1726 1791 in
1763 1753 1979 1794 crucem

403 1841 457 1887 et
483 1848 604 1903 quae
626 1847 852 1886 crucem
884 1832 1212 1886 antecedere
1261 1830 1534 1886 debebant
1579 1830 1852 1902 snpplicia
1883 1831 1971 1886 deo
2015 1848 2054 1901 Β

404 1926 645 1991 ducturi,
673 1925 822 1994 loqui
871 1925 1092 1979 tandem
1142 1931 1489 1977 cessaturum
1535 1939 1595 1978 se
1629 1923 1807 1979 dixit:
1844 1939 1981 1978 con--

406 2029 642 2071 tractum
686 2019 888 2086 quippe
919 2025 1137 2086 tempus
1178 2024 1230 2070 et
1264 2016 1348 2068 vix
1385 2014 1507 2084 ejus
1543 2017 1749 2086 aliquid
1787 2032 1980 2085 supero

401 2126 544 2165 esse.
579 2107 894 2163 Judaeorum
928 2109 1073 2164 enim
1118 2108 1442 2163 crudelitate
1477 2108 1531 2161 in
1562 2113 1648 2163 uie
1701 2109 1977 2172 saeviente,

401 2215 457 2260 et
481 2205 592 2273 jam
623 2205 763 2257 intra
797 2210 982 2273 portas
1010 2202 1162 2272 ipsas
1201 2201 1520 2265 exsistente,
1557 2216 1664 2255 non
1690 2201 1802 2269 jam
1845 2202 1978 2253 allo-

402 2293 604 2364 quendi
651 2309 768 2358 vos,
801 2291 894 2347 sed
923 2291 1169 2364 patiendi
1206 2299 1420 2361 tempus
1453 2293 1721 2346 imminet.
1760 2291 1980 2362 Quippe

407 2404 426 2437 ι
460 2385 607 2440 venit
640 2385 896 2453 princeps
927 2384 1119 2438 mundi
1146 2385 1332 2453 hujus,
1367 2383 1566 2453 inquit,
1593 2394 1646 2438 et
1672 2384 1728 2438 in
1755 2400 1840 2439 me
1867 2401 1978 2439 non

405 2479 570 2532 habet
589 2477 911 2547 quidquam.
929 2478 1164 2534 :Moriar
1185 2495 1336 2545 vero,
1359 2479 1524 2549 idque
1545 2482 1901 2551 perlibenter,
1924 2491 1979 2538 et

401 2585 500 2640 pro
533 2571 649 2624 vita
685 2573 930 2626 omnium
963 2581 1195 2642 nprtem
1225 2576 1522 2644 perpetiar,
1568 2575 1744 2632 Patris
1781 2593 1978 2646 nempe

402 2665 708 2718 reverentia
739 2671 794 2718 et
826 2663 1123 2719 dilectione
1146 2681 1274 2735 erga
1319 2682 1466 2729 cttm,
1501 2667 1644 2722 ultro
1680 2683 1764 2722 me
1809 2669 1975 2722 etiam

400 2753 469 2807 iis
501 2755 704 2823 quibus
739 2770 896 2810 mens
928 2766 1199 2826 repugnat
1228 2758 1503 2827 ingeram,
1536 2766 1594 2812 nt
1624 2759 1747 2828 ejus
1775 2763 1978 2815 volun-

401 2852 567 2898 tatem
600 2847 880 2916 impleam.
934 2848 1112 2916 Atque
1163 2849 1252 2903 hic
1285 2850 1504 2920 quidem
1540 2851 1645 2907 loci
1706 2856 1974 2924 propositi

399 2951 603 3006 scopus
643 2952 710 2991 ex
751 2937 837 2992 his
872 2939 1060 2993 verbis
1103 2940 1433 2998 manifestus
1463 2959 1587 2999 esse
1621 2954 1818 3014 potest.
1869 2948 1972 3002 Sed

401 3027 662 3081 subtilius
731 3043 856 3082 eum
892 3029 1198 3087 enodantcs
1243 3031 1504 3100 dicimus,
1544 3036 1811 3092 Adamunt
1847 3043 1974 3110 qni-

401 3114 522 3172 dent
562 3116 780 3188 generis
815 3121 991 3174 nostri
1029 3129 1333 3188 auctorem,
1368 3123 1711 3194 quiadatum
1746 3133 1975 3184 manda-

401 3220 514 3263 tum
551 3211 871 3276 violaverat,
920 3215 1302 3270 exsecratione
1354 3217 1538 3272 divina
1576 3231 1806 3276 mortem
1841 3227 1973 3278 sub-

399 3302 554 3366 iisse,
582 3302 874 3374 ipsumque
909 3321 1034 3360 cum
1069 3322 1096 3359 a
1125 3304 1292 3380 854
1323 3311 1528 3380 seipso,
1564 3322 1674 3366 tum
1697 3331 1724 3367 a
1755 3316 1973 3372 diabolo

397 3404 721 3450 accusatum
750 3415 764 3461 ;
805 3398 980 3452 videri
1013 3410 1192 3454 tamen
1227 3402 1278 3454 id
1312 3414 1536 3472 paSsunt
1562 3422 1685 3462 esse
1711 3408 1879 3476 justis
1907 3411 1974 3465 de

398 3488 626 3541 causis:
665 3503 765 3541 nec
798 3490 941 3542 enim
977 3489 1177 3558 injuste
1203 3493 1511 3560 puniuntur
1545 3497 1636 3565 qui
1673 3514 1782 3567 prae
1805 3501 1972 3554 animi

401 3578 634 3647 segnitie
690 3588 958 3647 peccant;
1005 3581 1308 3636 secundum
1363 3600 1495 3638 vero
1529 3587 1725 3654 Adam,
1777 3590 1828 3642 id
1887 3601 1974 3646 est

400 3664 692 3724 Dominum
720 3679 989 3746 nostrum
1019 3665 1208 3726 Jesum
1239 3675 1542 3742 Christum,
1573 3677 1777 3735 nullius
1809 3683 1974 3750 plane

401 3761 479 3814 rei
511 3763 780 3816 'accusari
837 3777 1037 3833 posse:
1073 3765 1277 3836 quippe
1328 3785 1346 3818 ι
1386 3771 1480 3838 qui
1516 3777 1810 3840 peccatum
1860 3792 1970 3830 non

399 3852 556 3915 fecit,
611 3868 713 3908 nec
771 3853 1027 3909 inventus
1075 3865 1164 3910 est
1210 3858 1370 3914 dolus
1416 3861 1469 3915 in
1528 3877 1624 3918 ore
1674 3865 1795 3934 ejus
1819 3868 1886 3930 τί,
1947 3888 1965 3920 ι

400 3950 629 3995 mortem
663 3957 761 4013 pro
793 3943 957 3997 nobis
982 3947 1229 4013 pertulit,
1267 3949 1474 4004 nullius
1515 3953 1678 4022 plane
1717 3957 1969 4014 criminis

397 4035 682 4096 conscius,
733 4035 829 4090 sed
881 4038 1124 4106 seipsunt
1178 4056 1278 4110 pro
1311 4035 1420 4097 vita
1460 4047 1708 4101 omnium
1758 4052 1971 4105 redem-

396 4124 602 4194 ptionis
645 4127 880 4196 pretium
911 4127 1059 4184 Patri
1090 4131 1352 4199 odereus,
1386 4137 1514 4207 quia
1547 4137 1763 4195 Patrem
1792 4144 1970 4215 diligit

395 4216 584 4269 mundi
646 4219 879 4273 salutent
933 4221 1226 4279 sitientem.
1293 4225 1388 4280 Est
1447 4237 1631 4284 autem
1688 4233 1968 4304 diligentis

319 4385 324 4389 ’
397 4305 636 4372 Patrem,
669 4313 896 4368 omnino
951 4313 1135 4371 facere
1161 4320 1499 4376 voluntatem
1552 4324 1694 4393 ejus,
1736 4330 1966 4396 etquod

395 4404 778 4458 necessarium
814 4407 994 4461 visunt
1023 4409 1117 4473 sit,
1150 4427 1258 4464 non
1289 4429 1388 4482 pro
1415 4416 1588 4470 nihilo
1624 4419 1842 4485 habere,
1870 4424 1966 4476 sed

393 4494 584 4547 conari
623 4495 692 4548 ad
725 4496 934 4551 exitum
966 4499 1290 4567 perducere.
1328 4506 1470 4570 Quid
1499 4525 1628 4562 vero
1661 4511 1809 4566 istud
1841 4515 1967 4569 est?

398 4578 577 4636 Voluit
628 4586 906 4654 proprium
959 4585 1202 4657 Filium,
1261 4595 1388 4649 licet
1446 4599 1783 4655 confortnem
1840 4621 1964 4659 eum

396 4674 606 4730 habens
649 4686 704 4731 et
736 4679 1053 4733 omnimoda
1092 4685 1405 4752 aequalitate
1460 4693 1847 4759 conspicuum,
1911 4698 1962 4750 in

395 4776 602 4822 tantam
660 4770 852 4825 venire
906 4772 1300 4831 demissionem
1339 4790 1396 4833 ut
1431 4793 1483 4834 et
1521 4783 1684 4837 homo
1743 4798 1964 4860 propter

395 4876 494 4915 nos
525 4860 703 4916 iactus
733 4863 828 4927 sit,
873 4881 974 4921 nec
1019 4884 1117 4938 pro
1151 4873 1397 4926 omnium
1433 4877 1540 4929 vita
1572 4888 1802 4934 mortem
1836 4897 1963 4936 ern-

392 4953 595 5008 btterit.
631 4952 743 5010 lloc
779 4955 909 5012 fecit
945 4958 1139 5025 Filius,
1166 4964 1401 5036 diligens
1425 4967 1666 5035 Patrem,
1703 4975 1794 5042 qui
1829 4991 1963 5044 prm-

389 5045 605 5113 cepisse
634 5047 840 5102 dicitur
870 5061 928 5104 ut
976 5055 1193 5125 propria
1229 5060 1434 5116 virtute
1478 5079 1573 5132 per
1617 5068 1802 5122 carnis
1830 5084 1958 5138 pas-

389 5138 598 5190 sionem
635 5149 865 5194 tnortem
906 5141 1266 5208 interimeret,
1296 5157 1349 5200 et
1379 5155 1755 5223 corruptionis
1784 5157 1958 5228 impe-

387 5238 530 5278 rtum
563 5237 854 5296 everteret,
889 5245 1295 5307 corruptosque
1329 5241 1646 5308 viviﬁcaret,
1686 5255 1738 5300 et
1769 5249 1958 5318 pristi—

385 5330 510 5369 nam
539 5317 622 5371 eis
650 5319 830 5378 denuo
875 5327 1110 5396 gloriam
1161 5330 1518 5388 instauraret.
1585 5317 1796 5394 Idcirco
1827 5344 1902 5396 ait
1939 5362 1953 5399 :

382 5408 693 5476 Angustum
725 5423 810 5470 est
848 5425 1086 5488 tempus,
1122 5437 1232 5502 quo
1273 5423 1472 5494 loquar
1502 5427 1786 5484 vobiscum
1819 5450 1834 5496 ;
1871 5433 1956 5486 in-

383 5505 493 5552 stat
518 5499 666 5555 enim
695 5506 902 5572 passio,
929 5517 983 5563 et
1018 5512 1072 5565 in
1109 5499 1242 5568 aeStu
1273 5526 1358 5571 est
1395 5519 1544 5588 qttod
1580 5520 1631 5574 in
1667 5539 1752 5576 me
1777 5522 1949 5580 Judaei

382 5590 557 5644 moliti
589 5601 716 5648 sunt
743 5594 978 5654 facinus.
1014 5600 1197 5658 Patiar
1237 5607 1466 5677 lubens,
1507 5613 1951 5686 quandoquidem

451 5765 491 5797 "
536 5767 552 5819 Ι
598 5767 745 5830 Pctr.
782 5789 854 5841 tt,
889 5773 978 5832 ‘22.

2163 985 2370 1039 οὐκέτι
2401 985 2599 1039 πολλὰ
2625 983 2880 1050 ,λαλήσω
2914 985 3041 1053 μεθ’
3074 983 3276 1054 ὑμῶν·
3309 987 3544 1058 ἔρχεται
3569 991 3680 1060 γὰρ

2089 1065 2121 1132 ό
2155 1076 2260 1129 τοῦ
2291 1077 2523 1144 κόσμου
2547 1073 2767 1142 ἄρχων,
2803 1075 2900 1127 καὶ
2929 1075 2998 1127 ἐν
3025 1075 3153 1144 ἐμοὶ
3179 1078 3289 1129 οὐκ
3317 1078 3442 1144 ἕχει
3476 1081 3676 1144 οὐδὲν,

2086 1167 2224 1220 ἀλλ’
2262 1168 2362 1218 ἵνα
2404 1164 2522 1235 γνῷ
2551 1169 2584 1219 d
2624 1167 2854 1234 κόσμος
2895 1165 2984 1219 ὅτι
3031 1165 3240 1235 ἀγαπῶ
3287 1169 3394 1222 τὸν
3427 1171 3676 1237 Πατέρα,

2087 1259 2184 1312 καί
2215 1256 2408 1324 καθὼς
2467 1256 2732 1324 ἐντολήν
2760 1275 2864 1326 μοι
2901 1257 3161 1312 δέδωκεν
3187 1262 3221 1313 ό
3261 1260 3493 1330 Πατὴρ,
3525 1263 3677 1317 οὕτω

2087 1349 2257 1403 ποιῶ.
2834 1355 2844 1365 ⁸

2174 1442 2265 1504 Ὠς
2286 1440 2394 1494 τῶν
2440 1439 2670 1494 ἀνοσίων
2727 1438 2998 1494 Ἰουδαίων
3039 1443 3428 1514 παρεσομένων
3471 1462 3532 1499 τε
3574 1449 3672 1519 ῆδη

2095 1532 2213 1602 μεθ’
2247 1527 2315 1602 ἦς
2341 1533 2608 1603 ἐπήγοντο
2636 1532 2870 1602 σπείρας
2906 1533 3000 1586 καὶ
3027 1533 3120 1586 τοῦ
3156 1534 3358 1606 ταύτης
3394 1536 3671 1608 ἄρχοντος,

2087 1623 2144 1688 δς
2179 1624 2275 1677 καὶ
2306 1623 2652 1692 παραδώσειν
2677 1623 2839 1676 αὐτὸν
2874 1624 3275 1693 ἐπηγγείλατο,
3331 1627 3674 1699 συλληψομέ-

2086 1732 2192 1768 νων
2222 1727 2283 1768 τε
2321 1715 2419 1787 ήδη
2467 1717 2559 1769 καὶ
2595 1715 2899 1785 μελλόντων
2928 1716 3174 1779 ἀποίσειν
3217 1717 3317 1771 οὐκ
3345 1720 3425 1783 είς
3453 1722 3673 1792 μακρὰν

2085 1809 2166 1872 είς
2202 1807 2272 1861 τὰ
2311 1807 2405 1859 ἐπὶ
2428 1805 2508 1876 τῷ
2547 1805 2767 1877 σταυρῷ
2809 1806 2907 1861 καὶ
2943 1807 3050 1879 πρὸ
3095 1807 3188 1862 τοῦ
3239 1811 3475 1881 σταυροῦ
3500 1813 3669 1883 πάθη.

2084 1895 2413 1966 καταλήξειν
2431 1895 2530 1966 ἤδη
2558 1895 2653 1949 τοῦ
2679 1895 2815 1968 πρὸς
2832 1895 3029 1959 αὐτοὺς
3045 1895 3149 1966 ἔφη
3173 1897 3332 1966 λόγου
3353 1912 3368 1927 °
3389 1900 3675 1953 συνεστάλ-

2083 1989 2174 2042 θαι
2207 1988 2315 2058 γὰρ
2339 1987 2435 2041 καὶ
2463 1989 2545 2051 εἰς
2572 1989 2758 2058 μηδὲν,
2788 1989 2975 2059 φησὶν,
2995 1989 3187 2044 ἐλάσαι
3216 1991 3308 2045 τὸν
3333 1993 3672 2062 καιρόν.Τῆς

2083 2082 2191 2151 γάρ
2235 2079 2509 2134 Ἰουδαίων
2541 2081 2857 2150 μιαιφονίας
2894 2080 3116 2154 ήόώσης
3147 2100 3207 2136 τε
3241 2082 3362 2137 λίαν
3396 2085 3484 2136 ἐπ’
3518 2085 3663 2156 ἐμοὶ,

2081 2174 2176 2227 καὶ
2201 2172 2378 2242 θυρῶν
2400 2171 2531 2225 είσω
2557 2173 2740 2226 λοιπὸν
2765 2173 3072 2245 ὁρωμένης,
3100 2174 3161 2227 ού
3180 2175 3442 2247 ῥημάτων
3458 2176 3537 2230 ἔτι
3560 2177 3670 2230 τῶν

2082 2268 2218 2338 πρὸς
2253 2267 2417 2336 ὑμᾶς,
2437 2266 2550 2318 ἀλλ’
2570 2266 2735 2320 αύτοῦ
2759 2267 2852 2320 τοῦ
2877 2267 3072 2321 παθεῖν
3099 2268 3387 2340 ἐνέστηκεν
3409 2272 3437 2323 6
3454 2272 3669 2340 καιρός.

2087 2378 2104 2432 ι
2133 2358 2278 2427 Πλὴν
2307 2357 2447 2424 ἥξει,
2470 2358 2654 2426 φησὶν,
2689 2357 2717 2408 6
2745 2358 2839 2411 τοῦ
2874 2359 3081 2431 κόσμου
3106 2360 3312 2432 ἄρχων,
3338 2364 3433 2416 καὶ
3464 2365 3522 2416 ἐν
3545 2365 3668 2432 ἐμοὶ

2079 2428 2193 2519 ἔχει
2220 2449 2395 2503 ούδέν.
2423 2469 2441 2501 ι
2466 2449 2808 2520 Τεθνήξομαι
2825 2451 2880 2505 δὲ
2899 2428 2992 2505 καί
3019 2428 3421 2525 λίαν-ἀσμένως
3453 2457 3546 2508 καὶ
3573 2428 3666 2507 τὸν

2081 2540 2222 2610 ὑπὲρ
2247 2541 2347 2611 τῆς
2382 2540 2636 2595 ἁπάντων
2663 2541 2808 2613 ζωῆς
2831 2545 3208 2617 ὑποστήσομαι
3240 2546 3491 2608 θάνατον,
3526 2549 3667 2601 αίδοῐ

2094 2632 2162 2700 τῇ
2196 2629 2331 2700 πρὸς
2380 2629 2472 2682 τὸν
2496 2631 2798 2702 Γεννήτορα
2829 2635 2922 2686 καί.
2965 2635 3154 2706 ἀγάπῃ
3197 2639 3264 2707 τῇ
3313 2638 3450 2708 πρὸς
3477 2638 3661 2703 αὑτὸν,

2078 2718 2360 2792 ἐθελοντὴς
2385 2719 2651 2792 ὁμιλήσας
2697 2725 2789 2776 καὶ
2816 2727 2929 2788 τοῖς
2966 2725 3117 2796 παρά
3149 2726 3407 2798 γνώμην,
3446 2729 3534 2782 ἵνα
3560 2730 3660 2800 τὴν

2077 2817 2246 2888 αὐτῆς
2292 2818 2565 2889 πληρώσω
2611 2819 2883 2892 βούλησιν.
2952 2821 3010 2876 '0
3060 2823 3158 2894 μὲν
3202 2820 3296 2879 οὖν
3313 2825 3410 2893 τοῦ,
3447 2843 3665 2898 προκει-

2081 2909 2243 2980 μένου
2283 2910 2482 2974 σκοπὺς
2510 2911 2722 2980 γένοιτο
2753 2914 2820 2967 ἂν
2848 2909 2905 2967 εῦ
2948 2914 3094 2984 μάλα
3130 2917 3188 2970 ὲν
3231 2917 3444 2981 τούτοις
3467 2917 3664 2986 διαφαδ

2075 2999 2164 3062 νὲς
2180 2996 2290 3070 [γρ.
2311 3001 2573 3071 διαφανής
2589 3001 2619 3072 1.
2640 3002 2969 3074 Ίσχνότερον
2988 3005 3046 3057 δὲ
3065 3005 3134 3058 τὰ
3151 3007 3209 3058 ὲν
3233 3005 3382 3077 αὐτῷ
3401 3006 3662 3061 διαπτύσι

2078 3105 2280 3154 σοντες,
2319 3093 2494 3146 ἐκεῖνό
2527 3111 2707 3164 φαμεν
2727 3111 2740 3125 '
2802 3095 2859 3148 Ὀ
2893 3097 2989 3166 μὲν
3021 3096 3130 3167 γὰρ
3163 3096 3256 3150 τοῦ
3289 3097 3478 3166 γένους
3501 3099 3662 3168 ἡμῶν

2002 3198 2044 3257 C
2079 3181 2400 3253 ἀρχηγέτης
2431 3183 2602 3254 Ἀδὰμ
2629 3185 2721 3237 τὸν
2751 3186 2815 3240 ὲκ
2839 3190 2937 3256 τῆς
2967 3187 3118 3250 Θείας
3142 3189 3284 3258 ἀρᾶς
3314 3189 3478 3243 ύπέδυ
3498 3189 3663 3244 θάνοιὁ

2075 3287 2188 3336 τον,
2217 3272 2306 3325 διὰ
2339 3273 2430 3326 τοῦ
2473 3274 2784 3344 παραλῦσαι
2810 3277 2910 3348 τὴν
2943 3276 3192 3332 δοθεῖσαν
3222 3280 3461 3351 ἐντολὴν,
3497 3281 3659 3345 αὑτός

2075 3379 2135 3414 τε
2179 3363 2270 3432 ὑφ’
2313 3364 2510 3418 ἑαυτοῦ
2568 3365 2798 3419 καὶτοῦ
2859 3367 3106 3421 διαϐόλου
3163 3371 3656 3441 κατηγορούμενος,

2077 3456 2325 3524 φαίνεταί
2351 3469 2417 3524 γε
2450 3456 2556 3527 μὴν
2594 3459 2680 3510 ἐπ’
2719 3458 2959 3526 εὐλόγοις
2997 3459 3158 3512 τοῦτο
3191 3460 3380 3514 παθὼν
3415 3462 3616 3525 αίτίαις
3641 3480 3656 3494 ο

2074 3549 2262 3614 ἕψεται
2292 3548 2398 3621 γὰρ
2431 3549 2532 3602 ούκ
2553 3549 2755 3612 ἀδίκως
2780 3553 2891 3612 τοῖς
2919 3553 2981 3603 ὲκ
3007 3550 3280 3622 ῥᾳθυμίας
3309 3554 3659 3623 ἡμαρτηκόσι

2073 3640 2134 3693 τὸ
2155 3639 2483 3704 κολάζεσθαι
2503 3640 2635 3695 δεῖν.
2661 3641 2718 3694 '0
2738 3641 2792 3694 δὲ
2821 3641 3073 3713 δεύτερος
3101 3643 3293 3713 Ἀδὰμ,
3319 3644 3463 3697 τοῦτ’
3487 3645 3654 3707 ἔστιν,

2072 3734 2101 3784 6
2119 3733 2321 3802 Κύριος
2349 3732 2507 3804 ἡμῶν
2541 3733 2749 3804 Ἰησοῦς
2775 3736 2804 3786 6
2825 3735 3080 3804 Χριστὸς,
3120 3736 3204 3788 ἐπ’
3235 3735 3410 3789 οὐδενὶ
3436 3737 3497 3788 τὸ
3519 3737 3658 3806 σύμο

2075 3842 2182 3876 παν
2225 3825 2650 3896 κατηγορεῖσθαι
2696 3825 3035 3896 δυνάμενοςο
3085 3846 3104 3878 ι
3135 3827 3208 3879 Οὐ
3255 3827 3364 3899 γὰρ
3401 3828 3657 3897 ἐποίησεν

2073 3917 2369 3987 ἁμαρτίαν,
2400 3917 2521 3970 οὐδὲ
2550 3916 2747 3988 εὑρέθη
2779 3916 2932 3980 δόλος
2957 3918 3017 3971 ὲν
3034 3917 3112 3988 τῷ
3137 3918 3369 3988 στόματι
3415 3920 3605 3979 αὐτοῦ,
3631 3941 3648 3972 ι

2070 4009 2133 4062 τὸ
2166 4010 2306 4082 ὑπὲρ
2342 4010 2500 4081 ἡμῶν
2536 4009 2742 4078 ὑπέστη
2784 4007 2986 4072 πάθος,
3036 4009 3358 4074 ἀνυπαίτιος
3398 4012 3496 4080 μὲν
3549 4013 3654 4063 ὐπ-

2076 4100 2260 4171 άρχων
2289 4101 2358 4154 δι’
2385 4101 2577 4153 ἑαυτὸν
2606 4099 2906 4164 παντελῶς,
2930 4099 3244 4172 ἀντίλυτρον
3271 4100 3330 4154 δὲ
3351 4101 3448 4171 τῆς
3476 4102 3652 4154 ἁπάνο

2069 4205 2178 4242 των
2212 4188 2355 4259 ζωῆς
2384 4188 2574 4241 ἑαυτὸν
2602 4187 2680 4256 τῷ
2711 4188 2883 4258 Πατρὶ
2917 4187 3396 4260 προσκεκομικὼς,
3429 4191 3650 4259 ἐπειδή-

2071 4295 2178 4348 περ
2217 4279 2408 4349 ἀγαπᾷ
2444 4277 2535 4331 τὸν
2571 4278 2790 4349 Πατέρα
2829 4278 2927 4348 τὴν
2969 4279 3064 4333 τοῦ
3104 4279 3310 4350 κόσμου
3349 4279 3650 4350 διψήσαντα

2073 4367 2366 4438 σωτηρίαν.
2418 4367 2525 4420 Τοῦ
2554 4367 2611 4420 δὲ
2637 4367 2964 4434 ἀγαπῶντος
3014 4368 3106 4422 τὸν
3140 4369 3394 4441 Πατέρα,
3430 4371 3650 4434 πάντως

2070 4458 2241 4528 δήπου
2267 4459 2362 4512 καὶ
2390 4458 2552 4529 ἔργον
2571 4453 2638 4529 ἦν
2659 4457 2720 4511 τὸ
2746 4457 2934 4512 δοκοῦν
2952 4460 3123 4529 αὐτῷ,
3142 4462 3237 4513 καὶ
3261 4462 3318 4513 ἐν
3338 4463 3448 4522 τοῖς
3474 4461 3616 4528 ἀναγ
3631 4491 3647 4500 -

1998 4541 2044 4598 Ι)
2073 4551 2248 4614 καίνεις
2276 4549 2652 4620 λελογισμένον
2672 4585 2687 4614 ,
2745 4551 2819 4620 μὴ
2849 4552 2978 4622 παρ’
3021 4550 3175 4604 οὐδὲν
3210 4551 3460 4622 ἡγεῖσθαι
3511 4554 3649 4622 μᾶλα

2071 4639 2182 4696 λον.
2241 4640 2379 4693 ἀλλὰ
2433 4642 2511 4702 είς
2541 4641 2714 4710 πέρας
2739 4640 2893 4708 ἄγειν
2927 4642 3263 4710 ἐπείγεσθαι.
3309 4644 3374 4696 Τί
3402 4643 3457 4696 δὲ
3488 4643 3648 4696 τοῦτο

2068 4723 2170 4795 ἦνς
2227 4727 2485 4800 Ἠθέλησε
2533 4728 2625 4780 τὸν
2657 4727 2785 4782 ίδιον
2814 4730 2975 4792 Υίὸν,
3029 4731 3206 4784 καίτοι
3240 4731 3560 4802 σύμμορφόν
3586 4751 3647 4786 τε

2067 4817 2206 4886 ἔχων
2240 4817 2432 4882 αὐτὸν,
2463 4817 2556 4869 καὶ
2589 4819 2654 4887 τῇ
2687 4819 2826 4872 κατά
2858 4821 2967 4872 πᾶν
3003 4821 3207 4890 ἰσότητι
3239 4822 3534 4892 διαπρεπῆ.
3567 4826 3648 4883 εἰς

2065 4907 2332 4976 τοσαύτην
2374 4906 2676 4977 καταϐῆναι
2718 4909 3047 4963 ταπείνωσιν
3099 4909 3175 4974 ὡς
3222 4913 3316 4964 καὶ
3355 4911 3644 4982 ἄνθρωπον

2063 4993 2320 5059 γενέσθαι
2356 4994 2421 5046 δι’
2449 4995 2627 5064 ἡμᾶς,
2671 4996 2765 5048 καὶ
2790 4995 2881 5048 τὸν
2911 4997 3050 5069 ὑπὲρ
3077 4997 3185 5052 τῶν
3217 4999 3469 5052 ἁπάντων
3498 5001 3643 5068 ζωῆς

2063 5087 2138 5154 μὴ
2166 5085 2489 5155 ἐρυθριᾶσαι
2519 5085 2771 5140 θάνατον.
2789 5087 2960 5142 Τοῦτο
2989 5089 3270 5162 πέπραχεν
3295 5089 3481 5156 όΥἰὸς,
3505 5092 3646 5156 ἀγα-

2059 5175 2177 5228 πῶν
2213 5177 2304 5229 τὸν
2333 5177 2666 5248 Γεννήτορα,
2712 5179 2804 5231 τὸν
2856 5179 3170 5234 ἐντετάλθαι
3205 5181 3520 5252 λεγόμενον,
3565 5182 3644 5243 ὡς

2061 5262 2167 5334 ἰδίᾳ
2197 5264 2426 5334 δυνάμει
2457 5266 2734 5336 νεκρῶσαι
2772 5261 2869 5336 μὲν
2908 5268 2986 5338 τῷ
3009 5271 3108 5340 τῆς
3132 5271 3331 5341 σαρκὸς
3363 5270 3523 5324 πάθει
3550 5273 3644 5324 τὸν

2055 5354 2314 5420 θάνατον,
2351 5357 2412 5411 τὸ
2445 5357 2503 5411 δὲ
2531 5358 2630 5428 τῆς
2677 5359 2884 5431 φθορᾶς
2914 5361 3212 5416 καταλῦσαι
3244 5363 3465 5434 κράτος,
3506 5363 3643 5429 ζωο-

2064 5445 2285 5516 ποιῆσαί
2315 5463 2372 5500 τε
2412 5448 2538 5512 τοὺς
2583 5450 3064 5522 κατεφθαρμένους
3086 5493 3100 5516 ,
3147 5449 3241 5507 καὶ
3273 5453 3371 5525 τὴν
3407 5455 3640 5524 ἀρχαίαν

2049 5534 2242 5598 ,αὐτοῖς
2276 5530 2432 5600 αὖθις
2459 5537 2761 5592 ἀνανεῶσαι
2789 5537 2966 5604 δόξαν.
3003 5542 3101 5596 Διά
3144 5542 3304 5597 τοῦτό
3342 5560 3527 5613 φησιν,
3555 5545 3638 5599 ὅτι

2059 5625 2251 5689 Στενὸς
2293 5627 2390 5698 μὲν
2421 5629 2448 5682 6
2475 5629 2582 5683 τῶν
2607 5630 2782 5699 λόγων
2811 5632 3000 5704 καιρός
3020 5649 3036 5666 ο
3069 5635 3367 5690 εἰσελαύνει
3395 5635 3502 5706 γὰρ
3533 5637 3638 5707 ἠδη
