4042 6204
306 327 414 384 329

1363 324 1430 380 IN
1459 323 1742 381 JOANNIS
1780 319 2224 377 EVA‘NGELIUM
2265 321 2392 376 LIB.
2420 321 2489 376 Χ.

3437 321 3545 377 550
3621 331 3630 340 ’

308 444 372 496 τὸ
400 440 602 507 πάθος,
663 441 755 494 καὶ
797 441 857 494 τὸ
887 441 994 495 τῶν
1041 440 1306 496 Ἰουδαίων
1345 441 1431 494 ἐπ’
1472 442 1596 512 ἐμοὶ
1626 439 1875 509 λογισθὲν

2004 438 2051 492 ιι)
2075 437 2222 493 istud
2243 441 2384 494 veni.
2426 426 2811 494 Verumtamen
2839 457 2858 491 ι
2893 437 3042 493 venit
3072 436 3330 507 princeps
3354 443 3546 498 mundi

307 531 584 600 ἀνεκαύθη
611 531 883 601 τόλμημα.
944 532 1210 602 Πείσομαι
1261 533 1368 602 γὰρ
1403 531 1703 602 ἐθελοντὴς,
1731 530 1880 583 ἐπεί-

309 642 417 696 περ
451 624 690 692 ἀφῖγμαι
715 622 801 674 διὰ
827 621 1004 678 τοῦτο.
1047 622 1192 692 Πλὴν
1216 641 1234 673 ι
1257 623 1474 692 ἔρχεται
1499 624 1527 676 6
1554 622 1647 674 τοῦ
1676 622 1880 690 κόσμου

311 715 525 785 ἄρχων,
569 712 662 765 καὶ
705 713 763 764 ὲν
798 713 921 781 ἐμοὶ
963 712 1061 764 οὑκ
1103 712 1212 781 ἔχει
1251 713 1435 766 οὐδέν·
1469 731 1488 763 ι
1531 712 1676 765 τοῦτ’
1713 711 1882 777 ἔστιν,

313 807 424 874 Οὑχ
459 803 737 872 ἁλώσομαι
774 801 1254 872 πεπλημμεληκὼς
1273 845 1287 867 ,
1317 803 1432 856 ἀλλ’
1465 803 1584 856 οὑδὲ
1615 803 1886 873 πρόφασις

314 895 462 947 ἔσται
491 896 602 956 τοῖς
643 892 915 955 Ἰουδαίοις
950 894 1050 962 τῆς
1077 895 1158 956 είς
1187 895 1285 963 ἐμὲ
1317 894 1599 965 παροινίας
1626 893 1844 961 εὔλογος
1868 907 1882 922 ⁸

311 983 466 1036 οὐδὲν
493 985 551 1035 ὲν
590 983 712 1052 ἐμοὶ
755 981 863 1034 τῶν
895 982 1037 1034 ἰδίων
1081 985 1109 1037 6
1153 984 1398 1047 διάϐολος
1441 984 1574 1054 ἔχει.
1611 986 1749 1038 Ἴδια
1778 984 1885 1054 γὰρ

313 1076 501 1146 ὥσπερ
530 1075 739 1128 ἐκείνου
773 1074 840 1127 τὰ
870 1075 1072 1143 φαῦλα,
1100 1077 1192 1129 καὶ
1221 1079 1318 1142 τῆς
1354 1076 1626 1148 ἁμαρτίας
1663 1079 1696 1145 ἡ
1729 1077 1887 1144 γένε-

315 1185 400 1230 σις
430 1168 638 1219 ἐκεῖνον
672 1162 812 1218 οἶδεν
857 1166 1052 1235 ἀρχήν.
1098 1161 1218 1218 Ὅτι
1247 1165 1301 1218 δὲ
1331 1165 1536 1235 ἀληθὴς
1579 1165 1672 1218 τοῦ
1706 1165 1886 1235 Σωτῆ-

317 1273 408 1328 ρος
435 1259 463 1308 ὁ
501 1255 656 1322 λόγος
676 1295 690 1317 ,
747 1255 979 1324 μάλιστα
1028 1255 1124 1324 μὲν
1155 1255 1250 1309 καὶ
1282 1255 1340 1319 ἐξ
1368 1254 1540 1325 αὐτῆς
1569 1255 1771 1308 κατίδοι
1802 1271 1888 1316 τις

314 1349 382 1401 ἀν
410 1347 510 1416 τῆς
553 1345 893 1409 ἀκολουθίας.
947 1345 1070 1409 Πῶς
1108 1347 1214 1416 γὰρ
1239 1346 1545 1416 ἐξήμαρτεν
1571 1349 1599 1398 6
1631 1348 1704 1416 μὴ
1734 1345 1887 1409 εἰδὼς

312 1438 620 1508 ἁμαρτίαν,
668 1440 695 1490 6
726 1438 882 1505 φύσει
926 1438 1018 1490 καὶ
1048 1439 1274 1508 ἀληθεία
1308 1439 1470 1502 Θεὸς,
1501 1441 1528 1490 6
1549 1439 1754 1508 τροπῆς
1788 1437 1888 1506 τῆς

312 1529 408 1579 ἐπί
428 1545 478 1578 τι
498 1527 602 1579 τῶν
627 1527 725 1579 οὑκ
748 1527 980 1596 ἑχόντων
1003 1527 1178 1596 ὀρθῶς
1204 1527 1552 1591 ἀνεπίδεκτος
1578 1526 1886 1590 παντελῶς;

314 1619 429 1689 Οὑχ
456 1621 656 1688 ἣκιστα
676 1619 749 1671 δὲ
783 1620 877 1671 καὶ
901 1619 968 1671 δι’
988 1619 1166 1671 αὐτῶν
1183 1618 1426 1688 ὀψόμεθα
1449 1619 1607 1671 τοῦτο
1634 1618 1740 1670 τῶν
1761 1619 1891 1671 ἁνα-

315 1711 717 1780 γεγραμμένων
750 1712 806 1763 ἐν
855 1713 968 1768 τοῖς
999 1710 1173 1778 ἁγίοις
1217 1711 1644 1779 εὑαγγελισταῖς.
1699 1712 1770 1764 Ὀ·
1791 1712 1888 1782 μὲν

1986 530 2173 598 hujus,
2201 540 2254 582 et
2283 530 2338 583 in
2389 545 2475 584 me
2519 544 2629 582 nou
2681 529 2841 584 habet
2872 529 3198 600 quidquam,
3243 549 3260 581 ι
3313 533 3414 586 hoc
3441 544 3546 600 est,

1984 634 2092 674 non
2133 620 2431 674 convincar
2463 621 2699 690 peccati,
2733 636 2914 690 neque
2948 636 3114 690 porro
3137 620 3312 676 Judaei
3347 638 3460 678 suae
3493 626 3549 678 in

1986 724 2070 763 me
2105 710 2426 778 petulantiae
2446 720 2499 764 et
2530 711 3108 781 immanitatisjustam
3135 712 3302 771 ullam
3330 727 3550 767 causam

1987 794 2238 850 habituri
2269 806 2428 859 sunt,
2460 797 2598 851 nihil
2627 798 2681 852 in
2715 813 2801 854 me
2835 801 2938 854 sibi
2979 799 3230 854 vindicat
3277 800 3550 856 diabolus.

1986 884 2213 956 Propria
2269 887 2472 957 quippe
2503 889 2623 958 ejus
2664 899 2795 946 sunt
2832 891 2998 955 mala,
3053 900 3110 948 et
3157 893 3362 960 peccati
3402 893 3553 962 origo

1987 979 2292 1048 principem
2322 989 2376 1035 et
2404 989 2687 1036 auctorem
2721 997 2848 1038 eum
2885 983 3156 1054 agnoscit.
3190 983 3346 1050 Quod
3372 991 3552 1038 autem

1986 1084 2153 1124 verus
2185 1071 2258 1124 sit
2289 1071 2377 1126 ille
2407 1087 2592 1127 sermo
2621 1074 2948 1136 Salvatoris.
2973 1091 3038 1130 ex
3067 1075 3186 1144 ipso
3211 1076 3552 1145 potissimum

1984 1161 2175 1215 ordine
2207 1170 2261 1215 et
2297 1163 2440 1218 serie
2501 1165 2794 1220 verborum
2844 1167 2975 1222 licet
3035 1149 3354 1236 agnoscere.
3405 1165 3554 1232 Quo-

1989 1253 2151 1307 modo
2181 1253 2327 1307 enim
2361 1256 2606 1323 peccavit
2644 1255 2739 1324 qui
2763 1264 3050 1324 peccatum
3099 1271 3212 1311 non
3247 1257 3432 1323 novit,
3465 1259 3556 1311 ille

1987 1355 2189 1411 natura
2213 1357 2266 1402 et
2303 1348 2534 1403 veritate
2569 1347 2984 1420 Deus,'quique
3029 1350 3166 1404 nihil
3200 1351 3254 1404 in
3317 1367 3377 1406 se
3405 1353 3554 1422 pravi

1990 1439 2276 1508 suscipere
2314 1455 2554 1508 unquam
2582 1441 2800 1509 possit?
2825 1439 3012 1510 Neque
3035 1457 3166 1496 vero
3198 1442 3382 1498 minus
3413 1443 3464 1497 id
3491 1459 3554 1496 ex

1990 1530 2128 1599 ipsis
2154 1539 2471 1585 sanctorum
2499 1533 2960 1603 evangelistarum
2983 1535 3204 1604 scriptis
3229 1536 3555 1591 videbimus.

1993 1619 2451 1690 Sapientissimus
2510 1623 2713 1692 quippe
2764 1622 3010 1679 Joannes
3056 1623 3291 1680 Pilatum
3343 1626 3559 1681 induxit

1991 1713 2261 1768 dicentem
2288 1731 2301 1767 :
2338 1731 2358 1765 ι
2399 1712 2510 1783 Ego
2535 1714 2740 1768 nullam
2767 1715 2984 1770 invenio
3007 1717 3060 1769 iu
3084 1731 3149 1771 eo
3179 1731 3405 1773 causam
3423 1718 3502 1783 ⁷²;
3535 1738 3554 1768 ι

314 1803 425 1872 γάρ
474 1801 781 1871 σοφώτατος
833 1803 1086 1873 Ἰωάννης
1135 1804 1225 1856 τὸν
1271 1804 1501 1856 Πιλάτον
1541 1804 1890 1874 εἰσκεκόμικε

2004 1815 2046 1859 et
2074 1820 2292 1870 rursus,
2328 1805 2521 1875 spinea
2563 1820 2768 1860 corona
2818 1807 3073 1876 imposita
3120 1808 3449 1862 clamantem
3497 1824 3560 1862 ac

315 1895 540 1960 λέγοντα
563 1911 574 1924 ·
603 1913 621 1944 ι
647 1892 787 1962 Ἐγὼ
816 1895 1072 1964 οὑδεμίαν
1103 1895 1280 1950 αἰτίαν
1313 1897 1550 1966 εὑρίσκω
1579 1895 1636 1947 ὲν
1657 1894 1805 1965 αὑτῷ
1826 1910 1838 1924 ⁸
1869 1913 1886 1946 ι

319 1986 412 2038 καὶ
443 1986 607 2038 πάλιν
656 1986 793 2056 μετά
824 1987 886 2038 τὸ
913 1985 1184 2038 ἐπιθεῖναι
1216 1985 1476 2056 στέφανον
1514 1986 1604 2038 τὸν
1635 1985 1693 2052 ἐξ
1721 1987 1893 2039 ἀκαν-

320 2077 462 2139 θῶν,
515 2076 938 2147 προσφωνοῦντα
989 2079 1080 2130 καὶ
1125 2077 1370 2145 λέγονταο
1405 2095 1423 2128 ι
1456 2078 1560 2130 Ἴδε
1589 2078 1706 2146 ἄγω
1733 2077 1893 2129 αὑτὸν
1934 2127 1939 2132 .

322 2169 451 2238 ὑμῖν
476 2168 598 2234 ἔξω,
629 2169 713 2222 ἵνα
735 2168 927 2237 γνῶτε,
962 2169 1047 2221 ϐτε
1072 2169 1324 2239 οὐδεμίαν
1361 2168 1538 2221 αἰτίαν
1568 2169 1806 2237 εὑρίσκω
1837 2171 1894 2222 ὲν

321 2259 490 2328 αὑτῷ.
523 2279 541 2310 ι
601 2259 658 2313 '0
687 2259 743 2312 δέ
773 2277 836 2327 γε
861 2259 1136 2322 Ματθαῖος
1161 2261 1239 2322 εἰς
1261 2258 1529 2328 τοσαύτην
1559 2259 1718 2312 αὑτὸν
1745 2277 1898 2330 μισο-

323 2351 587 2422 πονηρίαν
611 2352 834 2421 ἀςιῖχθαί
870 2370 1066 2422 φησιν,
1096 2352 1170 2415 ὼς
1209 2351 1302 2404 καὶ
1334 2351 1702 2421 ἀπονίψασθαι
1735 2332 1908 2406 αὑτὸν·

321 2444 434 2502 τοῖς
473 2441 745 2505 Ἰουδαίοις
769 2442 868 2504 τὰς
897 2445 1084 2512 χεῖρας
1118 2443 1212 2495 καὶ
1250 2445 1421 2496 εἰπεῖν
1446 2458 1458 2470 ·
1496 2462 1514 2494 ι
1557 2441 1756 2505 Ἀθῶός
1783 2445 1898 2513 εἰμι

321 2537 434 2592 ἀπὸ
457 2537 550 2590 τοῦ
574 2538 796 2606 αἵματος
823 2535 917 2590 τοῦ
945 2538 1154 2590 δικαίου
1181 2538 1388 2590 τούτου.
1418 2556 1438 2588 ι
1488 2538 1603 2590 Ἐπ’
1639 2537 1816 2590 αὑτῶν
1844 2537 1900 2590 δὲ

321 2628 437 2680 τῶν
500 2628 790 2698 ἀρχιερέων
859 2628 1344 2698 εἰσκεκομισμένον
1406 2628 1537 2696 ἡμῖν
1608 2626 1896 2690 ἐπιδείξας,

320 2717 467 2772 οὕτω
504 2719 664 2787 φησίν
687 2735 698 2748 ·
731 2739 748 2769 ι
782 2721 844 2772 Ol
871 2720 926 2772 δὲ
951 2721 1228 2790 ἀρχιερεῖς
1268 2719 1359 2772 καὶ
1387 2718 1444 2771 τὸ
1477 2717 1753 2787 συνέδριον
1782 2716 1898 2769 ὅλον

321 2809 553 2880 ἐζήτουν
594 2810 1066 2882 ψευδομαρτυρίαν
1107 2810 1249 2862 κατὰ
1295 2809 1390 2862 τοῦ
1433 2808 1710 2879 Χριστοῦ,
1754 2808 1902 2868 ὅπως

323 2902 486 2955 αὑτὸν
521 2901 874 2956 θανατώσωσι
897 2945 910 2964 ,
947 2903 1040 2954 καὶ
1077 2902 1174 2971 οὑχ
1199 2895 1384 2970 εὗρον,
1433 2898 1642 2953 πολλῶν
1672 2896 1900 2969 προσελ-

325 2993 528 3048 θόντων
571 2992 1050 3063 ψευδομαρτύρων.
1102 2993 1165 3044 El
1199 2991 1308 3062 γὰρ
1359 2991 1454 3043 καὶ
1495 2990 1562 3043 δι’
1603 2989 1902 3060 ἀνθρώπων

326 3085 571 3154 ἐζητεῖτο
600 3085 667 3139 τὰ
700 3084 818 3137 κατ’
846 3085 1026 3146 αὑτὸν,
1059 3084 1174 3136 ἀλλ’
1205 3082 1277 3146 ὼς
1301 3082 1553 3154 ὀργάνοις
1581 3081 1674 3134 καὶ
1704 3081 1905 3150 ὑπουρ-

327 3179 444 3243 γοῖς
473 3176 572 3244 τῆς
601 3175 826 3244 ἐνούσης
868 3173 1017 3244 αὑτῷ
1055 3173 1382 3244 δυστροπίας
1430 3172 1630 3243 ἐχρῆτο
1665 3171 1693 3222 6
1727 3169 1904 3223 διάϐο-

328 3267 439 3331 λος,
468 3268 560 3319 καὶ
588 3267 750 3328 αὑτὸς
785 3262 854 3336 ἦν
885 3265 1112 3334 μᾶλλον,
1158 3266 1301 3335 ἢπερ
1331 3262 1519 3333 ἕτερός
1555 3279 1638 3324 τις
1664 3263 1692 3314 6
1726 3262 1907 3331 εὑρεῖν

330 3364 388 3413 ὲν
415 3359 563 3428 αὑτῷ
591 3358 769 3428 ζητῶν
793 3357 1190 3427 πλημμέλημα.
1224 3353 1432 3408 Οὐκοῦν
1451 3353 1667 3425 ἀληθὲς,
1691 3354 1771 3406 ὅτι
1803 3353 1908 3406 τῶν

334 3452 481 3505 ίδίων
505 3451 654 3504 οὐδὲν
686 3447 831 3520 εἶχεν
860 3452 888 3504 6
916 3449 1158 3512 διάϐολος
1194 3450 1250 3501 ὲν
1281 3447 1449 3517 αὑτῷ,
1476 3447 1532 3502 ὃν
1554 3447 1648 3500 καὶ
1677 3446 1913 3516 ἄρχοντα

331 3541 425 3594 τοῦ
461 3541 668 3611 κόσμου
697 3541 834 3611 πρὸς
879 3544 938 3593 τὺ
971 3537 1142 3609 παρὸν
1180 3538 1463 3608 ὠνόμασεν
1484 3576 1500 3601 ,
1548 3537 1645 3606 οὑχ
1677 3536 1752 3597 ὡς
1783 3535 1914 3604 ἀλη-

333 3633 442 3696 θῶς
470 3632 598 3685 ὅντα
623 3632 916 3701 δεσπότην,
961 3631 1076 3684 ἀλλ’
1101 3632 1290 3700 ὥσπερ
1313 3627 1436 3682 τινὰ
1471 3629 1580 3681 τῶν
1619 3626 1913 3694 ἀλιτηρίων

337 3723 628 3794 βαρϐάρων
678 3721 992 3789 πλεονεξίας
1033 3722 1183 3793 νόμῳ
1243 3722 1591 3793 κρατήσαντα
1635 3717 1742 3771 τῶν
1795 3717 1912 3770 κατ’

335 3816 527 3868 οὑδὲνα
568 3814 770 3886 τρόπον
815 3814 1200 3884 προσηκόντων
1226 3811 1393 3880 αὐτῷ.
1455 3809 1574 3879 Ὑφ’
1609 3808 1784 3878 ἑαυτῷ
1807 3807 1916 3877 γὰρ

339 3907 633 3976 ἐποιήσατο
666 3904 754 3958 διά
779 3904 877 3973 τῆς
907 3903 1181 3972 ἁμαρτίας
1210 3901 1299 3953 τὸν
1334 3900 1651 3970 ᾶνθρωπον,
1693 3900 1785 3952 καὶ
1812 3897 1916 3951 ῶσ-

341 4016 447 4068 περ
522 3996 648 4050 τινὰ
701 3997 935 4066 ποίμνην
983 3993 1408 4063 ἀνεπιστάτητον
1469 3990 1911 4059 ἀποϐουκολήσας

341 4088 474 4141 Θεοῦ
501 4129 516 4152 ,
576 4087 683 4140 τῶν
710 4087 1002 4158 ἀλλοτρίων
1048 4086 1290 4155 ἐκράτει.
1354 4084 1642 4153 Τοιγάρτοι
1693 4082 1784 4134 καὶ
1811 4079 1911 4150 τῆς

342 4177 483 4232 οὑτω
521 4179 873 4248 πορισθείσης
902 4177 1074 4250 ἀρχῆς
1099 4177 1320 4240 δικαίως
1351 4175 1697 4244 ὲκϐἐϐληται.
1739 4172 1913 4227 Βεϐα-

238 4266 252 4276 ’
347 4269 561 4324 σίλευκε
605 4271 713 4340 γὰρ
747 4271 830 4339 ἐφ’
860 4272 1004 4340 ἡμᾶς
1038 4273 1066 4323 6
1103 4269 1355 4339 Χριστός.
1401 4268 1492 4321 Διὸ
1531 4283 1700 4337 φησι·
1759 4266 1916 4323 ιΝῦν

1993 1896 2305 1951 dicentem:
2343 1915 2362 1947 ι
2427 1897 2572 1952 Ecce
2617 1897 2835 1952 adduco
2880 1899 3039 1954 vobis
3088 1913 3212 1954 eum
3264 1899 3451 1956 foras:
3503 1910 3564 1954 ut

1994 1988 2342 2058 cognoscatis
2365 1989 2493 2057 quia
2519 1990 2726 2044 nullam
2757 1989 2978 2045 invenio
3009 1990 3063 2044 in
3105 2005 3169 2046 eo
3200 1992 3508 2047 causam".
3539 2012 3556 2044 ι

1997 2078 2286 2134 Matthreus
2350 2094 2482 2133 vero
2542 2079 2858 2135 Judzeorum
2917 2081 3227 2151 nequitiam
3284 2092 3564 2152 tantopere

1997 2170 2350 2225 abhorruisse
2369 2171 2521 2226 illum
2547 2171 2763 2234 scribit,
2786 2178 2845 2224 ut
2865 2177 2920 2225 et
2942 2185 3130 2224 coram
3147 2170 3351 2226 Iudaeis
3370 2186 3562 2225 manus

1995 2260 2158 2330 855
2213 2262 2472 2326 abluerit,
2505 2276 2569 2315 ac
2604 2261 2844 2316 dixerit:
2880 2279 2900 2312 ‹
2938 2260 3209 2316 lnnocens
3238 2277 3340 2332 ego
3375 2277 3498 2318 sum
3535 2278 3564 2316 a

1997 2351 2269 2421 sanguine
2295 2351 2435 2420 justi
2475 2351 2730 2420 hujus“.
2771 2371 2790 2403 ›
2823 2351 2906 2405 Ad
2947 2353 3096 2421 ipsos
3129 2361 3310 2406 autem
3341 2354 3565 2421 pontiﬁ-

1997 2459 2088 2498 ces
2125 2443 2427 2497 adductum
2459 2458 2583 2497 eum
2618 2443 2941 2508 ostendens,
2973 2444 3054 2497 sic
3090 2445 3322 2498 scribit:
3356 2463 3372 2496 ι
3409 2443 3566 2498 Prin-

1999 2536 2150 2603 cipes
2181 2541 2362 2588 autem
2404 2534 2748 2588 sacerdotum
2787 2542 2841 2587 et
2879 2548 3040 2588 omne
3082 2535 3379 2588 concilium
3420 2551 3568 2606 qua:-

2001 2626 2195 2680 rcbant
2250 2625 2448 2679 falsum
2486 2624 2865 2679 testimonium
2901 2633 3094 2679 contra
3129 2626 3449 2693 Christum,
3510 2637 3570 2681 ut

1999 2731 2123 2770 eum
2153 2715 2312 2768 morti
2338 2714 2641 2780 traderent,
2663 2722 2717 2770 et
2743 2731 2855 2769 nou
2885 2715 3233 2780 invenerunt,
3259 2731 3384 2771 cum
3415 2717 3568 2771 multi

2002 2806 2122 2860 falsi
2177 2813 2347 2860 testes
2395 2805 2767 2860 accessissent
2788 2806 2858 2857 ⁷⁸.
2920 2824 2939 2858 ι
2981 2805 3227 2861 Tametsi
3271 2807 3416 2862 enim
3474 2823 3572 2878 per

2003 2897 2254 2952 homines
2299 2897 2419 2965 ejus
2474 2896 2738 2966 perdendi
2791 2911 2972 2952 causae
3025 2899 3453 2966 querebantur,
3505 2900 3572 2955 iis

2004 2995 2186 3042 tamen
2253 2996 2515 3056 tanquam
2585 2985 2972 3042 instrumentis
3023 3002 3088 3042 ac
3133 2988 3402 3044 ministris
3462 3005 3575 3045 sure

2007 3078 2368 3150 malignitatis
2398 3077 2650 3134 diabolus
2677 3079 2955 3143 utebatur,
2995 3089 3049 3134 et
3080 3079 3198 3149 ipse
3237 3087 3357 3134 erat
3392 3081 3574 3149 potius

2004 3187 2168 3243 quam
2203 3171 2342 3225 alius
2377 3171 2470 3240 qui
2509 3177 2792 3239 peccatum
2829 3171 2883 3224 in
2913 3185 2980 3226 eo
3017 3171 3321 3240 quaerebat.
3375 3169 3575 3225 Verum

2003 3272 2088 3319 est
2144 3263 2314 3333 igitur
2359 3261 2496 3315 nihil
2532 3263 2587 3314 in
2641 3277 2708 3316 eo
2759 3261 2865 3315 sibi
2925 3263 3236 3318 vindicasse
3274 3262 3574 3329 diabolum,

2003 3373 2164 3428 quem
2189 3355 2376 3410 mundi
2398 3354 2700 3424 principem
2725 3354 2887 3409 etiam
2909 3355 3227 3424 imprmsens
3251 3354 3576 3419 nominavit,

2009 3464 2116 3502 non
2145 3447 2306 3520 quasi
2335 3461 2464 3501 vere
2492 3447 2564 3501 sit
2594 3447 2744 3501 illius
2777 3445 3058 3509 dominus,
3102 3446 3198 3500 sed
3237 3447 3330 3516 qui
3370 3445 3579 3501 eﬂ‘erati

2010 3541 2233 3596 barbari
2261 3539 2548 3607 cujusdam
2584 3540 2760 3594 instar
2791 3537 3100 3608 tyrannidis
3130 3539 3247 3608 lege
3271 3553 3394 3608 qua:
3421 3538 3488 3593 ad
3521 3553 3582 3593 se

2010 3633 2162 3687 nullo
2193 3629 2356 3685 modo
2382 3631 2664 3700 pertinent
2707 3631 2992 3684 invaserit.
3031 3627 3319 3685 Hominem
3379 3631 3579 3699 quippe

2012 3737 2126 3777 sua:
2152 3720 2383 3775 ditionis
2415 3719 2550 3774 fecit
2579 3735 2677 3790 per
2713 3728 3021 3790 peccatum,
3059 3727 3113 3772 et
3160 3732 3378 3787 gregem
3411 3717 3583 3771 veluti

2011 3813 2299 3886 quemdam
2331 3821 2554 3883 pastore
2576 3813 2899 3868 destitutum
2930 3812 3121 3881 procul
3146 3826 3176 3864 a
3201 3809 3310 3866 Deo
3334 3810 3582 3879 abigens.

2017 3907 2194 3962 aliena
2228 3905 2449 3960 invasit.
2497 3903 2848 3973 Proindeque
2906 3901 3220 3972 principatu
3283 3899 3385 3954 hoc
3421 3898 3584 3954 modo

2017 4001 2282 4062 occupato
2330 3991 2456 4062 jure
2486 3992 2710 4058 excidit.
2750 3991 3022 4061 Regnavit
3057 3991 3204 4046 enim
3272 4003 3438 4059 super
3482 4001 3586 4042 nos

2018 4083 2294 4140 Christus.
2321 4081 2531 4138 Idcirco
2559 4083 2636 4136 ait
2660 4102 2672 4137 :
2703 4101 2722 4133 ι
2752 4082 2906 4137 Nunc
2933 4083 3188 4152 princeps
3209 4080 3376 4150 hujus
3399 4076 3587 4132 mundi

2020 4177 2275 4247 ejicietur
2304 4174 2491 4243 foras;
2521 4185 2574 4230 et
2620 4190 2724 4246 ego
2757 4174 2805 4229 si
2854 4175 3130 4229 exaltatus
3169 4173 3324 4228 fuero
3354 4187 3384 4224 a
3420 4181 3585 4232 terra,

2021 4269 2204 4325 omnia
2233 4269 2439 4323 traham
2475 4267 2540 4320 ad
2565 4267 2832 4336 meipsum
2858 4264 2926 4318 ⁷⁸.
2969 4282 2986 4316 ι

347 4362 376 4413 6
428 4363 610 4430 ἄρχων
656 4358 751 4412 τοῦ
799 4359 1002 4428 κόσμου
1062 4359 1252 4412 τούτου
1320 4357 1714 4428 ἐκϐληθήσεται
1780 4358 1917 4426 ἔξω,
1957 4361 2111 4431 κάγὼ
2155 4359 2249 4412 ἐὰν
2281 4357 2480 4429 ὑψωθῶ
2507 4359 2570 4410 ὲκ
2598 4356 2696 4426 τῆς
2725 4355 2859 4424 γῆς,
2909 4353 3115 4416 πάντας
3181 4352 3391 4406 ἑλκύσω
3458 4345 3592 4419 πρὸς

351 4453 602 4524 ἐμαυτόν.

431 4547 759 4614 Ἐτεφεσθε
779 4586 793 4609 ,
832 4545 1066 4614 ἄγωμεν
1093 4543 1390 4598 ἐντεῦθεν.

432 4638 489 4690 ’0
538 4640 636 4706 μὲν
678 4640 854 4700 κοινὸς
897 4643 1008 4702 τοῖς
1048 4638 1258 4700 πολλοῖς
1295 4637 1391 4690 καὶ
1442 4635 1800 4705 τετριμμένος
1829 4633 1924 4686 τοῦ

356 4730 715 4799 προκειμένου
743 4730 899 4798 λόγος
925 4732 1104 4782 ὲκεῖνο
1132 4729 1313 4781 δίδωσι
1341 4729 1478 4780 νοεῖν
1497 4766 1511 4790 ,
1545 4725 1619 4788 ὡς
1647 4724 1871 4792 ἐπείπερ
1899 4725 1927 4776 6

354 4822 452 4892 τῆς
495 4823 764 4875 Ἰουδαίων
798 4822 1050 4883 ἀπονοίας
1077 4819 1358 4882 εἰσελάσας
1383 4819 1482 4890 ήδη
1513 4819 1700 4888 καιρὸς
1735 4834 1925 4886 μονον-

355 4914 476 4982 ουχὶ
533 4912 820 4980 πεπηγότα
856 4911 1040 4963 λοιπὸν
1078 4910 1168 4963 τὸν
1194 4911 1372 4979 τίμιον
1409 4907 1504 4960 τοῦ
1533 4907 1779 4976 Σωτῆρος
1810 4908 1929 4960 ὲπι-

356 5004 590 5058 δεικνύει
619 5004 868 5074 σταυρὸν,
887 5005 964 5065 εἰς
986 5002 1222 5064 ἐκείνους
1241 5001 1565 5071 ἀποτρέχειν
1582 5000 1704 5061 τοὺς
1729 4998 1928 5062 τόπους

357 5097 492 5165 ὁμοῦ
520 5099 634 5160 τοῖς
651 5097 826 5164 ἁγίοις
857 5095 1123 5166 μαθηταῖς
1152 5093 1409 5162 ἠπείγετο
1427 5131 1441 5154 ,
1464 5094 1520 5145 ὲν
1546 5088 1738 5162 οἷσπερ
1769 5091 1930 5144 αὑτὸν

361 5189 394 5256 ἡ
423 5188 531 5240 τῶν
561 5189 852 5260 ὑπηρετῶν
898 5187 1219 5241 συνελάϐετο
1262 5185 1496 5258 εὑροῦσα
1550 5188 1770 5257 σπεῖρα.
1819 5187 1932 5239 Καὶ

361 5279 586 5342 πιθανὸς
623 5280 722 5350 μὲν
747 5283 774 5333 6
798 5279 922 5342 νοῦς
949 5296 962 5310 ο
1015 5279 1153 5348 πλὴν
1196 5277 1341 5340 εἰκός
1375 5293 1433 5330 τε
1472 5277 1566 5330 καὶ
1595 5277 1779 5348 ἓτερον
1812 5276 1934 5329 ἐθέ-

361 5369 474 5423 λειν
518 5369 815 5440 ὑποδηλοῦν
865 5367 1230 5438 πνευματικὸν
1267 5366 1508 5436 δηλονότι
1548 5366 1640 5420 καὶ
1690 5382 1935 5437 κεκρυμ-

365 5462 546 5532 μένον.
587 5462 698 5531 Τὴν
729 5461 836 5531 γὰρ
864 5459 921 5526 ἐξ
945 5460 1128 5529 ἐτέρου
1152 5457 1452 5528 τινὺςσπρδς
1481 5456 1666 5529 ἔτερόν
1691 5474 1742 5509 τι
1774 5456 1940 5525 μετά-

363 5570 556 5608 στασιν
581 5553 677 5606 καὶ
700 5553 800 5624 τὴν
824 5554 888 5604 ὲκ
919 5551 1026 5603 τῶν
1052 5549 1310 5619 γειρόνων
1341 5550 1418 5611 εἰς
1446 5548 1505 5599 τὸ
1539 5547 1757 5617 ἄμεινον
1795 5547 1902 5600 ἀπο
1919 5577 1933 5582 ι-

1957 4547 2000 4599 D
2101 4535 2238 4600 XIV,
2263 4535 2348 4589 51.
2379 4531 2609 4602 Surgite,
2635 4546 2815 4584 eamus
2841 4530 2981 4583 hinc.

2093 4625 2415 4681 Communis
2465 4622 2607 4693 apud
2646 4621 2849 4675 multos
2909 4627 2964 4676 et
3003 4618 3131 4674 trita
3163 4618 3329 4696 hujus
3363 4619 3470 4676 loci
3500 4637 3596 4678 ex-

2025 4717 2225 4788 positio
2253 4724 2356 4779 est,
2393 4714 2681 4777 nimirum,
2714 4714 2844 4783 quia
2884 4710 3099 4766 Judaici
3139 4710 3346 4768 furoris
3380 4721 3595 4782 tempus

2024 4811 2284 4876 ingruens
2306 4806 2603 4876 pretiosam
2629 4802 2939 4858 Servatoris
2961 4817 3180 4856 crucem
3203 4803 3594 4872 propemodum

2025 4898 2259 4952 deﬁxam
2291 4895 2639 4960 ostendebat,
2690 4893 2899 4947 idcirco
2943 4893 3010 4946 ad
3057 4907 3120 4946 ea
3152 4892 3269 4948 loca
3309 4909 3414 4946 una
3469 4908 3595 4948 cum

2027 4991 2239 5045 sanctis
2289 4985 2580 5057 discipulis
2629 4983 2810 5052 ipsum
2869 4980 3225 5044 contendere,
3289 4981 3343 5033 in
3395 4982 3595 5048 quibus

2025 5097 2148 5138 eum
2197 5079 2491 5135 satellitum
2521 5075 2723 5130 cohors
2757 5081 3030 5144 repertum
3058 5071 3489 5142 comprehendit.
3533 5070 3596 5124 lit

2027 5175 2117 5228 hic
2164 5170 2384 5241 quidem
2440 5183 2636 5222 sensus
2683 5173 2768 5220 est
2812 5164 3159 5218 verisimilis:
3224 5168 3597 5216 verumtamen

2029 5267 2196 5319 alium
2223 5261 2534 5331 quemdam,
2556 5257 2860 5330 spiritalem
2886 5253 3146 5308 videlicet
3176 5259 3230 5306 et
3258 5251 3596 5314 abstrusum,

2025 5355 2183 5424 juvat
2214 5353 2480 5406 iudicare.
2507 5348 2862 5404 Mutationem
2893 5343 3096 5414 quippe
3125 5358 3189 5398 ex
3233 5356 3342 5396 uno
3369 5344 3422 5396 in
3454 5341 3604 5397 aliud

2033 5458 2085 5504 et
2119 5461 2148 5500 a
2185 5445 2370 5514 pravis
2396 5441 2462 5497 ad
2500 5440 2726 5496 meliora
2756 5435 3180 5492 conversionem
3215 5449 3313 5504 per
3347 5434 3524 5506 ipsum
3552 5442 3606 5488 et

2039 5554 2162 5594 cum
2202 5538 2319 5605 ipso
2357 5534 2518 5589 nobis
2565 5530 2822 5586 omnibus
2864 5526 2988 5584 fore
3035 5527 3348 5600 signiﬁcare
3397 5527 3606 5590 volens,

434 5729 481 5762 τ’
517 5725 679 5783 Joan.
714 5743 866 5790 xvut,
891 5726 983 5782 38.
1048 5727 1093 5757 ⁷³
1120 5725 1278 5781 Joan.
1305 5741 1418 5790 χιχ,
1450 5725 1501 5779 4.
1568 5725 1612 5757 ⁷⁸
1647 5723 1839 5778 Matth.
1874 5739 1905 5777 ι

2005 5737 2045 5790 ι,
2078 5720 2167 5774 24.
2223 5719 2268 5750 ⁷⁵
2295 5715 2486 5772 Matth.
2525 5728 2675 5780 χχιιι,
2712 5709 2802 5780 59,
2831 5710 2920 5766 60.
2988 5710 3033 5742 ⁷⁸
3068 5708 3231 5764 Joan.
3263 5721 3360 5772 xu,
3393 5703 3486 5771 51,
3517 5701 3608 5757 σε.

689 5819 958 5886 Parnm.
1004 5820 1118 5880 Gn.
1164 5817 1417 5878 LXXIV.

3164 5799 3231 5862 11
