4042 6204
424 306 521 362 331

1458 295 1516 360 S.
1536 293 1809 350 CYRILLI
1838 293 2308 351 ALEXANDRINI
2328 295 2646 353 ARCHIEP.

3567 297 3673 352 ΞΜ

424 419 730 474 exclamat:
775 432 793 465 ι
830 413 1074 484 Surgite,
1107 425 1300 467 eamus
1354 410 1505 475 hinc,
1545 429 1564 461 ι
1593 419 1653 463 ut
1695 408 1803 462 tale
1836 406 1999 477 quid-4

2108 408 2313 479 δρομὴν
2332 451 2346 476 ,
2391 410 2456 462 δι’
2487 411 2654 466 αὑτοῦ
2686 428 2742 464 τε
2778 411 2870 466 καὶ
2905 411 3002 465 σὺν
3025 411 3174 483 αὐτῷ
3209 413 3373 466 πᾶσιν
3402 413 3535 482 ἡμῖν
3564 415 3683 467 ἐσο-

428 511 573 580 piam
606 506 908 576 intelligere
936 520 1004 559 ex
1032 505 1112 559 rei
1141 504 1372 559 veritate
1407 502 1732 564 debeamus,
1763 513 1794 552 a
1825 505 2002 554 morte

427 600 646 667 quidem
681 598 747 651 ad
779 599 971 662 vitam,
1008 603 1062 651 et
1087 611 1119 650 a
1156 595 1513 664 corruptione
1542 593 1610 647 ad
1634 591 2002 662 incorruptio-

427 705 575 752 nem,
617 703 714 758 per
749 687 928 756 ipsum
972 695 1026 740 et
1087 699 1211 740 cum
1264 685 1407 754 ipso,
1467 683 1633 738 sicuti
1665 681 1828 736 modo
1857 680 2000 742 dixi,

428 781 587 850 quasi
621 780 688 832 ab
727 794 834 832 uno
857 777 979 831 lotio
1010 777 1247 832 transire
1277 776 1331 830 in
1358 776 1546 828 alium.
1597 771 1765 827 Recte
1818 771 2004 842 itaque

429 871 588 936 illud,
631 889 649 922 ι
681 869 921 941 Surgite,
950 884 1140 925 eamus
1176 869 1326 933 hinc,
1350 887 1368 920 ι
1405 866 1606 937 inquit.
1637 863 1781 930 Quin
1815 871 1870 918 et
1897 863 2004 917 alio

430 964 594 1018 modo
623 963 691 1017 de
721 962 879 1017 nobis
912 961 1046 1032 ipsis
1076 962 1284 1016 dictum
1312 959 1445 1014 illud
1474 958 1767 1028 intelliges.
1797 955 2004 1010 Trans-

430 1054 641 1109 ferendi
687 1068 911 1108 eramus
951 1068 982 1107 a
1021 1051 1218 1107 mundi
1270 1066 1458 1106 amore
1529 1050 1595 1104 ad
1667 1049 2002 1104 voluntatem

429 1144 663 1200 faciendi
704 1144 873 1215 856
902 1144 1046 1215 quod
1083 1143 1195 1198 Deo
1234 1144 1498 1216 placeret,
1532 1158 1596 1198 ac
1630 1152 1896 1213 praeterea
1937 1156 2004 1196 ex

428 1236 696 1291 servitute
744 1236 810 1290 ad
873 1235 1198 1306 dignitatem
1250 1234 1588 1304 adoptionis,
1620 1249 1689 1289 ex
1741 1241 1892 1288 terra
1937 1230 2005 1286 ad

430 1341 721 1396 supernam
747 1325 1048 1389 civitatem,
1103 1342 1168 1381 ex
1226 1333 1452 1396 peccato
1478 1325 1545 1379 ad
1593 1339 1711 1378 eam
1745 1339 1866 1394 qua:
1899 1338 2036 1394 per.

430 1419 590 1474 ﬁdem
626 1419 682 1472 in
711 1419 933 1472 Christo
975 1424 1064 1473 est
1091 1417 1386 1487 justitiam,
1439 1431 1504 1471 ex
1541 1416 1863 1487 impuritate
1900 1415 2006 1470 hu-

431 1525 594 1566 mana
625 1511 692 1566 ad
723 1509 960 1582 Spiritus
990 1509 1438 1574 sanctimoniam,
1479 1525 1544 1564 ex
1573 1509 1907 1564 contumelia
1941 1508 1996 1562 in

429 1604 682 1674 gloriam,
715 1618 778 1658 ex
809 1602 1084 1673 imperitia
1113 1602 1170 1656 in
1205 1601 1522 1666 scientiam,
1550 1616 1618 1656 ex
1655 1601 1915 1656 socordia
1945 1608 2002 1656 et

431 1694 747 1750 inﬁrmitate
791 1681 860 1748 ad
914 1693 1174 1748 virtutem
1209 1692 1266 1746 in
1319 1692 1458 1748 bene
1505 1691 1742 1763 agendo.
1794 1691 2001 1747 Locum

431 1788 615 1856 itaque
657 1786 822 1841 veluti
871 1783 1164 1855 quemdam
1207 1785 1415 1839 nostris
1470 1784 1705 1838 terrenis
1757 1783 2004 1853 peccatis

431 1888 634 1938 terram
680 1880 818 1933 hanc
873 1885 1147 1943 statuens,
1193 1895 1212 1929 ι
1257 1875 1509 1946 Surgite,
1574 1875 1774 1946 inquit,
1812 1891 2004 1931 eamus

431 1971 581 2025 hinc.
622 1997 641 2022 ι
694 1968 848 2024 Licet
879 1969 1047 2031 enim,
1095 1967 1278 2038 quoad
1317 1967 1577 2037 loquendi
1627 1965 1882 2033 formam,
1918 1983 2004 2023 se-

434 2063 612 2132 ipsum
637 2061 797 2116 nobis
817 2059 1150 2130 conjungere
1177 2059 1444 2122 videatur,
1472 2059 1609 2115 nihil
1635 2067 1814 2113 tamen
1841 2059 2004 2115 nobis

434 2151 594 2221 plane
629 2150 776 2204 istud
805 2149 1003 2210 Oberit,
1037 2164 1160 2204 cum
1193 2150 1244 2203 id
1277 2149 1462 2204 facere
1492 2149 1685 2204 soleat.
1718 2148 1876 2205 Unde
1905 2151 2004 2204 ali-

433 2242 559 2296 cubi
597 2241 665 2295 ad
699 2254 829 2296 suos
861 2239 1163 2309 discipulos
1197 2241 1467 2296 dicentem
1518 2241 1674 2295 illum
1719 2243 2000 2310 reperies:

439 2351 458 2384 σ
517 2331 601 2387 Me
653 2338 862 2401 oportet
915 2330 1133 2399 operari
1179 2345 1351 2399 opera
1400 2330 1521 2399 ejus
1547 2331 1644 2400 qui
1691 2331 1840 2384 misit
1895 2347 2002 2396 me,

435 2419 609 2474 donec
658 2418 777 2474 dies
817 2428 919 2473 est.
945 2416 1113 2473 Venit
1155 2433 1262 2472 nox
1288 2457 1303 2484 ,
1351 2419 1572 2490 quando
1600 2435 1766 2474 nemo
1826 2428 2006 2489 potest

433 2511 648 2582 operari
669 2511 742 2566 ’⁷.
778 2529 797 2563 ι
825 2510 997 2567 Audis
1020 2521 1077 2566 ut
1102 2512 1346 2582 seipsum
1383 2512 1546 2567 nobis
1575 2527 1817 2584 operum
1834 2513 2005 2569 comi-

436 2614 541 2660 tem
573 2605 859 2674 adjungat,
880 2605 1006 2659 licet
1035 2604 1244 2660 nostris
1265 2606 1528 2674 operibus
1545 2622 1653 2661 non
1676 2607 1748 2662 sit
1779 2608 2005 2676 perinde

433 2710 499 2750 ac
551 2710 652 2750 nos
697 2694 1016 2749 obnoxius?
1050 2696 1119 2747 At
1162 2693 1423 2748 usitatam
1483 2695 1622 2749 hanc
1687 2710 1809 2750 esse
1860 2696 2005 2765 apud

437 2801 538 2842 nos
588 2786 843 2855 loquendi
884 2785 1112 2838 formam
1148 2785 1321 2840 nihilo
1349 2787 1529 2840 secius
1575 2787 2000 2855 comperiemus.

437 2878 650 2946 Quippe
695 2877 912 2931 divinus
939 2875 1143 2931 Paulus
1192 2875 1511 2931 Corinthios
1543 2876 1867 2948 objurgans,
1926 2879 2004 2933 ita

436 2969 627 3024 scribit
655 2985 669 3021 :
712 2985 731 3018 ι
772 2965 896 3021 ﬂare
932 2975 1137 3031 autem,
1168 2965 1385 3031 fratres,
1418 2966 1807 3037 transﬁgurari
1832 2969 1888 3022 in
1920 2985 2005 3026 me

2109 501 2277 570 μένην
2306 503 2688 572 κατασημῆναι
2721 502 2918 567 θέλων,
2947 503 3007 556 τὸ
3028 523 3047 555 ‹
3089 502 3396 574 Ἐγείρεσθε
3417 544 3431 568 ,
3459 504 3682 574 ἄγωμεν

2105 590 2352 644 ἐντεῦθεν
2377 609 2396 642 ι
2435 593 2697 660 ἐπιφωνεῖ
2719 611 2732 623 ο
2770 593 2856 647 ἵνα
2883 611 2937 646 τι
2961 593 3223 658 τοιοῦτον,
3264 594 3338 658 ὡς
3367 595 3424 646 ἐν
3454 596 3684 668 ἀληθείᾳ

2105 679 2298 749 νοῆσαι
2323 679 2607 751 μέλλωμεν
2627 721 2641 744 ,
2673 683 2782 735 ἀπὸ
2810 683 2908 753 μὲν
2936 683 3164 737 θανάτου
3196 685 3331 754 πρὸς
3356 684 3528 756 ζωὴν,
3577 689 3685 740 ἀπδ

2105 771 2161 823 δέ
2197 771 2401 842 φθορᾶς
2434 774 2514 837 είς
2545 772 2872 844 ἀφθαρσίαν,
2899 775 2964 827 δι’
2992 774 3156 828 αὐτοῦ
3178 793 3236 828 τε
3267 777 3361 828 καὶ
3385 778 3489 830 σὺν
3511 779 3683 848 αὐτῷ,

2107 861 2359 933 καθάπερ
2390 862 2525 934 ἔφην
2551 864 2784 934 ἀρτίως,
2830 865 2906 928 ὡς
2925 865 3031 919 ἀπό
3063 883 3206 929 τινος
3243 868 3409 920 τόπου
3441 887 3690 940 μεταχω·

2108 954 2222 1023 ρεῖν
2251 955 2330 1018 είς
2362 955 2566 1026 ἕτερον.
2615 957 2812 1020 Καλῶς
2846 952 2941 1012 οὖν
2993 959 3102 1028 ἄρα
3143 959 3241 1022 τὸ,
3287 977 3304 1009 ι
3349 961 3686 1030 Ἐγείρεσθε,

2106 1042 2328 1112 ἄγωμεν
2359 1044 2640 1112 ἐντεῦθεν,
2679 1064 2698 1096 ι
2735 1046 2919 1114 φησίν.
2971 1041 3047 1098 Ἦ
3081 1046 3172 1098 καὶ
3199 1046 3319 1099 καθ’
3353 1047 3538 1117 ἕτερόν
3567 1064 3689 1102 τινα

2106 1134 2306 1204 τρόπον
2327 1135 2412 1203 ἐφ’
2439 1135 2597 1205 ήμῶν
2635 1137 2813 1189 αὐτῶν
2836 1135 3048 1209 ἐκλήψῃ
3069 1138 3128 1190 τὸ
3162 1137 3469 1207 εἰρημένον.
3499 1139 3690 1208 Ἐμέλ-

2105 1227 2270 1298 λομεν
2299 1230 2398 1300 ήδη
2433 1230 2788 1300 μεθίστασθαι
2821 1233 2885 1284 ἐκ
2932 1231 3027 1284 τοῦ
3073 1231 3245 1301 φιλεῖν
3280 1231 3348 1284 τὰ
3389 1233 3446 1285 ἐν
3471 1232 3683 1302 κόσμῳ,

2107 1323 2323 1391 φρονεῖν
2345 1324 2423 1385 είς
2449 1324 2511 1375 τὸ
2533 1324 2750 1378 ἑλέσθαι
2782 1324 2913 1396 δρᾷν
2945 1324 3151 1378 ἐθέλειν
3180 1324 3243 1377 τὸ
3268 1324 3457 1377 δοκοῦν
3479 1325 3554 1394 τῷ
3567 1324 3687 1394 Θεῴ

2107 1415 2200 1468 καὶ
2228 1415 2308 1468 ἔτι
2345 1417 2478 1487 πρὸς
2505 1418 2677 1490 τούτῳ
2707 1421 2770 1474 ἐκ
2796 1420 3039 1483 δουλείας
3075 1419 3368 1487 ἁναφοιτᾷν
3395 1418 3474 1480 εἰς
3495 1417 3555 1470 τδ
3585 1419 3686 1487 τῆς

2105 1507 2375 1571 υἱοθεσίας
2421 1509 2640 1579 ἀξίωμα
2661 1551 2674 1575 ,
2723 1511 2833 1566 ἀπὸ
2863 1512 2964 1581 γῆς
2996 1512 3076 1574 είς
3125 1510 3224 1581 τὴν
3250 1512 3361 1566 ἄνω
3389 1510 3543 1563 πόλιν
3566 1550 3580 1572 ,
3626 1510 3686 1574 ἐξ

2104 1599 2378 1671 ἁμαρτίας
2403 1602 2484 1664 είς
2511 1601 2858 1673 δικαιοσύνην
2899 1603 2998 1673 τὴν
3034 1602 3122 1656 διὰ
3150 1602 3384 1664 πίστεως
3419 1601 3476 1654 δὲ
3503 1601 3684 1672 δηλον-

2105 1690 2185 1743 ότι
2241 1692 2338 1762 τῆς
2362 1695 2419 1745 ἐν
2453 1694 2700 1764 Χριστῷ,
2755 1695 2815 1759 ἐξ
2845 1693 3186 1765 ἀκαθαρσίας
3219 1695 3318 1764 τῆς
3339 1676 3684 1764 ἀνθρωπίνης

2108 1783 2187 1845 εἰς
2217 1782 2307 1836 τὸν
2347 1783 2433 1836 διὰ
2459 1785 2554 1838 τοῦ
2584 1771 2897 1856 Πνεῦματος
2924 1785 3223 1856 ἁγιασμόν,
3264 1784 3322 1850 ἐξ
3346 1784 3568 1854 ἀτιμίας
3603 1785 3684 1847 είς

2107 1873 2288 1940 δόξαν,
2324 1875 2383 1940 ἐξ
2415 1876 2654 1946 ἀμαθίας
2688 1879 2766 1940 είς
2798 1877 3046 1944 σύνεσιν,
3088 1879 3196 1932 ἀπὸ
3241 1877 3296 1932 δὲ
3333 1876 3536 1940 δειλίας
3588 1876 3683 1929 καὶ

2103 1967 2422 2038 ἀνανδρείας
2477 1968 2557 2031 είς
2601 1968 2890 2039 εὐτολμίαν
2943 1969 3040 2039 τὴν
3079 1970 3168 2022 ἐπ’
3216 1968 3458 2037 ἀγαθοῖς.
3507 1969 3683 2022 Τόπον

2103 2054 2196 2112 οὖν
2225 2058 2415 2131 ὥσπερ
2441 2061 2553 2122 τοῖς
2591 2059 2684 2112 ἐπὶ
2724 2060 2827 2130 γῆς
2863 2059 3022 2131 ἡμῶν
3051 2060 3485 2130 πλημμελήμασι
3513 2059 3573 2112 τὸ
3597 2061 3683 2112 ἐν-

2105 2153 2233 2207 θάδε
2264 2152 2454 2217 τιθεὶς,
2491 2172 2510 2207 ί
2546 2153 2880 2224 Ἐγείρεσθε,
2913 2153 3098 2224 φησιν,
3121 2153 3340 2224 ἄγωμεν
3368 2151 3631 2206 ἐντεῦθεν.
3657 2171 3674 2201 ι

2106 2246 2168 2310 El
2207 2245 2316 2316 γὰρ
2343 2245 2437 2298 καὶ
2459 2286 2472 2308 ,
2497 2246 2620 2298 ὅσον
2653 2240 2789 2316 ἧκεν
2817 2247 2895 2308 είς
2928 2245 2989 2298 τὸ
3020 2244 3114 2298 τοῦ
3148 2245 3306 2313 λόγου
3341 2244 3555 2314 σχῆμα,
3589 2244 3684 2296 καὶ

2105 2338 2295 2390 ἑαυτὸν
2327 2339 2455 2407 ἡμῖν
2483 2337 2747 2407 συνδήσας
2775 2336 3044 2406 φαίνεται,
3071 2336 3186 2389 ἀλλ’
3219 2337 3370 2390 οὐδὲν
3400 2338 3547 2408 ἡμᾶς
3569 2335 3678 2388 ἀδι-

2106 2427 2264 2497 κήσει
2298 2426 2454 2478 τοῦτο
2490 2425 2786 2490 παντελῶς,
2811 2426 3042 2495 ἐπείπερ
3081 2425 3231 2494 αὐτῷ
3264 2425 3420 2478 τοῦτο
3456 2424 3682 2493 σύνηθες

2105 2518 2259 2588 δρᾷν.
2292 2518 2400 2570 Καὶ
2420 2516 2549 2584 γοῦν
2579 2517 2637 2570 ἐν
2657 2517 2864 2586 ἑτέροις
2893 2515 3162 2569 ἁλώσεται
3195 2516 3368 2584 λέγων
3398 2516 3531 2585 πρὸς
3555 2517 3681 2577 τοὺς

2107 2611 2302 2664 ἐαυτοῦ
2346 2611 2591 2680 μαθητάς
2616 2627 2629 2640 ·
2675 2628 2692 2660 ι
2731 2610 2906 2679 Ἢμᾶς
2953 2610 3033 2662 δεῖ
3084 2609 3408 2681 ἐργάζεσθαι
3440 2608 3506 2661 τά
3545 2607 3682 2678 ἔργά

2105 2703 2200 2755 τοῦ
2225 2701 2539 2772 πέμψαντος
2560 2703 2730 2772 ἡμᾶς,
2756 2702 2859 2764 ἓως
2880 2701 3060 2770 ἡμέρα
3087 2699 3253 2752 ἐστίν.
3279 2700 3533 2769 Ἔρχεται
3563 2696 3682 2761 νὺξ,

2107 2795 2194 2848 ὅτε
2222 2795 2396 2858 οὐδεὶς
2423 2795 2642 2847 δύναται
2671 2791 3032 2865 ἐργάσασθαι.
3063 2811 3082 2842 ι
3124 2792 3363 2854 ’Λκούεις
3391 2793 3537 2853 ὅπως
3565 2791 3686 2842 ἐαυ-

2106 2885 2196 2938 τὸν
2227 2887 2356 2956 ἡμῖν
2403 2888 2483 2949 είς
2526 2887 2588 2938 τὸ
2629 2884 2958 2956 ἐργάζεσθαι
3002 2884 3234 2955 πρέπειν
3269 2883 3680 2944 συναναπλέκει,

2108 2975 2378 3047 καίτοιτῷ
2402 2976 2728 3049 ἐργάζεσθαι
2755 2976 2866 3029 δεῖν
2892 2976 3011 3029 καθ’
3033 2976 3177 3046 ἡμᾶς
3204 2975 3265 3027 οὐ
3292 2973 3684 3042 συνυποκείμε-

438 3069 492 3114 et
513 3058 726 3128 Apollo,
758 3065 819 3112 ut
850 3059 905 3112 in
941 3058 1104 3112 nobis
1126 3056 1359 3113 discatis
1391 3073 1556 3130 supra
1589 3061 1643 3114 id
1680 3061 1824 3129 quod
1863 3062 2002 3117 scri—

2109 3087 2234 3136 νος;
2295 3068 2434 3120 Ἀλλ’
2479 3067 2726 3138 εὐτριϐὲς
2760 3069 2888 3138 ἡμῖν
2916 3067 3071 3120 τοῦτο
3095 3065 3186 3119 τοῦ
3217 3065 3376 3133 λόγου
3406 3065 3464 3117 τὸ
3500 3065 3684 3133 σχῆμα

437 3163 591 3222 ptum
623 3158 709 3206 est
740 3165 849 3204 non
888 3164 1081 3220 sapere
1099 3149 1166 3204 ⁷⁸.
1203 3168 1222 3202 ι
1253 3149 1412 3215 Quod
1460 3158 1640 3206 autem
1676 3153 1883 3209 nostris
1923 3154 2006 3208 in-

437 3239 790 3295 ﬁrmitatibus
856 3253 1205 3309 nequaquam
1261 3239 1602 3305 obnoxium,
1665 3241 1760 3296 sed
1811 3241 2003 3298 ducem

437 3333 650 3388 itineris
696 3332 750 3386 in
805 3332 1060 3387 omnibus
1106 3331 1270 3387 bonis
1320 3339 1374 3387 et
1429 3347 1497 3387 ex
1550 3333 1799 3403 pristinis
1858 3336 2007 3392 vitiis

437 3425 819 3482 conversionis
844 3426 898 3479 in
924 3426 1144 3490 melius,
1172 3441 1279 3480 non
1305 3426 1567 3496 legatum,
1590 3443 1702 3482 non
1729 3429 2004 3498 angelum,

438 3515 536 3570 sed
567 3515 748 3585 ipsum
782 3513 1142 3568 habuerimus
1170 3515 1418 3569 universi
1457 3515 1774 3583 Dominum,
1831 3519 2009 3573 nulla-

439 3615 600 3660 tenus
628 3603 987 3659 dubitaudum
1015 3614 1118 3661 est.
1153 3603 1442 3676 Redempti
1495 3607 1642 3660 enim
1672 3623 1864 3663 sumus
1895 3623 2006 3664 non

437 3713 537 3768 per
567 3711 670 3752 nos
702 3697 872 3766 ipsos,
902 3711 1004 3750 nec
1032 3712 1128 3766 per
1158 3698 1324 3751 aliam
1371 3697 1538 3751 ullam
1568 3713 1684 3754 rem
1741 3711 2003 3768 creatam,

439 3787 533 3844 sed
567 3801 662 3858 per
709 3787 892 3856 ipsum
923 3787 1104 3855 potius
1137 3785 1491 3844 Servatorem
1542 3798 1796 3844 nostrum
1845 3791 2006 3846 Chri-

439 3885 606 3933 stum.
639 3877 910 3943 Quocirca
965 3879 1186 3948 quando
1219 3878 1356 3934 illud
1387 3879 1462 3933 ait
1495 3897 1508 3934 :
1563 3899 1582 3932 ‹
1624 3879 1842 3952 Surgite
1863 3922 1879 3947 ,
1913 3898 2008 3938 ea-

438 3983 563 4024 mus
595 3967 746 4035 hinc,
785 3987 804 4021 ι
841 3969 1000 4040 quasi
1035 3969 1364 4032 mundanam
1389 3971 1690 4041 nequitiam
1740 3989 1848 4028 una
1882 3990 2005 4030 cum

441 4061 602 4116 nobis
659 4061 870 4133 fugiat,
927 4077 1040 4117 non
1088 4070 1353 4133 tanquam
1405 4064 1660 4122 humanis
1706 4067 1870 4124 malis
1911 4069 2008 4123 ob-

440 4154 657 4221 noxius,
691 4153 790 4210 sed
825 4163 1084 4224 tanquam
1109 4155 1242 4220 dux,
1285 4166 1339 4210 et.
1367 4157 1785 4228 antesignanus,
1821 4166 1876 4214 et
1907 4159 2009 4214 du-

441 4257 561 4302 ctor
589 4248 642 4301 in
673 4248 1138 4320 incorruptionem
1167 4257 1220 4303 et
1248 4263 1369 4303 eam
1414 4249 1586 4304 vitam
1635 4265 1756 4320 quae
1804 4251 2007 4306 sancti-

441 4346 552 4395 tate
577 4350 630 4394 et
661 4339 755 4395 Dei
787 4354 971 4394 amore
993 4350 1230 4405 constat,
1259 4341 1405 4396 istud
1437 4341 1531 4394 ait.

2110 3161 2204 3214 καὶ
2231 3161 2360 3230 παρ’
2376 3161 2504 3230 ἡμῖν
2525 3160 2704 3222 αὐτοῖς
2727 3159 2878 3212 οὐδὲν
2893 3154 3056 3229 ἦττον
3079 3158 3402 3228 εὑρήσομεν,
3428 3156 3536 3208 Καὶ
3553 3155 3684 3223 γοῦν

2109 3253 2137 3304 ό
2169 3251 2453 3314 θεσπέσιος
2479 3249 2692 3312 Παῦλος
2741 3249 3045 3318 ἐπιπλήξας
3074 3247 3381 3318 Κορινθίοις
3409 3245 3565 3298 τοῦτο
3591 3261 3684 3295 τεο

2108 3340 2412 3411 τόλμηκεν,
2463 3338 2762 3393 ἐπιστέλλει
2795 3337 2850 3390 δὲ
2893 3337 3020 3389 ὡδί·
3065 3354 3082 3387 ι
3113 3336 3297 3389 Ταῦτα
3333 3335 3420 3400 δὲ,
3466 3332 3685 3400 ἀδελφοί

2113 3449 2250 3502 μου,
2300 3431 2743 3504 μετεσχημάτισα
2785 3431 2865 3492 εἰς
2889 3428 3123 3500 ἐμαυτὸν
3151 3427 3244 3480 καὶ
3280 3425 3548 3487 Ἀπολλῶ,
3595 3424 3684 3476 ῖνα

2108 3525 2166 3578 ἐν
2195 3526 2327 3595 ἡμῖν
2361 3524 2569 3595 μάθητε
2611 3523 2670 3576 τὸ
2700 3523 2773 3592 μὴ
2797 3523 2938 3594 ὑπὲρ
2965 3521 2994 3574 δ
3039 3520 3346 3591 γέγραπται
3391 3520 3622 3588 φρονεῖν.
3658 3535 3677 3566 ι

2111 3613 2232 3666 Ὀτι
2270 3613 2327 3666 δέ
2375 3615 2422 3665 εί
2469 3613 2561 3665 καὶ
2615 3612 2688 3682 μὴ
2730 3612 3078 3665 συνυπαίτιον
3126 3612 3245 3672 ταῖς
3279 3609 3485 3662 ἑαυτῶν
3523 3605 3684 3660 ἀσθε-

2108 3706 2313 3769 νείαις,
2364 3703 2480 3757 ἀλλ’
2513 3699 2604 3757 οὖν
2655 3703 2900 3774 ἡγεμόνα
2943 3703 3044 3772 τῆς
3085 3699 3202 3754 ὁδοῦ
3227 3701 3337 3762 τοῖς
3364 3699 3448 3767 ἐφ’
3480 3696 3684 3750 ἅπασιν

2108 3797 2332 3866 ἀγαθοῖς
2358 3796 2452 3850 καὶ
2475 3797 2573 3866 τῆς
2595 3798 2660 3849 ἐκ
2689 3795 2876 3849 παθῶν
2896 3793 3005 3846 τῶν
3031 3791 3274 3863 ἀρχαίων
3303 3791 3394 3842 ἐπὶ
3424 3789 3484 3842 τὸ
3504 3790 3684 3858 κρεῖτ-

2107 3907 2196 3944 τον
2249 3888 2613 3958 ἐπιστροφῆς,
2659 3888 2719 3940 οὐ
2772 3884 3045 3956 πρέσϐυν,
3109 3883 3210 3934 οὐκ
3254 3880 3511 3948 ἄγγελον,
3568 3876 3683 3930 ἀλλ’

2107 3981 2266 4034 αὐτὸν
2308 3981 2620 4050 ἐσχήκαμεν
2666 3976 2756 4030 τὸν
2811 3975 3064 4030 ἁπάντων
3102 3972 3331 4044 Κύριον,
3386 3967 3683 4039 οὐδαμόθεν

2106 4072 2422 4143 ἀμφίϐολον.
2481 4067 2876 4140 Λελυτρώμεθα
2919 4068 3056 4137 γὰρ,
3103 4067 3165 4118 οὺ
3192 4065 3258 4118 δι’
3282 4062 3521 4126 ἑαυτῶν,
3567 4059 3682 4113 ἀλλ’

2106 4167 2228 4220 οὐδὲ
2252 4165 2317 4218 δι’
2345 4163 2529 4233 ἐτέρου
2570 4160 2714 4223 τινὸς
2735 4159 2842 4213 τῶν
2869 4158 3131 4230 γενητῶν,
3163 4156 3229 4209 δι’
3256 4153 3422 4208 αὐτοῦ
3451 4153 3507 4205 δέ
3544 4151 3682 4222 μᾶλ-

2106 4259 2196 4311 λον
2241 4256 2335 4309 τοῦ
2369 4254 2618 4325 Σωτῆρος
2662 4252 2820 4323 ἡμῶν
2867 4249 3125 4322 Χριστοῦ.
3183 4246 3393 4301 Οὐκοῦν
3435 4246 3560 4298 ὅταν
3605 4243 3684 4305 ῶς

2111 4350 2208 4403 σὺν
2243 4350 2376 4419 ἡμῖν
2410 4347 2504 4399 καὶ
2533 4345 2649 4416 μεθ’
2681 4343 2839 4414 ἡμῶν
2867 4343 2965 4414 τὴν
3003 4336 3059 4394 ἐν
3091 4341 3277 4410 κόσμῳ
3311 4332 3685 4407 παραδραμὼν

441 4435 747 4504 φαυλότητα
775 4435 904 4506 λέγῃ
927 4435 1009 4500 τὸ,
1035 4453 1054 4487 ι
1077 4435 1409 4506 Ἐγείρεσθε,
1441 4435 1664 4506 ἄγωμεν
1692 4437 1958 4506 ἐντεῦθεν,
1985 4462 2004 4495 ι
2047 4446 2142 4515 οὐχ
2170 4445 2245 4507 ὼς
2281 4441 2646 4505 συνυπαίτιος,
2674 4440 2840 4509 ἤγουν
2869 4437 3184 4506 ἐνεχόμενος
3245 4434 3353 4490 τοῖς
3410 4425 3686 4498 ἀνθρωπί-

442 4543 552 4588 νοις
592 4525 848 4588 πάθεσιν,
901 4526 1016 4578 όιλλ’
1044 4527 1120 4590 ὡς
1153 4527 1393 4596 ἀρχηγὸς
1430 4528 1524 4579 καὶ
1562 4530 1873 4602 προστάτης
1915 4537 2010 4590 καὶ
2080 4537 2400 4608 καθηγητὴς
2467 4536 2566 4604 τῆς
2605 4533 2808 4587 εἰσόδου
2843 4532 2922 4595 είς
2957 4527 3265 4600 ἀφθαρσίαν
3293 4525 3386 4580 καὶ
3413 4522 3556 4594 ζωὴν
3586 4519 3687 4588 τὴν

442 4621 498 4671 ὲν
525 4615 781 4687 ἁγιασμῷ
806 4619 899 4670 καὶ
925 4617 1188 4690 φιλοθεῖᾳ,
1222 4619 1284 4671 τὸ
1306 4617 1546 4672 τοιοῦτον
1569 4621 1703 4689 ἐρεῖ.

1004 4730 1168 4802 357
1205 4730 1351 4787 CAP.
1383 4731 1446 4785 ll.

443 4841 596 4910 Quod
626 4841 735 4895 Deo
774 4858 835 4894 ac
873 4841 1032 4895 Patri
1059 4843 1531 4898 consubstantialis
1571 4847 1641 4899 sit
1673 4845 1872 4911 Fiiius,
1904 4864 2009 4904 non

512 4922 686 4966 autem
713 4911 1021 4987 (ζίφει-δασὺ
1050 4929 1108 4966 eo
1132 4923 1340 4987 natura:
1363 4915 1442 4968 uel
1463 4917 1683 4983 generis,
1711 4926 1768 4969 ut
1791 4917 2009 4987 quidam

509 4983 737 5051 perversi
763 4982 996 5037 heretici
1016 4984 1267 5039 sentiunt.

512 5087 632 5156 XV,
669 5089 720 5144 1.
759 5087 870 5162 Ego
903 5105 1019 5144 sum
1057 5090 1174 5144 vitis
1210 5106 1352 5156 vera,
1390 5101 1439 5146 et
1472 5091 1638 5148 Pater
1675 5110 1819 5148 meus
1864 5097 2009 5166 agri-

441 5180 560 5234 cola
583 5191 685 5236 εει.
742 5183 752 5188 “

512 5272 666 5338 Quod
717 5280 966 5344 oporteat
999 5273 1284 5331 dilectioni
1330 5289 1458 5345 erga
1503 5290 1564 5331 se
1617 5276 1902 5342 inhaerere,
1957 5286 2013 5332 et

441 5370 705 5433 quantum
739 5379 807 5419 ex
833 5381 899 5421 eo
932 5365 1076 5435 quod
1105 5366 1152 5421 ei
1184 5365 1467 5436 conjuncti
1507 5382 1702 5422 sumus
1734 5368 2009 5423 commodi

443 5452 602 5510 nobis
647 5456 864 5509 eveniat
893 5457 1080 5512 volens
1114 5458 1429 5523 ostendere,
1471 5459 1632 5513 vitem
1664 5460 1884 5529 quidem
1919 5475 2006 5516 se-

2711 4731 2958 4786 ΚΕΦΑΛ,
3001 4730 3076 4782 Β’.

2103 4842 2226 4896 Ὅτι
2251 4841 2328 4907 τῷ
2359 4841 2480 4907 Θεῷ
2505 4842 2602 4895 καὶ
2640 4841 2819 4908 "arpi
2847 4841 3167 4908 ὀμοούσιός
3222 4839 3393 4893 ἐστιν
3439 4841 3471 4908 ό
3528 4836 3685 4902 Υἱὸς,

2173 4911 2269 4966 καὶ
2299 4914 2410 4979 οὐχ
2433 4907 2783 4979 ἐτεροφυὴς,
2807 4907 2949 4964 οὐδὲ
2974 4911 3260 4977 ἐκφυλος,
3315 4907 3464 4962 κατά
3518 4924 3689 4973 τινας

2174 4981 2295 5035 τῶν
2325 4981 2828 5050 διεστραμμένων.

2176 5091 2322 5163 Ἐγώ
2345 5091 2517 5162 εἱμιή
2543 5092 2808 5160 ἄμπελος
2842 5093 2880 5160 ἡ
2933 5089 3213 5159 ἀληθινὴ,
3259 5089 3358 5142 καὶ
3409 5091 3441 5142 ό
3486 5087 3689 5154 Πατήρ

2101 5203 2219 5254 μου
2253 5188 2285 5239 ὁ
2314 5184 2572 5254 γεωργός
2607 5183 2798 5236 ἐστιν.

2181 5277 2303 5328 Ὅτι
2334 5275 2597 5346 προσήκοι
2635 5273 2734 5343 τῆς
2778 5274 2858 5335 είς
2901 5271 3064 5325 αὐτὸν
3098 5268 3320 5340 ἀγάπης
3358 5267 3688 5337 ἐξηρτῆσθαι

2107 5366 2299 5436 φιλεῖν,
2331 5368 2426 5420 καὶ
2455 5367 2620 5419 πόσον
2660 5367 2725 5418 ἐκ
2767 5363 2864 5417 τοῦ
2899 5362 3190 5417 κολλᾶσθαι
3219 5359 3368 5428 αὺτῷ
3399 5358 3691 5430 κερδανοῦο

2110 5474 2208 5528 μεν
2227 5456 2486 5522 ἐπιδεῖξαι
2509 5443 2743 5527 θελήσας
2767 5455 2826 5509 τὸ
2851 5453 3115 5522 ὠφελοῦν,
3147 5451 3392 5522 ἀμπελον
3435 5449 3535 5519 μὲν
3568 5449 3691 5501 sav-

441 5548 618 5618 ipsum
659 5559 781 5600 esse
819 5544 954 5600 dicit
979 5565 1000 5618 :_
1033 5549 1130 5616 qui
1163 5557 1344 5603 autem
1379 5549 1428 5604 ei
1474 5557 1604 5605 sunt
1636 5550 1795 5617 uniti,
1838 5559 2003 5621 atque

2108 5550 2194 5603 τὸν
2223 5546 2359 5605 εἷναί
2389 5567 2572 5621 φησιν,
2591 5549 2665 5613 ὡς
2696 5551 2752 5601 ἐν
2781 5546 3219 5616 παραδείγματος
3247 5543 3410 5612 λόγῳ,
3440 5540 3687 5611 κλήμασί

516 5703 559 5736 ’⁷
588 5700 740 5760 Joan.
774 5717 849 5768 ιτ,
882 5701 934 5756 4.
1013 5699 1058 5733 ⁷⁸
1099 5703 1116 5756 l
1149 5701 1276 5758 Cor.
1317 5719 1402 5769 iv,
1436 5706 1484 5758 6.
