  <div class='ocr_page' id='page_1' title='image "/cluster/home/n/w/nwhite01/storage/ocr_20150623/74/hvd.32044048207120/172.png"; bbox 0 0 4042 6204; ppageno 0'>
   <div class='ocr_carea' id='block_1_1' title="bbox 331 368 1303 469">
    <p class='ocr_par' dir='ltr' id='par_1_1' title="bbox 331 368 1303 469">
     <span class='ocr_line' id='line_1_1' title="bbox 331 368 1303 469; baseline 0.002 0"><span class='ocrx_word' id='word_1_1' title='bbox 331 368 437 469; x_wconf 63' lang='lat'><strong>533</strong></span> <span class='ocrx_word' id='word_1_2' title='bbox 1005 375 1008 379; x_wconf 60' lang='grc'><strong>’</strong></span> <span class='ocrx_word' id='word_1_3' title='bbox 1275 396 1303 429; x_wconf 58' lang='grc'>⁸</span> 
     </span>
    </p>
   </div>
   <div class='ocr_carea' id='block_1_2' title="bbox 1408 410 2542 477">
    <p class='ocr_par' dir='ltr' id='par_1_2' title="bbox 1408 410 2542 477">
     <span class='ocr_line' id='line_1_2' title="bbox 1408 410 2542 477; baseline 0.006 -7"><span class='ocrx_word' id='word_1_4' title='bbox 1408 410 1471 470; x_wconf 82' lang='lat' dir='ltr'><strong>IN</strong></span> <span class='ocrx_word' id='word_1_5' title='bbox 1507 413 1793 473; x_wconf 72' lang='lat' dir='ltr'><strong>JOANNIS</strong></span> <span class='ocrx_word' id='word_1_6' title='bbox 1819 414 2269 476; x_wconf 80' lang='lat' dir='ltr'><strong>EVANGELIUM</strong></span> <span class='ocrx_word' id='word_1_7' title='bbox 2304 418 2432 474; x_wconf 89' lang='lat' dir='ltr'><strong>LIB.</strong></span> <span class='ocrx_word' id='word_1_8' title='bbox 2476 420 2542 477; x_wconf 85' lang='lat' dir='ltr'><strong>x.</strong></span> 
     </span>
    </p>
   </div>
   <div class='ocr_carea' id='block_1_3' title="bbox 3489 434 3595 491">
    <p class='ocr_par' dir='ltr' id='par_1_3' title="bbox 3489 434 3595 491">
     <span class='ocr_line' id='line_1_3' title="bbox 3489 434 3595 491; baseline 0.019 -2"><span class='ocrx_word' id='word_1_9' title='bbox 3489 434 3595 491; x_wconf 71' lang='grc'><strong>554</strong></span> 
     </span>
    </p>
   </div>
   <div class='ocr_carea' id='block_1_4' title="bbox 328 527 1906 610">
    <p class='ocr_par' dir='ltr' id='par_1_4' title="bbox 328 527 1906 603">
     <span class='ocr_line' id='line_1_4' title="bbox 328 527 1906 603; baseline 0 -19"><span class='ocrx_word' id='word_1_10' title='bbox 328 548 395 600; x_wconf 89' lang='grc' dir='ltr'><strong>γε</strong></span> <span class='ocrx_word' id='word_1_11' title='bbox 432 530 540 601; x_wconf 78' lang='grc' dir='ltr'>μὴν</span> <span class='ocrx_word' id='word_1_12' title='bbox 573 528 698 592; x_wconf 81' lang='grc' dir='ltr'>τοὺς</span> <span class='ocrx_word' id='word_1_13' title='bbox 720 527 1018 592; x_wconf 79' lang='grc' dir='ltr'>ἐνωθέντας</span> <span class='ocrx_word' id='word_1_14' title='bbox 1049 528 1197 600; x_wconf 84' lang='grc' dir='ltr'><strong>αὑτῷ</strong></span> <span class='ocrx_word' id='word_1_15' title='bbox 1225 529 1319 583; x_wconf 77' lang='grc' dir='ltr'>καὶ</span> <span class='ocrx_word' id='word_1_16' title='bbox 1344 530 1784 602; x_wconf 82' lang='grc' dir='ltr'>ὲνηρμοσμένους</span> <span class='ocrx_word' id='word_1_17' title='bbox 1802 532 1906 603; x_wconf 87' lang='grc' dir='ltr'><strong>τρό</strong></span> 
     </span>
    </p>
   </div>
   <div class='ocr_carea' id='block_1_5' title="bbox 2009 527 3607 610">
    <p class='ocr_par' dir='ltr' id='par_1_5' title="bbox 2031 532 3607 610">
     <span class='ocr_line' id='line_1_5' title="bbox 2031 532 3607 610; baseline 0.011 -24"><span class='ocrx_word' id='word_1_18' title='bbox 2031 532 2180 589; x_wconf 89' lang='lat' dir='ltr'><strong>insiti</strong></span> <span class='ocrx_word' id='word_1_19' title='bbox 2213 534 2618 604; x_wconf 90' lang='lat' dir='ltr'><strong>quodammodo</strong></span> <span class='ocrx_word' id='word_1_20' title='bbox 2655 545 2712 593; x_wconf 92' lang='lat' dir='ltr'><strong>et</strong></span> <span class='ocrx_word' id='word_1_21' title='bbox 2740 537 2918 607; x_wconf 81' lang='lat' dir='ltr'><strong>inﬁxi,</strong></span> <span class='ocrx_word' id='word_1_22' title='bbox 2948 546 3004 596; x_wconf 89' lang='lat' dir='ltr'><strong>et</strong></span> <span class='ocrx_word' id='word_1_23' title='bbox 3029 539 3143 610; x_wconf 92' lang='lat' dir='ltr'><strong>jam</strong></span> <span class='ocrx_word' id='word_1_24' title='bbox 3185 541 3315 598; x_wconf 82' lang='lat' dir='ltr'><strong>facti</strong></span> <span class='ocrx_word' id='word_1_25' title='bbox 3346 553 3477 600; x_wconf 85' lang='lat' dir='ltr'><strong>sunt</strong></span> <span class='ocrx_word' id='word_1_26' title='bbox 3499 556 3607 603; x_wconf 65' lang='lat' dir='ltr'><strong>nao&#39;</strong></span> 
     </span>
    </p>
   </div>
   <div class='ocr_carea' id='block_1_6' title="bbox 331 620 1921 696">
    <p class='ocr_par' dir='ltr' id='par_1_6' title="bbox 331 620 1921 696">
     <span class='ocr_line' id='line_1_6' title="bbox 331 620 1921 696; baseline 0.001 -20"><span class='ocrx_word' id='word_1_27' title='bbox 331 641 433 676; x_wconf 88' lang='grc' dir='ltr'><strong>πον</strong></span> <span class='ocrx_word' id='word_1_28' title='bbox 459 622 581 676; x_wconf 75' lang='grc' dir='ltr'>τινὰ</span> <span class='ocrx_word' id='word_1_29' title='bbox 603 620 696 675; x_wconf 84' lang='grc' dir='ltr'>καὶ</span> <span class='ocrx_word' id='word_1_30' title='bbox 719 620 1133 691; x_wconf 77' lang='grc' dir='ltr'>ἐμπεπηγότας,</span> <span class='ocrx_word' id='word_1_31' title='bbox 1152 623 1443 691; x_wconf 79' lang='grc' dir='ltr'><strong>γεγονότας</strong></span> <span class='ocrx_word' id='word_1_32' title='bbox 1459 641 1519 677; x_wconf 90' lang='grc' dir='ltr'><strong>τε</strong></span> <span class='ocrx_word' id='word_1_33' title='bbox 1548 624 1649 695; x_wconf 71' lang='grc' dir='ltr'>ἤδη</span> <span class='ocrx_word' id='word_1_34' title='bbox 1671 627 1769 696; x_wconf 86' lang='grc' dir='ltr'><strong>τῆς</strong></span> <span class='ocrx_word' id='word_1_35' title='bbox 1796 627 1921 679; x_wconf 80' lang='grc' dir='ltr'><strong>ἑαυ-</strong></span> 
     </span>
    </p>
   </div>
   <div class='ocr_carea' id='block_1_7' title="bbox 329 710 1918 789">
    <p class='ocr_par' dir='ltr' id='par_1_7' title="bbox 329 710 1918 789">
     <span class='ocr_line' id='line_1_7' title="bbox 329 710 1918 789; baseline 0.004 -22"><span class='ocrx_word' id='word_1_36' title='bbox 329 713 423 767; x_wconf 85' lang='grc' dir='ltr'><strong>τοῦ</strong></span> <span class='ocrx_word' id='word_1_37' title='bbox 478 712 697 783; x_wconf 84' lang='grc' dir='ltr'>φύσεως</span> <span class='ocrx_word' id='word_1_38' title='bbox 746 710 1068 778; x_wconf 74' lang='grc' dir='ltr'>κοινωνοὺς,</span> <span class='ocrx_word' id='word_1_39' title='bbox 1112 713 1200 768; x_wconf 81' lang='grc' dir='ltr'><strong>διὰ</strong></span> <span class='ocrx_word' id='word_1_40' title='bbox 1242 715 1334 770; x_wconf 90' lang='grc' dir='ltr'><strong>τοῦ</strong></span> <span class='ocrx_word' id='word_1_41' title='bbox 1385 715 1708 789; x_wconf 85' lang='grc' dir='ltr'>μεταλαχεῖν</span> <span class='ocrx_word' id='word_1_42' title='bbox 1763 720 1918 789; x_wconf 85' lang='grc' dir='ltr'>ἁγίου</span> 
     </span>
    </p>
   </div>
   <div class='ocr_carea' id='block_1_8' title="bbox 334 803 1920 882">
    <p class='ocr_par' dir='ltr' id='par_1_8' title="bbox 334 803 1920 882">
     <span class='ocr_line' id='line_1_8' title="bbox 334 803 1920 882; baseline 0.005 -25"><span class='ocrx_word' id='word_1_43' title='bbox 334 803 651 875; x_wconf 77' lang='grc' dir='ltr'>Πνεῦματος</span> <span class='ocrx_word' id='word_1_44' title='bbox 674 819 688 833; x_wconf 95' lang='grc'><strong>·</strong></span> <span class='ocrx_word' id='word_1_45' title='bbox 714 803 777 857; x_wconf 85' lang='grc' dir='ltr'><strong>τὺ</strong></span> <span class='ocrx_word' id='word_1_46' title='bbox 797 804 906 875; x_wconf 81' lang='grc' dir='ltr'>γὰρ</span> <span class='ocrx_word' id='word_1_47' title='bbox 930 805 1236 858; x_wconf 71' lang='grc' dir='ltr'>ωνενῶσαν</span> <span class='ocrx_word' id='word_1_48' title='bbox 1263 808 1413 878; x_wconf 78' lang='grc' dir='ltr'>ἡμᾶς</span> <span class='ocrx_word' id='word_1_49' title='bbox 1440 809 1517 880; x_wconf 81' lang='grc' dir='ltr'>τῷ</span> <span class='ocrx_word' id='word_1_50' title='bbox 1551 809 1765 881; x_wconf 88' lang='grc' dir='ltr'>Σωτῆρι</span> <span class='ocrx_word' id='word_1_51' title='bbox 1784 812 1920 882; x_wconf 83' lang='grc' dir='ltr'>Χρι-</span> 
     </span>
    </p>
   </div>
   <div class='ocr_carea' id='block_1_9' title="bbox 333 896 1919 975">
    <p class='ocr_par' dir='ltr' id='par_1_9' title="bbox 333 896 1919 975">
     <span class='ocr_line' id='line_1_9' title="bbox 333 896 1919 975; baseline 0.006 -27"><span class='ocrx_word' id='word_1_52' title='bbox 333 896 442 966; x_wconf 83' lang='grc' dir='ltr'>στῷ</span> <span class='ocrx_word' id='word_1_53' title='bbox 475 898 536 949; x_wconf 82' lang='grc' dir='ltr'>τὸ</span> <span class='ocrx_word' id='word_1_54' title='bbox 568 898 724 966; x_wconf 84' lang='grc' dir='ltr'>ἆγιον</span> <span class='ocrx_word' id='word_1_55' title='bbox 758 896 985 967; x_wconf 79' lang='grc' dir='ltr'><strong>Πνεῦμα</strong></span> <span class='ocrx_word' id='word_1_56' title='bbox 1014 898 1179 951; x_wconf 82' lang='grc' dir='ltr'>αὑτοῦ</span> <span class='ocrx_word' id='word_1_57' title='bbox 1210 900 1376 953; x_wconf 71' lang='grc' dir='ltr'>ἐστιν.</span> <span class='ocrx_word' id='word_1_58' title='bbox 1424 901 1791 975; x_wconf 87' lang='grc' dir='ltr'>Προαιρετικὴ</span> <span class='ocrx_word' id='word_1_59' title='bbox 1821 904 1919 972; x_wconf 81' lang='grc' dir='ltr'>μὲν</span> 
     </span>
    </p>
   </div>
   <div class='ocr_carea' id='block_1_10' title="bbox 329 988 1918 1063">
    <p class='ocr_par' dir='ltr' id='par_1_10' title="bbox 329 988 1918 1063">
     <span class='ocr_line' id='line_1_10' title="bbox 329 988 1918 1063; baseline 0.004 -22"><span class='ocrx_word' id='word_1_60' title='bbox 329 988 437 1057; x_wconf 74' lang='grc' dir='ltr'>γὰρ</span> <span class='ocrx_word' id='word_1_61' title='bbox 464 990 497 1058; x_wconf 78' lang='grc' dir='ltr'><strong>ἡ</strong></span> <span class='ocrx_word' id='word_1_62' title='bbox 530 989 669 1058; x_wconf 78' lang='grc' dir='ltr'>πρὸς</span> <span class='ocrx_word' id='word_1_63' title='bbox 704 988 805 1059; x_wconf 82' lang='grc' dir='ltr'>τὴν</span> <span class='ocrx_word' id='word_1_64' title='bbox 840 988 1084 1059; x_wconf 81' lang='grc' dir='ltr'><strong>ἄμπελον</strong></span> <span class='ocrx_word' id='word_1_65' title='bbox 1124 989 1377 1059; x_wconf 81' lang='grc' dir='ltr'>κόλλησις</span> <span class='ocrx_word' id='word_1_66' title='bbox 1423 991 1529 1045; x_wconf 80' lang='grc' dir='ltr'>τῶν</span> <span class='ocrx_word' id='word_1_67' title='bbox 1586 993 1918 1063; x_wconf 79' lang='grc' dir='ltr'><strong>προσιόντων</strong></span> 
     </span>
    </p>
   </div>
   <div class='ocr_carea' id='block_1_11' title="bbox 330 1080 1919 1156">
    <p class='ocr_par' dir='ltr' id='par_1_11' title="bbox 330 1080 1919 1156">
     <span class='ocr_line' id='line_1_11' title="bbox 330 1080 1919 1156; baseline 0.004 -24"><span class='ocrx_word' id='word_1_68' title='bbox 330 1081 496 1151; x_wconf 80' lang='grc' dir='ltr'>αὐτῇ,</span> <span class='ocrx_word' id='word_1_69' title='bbox 538 1080 764 1151; x_wconf 80' lang='grc' dir='ltr'>σχετικὴ</span> <span class='ocrx_word' id='word_1_70' title='bbox 790 1080 848 1133; x_wconf 81' lang='grc' dir='ltr'>δὲ</span> <span class='ocrx_word' id='word_1_71' title='bbox 869 1082 1000 1152; x_wconf 78' lang='grc' dir='ltr'>παρ’</span> <span class='ocrx_word' id='word_1_72' title='bbox 1033 1080 1205 1152; x_wconf 80' lang='grc' dir='ltr'>αὐτῆς</span> <span class='ocrx_word' id='word_1_73' title='bbox 1243 1083 1276 1152; x_wconf 84' lang='grc' dir='ltr'><strong>ἡ</strong></span> <span class='ocrx_word' id='word_1_74' title='bbox 1307 1083 1444 1154; x_wconf 73' lang='grc' dir='ltr'>πρὸς</span> <span class='ocrx_word' id='word_1_75' title='bbox 1483 1083 1651 1153; x_wconf 76' lang='grc' dir='ltr'>ἡμᾶς.</span> <span class='ocrx_word' id='word_1_76' title='bbox 1687 1084 1782 1138; x_wconf 83' lang='grc' dir='ltr'>Ἐκ</span> <span class='ocrx_word' id='word_1_77' title='bbox 1819 1085 1919 1156; x_wconf 79' lang='grc' dir='ltr'>μὲν</span> 
     </span>
    </p>
   </div>
   <div class='ocr_carea' id='block_1_12' title="bbox 269 1158 1919 1260">
    <p class='ocr_par' dir='ltr' id='par_1_12' title="bbox 269 1158 1919 1260">
     <span class='ocr_line' id='line_1_12' title="bbox 269 1158 1919 1260; baseline 0.004 -36"><span class='ocrx_word' id='word_1_78' title='bbox 269 1158 277 1165; x_wconf 63' lang='grc'><strong>’</strong></span> <span class='ocrx_word' id='word_1_79' title='bbox 329 1172 440 1243; x_wconf 77' lang='grc' dir='ltr'><strong>γὰρ</strong></span> <span class='ocrx_word' id='word_1_80' title='bbox 467 1172 843 1243; x_wconf 83' lang='grc' dir='ltr'>προαιρέσεως</span> <span class='ocrx_word' id='word_1_81' title='bbox 877 1172 1089 1244; x_wconf 81' lang='grc' dir='ltr'><strong>ἀγαθῆς</strong></span> <span class='ocrx_word' id='word_1_82' title='bbox 1116 1172 1601 1260; x_wconf 78' lang='grc' dir='ltr'>προσεληλύθαμεν</span> <span class='ocrx_word' id='word_1_83' title='bbox 1622 1176 1786 1247; x_wconf 82' lang='grc' dir='ltr'><strong>ἡμεῖς</strong></span> <span class='ocrx_word' id='word_1_84' title='bbox 1829 1176 1919 1231; x_wconf 83' lang='grc' dir='ltr'><strong>διὰ</strong></span> 
     </span>
    </p>
   </div>
   <div class='ocr_carea' id='block_1_13' title="bbox 326 1255 1918 1341">
    <p class='ocr_par' dir='ltr' id='par_1_13' title="bbox 326 1255 1918 1341">
     <span class='ocr_line' id='line_1_13' title="bbox 326 1255 1918 1341; baseline 0.005 -24"><span class='ocrx_word' id='word_1_85' title='bbox 326 1266 429 1335; x_wconf 79' lang='grc' dir='ltr'><strong>τῆς</strong></span> <span class='ocrx_word' id='word_1_86' title='bbox 455 1267 714 1332; x_wconf 85' lang='grc' dir='ltr'>πίστεως,</span> <span class='ocrx_word' id='word_1_87' title='bbox 748 1267 905 1336; x_wconf 86' lang='grc' dir='ltr'>γένος</span> <span class='ocrx_word' id='word_1_88' title='bbox 932 1267 990 1320; x_wconf 83' lang='grc' dir='ltr'>δὲ</span> <span class='ocrx_word' id='word_1_89' title='bbox 1032 1255 1540 1339; x_wconf 28' lang='grc' dir='ltr'>γεγόναμνἾαὺτοῦ</span> <span class='ocrx_word' id='word_1_90' title='bbox 1566 1269 1626 1323; x_wconf 85' lang='grc' dir='ltr'><strong>τδ</strong></span> <span class='ocrx_word' id='word_1_91' title='bbox 1655 1272 1756 1341; x_wconf 90' lang='grc' dir='ltr'><strong>τῆς</strong></span> <span class='ocrx_word' id='word_1_92' title='bbox 1802 1273 1918 1325; x_wconf 81' lang='lat' dir='ltr'><strong>uio-</strong></span> 
     </span>
    </p>
   </div>
   <div class='ocr_carea' id='block_1_14' title="bbox 327 1355 1915 1433">
    <p class='ocr_par' dir='ltr' id='par_1_14' title="bbox 327 1355 1915 1433">
     <span class='ocr_line' id='line_1_14' title="bbox 327 1355 1915 1433; baseline 0.004 -24"><span class='ocrx_word' id='word_1_93' title='bbox 327 1355 515 1420; x_wconf 88' lang='grc' dir='ltr'>θεσίας</span> <span class='ocrx_word' id='word_1_94' title='bbox 544 1356 762 1428; x_wconf 79' lang='grc' dir='ltr'>ἀξίωμα</span> <span class='ocrx_word' id='word_1_95' title='bbox 792 1358 921 1428; x_wconf 84' lang='grc' dir='ltr'>παρ’</span> <span class='ocrx_word' id='word_1_96' title='bbox 960 1358 1127 1412; x_wconf 81' lang='grc' dir='ltr'>αὐτοῦ</span> <span class='ocrx_word' id='word_1_97' title='bbox 1155 1359 1534 1430; x_wconf 78' lang='grc' dir='ltr'><strong>κομισάμενοι.</strong></span> <span class='ocrx_word' id='word_1_98' title='bbox 1569 1361 1679 1416; x_wconf 74' lang='grc' dir='ltr'><strong>Καὶ</strong></span> <span class='ocrx_word' id='word_1_99' title='bbox 1713 1361 1823 1433; x_wconf 71' lang='grc' dir='ltr'><strong>γὰρ</strong></span> <span class='ocrx_word' id='word_1_100' title='bbox 1851 1361 1915 1433; x_wconf 83' lang='grc' dir='ltr'>δὴ</span> 
     </span>
    </p>
   </div>
   <div class='ocr_carea' id='block_1_15' title="bbox 328 1444 1913 1523">
    <p class='ocr_par' dir='ltr' id='par_1_15' title="bbox 328 1444 1913 1523">
     <span class='ocr_line' id='line_1_15' title="bbox 328 1444 1913 1523; baseline 0.003 -24"><span class='ocrx_word' id='word_1_101' title='bbox 328 1449 473 1501; x_wconf 83' lang='grc' dir='ltr'><strong>κατά</strong></span> <span class='ocrx_word' id='word_1_102' title='bbox 505 1448 594 1500; x_wconf 78' lang='grc' dir='ltr'><strong>τὸν</strong></span> <span class='ocrx_word' id='word_1_103' title='bbox 621 1448 777 1515; x_wconf 73' lang='grc' dir='ltr'>ἅγιον</span> <span class='ocrx_word' id='word_1_104' title='bbox 801 1448 1032 1512; x_wconf 81' lang='grc' dir='ltr'>Παῦλον,</span> <span class='ocrx_word' id='word_1_105' title='bbox 1065 1467 1086 1500; x_wconf 85' lang='grc'><strong><em>‹</em></strong></span> <span class='ocrx_word' id='word_1_106' title='bbox 1134 1448 1192 1501; x_wconf 83' lang='grc' dir='ltr'>Ὀ</span> <span class='ocrx_word' id='word_1_107' title='bbox 1231 1444 1569 1520; x_wconf 82' lang='grc' dir='ltr'>κολλώμενος</span> <span class='ocrx_word' id='word_1_108' title='bbox 1594 1450 1671 1521; x_wconf 85' lang='grc' dir='ltr'>τῷ</span> <span class='ocrx_word' id='word_1_109' title='bbox 1703 1450 1913 1523; x_wconf 84' lang='grc' dir='ltr'>Κυρίῳ,</span> 
     </span>
    </p>
   </div>
   <div class='ocr_carea' id='block_1_16' title="bbox 329 1531 1917 1609">
    <p class='ocr_par' dir='ltr' id='par_1_16' title="bbox 329 1531 1917 1609">
     <span class='ocr_line' id='line_1_16' title="bbox 329 1531 1917 1609; baseline 0.003 -21"><span class='ocrx_word' id='word_1_110' title='bbox 329 1536 390 1589; x_wconf 82' lang='grc' dir='ltr'>ἓν</span> <span class='ocrx_word' id='word_1_111' title='bbox 419 1535 638 1606; x_wconf 85' lang='grc' dir='ltr'>πνεῦμά</span> <span class='ocrx_word' id='word_1_112' title='bbox 692 1538 861 1590; x_wconf 76' lang='grc' dir='ltr'>ἐστιν.</span> <span class='ocrx_word' id='word_1_113' title='bbox 901 1556 921 1589; x_wconf 73' lang='grc' dir='ltr'><strong>ι</strong></span> <span class='ocrx_word' id='word_1_114' title='bbox 959 1536 1169 1608; x_wconf 81' lang='grc' dir='ltr'>Ὥσπερ</span> <span class='ocrx_word' id='word_1_115' title='bbox 1209 1531 1304 1591; x_wconf 84' lang='grc' dir='ltr'><strong>οῦν</strong></span> <span class='ocrx_word' id='word_1_116' title='bbox 1353 1538 1412 1589; x_wconf 78' lang='grc' dir='ltr'>ὲν</span> <span class='ocrx_word' id='word_1_117' title='bbox 1464 1533 1671 1609; x_wconf 79' lang='grc' dir='ltr'>ἑτέροις</span> <span class='ocrx_word' id='word_1_118' title='bbox 1711 1540 1917 1609; x_wconf 74' lang='grc' dir='ltr'>κρηπὶς</span> 
     </span>
    </p>
   </div>
   <div class='ocr_carea' id='block_1_17' title="bbox 328 1622 1917 1701">
    <p class='ocr_par' dir='ltr' id='par_1_17' title="bbox 328 1622 1917 1701">
     <span class='ocr_line' id='line_1_17' title="bbox 328 1622 1917 1701; baseline 0.003 -21"><span class='ocrx_word' id='word_1_119' title='bbox 328 1628 426 1681; x_wconf 82' lang='grc' dir='ltr'>καὶ</span> <span class='ocrx_word' id='word_1_120' title='bbox 481 1627 729 1697; x_wconf 81' lang='grc' dir='ltr'>θεμέλιος</span> <span class='ocrx_word' id='word_1_121' title='bbox 767 1626 856 1681; x_wconf 87' lang='grc' dir='ltr'><strong>διὰ</strong></span> <span class='ocrx_word' id='word_1_122' title='bbox 905 1627 1003 1698; x_wconf 89' lang='grc' dir='ltr'><strong>τῆς</strong></span> <span class='ocrx_word' id='word_1_123' title='bbox 1044 1622 1139 1681; x_wconf 87' lang='grc' dir='ltr'><strong>τοῦ</strong></span> <span class='ocrx_word' id='word_1_124' title='bbox 1174 1629 1456 1700; x_wconf 80' lang='grc' dir='ltr'>προφήτου</span> <span class='ocrx_word' id='word_1_125' title='bbox 1497 1630 1917 1701; x_wconf 84' lang='grc' dir='ltr'><strong>κατωνόμασται</strong></span> 
     </span>
    </p>
   </div>
   <div class='ocr_carea' id='block_1_18' title="bbox 328 1716 1918 1791">
    <p class='ocr_par' dir='ltr' id='par_1_18' title="bbox 328 1716 1918 1791">
     <span class='ocr_line' id='line_1_18' title="bbox 328 1716 1918 1791; baseline 0.005 -21"><span class='ocrx_word' id='word_1_126' title='bbox 328 1718 514 1788; x_wconf 84' lang='grc' dir='ltr'>φωνῆς</span> <span class='ocrx_word' id='word_1_127' title='bbox 551 1716 657 1788; x_wconf 73' lang='grc' dir='ltr'><strong>(ἐπ’</strong></span> <span class='ocrx_word' id='word_1_128' title='bbox 711 1717 860 1789; x_wconf 82' lang='grc' dir='ltr'>αὐτῷ</span> <span class='ocrx_word' id='word_1_129' title='bbox 910 1719 1019 1790; x_wconf 81' lang='grc' dir='ltr'><strong>γὰρ</strong></span> <span class='ocrx_word' id='word_1_130' title='bbox 1058 1719 1584 1791; x_wconf 80' lang='grc' dir='ltr'>ὲποικοδομούμεθα,</span> <span class='ocrx_word' id='word_1_131' title='bbox 1635 1722 1772 1776; x_wconf 87' lang='grc' dir='ltr'>λίθοι</span> <span class='ocrx_word' id='word_1_132' title='bbox 1821 1723 1918 1778; x_wconf 78' lang='grc' dir='ltr'>καὶ</span> 
     </span>
    </p>
   </div>
   <div class='ocr_carea' id='block_1_19' title="bbox 326 1809 1916 1887">
    <p class='ocr_par' dir='ltr' id='par_1_19' title="bbox 326 1809 1916 1887">
     <span class='ocr_line' id='line_1_19' title="bbox 326 1809 1916 1887; baseline 0.004 -26"><span class='ocrx_word' id='word_1_133' title='bbox 326 1811 492 1887; x_wconf 78' lang='grc' dir='ltr'>ἡμεῖς</span> <span class='ocrx_word' id='word_1_134' title='bbox 523 1810 984 1881; x_wconf 78' lang='grc' dir='ltr'>χρηματίσαντες,</span> <span class='ocrx_word' id='word_1_135' title='bbox 1020 1809 1223 1875; x_wconf 79' lang='grc' dir='ltr'>ζῶντες</span> <span class='ocrx_word' id='word_1_136' title='bbox 1256 1812 1351 1864; x_wconf 79' lang='lat' dir='ltr'><strong>xai.</strong></span> <span class='ocrx_word' id='word_1_137' title='bbox 1397 1813 1780 1879; x_wconf 69' lang='grc' dir='ltr'>πνευματικοὶ,</span> <span class='ocrx_word' id='word_1_138' title='bbox 1835 1815 1916 1877; x_wconf 88' lang='grc' dir='ltr'><strong>είς</strong></span> 
     </span>
    </p>
   </div>
   <div class='ocr_carea' id='block_1_20' title="bbox 2026 622 3597 707">
    <p class='ocr_par' dir='ltr' id='par_1_20' title="bbox 2026 622 3597 707">
     <span class='ocr_line' id='line_1_20' title="bbox 2026 622 3597 707; baseline 0.009 -30"><span class='ocrx_word' id='word_1_139' title='bbox 2026 632 2163 680; x_wconf 71' lang='lat' dir='ltr'><strong>turte</strong></span> <span class='ocrx_word' id='word_1_140' title='bbox 2193 622 2367 697; x_wconf 83' lang='lat' dir='ltr'><strong>ipsius</strong></span> <span class='ocrx_word' id='word_1_141' title='bbox 2397 640 2685 686; x_wconf 87' lang='lat' dir='ltr'><strong>consortes</strong></span> <span class='ocrx_word' id='word_1_142' title='bbox 2716 632 2784 697; x_wconf 76' lang='grc' dir='ltr'><strong>τ’,</strong></span> <span class='ocrx_word' id='word_1_143' title='bbox 2815 632 3145 704; x_wconf 80' lang='lat' dir='ltr'><strong>participato</strong></span> <span class='ocrx_word' id='word_1_144' title='bbox 3178 650 3375 707; x_wconf 87' lang='lat' dir='ltr'><strong>nempe</strong></span> <span class='ocrx_word' id='word_1_145' title='bbox 3404 649 3597 695; x_wconf 86' lang='lat' dir='ltr'><strong>sancto</strong></span> 
     </span>
    </p>
   </div>
   <div class='ocr_carea' id='block_1_21' title="bbox 2026 713 3673 793">
    <p class='ocr_par' dir='ltr' id='par_1_21' title="bbox 2026 713 3673 793">
     <span class='ocr_line' id='line_1_21' title="bbox 2026 713 3673 793; baseline 0.01 -27"><span class='ocrx_word' id='word_1_146' title='bbox 2026 713 2234 783; x_wconf 86' lang='lat' dir='ltr'><strong>Spiritu</strong></span> <span class='ocrx_word' id='word_1_147' title='bbox 2278 721 2525 787; x_wconf 90' lang='lat' dir='ltr'><strong>(sanctus</strong></span> <span class='ocrx_word' id='word_1_148' title='bbox 2561 720 2708 775; x_wconf 91' lang='lat' dir='ltr'><strong>enim</strong></span> <span class='ocrx_word' id='word_1_149' title='bbox 2734 719 2943 777; x_wconf 92' lang='lat' dir='ltr'><strong>Christi</strong></span> <span class='ocrx_word' id='word_1_150' title='bbox 2983 721 3226 793; x_wconf 85' lang='lat' dir='ltr'><strong>Spiritus</strong></span> <span class='ocrx_word' id='word_1_151' title='bbox 3257 740 3359 781; x_wconf 90' lang='lat' dir='ltr'><strong>nos</strong></span> <span class='ocrx_word' id='word_1_152' title='bbox 3395 727 3444 781; x_wconf 91' lang='lat' dir='ltr'><strong>ei</strong></span> <span class='ocrx_word' id='word_1_153' title='bbox 3468 742 3598 782; x_wconf 88' lang='lat' dir='ltr'><strong>con-</strong></span> <span class='ocrx_word' id='word_1_154' title='bbox 3670 746 3673 747; x_wconf 57' lang='lat'><strong><em>&#39;</em></strong></span> 
     </span>
    </p>
   </div>
   <div class='ocr_carea' id='block_1_22' title="bbox 2017 807 3598 893">
    <p class='ocr_par' dir='ltr' id='par_1_22' title="bbox 2017 807 3598 893">
     <span class='ocr_line' id='line_1_22' title="bbox 2017 807 3598 893; baseline 0.011 -33"><span class='ocrx_word' id='word_1_155' title='bbox 2017 807 2246 879; x_wconf 79' lang='lat' dir='ltr'><strong>jungit),</strong></span> <span class='ocrx_word' id='word_1_156' title='bbox 2276 811 2376 867; x_wconf 92' lang='lat' dir='ltr'><strong>hos</strong></span> <span class='ocrx_word' id='word_1_157' title='bbox 2406 813 2723 882; x_wconf 88' lang='lat' dir='ltr'><strong>palmitibus</strong></span> <span class='ocrx_word' id='word_1_158' title='bbox 2762 827 3069 887; x_wconf 83' lang='lat' dir='ltr'><strong>comparat.</strong></span> <span class='ocrx_word' id='word_1_159' title='bbox 3100 816 3302 873; x_wconf 88' lang='lat' dir='ltr'><strong>Eorum</strong></span> <span class='ocrx_word' id='word_1_160' title='bbox 3334 820 3480 876; x_wconf 89' lang='lat' dir='ltr'><strong>enim</strong></span> <span class='ocrx_word' id='word_1_161' title='bbox 3504 825 3598 893; x_wconf 86' lang='lat' dir='ltr'><strong>qui</strong></span> 
     </span>
    </p>
   </div>
   <div class='ocr_carea' id='block_1_23' title="bbox 2021 899 3601 982">
    <p class='ocr_par' dir='ltr' id='par_1_23' title="bbox 2021 899 3601 982">
     <span class='ocr_line' id='line_1_23' title="bbox 2021 899 3601 982; baseline 0.009 -29"><span class='ocrx_word' id='word_1_162' title='bbox 2021 899 2089 955; x_wconf 89' lang='lat' dir='ltr'><strong>ad</strong></span> <span class='ocrx_word' id='word_1_163' title='bbox 2126 902 2289 956; x_wconf 85' lang='lat' dir='ltr'><strong>vitem</strong></span> <span class='ocrx_word' id='word_1_164' title='bbox 2342 905 2616 960; x_wconf 88' lang='lat' dir='ltr'><strong>accedunt</strong></span> <span class='ocrx_word' id='word_1_165' title='bbox 2664 907 2909 964; x_wconf 67' lang='lat' dir='ltr'><strong>adhaasio</strong></span> <span class='ocrx_word' id='word_1_166' title='bbox 2957 909 3258 967; x_wconf 76' lang='lat' dir='ltr'><strong>voluntatis</strong></span> <span class='ocrx_word' id='word_1_167' title='bbox 3301 918 3387 967; x_wconf 89' lang='lat' dir='ltr'><strong>est</strong></span> <span class='ocrx_word' id='word_1_168' title='bbox 3434 920 3601 982; x_wconf 88' lang='lat' dir='ltr'><strong>atque</strong></span> 
     </span>
    </p>
   </div>
   <div class='ocr_carea' id='block_1_24' title="bbox 2021 994 3601 1070">
    <p class='ocr_par' dir='ltr' id='par_1_24' title="bbox 2021 994 3601 1070">
     <span class='ocr_line' id='line_1_24' title="bbox 2021 994 3601 1070; baseline 0.01 -27"><span class='ocrx_word' id='word_1_169' title='bbox 2021 994 2287 1062; x_wconf 88' lang='lat' dir='ltr'><strong>pr0positi</strong></span> <span class='ocrx_word' id='word_1_170' title='bbox 2317 1010 2330 1049; x_wconf 72' lang='grc' dir='ltr'><strong>ι</strong></span> <span class='ocrx_word' id='word_1_171' title='bbox 2384 995 2507 1065; x_wconf 84' lang='lat' dir='ltr'><strong>ejus</strong></span> <span class='ocrx_word' id='word_1_172' title='bbox 2543 1005 2725 1053; x_wconf 87' lang='lat' dir='ltr'><strong>autem</strong></span> <span class='ocrx_word' id='word_1_173' title='bbox 2772 1000 3092 1070; x_wconf 88' lang='lat' dir='ltr'><strong>conjunctio</strong></span> <span class='ocrx_word' id='word_1_174' title='bbox 3125 1002 3436 1068; x_wconf 90' lang='lat' dir='ltr'><strong>nobiscum,</strong></span> <span class='ocrx_word' id='word_1_175' title='bbox 3473 1003 3601 1059; x_wconf 79' lang='lat' dir='ltr'><strong>aﬁ‘e-</strong></span> 
     </span>
    </p>
   </div>
   <div class='ocr_carea' id='block_1_25' title="bbox 2021 1086 3599 1164">
    <p class='ocr_par' dir='ltr' id='par_1_25' title="bbox 2021 1086 3599 1164">
     <span class='ocr_line' id='line_1_25' title="bbox 2021 1086 3599 1164; baseline 0.009 -28"><span class='ocrx_word' id='word_1_176' title='bbox 2021 1091 2144 1137; x_wconf 73' lang='lat' dir='ltr'><strong>ctus</strong></span> <span class='ocrx_word' id='word_1_177' title='bbox 2178 1093 2232 1139; x_wconf 92' lang='lat' dir='ltr'><strong>et</strong></span> <span class='ocrx_word' id='word_1_178' title='bbox 2266 1086 2631 1145; x_wconf 89' lang='lat' dir='ltr'><strong>habitudinis.</strong></span> <span class='ocrx_word' id='word_1_179' title='bbox 2664 1089 2741 1143; x_wconf 82' lang='lat' dir='ltr'><strong>Ex</strong></span> <span class='ocrx_word' id='word_1_180' title='bbox 2775 1091 2920 1146; x_wconf 89' lang='lat' dir='ltr'><strong>bono</strong></span> <span class='ocrx_word' id='word_1_181' title='bbox 2950 1092 3156 1163; x_wconf 87' lang='lat' dir='ltr'><strong>quippe</strong></span> <span class='ocrx_word' id='word_1_182' title='bbox 3184 1096 3467 1164; x_wconf 77' lang='lat' dir='ltr'><strong>proposito</strong></span> <span class='ocrx_word' id='word_1_183' title='bbox 3498 1111 3599 1150; x_wconf 88' lang='lat' dir='ltr'><strong>nos</strong></span> 
     </span>
    </p>
   </div>
   <div class='ocr_carea' id='block_1_26' title="bbox 2018 1173 3597 1254">
    <p class='ocr_par' dir='ltr' id='par_1_26' title="bbox 2018 1173 3597 1254">
     <span class='ocr_line' id='line_1_26' title="bbox 2018 1173 3597 1254; baseline 0.007 -27"><span class='ocrx_word' id='word_1_184' title='bbox 2018 1173 2087 1228; x_wconf 89' lang='lat' dir='ltr'><strong>ad</strong></span> <span class='ocrx_word' id='word_1_185' title='bbox 2121 1173 2404 1231; x_wconf 84' lang='lat' dir='ltr'><strong>Christum</strong></span> <span class='ocrx_word' id='word_1_186' title='bbox 2459 1179 2798 1236; x_wconf 81' lang='lat' dir='ltr'><strong>accessimus</strong></span> <span class='ocrx_word' id='word_1_187' title='bbox 2842 1197 2938 1253; x_wconf 90' lang='lat' dir='ltr'><strong>per</strong></span> <span class='ocrx_word' id='word_1_188' title='bbox 2974 1181 3137 1238; x_wconf 92' lang='lat' dir='ltr'><strong>ﬁdem</strong></span> <span class='ocrx_word' id='word_1_189' title='bbox 3165 1201 3178 1237; x_wconf 89' lang='lat'><strong>:</strong></span> <span class='ocrx_word' id='word_1_190' title='bbox 3209 1200 3385 1254; x_wconf 83' lang='lat' dir='ltr'><strong>genus</strong></span> <span class='ocrx_word' id='word_1_191' title='bbox 3415 1194 3597 1241; x_wconf 88' lang='lat' dir='ltr'><strong>autem</strong></span> 
     </span>
    </p>
   </div>
   <div class='ocr_carea' id='block_1_27' title="bbox 2019 1263 3599 1345">
    <p class='ocr_par' dir='ltr' id='par_1_27' title="bbox 2019 1263 3599 1345">
     <span class='ocr_line' id='line_1_27' title="bbox 2019 1263 3599 1345; baseline 0.009 -29"><span class='ocrx_word' id='word_1_192' title='bbox 2019 1263 2191 1332; x_wconf 84' lang='lat' dir='ltr'><strong>ipsius</strong></span> <span class='ocrx_word' id='word_1_193' title='bbox 2242 1267 2369 1322; x_wconf 82' lang='lat' dir='ltr'><strong>facti</strong></span> <span class='ocrx_word' id='word_1_194' title='bbox 2419 1284 2635 1336; x_wconf 90' lang='lat' dir='ltr'><strong>sumus,</strong></span> <span class='ocrx_word' id='word_1_195' title='bbox 2683 1270 2994 1341; x_wconf 87' lang='lat' dir='ltr'><strong>adoptionis</strong></span> <span class='ocrx_word' id='word_1_196' title='bbox 3047 1273 3371 1345; x_wconf 87' lang='lat' dir='ltr'><strong>dignitatem</strong></span> <span class='ocrx_word' id='word_1_197' title='bbox 3412 1276 3485 1330; x_wconf 88' lang='lat' dir='ltr'><strong>ab</strong></span> <span class='ocrx_word' id='word_1_198' title='bbox 3532 1292 3599 1331; x_wconf 88' lang='lat' dir='ltr'><strong>eo</strong></span> 
     </span>
    </p>
   </div>
   <div class='ocr_carea' id='block_1_28' title="bbox 2019 1358 3596 1436">
    <p class='ocr_par' dir='ltr' id='par_1_28' title="bbox 2019 1358 3596 1436">
     <span class='ocr_line' id='line_1_28' title="bbox 2019 1358 3596 1436; baseline 0.009 -26"><span class='ocrx_word' id='word_1_199' title='bbox 2019 1361 2330 1415; x_wconf 88' lang='lat' dir='ltr'><strong>consecuti.</strong></span> <span class='ocrx_word' id='word_1_200' title='bbox 2369 1358 2608 1429; x_wconf 86' lang='lat' dir='ltr'><strong>Etenim,</strong></span> <span class='ocrx_word' id='word_1_201' title='bbox 2643 1363 2801 1434; x_wconf 81' lang='lat' dir='ltr'><strong>juxta</strong></span> <span class='ocrx_word' id='word_1_202' title='bbox 2831 1373 3084 1421; x_wconf 88' lang='lat' dir='ltr'><strong>sanctum</strong></span> <span class='ocrx_word' id='word_1_203' title='bbox 3136 1366 3392 1432; x_wconf 88' lang='lat' dir='ltr'><strong>Paulum,</strong></span> <span class='ocrx_word' id='word_1_204' title='bbox 3439 1386 3458 1420; x_wconf 74' lang='grc' dir='ltr'><strong>ι</strong></span> <span class='ocrx_word' id='word_1_205' title='bbox 3491 1367 3596 1436; x_wconf 88' lang='lat' dir='ltr'><strong>Qui</strong></span> 
     </span>
    </p>
   </div>
   <div class='ocr_carea' id='block_1_29' title="bbox 2020 1448 3603 1532">
    <p class='ocr_par' dir='ltr' id='par_1_29' title="bbox 2020 1448 3603 1532">
     <span class='ocr_line' id='line_1_29' title="bbox 2020 1448 3603 1532; baseline 0.009 -30"><span class='ocrx_word' id='word_1_206' title='bbox 2020 1448 2263 1506; x_wconf 62' lang='lat' dir='ltr'><strong>adltmret</strong></span> <span class='ocrx_word' id='word_1_207' title='bbox 2293 1451 2543 1519; x_wconf 88' lang='lat' dir='ltr'><strong>Domino,</strong></span> <span class='ocrx_word' id='word_1_208' title='bbox 2572 1471 2719 1512; x_wconf 91' lang='lat' dir='ltr'><strong>unus</strong></span> <span class='ocrx_word' id='word_1_209' title='bbox 2752 1457 2983 1527; x_wconf 81' lang='lat' dir='ltr'><strong>spiritus</strong></span> <span class='ocrx_word' id='word_1_210' title='bbox 3017 1467 3103 1514; x_wconf 90' lang='lat' dir='ltr'><strong>est</strong></span> <span class='ocrx_word' id='word_1_211' title='bbox 3126 1460 3193 1514; x_wconf 61' lang='lat'><strong>3°.</strong></span> <span class='ocrx_word' id='word_1_212' title='bbox 3236 1480 3254 1512; x_wconf 74' lang='grc' dir='ltr'><strong>ι</strong></span> <span class='ocrx_word' id='word_1_213' title='bbox 3285 1460 3442 1529; x_wconf 83' lang='lat' dir='ltr'><strong>Sicut</strong></span> <span class='ocrx_word' id='word_1_214' title='bbox 3467 1460 3603 1532; x_wconf 86' lang='lat' dir='ltr'><strong>ergo</strong></span> 
     </span>
    </p>
   </div>
   <div class='ocr_carea' id='block_1_30' title="bbox 2019 1542 3596 1618">
    <p class='ocr_par' dir='ltr' id='par_1_30' title="bbox 2019 1542 3596 1618">
     <span class='ocr_line' id='line_1_30' title="bbox 2019 1542 3596 1618; baseline 0.008 -24"><span class='ocrx_word' id='word_1_215' title='bbox 2019 1542 2149 1597; x_wconf 87' lang='lat' dir='ltr'><strong>alibi</strong></span> <span class='ocrx_word' id='word_1_216' title='bbox 2196 1557 2296 1613; x_wconf 87' lang='lat' dir='ltr'><strong>per</strong></span> <span class='ocrx_word' id='word_1_217' title='bbox 2346 1560 2533 1601; x_wconf 81' lang='lat' dir='ltr'><strong>vocem</strong></span> <span class='ocrx_word' id='word_1_218' title='bbox 2570 1548 2852 1618; x_wconf 65' lang='lat' dir='ltr'><strong>prophetae</strong></span> <span class='ocrx_word' id='word_1_219' title='bbox 2892 1549 3044 1605; x_wconf 89' lang='lat' dir='ltr'><strong>basis</strong></span> <span class='ocrx_word' id='word_1_220' title='bbox 3085 1558 3139 1606; x_wconf 88' lang='lat' dir='ltr'><strong>et</strong></span> <span class='ocrx_word' id='word_1_221' title='bbox 3173 1549 3596 1608; x_wconf 81' lang='lat' dir='ltr'><strong>fundamentum</strong></span> 
     </span>
    </p>
   </div>
   <div class='ocr_carea' id='block_1_31' title="bbox 2017 1633 3591 1711">
    <p class='ocr_par' dir='ltr' id='par_1_31' title="bbox 2017 1633 3591 1711">
     <span class='ocr_line' id='line_1_31' title="bbox 2017 1633 3591 1711; baseline 0.008 -25"><span class='ocrx_word' id='word_1_222' title='bbox 2017 1633 2334 1688; x_wconf 89' lang='lat' dir='ltr'><strong>nominatus</strong></span> <span class='ocrx_word' id='word_1_223' title='bbox 2365 1644 2450 1691; x_wconf 88' lang='lat' dir='ltr'><strong>est</strong></span> <span class='ocrx_word' id='word_1_224' title='bbox 2482 1636 2670 1707; x_wconf 89' lang='lat' dir='ltr'><strong>(super</strong></span> <span class='ocrx_word' id='word_1_225' title='bbox 2705 1638 2885 1708; x_wconf 88' lang='lat' dir='ltr'><strong>ipsum</strong></span> <span class='ocrx_word' id='word_1_226' title='bbox 2911 1640 3057 1695; x_wconf 92' lang='lat' dir='ltr'><strong>enim</strong></span> <span class='ocrx_word' id='word_1_227' title='bbox 3089 1656 3190 1697; x_wconf 86' lang='lat' dir='ltr'><strong>nos</strong></span> <span class='ocrx_word' id='word_1_228' title='bbox 3229 1643 3591 1711; x_wconf 66' lang='lat' dir='ltr'><strong>atdiﬁcamur,</strong></span> 
     </span>
    </p>
   </div>
   <div class='ocr_carea' id='block_1_32' title="bbox 2017 1722 3596 1803">
    <p class='ocr_par' dir='ltr' id='par_1_32' title="bbox 2017 1722 3596 1803">
     <span class='ocr_line' id='line_1_32' title="bbox 2017 1722 3596 1803; baseline 0.009 -27"><span class='ocrx_word' id='word_1_229' title='bbox 2017 1729 2072 1776; x_wconf 92' lang='lat' dir='ltr'><strong>et</strong></span> <span class='ocrx_word' id='word_1_230' title='bbox 2125 1722 2338 1794; x_wconf 88' lang='lat' dir='ltr'><strong>lapides</strong></span> <span class='ocrx_word' id='word_1_231' title='bbox 2377 1728 2681 1797; x_wconf 87' lang='lat' dir='ltr'><strong>nuncupati</strong></span> <span class='ocrx_word' id='word_1_232' title='bbox 2724 1743 2916 1784; x_wconf 91' lang='lat' dir='ltr'><strong>sumus</strong></span> <span class='ocrx_word' id='word_1_233' title='bbox 2940 1732 3189 1787; x_wconf 79' lang='lat' dir='ltr'><strong>viventes</strong></span> <span class='ocrx_word' id='word_1_234' title='bbox 3221 1746 3286 1787; x_wconf 90' lang='lat' dir='ltr'><strong>ac</strong></span> <span class='ocrx_word' id='word_1_235' title='bbox 3317 1734 3596 1803; x_wconf 82' lang='lat' dir='ltr'><strong>spiritales</strong></span> 
     </span>
    </p>
   </div>
   <div class='ocr_carea' id='block_1_33' title="bbox 2018 1810 3597 1887">
    <p class='ocr_par' dir='ltr' id='par_1_33' title="bbox 2018 1810 3597 1887">
     <span class='ocr_line' id='line_1_33' title="bbox 2018 1810 3597 1887; baseline 0.012 -24"><span class='ocrx_word' id='word_1_236' title='bbox 2018 1810 2073 1865; x_wconf 90' lang='lat' dir='ltr'><strong>in</strong></span> <span class='ocrx_word' id='word_1_237' title='bbox 2120 1814 2497 1871; x_wconf 83' lang='lat' dir='ltr'><strong>sacerdotium</strong></span> <span class='ocrx_word' id='word_1_238' title='bbox 2547 1827 2821 1887; x_wconf 90' lang='lat' dir='ltr'><strong>sanetum,</strong></span> <span class='ocrx_word' id='word_1_239' title='bbox 2874 1821 2930 1876; x_wconf 90' lang='lat' dir='ltr'><strong>in</strong></span> <span class='ocrx_word' id='word_1_240' title='bbox 2979 1822 3357 1879; x_wconf 83' lang='lat' dir='ltr'><strong>habitaculum</strong></span> <span class='ocrx_word' id='word_1_241' title='bbox 3397 1824 3495 1881; x_wconf 89' lang='lat' dir='ltr'><strong>Dei</strong></span> <span class='ocrx_word' id='word_1_242' title='bbox 3538 1827 3597 1882; x_wconf 90' lang='lat' dir='ltr'><strong>in</strong></span> 
     </span>
    </p>
   </div>
   <div class='ocr_carea' id='block_1_34' title="bbox 329 1871 1906 1983">
    <p class='ocr_par' dir='ltr' id='par_1_34' title="bbox 329 1871 1906 1974">
     <span class='ocr_line' id='line_1_34' title="bbox 329 1871 1906 1974; baseline 0.004 -22"><span class='ocrx_word' id='word_1_243' title='bbox 329 1871 651 1971; x_wconf 41' lang='grc' dir='ltr'>ἱεράτευμα·</span> <span class='ocrx_word' id='word_1_244' title='bbox 692 1900 848 1970; x_wconf 77' lang='grc' dir='ltr'>ἅγιον</span> <span class='ocrx_word' id='word_1_245' title='bbox 868 1941 885 1966; x_wconf 92' lang='grc'><strong>,</strong></span> <span class='ocrx_word' id='word_1_246' title='bbox 922 1871 1002 1964; x_wconf 78' lang='grc' dir='ltr'><strong>είς</strong></span> <span class='ocrx_word' id='word_1_247' title='bbox 1029 1871 1470 1974; x_wconf 27' lang='grc' dir='ltr'>*κατοικητήριον</span> <span class='ocrx_word' id='word_1_248' title='bbox 1519 1871 1612 1956; x_wconf 80' lang='grc' dir='ltr'><strong>τοῦ</strong></span> <span class='ocrx_word' id='word_1_249' title='bbox 1660 1871 1796 1958; x_wconf 84' lang='grc' dir='ltr'>Θεοῦ</span> <span class='ocrx_word' id='word_1_250' title='bbox 1858 1871 1906 1958; x_wconf 54' lang='grc' dir='ltr'>ιζ</span> 
     </span>
    </p>
   </div>
   <div class='ocr_carea' id='block_1_35' title="bbox 2009 1871 3593 1983">
    <p class='ocr_par' dir='ltr' id='par_1_35' title="bbox 2022 1900 3593 1983">
     <span class='ocr_line' id='line_1_35' title="bbox 2022 1900 3593 1983; baseline 0.012 -28"><span class='ocrx_word' id='word_1_251' title='bbox 2022 1900 2256 1972; x_wconf 85' lang='lat' dir='ltr'><strong>Spiritu,</strong></span> <span class='ocrx_word' id='word_1_252' title='bbox 2300 1922 2403 1961; x_wconf 87' lang='lat' dir='ltr'><strong>nec</strong></span> <span class='ocrx_word' id='word_1_253' title='bbox 2432 1908 2542 1963; x_wconf 91' lang='lat' dir='ltr'><strong>alio</strong></span> <span class='ocrx_word' id='word_1_254' title='bbox 2566 1910 2729 1965; x_wconf 86' lang='lat' dir='ltr'><strong>modo</strong></span> <span class='ocrx_word' id='word_1_255' title='bbox 2756 1926 3057 1982; x_wconf 87' lang='lat' dir='ltr'><strong>possumus</strong></span> <span class='ocrx_word' id='word_1_256' title='bbox 3084 1916 3139 1969; x_wconf 93' lang='lat' dir='ltr'><strong>in</strong></span> <span class='ocrx_word' id='word_1_257' title='bbox 3169 1915 3276 1971; x_wconf 70' lang='lat' dir='ltr'><strong>hac</strong></span> <span class='ocrx_word' id='word_1_258' title='bbox 3312 1918 3593 1983; x_wconf 67' lang='lat' dir='ltr'><strong>aediﬁcari,</strong></span> 
     </span>
    </p>
   </div>
   <div class='ocr_carea' id='block_1_36' title="bbox 326 1988 1917 2067">
    <p class='ocr_par' dir='ltr' id='par_1_36' title="bbox 326 1988 1917 2067">
     <span class='ocr_line' id='line_1_36' title="bbox 326 1988 1917 2067; baseline 0.006 -26"><span class='ocrx_word' id='word_1_259' title='bbox 326 1988 628 2059; x_wconf 85' lang='grc' dir='ltr'>Πνεύματι,</span> <span class='ocrx_word' id='word_1_260' title='bbox 652 1990 775 2044; x_wconf 81' lang='grc' dir='ltr'>καθ’</span> <span class='ocrx_word' id='word_1_261' title='bbox 824 1991 1010 2063; x_wconf 74' lang='grc' dir='ltr'>ἕτερον</span> <span class='ocrx_word' id='word_1_262' title='bbox 1035 1991 1093 2044; x_wconf 78' lang='grc' dir='ltr'><strong>δέ</strong></span> <span class='ocrx_word' id='word_1_263' title='bbox 1121 2010 1243 2045; x_wconf 91' lang='grc' dir='ltr'>τινα</span> <span class='ocrx_word' id='word_1_264' title='bbox 1280 1994 1481 2064; x_wconf 86' lang='grc' dir='ltr'>τρόπον</span> <span class='ocrx_word' id='word_1_265' title='bbox 1520 1995 1917 2067; x_wconf 83' lang='grc' dir='ltr'>οἰκοδομεῖσθαι</span> 
     </span>
    </p>
   </div>
   <div class='ocr_carea' id='block_1_37' title="bbox 325 2079 1919 2158">
    <p class='ocr_par' dir='ltr' id='par_1_37' title="bbox 325 2079 1919 2158">
     <span class='ocr_line' id='line_1_37' title="bbox 325 2079 1919 2158; baseline 0.006 -27"><span class='ocrx_word' id='word_1_266' title='bbox 325 2079 466 2150; x_wconf 76' lang='grc' dir='ltr'>πρὸς</span> <span class='ocrx_word' id='word_1_267' title='bbox 486 2079 647 2134; x_wconf 88' lang='grc' dir='ltr'>τοῦτο</span> <span class='ocrx_word' id='word_1_268' title='bbox 671 2081 746 2152; x_wconf 82' lang='grc' dir='ltr'>μὴ</span> <span class='ocrx_word' id='word_1_269' title='bbox 776 2082 1086 2154; x_wconf 84' lang='grc' dir='ltr'>δυνάμενοι,</span> <span class='ocrx_word' id='word_1_270' title='bbox 1105 2086 1154 2137; x_wconf 78' lang='grc' dir='ltr'>εξ</span> <span class='ocrx_word' id='word_1_271' title='bbox 1177 2084 1251 2156; x_wconf 84' lang='grc' dir='ltr'>μὴ</span> <span class='ocrx_word' id='word_1_272' title='bbox 1279 2085 1502 2154; x_wconf 90' lang='grc' dir='ltr'>γέγονεν</span> <span class='ocrx_word' id='word_1_273' title='bbox 1516 2089 1649 2158; x_wconf 80' lang='grc' dir='ltr'>ἡμῖν</span> <span class='ocrx_word' id='word_1_274' title='bbox 1670 2087 1919 2158; x_wconf 82' lang='grc' dir='ltr'>θεμέλιος</span> 
     </span>
    </p>
   </div>
   <div class='ocr_carea' id='block_1_38' title="bbox 321 2174 1915 2251">
    <p class='ocr_par' dir='ltr' id='par_1_38' title="bbox 321 2174 1915 2251">
     <span class='ocr_line' id='line_1_38' title="bbox 321 2174 1915 2251; baseline 0.004 -25"><span class='ocrx_word' id='word_1_275' title='bbox 321 2175 355 2227; x_wconf 81' lang='grc' dir='ltr'>ὁ</span> <span class='ocrx_word' id='word_1_276' title='bbox 380 2174 662 2244; x_wconf 80' lang='grc' dir='ltr'>Χριστὸς),</span> <span class='ocrx_word' id='word_1_277' title='bbox 695 2174 838 2229; x_wconf 75' lang='grc' dir='ltr'>οὕτω</span> <span class='ocrx_word' id='word_1_278' title='bbox 870 2175 1099 2230; x_wconf 86' lang='grc' dir='ltr'>κάνθάδε</span> <span class='ocrx_word' id='word_1_279' title='bbox 1131 2175 1271 2230; x_wconf 87' lang='grc' dir='ltr'><strong>κατά</strong></span> <span class='ocrx_word' id='word_1_280' title='bbox 1307 2176 1405 2248; x_wconf 87' lang='grc' dir='ltr'>τὴν</span> <span class='ocrx_word' id='word_1_281' title='bbox 1430 2177 1552 2249; x_wconf 76' lang='grc' dir='ltr'>ἴσην</span> <span class='ocrx_word' id='word_1_282' title='bbox 1590 2178 1685 2232; x_wconf 88' lang='grc' dir='ltr'><strong>τοῦ</strong></span> <span class='ocrx_word' id='word_1_283' title='bbox 1708 2180 1915 2251; x_wconf 84' lang='grc' dir='ltr'>νοήμα-</span> 
     </span>
    </p>
   </div>
   <div class='ocr_carea' id='block_1_39' title="bbox 324 2264 1918 2342">
    <p class='ocr_par' dir='ltr' id='par_1_39' title="bbox 324 2264 1918 2342">
     <span class='ocr_line' id='line_1_39' title="bbox 324 2264 1918 2342; baseline 0.006 -25"><span class='ocrx_word' id='word_1_284' title='bbox 324 2282 413 2328; x_wconf 85' lang='grc' dir='ltr'><strong>τος</strong></span> <span class='ocrx_word' id='word_1_285' title='bbox 450 2265 765 2334; x_wconf 84' lang='grc' dir='ltr'>ἀναλογίαν,</span> <span class='ocrx_word' id='word_1_286' title='bbox 789 2266 1034 2337; x_wconf 80' lang='grc' dir='ltr'>ἄμπελον</span> <span class='ocrx_word' id='word_1_287' title='bbox 1072 2269 1265 2322; x_wconf 79' lang='grc' dir='ltr'>ἑαυτὸν</span> <span class='ocrx_word' id='word_1_288' title='bbox 1316 2264 1457 2323; x_wconf 79' lang='grc' dir='ltr'>εἷναί</span> <span class='ocrx_word' id='word_1_289' title='bbox 1506 2288 1639 2340; x_wconf 86' lang='grc' dir='ltr'>φησι</span> <span class='ocrx_word' id='word_1_290' title='bbox 1694 2271 1804 2327; x_wconf 84' lang='grc' dir='ltr'><strong>τῶν</strong></span> <span class='ocrx_word' id='word_1_291' title='bbox 1858 2273 1918 2342; x_wconf 74' lang='grc' dir='ltr'><strong>ἐξ</strong></span> 
     </span>
    </p>
   </div>
   <div class='ocr_carea' id='block_1_40' title="bbox 322 2355 1917 2431">
    <p class='ocr_par' dir='ltr' id='par_1_40' title="bbox 322 2355 1917 2431">
     <span class='ocr_line' id='line_1_40' title="bbox 322 2355 1917 2431; baseline 0.004 -22"><span class='ocrx_word' id='word_1_292' title='bbox 322 2355 497 2426; x_wconf 79' lang='grc' dir='ltr'>αὐτῆς</span> <span class='ocrx_word' id='word_1_293' title='bbox 527 2357 842 2427; x_wconf 77' lang='grc' dir='ltr'>κλημάτων,</span> <span class='ocrx_word' id='word_1_294' title='bbox 884 2356 959 2420; x_wconf 86' lang='grc' dir='ltr'>ὡς</span> <span class='ocrx_word' id='word_1_295' title='bbox 1010 2359 1221 2428; x_wconf 84' lang='grc' dir='ltr'>μητέρα</span> <span class='ocrx_word' id='word_1_296' title='bbox 1263 2359 1359 2412; x_wconf 75' lang='grc' dir='ltr'>καὶ</span> <span class='ocrx_word' id='word_1_297' title='bbox 1400 2360 1621 2430; x_wconf 84' lang='grc' dir='ltr'>τροφόν.</span> <span class='ocrx_word' id='word_1_298' title='bbox 1672 2361 1917 2431; x_wconf 81' lang='grc' dir='ltr'>Ἀνεγεν-</span> 
     </span>
    </p>
   </div>
   <div class='ocr_carea' id='block_1_41' title="bbox 323 2446 1912 2523">
    <p class='ocr_par' dir='ltr' id='par_1_41' title="bbox 323 2446 1912 2523">
     <span class='ocr_line' id='line_1_41' title="bbox 323 2446 1912 2523; baseline 0.004 -24"><span class='ocrx_word' id='word_1_299' title='bbox 323 2446 571 2517; x_wconf 87' lang='grc' dir='ltr'>νήθημεν</span> <span class='ocrx_word' id='word_1_300' title='bbox 599 2446 709 2517; x_wconf 78' lang='grc' dir='ltr'>γὰρ</span> <span class='ocrx_word' id='word_1_301' title='bbox 736 2448 795 2514; x_wconf 79' lang='grc' dir='ltr'>ἐξ</span> <span class='ocrx_word' id='word_1_302' title='bbox 826 2446 991 2500; x_wconf 83' lang='grc' dir='ltr'>αὐτοῦ</span> <span class='ocrx_word' id='word_1_303' title='bbox 1025 2464 1083 2500; x_wconf 90' lang='grc' dir='ltr'><strong>τε</strong></span> <span class='ocrx_word' id='word_1_304' title='bbox 1116 2449 1210 2501; x_wconf 75' lang='grc' dir='ltr'>καὶ</span> <span class='ocrx_word' id='word_1_305' title='bbox 1233 2449 1293 2501; x_wconf 81' lang='grc' dir='ltr'>ὲν</span> <span class='ocrx_word' id='word_1_306' title='bbox 1322 2448 1470 2519; x_wconf 87' lang='grc' dir='ltr'>αὑτῷ</span> <span class='ocrx_word' id='word_1_307' title='bbox 1518 2451 1575 2502; x_wconf 77' lang='grc' dir='ltr'>ἐν</span> <span class='ocrx_word' id='word_1_308' title='bbox 1614 2450 1912 2523; x_wconf 87' lang='grc' dir='ltr'>ΙΙνεύματι,</span> 
     </span>
    </p>
   </div>
   <div class='ocr_carea' id='block_1_42' title="bbox 323 2538 1913 2612">
    <p class='ocr_par' dir='ltr' id='par_1_42' title="bbox 323 2538 1913 2612">
     <span class='ocr_line' id='line_1_42' title="bbox 323 2538 1913 2612; baseline 0.006 -22"><span class='ocrx_word' id='word_1_309' title='bbox 323 2538 467 2609; x_wconf 78' lang='grc' dir='ltr'>πρὸς</span> <span class='ocrx_word' id='word_1_310' title='bbox 496 2540 871 2610; x_wconf 78' lang='grc' dir='ltr'>καρποφορίαν</span> <span class='ocrx_word' id='word_1_311' title='bbox 898 2539 1066 2609; x_wconf 80' lang='grc' dir='ltr'>ζωῆς,</span> <span class='ocrx_word' id='word_1_312' title='bbox 1096 2539 1217 2609; x_wconf 70' lang='grc' dir='ltr'>οὐχὶ</span> <span class='ocrx_word' id='word_1_313' title='bbox 1240 2541 1340 2611; x_wconf 90' lang='grc' dir='ltr'><strong>τῆς</strong></span> <span class='ocrx_word' id='word_1_314' title='bbox 1375 2542 1609 2612; x_wconf 83' lang='grc' dir='ltr'>ἀρχαίας</span> <span class='ocrx_word' id='word_1_315' title='bbox 1651 2545 1747 2597; x_wconf 71' lang='grc' dir='ltr'><strong>καὶ</strong></span> <span class='ocrx_word' id='word_1_316' title='bbox 1804 2563 1913 2599; x_wconf 68' lang='grc' dir='ltr'>παν</span> 
     </span>
    </p>
   </div>
   <div class='ocr_carea' id='block_1_43' title="bbox 322 2628 1912 2706">
    <p class='ocr_par' dir='ltr' id='par_1_43' title="bbox 322 2628 1912 2706">
     <span class='ocr_line' id='line_1_43' title="bbox 322 2628 1912 2706; baseline 0.006 -26"><span class='ocrx_word' id='word_1_317' title='bbox 322 2628 510 2693; x_wconf 76' lang='grc' dir='ltr'>λαιᾶς,</span> <span class='ocrx_word' id='word_1_318' title='bbox 540 2628 673 2682; x_wconf 86' lang='grc' dir='ltr'><strong>ἀλλά</strong></span> <span class='ocrx_word' id='word_1_319' title='bbox 692 2629 793 2699; x_wconf 84' lang='grc' dir='ltr'><strong>τῆς</strong></span> <span class='ocrx_word' id='word_1_320' title='bbox 825 2631 883 2683; x_wconf 78' lang='grc' dir='ltr'>ἐν</span> <span class='ocrx_word' id='word_1_321' title='bbox 905 2632 1185 2701; x_wconf 83' lang='grc' dir='ltr'>καινότητι</span> <span class='ocrx_word' id='word_1_322' title='bbox 1204 2630 1441 2696; x_wconf 86' lang='grc' dir='ltr'>πίστεώς</span> <span class='ocrx_word' id='word_1_323' title='bbox 1469 2650 1527 2685; x_wconf 90' lang='grc' dir='ltr'><strong>τε</strong></span> <span class='ocrx_word' id='word_1_324' title='bbox 1554 2634 1649 2686; x_wconf 76' lang='grc' dir='ltr'><strong>καὶ</strong></span> <span class='ocrx_word' id='word_1_325' title='bbox 1691 2634 1912 2706; x_wconf 83' lang='grc' dir='ltr'>ἀγάπης</span> 
     </span>
    </p>
   </div>
   <div class='ocr_carea' id='block_1_44' title="bbox 319 2720 1912 2794">
    <p class='ocr_par' dir='ltr' id='par_1_44' title="bbox 319 2720 1912 2794">
     <span class='ocr_line' id='line_1_44' title="bbox 319 2720 1912 2794; baseline 0.005 -21"><span class='ocrx_word' id='word_1_326' title='bbox 319 2720 424 2791; x_wconf 82' lang='grc' dir='ltr'><strong>τῆς</strong></span> <span class='ocrx_word' id='word_1_327' title='bbox 449 2721 530 2783; x_wconf 86' lang='grc' dir='ltr'><strong>είς</strong></span> <span class='ocrx_word' id='word_1_328' title='bbox 551 2720 732 2774; x_wconf 83' lang='grc' dir='ltr'>αὐτόν.</span> <span class='ocrx_word' id='word_1_329' title='bbox 769 2720 1187 2793; x_wconf 87' lang='grc' dir='ltr'>Διατηρούμεθα</span> <span class='ocrx_word' id='word_1_330' title='bbox 1224 2721 1281 2774; x_wconf 83' lang='grc' dir='ltr'>δὲ</span> <span class='ocrx_word' id='word_1_331' title='bbox 1315 2723 1451 2794; x_wconf 79' lang='grc' dir='ltr'>πρὸς</span> <span class='ocrx_word' id='word_1_332' title='bbox 1482 2723 1542 2776; x_wconf 86' lang='grc' dir='ltr'>τὸ</span> <span class='ocrx_word' id='word_1_333' title='bbox 1576 2723 1718 2794; x_wconf 77' lang='grc' dir='ltr'>ἔχειν</span> <span class='ocrx_word' id='word_1_334' title='bbox 1748 2726 1808 2780; x_wconf 81' lang='grc' dir='ltr'>τὸ</span> <span class='ocrx_word' id='word_1_335' title='bbox 1833 2723 1912 2781; x_wconf 75' lang='grc' dir='ltr'><strong>εῖ-</strong></span> 
     </span>
    </p>
   </div>
   <div class='ocr_carea' id='block_1_45' title="bbox 320 2800 1913 2889">
    <p class='ocr_par' dir='ltr' id='par_1_45' title="bbox 320 2800 1913 2889">
     <span class='ocr_line' id='line_1_45' title="bbox 320 2800 1913 2889; baseline 0.005 -26"><span class='ocrx_word' id='word_1_336' title='bbox 320 2829 432 2876; x_wconf 90' lang='grc' dir='ltr'>ναι,</span> <span class='ocrx_word' id='word_1_337' title='bbox 467 2813 919 2884; x_wconf 78' lang='grc' dir='ltr'>προσπεφυκότες</span> <span class='ocrx_word' id='word_1_338' title='bbox 945 2812 1136 2885; x_wconf 82' lang='grc' dir='ltr'>ὥσπερ</span> <span class='ocrx_word' id='word_1_339' title='bbox 1164 2812 1315 2884; x_wconf 79' lang='grc' dir='ltr'>αὐτῷ</span> <span class='ocrx_word' id='word_1_340' title='bbox 1350 2814 1443 2867; x_wconf 71' lang='grc' dir='ltr'><strong>καὶ</strong></span> <span class='ocrx_word' id='word_1_341' title='bbox 1475 2800 1662 2887; x_wconf 72' lang='grc' dir='ltr'>’ἀπρὶξ</span> <span class='ocrx_word' id='word_1_342' title='bbox 1716 2817 1913 2889; x_wconf 78' lang='grc' dir='ltr'>ἐχόμεο</span> 
     </span>
    </p>
   </div>
   <div class='ocr_carea' id='block_1_46' title="bbox 319 2902 1910 2975">
    <p class='ocr_par' dir='ltr' id='par_1_46' title="bbox 319 2902 1910 2975">
     <span class='ocr_line' id='line_1_46' title="bbox 319 2902 1910 2975; baseline 0.005 -21"><span class='ocrx_word' id='word_1_343' title='bbox 319 2919 401 2955; x_wconf 89' lang='grc' dir='ltr'><strong>νοι</strong></span> <span class='ocrx_word' id='word_1_344' title='bbox 427 2902 525 2972; x_wconf 87' lang='grc' dir='ltr'><strong>τῆς</strong></span> <span class='ocrx_word' id='word_1_345' title='bbox 556 2903 954 2975; x_wconf 84' lang='grc' dir='ltr'>παραδοθείσης</span> <span class='ocrx_word' id='word_1_346' title='bbox 994 2905 1125 2975; x_wconf 79' lang='grc' dir='ltr'>ἡμῖν</span> <span class='ocrx_word' id='word_1_347' title='bbox 1160 2904 1323 2972; x_wconf 83' lang='grc' dir='ltr'>ἁγίας</span> <span class='ocrx_word' id='word_1_348' title='bbox 1353 2904 1570 2974; x_wconf 81' lang='grc' dir='ltr'>ἐντολῆς</span> <span class='ocrx_word' id='word_1_349' title='bbox 1601 2906 1695 2959; x_wconf 77' lang='grc' dir='ltr'>καὶ</span> <span class='ocrx_word' id='word_1_350' title='bbox 1708 2906 1797 2961; x_wconf 84' lang='grc' dir='ltr'><strong>διὰ</strong></span> <span class='ocrx_word' id='word_1_351' title='bbox 1814 2908 1910 2962; x_wconf 88' lang='grc' dir='ltr'><strong>τοῦ</strong></span> 
     </span>
    </p>
   </div>
   <div class='ocr_carea' id='block_1_47' title="bbox 322 2991 1910 3066">
    <p class='ocr_par' dir='ltr' id='par_1_47' title="bbox 322 2991 1910 3066">
     <span class='ocr_line' id='line_1_47' title="bbox 322 2991 1910 3066; baseline 0.004 -20"><span class='ocrx_word' id='word_1_352' title='bbox 322 2991 516 3058; x_wconf 74' lang='grc' dir='ltr'>σώζειν</span> <span class='ocrx_word' id='word_1_353' title='bbox 544 2994 866 3062; x_wconf 83' lang='grc' dir='ltr'>ἐπείγεσθαι</span> <span class='ocrx_word' id='word_1_354' title='bbox 886 2994 947 3047; x_wconf 88' lang='grc' dir='ltr'>τὸ</span> <span class='ocrx_word' id='word_1_355' title='bbox 985 2996 1050 3049; x_wconf 86' lang='grc' dir='ltr'>ὲκ</span> <span class='ocrx_word' id='word_1_356' title='bbox 1070 2995 1169 3066; x_wconf 91' lang='grc' dir='ltr'><strong>τῆς</strong></span> <span class='ocrx_word' id='word_1_357' title='bbox 1206 2994 1489 3063; x_wconf 84' lang='grc' dir='ltr'>εὐγενείας</span> <span class='ocrx_word' id='word_1_358' title='bbox 1524 2997 1748 3065; x_wconf 77' lang='grc' dir='ltr'>ἀγαθὸν,</span> <span class='ocrx_word' id='word_1_359' title='bbox 1766 2998 1910 3052; x_wconf 83' lang='grc' dir='ltr'>τοῦτ’</span> 
     </span>
    </p>
   </div>
   <div class='ocr_carea' id='block_1_48' title="bbox 318 3082 1910 3157">
    <p class='ocr_par' dir='ltr' id='par_1_48' title="bbox 318 3082 1910 3157">
     <span class='ocr_line' id='line_1_48' title="bbox 318 3082 1910 3157; baseline 0.004 -21"><span class='ocrx_word' id='word_1_360' title='bbox 318 3082 456 3148; x_wconf 79' lang='grc' dir='ltr'>εστι,</span> <span class='ocrx_word' id='word_1_361' title='bbox 504 3084 595 3137; x_wconf 74' lang='grc' dir='ltr'><strong>διὰ</strong></span> <span class='ocrx_word' id='word_1_362' title='bbox 628 3083 724 3137; x_wconf 86' lang='grc' dir='ltr'><strong>τοῦ</strong></span> <span class='ocrx_word' id='word_1_363' title='bbox 768 3083 843 3154; x_wconf 80' lang='grc' dir='ltr'>μὴ</span> <span class='ocrx_word' id='word_1_364' title='bbox 890 3083 1178 3153; x_wconf 82' lang='grc' dir='ltr'>ἀνέχεσθαι</span> <span class='ocrx_word' id='word_1_365' title='bbox 1226 3084 1455 3151; x_wconf 85' lang='grc' dir='ltr'>λυπεῖν,</span> <span class='ocrx_word' id='word_1_366' title='bbox 1497 3087 1640 3141; x_wconf 85' lang='grc' dir='ltr'><strong>κατά</strong></span> <span class='ocrx_word' id='word_1_367' title='bbox 1680 3106 1733 3141; x_wconf 88' lang='grc' dir='ltr'><strong>τι</strong></span> <span class='ocrx_word' id='word_1_368' title='bbox 1779 3087 1910 3157; x_wconf 89' lang='grc' dir='ltr'>γοῦν</span> 
     </span>
    </p>
   </div>
   <div class='ocr_carea' id='block_1_49' title="bbox 316 3169 1906 3246">
    <p class='ocr_par' dir='ltr' id='par_1_49' title="bbox 316 3169 1906 3246">
     <span class='ocr_line' id='line_1_49' title="bbox 316 3169 1906 3246; baseline 0.003 -19"><span class='ocrx_word' id='word_1_369' title='bbox 316 3173 454 3239; x_wconf 84' lang='grc' dir='ltr'>ὅλως</span> <span class='ocrx_word' id='word_1_370' title='bbox 475 3176 535 3228; x_wconf 79' lang='grc' dir='ltr'>τὸ</span> <span class='ocrx_word' id='word_1_371' title='bbox 565 3174 862 3229; x_wconf 80' lang='grc' dir='ltr'>ἐνοικισθὲν</span> <span class='ocrx_word' id='word_1_372' title='bbox 886 3175 1017 3244; x_wconf 82' lang='grc' dir='ltr'>ἡμῖν</span> <span class='ocrx_word' id='word_1_373' title='bbox 1039 3174 1192 3243; x_wconf 81' lang='grc' dir='ltr'>ἆγιον</span> <span class='ocrx_word' id='word_1_374' title='bbox 1231 3174 1476 3246; x_wconf 77' lang='grc' dir='ltr'>Πνεῦμα,</span> <span class='ocrx_word' id='word_1_375' title='bbox 1518 3176 1586 3230; x_wconf 87' lang='grc' dir='ltr'><strong>δι’</strong></span> <span class='ocrx_word' id='word_1_376' title='bbox 1615 3169 1676 3231; x_wconf 77' lang='grc' dir='ltr'><strong>οὗ</strong></span> <span class='ocrx_word' id='word_1_377' title='bbox 1722 3196 1906 3232; x_wconf 89' lang='grc' dir='ltr'>κατοι-</span> 
     </span>
    </p>
   </div>
   <div class='ocr_carea' id='block_1_50' title="bbox 316 3266 1906 3343">
    <p class='ocr_par' dir='ltr' id='par_1_50' title="bbox 316 3266 1906 3343">
     <span class='ocr_line' id='line_1_50' title="bbox 316 3266 1906 3343; baseline 0.003 -24"><span class='ocrx_word' id='word_1_378' title='bbox 316 3268 435 3320; x_wconf 83' lang='grc' dir='ltr'>κεῖν</span> <span class='ocrx_word' id='word_1_379' title='bbox 474 3267 571 3336; x_wconf 86' lang='grc' dir='ltr'>μὲν</span> <span class='ocrx_word' id='word_1_380' title='bbox 593 3267 652 3318; x_wconf 79' lang='grc' dir='ltr'>ἐν</span> <span class='ocrx_word' id='word_1_381' title='bbox 683 3268 812 3336; x_wconf 78' lang='grc' dir='ltr'>ἡμῖν</span> <span class='ocrx_word' id='word_1_382' title='bbox 865 3268 1065 3319; x_wconf 89' lang='grc' dir='ltr'>νοεῖται</span> <span class='ocrx_word' id='word_1_383' title='bbox 1096 3266 1250 3329; x_wconf 82' lang='grc' dir='ltr'>Θεός.</span> <span class='ocrx_word' id='word_1_384' title='bbox 1291 3268 1450 3321; x_wconf 75' lang='grc' dir='ltr'>Κατὰ</span> <span class='ocrx_word' id='word_1_385' title='bbox 1487 3268 1609 3322; x_wconf 90' lang='grc' dir='ltr'>τίνα</span> <span class='ocrx_word' id='word_1_386' title='bbox 1642 3270 1750 3342; x_wconf 82' lang='grc' dir='ltr'>γὰρ</span> <span class='ocrx_word' id='word_1_387' title='bbox 1780 3271 1906 3343; x_wconf 85' lang='grc' dir='ltr'>τρό-</span> 
     </span>
    </p>
   </div>
   <div class='ocr_carea' id='block_1_51' title="bbox 315 3356 1907 3433">
    <p class='ocr_par' dir='ltr' id='par_1_51' title="bbox 315 3356 1907 3433">
     <span class='ocr_line' id='line_1_51' title="bbox 315 3356 1907 3433; baseline 0.004 -21"><span class='ocrx_word' id='word_1_388' title='bbox 315 3376 421 3412; x_wconf 87' lang='grc' dir='ltr'><strong>πον</strong></span> <span class='ocrx_word' id='word_1_389' title='bbox 449 3358 615 3429; x_wconf 80' lang='grc' dir='ltr'>ὲσμὲν</span> <span class='ocrx_word' id='word_1_390' title='bbox 643 3360 701 3411; x_wconf 80' lang='grc' dir='ltr'>ὲν</span> <span class='ocrx_word' id='word_1_391' title='bbox 735 3356 978 3429; x_wconf 82' lang='grc' dir='ltr'>Χριστῷ,</span> <span class='ocrx_word' id='word_1_392' title='bbox 1009 3357 1103 3410; x_wconf 73' lang='grc' dir='ltr'>καὶ</span> <span class='ocrx_word' id='word_1_393' title='bbox 1136 3358 1298 3423; x_wconf 79' lang='grc' dir='ltr'>αὐτὸς</span> <span class='ocrx_word' id='word_1_394' title='bbox 1320 3360 1377 3413; x_wconf 81' lang='grc' dir='ltr'>ἐν</span> <span class='ocrx_word' id='word_1_395' title='bbox 1415 3361 1569 3431; x_wconf 84' lang='grc' dir='ltr'>ἡμῖν,</span> <span class='ocrx_word' id='word_1_396' title='bbox 1594 3361 1754 3425; x_wconf 75' lang='grc' dir='ltr'>αὐτὸς</span> <span class='ocrx_word' id='word_1_397' title='bbox 1776 3365 1907 3433; x_wconf 84' lang='grc' dir='ltr'>ἡμῖν</span> 
     </span>
    </p>
   </div>
   <div class='ocr_carea' id='block_1_52' title="bbox 312 3448 1908 3525">
    <p class='ocr_par' dir='ltr' id='par_1_52' title="bbox 312 3448 1908 3525">
     <span class='ocr_line' id='line_1_52' title="bbox 312 3448 1908 3525; baseline 0.004 -22"><span class='ocrx_word' id='word_1_398' title='bbox 312 3451 344 3503; x_wconf 82' lang='grc' dir='ltr'><strong>ό</strong></span> <span class='ocrx_word' id='word_1_399' title='bbox 371 3450 537 3520; x_wconf 82' lang='grc' dir='ltr'>σοφὸς</span> <span class='ocrx_word' id='word_1_400' title='bbox 568 3450 823 3520; x_wconf 83' lang='grc' dir='ltr'>Ἰωάννης</span> <span class='ocrx_word' id='word_1_401' title='bbox 855 3448 1096 3521; x_wconf 76' lang='grc' dir='ltr'>ἐπιδείξῃ</span> <span class='ocrx_word' id='word_1_402' title='bbox 1123 3450 1298 3519; x_wconf 87' lang='grc' dir='ltr'>λέγων</span> <span class='ocrx_word' id='word_1_403' title='bbox 1325 3467 1338 3483; x_wconf 75' lang='grc' dir='ltr'><strong><em>ο</em></strong></span> <span class='ocrx_word' id='word_1_404' title='bbox 1380 3470 1399 3504; x_wconf 79' lang='grc' dir='ltr'><strong>ι</strong></span> <span class='ocrx_word' id='word_1_405' title='bbox 1444 3453 1532 3506; x_wconf 84' lang='grc' dir='ltr'>Ἑν</span> <span class='ocrx_word' id='word_1_406' title='bbox 1554 3454 1728 3525; x_wconf 75' lang='grc' dir='ltr'>τούτῳ</span> <span class='ocrx_word' id='word_1_407' title='bbox 1746 3455 1908 3524; x_wconf 84' lang='grc' dir='ltr'>γινώ-</span> 
     </span>
    </p>
   </div>
   <div class='ocr_carea' id='block_1_53' title="bbox 315 3548 1907 3620">
    <p class='ocr_par' dir='ltr' id='par_1_53' title="bbox 315 3548 1907 3620">
     <span class='ocr_line' id='line_1_53' title="bbox 315 3548 1907 3620; baseline -0.002 -18"><span class='ocrx_word' id='word_1_408' title='bbox 315 3566 544 3619; x_wconf 87' lang='grc' dir='ltr'>σκομεν,</span> <span class='ocrx_word' id='word_1_409' title='bbox 576 3549 851 3620; x_wconf 83' lang='grc' dir='ltr'>ὄτιέσμὲν</span> <span class='ocrx_word' id='word_1_410' title='bbox 877 3551 937 3603; x_wconf 80' lang='grc' dir='ltr'>ὲν</span> <span class='ocrx_word' id='word_1_411' title='bbox 969 3548 1137 3620; x_wconf 78' lang='grc' dir='ltr'>αὐτῷ,</span> <span class='ocrx_word' id='word_1_412' title='bbox 1182 3549 1276 3601; x_wconf 73' lang='grc' dir='ltr'>καὶ</span> <span class='ocrx_word' id='word_1_413' title='bbox 1331 3548 1493 3611; x_wconf 80' lang='grc' dir='ltr'>αὐτὸς</span> <span class='ocrx_word' id='word_1_414' title='bbox 1538 3549 1597 3599; x_wconf 83' lang='grc' dir='ltr'>ὲν</span> <span class='ocrx_word' id='word_1_415' title='bbox 1635 3548 1788 3617; x_wconf 83' lang='grc' dir='ltr'>ἡμῖν,</span> <span class='ocrx_word' id='word_1_416' title='bbox 1841 3549 1907 3600; x_wconf 83' lang='grc' dir='ltr'>ὲκ</span> 
     </span>
    </p>
   </div>
   <div class='ocr_carea' id='block_1_54' title="bbox 313 3634 1905 3712">
    <p class='ocr_par' dir='ltr' id='par_1_54' title="bbox 313 3634 1905 3712">
     <span class='ocr_line' id='line_1_54' title="bbox 313 3634 1905 3712; baseline 0 -20"><span class='ocrx_word' id='word_1_417' title='bbox 313 3639 411 3693; x_wconf 84' lang='grc' dir='ltr'><strong>τοῦ</strong></span> <span class='ocrx_word' id='word_1_418' title='bbox 448 3640 789 3712; x_wconf 83' lang='grc' dir='ltr'>Πνεύματος,</span> <span class='ocrx_word' id='word_1_419' title='bbox 823 3634 883 3694; x_wconf 72' lang='grc' dir='ltr'><strong>οὗ</strong></span> <span class='ocrx_word' id='word_1_420' title='bbox 908 3640 1076 3693; x_wconf 76' lang='grc' dir='ltr'>ἔδωκε</span> <span class='ocrx_word' id='word_1_421' title='bbox 1105 3641 1305 3711; x_wconf 48' lang='grc' dir='ltr'>ἡμῖνδν</span> <span class='ocrx_word' id='word_1_422' title='bbox 1326 3639 1437 3692; x_wconf 74' lang='grc' dir='ltr'><strong>Καὶ</strong></span> <span class='ocrx_word' id='word_1_423' title='bbox 1469 3637 1726 3708; x_wconf 70' lang='grc' dir='ltr'>ἕμπαλιψ</span> <span class='ocrx_word' id='word_1_424' title='bbox 1758 3657 1776 3689; x_wconf 78' lang='grc' dir='ltr'><strong>ι</strong></span> <span class='ocrx_word' id='word_1_425' title='bbox 1816 3639 1905 3692; x_wconf 88' lang='grc' dir='ltr'>Ἐν</span> 
     </span>
    </p>
   </div>
   <div class='ocr_carea' id='block_1_55' title="bbox 310 3728 1905 3803">
    <p class='ocr_par' dir='ltr' id='par_1_55' title="bbox 310 3728 1905 3803">
     <span class='ocr_line' id='line_1_55' title="bbox 310 3728 1905 3803; baseline 0 -21"><span class='ocrx_word' id='word_1_426' title='bbox 310 3731 489 3801; x_wconf 75' lang='grc' dir='ltr'>τούτῳ</span> <span class='ocrx_word' id='word_1_427' title='bbox 525 3731 888 3803; x_wconf 87' lang='grc' dir='ltr'>γινώσκομεν,</span> <span class='ocrx_word' id='word_1_428' title='bbox 921 3732 1004 3784; x_wconf 83' lang='grc' dir='ltr'>ὅτι</span> <span class='ocrx_word' id='word_1_429' title='bbox 1041 3732 1100 3783; x_wconf 81' lang='grc' dir='ltr'>ὲν</span> <span class='ocrx_word' id='word_1_430' title='bbox 1138 3728 1286 3800; x_wconf 81' lang='grc' dir='ltr'>αὐτῷ</span> <span class='ocrx_word' id='word_1_431' title='bbox 1308 3731 1495 3799; x_wconf 76' lang='grc' dir='ltr'>ἐσμεν.</span> <span class='ocrx_word' id='word_1_432' title='bbox 1529 3758 1595 3769; x_wconf 92' lang='lat'><strong>—-</strong></span> <span class='ocrx_word' id='word_1_433' title='bbox 1627 3729 1685 3781; x_wconf 86' lang='grc' dir='ltr'>Ὀ</span> <span class='ocrx_word' id='word_1_434' title='bbox 1730 3728 1905 3796; x_wconf 85' lang='grc' dir='ltr'>λέγων</span> 
     </span>
    </p>
   </div>
   <div class='ocr_carea' id='block_1_56' title="bbox 309 3820 1901 3893">
    <p class='ocr_par' dir='ltr' id='par_1_56' title="bbox 309 3820 1901 3893">
     <span class='ocr_line' id='line_1_56' title="bbox 309 3820 1901 3893; baseline -0.001 -20"><span class='ocrx_word' id='word_1_435' title='bbox 309 3822 371 3873; x_wconf 79' lang='grc' dir='ltr'>ἐν</span> <span class='ocrx_word' id='word_1_436' title='bbox 400 3822 550 3892; x_wconf 80' lang='grc' dir='ltr'>αὐτῷ</span> <span class='ocrx_word' id='word_1_437' title='bbox 578 3823 778 3893; x_wconf 82' lang='grc' dir='ltr'>μένειν,</span> <span class='ocrx_word' id='word_1_438' title='bbox 810 3820 1034 3891; x_wconf 81' lang='grc' dir='ltr'>ὀφείλει,</span> <span class='ocrx_word' id='word_1_439' title='bbox 1068 3820 1252 3884; x_wconf 87' lang='grc' dir='ltr'>καθὼς</span> <span class='ocrx_word' id='word_1_440' title='bbox 1282 3823 1487 3884; x_wconf 77' lang='grc' dir='ltr'>ἐκεῖνος</span> <span class='ocrx_word' id='word_1_441' title='bbox 1506 3820 1901 3891; x_wconf 86' lang='grc' dir='ltr'>περιεπάτησε,</span> 
     </span>
    </p>
   </div>
   <div class='ocr_carea' id='block_1_57' title="bbox 311 3909 1903 3985">
    <p class='ocr_par' dir='ltr' id='par_1_57' title="bbox 311 3909 1903 3985">
     <span class='ocr_line' id='line_1_57' title="bbox 311 3909 1903 3985; baseline -0.002 -18"><span class='ocrx_word' id='word_1_442' title='bbox 311 3914 409 3967; x_wconf 72' lang='grc' dir='ltr'>καὶ</span> <span class='ocrx_word' id='word_1_443' title='bbox 437 3914 603 3977; x_wconf 80' lang='grc' dir='ltr'>αὐτὸς</span> <span class='ocrx_word' id='word_1_444' title='bbox 633 3915 977 3985; x_wconf 87' lang='grc' dir='ltr'>περιπατεῖν.</span> <span class='ocrx_word' id='word_1_445' title='bbox 1018 3932 1037 3965; x_wconf 77' lang='grc' dir='ltr'><strong>ι</strong></span> <span class='ocrx_word' id='word_1_446' title='bbox 1073 3916 1138 3966; x_wconf 91' lang='grc' dir='ltr'><strong>Ὃ</strong></span> <span class='ocrx_word' id='word_1_447' title='bbox 1166 3912 1259 3967; x_wconf 82' lang='grc' dir='ltr'>καὶ</span> <span class='ocrx_word' id='word_1_448' title='bbox 1279 3912 1390 3974; x_wconf 88' lang='grc' dir='ltr'>τοῖς</span> <span class='ocrx_word' id='word_1_449' title='bbox 1421 3909 1788 3982; x_wconf 81' lang='grc' dir='ltr'>ἀκροωμένοις</span> <span class='ocrx_word' id='word_1_450' title='bbox 1807 3928 1903 3964; x_wconf 92' lang='grc' dir='ltr'>σα-</span> 
     </span>
    </p>
   </div>
   <div class='ocr_carea' id='block_1_58' title="bbox 308 3998 1903 4073">
    <p class='ocr_par' dir='ltr' id='par_1_58' title="bbox 308 3998 1903 4073">
     <span class='ocr_line' id='line_1_58' title="bbox 308 3998 1903 4073; baseline -0.002 -17"><span class='ocrx_word' id='word_1_451' title='bbox 308 4002 577 4073; x_wconf 78' lang='grc' dir='ltr'>φέστερον</span> <span class='ocrx_word' id='word_1_452' title='bbox 612 4002 878 4066; x_wconf 82' lang='grc' dir='ltr'>καθιστὰς</span> <span class='ocrx_word' id='word_1_453' title='bbox 905 4043 920 4068; x_wconf 89' lang='grc'><strong>,</strong></span> <span class='ocrx_word' id='word_1_454' title='bbox 962 4001 1105 4056; x_wconf 74' lang='grc' dir='ltr'>οὕτω</span> <span class='ocrx_word' id='word_1_455' title='bbox 1139 4000 1272 4071; x_wconf 73' lang='grc' dir='ltr'>φησὶ</span> <span class='ocrx_word' id='word_1_456' title='bbox 1322 3998 1485 4053; x_wconf 84' lang='grc' dir='ltr'>πάλιν</span> <span class='ocrx_word' id='word_1_457' title='bbox 1510 4013 1523 4026; x_wconf 88' lang='grc'><strong>·</strong></span> <span class='ocrx_word' id='word_1_458' title='bbox 1569 4017 1588 4050; x_wconf 80' lang='grc' dir='ltr'><strong>ι</strong></span> <span class='ocrx_word' id='word_1_459' title='bbox 1624 3998 1683 4052; x_wconf 91' lang='lat'><strong>&#39;0</strong></span> <span class='ocrx_word' id='word_1_460' title='bbox 1719 3998 1903 4071; x_wconf 83' lang='grc' dir='ltr'>τηρῶν</span> 
     </span>
    </p>
   </div>
   <div class='ocr_carea' id='block_1_59' title="bbox 309 4090 1896 4165">
    <p class='ocr_par' dir='ltr' id='par_1_59' title="bbox 309 4090 1896 4165">
     <span class='ocr_line' id='line_1_59' title="bbox 309 4090 1896 4165; baseline -0.002 -18"><span class='ocrx_word' id='word_1_461' title='bbox 309 4095 415 4157; x_wconf 74' lang='grc' dir='ltr'><strong>τὰς</strong></span> <span class='ocrx_word' id='word_1_462' title='bbox 443 4094 664 4157; x_wconf 80' lang='grc' dir='ltr'>ἐντολὰς</span> <span class='ocrx_word' id='word_1_463' title='bbox 695 4094 953 4160; x_wconf 82' lang='grc' dir='ltr'>αὑτοῦ,ὲν</span> <span class='ocrx_word' id='word_1_464' title='bbox 967 4093 1113 4165; x_wconf 84' lang='grc' dir='ltr'><strong>αὐτῷ</strong></span> <span class='ocrx_word' id='word_1_465' title='bbox 1128 4093 1280 4163; x_wconf 84' lang='grc' dir='ltr'>μένει</span> <span class='ocrx_word' id='word_1_466' title='bbox 1302 4092 1396 4144; x_wconf 73' lang='grc' dir='ltr'><strong>καὶ</strong></span> <span class='ocrx_word' id='word_1_467' title='bbox 1424 4091 1586 4154; x_wconf 81' lang='grc' dir='ltr'>αὐτὸς</span> <span class='ocrx_word' id='word_1_468' title='bbox 1607 4091 1666 4144; x_wconf 81' lang='grc' dir='ltr'>ἐν</span> <span class='ocrx_word' id='word_1_469' title='bbox 1693 4090 1896 4162; x_wconf 78' lang='grc' dir='ltr'><strong>αὐτῷ.»</strong></span> 
     </span>
    </p>
   </div>
   <div class='ocr_carea' id='block_1_60' title="bbox 309 4180 1899 4257">
    <p class='ocr_par' dir='ltr' id='par_1_60' title="bbox 309 4180 1899 4257">
     <span class='ocr_line' id='line_1_60' title="bbox 309 4180 1899 4257; baseline -0.003 -17"><span class='ocrx_word' id='word_1_470' title='bbox 309 4186 376 4240; x_wconf 69' lang='lat' dir='ltr'><strong>Et</strong></span> <span class='ocrx_word' id='word_1_471' title='bbox 398 4186 509 4257; x_wconf 80' lang='grc' dir='ltr'>γὰρ</span> <span class='ocrx_word' id='word_1_472' title='bbox 548 4188 581 4256; x_wconf 81' lang='grc' dir='ltr'>ἡ</span> <span class='ocrx_word' id='word_1_473' title='bbox 612 4186 842 4256; x_wconf 85' lang='grc' dir='ltr'>τήρησις</span> <span class='ocrx_word' id='word_1_474' title='bbox 870 4184 979 4238; x_wconf 85' lang='grc' dir='ltr'><strong>τῶν</strong></span> <span class='ocrx_word' id='word_1_475' title='bbox 1004 4182 1255 4247; x_wconf 76' lang='grc' dir='ltr'>ἐντολῶν,</span> <span class='ocrx_word' id='word_1_476' title='bbox 1306 4180 1406 4251; x_wconf 81' lang='grc' dir='ltr'>τὴν</span> <span class='ocrx_word' id='word_1_477' title='bbox 1446 4182 1526 4244; x_wconf 84' lang='grc' dir='ltr'><strong>είς</strong></span> <span class='ocrx_word' id='word_1_478' title='bbox 1560 4180 1721 4235; x_wconf 82' lang='grc' dir='ltr'>αὐτὸν</span> <span class='ocrx_word' id='word_1_479' title='bbox 1760 4182 1899 4250; x_wconf 82' lang='grc' dir='ltr'>ἀγά-</span> 
     </span>
    </p>
   </div>
   <div class='ocr_carea' id='block_1_61' title="bbox 309 4271 1900 4348">
    <p class='ocr_par' dir='ltr' id='par_1_61' title="bbox 309 4271 1900 4348">
     <span class='ocr_line' id='line_1_61' title="bbox 309 4271 1900 4348; baseline -0.003 -18"><span class='ocrx_word' id='word_1_480' title='bbox 309 4296 422 4348; x_wconf 84' lang='grc' dir='ltr'><strong>πην</strong></span> <span class='ocrx_word' id='word_1_481' title='bbox 448 4276 763 4345; x_wconf 72' lang='grc' dir='ltr'>ἐργάζεται,</span> <span class='ocrx_word' id='word_1_482' title='bbox 818 4273 1135 4345; x_wconf 83' lang='grc' dir='ltr'>κολλώμεθα</span> <span class='ocrx_word' id='word_1_483' title='bbox 1161 4273 1218 4326; x_wconf 79' lang='grc' dir='ltr'>δὲ</span> <span class='ocrx_word' id='word_1_484' title='bbox 1232 4271 1321 4325; x_wconf 81' lang='grc' dir='ltr'>διὰ</span> <span class='ocrx_word' id='word_1_485' title='bbox 1348 4271 1449 4342; x_wconf 88' lang='grc' dir='ltr'><strong>τῆς</strong></span> <span class='ocrx_word' id='word_1_486' title='bbox 1489 4273 1710 4341; x_wconf 83' lang='grc' dir='ltr'>ἀγάπης</span> <span class='ocrx_word' id='word_1_487' title='bbox 1749 4273 1900 4344; x_wconf 84' lang='grc' dir='ltr'><strong>αὐτῷ</strong></span> 
     </span>
    </p>
   </div>
   <div class='ocr_carea' id='block_1_62' title="bbox 311 4363 1896 4436">
    <p class='ocr_par' dir='ltr' id='par_1_62' title="bbox 311 4363 1896 4436">
     <span class='ocr_line' id='line_1_62' title="bbox 311 4363 1896 4436; baseline -0.001 -17"><span class='ocrx_word' id='word_1_488' title='bbox 311 4367 431 4431; x_wconf 84' lang='grc' dir='ltr'><strong>πῶς</strong></span> <span class='ocrx_word' id='word_1_489' title='bbox 459 4369 562 4421; x_wconf 78' lang='grc' dir='ltr'>οὐκ</span> <span class='ocrx_word' id='word_1_490' title='bbox 588 4365 787 4436; x_wconf 82' lang='grc' dir='ltr'>ἀληθὲς</span> <span class='ocrx_word' id='word_1_491' title='bbox 817 4368 875 4419; x_wconf 83' lang='grc' dir='ltr'>ὲν</span> <span class='ocrx_word' id='word_1_492' title='bbox 917 4364 1128 4427; x_wconf 77' lang='grc' dir='ltr'>τούτοις</span> <span class='ocrx_word' id='word_1_493' title='bbox 1172 4364 1421 4431; x_wconf 81' lang='grc' dir='ltr'>φαίνεται</span> <span class='ocrx_word' id='word_1_494' title='bbox 1467 4363 1528 4416; x_wconf 84' lang='grc' dir='ltr'>τὸ</span> <span class='ocrx_word' id='word_1_495' title='bbox 1568 4364 1896 4435; x_wconf 84' lang='grc' dir='ltr'>είρημένον;</span> 
     </span>
    </p>
   </div>
   <div class='ocr_carea' id='block_1_63' title="bbox 314 4454 1897 4529">
    <p class='ocr_par' dir='ltr' id='par_1_63' title="bbox 314 4454 1897 4529">
     <span class='ocr_line' id='line_1_63' title="bbox 314 4454 1897 4529; baseline -0.001 -19"><span class='ocrx_word' id='word_1_496' title='bbox 314 4459 524 4528; x_wconf 78' lang='grc' dir='ltr'>ὐνπερ</span> <span class='ocrx_word' id='word_1_497' title='bbox 550 4458 658 4529; x_wconf 74' lang='grc' dir='ltr'>γὰρ</span> <span class='ocrx_word' id='word_1_498' title='bbox 678 4458 879 4527; x_wconf 88' lang='grc' dir='ltr'>τρόπον</span> <span class='ocrx_word' id='word_1_499' title='bbox 906 4457 1003 4526; x_wconf 85' lang='grc' dir='ltr'><strong>τῆς</strong></span> <span class='ocrx_word' id='word_1_500' title='bbox 1025 4454 1267 4526; x_wconf 79' lang='grc' dir='ltr'>ἀμπέλου</span> <span class='ocrx_word' id='word_1_501' title='bbox 1288 4454 1348 4507; x_wconf 81' lang='grc' dir='ltr'>τὸ</span> <span class='ocrx_word' id='word_1_502' title='bbox 1371 4454 1612 4525; x_wconf 86' lang='grc' dir='ltr'>πρέμνον</span> <span class='ocrx_word' id='word_1_503' title='bbox 1640 4455 1737 4526; x_wconf 77' lang='grc' dir='ltr'><strong>τῆς</strong></span> <span class='ocrx_word' id='word_1_504' title='bbox 1760 4456 1897 4520; x_wconf 82' lang='grc' dir='ltr'>ἰδίας</span> 
     </span>
    </p>
   </div>
   <div class='ocr_carea' id='block_1_64' title="bbox 2018 1992 3596 2078">
    <p class='ocr_par' dir='ltr' id='par_1_64' title="bbox 2018 1992 3596 2078">
     <span class='ocr_line' id='line_1_64' title="bbox 2018 1992 3596 2078; baseline 0.01 -32"><span class='ocrx_word' id='word_1_505' title='bbox 2018 1992 2128 2048; x_wconf 91' lang='lat' dir='ltr'><strong>nisi</strong></span> <span class='ocrx_word' id='word_1_506' title='bbox 2175 1994 2434 2053; x_wconf 85' lang='lat' dir='ltr'><strong>Christus</strong></span> <span class='ocrx_word' id='word_1_507' title='bbox 2490 2000 2649 2055; x_wconf 90' lang='lat' dir='ltr'><strong>nobis</strong></span> <span class='ocrx_word' id='word_1_508' title='bbox 2695 1999 3115 2059; x_wconf 86' lang='lat' dir='ltr'><strong>fundamentum</strong></span> <span class='ocrx_word' id='word_1_509' title='bbox 3168 2005 3335 2061; x_wconf 80' lang='lat' dir='ltr'><strong>fuerit</strong></span> <span class='ocrx_word' id='word_1_510' title='bbox 3369 2007 3461 2078; x_wconf 81' lang='grc'><strong>⁸¹),</strong></span> <span class='ocrx_word' id='word_1_511' title='bbox 3503 2007 3596 2062; x_wconf 86' lang='lat' dir='ltr'><strong>hic</strong></span> 
     </span>
    </p>
   </div>
   <div class='ocr_carea' id='block_1_65' title="bbox 2017 2084 3595 2165">
    <p class='ocr_par' dir='ltr' id='par_1_65' title="bbox 2017 2084 3595 2165">
     <span class='ocr_line' id='line_1_65' title="bbox 2017 2084 3595 2165; baseline 0.011 -32"><span class='ocrx_word' id='word_1_512' title='bbox 2017 2097 2234 2152; x_wconf 81' lang='lat' dir='ltr'><strong>quoque</strong></span> <span class='ocrx_word' id='word_1_513' title='bbox 2265 2084 2454 2140; x_wconf 87' lang='lat' dir='ltr'><strong>eodem</strong></span> <span class='ocrx_word' id='word_1_514' title='bbox 2497 2102 2667 2143; x_wconf 89' lang='lat' dir='ltr'><strong>sensu</strong></span> <span class='ocrx_word' id='word_1_515' title='bbox 2696 2089 2864 2145; x_wconf 80' lang='lat' dir='ltr'><strong>vitem</strong></span> <span class='ocrx_word' id='word_1_516' title='bbox 2897 2091 3140 2162; x_wconf 89' lang='lat' dir='ltr'><strong>seipsum</strong></span> <span class='ocrx_word' id='word_1_517' title='bbox 3182 2108 3309 2150; x_wconf 89' lang='lat' dir='ltr'><strong>esse</strong></span> <span class='ocrx_word' id='word_1_518' title='bbox 3349 2096 3448 2161; x_wconf 92' lang='lat' dir='ltr'><strong>ait,</strong></span> <span class='ocrx_word' id='word_1_519' title='bbox 3473 2097 3595 2165; x_wconf 85' lang='lat' dir='ltr'><strong>pal-</strong></span> 
     </span>
    </p>
   </div>
   <div class='ocr_carea' id='block_1_66' title="bbox 2019 2174 3592 2250">
    <p class='ocr_par' dir='ltr' id='par_1_66' title="bbox 2019 2174 3592 2250">
     <span class='ocr_line' id='line_1_66' title="bbox 2019 2174 3592 2250; baseline 0.008 -24"><span class='ocrx_word' id='word_1_520' title='bbox 2019 2174 2214 2229; x_wconf 90' lang='lat' dir='ltr'><strong>mitum</strong></span> <span class='ocrx_word' id='word_1_521' title='bbox 2249 2177 2342 2246; x_wconf 91' lang='lat' dir='ltr'><strong>qui</strong></span> <span class='ocrx_word' id='word_1_522' title='bbox 2372 2193 2436 2232; x_wconf 81' lang='lat' dir='ltr'><strong>ex</strong></span> <span class='ocrx_word' id='word_1_523' title='bbox 2475 2193 2541 2234; x_wconf 87' lang='lat' dir='ltr'><strong>ea</strong></span> <span class='ocrx_word' id='word_1_524' title='bbox 2571 2179 2704 2235; x_wconf 63' lang='lat' dir='ltr'><strong>sunt</strong></span> <span class='ocrx_word' id='word_1_525' title='bbox 2733 2182 2892 2250; x_wconf 87' lang='lat' dir='ltr'><strong>quasi</strong></span> <span class='ocrx_word' id='word_1_526' title='bbox 2927 2190 3160 2239; x_wconf 84' lang='lat' dir='ltr'><strong>matrem</strong></span> <span class='ocrx_word' id='word_1_527' title='bbox 3200 2193 3256 2240; x_wconf 91' lang='lat' dir='ltr'><strong>et</strong></span> <span class='ocrx_word' id='word_1_528' title='bbox 3294 2185 3592 2239; x_wconf 89' lang='lat' dir='ltr'><strong>alumnam.</strong></span> 
     </span>
    </p>
   </div>
   <div class='ocr_carea' id='block_1_67' title="bbox 2017 2262 3599 2345">
    <p class='ocr_par' dir='ltr' id='par_1_67' title="bbox 2017 2262 3599 2345">
     <span class='ocr_line' id='line_1_67' title="bbox 2017 2262 3599 2345; baseline 0.009 -30"><span class='ocrx_word' id='word_1_529' title='bbox 2017 2262 2344 2334; x_wconf 79' lang='lat' dir='ltr'><strong>Regenerati</strong></span> <span class='ocrx_word' id='word_1_530' title='bbox 2374 2269 2518 2322; x_wconf 89' lang='lat' dir='ltr'><strong>enim</strong></span> <span class='ocrx_word' id='word_1_531' title='bbox 2550 2284 2744 2326; x_wconf 86' lang='lat' dir='ltr'><strong>sumus</strong></span> <span class='ocrx_word' id='word_1_532' title='bbox 2767 2286 2837 2327; x_wconf 72' lang='lat' dir='ltr'><strong>ex</strong></span> <span class='ocrx_word' id='word_1_533' title='bbox 2877 2272 2999 2342; x_wconf 89' lang='lat' dir='ltr'><strong>ipso</strong></span> <span class='ocrx_word' id='word_1_534' title='bbox 3036 2282 3090 2329; x_wconf 92' lang='lat' dir='ltr'><strong>et</strong></span> <span class='ocrx_word' id='word_1_535' title='bbox 3120 2274 3173 2328; x_wconf 91' lang='lat' dir='ltr'><strong>in</strong></span> <span class='ocrx_word' id='word_1_536' title='bbox 3204 2276 3347 2344; x_wconf 91' lang='lat' dir='ltr'><strong>ipso,</strong></span> <span class='ocrx_word' id='word_1_537' title='bbox 3380 2276 3434 2329; x_wconf 93' lang='lat' dir='ltr'><strong>in</strong></span> <span class='ocrx_word' id='word_1_538' title='bbox 3466 2275 3599 2345; x_wconf 75' lang='lat' dir='ltr'><strong>Spi-‘</strong></span> 
     </span>
    </p>
   </div>
   <div class='ocr_carea' id='block_1_68' title="bbox 2016 2354 3592 2429">
    <p class='ocr_par' dir='ltr' id='par_1_68' title="bbox 2016 2354 3592 2429">
     <span class='ocr_line' id='line_1_68' title="bbox 2016 2354 3592 2429; baseline 0.01 -22"><span class='ocrx_word' id='word_1_539' title='bbox 2016 2354 2143 2420; x_wconf 88' lang='lat' dir='ltr'><strong>ritu,</strong></span> <span class='ocrx_word' id='word_1_540' title='bbox 2186 2354 2257 2409; x_wconf 88' lang='lat' dir='ltr'><strong>ad</strong></span> <span class='ocrx_word' id='word_1_541' title='bbox 2294 2354 2585 2413; x_wconf 78' lang='lat' dir='ltr'><strong>ferendum</strong></span> <span class='ocrx_word' id='word_1_542' title='bbox 2618 2359 2857 2415; x_wconf 86' lang='lat' dir='ltr'><strong>fructum</strong></span> <span class='ocrx_word' id='word_1_543' title='bbox 2901 2362 3046 2429; x_wconf 62' lang='lat' dir='ltr'><strong>vitae,</strong></span> <span class='ocrx_word' id='word_1_544' title='bbox 3075 2380 3185 2418; x_wconf 89' lang='lat' dir='ltr'><strong>non</strong></span> <span class='ocrx_word' id='word_1_545' title='bbox 3213 2366 3417 2421; x_wconf 75' lang='lat' dir='ltr'><strong>veteris</strong></span> <span class='ocrx_word' id='word_1_546' title='bbox 3443 2367 3592 2423; x_wconf 90' lang='lat' dir='ltr'><strong>illius</strong></span> 
     </span>
    </p>
   </div>
   <div class='ocr_carea' id='block_1_69' title="bbox 2015 2447 3594 2520">
    <p class='ocr_par' dir='ltr' id='par_1_69' title="bbox 2015 2447 3594 2520">
     <span class='ocr_line' id='line_1_69' title="bbox 2015 2447 3594 2520; baseline 0.006 -19"><span class='ocrx_word' id='word_1_547' title='bbox 2015 2454 2071 2501; x_wconf 92' lang='lat' dir='ltr'><strong>et</strong></span> <span class='ocrx_word' id='word_1_548' title='bbox 2105 2447 2354 2513; x_wconf 61' lang='lat' dir='ltr'><strong>exoleta,</strong></span> <span class='ocrx_word' id='word_1_549' title='bbox 2390 2448 2485 2503; x_wconf 89' lang='lat' dir='ltr'><strong>sed</strong></span> <span class='ocrx_word' id='word_1_550' title='bbox 2535 2449 2655 2519; x_wconf 85' lang='lat' dir='ltr'><strong>ejus</strong></span> <span class='ocrx_word' id='word_1_551' title='bbox 2682 2467 2805 2520; x_wconf 79' lang='lat' dir='ltr'><strong>quae</strong></span> <span class='ocrx_word' id='word_1_552' title='bbox 2849 2454 3090 2508; x_wconf 84' lang='lat' dir='ltr'><strong>novitate</strong></span> <span class='ocrx_word' id='word_1_553' title='bbox 3115 2455 3240 2509; x_wconf 85' lang='lat' dir='ltr'><strong>vitae</strong></span> <span class='ocrx_word' id='word_1_554' title='bbox 3268 2463 3510 2520; x_wconf 88' lang='lat' dir='ltr'><strong>constat,</strong></span> <span class='ocrx_word' id='word_1_555' title='bbox 3536 2467 3594 2513; x_wconf 91' lang='lat' dir='ltr'><strong>et</strong></span> 
     </span>
    </p>
   </div>
   <div class='ocr_carea' id='block_1_70' title="bbox 2012 2538 3589 2615">
    <p class='ocr_par' dir='ltr' id='par_1_70' title="bbox 2012 2538 3589 2615">
     <span class='ocr_line' id='line_1_70' title="bbox 2012 2538 3589 2615; baseline 0.008 -24"><span class='ocrx_word' id='word_1_556' title='bbox 2012 2551 2139 2607; x_wconf 84' lang='lat' dir='ltr'><strong>erga</strong></span> <span class='ocrx_word' id='word_1_557' title='bbox 2168 2538 2347 2609; x_wconf 91' lang='lat' dir='ltr'><strong>ipsum</strong></span> <span class='ocrx_word' id='word_1_558' title='bbox 2375 2539 2672 2598; x_wconf 84' lang='lat' dir='ltr'><strong>charitate.</strong></span> <span class='ocrx_word' id='word_1_559' title='bbox 2705 2542 3116 2598; x_wconf 88' lang='lat' dir='ltr'><strong>Conservamur</strong></span> <span class='ocrx_word' id='word_1_560' title='bbox 3144 2555 3323 2601; x_wconf 89' lang='lat' dir='ltr'><strong>autem</strong></span> <span class='ocrx_word' id='word_1_561' title='bbox 3361 2545 3418 2600; x_wconf 91' lang='lat' dir='ltr'><strong>in</strong></span> <span class='ocrx_word' id='word_1_562' title='bbox 3447 2561 3589 2615; x_wconf 84' lang='lat' dir='ltr'><strong>esse,</strong></span> 
     </span>
    </p>
   </div>
   <div class='ocr_carea' id='block_1_71' title="bbox 2014 2626 3594 2697">
    <p class='ocr_par' dir='ltr' id='par_1_71' title="bbox 2014 2626 3594 2697">
     <span class='ocr_line' id='line_1_71' title="bbox 2014 2626 3594 2697; baseline 0.008 -18"><span class='ocrx_word' id='word_1_563' title='bbox 2014 2626 2118 2696; x_wconf 88' lang='lat' dir='ltr'><strong>ipsi</strong></span> <span class='ocrx_word' id='word_1_564' title='bbox 2160 2628 2569 2697; x_wconf 90' lang='lat' dir='ltr'><strong>quodammodo</strong></span> <span class='ocrx_word' id='word_1_565' title='bbox 2616 2630 2835 2697; x_wconf 86' lang='lat' dir='ltr'><strong>inserti,</strong></span> <span class='ocrx_word' id='word_1_566' title='bbox 2862 2640 2918 2687; x_wconf 90' lang='lat' dir='ltr'><strong>et</strong></span> <span class='ocrx_word' id='word_1_567' title='bbox 2948 2632 3152 2688; x_wconf 86' lang='lat' dir='ltr'><strong>tradito</strong></span> <span class='ocrx_word' id='word_1_568' title='bbox 3190 2635 3353 2690; x_wconf 88' lang='lat' dir='ltr'><strong>n‘obis</strong></span> <span class='ocrx_word' id='word_1_569' title='bbox 3397 2647 3594 2691; x_wconf 88' lang='lat' dir='ltr'><strong>sancto</strong></span> 
     </span>
    </p>
   </div>
   <div class='ocr_carea' id='block_1_72' title="bbox 2014 2717 3603 2789">
    <p class='ocr_par' dir='ltr' id='par_1_72' title="bbox 2014 2717 3603 2789">
     <span class='ocr_line' id='line_1_72' title="bbox 2014 2717 3603 2789; baseline 0.008 -18"><span class='ocrx_word' id='word_1_570' title='bbox 2014 2717 2272 2773; x_wconf 77' lang='lat' dir='ltr'><strong>mandato</strong></span> <span class='ocrx_word' id='word_1_571' title='bbox 2313 2720 2594 2776; x_wconf 91' lang='lat' dir='ltr'><strong>mordicus</strong></span> <span class='ocrx_word' id='word_1_572' title='bbox 2630 2721 2988 2789; x_wconf 84' lang='lat' dir='ltr'><strong>inhaerentes,</strong></span> <span class='ocrx_word' id='word_1_573' title='bbox 3024 2733 3080 2779; x_wconf 90' lang='lat' dir='ltr'><strong>et</strong></span> <span class='ocrx_word' id='word_1_574' title='bbox 3123 2725 3433 2784; x_wconf 88' lang='lat' dir='ltr'><strong>nobilitatis</strong></span> <span class='ocrx_word' id='word_1_575' title='bbox 3485 2729 3603 2783; x_wconf 26' lang='lat' dir='ltr'><strong>ho~r</strong></span> 
     </span>
    </p>
   </div>
   <div class='ocr_carea' id='block_1_73' title="bbox 2013 2810 3590 2888">
    <p class='ocr_par' dir='ltr' id='par_1_73' title="bbox 2013 2810 3590 2888">
     <span class='ocr_line' id='line_1_73' title="bbox 2013 2810 3590 2888; baseline 0.006 -26"><span class='ocrx_word' id='word_1_576' title='bbox 2013 2824 2146 2862; x_wconf 90' lang='lat' dir='ltr'><strong>num</strong></span> <span class='ocrx_word' id='word_1_577' title='bbox 2180 2825 2403 2865; x_wconf 86' lang='lat' dir='ltr'><strong>servare</strong></span> <span class='ocrx_word' id='word_1_578' title='bbox 2433 2810 2737 2877; x_wconf 88' lang='lat' dir='ltr'><strong>studentes,</strong></span> <span class='ocrx_word' id='word_1_579' title='bbox 2780 2812 2834 2868; x_wconf 91' lang='lat' dir='ltr'><strong>id</strong></span> <span class='ocrx_word' id='word_1_580' title='bbox 2862 2823 2967 2880; x_wconf 84' lang='lat' dir='ltr'><strong>est,</strong></span> <span class='ocrx_word' id='word_1_581' title='bbox 3011 2828 3121 2867; x_wconf 89' lang='lat' dir='ltr'><strong>non</strong></span> <span class='ocrx_word' id='word_1_582' title='bbox 3153 2814 3401 2871; x_wconf 87' lang='lat' dir='ltr'><strong>sinentes</strong></span> <span class='ocrx_word' id='word_1_583' title='bbox 3432 2832 3590 2888; x_wconf 85' lang='lat' dir='ltr'><strong>pror-</strong></span> 
     </span>
    </p>
   </div>
   <div class='ocr_carea' id='block_1_74' title="bbox 2013 2900 3588 2974">
    <p class='ocr_par' dir='ltr' id='par_1_74' title="bbox 2013 2900 3588 2974">
     <span class='ocr_line' id='line_1_74' title="bbox 2013 2900 3588 2974; baseline 0.004 -18"><span class='ocrx_word' id='word_1_584' title='bbox 2013 2916 2109 2957; x_wconf 87' lang='lat' dir='ltr'><strong>sus</strong></span> <span class='ocrx_word' id='word_1_585' title='bbox 2164 2900 2561 2958; x_wconf 87' lang='lat' dir='ltr'><strong>inhabitantem</strong></span> <span class='ocrx_word' id='word_1_586' title='bbox 2598 2903 2653 2957; x_wconf 90' lang='lat' dir='ltr'><strong>in</strong></span> <span class='ocrx_word' id='word_1_587' title='bbox 2687 2902 2850 2959; x_wconf 89' lang='lat' dir='ltr'><strong>nobis</strong></span> <span class='ocrx_word' id='word_1_588' title='bbox 2880 2903 3146 2974; x_wconf 85' lang='lat' dir='ltr'><strong>Spiritum</strong></span> <span class='ocrx_word' id='word_1_589' title='bbox 3177 2906 3264 2961; x_wconf 86' lang='lat' dir='ltr'><strong>vel</strong></span> <span class='ocrx_word' id='word_1_590' title='bbox 3297 2906 3588 2963; x_wconf 86' lang='lat' dir='ltr'><strong>minimum</strong></span> 
     </span>
    </p>
   </div>
   <div class='ocr_carea' id='block_1_75' title="bbox 2012 2991 3593 3063">
    <p class='ocr_par' dir='ltr' id='par_1_75' title="bbox 2012 2991 3593 3063">
     <span class='ocr_line' id='line_1_75' title="bbox 2012 2991 3593 3063; baseline 0.005 -17"><span class='ocrx_word' id='word_1_591' title='bbox 2012 2991 2353 3055; x_wconf 82' lang='lat' dir='ltr'><strong>contristari,</strong></span> <span class='ocrx_word' id='word_1_592' title='bbox 2390 3006 2487 3062; x_wconf 89' lang='lat' dir='ltr'><strong>per</strong></span> <span class='ocrx_word' id='word_1_593' title='bbox 2515 3007 2679 3063; x_wconf 88' lang='lat' dir='ltr'><strong>quem</strong></span> <span class='ocrx_word' id='word_1_594' title='bbox 2711 2992 2963 3049; x_wconf 88' lang='lat' dir='ltr'><strong>habitare</strong></span> <span class='ocrx_word' id='word_1_595' title='bbox 3014 2994 3073 3048; x_wconf 85' lang='lat' dir='ltr'><strong>in</strong></span> <span class='ocrx_word' id='word_1_596' title='bbox 3107 2994 3273 3051; x_wconf 86' lang='lat' dir='ltr'><strong>nobis</strong></span> <span class='ocrx_word' id='word_1_597' title='bbox 3317 2995 3464 3053; x_wconf 88' lang='lat' dir='ltr'><strong>Deus</strong></span> <span class='ocrx_word' id='word_1_598' title='bbox 3506 2999 3593 3054; x_wconf 89' lang='lat' dir='ltr'><strong>in-</strong></span> 
     </span>
    </p>
   </div>
   <div class='ocr_carea' id='block_1_76' title="bbox 2011 3080 3591 3153">
    <p class='ocr_par' dir='ltr' id='par_1_76' title="bbox 2011 3080 3591 3153">
     <span class='ocr_line' id='line_1_76' title="bbox 2011 3080 3591 3153; baseline 0.007 -18"><span class='ocrx_word' id='word_1_599' title='bbox 2011 3082 2295 3153; x_wconf 84' lang='lat' dir='ltr'><strong>telligitur.</strong></span> <span class='ocrx_word' id='word_1_600' title='bbox 2329 3080 2619 3148; x_wconf 87' lang='lat' dir='ltr'><strong>Quomodo</strong></span> <span class='ocrx_word' id='word_1_601' title='bbox 2646 3084 2795 3139; x_wconf 86' lang='lat' dir='ltr'><strong>enim</strong></span> <span class='ocrx_word' id='word_1_602' title='bbox 2842 3085 3016 3141; x_wconf 91' lang='lat' dir='ltr'><strong>simus</strong></span> <span class='ocrx_word' id='word_1_603' title='bbox 3064 3085 3123 3139; x_wconf 91' lang='lat' dir='ltr'><strong>in</strong></span> <span class='ocrx_word' id='word_1_604' title='bbox 3172 3086 3417 3153; x_wconf 89' lang='lat' dir='ltr'><strong>Christo,</strong></span> <span class='ocrx_word' id='word_1_605' title='bbox 3462 3098 3516 3145; x_wconf 87' lang='lat' dir='ltr'><strong>et</strong></span> <span class='ocrx_word' id='word_1_606' title='bbox 3543 3091 3591 3147; x_wconf 83' lang='lat' dir='ltr'><strong>is</strong></span> 
     </span>
    </p>
   </div>
   <div class='ocr_carea' id='block_1_77' title="bbox 2013 3174 3590 3245">
    <p class='ocr_par' dir='ltr' id='par_1_77' title="bbox 2013 3174 3590 3245">
     <span class='ocr_line' id='line_1_77' title="bbox 2013 3174 3590 3245; baseline 0.004 -17"><span class='ocrx_word' id='word_1_607' title='bbox 2013 3174 2067 3229; x_wconf 95' lang='lat' dir='ltr'><strong>in</strong></span> <span class='ocrx_word' id='word_1_608' title='bbox 2096 3174 2280 3238; x_wconf 85' lang='lat' dir='ltr'><strong>nobis,</strong></span> <span class='ocrx_word' id='word_1_609' title='bbox 2314 3175 2430 3245; x_wconf 90' lang='lat' dir='ltr'><strong>ipse</strong></span> <span class='ocrx_word' id='word_1_610' title='bbox 2461 3175 2622 3230; x_wconf 91' lang='lat' dir='ltr'><strong>nobis</strong></span> <span class='ocrx_word' id='word_1_611' title='bbox 2654 3175 2874 3245; x_wconf 89' lang='lat' dir='ltr'><strong>sapiens</strong></span> <span class='ocrx_word' id='word_1_612' title='bbox 2925 3174 3169 3233; x_wconf 85' lang='lat' dir='ltr'><strong>Joannes</strong></span> <span class='ocrx_word' id='word_1_613' title='bbox 3198 3178 3478 3245; x_wconf 86' lang='lat' dir='ltr'><strong>ostendat,</strong></span> <span class='ocrx_word' id='word_1_614' title='bbox 3503 3179 3590 3235; x_wconf 86' lang='lat' dir='ltr'><strong>di-</strong></span> 
     </span>
    </p>
   </div>
   <div class='ocr_carea' id='block_1_78' title="bbox 2012 3266 3589 3337">
    <p class='ocr_par' dir='ltr' id='par_1_78' title="bbox 2012 3266 3589 3337">
     <span class='ocr_line' id='line_1_78' title="bbox 2012 3266 3589 3337; baseline 0.003 -16"><span class='ocrx_word' id='word_1_615' title='bbox 2012 3281 2185 3321; x_wconf 89' lang='lat' dir='ltr'><strong>cens:</strong></span> <span class='ocrx_word' id='word_1_616' title='bbox 2234 3284 2253 3318; x_wconf 72' lang='grc' dir='ltr'><strong>ε</strong></span> <span class='ocrx_word' id='word_1_617' title='bbox 2294 3266 2351 3320; x_wconf 91' lang='lat' dir='ltr'><strong>ln</strong></span> <span class='ocrx_word' id='word_1_618' title='bbox 2378 3266 2486 3320; x_wconf 88' lang='lat' dir='ltr'><strong>hoc</strong></span> <span class='ocrx_word' id='word_1_619' title='bbox 2515 3268 2906 3337; x_wconf 75' lang='lat' dir='ltr'><strong>cognoscimus</strong></span> <span class='ocrx_word' id='word_1_620' title='bbox 2964 3269 3224 3337; x_wconf 82' lang='lat' dir='ltr'><strong>quoniam</strong></span> <span class='ocrx_word' id='word_1_621' title='bbox 3269 3269 3327 3324; x_wconf 92' lang='lat' dir='ltr'><strong>in</strong></span> <span class='ocrx_word' id='word_1_622' title='bbox 3374 3285 3440 3325; x_wconf 91' lang='lat' dir='ltr'><strong>eo</strong></span> <span class='ocrx_word' id='word_1_623' title='bbox 3468 3286 3589 3326; x_wconf 89' lang='lat' dir='ltr'><strong>ma-</strong></span> 
     </span>
    </p>
   </div>
   <div class='ocr_carea' id='block_1_79' title="bbox 2009 3356 3589 3427">
    <p class='ocr_par' dir='ltr' id='par_1_79' title="bbox 2009 3356 3589 3427">
     <span class='ocr_line' id='line_1_79' title="bbox 2009 3356 3589 3427; baseline 0.003 -16"><span class='ocrx_word' id='word_1_624' title='bbox 2009 3373 2227 3422; x_wconf 89' lang='lat' dir='ltr'><strong>nemus,</strong></span> <span class='ocrx_word' id='word_1_625' title='bbox 2264 3366 2319 3412; x_wconf 90' lang='lat' dir='ltr'><strong>et</strong></span> <span class='ocrx_word' id='word_1_626' title='bbox 2350 3356 2472 3427; x_wconf 90' lang='lat' dir='ltr'><strong>ipse</strong></span> <span class='ocrx_word' id='word_1_627' title='bbox 2525 3356 2581 3410; x_wconf 91' lang='lat' dir='ltr'><strong>in</strong></span> <span class='ocrx_word' id='word_1_628' title='bbox 2614 3357 2795 3422; x_wconf 82' lang='lat' dir='ltr'><strong>nobis,</strong></span> <span class='ocrx_word' id='word_1_629' title='bbox 2836 3357 3100 3426; x_wconf 92' lang='lat' dir='ltr'><strong>quoniam</strong></span> <span class='ocrx_word' id='word_1_630' title='bbox 3131 3358 3200 3414; x_wconf 89' lang='lat' dir='ltr'><strong>de</strong></span> <span class='ocrx_word' id='word_1_631' title='bbox 3243 3357 3454 3415; x_wconf 84' lang='lat' dir='ltr'><strong>Sniritu</strong></span> <span class='ocrx_word' id='word_1_632' title='bbox 3484 3376 3589 3416; x_wconf 91' lang='lat' dir='ltr'><strong>suo</strong></span> 
     </span>
    </p>
   </div>
   <div class='ocr_carea' id='block_1_80' title="bbox 2009 3448 3590 3524">
    <p class='ocr_par' dir='ltr' id='par_1_80' title="bbox 2009 3448 3590 3524">
     <span class='ocr_line' id='line_1_80' title="bbox 2009 3448 3590 3524; baseline 0.001 -17"><span class='ocrx_word' id='word_1_633' title='bbox 2009 3451 2162 3507; x_wconf 87' lang='lat' dir='ltr'><strong>dedit</strong></span> <span class='ocrx_word' id='word_1_634' title='bbox 2188 3449 2359 3522; x_wconf 77' lang='lat'><strong>858</strong></span> <span class='ocrx_word' id='word_1_635' title='bbox 2385 3448 2549 3505; x_wconf 88' lang='lat' dir='ltr'><strong>nobis</strong></span> <span class='ocrx_word' id='word_1_636' title='bbox 2573 3449 2639 3503; x_wconf 70' lang='grc' dir='ltr'><strong>ε’.</strong></span> <span class='ocrx_word' id='word_1_637' title='bbox 2683 3467 2702 3501; x_wconf 75' lang='grc' dir='ltr'><strong>ι</strong></span> <span class='ocrx_word' id='word_1_638' title='bbox 2745 3448 2811 3502; x_wconf 85' lang='grc' dir='ltr'><strong>Ει</strong></span> <span class='ocrx_word' id='word_1_639' title='bbox 2840 3464 3069 3507; x_wconf 88' lang='lat' dir='ltr'><strong>rursus:</strong></span> <span class='ocrx_word' id='word_1_640' title='bbox 3116 3469 3135 3502; x_wconf 74' lang='grc' dir='ltr'><strong>ε</strong></span> <span class='ocrx_word' id='word_1_641' title='bbox 3172 3450 3228 3506; x_wconf 87' lang='lat' dir='ltr'><strong>In</strong></span> <span class='ocrx_word' id='word_1_642' title='bbox 3252 3452 3360 3507; x_wconf 90' lang='lat' dir='ltr'><strong>hoc</strong></span> <span class='ocrx_word' id='word_1_643' title='bbox 3390 3449 3590 3524; x_wconf 79' lang='lat' dir='ltr'><strong>cogno-</strong></span> 
     </span>
    </p>
   </div>
   <div class='ocr_carea' id='block_1_81' title="bbox 2008 3541 3586 3612">
    <p class='ocr_par' dir='ltr' id='par_1_81' title="bbox 2008 3541 3586 3612">
     <span class='ocr_line' id='line_1_81' title="bbox 2008 3541 3586 3612; baseline 0.002 -14"><span class='ocrx_word' id='word_1_644' title='bbox 2008 3544 2215 3598; x_wconf 88' lang='lat' dir='ltr'><strong>scimus</strong></span> <span class='ocrx_word' id='word_1_645' title='bbox 2249 3543 2378 3612; x_wconf 76' lang='lat' dir='ltr'><strong>quia</strong></span> <span class='ocrx_word' id='word_1_646' title='bbox 2437 3542 2494 3596; x_wconf 89' lang='lat' dir='ltr'><strong>in</strong></span> <span class='ocrx_word' id='word_1_647' title='bbox 2528 3541 2650 3612; x_wconf 90' lang='lat' dir='ltr'><strong>ipso</strong></span> <span class='ocrx_word' id='word_1_648' title='bbox 2696 3557 2889 3597; x_wconf 90' lang='lat' dir='ltr'><strong>sumus</strong></span> <span class='ocrx_word' id='word_1_649' title='bbox 2911 3542 2977 3597; x_wconf 79' lang='grc'><strong>⁸³.</strong></span> <span class='ocrx_word' id='word_1_650' title='bbox 3005 3572 3076 3582; x_wconf 91' lang='lat'>-</span> <span class='ocrx_word' id='word_1_651' title='bbox 3110 3542 3213 3609; x_wconf 86' lang='lat' dir='ltr'><strong>Qui</strong></span> <span class='ocrx_word' id='word_1_652' title='bbox 3261 3544 3399 3599; x_wconf 88' lang='lat' dir='ltr'><strong>dicit</strong></span> <span class='ocrx_word' id='word_1_653' title='bbox 3435 3560 3495 3600; x_wconf 90' lang='lat' dir='ltr'><strong>se</strong></span> <span class='ocrx_word' id='word_1_654' title='bbox 3529 3546 3586 3601; x_wconf 91' lang='lat' dir='ltr'><strong>iu</strong></span> 
     </span>
    </p>
   </div>
   <div class='ocr_carea' id='block_1_82' title="bbox 2007 3633 3588 3707">
    <p class='ocr_par' dir='ltr' id='par_1_82' title="bbox 2007 3633 3588 3707">
     <span class='ocr_line' id='line_1_82' title="bbox 2007 3633 3588 3707; baseline 0.004 -20"><span class='ocrx_word' id='word_1_655' title='bbox 2007 3633 2128 3704; x_wconf 92' lang='lat' dir='ltr'><strong>ipso</strong></span> <span class='ocrx_word' id='word_1_656' title='bbox 2172 3649 2416 3699; x_wconf 87' lang='lat' dir='ltr'><strong>manere,</strong></span> <span class='ocrx_word' id='word_1_657' title='bbox 2458 3633 2642 3699; x_wconf 91' lang='lat' dir='ltr'><strong>debet,</strong></span> <span class='ocrx_word' id='word_1_658' title='bbox 2684 3633 2828 3690; x_wconf 89' lang='lat' dir='ltr'><strong>sicut</strong></span> <span class='ocrx_word' id='word_1_659' title='bbox 2860 3634 2954 3689; x_wconf 90' lang='lat' dir='ltr'><strong>ille</strong></span> <span class='ocrx_word' id='word_1_660' title='bbox 2994 3635 3323 3701; x_wconf 84' lang='lat' dir='ltr'><strong>ambulavit,</strong></span> <span class='ocrx_word' id='word_1_661' title='bbox 3367 3644 3422 3692; x_wconf 92' lang='lat' dir='ltr'><strong>et</strong></span> <span class='ocrx_word' id='word_1_662' title='bbox 3469 3637 3588 3707; x_wconf 89' lang='lat' dir='ltr'><strong>ipse</strong></span> 
     </span>
    </p>
   </div>
   <div class='ocr_carea' id='block_1_83' title="bbox 2005 3723 3585 3796">
    <p class='ocr_par' dir='ltr' id='par_1_83' title="bbox 2005 3723 3585 3796">
     <span class='ocr_line' id='line_1_83' title="bbox 2005 3723 3585 3796; baseline 0.003 -19"><span class='ocrx_word' id='word_1_663' title='bbox 2005 3723 2288 3780; x_wconf 87' lang='lat' dir='ltr'><strong>ambulare</strong></span> <span class='ocrx_word' id='word_1_664' title='bbox 2309 3724 2378 3779; x_wconf 73' lang='grc'><strong>⁸⁸.</strong></span> <span class='ocrx_word' id='word_1_665' title='bbox 2413 3743 2434 3776; x_wconf 72' lang='grc' dir='ltr'><strong>ι</strong></span> <span class='ocrx_word' id='word_1_666' title='bbox 2464 3723 2622 3790; x_wconf 90' lang='lat' dir='ltr'><strong>Quod</strong></span> <span class='ocrx_word' id='word_1_667' title='bbox 2656 3723 2821 3778; x_wconf 88' lang='lat' dir='ltr'><strong>etiam</strong></span> <span class='ocrx_word' id='word_1_668' title='bbox 2852 3723 3201 3780; x_wconf 87' lang='lat' dir='ltr'><strong>auditoribus</strong></span> <span class='ocrx_word' id='word_1_669' title='bbox 3240 3727 3446 3781; x_wconf 88' lang='lat' dir='ltr'><strong>clarius</strong></span> <span class='ocrx_word' id='word_1_670' title='bbox 3485 3742 3585 3796; x_wconf 85' lang='lat' dir='ltr'><strong>pa-</strong></span> 
     </span>
    </p>
   </div>
   <div class='ocr_carea' id='block_1_84' title="bbox 2004 3813 3585 3881">
    <p class='ocr_par' dir='ltr' id='par_1_84' title="bbox 2004 3813 3585 3881">
     <span class='ocr_line' id='line_1_84' title="bbox 2004 3813 3585 3881; baseline 0.004 -12"><span class='ocrx_word' id='word_1_671' title='bbox 2004 3813 2293 3880; x_wconf 82' lang='lat' dir='ltr'><strong>tefaciens,</strong></span> <span class='ocrx_word' id='word_1_672' title='bbox 2329 3815 2405 3869; x_wconf 93' lang='lat' dir='ltr'><strong>ita</strong></span> <span class='ocrx_word' id='word_1_673' title='bbox 2436 3830 2631 3871; x_wconf 87' lang='lat' dir='ltr'><strong>rursus</strong></span> <span class='ocrx_word' id='word_1_674' title='bbox 2668 3815 2830 3869; x_wconf 91' lang='lat' dir='ltr'><strong>inﬁt:</strong></span> <span class='ocrx_word' id='word_1_675' title='bbox 2884 3832 2906 3866; x_wconf 73' lang='grc'><strong>(</strong></span> <span class='ocrx_word' id='word_1_676' title='bbox 2957 3815 3063 3881; x_wconf 93' lang='lat' dir='ltr'><strong>Qui</strong></span> <span class='ocrx_word' id='word_1_677' title='bbox 3098 3824 3283 3871; x_wconf 84' lang='lat' dir='ltr'><strong>servat</strong></span> <span class='ocrx_word' id='word_1_678' title='bbox 3330 3820 3585 3874; x_wconf 84' lang='lat' dir='ltr'><strong>mandata</strong></span> 
     </span>
    </p>
   </div>
   <div class='ocr_carea' id='block_1_85' title="bbox 2004 3905 3585 3976">
    <p class='ocr_par' dir='ltr' id='par_1_85' title="bbox 2004 3905 3585 3976">
     <span class='ocr_line' id='line_1_85' title="bbox 2004 3905 3585 3976; baseline 0.004 -16"><span class='ocrx_word' id='word_1_679' title='bbox 2004 3906 2147 3976; x_wconf 90' lang='lat' dir='ltr'><strong>ejus,</strong></span> <span class='ocrx_word' id='word_1_680' title='bbox 2177 3906 2233 3962; x_wconf 91' lang='lat' dir='ltr'><strong>in</strong></span> <span class='ocrx_word' id='word_1_681' title='bbox 2268 3907 2361 3961; x_wconf 91' lang='lat' dir='ltr'><strong>illo</strong></span> <span class='ocrx_word' id='word_1_682' title='bbox 2387 3914 2592 3973; x_wconf 87' lang='lat' dir='ltr'><strong>manet,</strong></span> <span class='ocrx_word' id='word_1_683' title='bbox 2625 3914 2679 3961; x_wconf 92' lang='lat' dir='ltr'><strong>et</strong></span> <span class='ocrx_word' id='word_1_684' title='bbox 2708 3907 2827 3976; x_wconf 91' lang='lat' dir='ltr'><strong>ipse</strong></span> <span class='ocrx_word' id='word_1_685' title='bbox 2853 3905 2910 3961; x_wconf 91' lang='lat' dir='ltr'><strong>in</strong></span> <span class='ocrx_word' id='word_1_686' title='bbox 2943 3921 3019 3961; x_wconf 91' lang='lat' dir='ltr'><strong>eo</strong></span> <span class='ocrx_word' id='word_1_687' title='bbox 3041 3907 3108 3960; x_wconf 79' lang='grc'><strong>⁸⁸.</strong></span> <span class='ocrx_word' id='word_1_688' title='bbox 3147 3926 3167 3960; x_wconf 72' lang='grc' dir='ltr'><strong>ι</strong></span> <span class='ocrx_word' id='word_1_689' title='bbox 3202 3906 3336 3963; x_wconf 83' lang='lat' dir='ltr'><strong>Nam</strong></span> <span class='ocrx_word' id='word_1_690' title='bbox 3364 3909 3409 3965; x_wconf 90' lang='lat' dir='ltr'><strong>si</strong></span> <span class='ocrx_word' id='word_1_691' title='bbox 3433 3925 3585 3967; x_wconf 84' lang='lat' dir='ltr'><strong>man-</strong></span> 
     </span>
    </p>
   </div>
   <div class='ocr_carea' id='block_1_86' title="bbox 2004 3998 3585 4073">
    <p class='ocr_par' dir='ltr' id='par_1_86' title="bbox 2004 3998 3585 4073">
     <span class='ocr_line' id='line_1_86' title="bbox 2004 3998 3585 4073; baseline 0.003 -20"><span class='ocrx_word' id='word_1_692' title='bbox 2004 3998 2259 4054; x_wconf 86' lang='lat' dir='ltr'><strong>datorum</strong></span> <span class='ocrx_word' id='word_1_693' title='bbox 2308 3999 2623 4055; x_wconf 81' lang='lat' dir='ltr'><strong>observatio</strong></span> <span class='ocrx_word' id='word_1_694' title='bbox 2657 3999 3012 4054; x_wconf 90' lang='lat' dir='ltr'><strong>dilectionem</strong></span> <span class='ocrx_word' id='word_1_695' title='bbox 3058 3999 3114 4053; x_wconf 88' lang='lat' dir='ltr'><strong>in</strong></span> <span class='ocrx_word' id='word_1_696' title='bbox 3149 4000 3330 4070; x_wconf 89' lang='lat' dir='ltr'><strong>ipsum</strong></span> <span class='ocrx_word' id='word_1_697' title='bbox 3381 4016 3585 4073; x_wconf 79' lang='lat' dir='ltr'><strong>opera-</strong></span> 
     </span>
    </p>
   </div>
   <div class='ocr_carea' id='block_1_87' title="bbox 2005 4089 3584 4163">
    <p class='ocr_par' dir='ltr' id='par_1_87' title="bbox 2005 4089 3584 4163">
     <span class='ocr_line' id='line_1_87' title="bbox 2005 4089 3584 4163; baseline 0.004 -18"><span class='ocrx_word' id='word_1_698' title='bbox 2005 4100 2116 4155; x_wconf 88' lang='lat' dir='ltr'><strong>tur,</strong></span> <span class='ocrx_word' id='word_1_699' title='bbox 2150 4099 2207 4146; x_wconf 93' lang='lat' dir='ltr'><strong>et</strong></span> <span class='ocrx_word' id='word_1_700' title='bbox 2240 4104 2337 4159; x_wconf 91' lang='lat' dir='ltr'><strong>per</strong></span> <span class='ocrx_word' id='word_1_701' title='bbox 2385 4089 2736 4145; x_wconf 84' lang='lat' dir='ltr'><strong>dilectionem</strong></span> <span class='ocrx_word' id='word_1_702' title='bbox 2775 4091 2824 4146; x_wconf 88' lang='lat' dir='ltr'><strong>ei</strong></span> <span class='ocrx_word' id='word_1_703' title='bbox 2858 4089 3268 4159; x_wconf 85' lang='lat' dir='ltr'><strong>conjungimur,</strong></span> <span class='ocrx_word' id='word_1_704' title='bbox 3305 4094 3584 4163; x_wconf 87' lang='lat' dir='ltr'><strong>quomodo</strong></span> 
     </span>
    </p>
   </div>
   <div class='ocr_carea' id='block_1_88' title="bbox 2004 4172 3585 4249">
    <p class='ocr_par' dir='ltr' id='par_1_88' title="bbox 2004 4172 3585 4249">
     <span class='ocr_line' id='line_1_88' title="bbox 2004 4172 3585 4249; baseline 0.001 -13"><span class='ocrx_word' id='word_1_705' title='bbox 2004 4197 2113 4236; x_wconf 87' lang='lat' dir='ltr'><strong>non</strong></span> <span class='ocrx_word' id='word_1_706' title='bbox 2167 4181 2253 4235; x_wconf 87' lang='lat' dir='ltr'><strong>hic</strong></span> <span class='ocrx_word' id='word_1_707' title='bbox 2304 4195 2496 4236; x_wconf 88' lang='lat' dir='ltr'><strong>verum</strong></span> <span class='ocrx_word' id='word_1_708' title='bbox 2539 4194 2664 4235; x_wconf 87' lang='lat' dir='ltr'><strong>esse</strong></span> <span class='ocrx_word' id='word_1_709' title='bbox 2721 4180 2939 4234; x_wconf 90' lang='lat' dir='ltr'><strong>videtur</strong></span> <span class='ocrx_word' id='word_1_710' title='bbox 2992 4172 3142 4249; x_wconf 88' lang='lat' dir='ltr'><strong>quod</strong></span> <span class='ocrx_word' id='word_1_711' title='bbox 3193 4181 3406 4236; x_wconf 90' lang='lat' dir='ltr'><strong>dictum</strong></span> <span class='ocrx_word' id='word_1_712' title='bbox 3454 4183 3585 4238; x_wconf 74' lang='lat' dir='ltr'><strong>est?</strong></span> 
     </span>
    </p>
   </div>
   <div class='ocr_carea' id='block_1_89' title="bbox 2002 4268 3580 4343">
    <p class='ocr_par' dir='ltr' id='par_1_89' title="bbox 2002 4268 3580 4343">
     <span class='ocr_line' id='line_1_89' title="bbox 2002 4268 3580 4343; baseline 0.001 -18"><span class='ocrx_word' id='word_1_713' title='bbox 2002 4270 2473 4338; x_wconf 84' lang='lat' dir='ltr'><strong>Quemadmodum</strong></span> <span class='ocrx_word' id='word_1_714' title='bbox 2509 4271 2655 4326; x_wconf 91' lang='lat' dir='ltr'><strong>enim</strong></span> <span class='ocrx_word' id='word_1_715' title='bbox 2699 4270 2859 4324; x_wconf 81' lang='lat' dir='ltr'><strong>radix</strong></span> <span class='ocrx_word' id='word_1_716' title='bbox 2899 4268 3208 4325; x_wconf 67' lang='lat' dir='ltr'><strong>naturalem</strong></span> <span class='ocrx_word' id='word_1_717' title='bbox 3251 4284 3406 4326; x_wconf 90' lang='lat' dir='ltr'><strong>suam</strong></span> <span class='ocrx_word' id='word_1_718' title='bbox 3438 4288 3580 4343; x_wconf 89' lang='lat' dir='ltr'><strong>qua-</strong></span> 
     </span>
    </p>
   </div>
   <div class='ocr_carea' id='block_1_90' title="bbox 2002 4360 3581 4433">
    <p class='ocr_par' dir='ltr' id='par_1_90' title="bbox 2002 4360 3581 4433">
     <span class='ocr_line' id='line_1_90' title="bbox 2002 4360 3581 4433; baseline 0.004 -18"><span class='ocrx_word' id='word_1_719' title='bbox 2002 4362 2213 4416; x_wconf 87' lang='lat' dir='ltr'><strong>litatem</strong></span> <span class='ocrx_word' id='word_1_720' title='bbox 2270 4360 2585 4432; x_wconf 87' lang='lat' dir='ltr'><strong>palmitibus</strong></span> <span class='ocrx_word' id='word_1_721' title='bbox 2625 4360 2906 4430; x_wconf 89' lang='lat' dir='ltr'><strong>impertit,</strong></span> <span class='ocrx_word' id='word_1_722' title='bbox 2963 4361 3045 4416; x_wconf 89' lang='lat' dir='ltr'><strong>sic</strong></span> <span class='ocrx_word' id='word_1_723' title='bbox 3098 4362 3441 4433; x_wconf 83' lang='lat' dir='ltr'><strong>unigenitum</strong></span> <span class='ocrx_word' id='word_1_724' title='bbox 3482 4364 3581 4423; x_wconf 88' lang='lat' dir='ltr'><strong>Dei</strong></span> 
     </span>
    </p>
   </div>
   <div class='ocr_carea' id='block_1_91' title="bbox 2000 4450 3580 4524">
    <p class='ocr_par' dir='ltr' id='par_1_91' title="bbox 2000 4450 3580 4524">
     <span class='ocr_line' id='line_1_91' title="bbox 2000 4450 3580 4524; baseline 0.004 -19"><span class='ocrx_word' id='word_1_725' title='bbox 2000 4451 2245 4507; x_wconf 82' lang='lat' dir='ltr'><strong>Verbum</strong></span> <span class='ocrx_word' id='word_1_726' title='bbox 2294 4451 2389 4508; x_wconf 90' lang='lat' dir='ltr'><strong>Dei</strong></span> <span class='ocrx_word' id='word_1_727' title='bbox 2454 4466 2519 4507; x_wconf 90' lang='lat' dir='ltr'><strong>ac</strong></span> <span class='ocrx_word' id='word_1_728' title='bbox 2566 4450 2746 4508; x_wconf 87' lang='lat' dir='ltr'><strong>Patris</strong></span> <span class='ocrx_word' id='word_1_729' title='bbox 2784 4467 3007 4522; x_wconf 69' lang='lat' dir='ltr'><strong>sumque</strong></span> <span class='ocrx_word' id='word_1_730' title='bbox 3038 4460 3250 4507; x_wconf 67' lang='lat' dir='ltr'><strong>natura:</strong></span> <span class='ocrx_word' id='word_1_731' title='bbox 3281 4455 3580 4524; x_wconf 89' lang='lat' dir='ltr'><strong>quamdam</strong></span> 
     </span>
    </p>
   </div>
   <div class='ocr_carea' id='block_1_92' title="bbox 311 4544 1906 4619">
    <p class='ocr_par' dir='ltr' id='par_1_92' title="bbox 311 4548 1896 4619">
     <span class='ocr_line' id='line_1_92' title="bbox 311 4548 1896 4619; baseline -0.002 -16"><span class='ocrx_word' id='word_1_732' title='bbox 311 4552 406 4603; x_wconf 72' lang='grc' dir='ltr'>καὶ</span> <span class='ocrx_word' id='word_1_733' title='bbox 434 4549 659 4619; x_wconf 72' lang='grc' dir='ltr'>ἐνούσης</span> <span class='ocrx_word' id='word_1_734' title='bbox 691 4548 839 4618; x_wconf 77' lang='grc' dir='ltr'>αὐτῷ</span> <span class='ocrx_word' id='word_1_735' title='bbox 868 4548 1151 4619; x_wconf 88' lang='grc' dir='ltr'>ποιότητος</span> <span class='ocrx_word' id='word_1_736' title='bbox 1180 4548 1416 4618; x_wconf 81' lang='grc' dir='ltr'>φυσικῆς</span> <span class='ocrx_word' id='word_1_737' title='bbox 1436 4548 1675 4602; x_wconf 82' lang='grc' dir='ltr'>διακονεῖ</span> <span class='ocrx_word' id='word_1_738' title='bbox 1699 4565 1759 4601; x_wconf 89' lang='grc' dir='ltr'><strong>τε</strong></span> <span class='ocrx_word' id='word_1_739' title='bbox 1800 4549 1896 4601; x_wconf 75' lang='grc' dir='ltr'>καὶ</span> 
     </span>
    </p>
   </div>
   <div class='ocr_carea' id='block_1_93' title="bbox 2009 4544 3583 4619">
    <p class='ocr_par' dir='ltr' id='par_1_93' title="bbox 2009 4544 3583 4619">
     <span class='ocr_line' id='line_1_93' title="bbox 2009 4544 3583 4619; baseline 0.003 -21"><span class='ocrx_word' id='word_1_740' title='bbox 2009 4544 2171 4601; x_wconf 84' lang='lat' dir='ltr'><strong>veluti</strong></span> <span class='ocrx_word' id='word_1_741' title='bbox 2212 4544 2613 4619; x_wconf 79' lang='lat' dir='ltr'><strong>cognationem</strong></span> <span class='ocrx_word' id='word_1_742' title='bbox 2652 4546 2865 4600; x_wconf 89' lang='lat' dir='ltr'><strong>sanctis</strong></span> <span class='ocrx_word' id='word_1_743' title='bbox 2895 4544 3113 4609; x_wconf 89' lang='lat' dir='ltr'><strong>inserit,</strong></span> <span class='ocrx_word' id='word_1_744' title='bbox 3165 4545 3433 4615; x_wconf 88' lang='lat' dir='ltr'><strong>Spiritum</strong></span> <span class='ocrx_word' id='word_1_745' title='bbox 3472 4547 3583 4602; x_wconf 89' lang='lat' dir='ltr'><strong>lar-</strong></span> 
     </span>
    </p>
   </div>
   <div class='ocr_carea' id='block_1_94' title="bbox 310 4639 1899 4711">
    <p class='ocr_par' dir='ltr' id='par_1_94' title="bbox 310 4639 1899 4711">
     <span class='ocr_line' id='line_1_94' title="bbox 310 4639 1899 4711; baseline -0.001 -17"><span class='ocrx_word' id='word_1_746' title='bbox 310 4642 555 4711; x_wconf 83' lang='grc' dir='ltr'>διανέμει</span> <span class='ocrx_word' id='word_1_747' title='bbox 585 4643 697 4704; x_wconf 88' lang='grc' dir='ltr'>τοῖς</span> <span class='ocrx_word' id='word_1_748' title='bbox 723 4640 1084 4711; x_wconf 83' lang='grc' dir='ltr'>κλήμασι·τὴν</span> <span class='ocrx_word' id='word_1_749' title='bbox 1117 4640 1440 4706; x_wconf 84' lang='grc' dir='ltr'>ἀπόλαυσιν,</span> <span class='ocrx_word' id='word_1_750' title='bbox 1475 4639 1648 4703; x_wconf 78' lang='grc' dir='ltr'>οὕτως</span> <span class='ocrx_word' id='word_1_751' title='bbox 1681 4641 1709 4693; x_wconf 88' lang='grc' dir='ltr'>ὁ</span> <span class='ocrx_word' id='word_1_752' title='bbox 1740 4656 1899 4709; x_wconf 81' lang='grc' dir='ltr'>μονο-</span> 
     </span>
    </p>
   </div>
   <div class='ocr_carea' id='block_1_95' title="bbox 307 4730 1897 4804">
    <p class='ocr_par' dir='ltr' id='par_1_95' title="bbox 307 4730 1897 4804">
     <span class='ocr_line' id='line_1_95' title="bbox 307 4730 1897 4804; baseline -0.001 -18"><span class='ocrx_word' id='word_1_753' title='bbox 307 4734 473 4804; x_wconf 83' lang='grc' dir='ltr'>γενὴς</span> <span class='ocrx_word' id='word_1_754' title='bbox 519 4733 612 4786; x_wconf 89' lang='grc' dir='ltr'><strong>τοῦ</strong></span> <span class='ocrx_word' id='word_1_755' title='bbox 663 4732 800 4786; x_wconf 84' lang='grc' dir='ltr'>Θεοῦ</span> <span class='ocrx_word' id='word_1_756' title='bbox 842 4734 1035 4801; x_wconf 85' lang='grc' dir='ltr'>Λόγος,</span> <span class='ocrx_word' id='word_1_757' title='bbox 1057 4734 1157 4802; x_wconf 80' lang='grc' dir='ltr'><strong>τῆς</strong></span> <span class='ocrx_word' id='word_1_758' title='bbox 1193 4748 1255 4784; x_wconf 90' lang='grc' dir='ltr'><strong>τε</strong></span> <span class='ocrx_word' id='word_1_759' title='bbox 1289 4731 1382 4784; x_wconf 86' lang='grc' dir='ltr'><strong>τοῦ</strong></span> <span class='ocrx_word' id='word_1_760' title='bbox 1407 4730 1543 4784; x_wconf 83' lang='grc' dir='ltr'>Θεοῦ</span> <span class='ocrx_word' id='word_1_761' title='bbox 1566 4732 1660 4784; x_wconf 73' lang='grc' dir='ltr'>καὶ</span> <span class='ocrx_word' id='word_1_762' title='bbox 1684 4731 1897 4801; x_wconf 85' lang='grc' dir='ltr'>Πατρὸς</span> 
     </span>
    </p>
   </div>
   <div class='ocr_carea' id='block_1_96' title="bbox 306 4821 1896 4893">
    <p class='ocr_par' dir='ltr' id='par_1_96' title="bbox 306 4821 1896 4893">
     <span class='ocr_line' id='line_1_96' title="bbox 306 4821 1896 4893; baseline 0 -18"><span class='ocrx_word' id='word_1_763' title='bbox 306 4823 403 4875; x_wconf 74' lang='grc' dir='ltr'>καὶ</span> <span class='ocrx_word' id='word_1_764' title='bbox 450 4823 546 4892; x_wconf 83' lang='grc' dir='ltr'><strong>τῆς</strong></span> <span class='ocrx_word' id='word_1_765' title='bbox 603 4823 797 4878; x_wconf 79' lang='grc' dir='ltr'>ἑαυτοῦ</span> <span class='ocrx_word' id='word_1_766' title='bbox 836 4823 1053 4893; x_wconf 80' lang='grc' dir='ltr'>φύσεως</span> <span class='ocrx_word' id='word_1_767' title='bbox 1087 4824 1187 4892; x_wconf 81' lang='grc' dir='ltr'>τὴν</span> <span class='ocrx_word' id='word_1_768' title='bbox 1228 4822 1393 4874; x_wconf 76' lang='grc' dir='ltr'>οἱονεὶ</span> <span class='ocrx_word' id='word_1_769' title='bbox 1438 4821 1762 4889; x_wconf 84' lang='grc' dir='ltr'>συγγένειαν</span> <span class='ocrx_word' id='word_1_770' title='bbox 1782 4824 1896 4886; x_wconf 79' lang='grc' dir='ltr'>τοῖς</span> 
     </span>
    </p>
   </div>
   <div class='ocr_carea' id='block_1_97' title="bbox 301 4912 1896 4988">
    <p class='ocr_par' dir='ltr' id='par_1_97' title="bbox 301 4912 1896 4988">
     <span class='ocr_line' id='line_1_97' title="bbox 301 4912 1896 4988; baseline -0.001 -18"><span class='ocrx_word' id='word_1_771' title='bbox 301 4917 485 4984; x_wconf 80' lang='grc' dir='ltr'>ἁγίοις</span> <span class='ocrx_word' id='word_1_772' title='bbox 521 4917 785 4988; x_wconf 74' lang='grc' dir='ltr'>ἐντίθησι,</span> <span class='ocrx_word' id='word_1_773' title='bbox 820 4916 881 4969; x_wconf 82' lang='grc' dir='ltr'>τὸ</span> <span class='ocrx_word' id='word_1_774' title='bbox 907 4914 1132 4984; x_wconf 87' lang='grc' dir='ltr'>Πνεῦμα</span> <span class='ocrx_word' id='word_1_775' title='bbox 1158 4914 1362 4978; x_wconf 82' lang='grc' dir='ltr'>διδοὺς,</span> <span class='ocrx_word' id='word_1_776' title='bbox 1396 4912 1492 4966; x_wconf 81' lang='grc' dir='ltr'>ἆτε</span> <span class='ocrx_word' id='word_1_777' title='bbox 1527 4912 1591 4984; x_wconf 80' lang='grc' dir='ltr'>δὴ</span> <span class='ocrx_word' id='word_1_778' title='bbox 1615 4915 1712 4967; x_wconf 60' lang='grc' dir='ltr'><strong>καὶ⁸</strong></span> <span class='ocrx_word' id='word_1_779' title='bbox 1771 4933 1896 4969; x_wconf 89' lang='grc' dir='ltr'>συν-</span> 
     </span>
    </p>
   </div>
   <div class='ocr_carea' id='block_1_98' title="bbox 292 4995 1889 5077">
    <p class='ocr_par' dir='ltr' id='par_1_98' title="bbox 292 4995 1889 5077">
     <span class='ocr_line' id='line_1_98' title="bbox 292 4995 1889 5077; baseline 0 -17"><span class='ocrx_word' id='word_1_780' title='bbox 292 4995 587 5060; x_wconf 83' lang='grc' dir='ltr'>ἐνωθεῖσιν</span> <span class='ocrx_word' id='word_1_781' title='bbox 616 5006 766 5077; x_wconf 75' lang='grc' dir='ltr'><strong>αὐτῷ</strong></span> <span class='ocrx_word' id='word_1_782' title='bbox 790 5007 878 5059; x_wconf 90' lang='grc' dir='ltr'><strong>διά</strong></span> <span class='ocrx_word' id='word_1_783' title='bbox 906 5024 965 5059; x_wconf 87' lang='grc' dir='ltr'><strong>τε</strong></span> <span class='ocrx_word' id='word_1_784' title='bbox 998 5006 1096 5074; x_wconf 85' lang='grc' dir='ltr'><strong>τῆς</strong></span> <span class='ocrx_word' id='word_1_785' title='bbox 1129 5006 1364 5067; x_wconf 88' lang='grc' dir='ltr'>πίστεως</span> <span class='ocrx_word' id='word_1_786' title='bbox 1395 5005 1487 5057; x_wconf 73' lang='grc' dir='ltr'>καὶ</span> <span class='ocrx_word' id='word_1_787' title='bbox 1520 5006 1618 5075; x_wconf 90' lang='grc' dir='ltr'><strong>τῆς</strong></span> <span class='ocrx_word' id='word_1_788' title='bbox 1658 5007 1889 5060; x_wconf 83' lang='grc' dir='ltr'>είσάπαν</span> 
     </span>
    </p>
   </div>
   <div class='ocr_carea' id='block_1_99' title="bbox 296 5096 1891 5171">
    <p class='ocr_par' dir='ltr' id='par_1_99' title="bbox 296 5096 1891 5171">
     <span class='ocr_line' id='line_1_99' title="bbox 296 5096 1891 5171; baseline 0.001 -20"><span class='ocrx_word' id='word_1_789' title='bbox 296 5098 584 5167; x_wconf 79' lang='grc' dir='ltr'>ὁσιότητος</span> <span class='ocrx_word' id='word_1_790' title='bbox 617 5116 630 5129; x_wconf 90' lang='grc'><strong>·</strong></span> <span class='ocrx_word' id='word_1_791' title='bbox 656 5099 846 5169; x_wconf 72' lang='grc' dir='ltr'>τρέφει</span> <span class='ocrx_word' id='word_1_792' title='bbox 891 5098 947 5150; x_wconf 78' lang='grc' dir='ltr'>δὲ</span> <span class='ocrx_word' id='word_1_793' title='bbox 994 5098 1130 5168; x_wconf 73' lang='grc' dir='ltr'>πρὸς</span> <span class='ocrx_word' id='word_1_794' title='bbox 1173 5096 1477 5161; x_wconf 77' lang='grc' dir='ltr'>εὐσέϐειαν,</span> <span class='ocrx_word' id='word_1_795' title='bbox 1530 5099 1624 5150; x_wconf 78' lang='grc' dir='ltr'>καὶ</span> <span class='ocrx_word' id='word_1_796' title='bbox 1672 5100 1891 5171; x_wconf 83' lang='grc' dir='ltr'>ἀπάσης</span> 
     </span>
    </p>
   </div>
   <div class='ocr_carea' id='block_1_100' title="bbox 295 5187 1887 5260">
    <p class='ocr_par' dir='ltr' id='par_1_100' title="bbox 295 5187 1887 5260">
     <span class='ocr_line' id='line_1_100' title="bbox 295 5187 1887 5260; baseline 0.001 -18"><span class='ocrx_word' id='word_1_797' title='bbox 295 5188 494 5252; x_wconf 73' lang='grc' dir='ltr'>αὐτοῖς</span> <span class='ocrx_word' id='word_1_798' title='bbox 521 5190 717 5258; x_wconf 80' lang='grc' dir='ltr'>ἀρετῆς</span> <span class='ocrx_word' id='word_1_799' title='bbox 744 5189 837 5243; x_wconf 72' lang='grc' dir='ltr'>καὶ</span> <span class='ocrx_word' id='word_1_800' title='bbox 866 5187 1235 5259; x_wconf 82' lang='grc' dir='ltr'>ἀγαθουργίας</span> <span class='ocrx_word' id='word_1_801' title='bbox 1275 5188 1480 5256; x_wconf 77' lang='grc' dir='ltr'>εἴδησιν</span> <span class='ocrx_word' id='word_1_802' title='bbox 1512 5189 1887 5260; x_wconf 81' lang='grc' dir='ltr'>ἐνεργάζεται.</span> 
     </span>
    </p>
   </div>
   <div class='ocr_carea' id='block_1_101' title="bbox 295 5276 1893 5352">
    <p class='ocr_par' dir='ltr' id='par_1_101' title="bbox 295 5276 1893 5352">
     <span class='ocr_line' id='line_1_101' title="bbox 295 5276 1893 5352; baseline 0.001 -18"><span class='ocrx_word' id='word_1_803' title='bbox 295 5281 343 5334; x_wconf 90' lang='grc' dir='ltr'><strong>Γ</strong></span> <span class='ocrx_word' id='word_1_804' title='bbox 346 5279 558 5350; x_wconf 82' lang='grc' dir='ltr'>εωργὸν</span> <span class='ocrx_word' id='word_1_805' title='bbox 600 5280 659 5333; x_wconf 82' lang='grc' dir='ltr'><strong>δέ</strong></span> <span class='ocrx_word' id='word_1_806' title='bbox 691 5297 824 5351; x_wconf 85' lang='grc' dir='ltr'>φησι</span> <span class='ocrx_word' id='word_1_807' title='bbox 871 5280 963 5334; x_wconf 74' lang='grc' dir='ltr'><strong>τὸν</strong></span> <span class='ocrx_word' id='word_1_808' title='bbox 998 5279 1237 5351; x_wconf 87' lang='grc' dir='ltr'>Πατέρα,</span> <span class='ocrx_word' id='word_1_809' title='bbox 1283 5278 1373 5331; x_wconf 77' lang='grc' dir='ltr'>διὰ</span> <span class='ocrx_word' id='word_1_810' title='bbox 1423 5279 1585 5335; x_wconf 85' lang='grc' dir='ltr'>ποίαν</span> <span class='ocrx_word' id='word_1_811' title='bbox 1631 5276 1740 5352; x_wconf 82' lang='grc' dir='ltr'>ἄρα</span> <span class='ocrx_word' id='word_1_812' title='bbox 1796 5284 1893 5337; x_wconf 75' lang='grc' dir='ltr'>καὶ</span> 
     </span>
    </p>
   </div>
   <div class='ocr_carea' id='block_1_102' title="bbox 288 5370 1893 5446">
    <p class='ocr_par' dir='ltr' id='par_1_102' title="bbox 288 5370 1893 5446">
     <span class='ocr_line' id='line_1_102' title="bbox 288 5370 1893 5446; baseline 0.002 -21"><span class='ocrx_word' id='word_1_813' title='bbox 288 5371 464 5425; x_wconf 85' lang='grc' dir='ltr'>τοῦτο</span> <span class='ocrx_word' id='word_1_814' title='bbox 495 5373 673 5425; x_wconf 87' lang='grc' dir='ltr'>αίτίαν</span> <span class='ocrx_word' id='word_1_815' title='bbox 702 5390 718 5436; x_wconf 91' lang='grc'>;</span> <span class='ocrx_word' id='word_1_816' title='bbox 749 5373 884 5427; x_wconf 78' lang='grc' dir='ltr'><strong>Οὐδὲ</strong></span> <span class='ocrx_word' id='word_1_817' title='bbox 915 5373 1024 5444; x_wconf 86' lang='grc' dir='ltr'><strong>γὰρ</strong></span> <span class='ocrx_word' id='word_1_818' title='bbox 1053 5371 1382 5442; x_wconf 78' lang='grc' dir='ltr'>ἄπρακτοςῆ</span> <span class='ocrx_word' id='word_1_819' title='bbox 1423 5370 1620 5443; x_wconf 78' lang='grc' dir='ltr'>ἄεργος</span> <span class='ocrx_word' id='word_1_820' title='bbox 1641 5376 1721 5437; x_wconf 87' lang='grc' dir='ltr'><strong>είς</strong></span> <span class='ocrx_word' id='word_1_821' title='bbox 1747 5376 1893 5446; x_wconf 82' lang='grc' dir='ltr'>ἡμᾶς</span> 
     </span>
    </p>
   </div>
   <div class='ocr_carea' id='block_1_103' title="bbox 288 5463 1891 5535">
    <p class='ocr_par' dir='ltr' id='par_1_103' title="bbox 288 5463 1891 5535">
     <span class='ocr_line' id='line_1_103' title="bbox 288 5463 1891 5535; baseline 0.003 -19"><span class='ocrx_word' id='word_1_822' title='bbox 288 5465 325 5517; x_wconf 83' lang='grc' dir='ltr'><strong>ὀ</strong></span> <span class='ocrx_word' id='word_1_823' title='bbox 358 5463 573 5535; x_wconf 80' lang='grc' dir='ltr'>Πατὴρ,</span> <span class='ocrx_word' id='word_1_824' title='bbox 603 5464 893 5535; x_wconf 81' lang='grc' dir='ltr'>τρέφοντός</span> <span class='ocrx_word' id='word_1_825' title='bbox 930 5480 990 5516; x_wconf 88' lang='grc' dir='ltr'><strong>τε</strong></span> <span class='ocrx_word' id='word_1_826' title='bbox 1024 5464 1119 5516; x_wconf 74' lang='grc' dir='ltr'>καὶ</span> <span class='ocrx_word' id='word_1_827' title='bbox 1164 5464 1477 5534; x_wconf 82' lang='grc' dir='ltr'>συνέχοντος</span> <span class='ocrx_word' id='word_1_828' title='bbox 1509 5467 1591 5529; x_wconf 89' lang='grc' dir='ltr'><strong>είς</strong></span> <span class='ocrx_word' id='word_1_829' title='bbox 1626 5467 1689 5519; x_wconf 83' lang='grc' dir='ltr'>τὸ</span> <span class='ocrx_word' id='word_1_830' title='bbox 1751 5463 1891 5522; x_wconf 76' lang='grc' dir='ltr'>εἶναι</span> 
     </span>
    </p>
   </div>
   <div class='ocr_carea' id='block_1_104' title="bbox 294 5551 1888 5629">
    <p class='ocr_par' dir='ltr' id='par_1_104' title="bbox 294 5551 1888 5629">
     <span class='ocr_line' id='line_1_104' title="bbox 294 5551 1888 5629; baseline 0.003 -23"><span class='ocrx_word' id='word_1_831' title='bbox 294 5552 484 5616; x_wconf 83' lang='grc' dir='ltr'>καλῶς</span> <span class='ocrx_word' id='word_1_832' title='bbox 508 5552 602 5606; x_wconf 80' lang='grc' dir='ltr'><strong>τοῦ</strong></span> <span class='ocrx_word' id='word_1_833' title='bbox 630 5552 760 5605; x_wconf 83' lang='grc' dir='ltr'>Υίοῦ</span> <span class='ocrx_word' id='word_1_834' title='bbox 784 5554 841 5606; x_wconf 80' lang='grc' dir='ltr'>ἐν</span> <span class='ocrx_word' id='word_1_835' title='bbox 863 5552 1004 5623; x_wconf 84' lang='grc' dir='ltr'>ἁγίῳ</span> <span class='ocrx_word' id='word_1_836' title='bbox 1021 5551 1316 5623; x_wconf 74' lang='grc' dir='ltr'>Πνεύμάτι,</span> <span class='ocrx_word' id='word_1_837' title='bbox 1349 5553 1479 5622; x_wconf 82' lang='grc' dir='ltr'>ὅλης</span> <span class='ocrx_word' id='word_1_838' title='bbox 1496 5553 1551 5607; x_wconf 84' lang='grc' dir='ltr'>δὲ</span> <span class='ocrx_word' id='word_1_839' title='bbox 1572 5553 1760 5629; x_wconf 80' lang='grc' dir='ltr'>ὥσπερ</span> <span class='ocrx_word' id='word_1_840' title='bbox 1787 5557 1888 5627; x_wconf 85' lang='grc' dir='ltr'><strong>τῆς</strong></span> 
     </span>
    </p>
   </div>
   <div class='ocr_carea' id='block_1_105' title="bbox 298 5643 1886 5718">
    <p class='ocr_par' dir='ltr' id='par_1_105' title="bbox 298 5643 1886 5718">
     <span class='ocr_line' id='line_1_105' title="bbox 298 5643 1886 5718; baseline 0.004 -21"><span class='ocrx_word' id='word_1_841' title='bbox 298 5645 464 5712; x_wconf 78' lang='grc' dir='ltr'>ἁγίας</span> <span class='ocrx_word' id='word_1_842' title='bbox 492 5644 587 5697; x_wconf 77' lang='grc' dir='ltr'>καὶ</span> <span class='ocrx_word' id='word_1_843' title='bbox 615 5644 899 5714; x_wconf 82' lang='grc' dir='ltr'>ὁμοουσίου</span> <span class='ocrx_word' id='word_1_844' title='bbox 929 5644 1157 5716; x_wconf 86' lang='grc' dir='ltr'>Τριάδος</span> <span class='ocrx_word' id='word_1_845' title='bbox 1199 5643 1358 5716; x_wconf 78' lang='grc' dir='ltr'>ἔργον</span> <span class='ocrx_word' id='word_1_846' title='bbox 1391 5646 1538 5700; x_wconf 71' lang='grc' dir='ltr'>ἐστὶν</span> <span class='ocrx_word' id='word_1_847' title='bbox 1564 5649 1597 5718; x_wconf 81' lang='grc' dir='ltr'><strong>ἡ</strong></span> <span class='ocrx_word' id='word_1_848' title='bbox 1624 5649 1730 5703; x_wconf 80' lang='grc' dir='ltr'>τῶν</span> <span class='ocrx_word' id='word_1_849' title='bbox 1764 5652 1886 5704; x_wconf 86' lang='grc' dir='ltr'>καθ’</span> 
     </span>
    </p>
   </div>
   <div class='ocr_carea' id='block_1_106' title="bbox 368 5754 1453 5826">
    <p class='ocr_par' dir='ltr' id='par_1_106' title="bbox 368 5754 1453 5826">
     <span class='ocr_line' id='line_1_106' title="bbox 368 5754 1453 5826; baseline 0.003 -17"><span class='ocrx_word' id='word_1_850' title='bbox 368 5756 418 5788; x_wconf 78' lang='grc'><strong>’⁸</strong></span> <span class='ocrx_word' id='word_1_851' title='bbox 456 5755 501 5810; x_wconf 87' lang='lat' dir='ltr'><strong>ll</strong></span> <span class='ocrx_word' id='word_1_852' title='bbox 541 5754 706 5826; x_wconf 30' lang='lat' dir='ltr'><strong>Petri</strong></span> <span class='ocrx_word' id='word_1_853' title='bbox 733 5772 781 5820; x_wconf 90' lang='grc' dir='ltr'><strong>ι,</strong></span> <span class='ocrx_word' id='word_1_854' title='bbox 811 5757 865 5810; x_wconf 76' lang='grc' dir='ltr'>ι.</span> <span class='ocrx_word' id='word_1_855' title='bbox 940 5757 987 5788; x_wconf 77' lang='grc'><strong>³⁸</strong></span> <span class='ocrx_word' id='word_1_856' title='bbox 1022 5757 1040 5807; x_wconf 92' lang='grc'><strong>1</strong></span> <span class='ocrx_word' id='word_1_857' title='bbox 1074 5757 1202 5811; x_wconf 88' lang='lat' dir='ltr'><strong>Cor.</strong></span> <span class='ocrx_word' id='word_1_858' title='bbox 1237 5772 1286 5812; x_wconf 86' lang='lat' dir='ltr'><strong>Vl</strong></span> <span class='ocrx_word' id='word_1_859' title='bbox 1315 5799 1329 5826; x_wconf 92' lang='lat'><strong>,</strong></span> <span class='ocrx_word' id='word_1_860' title='bbox 1364 5757 1453 5812; x_wconf 79' lang='lat' dir='ltr'><strong>l7.</strong></span> 
     </span>
    </p>
   </div>
   <div class='ocr_carea' id='block_1_107' title="bbox 310 5825 1106 5895">
    <p class='ocr_par' dir='ltr' id='par_1_107' title="bbox 310 5825 1106 5895">
     <span class='ocr_line' id='line_1_107' title="bbox 310 5825 1106 5895; baseline -0.001 -14"><span class='ocrx_word' id='word_1_861' title='bbox 310 5841 379 5892; x_wconf 89' lang='grc' dir='ltr'><strong>ιι,</strong></span> <span class='ocrx_word' id='word_1_862' title='bbox 408 5826 463 5881; x_wconf 88' lang='lat'><strong>6.</strong></span> <span class='ocrx_word' id='word_1_863' title='bbox 526 5827 589 5858; x_wconf 79' lang='grc'><strong>⁸⁸⁵</strong></span> <span class='ocrx_word' id='word_1_864' title='bbox 627 5825 647 5880; x_wconf 96' lang='lat' dir='ltr'><strong>l</strong></span> <span class='ocrx_word' id='word_1_865' title='bbox 680 5825 841 5883; x_wconf 83' lang='lat' dir='ltr'><strong>Joan.</strong></span> <span class='ocrx_word' id='word_1_866' title='bbox 878 5843 977 5895; x_wconf 87' lang='grc' dir='ltr'>ιιι,</span> <span class='ocrx_word' id='word_1_867' title='bbox 1016 5826 1106 5880; x_wconf 62' lang='lat' dir='ltr'><strong>ﬁt.</strong></span> 
     </span>
    </p>
   </div>
   <div class='ocr_carea' id='block_1_108' title="bbox 1994 4618 3577 4709">
    <p class='ocr_par' dir='ltr' id='par_1_108' title="bbox 1994 4618 3577 4709">
     <span class='ocr_line' id='line_1_108' title="bbox 1994 4618 3577 4709; baseline 0.003 -19"><span class='ocrx_word' id='word_1_868' title='bbox 1994 4637 2152 4708; x_wconf 89' lang='lat' dir='ltr'><strong>giens</strong></span> <span class='ocrx_word' id='word_1_869' title='bbox 2201 4636 2269 4691; x_wconf 90' lang='lat' dir='ltr'><strong>iis</strong></span> <span class='ocrx_word' id='word_1_870' title='bbox 2317 4618 2669 4706; x_wconf 50' lang='lat' dir='ltr'><strong>potissimu‘m</strong></span> <span class='ocrx_word' id='word_1_871' title='bbox 2711 4636 2807 4706; x_wconf 90' lang='lat' dir='ltr'><strong>qui</strong></span> <span class='ocrx_word' id='word_1_872' title='bbox 2838 4637 2981 4691; x_wconf 90' lang='lat' dir='ltr'><strong>uniti</strong></span> <span class='ocrx_word' id='word_1_873' title='bbox 3017 4644 3143 4692; x_wconf 89' lang='lat' dir='ltr'><strong>sunt</strong></span> <span class='ocrx_word' id='word_1_874' title='bbox 3177 4637 3227 4691; x_wconf 91' lang='lat' dir='ltr'><strong>ei</strong></span> <span class='ocrx_word' id='word_1_875' title='bbox 3261 4652 3359 4709; x_wconf 87' lang='lat' dir='ltr'><strong>per</strong></span> <span class='ocrx_word' id='word_1_876' title='bbox 3390 4637 3577 4704; x_wconf 84' lang='lat' dir='ltr'><strong>ﬁdem,</strong></span> 
     </span>
    </p>
   </div>
   <div class='ocr_carea' id='block_1_109' title="bbox 1995 4729 3679 4800">
    <p class='ocr_par' dir='ltr' id='par_1_109' title="bbox 1995 4729 3679 4800">
     <span class='ocr_line' id='line_1_109' title="bbox 1995 4729 3679 4800; baseline 0.001 -14"><span class='ocrx_word' id='word_1_877' title='bbox 1995 4737 2049 4787; x_wconf 90' lang='lat' dir='ltr'><strong>et</strong></span> <span class='ocrx_word' id='word_1_878' title='bbox 2095 4729 2468 4784; x_wconf 88' lang='lat' dir='ltr'><strong>onmimodam</strong></span> <span class='ocrx_word' id='word_1_879' title='bbox 2520 4729 2898 4794; x_wconf 89' lang='lat' dir='ltr'><strong>sanctitatem,</strong></span> <span class='ocrx_word' id='word_1_880' title='bbox 2948 4743 3161 4799; x_wconf 86' lang='lat' dir='ltr'><strong>eosque</strong></span> <span class='ocrx_word' id='word_1_881' title='bbox 3191 4729 3261 4785; x_wconf 83' lang='lat' dir='ltr'><strong>ad</strong></span> <span class='ocrx_word' id='word_1_882' title='bbox 3317 4730 3577 4800; x_wconf 88' lang='lat' dir='ltr'><strong>pietatem</strong></span> <span class='ocrx_word' id='word_1_883' title='bbox 3665 4752 3679 4763; x_wconf 73' lang='grc' dir='ltr'><strong>ο</strong></span> 
     </span>
    </p>
   </div>
   <div class='ocr_carea' id='block_1_110' title="bbox 1995 4821 3576 4893">
    <p class='ocr_par' dir='ltr' id='par_1_110' title="bbox 1995 4821 3576 4893">
     <span class='ocr_line' id='line_1_110' title="bbox 1995 4821 3576 4893; baseline 0.001 -16"><span class='ocrx_word' id='word_1_884' title='bbox 1995 4822 2113 4887; x_wconf 91' lang='lat' dir='ltr'><strong>alit,</strong></span> <span class='ocrx_word' id='word_1_885' title='bbox 2153 4823 2441 4893; x_wconf 89' lang='lat' dir='ltr'><strong>omnisque</strong></span> <span class='ocrx_word' id='word_1_886' title='bbox 2468 4822 2693 4877; x_wconf 88' lang='lat' dir='ltr'><strong>virtutis</strong></span> <span class='ocrx_word' id='word_1_887' title='bbox 2727 4837 2791 4875; x_wconf 87' lang='lat' dir='ltr'><strong>ac</strong></span> <span class='ocrx_word' id='word_1_888' title='bbox 2826 4821 3088 4878; x_wconf 88' lang='lat' dir='ltr'><strong>bonitatis</strong></span> <span class='ocrx_word' id='word_1_889' title='bbox 3123 4823 3490 4893; x_wconf 77' lang='lat' dir='ltr'><strong>cognitionem</strong></span> <span class='ocrx_word' id='word_1_890' title='bbox 3519 4824 3576 4878; x_wconf 80' lang='lat' dir='ltr'><strong>in</strong></span> 
     </span>
    </p>
   </div>
   <div class='ocr_carea' id='block_1_111' title="bbox 1994 4910 3573 4983">
    <p class='ocr_par' dir='ltr' id='par_1_111' title="bbox 1994 4910 3573 4983">
     <span class='ocr_line' id='line_1_111' title="bbox 1994 4910 3573 4983; baseline -0.001 -16"><span class='ocrx_word' id='word_1_891' title='bbox 1994 4913 2062 4968; x_wconf 90' lang='lat' dir='ltr'><strong>iis</strong></span> <span class='ocrx_word' id='word_1_892' title='bbox 2121 4920 2405 4983; x_wconf 85' lang='lat' dir='ltr'><strong>Operatur.</strong></span> <span class='ocrx_word' id='word_1_893' title='bbox 2469 4910 2781 4981; x_wconf 86' lang='lat' dir='ltr'><strong>Agricolam</strong></span> <span class='ocrx_word' id='word_1_894' title='bbox 2845 4926 2978 4965; x_wconf 87' lang='lat' dir='ltr'><strong>vero</strong></span> <span class='ocrx_word' id='word_1_895' title='bbox 3025 4910 3241 4967; x_wconf 86' lang='lat' dir='ltr'><strong>Patrem</strong></span> <span class='ocrx_word' id='word_1_896' title='bbox 3305 4914 3573 4973; x_wconf 86' lang='lat' dir='ltr'><strong>nominat.</strong></span> 
     </span>
    </p>
   </div>
   <div class='ocr_carea' id='block_1_112' title="bbox 1991 5000 3576 5077">
    <p class='ocr_par' dir='ltr' id='par_1_112' title="bbox 1991 5000 3576 5077">
     <span class='ocr_line' id='line_1_112' title="bbox 1991 5000 3576 5077; baseline -0.001 -19"><span class='ocrx_word' id='word_1_897' title='bbox 1991 5019 2180 5077; x_wconf 89' lang='lat' dir='ltr'><strong>quam,</strong></span> <span class='ocrx_word' id='word_1_898' title='bbox 2225 5018 2444 5075; x_wconf 89' lang='lat' dir='ltr'><strong>precor,</strong></span> <span class='ocrx_word' id='word_1_899' title='bbox 2484 5003 2556 5058; x_wconf 88' lang='lat' dir='ltr'><strong>ob</strong></span> <span class='ocrx_word' id='word_1_900' title='bbox 2603 5018 2829 5058; x_wconf 88' lang='lat' dir='ltr'><strong>causam</strong></span> <span class='ocrx_word' id='word_1_901' title='bbox 2853 5003 2877 5055; x_wconf 73' lang='grc' dir='ltr'>’ί</span> <span class='ocrx_word' id='word_1_902' title='bbox 2900 5000 3015 5058; x_wconf 85' lang='lat' dir='ltr'><strong>Nec</strong></span> <span class='ocrx_word' id='word_1_903' title='bbox 3042 5003 3189 5058; x_wconf 88' lang='lat' dir='ltr'><strong>enim</strong></span> <span class='ocrx_word' id='word_1_904' title='bbox 3221 5004 3435 5058; x_wconf 87' lang='lat' dir='ltr'><strong>otiosus</strong></span> <span class='ocrx_word' id='word_1_905' title='bbox 3480 5015 3576 5057; x_wconf 89' lang='lat' dir='ltr'><strong>aut</strong></span> 
     </span>
    </p>
   </div>
   <div class='ocr_carea' id='block_1_113' title="bbox 1991 5092 3577 5164">
    <p class='ocr_par' dir='ltr' id='par_1_113' title="bbox 1991 5092 3577 5164">
     <span class='ocr_line' id='line_1_113' title="bbox 1991 5092 3577 5164; baseline -0.002 -14"><span class='ocrx_word' id='word_1_906' title='bbox 1991 5102 2244 5152; x_wconf 88' lang='lat' dir='ltr'><strong>cessator</strong></span> <span class='ocrx_word' id='word_1_907' title='bbox 2273 5109 2403 5164; x_wconf 87' lang='lat' dir='ltr'><strong>erga</strong></span> <span class='ocrx_word' id='word_1_908' title='bbox 2449 5107 2551 5148; x_wconf 91' lang='lat' dir='ltr'><strong>nos</strong></span> <span class='ocrx_word' id='word_1_909' title='bbox 2583 5100 2669 5149; x_wconf 86' lang='lat' dir='ltr'><strong>est</strong></span> <span class='ocrx_word' id='word_1_910' title='bbox 2713 5092 2895 5158; x_wconf 88' lang='lat' dir='ltr'><strong>Pater,</strong></span> <span class='ocrx_word' id='word_1_911' title='bbox 2937 5094 3068 5148; x_wconf 90' lang='lat' dir='ltr'><strong>dum</strong></span> <span class='ocrx_word' id='word_1_912' title='bbox 3105 5092 3279 5148; x_wconf 88' lang='lat' dir='ltr'><strong>Filius</strong></span> <span class='ocrx_word' id='word_1_913' title='bbox 3316 5108 3421 5148; x_wconf 89' lang='lat' dir='ltr'><strong>nos</strong></span> <span class='ocrx_word' id='word_1_914' title='bbox 3471 5110 3577 5147; x_wconf 79' lang='lat' dir='ltr'><strong>nu-</strong></span> 
     </span>
    </p>
   </div>
   <div class='ocr_carea' id='block_1_114' title="bbox 1995 5183 3576 5254">
    <p class='ocr_par' dir='ltr' id='par_1_114' title="bbox 1995 5183 3576 5254">
     <span class='ocr_line' id='line_1_114' title="bbox 1995 5183 3576 5254; baseline 0 -15"><span class='ocrx_word' id='word_1_915' title='bbox 1995 5187 2089 5241; x_wconf 89' lang='lat' dir='ltr'><strong>trit</strong></span> <span class='ocrx_word' id='word_1_916' title='bbox 2116 5201 2181 5241; x_wconf 91' lang='lat' dir='ltr'><strong>ac</strong></span> <span class='ocrx_word' id='word_1_917' title='bbox 2213 5185 2359 5241; x_wconf 78' lang='lat' dir='ltr'><strong>fovet</strong></span> <span class='ocrx_word' id='word_1_918' title='bbox 2391 5186 2446 5239; x_wconf 91' lang='lat' dir='ltr'><strong>in</strong></span> <span class='ocrx_word' id='word_1_919' title='bbox 2482 5192 2675 5239; x_wconf 87' lang='lat' dir='ltr'><strong>sancto</strong></span> <span class='ocrx_word' id='word_1_920' title='bbox 2709 5183 2951 5254; x_wconf 86' lang='lat' dir='ltr'><strong>Spiritu;</strong></span> <span class='ocrx_word' id='word_1_921' title='bbox 2988 5185 3081 5239; x_wconf 89' lang='lat' dir='ltr'><strong>sed</strong></span> <span class='ocrx_word' id='word_1_922' title='bbox 3109 5184 3281 5238; x_wconf 83' lang='lat' dir='ltr'><strong>totius</strong></span> <span class='ocrx_word' id='word_1_923' title='bbox 3307 5185 3576 5254; x_wconf 90' lang='lat' dir='ltr'><strong>quodam-</strong></span> 
     </span>
    </p>
   </div>
   <div class='ocr_carea' id='block_1_115' title="bbox 1992 5274 3573 5348">
    <p class='ocr_par' dir='ltr' id='par_1_115' title="bbox 1992 5274 3573 5348">
     <span class='ocr_line' id='line_1_115' title="bbox 1992 5274 3573 5348; baseline 0 -14"><span class='ocrx_word' id='word_1_924' title='bbox 1992 5277 2157 5334; x_wconf 89' lang='lat' dir='ltr'><strong>modo</strong></span> <span class='ocrx_word' id='word_1_925' title='bbox 2200 5286 2366 5348; x_wconf 88' lang='lat' dir='ltr'><strong>atque</strong></span> <span class='ocrx_word' id='word_1_926' title='bbox 2414 5278 2907 5332; x_wconf 86' lang='lat' dir='ltr'><strong>consubstantiaiis</strong></span> <span class='ocrx_word' id='word_1_927' title='bbox 2959 5274 3250 5331; x_wconf 83' lang='lat' dir='ltr'><strong>Trinitatis</strong></span> <span class='ocrx_word' id='word_1_928' title='bbox 3288 5290 3430 5347; x_wconf 86' lang='lat' dir='ltr'><strong>opus</strong></span> <span class='ocrx_word' id='word_1_929' title='bbox 3484 5278 3573 5333; x_wconf 90' lang='lat' dir='ltr'><strong>in-</strong></span> 
     </span>
    </p>
   </div>
   <div class='ocr_carea' id='block_1_116' title="bbox 1993 5370 3571 5448">
    <p class='ocr_par' dir='ltr' id='par_1_116' title="bbox 1993 5370 3571 5448">
     <span class='ocr_line' id='line_1_116' title="bbox 1993 5370 3571 5448; baseline -0.001 -20"><span class='ocrx_word' id='word_1_930' title='bbox 1993 5372 2264 5429; x_wconf 89' lang='lat' dir='ltr'><strong>stauratio</strong></span> <span class='ocrx_word' id='word_1_931' title='bbox 2292 5379 2487 5426; x_wconf 88' lang='lat' dir='ltr'><strong>nostra</strong></span> <span class='ocrx_word' id='word_1_932' title='bbox 2517 5379 2624 5437; x_wconf 89' lang='lat' dir='ltr'><strong>est,</strong></span> <span class='ocrx_word' id='word_1_933' title='bbox 2653 5380 2709 5427; x_wconf 93' lang='lat' dir='ltr'><strong>et</strong></span> <span class='ocrx_word' id='word_1_934' title='bbox 2742 5371 2810 5425; x_wconf 89' lang='lat' dir='ltr'><strong>ad</strong></span> <span class='ocrx_word' id='word_1_935' title='bbox 2840 5377 3008 5425; x_wconf 89' lang='lat' dir='ltr'><strong>totam</strong></span> <span class='ocrx_word' id='word_1_936' title='bbox 3045 5378 3300 5424; x_wconf 89' lang='lat' dir='ltr'><strong>naturam</strong></span> <span class='ocrx_word' id='word_1_937' title='bbox 3327 5370 3571 5448; x_wconf 71' lang='lat' dir='ltr'><strong>divinam</strong></span> 
     </span>
    </p>
   </div>
   <div class='ocr_carea' id='block_1_117' title="bbox 1986 5461 3574 5534">
    <p class='ocr_par' dir='ltr' id='par_1_117' title="bbox 1986 5461 3574 5534">
     <span class='ocr_line' id='line_1_117' title="bbox 1986 5461 3574 5534; baseline -0.002 -15"><span class='ocrx_word' id='word_1_938' title='bbox 1986 5465 2230 5534; x_wconf 87' lang='lat' dir='ltr'><strong>pertinet</strong></span> <span class='ocrx_word' id='word_1_939' title='bbox 2275 5463 2524 5519; x_wconf 90' lang='lat' dir='ltr'><strong>omnium</strong></span> <span class='ocrx_word' id='word_1_940' title='bbox 2576 5479 2700 5534; x_wconf 73' lang='lat' dir='ltr'><strong>qua:</strong></span> <span class='ocrx_word' id='word_1_941' title='bbox 2739 5462 2808 5517; x_wconf 85' lang='lat' dir='ltr'><strong>ab</strong></span> <span class='ocrx_word' id='word_1_942' title='bbox 2854 5462 2974 5533; x_wconf 89' lang='lat' dir='ltr'><strong>ipsa</strong></span> <span class='ocrx_word' id='word_1_943' title='bbox 3012 5461 3153 5516; x_wconf 82' lang='lat' dir='ltr'><strong>ﬁunt</strong></span> <span class='ocrx_word' id='word_1_944' title='bbox 3198 5461 3455 5518; x_wconf 85' lang='lat' dir='ltr'><strong>voluntas</strong></span> <span class='ocrx_word' id='word_1_945' title='bbox 3505 5477 3574 5517; x_wconf 87' lang='lat' dir='ltr'><strong>ao</strong></span> 
     </span>
    </p>
   </div>
   <div class='ocr_carea' id='block_1_118' title="bbox 1995 5554 3570 5628">
    <p class='ocr_par' dir='ltr' id='par_1_118' title="bbox 1995 5554 3570 5628">
     <span class='ocr_line' id='line_1_118' title="bbox 1995 5554 3570 5628; baseline -0.002 -18"><span class='ocrx_word' id='word_1_946' title='bbox 1995 5563 2261 5628; x_wconf 87' lang='lat' dir='ltr'><strong>potestas.</strong></span> <span class='ocrx_word' id='word_1_947' title='bbox 2286 5554 2633 5626; x_wconf 84' lang='lat' dir='ltr'><strong>Proindeque</strong></span> <span class='ocrx_word' id='word_1_948' title='bbox 2664 5556 2720 5610; x_wconf 92' lang='lat' dir='ltr'><strong>in</strong></span> <span class='ocrx_word' id='word_1_949' title='bbox 2752 5554 2987 5611; x_wconf 89' lang='lat' dir='ltr'><strong>solidum</strong></span> <span class='ocrx_word' id='word_1_950' title='bbox 3018 5554 3186 5608; x_wconf 89' lang='lat' dir='ltr'><strong>etiam</strong></span> <span class='ocrx_word' id='word_1_951' title='bbox 3221 5554 3276 5608; x_wconf 91' lang='lat' dir='ltr'><strong>in</strong></span> <span class='ocrx_word' id='word_1_952' title='bbox 3307 5569 3417 5610; x_wconf 88' lang='lat' dir='ltr'><strong>una</strong></span> <span class='ocrx_word' id='word_1_953' title='bbox 3440 5567 3570 5624; x_wconf 77' lang='lat' dir='ltr'><strong>per-</strong></span> 
     </span>
    </p>
   </div>
   <div class='ocr_carea' id='block_1_119' title="bbox 1996 5646 3572 5720">
    <p class='ocr_par' dir='ltr' id='par_1_119' title="bbox 1996 5646 3572 5720">
     <span class='ocr_line' id='line_1_119' title="bbox 1996 5646 3572 5720; baseline -0.004 -15"><span class='ocrx_word' id='word_1_954' title='bbox 1996 5665 2129 5705; x_wconf 89' lang='lat' dir='ltr'><strong>sona</strong></span> <span class='ocrx_word' id='word_1_955' title='bbox 2160 5664 2191 5705; x_wconf 92' lang='lat' dir='ltr'><strong>a</strong></span> <span class='ocrx_word' id='word_1_956' title='bbox 2230 5649 2391 5705; x_wconf 90' lang='lat' dir='ltr'><strong>nobis</strong></span> <span class='ocrx_word' id='word_1_957' title='bbox 2436 5648 2794 5720; x_wconf 84' lang='lat' dir='ltr'><strong>gloriﬁcatur.</strong></span> <span class='ocrx_word' id='word_1_958' title='bbox 2833 5647 3180 5703; x_wconf 87' lang='lat' dir='ltr'><strong>Servatorem</strong></span> <span class='ocrx_word' id='word_1_959' title='bbox 3224 5646 3426 5702; x_wconf 90' lang='lat' dir='ltr'><strong>etenim</strong></span> <span class='ocrx_word' id='word_1_960' title='bbox 3469 5658 3572 5699; x_wconf 81' lang='lat' dir='ltr'><strong>vo-</strong></span> 
     </span>
    </p>
   </div>
   <div class='ocr_carea' id='block_1_120' title="bbox 1553 5756 1906 5835">
    <p class='ocr_par' dir='ltr' id='par_1_120' title="bbox 1553 5760 1906 5819">
     <span class='ocr_line' id='line_1_120' title="bbox 1553 5760 1906 5819; baseline 0.011 -5"><span class='ocrx_word' id='word_1_961' title='bbox 1553 5761 1595 5792; x_wconf 76' lang='lat'>“</span> <span class='ocrx_word' id='word_1_962' title='bbox 1632 5764 1653 5814; x_wconf 83' lang='lat'><strong>1</strong></span> <span class='ocrx_word' id='word_1_963' title='bbox 1689 5760 1817 5818; x_wconf 89' lang='lat' dir='ltr'><strong>Cor.</strong></span> <span class='ocrx_word' id='word_1_964' title='bbox 1858 5779 1906 5819; x_wconf 82' lang='lat' dir='ltr'><strong>Ill</strong></span> 
     </span>
    </p>
   </div>
   <div class='ocr_carea' id='block_1_121' title="bbox 2009 5756 3569 5835">
    <p class='ocr_par' dir='ltr' id='par_1_121' title="bbox 2009 5756 3569 5835">
     <span class='ocr_line' id='line_1_121' title="bbox 2009 5756 3569 5835; baseline -0.001 -16"><span class='ocrx_word' id='word_1_965' title='bbox 2009 5767 2075 5821; x_wconf 89' lang='lat' dir='ltr'><strong>ll.</strong></span> <span class='ocrx_word' id='word_1_966' title='bbox 2179 5767 2223 5798; x_wconf 85' lang='lat'><strong>&quot;</strong></span> <span class='ocrx_word' id='word_1_967' title='bbox 2266 5763 2473 5822; x_wconf 83' lang='lat' dir='ltr'><strong>lJoan.</strong></span> <span class='ocrx_word' id='word_1_968' title='bbox 2516 5768 2718 5834; x_wconf 76' lang='lat' dir='ltr'><strong>Iv,13.</strong></span> <span class='ocrx_word' id='word_1_969' title='bbox 2811 5765 2875 5831; x_wconf 30' lang='grc'><strong>,⁸³</strong></span> <span class='ocrx_word' id='word_1_970' title='bbox 2904 5763 3041 5820; x_wconf 87' lang='lat' dir='ltr'><strong>Ibid.</strong></span> <span class='ocrx_word' id='word_1_971' title='bbox 3087 5760 3172 5818; x_wconf 87' lang='lat' dir='ltr'><strong>l6.</strong></span> <span class='ocrx_word' id='word_1_972' title='bbox 3252 5760 3320 5835; x_wconf 73' lang='lat'><strong>_&quot;</strong></span> <span class='ocrx_word' id='word_1_973' title='bbox 3354 5757 3375 5813; x_wconf 83' lang='lat' dir='ltr'><strong>l</strong></span> <span class='ocrx_word' id='word_1_974' title='bbox 3406 5756 3569 5819; x_wconf 83' lang='lat' dir='ltr'><strong>Joau.</strong></span> 
     </span>
    </p>
   </div>
  </div>
