4042 6204
439 378 546 434 555

1464 381 1520 434 S.
1561 378 1836 434 CYRIILI
1861 378 2038 433 ALEX
2052 375 2334 432 ANDRINI
2373 377 2687 432 ARCHII'LP.

3583 375 3692 433 35G

439 507 630 549 camus
670 490 864 555 Deum,
900 507 1008 546 non
1053 495 1284 550 seorsim
1318 497 1538 566 quidem
1571 494 1743 571 Patri,
1775 494 1992 550 seorsin

2114 495 2262 563 ἡμᾶς
2291 492 2686 563 ἐπανόρθωσις,
2720 491 2813 545 καὶ
2844 491 2929 544 διὰ
2955 490 3130 560 πάσης
3164 489 3382 560 ἔρχεται
3416 490 3517 561 τῆς
3545 491 3693 556 θείας

436 597 617 638 autem
669 582 769 654 ipsi
821 581 983 649 Filio,
1032 585 1150 639 sive
1199 598 1391 641 sancto
1439 588 1647 656 Spiritu
1699 587 2008 658 gratiarum

435 676 683 730 actiones
731 675 802 728 ob
841 690 903 730 ea
953 690 1074 745 qua:
1121 679 1560 734 misericorditer
1592 677 1876 733 consecuti
1913 692 2007 732 su-

433 782 556 821 mus
584 765 930 836 ,rel‘erentes,
967 767 1063 821 sed
1093 782 1284 822 revera
1315 768 1618 823 divinitatis
1661 768 1825 822 unius
1865 781 2006 836 opus

432 865 680 911 nostram
707 857 939 911 salutem
971 871 1093 911 esse
1134 857 1398 913 dicentes.
1452 857 1606 913 Licet
1639 873 1769 930 ergo
1806 857 2008 926 cuique

319 987 327 1020 ί
431 961 680 1018 persona:
731 947 898 1001 tribui
949 948 1198 1003 videatur
1244 949 1451 1019 aliquid
1483 965 1672 1004 eorum
1721 965 1843 1020 qua:
1874 962 2004 1018 erga

431 1054 553 1099 nos,
587 1046 675 1090 aut
705 1051 830 1107 erga
857 1045 1167 1092 creaturam
1203 1038 1361 1102 ﬁunt,
1409 1040 1770 1094 nihilominus
1823 1048 2005 1096 tamen

431 1129 707 1185 credimus
742 1137 939 1183 cuncta
963 1145 1085 1184 esse
1116 1144 1144 1182 a
1180 1129 1338 1184 Patre
1386 1146 1482 1201 per
1528 1130 1726 1185 Filium
1779 1132 1831 1186 in
1882 1130 2005 1201 Spi-

429 1223 562 1277 ritu.
611 1219 938 1276 Rectissime
987 1222 1170 1292 itaque
1225 1224 1499 1294 intelliges
1547 1224 1763 1278 Patrem
1813 1239 1915 1280 nos
1944 1226 2002 1280 in

429 1311 684 1381 pietatem
729 1313 952 1382 quidem
1001 1315 1233 1379 nutrire,
1269 1331 1364 1385 per
1407 1314 1607 1370 Filium
1656 1317 1710 1370 in
1749 1315 2000 1386 Spiritu:

428 1417 666 1472 eumque
688 1419 880 1459 rursus
919 1420 1047 1474 erga
1083 1420 1182 1460 nos
1212 1406 1466 1475 agricola:
1494 1408 1664 1461 vicem
1699 1422 1909 1477 gerere,
1946 1407 2003 1462 id

427 1503 512 1550 est
547 1497 862 1566 prospicere
897 1505 952 1551 et
984 1497 1302 1563 observare,
1337 1513 1548 1568 nosque
1577 1500 1725 1552 omni
1764 1514 1895 1553 cura
1921 1499 2004 1554 di-

427 1589 628 1658 rigere,
663 1604 758 1658 per
796 1587 992 1642 Filium
1036 1588 1090 1642 in
1135 1587 1362 1658 Spiritu.
1402 1589 1494 1644 Sic
1524 1591 1671 1645 enim
1705 1590 1999 1661 meojudi-

425 1680 513 1732 cio
559 1680 763 1734 rectius
812 1679 972 1749 longe
1011 1695 1175 1748 quam
1226 1680 1337 1734 alio
1375 1681 1538 1735 modo
1588 1682 1999 1752 pliilosopliabi-

425 1784 572 1822 tnur.
607 1767 740 1821 Nam
777 1769 826 1823 si
858 1769 1226 1824 concedemus
1267 1786 1715 1842 unumquemque
1763 1773 1997 1828 seorsim

2117 585 2331 652 φύσεως
2353 588 2386 655 ἡ
2403 587 2487 654 ἐφ’
2502 584 2673 638 ἅπασι
2690 586 2798 647 τοῖς
2821 584 2948 655 παρ’
2976 584 3143 654 αὐτῆς
3163 582 3459 653 δρωμένοις
3479 583 3693 653 θέλησίς

2113 693 2172 729 τε
2190 679 2283 729 καὶ
2306 675 2550 747 δύναμις.
2586 675 2685 729 Διὰ
2715 673 2872 728 τοῦτο
2902 675 2996 727 καὶ
3027 673 3337 744 ὁλοκλήρως
3378 673 3474 725 καὶ
3503 675 3561 726 ἑν
3613 674 3694 726 ἐνὶ

2115 765 2393 839 προσώπῳ
2426 768 2553 837 παρ’
2577 765 2732 836 ήμῶν
2764 766 3066 830 δοξάζεται.
3099 763 3327 835 Σωτῆρα
3353 764 3462 835 γὰρ
3492 762 3692 817 καλοῦ-

2117 873 2215 928 μεν
2236 857 2327 908 τὸν
2357 856 2486 909 Θεὸν
2511 857 2611 910 ούκ
2643 855 2748 910 ἀνὰ
2776 855 2841 927 μέ
2853 873 2942 927 ρος
2966 856 3062 926 μὲν
3077 855 3158 926 τῷ
3178 854 3373 924 Πατρὶ,
3400 855 3502 908 ἀνὰ
3529 855 3694 926 μέρος

2111 946 2166 1000 δὲ
2205 946 2351 1017 αύτῷ
2371 945 2448 1018 τῷ
2479 947 2613 1018 Υἰῷ,
2653 946 2772 1018 ἦτοι
2802 947 2878 1018 τῷ
2907 947 3046 1016 ἁγίῳ
3070 946 3349 1017 Πνεύματι
3379 945 3447 998 τὰ
3491 945 3577 1015 ἐφ’
3612 941 3694 1009 οἷς

2111 1038 2393 1110 ήλεήμεθα
2417 1037 2844 1110 ἀποκομίζοντες
2871 1039 3225 1110 χαριστήρια,
3259 1037 3372 1090 ἀλλ’
3392 1037 3563 1100 ὅντως
3593 1037 3694 1106 τῆς

2114 1133 2244 1200 μιᾶς
2268 1131 2516 1200 θεότητος
2546 1130 2874 1202 κατόρθωμα
2910 1131 3157 1200 λέγοντες
3184 1129 3282 1200 τὴν
3331 1127 3541 1183 ἑαυτῶν
3589 1145 3693 1180 σω-
3763 1166 3768 1171 ε

2109 1223 2323 1294 τηρίαν.
2355 1223 2471 1276 Κᾶν
2505 1222 2634 1291 γοῦν
2661 1222 2875 1293 ἑκάστῳ
2923 1221 3203 1293 προσώπῳ
3240 1219 3592 1290 διανέμεσθαί
3637 1235 3691 1271 τι

2109 1313 2238 1385 δοκῇ
2263 1312 2371 1367 τῶν
2398 1316 2477 1378 εἰς
2499 1315 2648 1384 ἡμᾶς
2690 1314 3010 1382 γεγονότων,
3054 1314 3170 1384 ἦτοι
3213 1313 3321 1366 τῶν
3365 1315 3447 1365 ἐνε
3458 1313 3687 1383 ργουμέ-

2110 1422 2216 1458 νων
2273 1405 2400 1474 περί⁸
2450 1403 2548 1476 τὴν
2600 1404 2800 1467 κτίσιν,
2834 1405 2947 1457 ἀλλ’
2989 1404 3140 1457 οὐδὲν
3173 1398 3335 1475 ἧττον
3358 1405 3687 1473 πιστεύομεν

2109 1497 2189 1549 ὅτι
2227 1496 2404 1549 πάντα
2433 1496 2549 1548 ἐστὶ
2585 1495 2735 1567 παρὰ
2771 1494 2864 1549 τοῦ
2904 1494 3116 1566 Πατρὸς
3149 1495 3217 1548 δι’
3264 1495 3392 1548 Υἰοῦ
3415 1497 3473 1548 ἑν
3517 1494 3688 1547 Ilvati-

2112 1604 2262 1659 ματι.
2312 1588 2544 1658 Νοήσεις
2600 1583 2693 1640 οὖν
2743 1587 2850 1658 ἄρα
2891 1587 2986 1640 καὶ
3028 1581 3147 1640 λίαν
3187 1585 3362 1658 ὀρθῶς
3389 1588 3470 1640 ὅτι
3495 1585 3685 1660 τρέφει

2111 1680 2210 1750 μέν
2236 1681 2383 1750 ἡμᾶς
2411 1682 2490 1743 εἰς
2516 1678 2798 1732 εὐσέϐειαν
2837 1681 2866 1732 ὁ
2893 1678 3081 1750 Πατὴρ
3125 1679 3192 1732 δι’
3224 1678 3357 1733 Υἰοῦ
3408 1681 3466 1733 ἐν
3518 1678 3688 1732 Πνεύο

2111 1790 2241 1843 ματι
2266 1789 2280 1802 ο
2317 1773 2554 1842 γεωργεῖ
2574 1771 2630 1824 δέ
2658 1766 2723 1825 αὖ
2751 1771 2929 1835 πάλιν,
2958 1770 3102 1825 τοῦτ’
3127 1771 3289 1835 ἔστιν,
3316 1771 3488 1844 ἐφορᾷ
3511 1789 3570 1824 τε
3593 1771 3688 1824 καὶ

425 1857 633 1927 aliquid
679 1859 896 1927 operari
947 1857 1094 1928 quod
1142 1860 1372 1915 alterius
1412 1876 1526 1915 non
1565 1877 1691 1917 esse
1725 1862 1992 1926 dicamus.

2104 1863 2512 1928 ἐπισκέπτεται,
2549 1863 2644 1916 καὶ
2683 1863 2961 1935 φροντίδος
2984 1864 3082 1934 τῆς
3107 1862 3513 1934 ἐπανορθούσης
3545 1861 3688 1926 ἀξιοῖ

424 1965 554 2004 num
587 1949 874 2019 quisquam
915 1951 1175 2021 ambiget,
1206 1965 1330 2006 cum
1365 1951 1491 2007 vitis
1522 1951 1698 2008 Filius
1728 1968 1878 2007 nunc
1907 1969 2001 2024 ap-

423 2041 656 2110 pellatus
687 2042 781 2105 sit,
815 2041 976 2096 Pater
1022 2049 1207 2095 autem
1259 2042 1520 2112 agricola,
1559 2058 1658 2096 nos
1681 2043 1750 2097 ali
1779 2042 1996 2112 quidem

422 2129 654 2183 seorsim
691 2137 746 2184 et
774 2128 945 2185 foveri
967 2145 1011 2207 ,a
1047 2131 1168 2186 solo
1198 2130 1358 2197 Filio,
1389 2146 1420 2185 a
1464 2133 1624 2187 Patre
1653 2149 1787 2188 vero
1823 2133 1995 2189 solam

421 2234 524 2274 nos
555 2221 828 2273 culmram
859 2221 1099 2276 habere?
1132 2220 1241 2275 Viti
1268 2223 1414 2277 enim
1442 2224 1721 2292 proprium
1754 2233 1835 2279 est
1865 2241 1996 2280 suos

419 2311 636 2366 nutrire
670 2313 958 2382 palmites:
995 2315 1246 2384 agricolae
1286 2330 1416 2370 vero
1463 2314 1634 2385 859
1654 2317 1774 2385 ejus
1805 2331 1994 2370 curam

420 2403 646 2458 habere.
693 2402 796 2458 Sed
838 2406 885 2459 si
921 2416 1066 2460 recte
1095 2408 1365 2476 sapimus,
1405 2409 1633 2462 omnino
1673 2409 1994 2477 putabimus

421 2508 596 2564 neque
627 2494 764 2549 illud
799 2496 1008 2566 absque
1038 2497 1223 2563 Patre,
1256 2499 1638 2568 neque,aliud
1685 2500 1806 2554 sine
1856 2497 1994 2553 Filio

419 2601 515 2643 seu
550 2596 745 2642 sancto
780 2585 989 2658 Spiritu
1021 2604 1254 2658 prorsus
1279 2591 1486 2660 peragi.
1535 2591 1744 2647 Cuncta
1780 2592 1927 2647 enim
1963 2607 1992 2646 a

417 2675 582 2733 Patre
617 2693 713 2748 per
746 2677 945 2733 Filium
980 2681 1034 2734 in
1070 2679 1304 2750 Spiritu,
1345 2682 1510 2738 sicuti
1559 2682 1818 2736 diximus.
1867 2684 1993 2736 Sin-

416 2769 595 2839 gulari
633 2776 817 2824 autem
851 2771 1088 2825 consilio
1115 2770 1378 2826 Servator
1399 2772 1562 2826 etiam
1592 2788 1740 2827 nunc
1773 2772 1990 2827 Patrem

419 2861 664 2930 appellat
691 2860 992 2929 agricolam
1021 2879 1035 2928 ;
1065 2877 1228 2931 quam
1263 2878 1393 2918 vero
1439 2867 1508 2918 ob
1537 2878 1784 2929 causam,
1826 2879 1992 2935 grave

416 2968 529 3007 non
562 2953 666 3008 erit
693 2968 990 3022 exponere.
1042 2955 1120 3010 Ne
1176 2959 1302 3026 quis
1351 2961 1498 3013 enim
1545 2967 1762 3028 putaret
1809 2960 1990 3015 solum

422 3041 774 3113 Unigenitum
814 3045 990 3100 nostri
1019 3061 1211 3101 curam
1245 3064 1434 3117 agere,
1466 3049 1686 3106 Patrem
1717 3065 1782 3104 ac
1818 3051 1988 3107 Deum

415 3134 587 3190 veluti
633 3143 1051 3206 coeperatorem
1102 3137 1340 3204 induxit,
1373 3139 1614 3209 seipsutn
1654 3141 1880 3210 quidem
1909 3140 1991 3195 vi-

2101 1955 2170 2007 δι’
2201 1954 2330 2007 Υἱοῦ
2358 1955 2415 2006 ἐν
2447 1954 2745 2025 Πνεύματι.
2781 1951 3122 2024 Λογιούμεθα
3141 1953 3246 2022 γὰρ
3279 1953 3479 2024 μᾶλλον
3513 1953 3685 2015 οὕτως

2100 2043 2452 2115 ὀρθῶς-,ἤπερ
2483 2041 2575 2098 οὖν
2599 2043 2820 2113 ἑτέρως,
2842 2044 2980 2097 κατά
3009 2060 3072 2110 γε
3103 2043 3195 2095 τὸν
3229 2043 3498 2115 ἡμέτερον
3524 2041 3668 2095 νοῦν.

2100 2137 2164 2190 Εἰ
2210 2137 2319 2207 γὰρ
2367 2137 2583 2206 ἑκάστῳ
2619 2135 2863 2206 δώσομεν
2899 2137 3000 2188 ἀνὰ
3047 2133 3211 2206 μέρος
3251 2134 3590 2206 ἐργάσασθαί
3627 2151 3681 2186 τι

2098 2230 2208 2283 τῶν
2235 2229 2356 2283 καθ’
2385 2231 2554 2299 ἡμᾶς,
2591 2229 2619 2281 ὃ
2651 2229 2787 2298 μήτε
2810 2227 2906 2281 τοῦ
2949 2227 3136 2298 ἑτέρου
3164 2227 3324 2297 τυχὸν
3382 2223 3521 2280 εἷναί
3575 2245 3680 2296 φα-

2102 2339 2220 2392 μεν,
2248 2321 2366 2382 πῶς
2397 2321 2498 2372 οὑκ
2527 2319 2916 2389 ἀναμφίλογον,
2957 2317 3032 2381 ὡς
3055 2317 3280 2387 ἐπείπερ
3311 2315 3552 2386 ἄμπελος
3584 2315 3682 2386 μὲν

2097 2415 2125 2466 ὁ
2168 2411 2294 2472 Υἱὸς
2345 2409 2660 2479 ὠνόμασται
2701 2407 2818 2473 νῦν,
2874 2407 3118 2478 γεωργὸς
3167 2407 3224 2460 δέ
3255 2409 3284 2460 ό
3323 2406 3528 2478 Πατὴρ,
3561 2423 3683 2476 τρεο

2097 2498 2309 2568 φόμεθα
2365 2496 2463 2568 μὲν
2515 2497 2731 2563 ίδικῶς,
2798 2495 3133 2566 συνεχόμεθά
3182 2499 3260 2548 τε
3313 2495 3448 2566 πρὸς
3497 2495 3556 2547 τὸ
3619 2490 3679 2548 εὗ

2095 2587 2237 2644 εἶναι
2276 2587 2426 2657 παρὰ
2464 2590 2625 2658 μόνου
2689 2587 2784 2641 τοῦ
2830 2587 2980 2640 Υἱοῦ·
3039 2585 3188 2656 παρὰ
3227 2586 3283 2639 δέ
3319 2604 3381 2655 γε
3423 2585 3516 2639 τοῦ
3566 2587 3679 2639 Πα-

2093 2683 2222 2754 τρὸς
2263 2681 2426 2752 ψιλὴν
2484 2679 2680 2750 ἔχομεν
2744 2677 2842 2749 τὴν
2891 2679 3221 2747 ἑπίσκεψιν;
3273 2678 3526 2748 Ἀμπέλῳ
3582 2677 3680 2748 μέν

2093 2776 2200 2846 γὰρ
2239 2776 2300 2827 τὸ
2325 2775 2545 2845 τρέφειν
2585 2774 2783 2826 οἰκεῖον
2816 2771 2885 2824 τὰ.
2918 2770 3022 2824 ἴδια
3057 2772 3342 2846 κλήματα,
3386 2769 3464 2840 τῷ
3495 2771 3548 2824 δὲ
3581 2789 3680 2841 γη-

2093 2867 2346 2921 πονοῦντι
2405 2867 2467 2919 τὸ
2504 2863 2950 2918 ἐπισκέπτεσθαι.
3026 2861 3164 2915 Ἀλλ’
3201 2863 3314 2932 εἴγε
3377 2862 3680 2934 φρονοῦμεν

2091 2960 2287 3032 ὀρθῶς,
2317 2957 2638 3030 ἡγησόμεθα
2663 2955 2727 3028 δὴ
2763 2956 3000 3020 πάντως,
3033 2957 3116 3009 ὅτι
3145 2953 3267 3008 οὔτε
3309 2956 3484 3008 ἐκεῖνο
3511 2955 3680 3026 χωρὶς

2090 3051 2184 3106 τοῦ
2221 3051 2453 3122 Πατρὸς,
2477 3048 2600 3104 οὗτε
2643 3047 2749 3118 μὴν
2778 3047 2838 3100 τὸ
2865 3047 3052 3118 ἓτερον
3084 3046 3207 3116 δίχα
3231 3045 3322 3098 τοῦ
3345 3045 3494 3108 Υἰοῦ,
3513 3046 3679 3115 ἡγουν

2091 3142 2184 3196 τοῦ
2223 3142 2380 3210 ἁγίου
2443 3139 2756 3210 Πνεύματος
2804 3136 3172 3208 κατορθώσειε
3215 3137 3277 3190 τὸ
3309 3138 3436 3191 πᾶν.
3487 3136 3673 3189 Πάντα

416 3235 526 3282 tem
575 3227 870 3284 nominans
909 3244 1030 3299 quae
1066 3231 1386 3299 palmitibus
1417 3232 1538 3286 suis
1571 3209 1741 3286 vitam
1790 3231 1992 3303 largia-

2095 3234 2204 3304 γὰρ
2234 3209 2384 3304 παρὰ
2409 3209 2619 3301 Πατρὸς
2651 3231 2718 3284 δι’
2748 3229 2879 3282 Υἱοῦ
2907 3231 2963 3281 ἐν
2987 3228 3285 3298 Πνεύματι,
3323 3227 3572 3298 καθάπερ
3598 3229 3678 3279 εἰ·-

415 3328 506 3374 ιυι·
550 3326 605 3376 et
648 3318 1081 3388 fecunditatem;
1129 3321 1345 3378 Patrem
1397 3331 1580 3379 autem
1631 3325 1936 3395 agricolam
1973 3367 1988 3391 ,

413 3426 514 3482 per
544 3412 650 3467 hoc
674 3428 871 3468 rursus
897 3412 1102 3468 docens
1128 3414 1290 3468 aliam
1315 3416 1611 3485 quamdam
1636 3416 1836 3470 divina:
1860 3416 1992 3471 sub-

414 3506 632 3558 stantia:
675 3519 804 3572 erga
851 3518 952 3557 nos
987 3506 1364 3572 operationem
1412 3506 1639 3576 peragi,
1694 3505 1992 3576 providen-

415 3594 546 3649 tiam
583 3594 847 3648 nimirum
900 3609 965 3649 ac
996 3609 1209 3651 curam.
1266 3595 1494 3651 Discere
1537 3598 1744 3668 quippe
1789 3612 1993 3653 conve-

413 3684 604 3741 niebat
633 3682 802 3740 Deum
837 3700 940 3740 nos
974 3699 1083 3739 non
1114 3693 1326 3739 tantum
1363 3703 1480 3742 sua:
1511 3697 1798 3744 consortes
1833 3697 1991 3743 natu-

413 3793 489 3834 rae
535 3775 736 3832 fecisse
766 3775 835 3841 ⁸⁸,
883 3776 938 3832 in
974 3785 1169 3832 sancta
1201 3786 1256 3833 et
1282 3779 1752 3834 consubstantiali
1804 3779 1989 3834 Trini-

413 3874 525 3922 tate
571 3875 922 3937 conceptum,
967 3868 1062 3924 sed
1090 3876 1146 3924 et
1172 3870 1352 3926 nostri
1401 3885 1673 3925 summam
1715 3885 1905 3926 curam
1936 3879 1990 3926 et

413 3960 818 4030 providentiam
851 3975 1034 4030 agere,
1077 3976 1242 4030 quam
1273 3963 1377 4017 sub
1401 3963 1758 4033 agriculturae
1805 3979 1990 4018 exem-

412 4052 504 4120 plo
535 4057 686 4121 recte
714 4060 769 4105 et
797 4063 1170 4108 consentanee
1201 4053 1289 4109 hic
1317 4053 1705 4124 intelligimus.
1735 4053 1875 4109 Vitis
1921 4053 1991 4110 si-

411 4141 632 4212 quidem
685 4141 919 4211 ejusque
962 4132 1248 4212 paltnitum
1307 4144 1449 4198 facta
1487 4145 1643 4214 prius
1682 4145 1986 4212 mentione,

410 4233 690 4304 quomodo
741 4248 852 4288 non
901 4235 1138 4290 maxime
1167 4236 1424 4292 convenit
1454 4237 1750 4306 agricolam
1797 4237 1886 4291 hic
1913 4237 1989 4292 si-

410 4326 686 4397 gniﬁcari,
718 4343 830 4396 quo
876 4343 1057 4382 rerum
1099 4329 1349 4384 omnium
1387 4331 1669 4400 inspector
1709 4331 1989 4400 guberna-

411 4425 612 4486 torque
661 4417 1025 4486 signilicatur,
1062 4420 1320 4474 nimirum
1363 4420 1551 4477 Deus?
1585 4420 1742 4487 Quod
1772 4423 1817 4476 si
1865 4436 1988 4476 cre-

409 4507 594 4562 dimns
635 4510 965 4563 naturaliter
1008 4510 1230 4579 quidem
1276 4527 1344 4566 ac
1386 4527 1513 4566 vere
1547 4512 1744 4567 Filiutn
1775 4529 1898 4568 esse
1927 4514 1982 4568 in

411 4611 514 4653 suo
554 4595 738 4661 Patre,
780 4605 836 4652 et
865 4598 1071 4653 habere
1101 4599 1156 4653 in
1187 4616 1286 4654 sua
1322 4611 1520 4656 natura
1574 4604 1813 4669 Patrem,
1849 4620 1982 4660 cun-

381 4697 500 4768 .cta
539 4701 636 4758 per
671 4687 864 4743 ambos
893 4689 947 4742 in
981 4689 1193 4759 Spiritu
1237 4705 1338 4745 ceu
1376 4708 1442 4746 ex
1475 4709 1582 4746 una
1617 4693 1824 4749 deitate
1869 4711 1986 4766 per-

409 4789 665 4850 agentur,
697 4794 801 4835 nec
835 4795 866 4835 a
899 4782 1060 4838 nobis
1095 4783 1308 4841 alendis
1337 4783 1501 4841 Pater
1541 4787 1893 4856 excludetur,
1928 4796 1984 4845 et

409 4889 440 4926 a
472 4872 646 4927 nostri
693 4873 917 4928 cultura
958 4871 1132 4930 Filius
1163 4891 1509 4948 nequaquam
1543 4881 1760 4936 alienus
1789 4897 1983 4938 cense-

409 4960 579 5022 bitur,
622 4957 787 5031 idque
809 4961 936 5031 jure
959 4962 1178 5019 merito.
1213 4962 1316 5020 Ubi
1353 4969 1500 5022 enim
1539 4978 1752 5024 natura:
1787 4969 1982 5024 identi-

407 5059 494 5106 tas
525 5065 622 5121 per
645 5051 1061 5126 omnia'similis
1094 5055 1361 5120 cernitur,
1396 5057 1474 5112 ibi
1499 5057 1757 5128 quamvis
1794 5061 1981 5115 multis

407 5143 687 5212 variisque
711 5143 891 5198 modis
919 5142 1037 5198 fieri
1072 5147 1338 5200 nonnulla
1384 5148 1698 5215 videantur,
1745 5165 1852 5204 non
1895 5159 1981 5206 est

408 5239 590 5286 tamen
631 5234 880 5304 operatio
907 5234 1147 5291 diversa.
1179 5235 1315 5291 Cum
1351 5247 1538 5294 autem
1575 5255 1680 5295 una
1731 5241 1804 5295 sit
1845 5241 1979 5296 sub-

394 5323 638 5390 stantia,
688 5326 741 5380 id
773 5336 879 5392 est,
922 5341 1048 5383 vera
1079 5335 1134 5383 et
1169 5329 1474 5383 secundum
1506 5341 1759 5386 naturam
1794 5333 1978 5390 Deitas

407 5415 464 5470 in
491 5415 668 5471 tribus
698 5416 1086 5486 hypostasibus
1124 5419 1487 5490 intelligatur,
1520 5422 1575 5478 in
1623 5423 1786 5481 Patre
1817 5427 1976 5481 nimi-

2097 3325 2371 3396 ρήκαμεν.
2431 3319 2803 3392 Οἰκονομικῶς
2863 3319 2921 3372 δὲ
2971 3317 3091 3372 λίαν
3139 3319 3234 3371 καί⁵
3271 3318 3364 3372 νῦν
3409 3319 3436 3371 ὁ
3487 3317 3678 3388 Σωτὴρ

2093 3417 2338 3488 γεωργὸν
2370 3415 2621 3485 ὠνόμασε
2658 3413 2748 3466 τὸν
2794 3413 3038 3483 Πατέρα,
3071 3412 3165 3466 καί
3206 3429 3290 3474 τις
3339 3411 3446 3482 ἄρα
3484 3411 3674 3479 γέγονε

2091 3508 2281 3562 τούτου
2309 3506 2599 3575 πρόφασις,
2617 3504 2768 3558 οὐδὲν
2797 3504 2931 3567 ὅλως
2953 3506 3124 3557 εἰπεῖν
3151 3503 3406 3574 χαλεπόν.
3429 3503 3546 3556 ’Ὶνα
3566 3503 3674 3572 γὰρ

2096 3600 2170 3670 μή
2200 3617 2282 3662 τις
2310 3599 2490 3668 οἴηται
2533 3597 2696 3666 μόνου
2742 3595 2835 3649 τοῦ
2893 3595 3234 3664 Μονογενοῦς
3282 3595 3380 3665 τὴν
3429 3597 3513 3664 ἐφ’
3541 3597 3676 3664 ἡμῖν

2091 3687 2345 3760 γενέσθαι
2370 3687 2643 3760 φροντίδα,
2697 3685 3036 3756 συνεργάτην
3083 3684 3272 3755 ὥσπερ
3321 3683 3672 3752 είσκεκόμικε

2091 3776 2183 3830 τὸν
2212 3779 2429 3845 Πατέρα
2478 3775 2574 3828 καλ⁸
2626 3774 2778 3838 Θεὸν,
2839 3775 3028 3827 ἑαυτὸν
3070 3773 3166 3845 μὲν
3218 3773 3463 3843 ἄμπελον
3504 3770 3672 3825 εἰπὼν

2088 3870 2203 3931 τοῖς
2237 3867 2385 3930 ἰδίοις
2440 3865 2681 3936 κλήμασι
2743 3864 3083 3936 χορηγοῦσαν
3135 3863 3233 3935 τὴν
3275 3864 3442 3936 ζωὴν,
3491 3862 3583 3915 καὶ
3610 3861 3672 3914 τὸ

2089 3959 2347 4014 δύνασθαι
2374 3961 2759 4029 καρποφορεῖν,
2794 3957 3041 4029 γεωργὸν
3083 3956 3138 4009 δὲ
3175 3957 3266 4009 τὸν
3291 3957 3625 4025 γεννήσαντα
3650 3970 3664 3982 ⁸

2091 4053 2186 4106 καὶ
2213 4051 2301 4105 διὰ
2322 4049 2510 4123 τούτου
2545 4049 2728 4115 πάλιν,
2763 4049 2956 4122 ἑτέραν
3005 4049 3194 4121 ὥσπερ
3222 4047 3345 4103 τινὰ
3389 4047 3488 4117 τῆς
3518 4047 3667 4110 θείας

2089 4139 2275 4202 οὐσίας
2301 4139 2585 4208 ἐνέργειαν
2637 4137 2735 4209 τὴν
2761 4138 2880 4192 κατ’
2914 4137 3201 4208 ἐπίσκεψιν
3231 4137 3546 4208 νοουμένην,
3587 4137 3669 4200 εἰς

2087 4233 2236 4302 ἡμᾶς
2257 4228 2620 4282 ἐπιτελεῖσθαι
2648 4227 2932 4284 διδάσκων.
2965 4229 3112 4283 Ἔδει
3159 4229 3284 4300 γὰρ,
3320 4229 3427 4282 ἔδει
3463 4227 3668 4299 μανθάο

2088 4338 2200 4376 νειν
2229 4321 2396 4392 ήμᾶς,
2427 4321 2503 4384 ώς
2536 4322 2598 4375 οὐ
2637 4321 2796 4392 μόνον
2836 4323 3125 4385 κοινωνοὺς
3177 4322 3276 4392 τῆς
3323 4320 3518 4376 ἑαυτοῦ
3563 4318 3666 4388 φύ-

2089 4432 2226 4479 σεως
2256 4415 2614 4486 ἐξειργάσατο
2675 4415 2806 4478 Θεὸς
2851 4417 2909 4469 ἐν
2961 4417 3092 4488 ἁγίᾳ
3137 4433 3195 4469 τε
3254 4416 3348 4469 καὶ
3390 4414 3663 4485 όμοουσίῳ

2090 4507 2279 4577 Τριάδι
2308 4507 2616 4578 νοούμενος·
2652 4506 2787 4560 ἀλλὰ
2826 4506 2921 4560 καὶ
2962 4507 3070 4560 τῶν
3115 4506 3234 4560 καθ’
3259 4507 3405 4578 ἡμᾶς
3439 4504 3664 4574 ἀκριὸε-

2089 4598 2288 4670 στάτην
2315 4594 2375 4650 εὖ
2414 4597 2558 4668 μάλα
2587 4601 2820 4652 ποιεῖται
2848 4597 2945 4669 τὴν
2972 4598 3279 4666 ἐπίσκεψιν,
3301 4598 3377 4660 ώς
3393 4597 3448 4648 ἐν
3473 4595 3662 4665 τρόπῳ

2082 4689 2357 4758 γεωργίας
2390 4687 2837 4758 παραληφθεῖσαν
2862 4692 2940 4753 εἰς
2968 4690 3027 4742 τὸ
3052 4689 3225 4760 παρὸν
3269 4686 3577 4750 ἀκολούθως
3599 4702 3662 4739 τε

2083 4779 2176 4833 καὶ
2213 4779 2416 4851 σφόδρα
2449 4778 2650 4842 καλῶς.
2689 4780 3197 4850 Προωνομασμένης
3226 4780 3336 4851 γὰρ
3367 4777 3618 4848 ἀμπέλου
3642 4817 3658 4841 ,

2080 4871 2175 4924 καὶ
2200 4871 2307 4924 τῶν
2341 4871 2401 4934 ἐξ
2421 4871 2589 4942 αὐτῆς
2616 4871 2932 4942 κλημάτων,
2957 4872 3074 4935 πῶς
3099 4873 3160 4925 οὐ
3195 4869 3314 4924 λίαν
3360 4872 3417 4925 ἐν
3447 4870 3661 4933 τούτοις

2079 4963 2503 5034 πρεπωδεστάτη
2531 4963 2623 5016 τοῦ
2655 4963 3024 5036 γεωργοῦντος
3051 4966 3084 5035 ή
3125 4964 3379 5034 δήλωσις,
3430 4963 3524 5015 τὸν
3559 4963 3662 5014 ἑπο

2077 5055 2249 5126 όπτην
2277 5057 2384 5109 τῶν
2408 5056 2545 5110 ὅλων
2579 5056 2675 5110 καὶ
2730 5058 3068 5128 ἐπιμελητὴν
3105 5057 3455 5129 εἰσφέρουσα,
3508 5054 3658 5108 τοῦτ’

2078 5146 2192 5199 ἐστι
2225 5147 2392 5214 Θεόν;
2427 5147 2489 5200 Εἰ
2543 5147 2598 5200 δέ
2662 5150 3104 5220 πεπιστεύκαμεν
3153 5151 3234 5204 ὅτι
3281 5146 3527 5218 φυσικῶς
3559 5146 3660 5216 μὲν

2078 5239 2172 5293 καὶ
2199 5239 2414 5308 ἀληθῶς
2451 5241 2599 5292 ἐστιν
2628 5241 2656 5293 ὁ
2690 5240 2817 5304 Υἰὸς
2847 5243 2903 5295 ἐν
2928 5241 3007 5313 τῷ
3066 5241 3183 5312 ἰδίῳ
3230 5241 3428 5311 Πατρὶ,
3457 5239 3569 5309 ἔχει
3598 5239 3659 5292 δὲ

2077 5333 2136 5383 ἐν
2171 5330 2278 5400 ἰδία
2305 5329 2463 5400 φύσει
2495 5331 2586 5384 τὸν
2619 5332 2976 5402 γεννήσαντα,
3014 5333 3191 5386 πάντα
3252 5331 3320 5385 δι’
3345 5332 3550 5401 ἀμφοῖν
3597 5330 3660 5381 ἑν

2084 5421 2376 5494 Πνεύματι,
2397 5423 2472 5487 ώς
2505 5424 2569 5477 ἐκ
2601 5426 2728 5494 μιᾶς
2750 5425 3012 5495 Θεότητος
3043 5425 3538 5495 ἐπιτελεσθήσεται,
3561 5423 3660 5476 καὶ

405 5520 552 5572 ιἰιιη,
595 5513 652 5562 et
697 5506 858 5573 Filio,
899 5520 1202 5581 sanctoque
1248 5511 1478 5583 Spiritu,
1526 5517 1806 5584 quomodo
1859 5534 1970 5574 non

2095 5511 2200 5566 ιῦτε
2223 5513 2316 5566 τοῦ
2352 5514 2572 5586 τρέφειν
2626 5517 2772 5586 ἡμᾶς
2824 5517 2852 5568 ό
2885 5515 3072 5586 Πατὴρ
3117 5515 3220 5581 ἔξω
3271 5515 3532 5577 κείσεται,
3561 5513 3660 5566 καὶ

406 5596 925 5655 manifestissimum
956 5611 1010 5657 et
1053 5601 1425 5660 indubitatum
1456 5613 1541 5663 est
1593 5607 1967 5681 quodcunque

2095 5605 2174 5677 τῆς
2200 5605 2284 5676 ἐφ’
2325 5607 2455 5679 ἡμῖν
2482 5607 2756 5678 γεωργίας
2779 5609 2878 5663 οὐκ
2923 5608 3202 5680 ἀλλότριος
3232 5609 3260 5660 ὁ
3299 5608 3421 5671 Υἱὸς
3445 5607 3622 5678 νοοῖτο

473 5769 521 5803 ⁸⁸
549 5771 593 5826 ll
625 5769 771 5828 Petr.
808 5787 858 5838 t,
893 5772 947 5827 4.
