4042 6204
377 263 485 324 357

1425 275 1492 332 IN
1518 275 1805 334 JOANNIS
1842 277 2290 340 EVANGELIUM
2331 285 2458 340 LIB.
2487 287 2556 342 Χ.

3506 296 3610 354 338

371 385 468 438 καὶ
495 381 743 447 εἰκότως.
771 383 943 439 Ὅπου
965 387 1074 459 γὰρ
1102 387 1313 456 φύσεως
1337 394 1603 465 ταυτότης
1624 396 1680 451 ὲν
1705 396 1947 467 ἀπαραλ-

2051 399 2215 455 unius
2246 403 2635 471 opusdicitur,
2672 404 2724 462 id
2758 407 2925 463 totius
2955 423 3075 465 esse
3115 415 3170 464 et
3201 409 3362 467 unius
3390 412 3611 468 deitatis

375 471 593 536 λάκτοις
621 475 814 545 ὁρᾶται
841 476 1041 545 λόγοις,
1071 480 1188 534 ἐκεῖ
1214 482 1275 535 τί)
1301 484 1396 554 τῆς
1430 486 1709 556 ἐνεργείας
1755 491 1815 542 οὐ
1850 505 1944 558 με-

380 562 730 634 μερισμένον,
761 565 865 619 κᾶν
895 569 1155 634 ποικίλως
1180 589 1240 624 τε
1265 574 1358 626 καὶ
1404 575 1675 648 διαφόρως
1704 579 1944 649 ἐνεργεῖ-

380 654 502 706 σθαι
531 656 696 724 τυχδν
725 658 896 711 νοοῖτό
926 677 1054 713 τινι.
1082 663 1229 726 Μιᾶς
1280 664 1336 717 δὲ
1362 667 1566 729 οὐσίας,
1620 667 1763 721 τοῦτ’
1793 668 1908 722 ἐστι
1928 707 1943 732 ,

375 747 474 816 τῆς
496 746 733 818 ἀληθοῦς
758 749 850 802 καὶ
881 751 1021 805 κατὰ
1055 753 1217 821 φύσιν
1251 755 1500 827 θεότητος
1528 759 1585 811 ἐν
1617 761 1792 830 τρισὶν
1817 761 1945 812 ὑπο-

378 838 596 892 στάσεσι
632 842 949 914 νοουμένης,
981 843 1038 898 ἐν
1086 863 1147 898 τε
1195 847 1272 918 τῷ
1303 849 1497 920 Πατρὶ,
1546 853 1711 920 φημὶ,
1746 853 1839 905 καὶ
1868 852 1946 923 τῷ

376 929 488 1000 Υίῷ
516 930 612 985 καὶ
638 931 716 1002 τῷ
743 933 883 1002 ἁγίῳ
913 935 1210 1006 Πνεόματι,
1255 937 1370 1002 πῶς
1426 940 1486 992 οὐ
1523 942 1726 1012 σφόδρα
1753 943 1946 1014 τρανὲς

372 1022 762 1086 ἀνενδοιάστως
783 1024 926 1094 ἔχον,
945 1026 1021 1090 ὠς
1039 1029 1174 1098 ὅπερ
1197 1029 1262 1083 ἃν
1285 1031 1402 1095 ἐνός
1417 1050 1468 1084 τι
1485 1035 1648 1104 τυχὸν
1668 1036 1947 1108 ἐνέργημα

371 1111 620 1182 λέγηται,
649 1112 807 1166 τοῦτο
827 1115 924 1184 τῆς
958 1116 1084 1187 ὅλης
1104 1119 1220 1171 ἐστὶ
1251 1121 1346 1172 καὶ
1380 1115 1508 1190 μιᾶς
1537 1123 1788 1195 θεότητος
1819 1129 1946 1182 ἀπο·

369 1202 633 1272 τέλεα-μα,
671 1205 812 1257 κατά
851 1222 914 1273 γε
964 1207 1056 1260 τὸν
1081 1209 1137 1261 ἐν
1167 1209 1392 1279 δυνάμει
1433 1215 1500 1284 τῇ
1533 1219 1733 1286 φυσικῇ
1765 1216 1942 1286 λόγον.

372 1293 484 1344 Καὶ
510 1292 640 1360 γοῦν
668 1295 696 1346 6
737 1293 940 1366 Κύριος
965 1297 1121 1366 ήμῶν
1155 1299 1359 1370 Ἰησοῦς
1389 1303 1640 1374 Χριστὸς,
1680 1310 1944 1380 συνεργά-

370 1397 472 1450 την
526 1382 610 1450 ἐφ’
653 1381 825 1436 ἅπασι
885 1385 977 1440 τὸν
1033 1388 1250 1459 Πατέρα
1308 1393 1776 1465 παραδεχόμενος,
1834 1402 1944 1464 τοῖς

371 1471 608 1534 ἀνοσίοις
647 1472 921 1539 Ἰουδαίοις
950 1480 1080 1530 ποτέ
1123 1481 1418 1552 προσέμιξε
1457 1483 1663 1554 λέγων’
1721 1508 1739 1539 ι
1770 1490 1944 1544 Πολλά

373 1563 510 1615 καλά
538 1562 677 1634 ἔργα
709 1565 885 1632 ἔδειξα
907 1568 1032 1638 ὑμῖν
1061 1572 1124 1625 ἐκ
1152 1573 1246 1626 τοῦ
1273 1575 1486 1646 Πατρός
1511 1595 1633 1646 μου,
1683 1580 1770 1635 διὰ
1793 1586 1944 1636 ποῖον

372 1655 551 1707 αὐτῶν
574 1656 735 1726 ἔργον
762 1657 1008 1723 λιθάζετε-’Ξ
1046 1679 1112 1732 με
1137 1681 1151 1729 ;
1174 1682 1192 1716 ›
1211 1665 1320 1718 Kal.
1348 1667 1508 1720 πάλιν
1528 1669 1655 1738 περὶ
1678 1670 1777 1740 τῆς
1803 1673 1941 1726 κατὰ

2047 505 2209 560 Opus,
2235 496 2500 550 naturalis
2535 497 2794 552 nimirum
2847 500 3136 570 potestatis
3169 502 3426 558 ratione?
3458 502 3612 560 Unde

2048 579 2311 638 Dominus
2359 593 2550 641 noster
2580 585 2742 644 Iesus
2774 588 3027 646 Christus
3085 602 3503 662 cooperatorem
3557 597 3609 649 in

2046 673 2263 727 cunctis
2313 672 2529 729 Patrem
2577 677 2805 741 habens,
2841 694 2967 734 cum
3001 680 3206 738 Iudaeis
3258 686 3444 754 impiis
3478 687 3608 741 olim

2045 763 2373 818 versabatur
2401 766 2621 822 dicens:
2663 788 2681 819 ι
2711 769 2876 823 Multa
2901 770 3041 826 bona
3074 789 3238 843 opera
3269 776 3486 830 ostendi
3511 792 3607 831 vo-

2045 853 2134 908 bis
2171 870 2236 907 ex
2291 855 2451 910 Patre
2502 872 2624 912 meo
2654 874 2666 909 :
2699 869 2920 931 propter
2953 862 3097 931 quod
3133 879 3323 918 eorum
3350 881 3490 936 opus
3525 883 3611 922 Ine

2045 945 2304 1015 lapislatis
2335 947 2422 1002 ’7?
2448 967 2466 1000 ι
2499 949 2562 1002 Ει
2595 965 2790 1008 rursus
2840 953 2906 1008 de
2939 954 3086 1009 facto
3117 955 3170 1009 in
3198 955 3287 1011 die
3338 958 3566 1026 Sabbati
3594 978 3606 1013 :

2051 1054 2069 1086 ι
2103 1035 2270 1118 Pater
2316 1052 2490 1103 meus,
2534 1039 2733 1108 inquit,
2783 1056 2960 1111 usque
3015 1042 3173 1098 modo
3221 1054 3505 1114 operatur,
3555 1054 3610 1101 et

2045 1140 2145 1195 ego
2177 1141 2378 1196 operor
2403 1128 2467 1182 ³³.
2510 1147 2528 1180 ι
2557 1127 2745 1199 Neque
2768 1135 3076 1187 censuerim
3105 1137 3417 1204 quempiam
3460 1137 3610 1192 arbi-

2044 1219 2179 1272 trari
2229 1233 2352 1272 eum
2404 1219 2611 1284 dicere,
2668 1220 2884 1277 Patrem
2916 1224 3136 1293 quidem
3168 1226 3332 1296 860
3371 1229 3604 1283 seorsim

2043 1309 2251 1378 aliquid
2293 1309 2443 1364 circa
2491 1319 2796 1366 creaturam
2853 1314 3098 1382 operari,
3141 1316 3373 1371 seorsim
3427 1325 3608 1371 autem

2045 1400 2242 1454 Filium
2274 1419 2286 1454 :
2324 1399 2419 1455 sed
2448 1416 2572 1455 cum
2602 1403 2790 1457 omnia
2831 1402 2991 1458 Pater
3020 1419 3114 1474 per
3136 1405 3357 1470 Filium,
3386 1421 3488 1460 nec
3517 1406 3610 1460 ali-

2045 1497 2128 1544 ter
2161 1490 2292 1558 quid
2322 1499 2582 1560 operatus
2617 1508 2857 1562 unquam
2892 1493 3055 1548 fuerit
3086 1495 3198 1565 (hic
3229 1496 3372 1551 enim
3408 1503 3492 1550 est
3521 1510 3610 1549 sa-

2049 1582 2250 1652 pientia
2296 1591 2352 1635 et
2401 1584 2576 1638 virtus
2629 1583 2798 1651 ejus),
2860 1585 3070 1638 ideirco
3117 1584 3333 1640 Patrem
3382 1599 3607 1640 suorum

2045 1684 2272 1738 Operum
2322 1669 2584 1725 factorem
2635 1686 2834 1727 rursus
2868 1673 3197 1737 nominavit,
3236 1674 3462 1729 dicens:
3508 1692 3527 1725 ι
3567 1674 3610 1726 Α

369 1744 430 1795 τὸ
447 1743 1006 1818 Σάϐϐατονέργασίας
1028 1728 1057 1778 ⁸⁷
1079 1769 1096 1802 ι
1140 1728 1202 1806 7'0
1239 1754 1430 1825 Πατήρ
1464 1728 1808 1828 pom-9170b),
1841 1761 1944 1826 ἕως

2047 1762 2255 1830 meipso
2291 1761 2428 1815 nihil
2475 1762 2638 1826 facio,
2667 1761 2762 1816 sed
2809 1761 2974 1816 Pater
3000 1764 3054 1816 in
3097 1778 3182 1817 me
3211 1778 3456 1826 manens,
3493 1763 3610 1832 ipse

367 1837 494 1903 ἄρτι
521 1835 836 1905 ἐργάζεται,
872 1839 1026 1908 κάγὼ
1049 1842 1372 1913 ἐργάζομαι.
1393 1848 1501 1899 Καὶ
1530 1849 1628 1902 οὐκ
1647 1849 1733 1912 ἂν,
1769 1848 1941 1919 οἶμαι,

367 1927 450 1986 τὶς
481 1926 692 1996 οἰηθείη
721 1927 900 1996 λέγειν
922 1930 1106 1997 αὐτὸν,
1140 1931 1216 1996 ὡς
1251 1934 1352 1987 ἀνὰ
1385 1937 1674 2008 μέροςμὲν
1694 1941 1722 1992 ὁ
1755 1941 1943 2013 Πατὴρ

367 2016 602 2082 ἐργάταί
631 2035 680 2071 τι
707 2018 814 2071 τῶν
841 2021 970 2092 περὶ
1003 2023 1100 2092 τὴν
1128 2025 1326 2090 κτίσιν,
1375 2027 1476 2081 ἀνά
1505 2029 1667 2100 μέρος
1692 2031 1749 2085 δὲ
1785 2033 1942 2087 πάλιν

367 2107 396 2158 6
426 2107 568 2181 Υἱός
603 2109 790 2178 ἐπειδὴ
818 2111 874 2164 δὲ
891 2112 960 2164 δι’
982 2113 1114 2166 Υἱοῦ
1144 2115 1211 2168 τὰ
1233 2117 1416 2172 πάντα
1441 2122 1468 2173 6
1499 2121 1707 2192 Πατὴρ,
1726 2123 1819 2176 καὶ
1843 2125 1943 2178 οὐκ

366 2197 433 2248 ἂν
467 2199 667 2269 ἑτέρως
693 2201 986 2272 ἐργάσαιτό
1009 2222 1062 2257 τι
1086 2207 1192 2260 τῶν
1217 2208 1430 2262 πώποτε
1455 2206 1626 2280 (οὗτος
1647 2214 1752 2284 γάρ
1797 2216 1943 2269 ἐστιν

368 2291 402 2356 ἡ
433 2291 592 2359 σοφία
647 2293 743 2346 καὶ
781 2295 813 2364 ή
842 2293 1068 2367 δύναμις
1095 2301 1261 2353 αὐτοῦ
1285 2299 1325 2371 ),
1361 2302 1448 2357 διὰ
1468 2304 1622 2357 τοῦτο
1653 2305 1759 2358 τῶν
1800 2307 1942 2361 ἰδίων

364 2381 543 2450 ἔργων
577 2385 814 2457 ἐργάτην
843 2388 1002 2442 πάλιν
1049 2391 1297 2460 ὠνόμασε
1326 2393 1416 2447 τὸν
1451 2395 1686 2466 Πατέρα,
1739 2397 1905 2451 εἰπών
1925 2417 1938 2431 ·

373 2491 394 2524 ι
446 2474 565 2527 Ἀπ’
596 2476 834 2546 ἐμαυτοῦ
889 2479 1026 2532 ποιῶ
1077 2481 1263 2548 οὐδὲν,
1310 2485 1424 2537 ἀλλ’
1455 2488 1484 2538 6
1524 2487 1710 2558 Πατὴρ
1737 2489 1794 2542 ἐν
1819 2490 1942 2558 ἐμοὶ

373 2561 548 2630 μένων
579 2568 718 2618 ποιεῖ
736 2566 803 2619 τὰ
833 2565 968 2637 ἔργα
997 2569 1179 2631 αὐτός.
1211 2590 1229 2622 ι
1261 2567 1428 2642 Οἶμαι
1475 2574 1572 2644 μὲν
1625 2571 1718 2629 οὖν
1773 2594 1942 2647 προσ-

370 2654 530 2721 ήκειν
562 2655 704 2725 ἡμᾶς
728 2659 827 2728 οὐχ
862 2659 1258 2733 ἐτέρωςῆτῇδε
1292 2666 1451 2728 νοεῖν,
1499 2664 1574 2728 ὡς
1612 2667 1669 2719 ἐν
1693 2667 1939 2737 ἀμπέλου

369 2744 472 2812 μὲν
497 2745 644 2812 τάξει
674 2750 886 2804 κεῖσθαι
918 2752 1173 2822 Χριστὸν,
1202 2755 1348 2822 ἡμᾶς
1368 2754 1423 2806 δέ
1451 2755 1747 2826 κλημάτων
1775 2759 1942 2829 ἠρτῆ-

368 2835 494 2889 σθαι
517 2837 692 2909 δίκην,
723 2843 1104 2912 πιαινομένους
1143 2843 1332 2914 ὥσπερ
1377 2849 1442 2918 τῇ
1490 2848 1675 2918 χάριτι
1717 2850 1812 2903 καὶ
1842 2850 1939 2921 τὴν

365 2922 456 2977 διὰ
493 2926 588 2978 τοῦ
617 2927 930 3000 Πνεύματος
961 2933 1282 2998 ἐκπίνοντας
1311 2935 1536 3006 δύναμιν
1562 2940 1641 3002 εἰς
1660 2956 1939 3011 καρποφο-

2044 1851 2180 1906 facit
2216 1867 2382 1921 opera
2412 1852 2478 1905 3°.
2533 1871 2551 1903 ι
2598 1851 2855 1906 Arbitror
2901 1853 3087 1922 itaque
3131 1868 3238 1907 non
3279 1867 3401 1907 esse
3453 1851 3610 1904 aliter

2045 1943 2192 1999 istud
2226 1944 2386 1998 nobis
2407 1943 2765 2013 capiendum,
2797 1943 2903 1999 nisi
2929 1942 3206 1997 Christum
3235 1942 3451 2012 quidem
3482 1941 3609 1996 vitis

2041 2036 2166 2091 loco
2209 2035 2472 2104 positum,
2522 2050 2624 2090 nos
2676 2042 2862 2089 autem
2907 2035 3196 2105 palmitum
3233 2035 3404 2088 instar
3431 2034 3498 2086 ab
3543 2047 3610 2086 eo

2042 2127 2308 2198 pendere.
2346 2127 2520 2195 gratia
2547 2126 2717 2180 veluti
2749 2125 3058 2196 saginatas,
3086 2132 3140 2180 et
3172 2125 3430 2178 virtutem
3461 2123 3607 2176 illam

2044 2235 2165 2290 quae
2193 2234 2287 2289 per
2325 2217 2594 2287 Spiritum
2638 2225 2724 2273 est
2770 2217 3057 2271 ebibentes
3115 2217 3168 2269 in
3221 2213 3607 2268 fecunditatem

2043 2305 2374 2375 spiritalem.
2407 2303 2512 2359 Sed
2533 2304 2795 2373 quoniam
2826 2319 2927 2357 nos
2948 2305 3002 2357 in
3030 2303 3281 2358 doctrina
3314 2301 3434 2356 fidei
3463 2307 3609 2355 recte

2043 2396 2388 2452 ambulantes
2414 2395 2729 2465 importuna
2759 2395 3146 2448 haereticorum
3171 2392 3464 2447 contundit
3492 2405 3612 2445 ora-

2044 2487 2143 2551 tio,
2171 2494 2224 2539 et
2271 2482 2605 2554 persuadere
2650 2490 2886 2536 conatur
2915 2497 3035 2552 quae
3068 2497 3136 2536 ne
3170 2484 3354 2535 animo
3385 2480 3610 2550 quidem

2044 2576 2128 2632 fas
2162 2577 2234 2630 sit
2273 2576 2538 2646 cogitare,
2567 2581 2651 2628 'ea
2699 2573 2877 2643 palam
2920 2573 3267 2628 auditoribus
3319 2571 3608 2634 faciemus,

2043 2668 2237 2738 paucis
2260 2667 2687 2736 complectentes
2715 2680 2838 2734 quae
2872 2665 3061 2718 multis
3090 2662 3342 2718 versibus
3384 2662 3609 2732 quidam

2041 2772 2230 2814 eorum
2274 2756 2554 2810 edisserit.
2590 2774 2609 2807 ‹
2645 2755 2810 2808 Recte
2840 2753 3010 2816 enim,
3043 2753 3241 2822 inquit,
3274 2749 3611 2820 Unigenitus

2041 2848 2391 2918 reprehendit
2431 2861 2509 2900 ac.
2534 2845 2800 2900 ridiculos
2827 2859 2950 2898 esse
2967 2843 3227 2902 .ostendit
3261 2857 3356 2896 eos
3387 2841 3478 2910 qui
3513 2857 3611 2912 pu-

2041 2948 2157 2994 tant
2207 2940 2385 3008 ipsum
2438 2952 2562 2992 esse
2607 2935 2718 2990 Deo
2755 2951 2817 2990 ac
2863 2935 3014 2989 Patri
3060 2933 3610 3002 consubstantialem.

370 3016 491 3126 αν
514 3023 921 3126 πνευματικήν.
953 3023 1166 3096 Ἐπειδὴ
1190 3025 1246 3079 δὲ
1276 3027 1436 3080 πάλιν
1464 3030 1610 3098 ἡμᾶς
1631 3029 1940 3099 ὀρθοποδεῖν

2046 3033 2185 3087 Ecce
2217 3032 2362 3086 enim
2397 3031 2564 3084 vitem
2603 3030 2848 3098 seipsum
2881 3036 3068 3097 aperte
3097 3027 3364 3089 nominat,
3398 3025 3613 3078 Patrem

368 3107 658 3175 ἑλομένους
680 3111 708 3162 ὁ
734 3112 930 3183 πικρὸς
946 3113 1055 3168 τῶν
1071 3115 1136 3167 δι’
1159 3116 1405 3182 ἐναντίας
1429 3123 1744 3190 περικροτεί
1766 3121 1942 3189 λόγος,

369 3200 468 3252 καὶ
494 3200 804 3256 ἀναπείθειν
834 3207 1090 3276 πειρᾶται
1115 3207 1150 3260 ἃ
1183 3209 1258 3278 μὴ
1290 3209 1448 3279 θέμις
1487 3213 1707 3275 ἐννοεῖν,
1741 3215 1947 3284 φανερὰ

368 3294 482 3354 τοῖς
513 3293 882 3363 ἀκροωμένοις
936 3300 1352 3370 καταστήσομεν
1386 3301 1694 3366 συνελόντες
1734 3303 1946 3371 λόγοις,

371 3381 514 3453 ἅπερ
566 3401 651 3447 τις
700 3385 923 3440 ἐκείνων
979 3391 1035 3441 ἐν
1077 3394 1308 3462 μακροῖς
1367 3392 1675 3446 συντέθεικε
1725 3396 1944 3464 στίχοις.

377 3492 398 3523 σ
433 3469 503 3527 Εὖ
558 3477 668 3546 γὰρ
719 3476 890 3546 δήτοι,
924 3481 1106 3550 φησὶν,
1159 3481 1188 3532 6
1241 3482 1552 3553 Μονογενὴς
1587 3483 1834 3554 διήλεγξέ
1887 3502 1946 3536 τε

370 3565 465 3615 καὶ
497 3567 940 3635 καταγελάστους
968 3570 1237 3642 ἀπέφηνε,
1293 3573 1420 3637 τοὺς
1457 3573 1737 3643 οἰομένους
1788 3575 1948 3629 αὑτὸν

368 3653 652 3722 όμοούσιον
678 3652 816 3710 εἰναι
839 3659 916 3729 τῷ
953 3660 1073 3732 Θεῷ
1094 3663 1186 3715 καὶ
1237 3663 1432 3734 Πατρί.
1481 3665 1613 3718 Ἰδοὺ
1637 3665 1746 3736 γὰρ
1770 3666 1950 3736 ἄμπε-

367 3747 459 3820 λον
487 3745 675 3799 ἐαυτὸν
695 3746 952 3819 ὀνομάζει
987 3751 1194 3820 σαφῶς,
1231 3754 1478 3824 γεωργὸν
1505 3754 1563 3807 δὲ
1593 3755 1682 3808 τὸν
1705 3755 1945 3825 Πατέρα.

368 3840 582 3913 ’Ὠσπερ
613 3839 706 3896 οὖν
736 3845 796 3895 οὐ
829 3844 1024 3897 ταυτὸν
1046 3845 1126 3908 εἰς
1145 3845 1354 3908 οὐσίαν,
1384 3845 1628 3915 άμπελός
1663 3861 1743 3909 τε,
1773 3845 1910 3915 φησὶ
1930 3886 1945 3911 ,

367 3931 466 3984 καὶ
506 3933 749 4003 γεωργὸς
804 3937 900 4006 (τὸ
945 3937 1043 4006 μὲν
1107 3939 1217 4006 γὰρ
1278 3936 1455 4003 ξύλον,
1512 3939 1540 3990 6
1571 3936 1626 3988 δέ
1653 3936 1798 3989 ἐστιν
1852 3938 1949 3991 άν-

366 4021 654 4093 θρωπος),
692 4025 954 4096 ἀλλογενῆ
979 4027 1036 4080 δὲ
1065 4027 1260 4093 ταῦτα,
1310 4027 1404 4081 καὶ
1429 4026 1726 4098 ἐτερόφυλα
1755 4045 1951 4082 παντε-

363 4112 494 4176 λὼςο
522 4112 694 4178 οὕτως
715 4117 814 4187 οὐχ
839 4117 1124 4187 ὁμοούσιος
1144 4120 1172 4171 6
1204 4118 1332 4181 Υἱὸς
1357 4118 1434 4187 τῷ
1470 4119 1667 4188 Πατρὶ,
1696 4118 1948 4191 διέστηκε

2049 3132 2231 3179 autem
2273 3122 2593 3193 agricolam.
2625 3117 3100 3186 Quemadmodum
3147 3132 3278 3186 ergo
3321 3131 3432 3170 non
3461 3116 3613 3185 ejus-

2049 3215 2170 3270 dem
2204 3213 2535 3269 substantiae
2565 3219 2693 3264 sunt
2729 3210 2880 3273 vitis,
2912 3208 3111 3277 inquit,
3141 3215 3195 3261 et
3227 3207 3467 3276 agricola
3499 3206 3613 3274 (illa

2048 3305 2193 3359 enim
2233 3303 2464 3370 lignum,
2508 3300 2597 3353 hic
2646 3300 2810 3352 homo
2852 3298 2998 3367 est),
3043 3297 3139 3351 sed
3185 3298 3415 3352 alterius
3454 3298 3618 3366 plane

2049 3393 2304 3465 generis:
2343 3393 2417 3446 ita
2448 3404 2794 3459 nequaquam
2829 3386 3320 3442 consubstantialis
3353 3396 3437 3441 est
3467 3385 3614 3440 Patri

2048 3486 2240 3549 Filius,
2289 3483 2387 3539 sed
2439 3482 2674 3537 multum
2723 3480 2952 3543 distant,
2994 3493 3203 3548 eosque
3232 3477 3616 3533 substantialis

2048 3578 2284 3631 invicem
2323 3575 2464 3628 ratio
2509 3572 2743 3638 dirimit,
2784 3570 3052 3640 siquidem
3093 3569 3183 3623 hic
3228 3569 3496 3640 agricola,
3527 3568 3618 3623 ille

2047 3668 2179 3722 vitis
2222 3673 2330 3721 est.
2361 3663 2517 3730 Quod
2565 3671 2747 3716 autem
2790 3661 2858 3715 ad
2901 3661 3302 3716 incarnationis
3347 3660 3616 3714 rationem

2050 3756 2156 3812 ista
2193 3755 2441 3810 nonnulli
2486 3755 2788 3810 transferre
2836 3769 3122 3825 perperam
3171 3754 3422 3810 conaturi
3481 3753 3614 3817 sint,

2051 3861 2159 3900 non
2211 3853 2296 3900 est
2337 3844 2746 3914 ambigendum.
2775 3843 2887 3898 Nec
2918 3845 3062 3898 enim
3093 3857 3249 3898 suam
3283 3856 3505 3896 carnem
3541 3840 3620 3893 vi-

2050 3944 2158 3991 tem
2195 3949 2318 3990 esse
2368 3937 2463 3999 ait,
2497 3934 2592 3990 sed
2635 3935 2820 4003 potius
2864 3933 3147 3989 deitatem.
3191 3931 3294 3986 Cui
3327 3932 3474 3987 enim
3507 3945 3618 3984 non

2050 4026 2407 4080 manifestum
2445 4032 2552 4088 est,
2592 4025 2791 4094 inquit,
2819 4032 3072 4079 nostrum
3101 4037 3304 4093 corpus
3349 4037 3378 4076 a
3426 4021 3620 4077 Serva-

2050 4115 2186 4170 toris
2217 4129 2383 4169 carne
2413 4129 2519 4167 non
2554 4114 2812 4182 pendere,
2843 4116 2988 4170 sicut
3019 4130 3047 4168 a
3075 4115 3185 4169 vite
3221 4113 3492 4184 palmites,
3518 4127 3618 4167 ne-

363 4205 423 4258 δὲ
449 4207 586 4260 κατά
609 4208 743 4262 πολὺ
767 4209 862 4262 καὶ
887 4210 1149 4281 οὐσιώδης
1195 4211 1392 4273 αὐτοὺς
1429 4211 1659 4282 διείργει
1692 4211 1868 4279 λόγος,
1900 4213 1947 4264 εἰ

2051 4224 2157 4279 que
2201 4207 2338 4262 adeo
2381 4214 2702 4261 sanctorum
2738 4206 2979 4261 fructum
3023 4207 3299 4262 carnalem
3345 4220 3492 4268 esse,
3524 4204 3620 4259 sed

365 4314 430 4364 γε
464 4299 492 4351 6
520 4300 618 4369 μὲν
645 4299 760 4354 ἐστι
784 4304 1049 4373 γεωργὸς,
1073 4305 1101 4356 ό
1147 4303 1204 4356 δέ
1233 4303 1497 4373 ἄμπελος.
1542 4305 1664 4357 Ὀτι
1703 4302 1810 4375 γὰρ
1848 4304 1947 4356 οὐκ

2052 4299 2397 4369 spiritalem?
2425 4297 2771 4367 QuaprOpter
2803 4313 2973 4352 carne
3003 4299 3056 4351 in
3087 4312 3332 4366 praesens
3388 4297 3618 4351 seorsim

366 4389 602 4458 εὐλόγως
651 4391 796 4456 τινὲς
844 4395 923 4458 εἰς
971 4395 1064 4447 τὸν
1090 4394 1191 4464 τῆς
1225 4393 1362 4464 μετά
1402 4395 1604 4464 σαρκὸς
1636 4396 1946 4465 οἰκονομίας

2050 4391 2250 4462 posita,
2289 4391 2393 4460 ipsi
2421 4389 2692 4443 divinitati
2723 4388 2844 4442 Filii
2873 4388 2983 4443 vim
3015 4397 3069 4442 et
3098 4388 3436 4443 intellectum
3465 4386 3620 4442 vocis

367 4479 519 4548 λόγον
561 4483 631 4536 τὰ
654 4485 878 4539 τοιαῦτα
911 4489 1285 4557 περιενεγκεῖν
1342 4487 1806 4557 ἐπιχειρήσουσιν,
1843 4487 1942 4540 οὑκ

2048 4484 2201 4538 illius
2241 4482 2573 4547 tribuemus,
2617 4495 2853 4550 eumque
2903 4479 3151 4534 dicemus
3189 4494 3312 4535 esse
3353 4479 3540 4542 vitem,
3589 4493 3619 4531 a

367 4571 512 4626 ἐστιν
539 4576 863 4645 ἀμφίϐολον.
904 4579 976 4631 Οὐ
1010 4578 1120 4648 γάρ
1151 4579 1250 4650 τὴν
1281 4578 1459 4648 σάρκα
1490 4577 1586 4649 τὴν
1613 4577 1811 4630 ἑαυτοῦ
1841 4594 1942 4647 φη-

2050 4590 2156 4646 qua
2189 4576 2490 4643 pendemus
2524 4588 2623 4642 per
2655 4571 2834 4627 fidem.
2873 4591 2892 4624 ι

368 4682 453 4717 σιν
480 4662 619 4720 εἶναι
644 4666 743 4738 τὴν
765 4668 1028 4737 ἄμπελον,
1079 4669 1278 4739 μᾶλλον
1313 4670 1370 4722 δὲ
1403 4670 1500 4741 τὴν
1541 4670 1786 4738 θεότητα.
1819 4668 1934 4720 Τίνι
1975 4666 2085 4737 γὰρ
2115 4665 2176 4719 οὐ
2213 4665 2382 4733 σαφὲς
2442 4663 2614 4729 ἐσται,
2679 4664 2864 4734 φησὶν,
2928 4663 3004 4727 ὡς
3045 4665 3105 4717 τὸ
3150 4663 3416 4734 ἡμέτερον
3464 4658 3623 4730 σῶμα

365 4758 484 4826 οὐχὶ
509 4757 609 4827 τῆς
637 4759 732 4812 τοῦ
763 4760 1013 4830 Σωτῆρος
1076 4741 1416 4830 ἐκκρεμᾶτάι
1473 4761 1692 4832 σαρκὸς,
1754 4758 2004 4829 καθάπερ
2041 4756 2286 4826 ἀμπέλου
2325 4755 2392 4808 τὰ
2417 4755 2690 4824 κλήματα,
2722 4754 2845 4808 οὕτε
2883 4755 2989 4825 μὴν
3011 4757 3039 4808 6
3073 4755 3180 4807 τῶν
3209 4753 3380 4822 ἁγίων
3413 4752 3622 4823 καρπὸς

366 4850 650 4920 σαρκικδς,
685 4849 820 4902 ἀλλὰ
847 4852 1241 4921 πνευματικός;
1279 4852 1487 4906 Οὐκοῦν
1513 4854 1570 4905 ἐν
1596 4852 1771 4923 μέρει,
1790 4850 1945 4921 φησὶ,
1984 4850 2235 4920 τεθείσης
2265 4850 2341 4912 εἰς
2379 4847 2439 4901 τὸ
2463 4847 2632 4916 παρὸν
2683 4849 2782 4917 τῆς
2836 4847 3055 4918 σαρκὸς,
3087 4847 3222 4917 αὐτῇ
3289 4848 3350 4917 τῇ
3409 4845 3623 4914 θεότητι

361 4942 459 4995 τοῦ
497 4942 631 4995 Υἱοῦ
679 4942 777 5014 τὴν
805 4941 901 4996 τοῦ
927 4943 1086 5012 λόγου
1123 4944 1493 5016 περιθήσομεν
1555 4944 1805 5016 δύναμιν,
1840 4944 1936 4997 καὶ
1976 4942 2137 4996 αὐτὸν
2163 4942 2395 5014 ἐροῦμεν
2418 4935 2556 4992 εἶναι
2602 4937 2699 5008 τὴν
2764 4938 3030 5008 ἄμπελον,
3077 4933 3146 5008 ἦς
3190 4936 3473 5009 ἐξήμμεθα
3533 4934 3622 4988 διὰ

353 5033 462 5105 ’τῆς
482 5035 737 5099 πίστεως.
763 5053 781 5086 ι

436 5127 607 5180 Ταυτὶ
644 5126 742 5196 μὲν
775 5127 968 5198 ἐκείνῳ
1007 5127 1482 5207 καταφλυαρῆσαυ
1513 5127 1761 5199 παρέστη
1813 5144 1956 5197 παρ-

359 5217 654 5289 ωθουμένῳ
676 5218 954 5286 ποικίλως,
981 5219 1124 5274 κατά
1149 5235 1214 5284 γε
1236 5219 1298 5272 τδ
1321 5218 1470 5288 αὐτῷ
1493 5218 1674 5282 καλῶς
1691 5217 1835 5289 ἔχειν
1866 5217 1955 5270 δο-

2125 5120 2252 5175 Haec
2302 5118 2392 5172 ille
2435 5123 2696 5184 nugatur,
2726 5114 3038 5170 divinorum
3087 5113 3400 5184 dogmatnm
3435 5129 3619 5170 veram

2051 5211 2326 5268 rationem
2352 5224 2453 5280 pro
2482 5221 2579 5263 sua
2608 5206 2839 5263 libidine
2867 5213 3208 5278 pervertens,
3239 5215 3293 5261 et
3347 5206 3412 5260 ad
3456 5220 3620 5263 suum

359 5309 516 5376 κοῦν,
562 5311 664 5382 τὴν
699 5310 810 5364 τῶν
854 5310 1016 5364 θείων
1062 5311 1348 5382 δογμάτων
1380 5311 1667 5382 ὀρθότητα,
1711 5310 1805 5364 καὶ
1856 5309 1953 5362 σὺν

363 5399 538 5472 πολλῇ
565 5402 873 5473 κακουργίᾳ
903 5403 1040 5474 πρὸς
1066 5403 1158 5456 τὸν
1189 5403 1337 5474 αὐτῷ
1391 5401 1724 5473 προτεθέντα
1772 5417 1950 5470 παρα-

357 5489 620 5561 τρέποντι
651 5493 876 5550 σκοπόν.
916 5493 1107 5564 Ἡμεῖς
1133 5492 1190 5545 δὲ
1232 5493 1332 5563 τῆς
1376 5491 1632 5562 ἀληθείας
1663 5489 1949 5559 ἐχόμενοι,

2049 5319 2278 5374 scopum
2310 5300 2576 5371 singulari
2633 5298 2842 5354 malitia
2883 5297 3244 5368 detorquens.
3289 5295 3400 5354 Nos
3437 5305 3620 5355 autem

2049 5396 2255 5465 ubique
2302 5392 2635 5448 inbaarentes
2680 5389 2943 5454 veritati,
2996 5405 3106 5446 non
3161 5391 3239 5446 ita
3294 5391 3618 5457 sentiemus,

2050 5485 2233 5543 absit!
2271 5484 2369 5541 sed
2411 5489 2731 5540 sanctorum
2765 5478 2992 5538 Patrum
3041 5484 3335 5541 sententiae
3366 5483 3621 5540 insisten-

389 5672 396 5679 ’
434 5672 491 5744 ⁸⁷,
521 5670 681 5728 Joan.
719 5691 787 5738 ι,
819 5673 914 5732 32.
986 5675 1030 5709 ⁸³
1068 5673 1225 5731 Joan.
1264 5693 1315 5744 v,
1357 5676 1438 5731 l7.
1513 5676 1558 5708 "
1595 5673 1754 5729 Joan.
1797 5688 1924 5742 XIV.
1970 5671 2058 5725 1οο
