4042 6204
372 215 481 272 339

1411 205 1776 275 S.,CYRILLI
1816 202 2289 265 ALEXANDRINI
2328 203 2645 263 ARCHlEP.

3519 200 3627 260 350

374 337 461 385 tes
506 325 759 383 veritatis
796 324 1050 397 dogmata
1099 334 1413 392 sequemur.
1471 318 1591 386 Quo
1634 326 1797 391 pacto
1843 318 1984 379 loci,

2086 318 2302 387 ξανταχῆ
2336 313 2718 387 διακεισόμεθα
2748 313 2849 385 μὲν
2874 312 2973 384 οὑχ
3006 311 3198 376 οὑτως,
3224 312 3420 367 πολλοῦ
3447 328 3512 382 γε
3535 314 3630 369 καὶ
3674 356 3687 366 .

376 417 545 489 hujus
585 433 784 475 sensus
832 415 1225 487 intelligendus
1273 413 1385 479 sit,
1430 425 1542 466 non
1592 409 1794 464 inscite
1837 408 1951 479 jam

377 510 561 579 quoad
579 510 635 563 in
665 508 832 564 nobis
859 515 981 563 erat
1001 504 1424 577 disquisivimus
1449 518 1461 554 :
1490 502 1586 559 sed
1605 516 1801 557 rursus
1821 515 1955 555 con-

379 601 735 657 siderandum
786 606 872 656 est
917 597 1198 668 quomodo
1246 596 1518 665 adversus
1568 593 1695 648 illos
1746 592 1957 647 armari

379 712 485 749 nos
513 700 792 764 oporteat,
824 699 879 747 et
901 706 1009 762 quo
1037 696 1200 761 pacto
1225 688 1386 760 861
1420 686 1535 740 sint
1569 699 1758 741 eorum
1787 684 1959 738 ratio-

380 801 480 840 nes
519 782 904 840 retundenda’.
952 780 1009 836 Si
1048 774 1201 836 enim
1236 795 1304 835 ex
1353 786 1544 833 nostro
1569 777 1793 832 silentio
1821 773 1959 828 nihil

380 878 568 932 damni
602 875 1004 953 simpliciorum
1046 872 1332 928 mentibus
1368 872 1666 943 ingrueret,
1695 867 1958 939 repudia?

384 968 456 1022 tis
484 967 642 1022 vanis
673 964 1026 1021 sermonibus
1056 962 1123 1017 ad
1170 978 1234 1019 ea
1257 978 1393 1035 qua:
1439 969 1752 1031 sequuntur
1790 958 1964 1028 espli-

383 1057 558 1112 cauda
592 1071 695 1111 nos
732 1053 1151 1110 conferremus:
1210 1052 1305 1107 sed
1356 1067 1482 1106 cum
1536 1066 1646 1106 non
1687 1047 1965 1104 mediocre

384 1148 648 1202 damnum
699 1146 987 1202 incumbat
1038 1146 1090 1202 ei
1132 1148 1225 1217 qui
1264 1143 1657 1215 hujuscemodi
1709 1141 1965 1212 dogmata

386 1223 719 1310 susceperit,
751 1222 1000 1311 nunquid
1052 1243 1487 1292 consentaneum
1523 1242 1606 1295 est
1638 1240 1697 1287 ut
1750 1233 1841 1304 pio
1888 1232 1970 1285 in-

386 1327 652 1381 flammati
701 1328 818 1382 zelo
858 1326 1166 1382 rationibus
1205 1339 1269 1378 ac
1322 1324 1507 1379 verbis
1551 1320 1971 1393 depugnemus?

393 1418 487 1472 Sic
528 1418 676 1473 enim
718 1418 1009 1490 perspicua
1035 1417 1140 1471 erit
1170 1414 1616 1471 adversariorum
1667 1412 1966 1468 calliditas.

390 1508 640 1578 Agedum
670 1522 819 1578 ergo,
846 1507 1080 1577 primum
1115 1506 1248 1560 illud
1284 1506 1557 1568 dicamus,
1593 1504 1823 1559 stultum
1849 1517 1971 1557 esse

392 1615 622 1669 prorsus
652 1599 719 1654 ad
778 1606 995 1653 naturae
1026 1598 1107 1653 vel
1140 1584 1461 1653 substantiae
1506 1595 1966 1667 significationem

2053 406 2157 471 δεῖ,
2187 404 2284 476 τὴν
2322 404 2409 457 διὰ
2439 405 2549 458 τῶν
2583 404 2755 473 ἁγίων
2792 403 2949 475 ἡμῶν
2991 400 3249 474 Πατέρων
3286 402 3631 471 ίχνηλατοῢν-

2054 513 2146 562 τες
2201 495 2436 561 σύνεσιν,
2472 499 2587 560 τοῖς
2611 496 2710 567 τῆς
2765 494 3023 566 ἀληθείας
3071 493 3313 565 ἑψόμεθα
3345 493 3630 565 δόγμασιν.

2058 588 2248 652 Ὅπως
2279 588 2377 659 μὲν
2404 587 2470 642 ἂν
2498 587 2692 658 νοῆσαι
2723 586 2989 659 προσήκοι
3018 586 3112 639 τοῦ
3147 586 3508 658 προκειμένου
3536 588 3635 659 τὴν

2057 680 2307 750 δύναμιν,
2333 679 2432 733 οὑκ
2451 678 2713 753 ἀκόμψως
2743 678 2846 748 ήδη
2896 677 3354 747 διηρευνήσαμεν,
3407 679 3550 733 κατά
3572 698 3636 749 γε

2059 771 2121 825 τδ
2143 772 2200 827 ἐν
2231 773 2363 842 ἡμῖν
2387 770 2625 840 ἐφικτόν·
2663 768 2926 839 σκεπτέον
2959 768 3017 821 δὲ
3043 768 3203 827 πάλιν
3229 767 3378 833 ὅπως
3402 786 3460 823 τε
3491 771 3637 841 ἡμᾶς

2061 864 2156 919 καὶ
2191 863 2310 919 τίνα
2332 862 2396 934 δή
2424 863 2624 934 τρόπον
2655 861 3029 927 ἐξοπλίζεσθαι
3057 860 3164 932 χρὴ
3184 901 3198 925 ,
3235 862 3328 914 καὶ
3361 864 3475 925 τοῖς
3509 861 3641 933 παρ’

2062 956 2285 1011 ἐκείνων
2328 953 2802 1008 ἀνταποδύσασθαι
2857 953 3055 1021 λόγοις.
3089 951 3152 1005 Εἰ
3184 938 3284 1023 μὲν
3320 953 3429 1024 γὰρ
3460 958 3639 1026 σιωπῇ

2065 1048 2493 1120 παρελάσαντες,
2512 1047 2666 1101 οὐδὲν
2685 1043 2751 1118 ῆν
2780 1045 3029 1100 ἐντεῦθεν
3061 1045 3189 1100 ἰδεῖν
3210 1046 3271 1099 τὺ
3298 1046 3495 1117 βλάϐος
3521 1049 3644 1109 ταῖς

2065 1139 2174 1194 τῶν
2221 1140 2605 1211 ἁπλουστέρων
2642 1140 2902 1211 διανοίαις
2955 1138 3267 1210 είστρέχον,
3323 1140 3548 1203 εἰκότως
3581 1139 3644 1193 τδ

2072 1232 2323 1302 ματαίοις
2348 1231 2690 1303 ἐντρίϐεσθαι
2747 1232 2925 1301 λόγοις
2958 1233 3088 1302 παρ’
3132 1230 3280 1284 οὑδέν
3310 1233 3647 1303 ἡγησάμενοι

2067 1328 2189 1387 ταῖς
2227 1323 2336 1377 τῶν
2366 1322 2563 1394 ἐφεξῆς
2613 1324 2883 1395 κειμένων
2931 1324 3187 1395 θεωρίαις
3243 1324 3643 1393 ἐπενηχόμεθα.

2083 1414 2301 1485 Ἐπειδὴ
2329 1414 2387 1468 δὲ
2410 1416 2471 1468 οὑ
2515 1415 2721 1486 μικρὰν
2771 1416 2869 1487 τὴν
2921 1414 3123 1486 ζημίαν
3173 1415 3440 1468 ἐποίσειεν
3484 1415 3552 1469 ἂν
3600 1415 3649 1468 εἰ

2071 1506 2461 1578 παραδεχθεῖεν
2487 1507 2591 1560 ὑπό
2618 1524 2710 1560 του
2740 1506 2809 1561 τὰ
2855 1505 2994 1560 οὑτω
3045 1506 3500 1578 δογματιζόμενα,
3534 1507 3652 1569 πῶς

2072 1596 2173 1650 οὑκ
2197 1597 2488 1655 ἀκόλουθον
2515 1596 2662 1668 ζήλῳ
2699 1595 2777 1667 τῷ
2801 1594 3029 1666 φιλοθέῳ
3058 1598 3447 1668 κεκινημένους
3473 1598 3657 1652 καθεῖ-

394 1691 777 1761 intempestive
814 1690 1105 1745 traducere
1151 1688 1297 1759 quod
1328 1703 1424 1758 per
1457 1688 1767 1764 exemplum
1801 1702 1865 1741 ac
1887 1687 1967 1742 rei

2086 1704 2158 1741 lat
2179 1689 2278 1758 τὴν
2301 1689 2480 1759 μάχην
2513 1687 2606 1759 τὴν
2651 1689 2708 1741 ἐν
2740 1688 3021 1758 λογισμοῖς
3065 1705 3127 1741 τε
3170 1689 3265 1741 καὶ
3305 1688 3522 1754 λόγοις;
3554 1690 3652 1761 Εἴη

394 1781 812 1836 similitudinem
864 1781 1068 1835 dictum
1119 1788 1224 1836 est.
1269 1777 1543 1835 Existimo
1575 1778 1720 1834 enim
1754 1777 1824 1833 iis
1877 1778 1973 1848 qui

395 1872 611 1941 singula
651 1880 801 1927 recte
832 1870 1306 1942 comprehendere
1349 1870 1540 1932 velint,
1589 1869 1655 1923 ad
1692 1868 1826 1923 dicti
1861 1883 1978 1924 sco-

397 1980 527 2035 pum
568 1963 979 2033 respiciendum
1021 1979 1166 2025 esse,
1217 1978 1530 2033 magnoque
1578 1960 1765 2017 studio
1798 1961 1979 2016 consi-

398 2053 705 2108 derandum
736 2053 867 2124 quid
901 2054 1245 2125 propositum
1284 2054 1355 2108 sit
1385 2053 1435 2108 ei
1465 2052 1559 2122 qui
1600 2051 1868 2121 loquitur.
1899 2050 1977 2105 Εκ

400 2146 486 2199 his
549 2152 731 2199 autem
773 2146 997 2201 adverte
1043 2160 1239 2200 rursus
1275 2144 1544 2215 numquid
1582 2154 1732 2199 recte
1794 2144 1979 2199 dicere

401 2236 497 2293 tibi
540 2236 845 2293 videamur.
891 2236 1171 2292 Servatori
1211 2235 1431 2291 Christo
1468 2237 1815 2306 propositum
1868 2251 1977 2290 non

400 2336 519 2381 erat
561 2327 867 2396 discipulos
919 2328 1152 2383 edocere
1186 2342 1246 2381 se
1274 2327 1499 2397 quidem
1539 2327 1707 2381 alium
1747 2342 1871 2382 esse
1902 2342 1982 2381 se-

400 2415 642 2470 cundum
683 2427 959 2481 naturam,
993 2417 1164 2471 alium
1189 2432 1317 2471 vero
1355 2415 1599 2483 Patrem,
1621 2406 1739 2472 nec
1771 2417 1981 2471 idcirco

402 2497 620 2555 Patrem
664 2502 972 2556 vocandum
1006 2503 1304 2573 agricolam
1335 2504 1711 2569 existimabat,
1753 2520 1813 2560 se
1854 2521 1982 2560 vero

402 2594 592 2648 vitem.
634 2593 771 2649 Nam
804 2596 849 2651 si
883 2597 1008 2652 talis
1047 2597 1097 2652 ei
1147 2612 1350 2668 scapus
1378 2597 1599 2661 fuisset,
1637 2599 1831 2669 quidni
1875 2615 1984 2656 ser-

405 2703 622 2742 monem
650 2689 724 2745 ibi
758 2690 897 2744 liniit
924 2691 1035 2746 alio
1066 2690 1218 2744 nullo
1246 2692 1474 2761 insuper
1501 2692 1714 2750 addito?
1743 2693 1982 2764 Scopum

406 2781 550 2834 enim
589 2794 750 2834 suum
784 2782 924 2834 citra
966 2780 1351 2836 confusionem
1388 2784 1561 2837 ullam
1610 2784 1983 2853 patefecisset,

404 2870 561 2937 juxta
594 2878 830 2924 vestram
864 2873 1221 2936 sententiam,
1262 2873 1309 2927 si
1360 2874 1604 2944 seipsum
1638 2875 1910 2931 duntaxat
1933 2887 1988 2935 et

406 2959 627 3014 Patrem
662 2960 1023 3017 nominasset.
1060 2961 1221 3017 Nunc
1259 2971 1440 3019 autem
1480 2980 1605 3020 cum
1658 2967 1988 3036 praemiserit

410 3063 473 3102 se
503 3047 669 3102 vitem
695 3063 842 3112 esse,
883 3063 1096 3118 nosque
1128 3049 1420 3120 palmitum
1454 3050 1633 3105 instar
1669 3066 1735 3105 ex
1765 3065 1827 3106 ea
1854 3066 1987 3122 peu-

410 3139 562 3204 dere,
619 3154 703 3221 ac}
737 3151 1002 3214 praeterea
1036 3142 1265 3200 culturae
1304 3140 1540 3195 cilicium
1574 3143 1779 3199 tribuat
1812 3142 1985 3207 Patri,

411 3231 620 3291 nemini
648 3271 664 3296 ,
694 3232 920 3313 ‘opinor,
964 3248 1073 3286 non
1112 3233 1320 3307 patebit
1369 3233 1504 3290 nihil
1534 3249 1657 3290 eum
1686 3235 1792 3291 tale
1822 3235 1991 3303 signi-

413 3325 582 3385 ﬁcare
619 3326 783 3396 quale
820 3341 918 3381 vos
960 3325 1189 3396 putatis,
1228 3326 1324 3381 sed
1355 3325 1735 3382 crassioribus
1759 3326 1991 3396 quibus-

413 3417 537 3473 dam
576 3425 631 3472 et
693 3418 798 3473 sub
856 3419 1048 3477 oculos
1087 3416 1418 3475 cadentibus
1476 3417 1746 3487 exemplis
1785 3415 1994 3471 audito-

414 3509 575 3564 ribus
625 3509 960 3579 persuadere
998 3510 1139 3564 velle
1174 3524 1392 3564 omnem
1432 3510 1596 3565 nobis
1632 3509 1994 3564 fecunditatis

415 3600 687 3668 spiritalis
722 3599 831 3653 vim
864 3615 987 3656 esse
1018 3601 1087 3655 ab
1126 3601 1271 3671 ipso,
1303 3596 1769 3669 quemadmodum
1805 3600 1996 3669 etpal-

416 3691 643 3747 mitibus
666 3706 698 3745 a
727 3691 911 3747 radice
936 3683 1622 3761 prodeuntibus'qualitas
1644 3699 1730 3747 est
1752 3691 1821 3745 ab
1850 3692 1990 3761 ipsa.

418 3781 692 3837 Donatum
731 3783 877 3839 enim
917 3792 1003 3839 est
1042 3784 1414 3855 quodcunque
1451 3792 1535 3839 est
1588 3784 1642 3837 in
1680 3783 1841 3839 nobis
1905 3784 1998 3837 bo-

419 3889 550 3927 num
582 3891 597 3938 ;
640 3873 700 3929 in
758 3873 870 3929 Deo
910 3890 1039 3930 vero
1100 3891 1210 3937 non
1264 3875 1392 3931 item
1428 3892 1441 3928 :
1481 3875 1599 3945 ipse
1635 3875 1782 3930 enim
1822 3880 1906 3929 est
1938 3874 1995 3927 iu

420 3967 603 4035 seipso
642 3982 870 4025 suarum
923 3967 1412 4040 praerogativarum
1449 4010 1463 4033 ,
1516 3967 1705 4037 gloriae
1742 3981 1807 4020 ac
1850 3973 1998 4035 pote-

420 4058 580 4113 statis
610 4059 713 4114 sibi
753 4059 847 4113 uni
879 4058 1257 4119 convenientis
1296 4058 1992 4131 ipsummct,principium.

421 4148 632 4205 Idcirco
675 4150 832 4205 radix
873 4165 937 4205 ac
980 4150 1109 4205 vitis
1155 4150 1562 4220 quodanunodo
1594 4149 1850 4204 Christus
1888 4158 1993 4213 est;

422 4255 525 4296 nos
552 4257 682 4297 vero
719 4243 992 4313 palmites.
1026 4241 1185 4308 Quod
1234 4250 1416 4297 autem
1444 4240 1748 4312 agricolam
1780 4240 1994 4296 Patrem

2077 1778 2184 1850 γὰρ
2209 1780 2274 1832 ἂν
2300 1777 2471 1842 οὑτως
2496 1779 2830 1843 εὑκάτοπτός
2852 1796 2911 1832 τε
2940 1779 3134 1851 κομιδῇ
3167 1779 3274 1833 τῶν
3312 1780 3380 1834 δι’
3408 1780 3656 1844 ἐναντίας

2078 1873 2111 1942 ἡ
2141 1870 2467 1941 πανουργία.
2510 1872 2621 1925 Καὶ
2649 1870 2781 1942 φέρε
2820 1870 2886 1941 δὴ
2917 1871 3135 1942 πρῶτον
3168 1872 3344 1924 ἐκεῖνο
3363 1871 3645 1941 λέγωμεν,

2077 1962 2159 2015 ὅτι
2178 1960 2249 2014 τδ”
2266 1962 2323 2014 ἐν
2345 1962 2788 2033 παραδείγματος
2805 1962 2954 2029 τάξει
2977 1961 3178 2032 ληφθὲν
3198 1962 3290 2016 καὶ
3306 1965 3385 2026 εἰς
3398 1962 3655 2033 ὁμοίωσιν

2077 2052 2175 2124 τὴν
2196 2052 2289 2106 τοῦ
2320 2054 2645 2126 πράγματος
2673 2053 3159 2125 εἰσκεκομισμένον
3187 2056 3267 2118 είς
3310 2053 3660 2123 φυσιολογίας

2079 2144 2300 2215 τρόπον,
2335 2145 2454 2214 ἦτοι
2482 2144 2674 2208 οὐσίας
2692 2144 2923 2215 δήλωσιν
2969 2130 3218 2198 ἐκλαϐεῖν
3255 2145 3358 2198 οὑκ
3385 2143 3657 2214 εὐκαίρως

2081 2236 2319 2307 ἀνόητον
2336 2234 2633 2298 παντελῶς.
2668 2230 2836 2305 Οἶμαι
2863 2234 2972 2305 γὰρ
2999 2234 3174 2303 ἔγωγε
3198 2236 3326 2297 τοὺς
3346 2235 3427 2297 εἰς
3454 2233 3660 2286 ἐκαστα

2079 2328 2189 2380 τῶν
2216 2326 2525 2396 λεγομένων
2575 2326 2813 2380 συνιέναι
2843 2326 3094 2389 θέλοντας
3113 2324 3311 2396 ὀρθῶς,
3345 2327 3426 2385 είς
3452 2324 3540 2378 τὸν
3567 2316 3661 2378 τοῦ

2084 2420 2438 2491 θεωρήματος
2466 2418 2799 2471 ἀποϐλέπειν
2834 2418 3057 2480 σκοπὸν,
3098 2419 3191 2471 καὶ
3218 2417 3271 2470 τί
3309 2418 3447 2486 μετὰ
3476 2418 3663 2486 χεῖρας

2084 2512 2221 2582 ἔχων
2250 2513 2277 2564 ὁ
2302 2509 2393 2564 τοῦ
2420 2510 2581 2579 λόγου
2603 2509 2931 2581 δημιουργὸς
2988 2511 3227 2563 ποιεῖται
3263 2507 3364 2579 τὴν
3394 2506 3662 2574 διάλεξιν,

2088 2604 2184 2656 σὺν
2210 2601 2378 2673 πολλῇ
2404 2604 2470 2673 τῇ
2497 2602 2756 2673 φρονήσει
2792 2599 3271 2654 κατασκέπτεσθαι
3295 2600 3428 2655 δεῖν.
3465 2599 3664 2661 Σκόπει

2084 2691 2142 2744 δὲ
2169 2691 2232 2762 δὴ
2259 2691 2419 2748 πάλιν
2447 2689 2508 2756 ἐξ
2532 2691 2711 2744 αὑτῶν
2732 2693 2862 2761 ἡμῖν
2911 2691 3018 2745 τῶν
3072 2692 3468 2763 προκειμένων,
3513 2694 3560 2745 εί
3588 2692 3665 2763 μή

2089 2800 2171 2837 σοι
2193 2783 2456 2853 δοκοῦμεν
2481 2784 2679 2855 ἄριστα
2700 2783 2900 2852 λέγειν.
2934 2784 3050 2836 Οὑκ
3089 2780 3157 2855 ἦν
3200 2784 3339 2855 μετὰ
3362 2788 3550 2855 χεῖρας
3591 2786 3671 2856 τῷ

2089 2876 2303 2945 Σωτῆρι
2332 2875 2554 2947 Χριστῷ
2586 2873 2794 2939 διδάξαι
2823 2876 2951 2937 τοὺς
2988 2875 3259 2947 μαθητὰς,
3310 2875 3386 2939 ὡς
3433 2877 3516 2947 εἴη
3570 2876 3671 2946 μὲν

2089 2965 2256 3027 αὑτὸς
2308 2964 2451 3018 κατὰ
2481 2964 2642 3034 φύσιν
2675 2965 2883 3037 ἔτερος,
2915 2967 3152 3035 ἐτεροῖος
3178 2966 3234 3019 δὲ
3257 2968 3287 3020 ό
3318 2967 3527 3038 Πατὴρ,
3549 2965 3670 3020 οὑδὲ

2088 3054 2177 3108 διὰ
2201 3053 2357 3115 τοῦτο
2379 3055 2626 3126 γεωργὸν
2656 3054 2754 3123 μὲν
2786 3053 2879 3107 τὸν
2902 3054 3151 3122 φύσαντα
3167 3054 3353 3109 καλεῖν
3372 3052 3508 3125 ᾤετο
3538 3055 3667 3119 δεῖν,

2089 3147 2333 3217 ἄμπελον
2357 3147 2413 3200 δέ
2441 3146 2622 3201 αὑτὸν.
2643 3145 2707 3199 Ei
2732 3146 2838 3217 γὰρ
2872 3142 3026 3209 οὑτος
3046 3142 3113 3217 ῆν
3133 3149 3161 3200 ὁ
3192 3146 3393 3210 σκοπὸς
3418 3148 3475 3199 ἐν
3498 3144 3672 3216 αὑτῷ,

2090 3239 2143 3291 τί
2185 3238 2258 3308 μὴ
2294 3238 2458 3308 μέχρι
2480 3237 2684 3291 τούτων
2714 3238 2836 3308 ἵστη
2866 3237 2958 3290 τὸν
2985 3236 3164 3305 λόγον,
3200 3238 3352 3292 οὐδὲν
3386 3239 3523 3301 ὅλως
3553 3238 3673 3290 ἐτε-

2096 3345 2184 3399 ρον
2208 3325 2747 3398 προεπεισενεγκών;
2787 3324 3120 3395 Ἀσύγχυτον
3153 3326 3261 3397 γὰρ
3292 3324 3357 3379 ἂν
3378 3326 3674 3395 ἐποιήσατο

2090 3420 2189 3491 τὴν
2222 3420 2454 3489 δήλωσιν
2511 3418 2603 3471 τοῦ
2646 3417 2844 3471 οἰκείου
2900 3417 3126 3482 σκοποῦ,
3177 3417 3322 3470 κατά
3345 3433 3408 3485 γε
3441 3416 3502 3470 τὸ
3546 3417 3675 3486 ὑμῖν

2093 3509 2302 3570 δοκοῦν,
2325 3511 2373 3562 εἰ
2399 3508 2557 3579 μόνον
2581 3509 2862 3580 ὠνόμασεν
2886 3509 3075 3563 ἑαυτόν
3108 3525 3167 3561 τε
3198 3509 3289 3561 καὶ
3312 3509 3403 3562 τὸν
3436 3508 3670 3579 Πατέρα.

2094 3602 2230 3657 Νυνὶ
2261 3600 2318 3655 δὲ
2343 3600 2706 3670 προκαταθεὶς
2737 3600 2980 3671 ἄμπελον
3012 3600 3110 3670 μὲν
3135 3599 3347 3662 ἐαυτὸν,
3381 3599 3677 3670 κλημάτων

2095 3691 2151 3744 δὲ
2179 3690 2335 3762 δίκην
2367 3691 2641 3764 ἠρτῆσθαι
2667 3692 2844 3761 λέγων
2900 3693 3070 3761 ἡμᾶς,
3102 3686 3220 3744 εἷτα
3252 3693 3352 3762 τῆς
3402 3690 3677 3762 γεωργίας

2098 3782 2158 3836 τὸ
2191 3783 2530 3855 ἐπιτήδευμα
2561 3783 2806 3855 περιθεὶς
2831 3783 2910 3855 τῷ
2930 3785 3129 3854 Πατρὶ,
3172 3783 3331 3854 δῆλος
3360 3783 3426 3837 ἂν
3449 3784 3532 3850 εἴη
3583 3785 3678 3835 καὶ

2100 3878 2288 3940 πᾶσιν,
2325 3872 2499 3948 οἶμαι,
2554 3876 2894 3948 καταφανὴς,
2954 3877 3031 3940 ὡς
3084 3875 3239 3929 οὐδὲν
3294 3876 3392 3946 μὲν
3435 3874 3679 3928 τοιοῦτον

2099 3970 2282 4023 ὁποῖον
2305 3970 2461 4040 ὑμεῖς
2484 3969 2819 4039 ὑπειλήφατε
2851 3967 3021 4038 δηλοῖ,
3052 3967 3139 4022 διὰ
3170 3967 3391 4037 παχέων
3410 3966 3466 4019 δὲ
3489 3965 3681 4035 ὥσπερ

2100 4062 2193 4115 καὶ
2216 4063 2329 4124 τοῖς
2353 4060 2447 4115 τοῦ
2465 4059 2713 4128 σώματος
2733 4058 3029 4129 ὀφθαλμοῖς
3047 4059 3464 4112 ὑποπιπτόντων
3501 4074 3681 4128 παραυ

2098 4155 2408 4226 δειγμάτων
2437 4154 2727 4210 ἀναπεῖσαι
2778 4151 3022 4222 βούλεται
3072 4152 3199 4214 τοὺς
3254 4151 3677 4221 ἀκροωμένους,

2101 4249 2184 4300 ὅτι
2217 4248 2398 4316 πάσης
2422 4249 2555 4317 ἡμῖν
2582 4244 2960 4317 καρποφορίας
2984 4243 3359 4315 πνευματικῆς
3386 4246 3418 4313 ἡ
3452 4242 3680 4312 δύναμις
3756 4277 3767 4281 υ

421 4332 814 4399 nominaverit,
848 4348 917 4387 ne
950 4332 1103 4387 dicas
1134 4332 1209 4386 ita
1249 4332 1556 4401 nuncupari
1583 4332 1741 4400 quasi
1766 4329 1984 4384 diversa

2104 4341 2232 4408 παρ’
2253 4337 2437 4401 αὑτοῦ,
2474 4337 2726 4408 καθάπερ
2746 4332 2839 4390 οὖν
2872 4336 3065 4407 ἀμέλει
3095 4335 3189 4390 καὶ
3227 4337 3342 4397 τοῖς
3390 4333 3491 4403 τῆς
3523 4332 3681 4405 ῥίζης

422 4422 495 4480 sit
521 4422 879 4479 substantiae:
920 4437 1026 4477 nec
1059 4421 1207 4476 enim
1234 4421 1287 4476 id
1310 4422 1426 4476 vult
1465 4420 1801 4489 significare,
1834 4421 1995 4475 sicuti

422 4510 705 4576 diximus;
765 4511 860 4565 sed
907 4509 1200 4565 ostendere
1238 4508 1409 4567 voluit
1444 4516 1698 4562 naturam
1752 4507 1994 4562 divinant

423 4601 665 4661 radicem
713 4608 768 4657 et
802 4600 1133 4669 principium
1171 4598 1229 4652 in
1278 4598 1442 4668 862
1492 4598 1654 4653 nobis
1694 4597 1999 4653 fertilitatis

424 4692 608 4749 omnis
671 4691 943 4761 Spiritalis
997 4704 1060 4743 ac
1115 4690 1281 4753 vitae,
1318 4704 1440 4758 quae
1479 4698 1675 4757 praeter
1724 4703 1787 4742 ea
1855 4688 1998 4742 bona

422 4800 548 4855 quat
580 4782 842 4846 diximus,
887 4782 1065 4836 instar
1090 4780 1345 4851 agricola:
1372 4780 1605 4848 lat-gitur
1636 4787 1690 4835 et
1742 4778 1900 4835 offert
1930 4780 1998 4836 iis

426 4877 518 4947 qui
574 4890 667 4944 per
726 4872 889 4929 ﬁdem
946 4871 1013 4928 ad
1080 4873 1228 4927 illius
1285 4871 1759 4943 participationem
1820 4872 1999 4929 vocati

425 4978 575 5032 sunt,
603 4982 794 5023 curam
821 4962 885 5022 et
915 4964 1314 5036 providentiam
1355 4965 1665 5019 cbaritatis.
1698 4962 1842 5018 Nihil
1870 4980 2001 5035 ergo

426 5062 590 5131 plane
628 5059 694 5115 ad
725 5058 981 5116 essentia
1020 5056 1295 5113 rationem
1336 5056 1715 5124 exemplorum
1765 5055 2001 5111 dissimi-

427 5151 644 5205 litudo:
686 5166 787 5207 nec
815 5149 963 5205 enim
995 5145 1273 5202 Servatori
1312 5144 1533 5201 Christo
1572 5160 1729 5200 nunc
1757 5145 2003 5216 proposio

426 5251 542 5296 tum
580 5253 666 5297 est
700 5245 768 5296 de
806 5242 911 5296 hoc
974 5236 1181 5309 aliquid
1237 5235 1443 5300 dicere,
1480 5236 1576 5291 sed
1611 5237 1779 5290 alium
1837 5236 2001 5302 habet

427 5347 655 5401 scopum
717 5333 859 5387 ratio
898 5331 1185 5387 doctrinae.
1228 5327 1431 5383 Verum
1473 5328 1732 5399 quoniam
1772 5327 2001 5385 demens

427 5426 520 5480 ille
545 5424 706 5479 solita
738 5438 838 5477 sua
871 5423 1177 5478 temeritate
1205 5436 1326 5495 quae
1360 5435 1525 5495 prava
1560 5429 1692 5475 sunt
1719 5422 2011 5492 amplecti-_

429 5527 543 5581 tur,
582 5516 767 5585 aitque
806 5514 1010 5568 nullam
1055 5528 1180 5568 esse
1217 5514 1485 5567 rationem
1528 5526 1652 5581 qua:
1686 5512 1792 5565 loci
1837 5513 2000 5582 hujus

438 5624 663 5681 seopum
693 5624 723 5662 a
754 5616 902 5662 recto
943 5620 1107 5661 sensu
1142 5604 1424 5661 detortum
1467 5603 1533 5659 ad
1564 5604 1998 5659 incarnationem

2106 4427 2517 4498 προσπεφυκόσι
2551 4426 2794 4496 κλήμασι
2853 4425 3076 4493 ποιότης
3131 4422 3262 4494 παρ’
3292 4421 3481 4491 αὑτῆς.
3518 4420 3682 4473 Δοτὸν

2107 4520 2205 4587 μὲν
2238 4519 2348 4588 γάρ
2381 4520 2437 4570 ἐν
2464 4518 2596 4587 ἡμῖν
2628 4518 2755 4578 πᾶν,
2795 4517 2935 4585 ὅπερ
2975 4515 3170 4584 ἔχομεν
3215 4512 3440 4581 ἀγαθὸν,
3471 4511 3591 4582 Θεῷ
3622 4510 3683 4564 δὲ

2102 4609 2303 4662 οὑκέτι·
2328 4607 2564 4678 ἔστιγὰρ
2593 4608 2755 4671 αὑτὸς
2785 4609 2841 4659 ἐν
2865 4605 3043 4675 ἐαυτῷ
3061 4605 3169 4660 τῶν
3191 4604 3335 4658 ἰδίων
3358 4604 3687 4672 πλεονεκτη-

2109 4700 2315 4769 μάτων,
2348 4699 2505 4767 δόξης
2536 4714 2597 4752 τε
2649 4698 2742 4751 καὶ
2793 4696 3063 4763 ἐξουσίας,
3099 4698 3199 4765 τῆς
3229 4696 3378 4766 αὑτῷ
3413 4696 3509 4749 καὶ
3534 4694 3686 4765 μόνῳ

2104 4789 2421 4862 πρεπούσης
2452 4789 2675 4862 ἔναρχος
2708 4790 2872 4860 ἀρχή.
2914 4788 3013 4843 Διὰ
3038 4788 3194 4842 τοῦτο
3225 4788 3323 4858 μὲν
3348 4787 3472 4859 ῥίζα
3492 4786 3687 4857 ὥσπερ

2104 4884 2197 4937 καὶ
2222 4883 2464 4952 ἄμπελος
2509 4883 2538 4934 ὁ
2592 4882 2846 4952 Χριστὸς,
2895 4881 3155 4951 κλήματα
3198 4880 3253 4935 δὲ
3293 4882 3473 4950 ἡμεῖς.
3518 4879 3581 4932 Εἰ
3621 4877 3683 4933 δέ

2103 4973 2347 5042 γεωργὸν
2372 4972 2617 5042 ὠνόμασε
2649 4972 2740 5023 τὸν
2761 4971 3003 5040 Πατέρα,
3039 4970 3112 5041 μὴ
3148 4971 3305 5041 εἴπῃς
3329 4970 3404 5033 ὡς
3431 4968 3647 5041 ἐτεροού
3664 4998 3683 5010 -

2105 5079 2238 5115 σιον·
2279 5063 2339 5115 οὑ
2370 5063 2478 5133 γὰρ
2508 5061 2665 5115 τοῦτο
2702 5061 2941 5132 σημῆναι
2996 5060 3265 5130 βούλεται,
3299 5060 3557 5132 καθάπερ
3605 5060 3685 5113 εἰ-

2106 5158 2375 5226 ρήκαμεν·
2430 5155 2545 5209 ἀλλ’
2574 5154 2839 5221 ἐπιδεῖξαι
2888 5154 3120 5225 θελήσας
3177 5153 3259 5207 ὅτι
3303 5152 3397 5206 καί¹
3428 5151 3552 5223 ῥίζα
3586 5151 3684 5205 καὶ

2103 5248 2269 5318 ἀρχὴ,
2298 5248 2392 5316 τῆς
2449 5248 2506 5301 ἐν
2537 5249 2670 5318 ήμῖν
2729 5245 3108 5318 καρποφορίας
3148 5244 3531 5314 πνευματικῆς
3589 5245 3684 5298 καὶ

2104 5334 2306 5405 ζωῆςή
2369 5336 2489 5388 θεία
2535 5335 2726 5403 γέγονε
2789 5326 2969 5404 φύσις,
3020 5333 3158 5402 πρὸς
3203 5334 3316 5393 τοῖς
3369 5330 3684 5401 εἰρημένοις

2104 5427 2348 5495 ἀγαθοῖς,
2381 5427 2456 5492 ὼς
2484 5428 2543 5481 ἐν
2574 5424 2824 5498 γεωργοῦ
2857 5442 3003 5487 τινος
3025 5424 3176 5489 τάξει
3205 5421 3562 5492 χαριζομένη,
3588 5420 3683 5474 καὶ

2108 5520 2442 5590 ἐπιφέρουσα
2464 5522 2572 5582 τοῖς
2603 5519 2689 5572 διὰ
2722 5518 2957 5580 πίστεως
3000 5515 3358 5587 κεκλημένοις
3389 5516 3470 5576 εἰς
3492 5529 3685 5566 κοινω-

2106 5613 2224 5668 νίαν
2269 5611 2460 5683 αὐτῆς,
2512 5610 2609 5681 τὴν
2647 5608 2933 5679 ἐπίσκεψιν
2979 5607 3081 5681 τῆς
3114 5606 3351 5677 ἀγάπης.
3389 5603 3554 5660 Οὑδέν
3585 5597 3683 5658 οὖν
