4042 6204
316 269 425 326 3M

1350 265 1419 323 1N
1457 266 1747 327 lOANNlS
1771 267 2225 329 EVANGELIUM
2263 273 2392 331 LIB.
2427 275 2495 332 X.
2536 284 2541 291 '

3458 263 3581 341 ’τη

316 382 428 453 ἄρα
476 378 761 445 παντελῶς
802 381 859 453 ,ἡ
896 380 1004 434 τῶν
1057 380 1516 453 παραδειγμάτων
1546 383 1898 455 ἀνομοιότης,

2023 384 2211 442 Ihristi
2248 387 2539 445 transferri
2582 387 2729 445 sinat
2760 404 2773 442 :
2819 403 2918 447 nec
2947 390 3094 446 enim
3124 392 3175 448 ei
3216 406 3446 465 corpore
3479 414 3581 455 nos

319 474 457 542 πρὸς
478 472 572 526 τὸν
618 472 723 542 τῆς
770 472 958 536 οὐσίας
987 470 1100 537 ἕξει
1151 472 1327 541 λόγον·
1363 474 1427 527 οὐ
1476 474 1587 546 γὰρ
1617 475 1904 546 πρόκειται

318 565 438 617 νυνὶ
463 563 544 633 τῷ
565 562 781 634 Σωτῆρι
815 563 1037 635 Χριστῷ
1070 564 1201 636 περὶ
1234 564 1426 631 τούτου
1452 583 1508 620 τι
1555 565 1758 635 λέγειν,
1788 566 1904 620 ἀλλ’

319 655 508 726 ἕτερον
529 654 642 725 ἔχει
670 654 871 708 σκοπὸν
888 655 988 726 τῆς
1007 654 1355 720 διδασκαλίας
1380 657 1409 710 6
1437 656 1658 729 τρόπος.
1687 656 1905 729 Ἐπειδὴ

321 745 382 796 δὲ
408 743 586 812 λέγειν
620 745 650 796 6
687 744 994 815 παράφρων
1020 745 1085 799 ὲκ
1111 744 1213 815 τῆς
1233 746 1462 817 ἐνούσης
1491 746 1640 818 αὐτῷ
1676 745 1906 800 δυσόουρ-

322 833 446 897 λίας
476 834 548 887 τὰ
575 833 675 887 οὐκ
705 833 882 904 ὀρθῶς
911 833 1102 904 έχοντα
1156 834 1429 906 βούλεται,
1487 836 1582 890 καί
1628 852 1793 907 φησιν
1825 836 1907 889 ὅτι

324 925 483 993 λόγος
502 924 678 988 οὐδεὶς
704 924 990 996 ἐπιτρέψει
1015 925 1115 996 τῆς
1138 926 1356 991 εὐθείας
1376 927 1567 998 ὥσπερ
1590 927 1909 994 ἐξέλκοντας

324 1018 417 1073 τὸν
467 1017 563 1071 τοῦ
616 1015 979 1089 προκειμένου
1028 1018 1229 1074 σκοπὸν
1286 1019 1636 1091 περιτρέπειν
1686 1021 1766 1084 εἰς
1835 1019 1933 1092 τὴν

2002 474 2334 545 coniunctos
2365 491 2532 543 esse,
2592 478 2690 534 sed
2747 494 2928 551 neque
2982 483 3265 552 apostolos
3320 492 3578 556 tanquam

2002 566 2261 636 palmites
2289 568 2343 624 in
2363 568 2567 626 Christi
2590 586 2823 640 corpore
2855 572 3046 637 fuisse,
3079 588 3179 630 nec
3209 574 3258 630 ei
3290 575 3393 631 boe
3418 579 3582 636 modo

2004 656 2353 727 coniunctos,
2390 661 2483 716 sed
2542 662 2740 718 alIeetu
2791 679 2856 719 ae
2892 663 2998 720 fide
3022 663 3277 720 sincera:
3322 666 3580 738 agedum,

2005 749 2202 819 paucis
2235 751 2302 806 ad
2337 751 2453 807 haec
2483 755 2942 824 respondeamus,
2971 756 3321 815 ostendentes
3342 774 3470 814 eum
3500 761 3583 814 in-

2005 840 2192 897 sanire
2226 843 2465 912 penitus,
2505 859 2608 901 nec
2651 859 2939 901 sacrarum
2985 846 3318 904 Litterarum
3367 857 3581 906 rectum

2003 929 2108 985 iter
2145 931 2424 989 insistere.

2005 1021 2421 1094 ἐνανθρώπησιν
2433 1025 2528 1079 τοῦ
2544 1026 2801 1099 Χριστοῦ·
2830 1027 2890 1080 οῦ
2924 989 3035 1100 γὰρ
3062 1028 3413 1100 συνήφθημεν
3435 1030 3585 1104 αὐτῷ

326 1112 470 1167 κατὰ
494 1112 555 1165 τὸ
576 1111 765 1182 σῶμα,
806 1110 924 1165 ἀλλ’
954 1110 1076 1165 οὐδὲ
1113 1110 1306 1183 έμενον
1359 1112 1410 1166 οἰ
1449 1113 1739 1167 ἀπόστολοι
1764 1155 1780 1179 ,
1829 1114 1906 1178 ὡς
1939 1113 2195 1186 κλήματα
2220 1117 2384 1187 τυχὸν
2413 1119 2470 1170 ἐν
2495 1117 2573 1189 τῷ
2602 1118 2816 1191 σώματι
2854 1120 2951 1174 τοῦ
2972 1122 3229 1193 Χριστοῦ,
3293 1123 3416 1177 οὗτε
3479 1125 3585 1197 μὴν

324 1204 477 1276 αὐτῷ
506 1205 651 1260 κατὰ
675 1203 865 1259 τοῦτον
898 1204 1232 1275 συνήπτοντο
1255 1204 1345 1258 τὸν
1369 1204 1549 1275 λόγον,
1578 1206 1714 1260 ἀλλὰ
1738 1206 1974 1261 διαθέσει
2012 1207 2107 1261 καὶ
2176 1207 2361 1262 πίστει
2422 1209 2726 1283 εἰλικρινεῖ,
2775 1211 2909 1283 φέρε
2971 1231 3023 1267 τι
3062 1212 3235 1287 βραχὺ
3312 1218 3407 1271 καὶ
3450 1217 3587 1289 πρὸς

324 1298 501 1353 ταῦτα
536 1298 803 1368 λέγωμεν,
830 1298 1078 1368 πανταχῆ
1103 1295 1408 1360 δεικνύντες
1439 1297 1791 1370 ἀφραίνοντα,
1810 1297 1905 1351 καὶ
1937 1297 2046 1353 τῶν
2080 1298 2240 1370 ίερῶν
2268 1300 2618 1372 Γραμμάτων
2664 1302 2763 1356 οὐκ
2798 1302 2944 1358 ἰόντα
2972 1306 3093 1358 κατ’
3127 1305 3279 1361 εὐθύ.

399 1391 525 1442 Ὅτι
554 1389 658 1458 μὲν
686 1387 795 1462 γὰρ
814 1386 1056 1442 διαθέσει
1109 1389 1177 1459 τῇ
1224 1387 1491 1459 νοουμένῃ
1520 1388 1663 1443 κατὰ
1685 1388 1784 1460 τὴν
1820 1406 1912 1442 τε-

325 1485 477 1538 λείαν
512 1483 754 1555 ἀγάπην,
785 1482 917 1555 ὀρθῇ
949 1499 1011 1534 τε
1049 1483 1142 1536 καὶ
1186 1481 1532 1554 άδιαστρόφῳ
1562 1484 1763 1549 πίστει,
1788 1483 1912 1553 φιλ-

328 1577 511 1646 αρέτῳ
546 1591 606 1628 τε
642 1575 737 1629 καὶ
766 1573 1051 1645 εἰλικρινεῖ
1079 1573 1327 1645 λογισμῷ
1354 1574 1723 1647 σγνενούμεθα
1746 1592 1911 1628 πνευ-

332 1667 580 1739 ματικῶς
601 1664 946 1738 τῷσκριστῷ,
965 1665 1216 1737 οὐδαμῶς
1244 1665 1607 1737 ἐξαρνήσεται
1638 1666 1746 1719 τῶν
1780 1669 1911 1738 παρ’

329 1762 463 1831 ἡμῖν
486 1758 775 1830 δογμάτων
797 1759 827 1811 6
851 1758 1031 1826 λόγος’
1053 1756 1280 1829 συνεροῦ
1289 1773 1390 1828 μεν
1431 1757 1540 1828 γάρ
1568 1759 1650 1812 δτι
1678 1758 1743 1830 δὴ
1765 1758 1912 1829 μάλα
1941 1788 1985 1844 Β

327 1852 487 1905 τοῦτό
520 1867 684 1919 φασιν
710 1849 906 1924 ὀρθῶς.
932 1849 1005 1902 Τὸ
1036 1847 1094 1903 δέ
1136 1865 1201 1918 γε
1256 1848 1674 1921 καταθαρσῆσαι
1698 1850 1908 1919 λέγειν,
1946 1884 1951 1891 -

328 1944 408 2006 ὡς
432 1943 612 2006 οὐδεὶς
639 1944 770 2014 ἡμῖν
803 1941 1096 2011 συναφείας
1127 1941 1226 2012 τῆς
1256 1942 1397 1996 κατὰ
1444 1942 1621 2015 σάρκα
1650 1942 1786 2014 πρὸς
1814 1942 1913 1996 αὑ-

328 2032 422 2085 τὸν
456 2035 484 2086 ὀ
512 2031 690 2101 λόγος,
739 2031 1048 2104 ὁλοκλήρως
1097 2031 1300 2103 ἀπᾷδον
1358 2034 1480 2097 ταῖς
1536 2032 1915 2098 θεοπνεύστοις

330 2126 575 2196 Γραφαῖς
601 2122 956 2194 ἐπιδείξομεν.
981 2123 1109 2187 Πῶς
1156 2124 1266 2195 γὰρ
1308 2125 1377 2179 ἂν
1400 2124 1725 2197 ἀμφίλογον,
1775 2125 1809 2197 ἢ
1831 2126 1917 2191 τίς

331 2215 400 2268 ἂν
426 2214 566 2280 ὅλως
593 2213 864 2268 ἐνδοιάσαι
892 2214 1022 2268 ποτὲ
1041 2213 1149 2267 τῶν
1177 2210 1237 2269 εὖ
1268 2218 1484 2287 φρονεῖν
1511 2215 1803 2280 εἰωθότων,
1840 2216 1917 2281 ὡς

331 2305 578 2377 ἄμπελος
635 2305 737 2377 μέν
772 2307 887 2359 ἐστι
936 2304 1080 2360 κατὰ
1134 2304 1296 2359 τοῦτο
1344 2307 1602 2377 Χριστός
1662 2308 1824 2379 ἡμεῖς
1860 2307 1916 2361 δὲ

334 2397 634 2469 κλημάτων
684 2396 1077 2460 ἀποτελοῦντες
1124 2397 1313 2468 σχῆμα
1348 2398 1448 2471 τὴν
1495 2399 1555 2463 ἐξ
1615 2398 1779 2451 αὐτοῦ
1825 2400 1918 2451 καὶ

332 2492 467 2562 παρ’
500 2489 667 2544 αὐτοῦ
698 2488 846 2562 ζωὴν
871 2489 952 2552 εἰς
976 2488 1174 2564 αὐτοὺς
1206 2489 1567 2561 κομιζόμεθα,
1601 2489 1781 2544 καίτοι
1819 2490 1916 2544 τοῦ

332 2581 556 2635 Παύλου
576 2581 842 2650 λέγοντος
873 2600 892 2633 ι
918 2582 982 2635 Oi
1008 2581 1119 2652 γὰρ
1141 2581 1343 2646 πάντες
1368 2581 1427 2636 ἓν
1465 2581 1627 2653 σῶμά
1666 2584 1834 2653 ἐσμεν
1861 2584 1919 2636 ἐν

326 2672 578 2745 Χριστῷ,
598 2676 676 2728 ὅτι
703 2668 783 2738 εἷς
802 2675 969 2746 ἄρτος
997 2674 1049 2727 οἰ
1079 2673 1261 2727 πολλοί
1292 2676 1478 2745 ὲσμενυ
1502 2677 1551 2729 οἰ
1585 2673 1693 2747 γὰρ
1719 2674 1921 2737 πάντες

328 2765 403 2817 ἐκ
427 2762 524 2816 τοῦ
555 2763 671 2828 ἐνὸς
696 2763 860 2835 ἄρτου
887 2764 1207 2835 μετέχομεν.
1247 2783 1266 2817 ι
1300 2764 1521 2832 Λεγέτω
1551 2765 1661 2836 γάρ
1683 2782 1766 2828 τις
1788 2766 1921 2836 ἡμῖν

331 2853 435 2923 τὴν
467 2853 680 2919 αἰτίαν,
720 2855 817 2907 καὶ
854 2853 1152 2908 διδασκέτω
1198 2852 1487 2929 παρελθὼν
1524 2853 1623 2924 τῆς
1654 2854 1922 2926 μυστικῆς

330 2946 588 3014 εὐλογίας
618 2946 725 3018 τὴν.
761 2946 1009 3018 δύναμιν.
1067 2947 1282 3003 Γίνεται
1322 2947 1431 3020 γὰρ
1477 2949 1534 3001 ἐν
1589 2949 1723 3019 ήμϊν
1743 2948 1919 3016 διατί;

333 3028 464 3104 Ἆρ’
493 3036 615 3108 οὐχὶ
638 3036 733 3091 καὶ
763 3038 1092 3108 σωματικῶς
1131 3041 1266 3110 ήμῖν
1305 3038 1642 3104 ἐνοικίζουσα
1670 3039 1762 3093 τὸν
1788 3041 1921 3112 Χριο

2081 1388 2193 1445 Nos
2221 1391 2425 1461 quippe
2453 1391 2651 1448 affectu
2682 1393 2975 1451 charitatis
3018 1396 3298 1467 perfectae,
3330 1408 3587 1472 rectaque

2010 1489 2065 1535 et
2098 1480 2431 1538 inconcussa
2464 1482 2591 1547 fide,
2632 1492 2688 1539 et
2735 1486 2950 1541 sincera
2979 1501 3043 1543 ac
3082 1488 3308 1545 virtutis
3335 1493 3584 1547 studiosa

2011 1582 2197 1628 mente
2231 1573 2459 1629 Christo
2529 1577 2855 1646 spiritaliter
2904 1580 3074 1644 uniri,
3122 1594 3442 1640 nostrorum
3489 1586 3587 1640 do-

2011 1671 2262 1734 gmatum
2286 1666 2427 1721 ratio
2459 1666 2772 1724 nullatenus
2798 1668 3173 1726 inficiabitur:
3211 1689 3313 1730 nos
3328 1675 3472 1730 enim
3504 1693 3589 1733 reo

2012 1766 2099 1810 cte
2123 1755 2176 1811 id
2206 1771 2303 1813 eos
2339 1758 2539 1813 docere
2572 1756 2887 1814 fatebimur.
2915 1759 3071 1827 Quod
3100 1777 3231 1818 vero
3260 1762 3444 1820 dicere
3470 1768 3590 1823 ausi

2013 1852 2146 1902 sunt
2183 1847 2390 1901 nullam
2438 1862 2563 1904 esse
2605 1848 2765 1905 nobis
2808 1864 2932 1905 cum
2967 1865 3033 1906 eo
3063 1853 3307 1911 carnalis
3353 1856 3590 1927 conjun-

2014 1936 2216 1992 ctionis
2246 1939 2541 2004 rationem,
2578 1940 2757 1997 sacris
2786 1940 3013 1999 Litteris
3040 1943 3339 2002 dissentire
3369 1948 3592 2017 penitus

2015 2030 2393 2088 ostendemus.
2424 2031 2562 2098 Quis
2606 2034 2754 2089 enim
2787 2050 2957 2090 sanus
2990 2036 3322 2094 dubitaverit
3349 2055 3593 2111 unquam

2015 2134 2080 2176 ea
2130 2121 2344 2178 ratione
2388 2122 2671 2179 Christum
2708 2139 2830 2181 esse
2864 2126 3050 2191 vitem,
3093 2142 3193 2184 nos
3234 2145 3363 2185 vero
3394 2131 3592 2202 palmi-

2016 2220 2131 2266 tum
2169 2211 2399 2269 formam
2446 2214 2769 2279 referentes,
2806 2217 2972 2271 vitam
3023 2233 3090 2274 ex
3140 2220 3259 2289 ipso
3288 2229 3336 2277 et
3376 2222 3444 2277 ab
3473 2222 3594 2294 ipso

2017 2302 2073 2356 in
2113 2317 2216 2358 nos
2247 2305 2487 2371 trahere,
2519 2320 2643 2361 cum
2691 2306 2895 2361 Paulus
2922 2307 3109 2365 dicat:
3144 2327 3164 2361 ι
3211 2308 3414 2367 Omnes
3448 2314 3591 2368 enim

2019 2406 2190 2445 unum
2220 2406 2421 2464 corpus
2450 2409 2643 2451 sumus
2677 2395 2734 2450 in
2766 2395 3011 2465 Christo,
3039 2400 3301 2469 quoniam
3331 2416 3474 2458 unus
3501 2417 3596 2473 pa-

2019 2483 2108 2538 nis
2141 2485 2300 2539 multi
2335 2501 2569 2543 sumus:
2612 2502 2803 2545 omnes
2838 2491 2983 2545 enim
3015 2491 3082 2547 de
3111 2508 3222 2548 uno
3252 2509 3390 2564 pane
3426 2495 3597 2565 parti-

2019 2574 2269 2645 eipamus
2302 2575 2390 2629 9°?
2427 2597 2446 2629 ι
2481 2575 2637 2632 Dicat
2658 2579 2802 2633 enim
2839 2580 3001 2635 nobis
3033 2581 3235 2651 aliquis
3264 2598 3515 2649 causam,
3544 2592 3599 2640 et

2020 2664 2130 2719 vim
2174 2666 2408 2738 eulogia:
2457 2671 2707 2740 mysticae
2754 2670 2932 2725 obiter
2978 2671 3192 2727 doceat.
3221 2672 3364 2728 'Nam
3411 2691 3511 2730 cur
3541 2678 3597 2731 in

2024 2757 2184 2813 nobis
2215 2758 2522 2817 inseritur?
2550 2758 2742 2816 Nonne
2771 2771 2829 2815 ut
2866 2762 3148 2819 Christum
3176 2765 3488 2823 inhabitare
3521 2767 3599 2822 fa-

2023 2849 2136 2904 ciat
2165 2851 2218 2905 in
2249 2852 2429 2917 nobis,
2456 2852 2622 2907 etiam
2659 2855 3048 2924 corporaliter,
3084 2857 3515 2927 participatione
3542 2868 3598 2915 et

2023 2945 2408 3000 communione
2429 2956 2634 3001 sancta:
2655 2961 2771 3002 suae
2805 2948 3031 3004 carnis?
3054 2946 3325 3005 Praeclare
3350 2949 3597 3020 quidem:

2027 3034 2217 3089 scribit
2248 3036 2393 3090 enim
2428 3036 2633 3091 Paulus
2657 3044 2848 3106 gentes
2873 3036 3049 3093 factas
3076 3052 3199 3093 esse
3236 3057 3254 3090 ι
3291 3054 3600 3110 concorpo-

338 3127 465 3181 στὸν
482 3131 549 3199 τῇ
576 3128 788 3199 μεθέξει
812 3130 908 3184 καὶ
930 3130 1184 3202 κοινωνίᾳ
1198 3131 1299 3201 τῆς
1320 3132 1482 3200 ἁγίας
1501 3130 1666 3184 αὐτοῦ
1684 3131 1883 3203 σαρκός
1905 3148 1920 3199 ;

2028 3127 2195 3191 rales,
2232 3135 2287 3182 et
2322 3128 2766 3198 comparticipes,
2800 3138 2853 3184 et
2887 3129 3201 3186 cohaeredes
3233 3129 3441 3187 Christi
3478 3132 3548 3185 ⁹¹.
3579 3151 3596 3183 ι

350 3218 497 3272 Ἀλλ’
520 3215 674 3290 οἶμαι
700 3219 878 3288 λέγειν
914 3220 1110 3291 ὀρθῶς·
1151 3221 1353 3292 γράφει
1383 3220 1493 3292 γὰρ
1526 3224 1555 3275 6
1593 3221 1804 3286 Παῦλος
1834 3239 1924 3291 γε-

336 3310 601 3381 γενῆσθαι
624 3310 695 3364 τὰ
726 3310 852 3382 ἔθνη
898 3330 917 3362 ι
957 3312 1242 3383 σύσσωμα,
1298 3313 1392 3368 καὶ¹
1450 3318 1795 3386 συμμέτοχα,
1830 3316 1926 3369 καὶ

338 3401 762 3473 συγκληρονόμα
787 3402 1047 3475 Χριστοῦ.
1080 3422 1099 3456 ι
1135 3403 1412 3476 Σύσσωμα
1455 3405 1750 3477 τοιγαροῦν
1780 3405 1924 3460 κατὰ

338 3495 497 3547 ποῖον
532 3493 817 3566 ἀπεφάνθη
851 3495 1085 3567 τρόπονς
1126 3496 1459 3564 Ἀξιωθέντα
1491 3498 1602 3569 γὰρ
1633 3500 1925 3569 μετασχεῖν

337 3584 440 3655 τῆς
468 3584 721 3653 εὐλογίας
747 3585 846 3657 τῆς
899 3574 1188 3658 μυστικῆς,
1246 3587 1307 3641 ἓν
1338 3588 1477 3656 πρὸς
1526 3588 1691 3642 αὐτὸν
1734 3588 1925 3658 γέγονε

340 3676 528 3745 σῶμα,
551 3675 803 3749 καθάπερ
832 3678 1025 3748 ἀμέλει
1056 3680 1150 3733 καὶ
1175 3679 1285 3733 τῶν
1314 3680 1485 3750 ἁγίων
1529 3680 1762 3745 ἕκαστος
1791 3683 1928 3736 ἀπο-

343 3766 570 3821 στόλων.
607 3768 760 3822 Ἐπεί
785 3769 875 3823 διὰ
901 3771 1063 3824 ποίαν
1095 3771 1273 3826 αἰτίαν
1307 3772 1444 3843 μέλη
1472 3772 1567 3826 τοῦ
1590 3772 1828 3844 Χριστοῦ
1861 3774 1929 3828 τὰ

337 3860 545 3925 οἰκεῖα,
584 3859 785 3930 μᾶλλον
812 3853 870 3914 δὲ
914 3861 983 3915 τὰ
1018 3863 1255 3927 πάντων,
1285 3863 1362 3927 ὡς
1380 3861 1547 3917 αὑτοῦ
1572 3864 1929 3933 κατωνόμασε

344 3952 483 4024 μέλη
508 3969 523 4019 ;
561 3952 768 4025 Γράφει
800 3953 908 4024 γὰρ
939 3952 1130 4017 οὕτως·
1158 3972 1178 4006 ι
1214 3954 1328 4008 Οὐκ
1352 3953 1552 4020 οἰδατε,
1583 3954 1665 4008 ὅτι
1689 3954 1758 4007 τά
1792 3954 1927 4026 μέλη

342 4043 522 4114 ὑμῶν,
557 4044 693 4116 μέλη
727 4043 967 4115 Χριστοῦ
992 4047 1171 4111 conv;
1207 4047 1381 4120 Ἀρας
1416 4040 1509 4100 οῦν
1543 4045 1613 4099 τὰ
1656 4045 1791 4116 μέλη
1833 4044 1929 4099 τοῦ

342 4135 607 4206 Χριστοῦ,
649 4137 862 4208 ποιήσω
894 4137 1102 4208 πόρνης
1131 4136 1300 4208 μέλη;
1329 4136 1423 4209 Μὴ
1452 4137 1682 4207 γένοιτο.
1705 4154 1724 4188 ι
1771 4135 1932 4189 Ἀλλά

344 4232 442 4285 καὶ
466 4230 632 4293 αὐτὸς
657 4231 686 4283 ὀ
718 4229 929 4302 Σωτήρ’
979 4247 997 4282 ι
1038 4230 1097 4283 ’0
1137 4228 1366 4302 τρώγων
1422 4246 1524 4300 μου
1577 4230 1677 4301 τὴν
1713 4229 1931 4300 σάρκα,

2026 3216 2464 3288 Concorporal'es
2514 3228 2696 3273 autem
2731 3234 2972 3289 quonam
3021 3222 3186 3276 modo
3232 3220 3391 3276 facta:
3432 3221 3606 3278 sunt?

2025 3306 2234 3379 Nempe
2273 3309 2504 3380 eulogia:
2536 3310 2784 3381 mysticae
2828 3310 3251 3381 participatione
3296 3311 3599 3377 honoratae,

2028 3413 2203 3453 unum
2240 3414 2363 3454 cum
2401 3415 2468 3455 eo
2513 3399 2672 3455 facta:
2717 3408 2847 3456 sunt
2894 3415 3122 3472 corpus,
3157 3403 3313 3459 sicut
3342 3413 3405 3460 et
3433 3419 3606 3459 unus-

2028 3489 2262 3560 quisque
2287 3497 2605 3545 sanctorum
2637 3492 3034 3562 apostolorum.
3060 3492 3304 3565 Alioqui,
3336 3510 3501 3566 quam
3534 3495 3610 3552 ob

2028 3593 2254 3634 causam
2309 3594 2428 3646 sua,
2474 3580 2586 3635 imo
2634 3581 2886 3636 omnium
2931 3582 3184 3638 membra
3267 3583 3433 3639 sicuti
3481 3599 3604 3650 sua,

2028 3668 2276 3724 membra
2324 3668 2530 3725 Christi
2586 3671 2977 3741 nuncupavit?
3025 3672 3119 3729 Sic
3172 3673 3322 3728 enim
3370 3674 3604 3730 scribit:

2036 3779 2055 3813 ι
2086 3758 2328 3816 Nescitis
2360 3759 2621 3831 quoniam
2652 3760 2818 3832 863
2852 3762 3099 3818 membra
3143 3772 3326 3820 vestra
3364 3763 3608 3820 membra

2030 3861 2161 3907 sunt
2204 3851 2461 3907 Christi?
2493 3850 2722 3907 Tollens
2760 3868 2892 3924 ergo
2939 3853 3183 3909 membra
3233 3853 3485 3917 Christi,
3522 3855 3610 3909 fa-

2029 3945 2174 3999 ciam
2200 3943 2447 3999 membra
2482 3944 2790 4000 meretricis
2813 3944 2845 3999 ‘l
2866 3942 3025 4000 Absit
3047 3944 3129 3997 "l
3170 3963 3190 3996 ι
3223 3942 3331 4000 Sed
3354 3943 3611 4001 Servator

2030 4036 2150 4107 ipse
2186 4050 2260 4087 εἰ
2304 4034 2409 4101 Qui
2459 4037 2757 4091 manducat
2799 4049 2978 4091 meam
3033 4050 3282 4102 carnem,
3323 4037 3526 4108 inquit,
3556 4048 3611 4094 et

2031 4126 2168 4183 bibit
2209 4140 2392 4183 meum
2441 4127 2789 4198 sanguinem,
2816 4127 2875 4182 in
2918 4141 3006 4183 me
3054 4135 3261 4195 manet,
3311 4136 3367 4183 et
3408 4143 3511 4199 ego
3554 4128 3611 4182 in

2032 4216 2130 4273 illo
2158 4217 2227 4271 ’³.
2267 4236 2287 4269 ι
2327 4215 2427 4271 llic
2477 4217 2626 4273 enim
2677 4210 3123 4273 animadvertere
3158 4228 3244 4272 est
3281 4232 3464 4287 operae
3492 4232 3613 4288 pre-

344 4322 504 4392 φησὶ,
531 4321 627 4374 καὶ
653 4319 822 4375 πίνων
870 4336 972 4391 μου
1026 4318 1090 4373 τὸ
1118 4315 1280 4391 αἷμα,
1305 4320 1364 4373 ἐν
1392 4320 1517 4390 ἐμοὶ⁵
1553 4320 1728 4390 μένει,
1776 4316 1925 4388 κάγὼ

2034 4308 2200 4376 tium,
2247 4308 2528 4364 Christum
2563 4322 2675 4363 non
2714 4308 2904 4364 dicere
2935 4323 2996 4364 se
3034 4307 3308 4363 duntaxat
3355 4308 3412 4362 in
3450 4308 3614 4363 nobis

346 4415 405 4465 εν
458 4409 629 4481 αὐτῷ.
672 4430 693 4463 ι
773 4412 863 4464 Ἐν
882 4410 992 4481 γὰρ
1035 4410 1100 4482 δὴ
1164 4410 1340 4481 τούτῳ
1402 4411 1639 4482 μάλιστα
1692 4410 1925 4465 κατιδεῖν

2036 4399 2284 4456 futurum
2326 4398 2629 4456 secundum
2660 4398 2985 4455 relationem
3023 4398 3319 4472 quamdam
3351 4398 3614 4455 aﬂ‘ectua—

348 4504 524 4571 ἄξιον,
650 4504 713 4557 οὐ
731 4470 1100 4574 κατά-σέέσιν.
1116 4502 1239 4557 τινὰ
1267 4470 1438 4573 μόνην
1470 4501 1569 4573 τὴν
1609 4502 1667 4555 ὲν
1692 4500 1925 4556 διαθέσει

2035 4493 2165 4559 lem,
2193 4492 2288 4547 sed
2316 4500 2372 4547 et
2398 4504 2495 4563 per
2516 4490 2996 4562 participationem
3020 4470 3350 4547 naturalem.
3378 4487 3450 4545 Ut
3470 4489 3617 4546 enim

348 4596 649 4667 νοουμένην
673 4594 732 4648 ἐν
761 4595 893 4665 ἡμῖν
916 4592 1135 4649 ἔσεσθαί
1153 4609 1319 4664 φησιν
1343 4593 1372 4645 6
1390 4593 1648 4664 Χριστὸς,
1681 4590 1818 4646 ἀλλὰ
1837 4593 1925 4646 καὶ

2032 4584 2078 4641 si
2107 4584 2231 4656 quis
2261 4597 2448 4640 ceram
2492 4597 2634 4638 cerae
2664 4583 2915 4638 indutam
2953 4583 3077 4654 igne
3104 4580 3269 4637 simul
3301 4580 3618 4653 liquaverit,

350 4686 495 4741 κατά
523 4686 740 4759 μέθεξιν
757 4686 1017 4756 φυσικήν.
1030 4685 1244 4755 Ὠσπερ
1265 4682 1374 4754 γὰρ
1392 4682 1448 4736 εί
1468 4700 1553 4746 τις
1577 4683 1748 4755 κηρὸν
1763 4682 1925 4755 ἑτέρῳ

2031 4692 2203 4733 unum
2253 4675 2385 4748 quid
2437 4691 2506 4732 ex
2549 4675 2823 4730 ambobus
2870 4673 3056 4739 eﬂicit,
3095 4674 3170 4728 ita
3218 4688 3316 4743 per
3367 4672 3620 4744 corporis

351 4779 759 4844 συναναπλέξας
784 4777 962 4850 κηρῷ,
1012 4777 1107 4831 καὶ
1137 4777 1272 4849 πυρὶ
1330 4777 1768 4848 συγκατατήξας,
1797 4776 1856 4830 ἓν
1881 4793 1935 4830 τι

347 4872 412 4924 τὸ
438 4869 500 4935 ἐξ
521 4871 726 4941 ἀμφοῖν
768 4869 1083 4940 ἐργάζεται,
1124 4866 1269 4921 οὕτω
1296 4866 1384 4921 διὰ
1429 4867 1528 4938 τῆς
1578 4867 1935 4938 μεταλήψεως

352 4961 453 5014 τοῦ
495 4960 879 5032 σώματοςτοῦ
918 4958 1177 5031 Χριστοῦ,
1209 4959 1305 5012 καὶ
1341 4958 1437 5012 τοῦ
1464 4958 1644 5029 τιμίου
1677 4960 1940 5030 αἵματος,

357 5051 523 5116 αὐτὸς
560 5052 660 5124 μὲν
682 5053 741 5105 ἐν
767 5053 919 5123 ⁴ἡμῖν,
978 5052 1140 5122 ἡμεῖς
1163 5050 1221 5104 δὲ
1252 5046 1320 5105 αὖ
1349 5052 1513 5106 πάλιν
1540 5053 1599 5105 ἐν
1631 5051 1782 5124 αὐτῷ
1815 5070 1942 5107 συν-

353 5144 648 5216 ενούμεθα.
674 5145 749 5199 Οὐ
777 5145 886 5218 γάρ
907 5140 976 5215 ἦν
1004 5145 1209 5216 ἑτέρως
1227 5142 1633 5214 ζωοποιηθῆναι
1659 5142 1941 5209 δύνασθαι,

350 5236 416 5289 τὸ
443 5233 763 5307 φθείρεσθαι
790 5235 1054 5306 πεφυκὸς,
1086 5237 1135 5288 εἰ
1172 5234 1246 5305 μὴ
1281 5233 1590 5304 συνεπλάκη
1616 5232 1945 5305 σωματικῶς

349 5326 437 5395 τῷ
469 5325 684 5397 σώματι
713 5326 816 5397 τῆς
863 5326 1005 5380 κατὰ
1060 5326 1221 5394 φύσιν
1277 5324 1444 5395 ζωῆς,
1491 5323 1637 5378 τοῦτ’
1677 5324 1815 5389 ἐστι,
1844 5323 1938 5377 τοῦ

354 5416 719 5485 Μονογενοῦς.
762 5418 870 5470 Καὶ
894 5417 942 5469 εἰ
972 5415 1047 5487 μὴ
1075 5418 1190 5479 τοῖς
1218 5416 1371 5485 ἐμοῖς
1400 5413 1709 5488 καταπείθῃ
1737 5413 1938 5483 λόγοις,

353 5506 544 5570 ἐπίδος
571 5504 670 5577 τὴν
725 5506 908 5559 πίστιν
959 5504 1108 5576 αὐτῷ
1131 5503 1323 5575 βοῶντι
1371 5501 1622 5573 Χριστῷ·
1670 5520 1689 5555 ι
1730 5503 1937 5573 Ἀμὴν,

2031 4767 2263 4832 Christi,
2291 4777 2344 4822 et
2377 4767 2607 4837 pretiosi
2640 4765 2933 4834 sanguinis
2973 4763 3466 4835 participationem
3501 4764 3621 4833 ipse

2034 4859 2260 4932 quidem
2312 4859 2370 4913 in
2412 4859 2594 4925 nobis,
2650 4873 2753 4914 nos
2789 4865 2973 4912 autem
3007 4871 3203 4912 rursus
3239 4855 3293 4910 in
3338 4870 3405 4911 eo
3455 4854 3621 4910 simul

2042 4955 2288 5010 unimur.
2323 4951 2436 5008 Nec
2466 4952 2610 5008 enim
2644 4951 2802 5006 aliter
2829 4950 3093 5005 vivificari
3130 4956 3309 5020 potest
3335 4947 3484 5018 quod
3517 4962 3621 5001 na-

2043 5053 2167 5099 tura
2219 5059 2319 5100 sua
2377 5051 2464 5099 est
2507 5041 2902 5111 eorruptibile,
2954 5055 3120 5111 quam
3173 5041 3221 5094 si
3256 5037 3621 5108 corporaliter

2042 5138 2257 5193 unitum
2306 5137 2379 5191 sit
2426 5134 2646 5205 corpori
2692 5134 2814 5203 ejus
2862 5133 2964 5203 qui
3016 5130 3323 5187 secundum
3364 5137 3623 5183 naturam

2044 5245 2201 5285 suam
2253 5235 2340 5283 est
2374 5227 2505 5291 vita,
2554 5225 2661 5280 hoc
2707 5231 2794 5280 est
2829 5221 3131 5290 Unigeniti.
3167 5218 3326 5285 Quod
3381 5218 3428 5275 si
3482 5217 3623 5275 meis

2047 5319 2231 5376 verbis
2265 5316 2590 5388 persuaderi
2629 5323 2683 5370 te
2735 5329 2845 5369 non
2884 5312 3047 5374 sinis,
3088 5310 3195 5381 ipsi
3243 5308 3469 5364 Christo
3514 5312 3626 5362 cla-

2048 5410 2219 5465 manti
2266 5408 2428 5464 fidem
2475 5406 2711 5463 adhibe:
2752 5425 2770 5457 ι
2811 5405 3005 5467 Amen,
3049 5417 3209 5457 amen
3265 5401 3390 5456 dico
3425 5399 3621 5456 vobis:

2049 5502 2159 5557 nisi
2188 5498 2650 5555 manducaveritis
2680 5509 2904 5553 carnem
2928 5491 3054 5549 Filii
3084 5492 3349 5562 hominis,
3375 5498 3429 5548 et
3473 5489 3628 5545 bibe-

436 5688 486 5721 ”
522 5688 540 5743 Ι
577 5688 709 5745 Cor.
747 5704 776 5742 χ
817 5730 830 5757 ,
866 5689 954 5743 l7.
1032 5692 1074 5724 ⁹¹
1120 5688 1322 5759 Ephes.
1361 5703 1456 5755 Ill,
1489 5687 1543 5744 6.
1623 5687 1673 5719 θ’
1715 5652 1740 5741 ιλ
1774 5688 1902 5743 Cor.

2023 5726 2026 5741 .
2086 5685 2174 5740 15.
2247 5683 2294 5716 ³³
2332 5681 2492 5737 Joan.
2541 5696 2625 5750 νι,
2664 5678 2767 5750 _56.
