4042 6204
469 275 577 336 διδ
1512 268 1575 328 S.
1596 268 1877 328 CYRILLI
1915 264 2389 324 ALEXANDRINI
2420 265 2736 322 ARCHIEP.
3624 269 3727 327 3H

470 389 594 447 ritis
642 387 766 462 ejus
808 386 1157 463 sanguinem,
1188 402 1299 444 non
1333 386 1615 445 habebitis
1643 387 1814 442 vitam
1858 386 1916 441 in
1956 399 2054 439 vo-

2167 383 2300 454 ὶμήν
2324 382 2469 452 λέγω
2496 383 2645 453 ὑμῖν,
2677 382 2772 437 ἐὰν
2802 380 2878 453 μὴ
2913 380 3124 452 φάγητε
3153 380 3252 451 τήν
3284 380 3464 453 σάρκα
3484 380 3581 437 τοῦ
3600 383 3730 439 Υίοῦ

468 482 578 540 bis.
619 480 721 550 Qui
772 481 920 538 enim
965 471 1263 537 mahducat
1306 495 1485 536 meam
1533 493 1781 544 carnem,
1820 485 1877 533 et
1915 476 2054 532 bibit

2167 474 2253 528 τοῦ
2280 473 2591 545 ἀνθρώπου,
2621 473 2716 526 καὶ
2743 472 2901 542 πίητε
2935 473 3097 526 αὑτοῦ
3124 473 3187 527 τδ
3214 469 3377 544 αἷμα,
3429 475 3529 527 οὐκ
3584 474 3731 545 ἔχετε

470 589 650 629 meum
687 574 1036 645 sanguinem,
1071 572 1232 629 habet
1280 572 1450 627 vitam
1498 579 1800 627 aeternam:
1847 578 1903 625 et
1951 580 2055 639 ego

472 665 815 722 resuscitabo
839 680 965 721 eum
994 665 1051 720 in
1078 665 1386 720 novissimo
1423 662 1516 719 die
1542 661 1610 717 “.
1653 680 1671 715 ι
1715 659 1891 716 Audis
1928 673 2054 714 eum

472 766 662 829 aperte
687 757 1080 830 praedicantem
1119 756 1294 828 quod,
1327 756 1436 812 nisi
1475 768 1703 810 carnem
1748 752 1870 823 ejus
1900 766 2059 806 man-

473 850 860 906 ducaverimus
887 858 942 905 et
978 850 1279 905 biberimns
1302 848 1425 918 ejus
1450 846 1800 919 sanguinem,
1820 859 1929 899 non
1957 843 2061 898 ha-

472 941 641 997 bituri
671 941 846 997 simus
875 941 931 996 in
959 941 1139 1005 nobis,
1174 940 1281 995 hoc
1310 951 1393 995 est
1419 941 1473 995 in
1499 938 1722 1010 propria
1754 951 1946 1002 carne,
1976 933 2061 990 vi-

477 1037 589 1084 tam
618 1030 920 1099 aeternam?
947 1028 1178 1085 IEterna
1212 1038 1395 1084 autem
1428 1032 1540 1085 vita
1568 1029 1695 1099 jure
1743 1026 2061 1083 censebitur

485 1115 616 1155 caro
648 1103 792 1170 vitae,
833 1104 939 1158 hoc
980 1112 1065 1160 est
1102 1103 1399 1175 Unigeniti.
1434 1103 1559 1161 Hazc
1590 1120 1720 1162 vero
1749 1120 1861 1177 quo
1894 1114 2055 1176 pacto

486 1206 587 1246 nos
623 1192 678 1246 in
710 1200 954 1250 extrema
991 1195 1078 1251 die
1103 1197 1350 1260 suscitet,
1393 1198 1582 1254 audies
1627 1205 1686 1252 tu
1733 1205 1884 1253 certe
1932 1198 2057 1268 qui-

483 1281 629 1347 dem,
647 1299 746 1355 ego
762 1300 889 1340 vero
913 1284 1117 1343 referre
1140 1303 1251 1343 non
1274 1289 1564 1358 gravabor.
1588 1287 1884 1359 Postqdam
1911 1288 2055 1342 facta

483 1380 571 1427 est
600 1389 729 1431 caro
757 1377 898 1441 vitae,
933 1377 1037 1432 hoc
1065 1386 1149 1432 est
1176 1377 1339 1433 Verbi
1371 1380 1517 1450 quod
1551 1393 1615 1434 ex
1650 1377 1760 1434 Deo
1812 1386 1866 1433 et
1897 1377 2057 1433 Patre

483 1463 709 1533 effulsit,
741 1467 809 1521 ad
855 1468 976 1522 vitae
1013 1468 1120 1523 vim
1154 1469 1395 1535 transiit,
1432 1484 1532 1524 nec
1574 1468 1688 1524 ﬁeri
1729 1477 1907 1539 potest
1938 1477 1995 1523 ut
2025 1484 2055 1523 a

487 1564 664 1612 morte
699 1558 809 1612 vita
839 1559 1109 1615 vincatur.
1141 1559 1595 1630 Quandoquidem
1635 1576 1771 1631 ergo
1799 1560 1939 1615 facta
1972 1570 2058 1616 est

487 1648 543 1702 in
573 1648 733 1704 nobis
765 1650 896 1712 vita,
924 1650 1145 1705 vincula
1176 1651 1368 1706 mortis
1408 1666 1755 1722 nequaquam
1792 1652 2053 1721 patietur,

2115 564 2121 573 “
2161 563 2305 636 ζωὴν
2337 566 2396 618 ὲν
2417 565 2617 626 αὐτοῖς.
2651 565 2718 617 ‘0
2738 564 2966 635 τρώγων
3002 582 3102 635 μου
3130 556 3245 636 τῆν’
3282 566 3479 635 σάρκα,
3512 567 3605 639 καὶ
3644 568 3735 620 πί-

2159 673 2265 708 νων
2293 672 2394 726 μου
2420 655 2480 708 τὸ
2514 650 2673 725 αἷμα,
2694 653 2803 724 ἔχει
2830 654 2973 726 ζωὴν
2999 655 3234 710 αίὼνιον·
3262 656 3417 723 κάγὼ
3445 658 3735 729 ἀναστήσω

2161 747 2322 802 αὑτὸν
2350 750 2408 800 ὲν
2458 750 2523 818 τῇ
2579 747 2779 819 ἐσχάτῃ
2830 748 3074 818 ἡμέρα.»
3123 748 3362 812 Ἀκούεις
3400 749 3500 819 ήδη
3550 748 3734 803 λοιπὸν

2161 838 2406 910 ἐναργῶς
2431 838 2730 900 διειπόντος
2784 838 2969 904 αὑτοῦ,
2998 838 3077 902 ὡς
3114 838 3181 893 ἃν
3214 838 3288 910 μὴ
3336 839 3599 910 φάγωμεν
3636 841 3733 912 τὴν

2162 928 2340 1000 σάρκα
2364 927 2552 989 αὐτοῦ,
2602 928 2696 980 καί⁵
2755 927 2969 998 πίωμεν
3021 929 3083 981 τὸ
3114 923 3273 999 αἷμα,
3308 928 3408 982 οὐκ
3456 930 3651 1000 ἔχομεν
3676 932 3735 985 ὲν

2161 1019 2393 1082 ἑαυτοῖς,
2422 1017 2565 1070 τοῦτ’
2593 1017 2757 1080 ἔστιν,
2796 1019 2853 1069 ὲν
2892 1019 2956 1088 τῇ
3006 1017 3110 1089 ίδίᾳ
3143 1018 3304 1088 σαρκὶ
3321 1018 3463 1089 ζωὴν
3482 1018 3733 1089 αίὼνιονς

2160 1108 2397 1179 Νοηθείη
2420 1108 2465 1161 δ’
2502 1106 2567 1161 ἂν
2589 1109 2622 1177 ή
2655 1106 2872 1170 αίώνιος
2902 1105 3049 1178 ζωὴ,
3105 1108 3200 1160 καὶ
3237 1108 3380 1177 μάλα
3425 1108 3669 1173 δικαίως,
3693 1112 3730 1179 ἡ

2164 1199 2300 1271 σὰρξ
2325 1199 2425 1269 τῆς
2454 1199 2623 1269 ζωῆς,
2675 1199 2819 1252 τοῦτ’
2848 1198 2985 1261 ἔστι,
3034 1198 3130 1251 τοῦ
3185 1200 3542 1268 Μονογενοῦς.
3584 1199 3734 1270 Αὕτη

2160 1289 2217 1343 δὲ
2247 1291 2393 1361 ἡμᾶς
2418 1291 2696 1361 ἀνίστησιν
2740 1291 2796 1342 ὲν
2830 1291 2895 1361 τῇ
2928 1289 3136 1360 ἐσχάτῃ
3183 1291 3387 1361 ἡμέρᾳ,
3422 1290 3539 1353 πῶς
3561 1290 3593 1360 ἢ
3614 1291 3736 1343 τινα

2161 1381 2361 1453 τρόπον
2416 1380 2625 1453 ἀκούσῃ
2659 1381 2756 1451 μὲν
2791 1381 2853 1451 δή
2894 1397 2996 1433 που
3052 1382 3297 1446 πάντως,
3332 1380 3529 1447 ἐγὼδὲ
3562 1384 3736 1436 εἰπεῖν

2162 1472 2262 1525 οὒκ
2286 1472 2519 1542 ὀκνήσω.
2557 1470 2774 1541 Ἐπειδὴ
2827 1470 2935 1542 γὰρ
2991 1470 3127 1541 σὰρξ
3170 1470 3383 1537 ἐγένετο
3411 1469 3513 1540 τῆς
3553 1469 3736 1541 ζωῆς.

2161 1562 2304 1616 τοῦτ’
2332 1562 2467 1626 ἔστι,
2497 1562 2594 1615 τοῦ
2624 1563 2689 1617 ἐκ
2723 1561 2861 1615 Θεοῦ
2912 1562 3009 1616 καὶ
3067 1564 3279 1632 Πατρὸς
3323 1562 3738 1633 ἀναλάμψαντος

2162 1652 2358 1720 Λόγου,
2393 1652 2531 1723 πρὸς
2557 1652 2656 1722 τὴν
2685 1652 2785 1721 τῆς
2821 1650 2967 1722 ζωῆς
2990 1651 3342 1723 μετεχώρησε
3369 1653 3618 1724 δύναμιν,
3639 1655 3737 1708 καὶ

486 1738 585 1794 sed
610 1741 1020 1809 corruptionem
1049 1740 1238 1811 utique
1270 1741 1573 1810 superabit,
1606 1755 1732 1796 cum
1761 1756 1823 1796 ea
1845 1756 1966 1811 qua:
1990 1756 2059 1797 ex

2167 1743 2275 1796 ἔστι
2296 1743 2406 1797 τῶν
2431 1742 2729 1813 ἀμηχάνων
2750 1741 2965 1812 θανάτῳ
2990 1742 3247 1795 νικᾶσθαι
3270 1743 3369 1812 τὴν
3400 1741 3567 1813 ζωήν.
3593 1745 3737 1797 Οὐκ-

486 1830 846 1900 corruptione
876 1840 1100 1886 manent
1139 1834 1415 1888 sustinere
1444 1832 1675 1889 nesciat.
1710 1850 1730 1884 α
1768 1830 1880 1887 Nec
1914 1832 2060 1887 enim

484 1921 768 1991 corruptio
788 1922 1214 1993 incorruptelam
1235 1924 1559 1993 possidebit,
1575 1943 1594 1976 ι
1616 1924 1773 1995 juxta
1792 1922 1945 1977 Pauli
1968 1939 2063 1978 vo-

485 2027 606 2067 cem
628 2010 850 2069 ".Nam
881 2029 1006 2069 cum
1028 2013 1283 2070 Christus
1307 2015 1654 2084 potissimum
1682 2013 1864 2069 dicat:
1895 2034 1914 2066 ι
1951 2012 2063 2085 Ego

484 2102 769 2158 suscitabo
794 2119 942 2167 eum,
980 2122 1000 2156 ι
1032 2119 1379 2173 nequaquam
1421 2105 1489 2159 ad
1526 2119 1751 2160 carnem
1788 2119 1945 2160 suam
1974 2119 2062 2158 re-

486 2194 596 2248 l'ert
621 2200 868 2248 mortuos
897 2193 1201 2250 suscitandi
1228 2203 1573 2265 potestatem.
1596 2195 1700 2252 Sed
1732 2212 1859 2252 eum
1890 2211 2061 2251 unum

485 2287 561 2339 sit
596 2299 721 2339 cum
756 2298 920 2339 carne
951 2299 1049 2339 sua
1082 2285 1177 2355 qui
1210 2286 1265 2339 in
1292 2301 1355 2340 ea
1387 2293 1472 2342 est
1515 2286 1659 2342 Deus
1696 2285 1966 2351 Verbum,
1997 2287 2064 2340 il-

485 2374 580 2432 lud
610 2392 703 2446 ego
739 2375 837 2439 ait,
871 2375 1037 2445 idque
1077 2377 1413 2433 rectissime.
1468 2375 1579 2433 Nec
1627 2378 1773 2433 enim
1809 2378 2064 2433 Christus

484 2464 545 2519 in
578 2466 718 2520 duos
749 2464 889 2521 [illos
912 2467 1206 2532 scinditur,
1242 2482 1343 2521 nec
1368 2467 1604 2522 alienum
1639 2483 1763 2524 esse
1800 2470 1869 2523 ab
1924 2468 2065 2525 Uni-

488 2556 677 2627 genito
714 2570 931 2628 corpus.
955 2558 1075 2627 ejus
1124 2560 1417 2629 quisquam
1458 2561 1755 2630 putaverit,
1794 2559 2064 2631 quemad-

486 2646 712 2701 modum
759 2662 952 2717 nempe
988 2655 1044 2703 et
1088 2663 1118 2702 a
1171 2659 1359 2703 nostra
1393 2649 1576 2703 anima
1607 2664 1790 2713 nemo,
1822 2657 1882 2703 ut
1914 2665 2063 2715 reor,

490 2740 733 2794 alienum
766 2753 968 2807 corpus
1004 2740 1125 2808 ejus
1151 2755 1276 2796 esse
1308 2741 1470 2794 dicet.
1502 2734 1841 2811 cumigitur
1875 2757 1942 2797 ex
1978 2743 2065 2797 bis

491 2827 933 2882 demonstratum
972 2827 1147 2899 nobis
1178 2828 1252 2882 sit
1308 2828 1473 2881 vitem
1509 2827 1729 2896 quidem
1773 2828 1942 2900 864
1982 2830 2065 2885 id-

492 2920 641 2974 circo
664 2918 952 2973 Christum
991 2933 1136 2980 esse.
1162 2934 1267 2973 nos
1295 2934 1427 2972 vero
1454 2921 1728 2989 palmites,
1760 2929 1947 2989 utpote
1970 2921 2062 2990 qui

494 3012 614 3081 ejus
642 3010 1051 3081 participationi
1080 3026 1190 3064 non
1221 3001 1458 3079 spiritali
1493 3012 1841 3075 tantum,sed
1865 3019 1920 3067 et
1945 3026 2067 3066 cor—

491 3104 671 3174 porali
701 3098 1067 3168 adhmremus,
1103 3101 1236 3172 quid
1277 3102 1329 3156 in
1360 3117 1460 3158 nos
1507 3102 1708 3159 frustra
1738 3103 2065 3169 deblaterat,

493 3194 686 3251 dicens
717 3209 785 3250 ex
818 3208 884 3249 eo
909 3193 1055 3263 quod
1085 3208 1192 3248 non
1223 3193 1607 3263 corporaliter,
1636 3192 1733 3248 sed
1762 3192 1867 3248 ﬁde
1888 3195 2072 3264 potius

492 3292 553 3338 et
584 3282 777 3338 allectu
832 3282 1088 3353 legitimae
1119 3282 1413 3337 cbaritatis
1444 3282 1493 3337 ei
1543 3282 1910 3344 adhaeremus.
1945 3298 2069 3337 car-

494 3388 625 3429 nem
672 3389 826 3429 suam
870 3373 1080 3431 idcirco
1110 3374 1276 3429 vitem
1320 3389 1431 3428 non
1467 3375 1808 3439 nominasse,
1848 3374 1944 3430 sed
1976 3389 2075 3444 po-

498 3466 611 3521 tius
644 3465 938 3521 deitatem?

2160 1835 2256 1888 οὖν
2291 1834 2522 1903 ἐπείπερ
2550 1835 2609 1886 ὲν
2640 1833 2771 1904 ήμῖν
2798 1833 3021 1902 γέγονεν
3051 1836 3083 1903 ή
3114 1833 3227 1902 ζωὴ
3249 1874 3262 1894 ,
3299 1834 3409 1887 τῶν
3455 1835 3549 1887 τοῦ
3579 1835 3739 1900 θανά-

2158 1940 2253 1976 του
2274 1922 2489 1993 δεσμῶν
2520 1922 2622 1975 οὐκ
2652 1921 2965 1993 ἀνέξεται,
3029 1923 3239 1992 νικήσει
3286 1923 3344 1987 δὲ
3381 1924 3597 1986 πάντως
3636 1924 3737 1994 τήν

2161 2012 2391 2083 φθορὰν,
2432 2013 2666 2083 ἐπείπερ
2695 2012 2795 2065 οὐκ
2833 2006 2942 2065 οἶδε
3003 2011 3072 2065 τὰ
3117 2013 3175 2077 ἐξ
3228 2012 3397 2082 αὐτῆς
3421 2013 3731 2082 ὑπομένειν.

2169 2121 2187 2154 ι
2228 2104 2303 2156 Οὐ
2328 2103 2436 2172 γὰρ
2459 2104 2492 2173 ή
2516 2103 2693 2172 φθορά
2717 2104 2817 2172 τὴν
2847 2103 3156 2173 ἀφθαρσίαν
3194 2103 3536 2174 κληρονομεῖ,
3557 2122 3576 2155 ι
3594 2103 3734 2158 κατά

2160 2195 2260 2266 τὴν
2296 2194 2394 2248 τοῦ
2428 2194 2641 2248 Παύλου
2692 2196 2897 2264 φωνήν.
2958 2193 3022 2246 El
3060 2193 3168 2265 γὰρ
3212 2195 3305 2247 καὶ
3358 2196 3440 2247 ὅτι
3502 2195 3734 2264 μάλιστα

2162 2286 2417 2358 Χριστὸς,
2459 2305 2478 2337 ι
2528 2285 2691 2354 Ἐγὼ,
2745 2286 2928 2357 φησὶν,
2968 2287 3257 2355 ἀναστήσω
3308 2286 3498 2348 αὐτὸν,
3539 2305 3557 2338 ι
3616 2287 3735 2356 οὐχὶ

2167 2379 2302 2449 μόνῃ
2316 2380 2382 2448 τῇ
2414 2377 2521 2448 ἰδία
2541 2377 2884 2450 περιτέθεικε
2916 2378 3076 2447 σαρκί¹
3104 2378 3166 2430 τὸ
3186 2377 3447 2432 δύνασθαι
3462 2379 3738 2449 διανιστᾷν

2162 2470 2288 2532 τοὺς
2326 2468 2781 2538 κεκοιμημένους.
2798 2466 2912 2520 ἀλλ’
2936 2466 2993 2521 ἓν
3027 2467 3289 2538 ὑπάρχων
3318 2468 3457 2535 μετά
3480 2468 3579 2539 τῆς
3601 2467 3739 2531 ίδίας

2166 2558 2364 2629 σαρκὸς
2387 2558 2415 2609 6
2451 2559 2509 2610 ὲν
2537 2558 2674 2627 αὐτῇ
2704 2555 2836 2619 Θεὸς
2861 2557 3048 2623 Λόγος,
3074 2556 3137 2610 τδ
3164 2556 3282 2625 ἐγὼ
3316 2558 3468 2626 φησὶ,
3503 2557 3596 2610 καὶ
3615 2556 3739 2610 λίαν

2163 2647 2358 2718 ὀρθῶς.
2396 2649 2471 2701 Οὐ
2499 2648 2607 2718 γὰρ
2646 2649 2725 2710 είς
2772 2646 2903 2700 υίῶν
2956 2647 3125 2701 δυάδα
3168 2647 3424 2715 τέμνεται
3468 2646 3735 2717 Χριστὸς,

2163 2737 2288 2793 οὔτε
2314 2738 2420 2809 μὴν
2446 2738 2727 2808 ἀλλότριον
2749 2737 2843 2790 τοῦ
2879 2737 3217 2806 Μονογενοῦς
3244 2739 3537 2807 ὑπονοῆσαι
3561 2755 3644 2801 τις
3672 2736 3740 2791 ἂν

2164 2828 2225 2882 τὸ
2253 2827 2413 2897 σῶμα
2447 2827 2634 2889 αὐτοῦ,
2659 2827 2846 2897 ῶσπερ
2866 2822 2960 2880 οὖν
2988 2826 3311 2895 ἀμέλει,καὶ
3343 2825 3439 2895 τῆς
3467 2824 3741 2896 ήμετέρας

2163 2919 2360 2989 ψυχῆς,
2377 2920 2478 2972 οὐκ
2500 2918 2586 2982 ἂν,
2610 2912 2787 2986 οἶμαι,
2804 2919 2887 2980 τἰς
2910 2917 3186 2986 ἀλλότριον
3218 2906 3477 2986 προσερεῖ
3494 2915 3556 2967 τὸ
3580 2913 3744 2984 σῶμα

2167 3008 2358 3075 αὐτῆς.
2395 3008 2524 3059 Ὅτε
2556 3006 2754 3071 τοίνυν,
2787 3006 2881 3059 καὶ
2917 3005 3004 3059 διὰ
3036 3004 3239 3058 τούτων
3269 3006 3400 3076 ἡμῖν
3431 3004 3746 3071 ἀναπέφαν-

2167 3117 2257 3155 ται
2292 3100 2398 3152 τῶν
2441 3098 2833 3169 θεωρημάτων.
2865 3096 3107 3167 ἄμπελος
3164 3096 3261 3166 μὲν
3315 3095 3575 3163 ὑπάρχων
3601 3092 3744 3147 κατά

2167 3194 2324 3249 τοῦτο
2387 3194 2642 3265 Χριστὸς,
2676 3194 2936 3265 κλήματα
2966 3194 3024 3247 δὲ
3070 3196 3249 3265 ἡμεῖς,
3287 3194 3383 3246 ἆτε
3427 3193 3491 3264 δὴ
3525 3192 3745 3262 καὶτῆς

2168 3285 2305 3356 πρὸς
2343 3285 2505 3339 αὐτὸν
2539 3284 2790 3355 ἐχόμενοι
2844 3283 3165 3350 κοινωνίας,
3208 3286 3329 3354 οὐχὶ
3362 3285 3523 3354 μόνον
3575 3301 3746 3336 πνευ-

2171 3378 2426 3448 ματικῆς,
2468 3376 2603 3431 ἀλλὰ
2626 3379 2720 3430 καί
2743 3377 3080 3447 σωματικῆς·
3106 3375 3163 3431 τί
3193 3378 3369 3448 μάτην
3388 3377 3546 3445 ἡμῶν
3577 3393 3747 3429 κατα-

2170 3467 2418 3537 φλυαρεῖ,
2459 3468 2632 3536 λέγων
2653 3469 2728 3531 ὡς
2752 3468 2985 3538 ἐπείπερ
3022 3467 3083 3521 οὑ
3138 3469 3463 3536 σωματικῶς
3485 3469 3581 3536 τῆς
3608 3465 3745 3537 πρὸς

497 3556 662 3611 αύτδν
696 3558 979 3620 κοινωνίας
1032 3558 1343 3628 ὲξήμμεθα.
1392 3558 1573 3612 πίστει
1626 3560 1681 3613 δὲ
1717 3559 1936 3629 μᾶλλον,
1972 3560 2067 3614 καὶ
2103 3561 2340 3616 διαθέσει
2363 3563 2462 3633 τῆς
2489 3561 2631 3617 κατά
2662 3562 2751 3617 τὸν
2776 3563 2937 3633 νόμον
2966 3561 3205 3633 ἀγάπης,
3239 3561 3300 3616 ού
3366 3561 3466 3632 τὴν
3530 3562 3745 3631 σάρκα,

499 3647 700 3718 φησιν,
749 3647 847 3719 τὴν
880 3648 1014 3703 ίδίαν
1053 3649 1295 3720 ἄμπελον
1320 3650 1598 3720 ὠνόμασε,
1638 3651 1838 3720 μᾶλλον
1882 3652 1939 3705 δὲ
1968 3652 2066 3724 τήν
2106 3652 2357 3723 θεότητα.

570 3741 643 3796 At
674 3756 775 3796 cur
806 3741 1047 3806 tandem,
1096 3742 1308 3813 inquiet
1356 3744 1579 3813 aliquis,
1630 3745 2076 3803 convenientiori

500 3842 559 3890 et
603 3834 777 3904 magis
823 3835 1046 3904 proprio
1083 3849 1246 3889 sensu
1282 3835 1496 3901 relicto,
1527 3835 1593 3891 ad
1630 3836 1791 3906 longe
1817 3836 2074 3893 dissitum

501 3936 557 3980 et
604 3926 845 3980 alienum
877 3932 931 3981 te
975 3925 1195 3981 confers
1222 3926 1247 3980 ἲ
1273 3925 1553 3997 Numquid
1587 3928 1736 3983 enim
1767 3943 2077 4000 congruenv

503 4018 618 4071 tius
663 4017 828 4071 etiam
881 4017 1182 4072 secundum
1214 4018 1399 4075 carnis
1425 4019 1871 4075 communionem
1907 4021 2074 4076 vitem

501 4107 725 4178 quidem
754 4123 880 4164 esse
908 4108 1156 4165 dicemus
1184 4107 1397 4174 Iesum,
1426 4125 1528 4166 nos
1573 4121 1756 4165 autem
1797 4112 2074 4180 palmites,

498 4215 567 4257 ex
594 4214 660 4255 eo
692 4200 836 4271 quod
866 4200 1109 4271 ejusdem
1135 4210 1347 4257 natura:
1379 4203 1614 4258 sumus?
1640 4201 1899 4272 Ejusdem
1929 4203 2078 4257 enim

501 4296 635 4345 sunt
677 4304 804 4345 cum
850 4290 961 4346 vite
1001 4298 1211 4347 natura:
1254 4307 1378 4362 qua
1416 4300 1546 4348 sunt
1592 4307 1659 4348 ex
1719 4293 1859 4363 ipsa.
1901 4294 2081 4363 Atque

501 4382 619 4436 haec
640 4381 923 4446 dicimus,
950 4397 1063 4437 non
1091 4382 1241 4452 quod
1271 4398 1473 4455 negare
1496 4384 1728 4439 velimus
1771 4398 1934 4452 posse
1976 4398 2077 4438 nos

501 4472 727 4528 Christo
780 4472 923 4527 uniri
983 4488 1081 4543 per
1153 4482 1360 4529 rectam
1424 4473 1582 4528 ﬁdem
1641 4474 2078 4544 eliaritatemque

503 4566 822 4628 sinceram,
873 4563 969 4620 sed
1019 4566 1380 4621 ostendentes
1437 4565 1621 4634 potius
1676 4564 1959 4623 Christum
2025 4573 2079 4620 et

503 4652 825 4722 spiritaliter
857 4660 912 4709 et
938 4655 1307 4724 corporaliter
1335 4652 1566 4722 quidem
1595 4653 1760 4706 vitem
1789 4668 1934 4719 esse,
1974 4671 2078 4711 nos

498 4757 633 4798 vero
656 4742 931 4814 palmites.
968 4743 1130 4815 Atqui
1165 4742 1396 4812 simplex
1430 4749 1484 4795 et
1512 4741 1843 4811 perspicuus
1877 4753 1962 4801 est
1987 4745 2077 4801 ille

501 4850 690 4891 sermo
727 4835 1015 4902 veritatis;
1064 4836 1161 4891 sed
1191 4834 1341 4890 val‘re
1378 4842 1431 4889 et
1464 4833 1693 4907 subdole
1722 4835 2075 4894 adversarius

502 4927 666 4984 fateri
715 4936 936 4985 recusat
986 4927 1268 4982 Christum
1315 4926 1677 4997 corporaliter
1726 4928 1892 4983 vitem
1933 4943 2077 4992 esse,

500 5022 598 5095 qui
629 5036 786 5078 suam
811 5016 1155 5092 palmitibus,
1182 5018 1236 5073 id
1265 5026 1350 5074 est
1380 5018 1567 5080 nobis,
1593 5019 1760 5073 vitam
1789 5019 2078 5089 largiatur,

502 5114 670 5168 sicuti
704 5112 824 5168 suis
870 5109 1189 5182 palmitibus
1220 5110 1503 5165 sensibilis
1553 5124 1618 5164 ac
1656 5116 1877 5164 terrena
1931 5111 2077 5177 vitis,

504 5204 601 5260 sed
624 5204 827 5258 horum
864 5202 1159 5257 verborum
1190 5215 1415 5256 sensum
1447 5200 1741 5271 detorquet
1788 5201 1855 5256 ad
1903 5201 2080 5258 solam

503 5292 624 5362 ejus
669 5292 953 5348 deitatem.
1001 5290 1136 5346 Eam
1188 5292 1389 5361 quippe
1436 5291 1517 5346 sic
1551 5291 1879 5347 calumniari
1912 5307 2075 5363 posse

506 5399 703 5442 rursus
728 5384 963 5453 putavit,
997 5384 1131 5440 illud
1159 5384 1327 5440 stulte
1348 5382 1655 5451 objiciens:
1693 5401 1713 5435 ι
1744 5382 1801 5438 Si
1828 5384 1957 5441 vitis
1989 5392 2076 5441 est

506 5474 704 5542 Filius,
729 5473 931 5545 inquit,
965 5474 1125 5532 Pater
1155 5485 1336 5534 autem
1378 5473 1641 5544 agricola,
1674 5490 1865 5532 rursus
1892 5486 2074 5533 autem

581 5652 627 5687 ιι
665 5651 823 5709 toan.
859 5667 953 5721 Vl,
993 5652 1098 5719 st,
1138 5652 1221 5707 εδ.
1299 5652 1342 5685 οι
1381 5651 1557 5708 lCor.
1599 5669 1699 5721 xv,
1741 5651 1830 5707 so.

2243 3750 2436 3804 Καίτοι
2462 3747 2515 3801 τί
2542 3748 2605 3819 δή
2636 3765 2787 3812 ποτε,
2825 3746 2958 3821 φαίη
3008 3763 3092 3810 τις
3116 3744 3204 3807 ἂν,
3251 3744 3342 3798 τὸν
3372 3742 3752 3814 πρεπωδέστε-

2176 3837 2268 3909 ρόν
2296 3854 2356 3891 τε
2390 3839 2482 3891 καὶ
2511 3836 2737 3890 οίκειότε
2748 3852 2836 3907 ρον
2868 3836 2982 3896 τοῖς
3006 3832 3322 3903 θεωρήμασι
3340 3830 3537 3901 τρόπον
3565 3827 3746 3896 ἀφεὶς,

2174 3929 2266 3981 ἐπὶ
2289 3927 2350 3981 τὸ
2390 3927 2524 3980 πολὺ
2573 3925 2927 3997 διωρισμένον
2952 3921 3182 3992 ὲπείγῃς
3218 3921 3288 3973 Ἢ
3331 3921 3441 3988 γὰρ
3468 3918 3589 3988 οὐχὶ
3614 3934 3750 3987 πρε-

2176 4018 2535 4090 πωδέστερον,
2569 4018 2665 4071 καὶ
2721 4016 2863 4069 κατά
2885 4015 2987 4084 τὴν
3037 4014 3139 4082 τῆς
3186 4010 3386 4082 σαρκὸς
3424 4007 3745 4073 κοινωνίαν,

2175 4110 2418 4181 ἄμπελον
2449 4110 2545 4179 μὲν
2570 4104 2712 4162 εἶναι
2768 4106 3009 4176 δώσομεν
3035 4104 3126 4158 τὺν
3159 4102 3389 4174 Ἰησοῦν,
3429 4101 3655 4161 ἑαυτοὺς
3690 4096 3749 4151 δὲ

2178 4202 2451 4271 κλήματα,
2478 4201 2567 4254 διὰ
2603 4200 2663 4253 τὺ
2687 4198 2963 4269 ὁμοφυέςς
2997 4197 3248 4266 Ὀμοφυῆ
3278 4194 3387 4264 γὰρ
3418 4195 3486 4263 τῇ
3521 4190 3750 4260 ἀμπέλῳ

2177 4291 2245 4345 τά
2266 4292 2325 4355 ἐξ
2351 4291 2539 4360 αὐτῆς.
2568 4290 2680 4344 Καὶ
2726 4288 2902 4343 ταῦτά
2953 4303 3156 4357 φαμεν,
3213 4286 3314 4339 οὐκ
3346 4282 3752 4354 ἐπιχειροῦντες

2179 4383 2423 4453 ἀναιρεῖν
2462 4382 2521 4435 τὸ
2548 4380 2900 4435 ωνενοῦσθαι
2958 4378 3221 4431 δύνασθαι
3255 4375 3335 4446 τῷ
3366 4373 3609 4446 Χριστῷ,
3660 4372 3756 4425 διά

2177 4487 2238 4523 τε
2279 4470 2514 4534 πίστεως
2558 4470 2742 4541 ὀρθῆς,
2805 4470 2902 4523 καὶ
2951 4469 3171 4536 ἀγάπης
3224 4463 3569 4537 εἰλικρινοῦς,
3617 4464 3758 4516 ἀπο-

2171 4548 2485 4626 δεικνύντες
2499 4561 2556 4615 δὲ
2583 4560 2780 4632 μᾶλλον
2809 4562 2890 4614 ὅτι
2912 4561 3006 4613 καὶ
3029 4557 3413 4629 πνευματικῶς
3438 4555 3533 4608 καὶ
3566 4568 3759 4623 σωμα-

2169 4653 2359 4719 τικῶς,
2385 4651 2630 4722 ἄμπελος
2689 4653 2786 4721 μὲν
2828 4652 2856 4703 6
2888 4650 3122 4720 Χριστὸς
3142 4692 3157 4714 ,
3196 4649 3451 4719 κλήματα
3475 4646 3532 4700 δὲ
3564 4646 3751 4716 ήμεῖς.

2184 4744 2344 4798 Ἀλλά
2371 4743 2478 4815 γὰρ
2505 4744 2534 4796 6
2560 4743 2659 4814 μὲν
2692 4743 2791 4811 τῆς
2818 4742 3078 4812 ἀληθείας
3103 4741 3260 4810 λόγος
3278 4739 3480 4802 ἁπλοῦς
3510 4736 3607 4791 καὶ
3633 4736 3757 4790 δια-

2173 4834 2367 4907 φανής,
2403 4835 2727 4906 πανούργως
2757 4835 2815 4888 δὲ
2834 4837 2863 4889 6
2889 4834 2956 4887 δι’
2984 4834 3229 4896 ἐναντίας
3270 4833 3619 4903 παραιτεῖται
3650 4828 3753 4897 μὲν

2173 4925 2477 4996 ὁμολογεῖν,
2519 4926 2600 4979 ὅτι
2649 4926 2743 4978 καὶ
2809 4923 3137 4994 σωματικῶς
3184 4923 3427 4991 ἄμπελος
3460 4916 3528 4991 ἦν
3556 4921 3585 4973 6
3613 4919 3754 4988 Χρι-

2179 5016 2321 5080 στὸς,
2360 5017 2456 5071 ἅτε
2478 5016 2541 5086 δὴ
2565 5018 2659 5069 καὶ
2696 5016 2792 5085 τὴν
2831 5016 2966 5076 ίδίαν
2986 5018 3098 5079 τοῖς
3132 5014 3396 5084 κλήμασι,
3426 5010 3570 5065 τοῦτ’
3583 5007 3755 5072 ἐστιν,

2176 5111 2308 5180 ἡμῖν
2345 5109 2705 5180 χαριζόμενος
2742 5108 2910 5179 ζωήν·
2949 5106 3197 5177 καθάπερ
3234 5100 3327 5157 οὖν
3364 5104 3478 5165 τοῖς
3500 5102 3751 5170 ἐμπεφυ-

2178 5202 2330 5257 κόσιν
2359 5204 2495 5272 αὐτῇ
2552 5201 2825 5272 κλήμασιν
2865 5202 2898 5271 ή
2925 5199 3155 5268 αίσθητή
3187 5213 3247 5250 τε
3279 5196 3373 5248 καὶ
3404 5194 3498 5247 ἐπὶ
3521 5193 3627 5262 γῆς
3645 5190 3755 5259 ἄμ-

2180 5294 2364 5357 πελος,
2398 5292 2716 5364 περιτρέπει
2740 5292 2798 5345 δὲ
2827 5291 2920 5346 καὶ
2956 5291 3197 5360 βιάζεται
3228 5287 3326 5358 τὴν
3364 5283 3459 5339 τοῦ
3485 5284 3755 5354 νοήματος

2180 5384 2429 5455 δύναμιν,
2472 5384 2567 5437 ἐπὶ
2613 5383 2780 5454 μόνην
2834 5381 2998 5437 αὑτοῦ
3048 5382 3146 5451 τὴν
3196 5379 3445 5449 θεότητα.
3485 5372 3758 5430 Δύνασθαι

2184 5478 2295 5548 γὰρ
2326 5476 2470 5532 οὕτω
2498 5478 2849 5545 συκοφαντεῖν
2879 5474 3045 5545 αὐτὴν
3086 5472 3241 5544 ᾠήθη
3267 5470 3330 5541 δὴ
3368 5469 3549 5537 πάλιν,
3582 5466 3764 5519 ἐκεῖνο
