4042 6204
365 255 473 310 345

1394 256 1462 312 IN
1498 256 1788 314 JOANNIS
1821 258 2271 317 EVANGELIUM
2313 264 2442 320 LIB.
2491 264 2560 320 X.

3511 269 3617 325 διδ

367 368 668 442 προτείνων
686 367 932 438 ἀμαθῶς.
961 385 978 420 ι
1005 369 1068 422 Et
1085 369 1192 441 γάρ
1204 368 1446 440 ἄμπελος
1469 372 1565 442 μὲν
1582 372 1728 447 έστιν
1747 373 1776 424 6
1797 373 1933 436 Υἱὸς,

2049 375 2276 432 alterius
2335 385 2543 430 natura;
2590 375 2759 431 Filius
2811 375 2974 430 sicuti
3028 376 3153 431 vitis
3199 393 3321 432 cum
3372 383 3614 450 agricola

369 462 524 532 φησι,
565 461 812 530 γεωργὸς
834 461 892 512 δὲ
943 462 971 513 6
1013 459 1222 531 Πατὴρ,
1269 461 1571 535 ἑτεροφυὴς
1614 464 1671 517 δὲ
1721 464 1883 517 πάλιν
1913 464 1942 516 6

365 552 516 616 Υἱὸς,
538 553 613 616 ὡς
638 552 777 622 πρὸς
797 553 896 624 τὴν
921 551 1184 622 ἄμπελον,
1233 554 1332 624 οὐχ
1378 555 1662 624 ὀμοούσιος
1685 555 1836 609 ἔσται
1865 555 1943 626 τῷ

365 643 540 711 Πατρὶ
566 644 594 695 6
620 641 768 707 Υίὺς,
794 643 946 712 φησί.
977 662 994 695 ι
1034 644 1145 696 Καὶ
1180 643 1314 712 βαθὺ
1351 645 1450 714 μέν
1486 662 1567 698 τοι
1601 645 1696 699 καὶ
1725 646 1940 716 πικρὸν,

365 737 461 788 καὶ
491 732 753 804 θεώρημα
775 734 1214 807 δυσανάτρεπτον
1245 736 1574 806 ἐπιτειχίσαι
1604 737 1813 807 νομίζει
1832 740 1942 800 τοῖς

363 827 463 897 τῆς
502 827 830 897 Ἐκκλησίας
861 827 1145 896 δόγμασιν,
1176 827 1446 882 ἁλώσεται
1505 830 1562 882 δὲ
1595 830 1749 883 οὐδὲν
1781 825 1943 902 ἦττον

362 918 661 973 κάντεῦθεν
689 919 892 990 ληρῶν.
940 921 1164 991 Πρῶτον
1219 921 1316 990 μὲν
1349 922 1458 993 γὰρ
1507 922 1765 992 ἀλλογενῆ
1801 922 1943 977 κατά

363 1007 525 1076 φύσιν
582 1008 1060 1079 διαϐεϐαιούμενος
1102 1007 1239 1064 εἶναι
1271 1011 1364 1064 τὸν
1400 1012 1546 1075 Υίὸν,
1594 1013 1820 1082 καὶτῆς
1847 1013 1941 1066 τοῦ

359 1100 612 1163 τεκόντος
643 1101 830 1164 οὐσίας
854 1099 958 1166 ἔξω
976 1102 1164 1166 τιθεὶς,
1189 1104 1304 1166 πῶς
1327 1103 1390 1156 ἂν
1411 1103 1489 1156 ἔτι
1513 1105 1729 1175 Πατέρα
1750 1105 1940 1178 καλοίη

361 1193 453 1268 τὸν
491 1193 643 1256 Θεὸν,
684 1194 811 1246 Υἱὺν
831 1194 886 1246 δὲ
912 1195 1048 1258 ὅλως
1103 1196 1195 1248 τὸν
1222 1195 1349 1249 Υἱόν
1375 1214 1389 1262 ;
1426 1197 1489 1248 Ei
1517 1196 1728 1268 γὰρ’μὴ
1749 1213 1940 1266 γεγεν-

361 1267 558 1354 νῆσθαι
596 1286 761 1355 φησὶν
809 1285 992 1348 αὑτὸν,
1047 1284 1192 1338 τοῦτ’
1227 1285 1365 1348 ἔστι,
1403 1267 1689 1357 προελθεῖν
1729 1289 1793 1340 ὲκ
1841 1287 1942 1356 τῆς

361 1375 550 1437 οὐσίας
577 1374 670 1428 τοῦ
696 1376 926 1446 Πατρὸς,
952 1376 1203 1447 καθάπερ
1237 1378 1332 1430 καὶ
1353 1377 1411 1443 ἐξ
1445 1378 1766 1449 ἀνθρώπων,
1790 1377 1855 1431 τά
1884 1378 1943 1442 ὲξ

362 1468 543 1521 αὐτῶν
570 1469 908 1537 γεννήματα.
941 1469 1058 1532 πῶς
1097 1470 1163 1522 ἂν
1201 1470 1287 1540 εἴη
1322 1469 1464 1523 κατά
1491 1470 1747 1540 ἀλήθειαν
1778 1470 1938 1535 Υίός;

361 1556 497 1612 Εἶτα
527 1558 645 1622 πῶς
662 1559 752 1611 τὸν
788 1561 1056 1632 μακάριον
1091 1561 1345 1630 Ἰωάννην
1367 1561 1663 1632 ἀποστήσει
1689 1559 1936 1626 λέγοντα’

365 1671 386 1703 ¢
433 1651 492 1704 '0
512 1651 842 1722 ἀρνούμενος
870 1651 959 1704 τὸν
981 1651 1128 1707 Υἱὺν.
1153 1652 1247 1705 καὶ
1273 1653 1363 1705 τὸν
1379 1653 1599 1722 Πατέρα
1619 1652 1936 1722 ἀρνήσεται·

2043 475 2382 536 comparata,
2413 482 2522 521 non
2547 467 2653 522 erit
2682 467 3180 522 consubstantialis
3203 466 3350 522 Patri
3385 469 3612 526 Filius.»

2043 555 2174 622 Qua:
2227 573 2350 613 cum
2398 558 2556 621 dicit,
2603 557 2884 613 existimat
2939 574 2998 614 se
3049 560 3221 612 altum
3253 560 3512 630 quiddam
3567 574 3620 618 et

2043 649 2245 704 subtile
2277 650 2644 718 excogitasse,
2678 657 2732 705 et
2761 650 3026 705 invictum
3061 650 3330 705 adversus
3358 651 3622 707 Ecclesia:

2042 739 2297 809 dogmata
2327 749 2709 810 argumentum
2741 757 3138 811 comparasse:
3198 743 3292 799 sed
3334 745 3616 799 nihilomi-

2042 845 2150 884 nus
2171 830 2295 885 hinc
2311 846 2528 901 quoque
2549 833 2742 902 nugari
2763 833 3152 902 comperietur.
3175 833 3418 889 Primum
3442 837 3610 901 enim,

2043 936 2168 975 cum
2217 921 2444 977 alterius
2486 922 2788 977 secundum
2817 933 3070 978 naturam
3123 927 3341 994 generis
3362 943 3486 982 esse
3523 927 3614 982 Fi-

2045 1013 2174 1066 lium
2221 1023 2520 1077 asseveret,
2553 1031 2788 1084 eumque
2819 1025 2973 1070 extra
3025 1017 3300 1074 Gcnitoris
3349 1020 3613 1094 substan-

2043 1102 2173 1154 tiam
2206 1103 2457 1168 collocat,
2492 1104 2766 1172 quomodo
2789 1103 3012 1158 Patrem
3049 1108 3266 1161 vocabit
3293 1106 3482 1173 Deum,
3516 1117 3614 1163 aut

2043 1194 2267 1248 omnino
2299 1193 2494 1248 Filium
2519 1194 2663 1250 dicet
2690 1195 2887 1250 Filium
2910 1198 2932 1250 ?
2957 1197 3089 1251 Nam
3127 1199 3171 1253 si
3213 1215 3321 1252 non
3363 1215 3485 1254 esse
3516 1217 3611 1271 ge—

2044 1285 2218 1337 nitum
2255 1286 2432 1354 ipsum
2459 1287 2556 1351 ait,
2591 1287 2691 1340 hoc
2719 1299 2804 1342 est
2826 1304 2892 1343 ex
2926 1290 3240 1343 substantia
3273 1291 3454 1346 Patris
3487 1307 3613 1361 pro-

2042 1373 2259 1436 cedere,
2298 1376 2759 1444 quemadmodum
2793 1385 2845 1432 et
2870 1393 2937 1431 ex
2971 1379 3284 1434 hominibus
3314 1395 3502 1434 eorum
3546 1383 3611 1433 li-

2042 1463 2134 1527 lii,
2175 1464 2452 1532 quomodo
2498 1481 2626 1521 vere
2669 1449 2842 1521 Filius
2881 1469 3028 1522 erit?
3085 1470 3288 1526 Deinde
3336 1473 3613 1541 quomodo

2043 1553 2259 1607 beatum
2308 1550 2575 1609 Joannem
2627 1557 2941 1625 repudiabit
2989 1557 3302 1615 dicentem:
3342 1580 3361 1613 ι
3417 1561 3611 1618 Omnis

2041 1645 2132 1713 qui
2166 1653 2327 1712 negat
2359 1643 2581 1709 Filium,
2614 1662 2716 1702 nec
2749 1647 2965 1702 Patrem
3002 1650 3199 1704 habet:
3247 1653 3339 1720 qui
3387 1653 3611 1708 conﬁtc-

356 1748 387 1798 6
437 1743 716 1813 ὁμολογῶν
743 1743 834 1796 τὸν
872 1743 1020 1805 Υἱὸν,
1051 1743 1304 1812 ὁμολογεῖ
1357 1743 1452 1797 καὶ
1505 1744 1595 1797 τὸν
1627 1743 1874 1814 Πατέρα;
1908 1763 1926 1794 ι

2043 1743 2133 1788 tur
2166 1734 2390 1796 Filium,
2427 1744 2482 1790 et
2507 1735 2727 1790 Patrem
2761 1738 2923 1791 habet
2945 1739 3045 1791 ³⁸.»
3085 1740 3239 1804 Quod
3263 1742 3482 1810 quidem
3520 1759 3612 1798 ve-

356 1835 469 1887 Kal
499 1833 703 1904 ἀληθὴς
723 1835 752 1887 6
777 1834 954 1901 λόγος,
985 1833 1072 1886 Ἐν
1097 1835 1206 1906 γὰρ
1223 1834 1299 1904 τῷ
1322 1834 1492 1905 ἑτέρῳ
1523 1838 1931 1905 συναναιρεῖται

359 1928 578 1988 πάντως
607 1926 701 1977 καὶ
735 1926 1128 1994 συνυφίσταται
1172 1925 1238 1978 τὸ
1266 1926 1473 1997 ἕτερον.
1506 1927 1580 1978 Ού
1617 1927 1723 1998 γὰρ
1753 1928 1819 1980 ἂν
1846 1929 1931 1998 είη

359 2014 572 2085 Πατὴρ,
611 2015 710 2068 οὐκ
737 2014 888 2078 δντος
915 2015 1069 2082 Υίοῦ,
1100 2017 1208 2069 οὐδ’
1245 2017 1309 2070 ἂν
1343 2018 1467 2081 Υἱὸς
1492 2020 1663 2072 νοοῖτό
1693 2035 1824 2072 ποτε
1857 2019 1930 2090 μὴ

353 2107 478 2176 οὐχι
506 2107 722 2168 πάντως
781 2106 930 2177 αὐτῷ
965 2110 1447 2179 συνεπινοουμένου
1496 2111 1588 2164 τοῦ
1638 2110 1926 2181 φύσαντος.

353 2196 617 2250 Εἱτοίνυν
673 2197 916 2266 ἀρνεῖται
953 2197 1044 2251 τὸν
1091 2199 1219 2251 Υίὸν
1277 2199 1603 2272 (ἑτερογενῆ
1643 2202 1750 2272 γὰρ
1790 2196 1932 2255 εἷναί

353 2287 522 2358 φησι)
544 2331 559 2351 ,
589 2288 684 2340 καὶ
721 2287 884 2340 αὑτὸν
913 2289 1189 2359 ἠρνήσατο
1227 2291 1318 2344 τὸν
1364 2292 1604 2360 Πατέρα.
1639 2292 1703 2344 Τί
1737 2287 1849 2357 οῦν,
1885 2287 1930 2346 ὦ

355 2379 622 2448 βέλτιστε,
643 2380 780 2450 πρὸς
795 2380 966 2433 ταῦτα
993 2383 1165 2451 ὲρεῖςς
1189 2382 1283 2445 Et;
1311 2382 1430 2436 τίνα
1456 2382 1690 2453 λοιπὸνή
1715 2384 1926 2449 πίστιςς

355 2470 467 2524 Ποῦ
491 2471 592 2539 τῆς
646 2471 807 2539 ἁγίας
863 2470 1092 2541 Τριάδος
1125 2474 1158 2542 ή
1215 2473 1378 2536 δόξα;
1410 2473 1644 2526 Λέλυται
1683 2474 1792 2544 γάρ
1835 2474 1931 2526 καὶ

354 2561 562 2635 φρούδη
593 2562 776 2616 λοιπὸν
803 2565 836 2633 ή
861 2562 968 2616 τῶν
990 2563 1126 2616 ὅλων
1157 2563 1433 2634 κρατοῦσα
1453 2563 1634 2632 φύσις,
1660 2566 1717 2618 ὲν
1749 2564 1930 2635 ψιλαῖς

351 2655 491 2724 ήμν
523 2653 858 2723 σημανθεῖσα
889 2652 1065 2717 λέξεσι
1119 2653 1271 2724 παρὰ
1312 2654 1411 2722 τῆς
1473 2654 1633 2723 άγίας
1684 2657 1926 2726 Γραφῆς·

351 2742 655 2810 ἀναγκάζει
681 2743 752 2811 γά
761 2761 792 2812 ρ
813 2745 962 2813 ἡμᾶς
981 2744 1078 2796 καὶ
1099 2743 1187 2797 διά
1207 2743 1316 2796 τῶν
1337 2742 1510 2805 οὕτως
1539 2746 1930 2814 ἀπηχεστάτων

355 2834 489 2886 ἰέναι
519 2833 694 2905 λόγων
726 2836 760 2904 ή
795 2835 1016 2887 ἐκείνων
1068 2834 1380 2905 ἀποπληξία
1415 2837 1510 2889 καὶ
1571 2836 1926 2908 ψευδομυθία.

365 2925 505 2978 Ἀλλ’
536 2923 665 2988 ἴσως
691 2925 752 2978 τὸ
803 2925 904 2994 τῆς
948 2925 1258 2996 δυσφημίας
1295 2927 1620 2989 καταδείσας
1662 2927 1926 2998 μέγεθος,

350 3017 613 3087 ἀλλογενῆ
648 3017 745 3086 μὲν
769 3013 910 3070 εἷναί
940 3035 1095 3088 φησι,
1137 3017 1495 3086 γεγεννῆσθαί
1538 3036 1600 3086 γε
1645 3020 1750 3090 μὴν
1782 3019 1929 3089 παρά

348 3107 448 3160 τοῦ
479 3107 614 3160 Θεοῦ
643 3108 742 3161 καὶ
792 3109 1027 3179 Πατρός.
1071 3109 1263 3179 Ἡμεῖς
1323 3109 1380 3162 δὲ
1431 3105 1497 3162 αὖ
1537 3109 1700 3162 πάλιν
1759 3112 1933 3162 εἰπεῖν

349 3201 734 3272 ἀπαιτήσομεν
786 3201 906 3264 πῶς
953 3201 1061 3270 ἄρα
1120 3201 1484 3270 γεγεννῆσθαι
1509 3201 1690 3254 δίδωσί
1733 3218 1795 3254 τε
1842 3203 1936 3255 καὶ

349 3291 622 3360 ὁμολογεῖ.
655 3293 716 3344 Et
769 3291 864 3360 μὲν
908 3290 1016 3360 γάρ
1067 3291 1141 3354 ὡς
1174 3290 1231 3343 ἓν
1279 3289 1386 3342 τῶν
1414 3291 1749 3360 κτισμάτων,
1797 3292 1936 3344 κατά

352 3383 539 3452 σχέσιν
574 3382 672 3452 τὴν
715 3381 790 3445 ὡς
839 3383 896 3434 ὲν
929 3381 1120 3453 ἀγάπῃ
1175 3381 1268 3434 καὶ
1312 3380 1452 3434 κατά
1476 3380 1691 3452 θέλησιν
1721 3382 1936 3454 (πάντα

347 3473 463 3542 γὰρ
494 3473 558 3524 ὲκ
586 3471 722 3524 Θεοῦ
748 3471 1000 3540 λέγεται)
1025 3512 1039 3533 ,
1099 3471 1186 3524 διὰ
1214 3471 1320 3525 τῶν
1371 3472 1550 3525 αὐτῶν
1596 3471 1746 3525 οὐδὲν
1774 3465 1936 3543 ἦττον

347 3564 474 3634 ἥξει
531 3563 916 3634 βλασφημιῶν.
971 3563 1172 3635 ’Δληθῆ
1205 3564 1261 3616 δὲ
1287 3563 1378 3618 τὸν
1405 3565 1564 3617 τόκον
1605 3563 1776 3618 εἰπὼν
1796 3607 1809 3630 ,
1841 3565 1933 3620 ἔκ-

350 3655 522 3722 φυλόν
554 3673 614 3708 τε
635 3654 774 3709 εἶναι
810 3654 1304 3726 διαϐεϐαιούμενος,
1347 3656 1442 3710 καὶ
1475 3656 1736 3726 ἀλλογενῆ
1763 3657 1935 3727 λέγων

349 3746 544 3799 ἑτικαὶ
577 3747 715 3816 μετὰ
752 3745 931 3811 τοῦτο,
964 3745 1287 3816 δυσσεϐήσει
1311 3745 1526 3810 πάντως
1546 3749 1625 3810 είς
1657 3749 1817 3802 αὐτὸν
1845 3749 1936 3800 τὸν

346 3836 712 3907 γεννήσαντα.
754 3837 819 3888 '0
849 3835 957 3906 γάρ
1017 3837 1109 3889 καὶ
1162 3835 1300 3906 αὐτὴ
1353 3837 1713 3908 παρῃτήσατο
1743 3838 1935 3891 παθεῖν

347 3928 460 3981 τῶν
490 3926 736 3998 γενητῶν
775 3927 1016 3997 ήφύσις,
1071 3926 1230 3980 τοῦτο
1263 3927 1327 3997 δὴ
1359 3927 1574 3991 πάντως
1611 3928 1935 3993 ὑποδείξειεν

348 4021 724 4090 ὑπομείναντα
748 4020 840 4074 τὸν
861 4019 1013 4073 Θεόν.
1048 4014 1124 4072 Ἦ
1150 4019 1260 4090 γὰρ
1290 4020 1411 4090 οὐχὶ
1432 4020 1493 4073 τὸ
1534 4019 1598 4073 ἔκ
1627 4038 1768 4085 τινος
1795 4021 1936 4075 κατά

349 4110 516 4179 φύσιν
567 4109 965 4181 γεγεννημένον
1015 4110 1254 4180 ἀληθῶς,
1283 4109 1570 4182 όμοούσιον
1599 4111 1677 4182 τῷ
1723 4113 1934 4166 τεκόντι

348 4201 624 4268 φαίνεται,
652 4202 747 4254 καὶ
781 4201 900 4264 πῶς
951 4202 1050 4272 οὐχ
1101 4203 1274 4256 ἅπασι
1304 4203 1616 4272 συμφανές;
1658 4203 1868 4257 Οὐκοῦν
1897 4205 1930 4274 ή

352 4292 454 4360 μὲν
489 4293 664 4353 κτίσις
693 4291 834 4344 κατὰ
865 4290 1020 4360 λόγον
1051 4291 1264 4362 πρόεισι
1295 4291 1386 4342 τὸν
1425 4291 1718 4362 πρέποντα·
1755 4292 1929 4347 τίκτει

2036 1841 2158 1881 rum
2191 1834 2292 1881 est.
2327 1825 2514 1881 Altero
2544 1828 2686 1882 enim
2723 1829 2907 1883 ablato
2938 1839 3033 1896 aut
3071 1833 3274 1899 posito,
3302 1833 3509 1886 tollitur
3545 1834 3615 1887 si-

2039 1918 2149 1972 mul
2175 1918 2430 1982 alterum,
2462 1927 2516 1972 et
2548 1920 2790 1988 ponitur.
2812 1919 2920 1975 Nec
2941 1923 3085 1975 enim
3109 1922 3270 1976 Pater
3292 1925 3397 1978 erit
3425 1925 3471 1978 si
3501 1940 3610 1978 non

2038 2011 2110 2065 sit
2146 2009 2339 2071 Filius,
2379 2026 2477 2064 nec
2505 2010 2683 2066 Filius
2713 2013 3054 2083 concipietur
3089 2031 3355 2084 unquam,
3380 2017 3483 2072 nisi
3508 2015 3611 2069 Pa.

2038 2109 2122 2155 ter
2150 2117 2260 2156 una
2294 2117 2512 2172 quoque
2555 2103 2918 2173 concipiatur.
2953 2105 3008 2159 Si
3056 2122 3184 2175 ergo
3220 2115 3380 2177 negat
3410 2108 3610 2161 Filium

2038 2191 2266 2262 (diversi
2305 2195 2510 2265 quippe
2546 2199 2763 2266 generis
2801 2213 2928 2253 esse
2967 2199 3088 2265 ait),
3127 2209 3179 2255 et
3213 2199 3378 2270 865
3425 2200 3609 2269 ipsum

2037 2285 2255 2341 Patrem
2299 2289 2602 2359 negaverit.
2648 2290 2788 2356 Quid
2821 2292 2986 2361 igitur
3018 2292 3084 2346 ad
3119 2295 3232 2348 haec
3276 2295 3448 2354 dices,
3483 2293 3614 2346 ami-

2038 2380 2141 2433 ce?
2175 2378 2230 2432 In
2269 2395 2430 2449 quem
2466 2382 2686 2435 demum
2733 2383 2869 2439 ﬁdes
2892 2385 3031 2438 erit?
3067 2384 3166 2439 Ubi
3201 2395 3405 2440 sanctaa
3432 2384 3612 2438 Trini-

2037 2475 2170 2527 tatis
2209 2475 2417 2543 gloria?
2451 2473 2598 2527 Perit
2623 2475 2771 2528 enim
2803 2486 2857 2529 et
2891 2477 3072 2531 inanis
3113 2476 3363 2530 redditur
3387 2477 3608 2529 demum

2038 2564 2128 2617 illa
2165 2565 2406 2618 universi
2457 2564 2682 2617 domina
2732 2573 2952 2628 natura,
2986 2566 3145 2620 nobis
3175 2581 3202 2619 a
3240 2575 3429 2621 sancta
3460 2565 3612 2620 Scri-

2035 2663 2196 2724 ptura
2245 2656 2407 2709 nudis
2458 2655 2763 2724 signiﬁcata
2811 2656 3186 2711 dictionibus:
3221 2671 3288 2710 eo
3328 2655 3474 2709 enim
3515 2655 3612 2709 ab-

2036 2746 2364 2800 surditatum
2415 2747 2668 2815 progredi
2717 2746 2935 2800 illorum
2987 2746 3140 2802 furor
3172 2756 3225 2802 et
3265 2744 3610 2802 mendacium

2035 2853 2138 2893 nos
2187 2838 2378 2909 adigit.
2433 2837 2541 2892 Sed
2608 2839 3006 2894 immanitatem
3061 2842 3212 2895 illius
3258 2840 3613 2910 blasphemiae

2036 2929 2222 2984 forsan
2245 2929 2476 2995 veritus,
2502 2928 2705 2984 diversi
2734 2931 2954 3000 quidem
2982 2947 3103 2986 esse
3121 2932 3361 3002 generis,
3393 2946 3613 2985 verumu

2036 3031 2219 3079 tamen
2256 3038 2285 3077 a
2316 3021 2425 3078 Deo
2455 3032 2510 3078 et
2551 3023 2710 3078 Patre
2740 3027 2983 3094 genitum
3022 3042 3145 3081 esse
3166 3027 3261 3081 ait.
3285 3025 3396 3082 Nos
3428 3037 3610 3081 autem

2035 3122 2229 3170 rursus
2259 3115 2576 3185 urgebimus
2601 3123 2661 3168 ut
2684 3115 2830 3169 dicat
2861 3132 2972 3185 quo
3005 3126 3164 3187 pacto
3193 3118 3439 3187 genitum
3483 3133 3612 3172 eum

2033 3221 2157 3260 esse
2183 3205 2435 3260 fateatur.
2465 3205 2520 3259 Si
2546 3209 2693 3259 enim
2727 3215 2984 3276 tanquam
3009 3216 3392 3262 creaturarum
3420 3223 3608 3274 unam,

2034 3298 2303 3352 relatione
2343 3296 2605 3351 videlicet
2648 3305 2701 3349 et
2735 3297 3062 3353 habitudine
3109 3300 3403 3354 cliaritatis
3447 3308 3612 3369 atque

2032 3388 2331 3444 voluntatis
2365 3384 2574 3456 (omnia
2601 3386 2807 3456 quippe
2835 3403 2897 3440 ex
2928 3389 3039 3442 Deo
3065 3405 3188 3444 esse
3221 3389 3525 3458 dicuntur),
3554 3391 3610 3444 in

2032 3476 2254 3535 easdem
2311 3477 2686 3550 hlasphcmias
2739 3479 2960 3549 recidet.
3018 3478 3114 3533 Sin
3178 3487 3358 3535 autem
3417 3494 3609 3534 verum

2035 3573 2256 3643 quidem
2276 3571 2476 3627 Filium
2525 3587 2649 3628 esse
2677 3571 2829 3626 dicat
2857 3613 2870 3636 ,
2913 3571 3140 3626 alterius
3185 3578 3368 3625 tamen
3395 3573 3610 3642 generis

2035 3669 2285 3725 asserat,
2343 3663 2400 3716 in
2451 3663 2630 3732 ipsum
2662 3664 2853 3734 utique
2901 3661 3217 3718 Genitorem
3273 3664 3608 3733 impietatem

2035 3769 2190 3807 suam
2215 3763 2418 3809 exeret.
2456 3754 2613 3820 Quod
2660 3756 2808 3810 enim
2849 3769 3122 3825 nusquam
3157 3755 3211 3808 in
3237 3770 3418 3809 rerum
3450 3771 3612 3810 crea-

2033 3849 2212 3894 tarum
2271 3849 2522 3895 naturam
2553 3843 2838 3907 ceciderit,
2877 3844 2982 3898 hoc
3041 3844 3233 3913 utique
3261 3843 3408 3898 Patri
3459 3844 3614 3897 atlina

2033 3940 2141 4003 get.
2169 3931 2446 4002 Numquid
2483 3936 2630 3988 enim
2679 3935 2826 4003 quod
2855 3950 2922 3988 ex
2957 3935 3142 4004 aliquo
3174 3935 3478 3989 secundum
3514 3950 3614 3990 na-

2034 4033 2212 4078 turam
2249 4039 2376 4078 vere
2404 4034 2487 4079 est
2527 4024 2776 4095 genitum
2818 4027 3297 4083 consubstantiale
3357 4026 3610 4082 Genitori

2033 4129 2157 4168 esse
2174 4113 2353 4168 cuivis
2387 4113 2741 4167 manifestum
2784 4114 2908 4168 est?
2949 4113 3093 4183 Ergo
3131 4124 3383 4168 creatura
3407 4129 3611 4169 conve-

2035 4207 2208 4263 nienti
2234 4209 2340 4262 sibi
2376 4208 2590 4262 ratione
2613 4208 2859 4278 procedit
2888 4223 2900 4258 :
2939 4209 3080 4276 parit
3109 4207 3255 4260 enim
3280 4207 3424 4274 quod
3463 4208 3614 4275 ejus-

2035 4301 2179 4364 dem,
2221 4315 2329 4354 non
2370 4300 2572 4354 diversi
2611 4299 2826 4368 generis
2864 4300 2973 4363 sit;
3006 4299 3183 4352 solum
3231 4307 3411 4352 autem
3442 4297 3610 4351 Deum

347 4386 459 4453 γάρ
519 4383 620 4436 ούκ
666 4382 948 4451 ἀ).λογενῆ·
997 4381 1155 4452 μόνον
1193 4381 1249 4434 δὲ
1304 4379 1545 4433 παθόντα
1579 4383 1668 4435 τὸν
1712 4383 1844 4436 Θεὸν
1871 4383 1931 4435 τὸ

2036 4396 2368 4463 reperiemus
2397 4401 2594 4448 contra
2629 4393 2792 4456 allici,
2831 4394 2875 4446 si
2903 4392 3124 4462 quidem
3156 4389 3354 4445 Filium
3386 4390 3614 4446 alterius

351 4473 594 4528 ἐναντίον
621 4475 947 4545 εὑρήσομεν,
984 4475 1140 4542 εῐπερ
1167 4472 1431 4544 ἀλλογενῆ
1466 4473 1763 4544 γεγέννηκε
1784 4515 1799 4541 ,
1833 4475 1928 4528 καὶ

2036 4487 2264 4558 generis,
2297 4500 2395 4540 nec
2423 4500 2492 4539 ex
2526 4500 2624 4539 sua
2653 4492 2850 4538 natura
2875 4482 3087 4552 genuit.

353 4566 455 4618 οὐκ
480 4566 539 4632 ἐξ
571 4565 708 4626 ἰδίας
735 4563 950 4633 φύσεως
982 4565 1073 4617 τὸν
1104 4564 1253 4618 Υίόν.

371 4715 374 4718 ,
425 4653 534 4710 Ἦν
572 4657 672 4726 μὲν
706 4652 799 4710 οὖν
847 4655 993 4717 είκὸς
1042 4655 1194 4708 οὐδὲν
1237 4654 1316 4708 ἔτι
1361 4654 1499 4726 πρὸς
1546 4653 1720 4707 ταῦτα
1755 4653 1928 4706 θέλειν

349 4751 525 4803 εἰπεῖν
554 4749 645 4802 τὸν
675 4748 741 4824 δι’
771 4747 1042 4813 ἐναντίας,
1074 4747 1173 4800 οὐκ
1203 4746 1542 4816 ὲξισταμένῳ
1570 4746 1627 4798 δὲ
1656 4748 1754 4816 τῆς
1780 4743 1929 4797 ἐνού-

350 4859 452 4911 σης
489 4840 640 4911 αὐτῷ
662 4840 1002 4903 δυσϐουλίας,
1051 4839 1283 4909 οἰομένῳ
1320 4856 1380 4891 τε
1437 4838 1702 4907 ἀλλογενῆ
1747 4837 1839 4891 τὸν
1863 4838 1928 4890 ὲκ

345 4934 485 4987 Θεοῦ
515 4935 611 4988 καὶ
639 4933 852 5004 Πατρὺς
874 4932 1141 5004 ὑπάρχειν
1172 4931 1321 4993 Υίδν,
1351 4931 1453 4983 οὐκ
1492 4930 1796 5000 ὲνδώσομεν
1815 4932 1930 4993 τοῖς

346 5025 449 5096 τῆς
476 5025 733 5097 ἀληθείας
762 5024 1183 5096 συνηγοροῦντες
1225 5023 1507 5092 δόγμασιν.
1558 5021 1930 5092 Ἐπιδείξομεν

345 5117 461 5188 γὰρ
481 5117 716 5187 ὁμογενῆ
745 5116 973 5185 λέγοντα
1001 5118 1066 5186 τῇ
1098 5115 1274 5168 κτίσει
1302 5113 1544 5167 τὸνθεόν
1567 5113 1662 5166 καὶ
1689 5112 1927 5181 Πατέρα·

347 5207 446 5260 καὶ
465 5206 602 5274 πῶς,
631 5207 668 5276 ἦ
698 5205 862 5260 πόθεν
891 5205 1130 5259 ἀκούοιτ’
1170 5204 1238 5257 ἂν
1285 5204 1385 5274 ήδη
1441 5203 1625 5259 πάλιν.
1652 5202 1933 5272 ’Ἄμπελον

346 5295 596 5366 ἐναργῶς
625 5295 950 5350 διατείνεται
971 5294 1066 5348 καί
1114 5310 1296 5363 φησιν,
1326 5293 1388 5346 ού
1429 5293 1529 5362 τὴν
1569 5292 1750 5363 σάρκα
1788 5291 1925 5360 μᾶλ-

2097 4662 2178 4717 Ad
2229 4667 2342 4714 tunc
2371 4658 2597 4730 quidem
2642 4658 2778 4712 nihil
2819 4659 2962 4711 ultra
2997 4657 3185 4712 dicere
3230 4654 3612 4712 adversarium

2028 4770 2126 4826 par
2149 4762 2338 4819 esset;
2379 4750 2474 4807 sed
2515 4750 2774 4820 quoniam
2815 4749 3058 4804 insanire
3095 4763 3204 4803 non
3248 4755 3454 4808 cessat,
3491 4747 3616 4802 Dei-

2027 4862 2133 4916 que
2167 4860 2232 4899 ac
2280 4843 2460 4897 Patris
2491 4841 2689 4896 Filium
2743 4841 2971 4895 alterius
3017 4841 3238 4909 generis
3271 4856 3396 4895 esse
3436 4845 3611 4907 putat,

2027 4933 2282 4991 veritatis
2331 4931 2604 5001 dogmatis
2651 4929 2992 4998 patrocinari
3035 4943 3146 4982 non
3197 4925 3610 4981 cunctabimur.

2029 5027 2397 5083 Ostendemus
2432 5007 2608 5078 enim
2642 5036 2766 5076 eum
2821 5020 3006 5076 dicere
3053 5019 3228 5074 Deum
3280 5032 3344 5071 ac
3392 5016 3612 5069 Patrem

2030 5117 2276 5188 ejusdem
2297 5129 2423 5170 esse
2454 5127 2580 5165 cum
2603 5101 2858 5166 creatura
2879 5109 3098 5180 generis
3124 5123 3136 5158 :
3158 5103 3440 5176 quomodo
3455 5117 3608 5166 vero,

2032 5213 2126 5258 aut
2174 5201 2340 5264 unde,
2392 5214 2587 5254 rursus
2635 5197 3054 5252 audiat.Vitem
3084 5203 3272 5264 aperte
3299 5192 3456 5255 dicit,
3497 5207 3610 5245 non

2021 5308 2269 5354 carnem,
2295 5291 2392 5346 sed
2428 5292 2603 5360 ipsam
2631 5289 2910 5361 Unigeniti
2938 5288 3201 5343 deitatem
3232 5301 3357 5341 esse
3395 5300 3611 5338 nuneu-

339 5386 461 5450 λον,
486 5387 603 5442 ἀλλ’
637 5388 808 5459 αὐτὴν
838 5385 1153 5456 ὠνομάσθαι
1198 5386 1297 5456 τὴν
1321 5383 1550 5454 θεότητα
1571 5384 1664 5437 τοῦ
1689 5384 1930 5449 Μονογε-

2036 5395 2231 5458 palam.
2255 5383 2384 5438 Esto
2401 5397 2562 5447 vero;
2585 5379 2915 5451 respondeat
2944 5379 3132 5449 igitur,
3151 5392 3360 5448 quaeso,
3386 5391 3604 5437 rursus,

342 5477 492 5543 νοῦς.
537 5480 739 5548 Ἐχέτω
794 5479 922 5550 τῇδε
969 5479 1151 5549 τυχόν·
1201 5477 1420 5542 οὐκοῦν,
1471 5478 1737 5549 ἐρήσομαι
1797 5475 1926 5545 γὰρ,

416 5658 462 5691 ’⁸
506 5657 521 5711 l
565 5657 722 5713 Joan.
761 5675 820 5716 tn
847 5704 860 5730 ,
899 5661 989 5716 9.3.

2029 5484 2218 5534 utrum
2253 5474 2422 5532 Deum
2450 5489 2638 5531 verum
2667 5472 2934 5529 exsistere
2951 5480 3103 5543 putet
3124 5470 3347 5539 Filium,
3376 5483 3446 5524 an
3471 5483 3602 5534 non,
