4042 6204
287 224 404 283 349
508 247 515 254 ’

1323 217 1327 221 ”
1368 233 1439 288 ΙΝ
1465 235 1755 294 JOANNIS
1789 238 2236 298 EVANGELIUM
2271 242 2399 298 LIB.
2435 242 2503 300 Χ.

3463 257 3566 311 ’550

290 353 445 408 ματα
509 337 611 408 μὲν
655 338 894 411 ἐσόμεθα
927 379 941 406 ,
998 342 1167 416 νεκρά
1215 345 1273 399 δὲ
1326 346 1477 420 ὅμως
1510 352 1610 406 ,καὶ
1636 352 1869 424 ἄκαρπα

1988 353 2149 410 mites
2181 356 2540 426 quidemnos
2569 356 2708 426 fore,
2751 360 2849 417 sed
2880 369 3128 420 mortuos
3158 371 3363 435 tamen,
3387 380 3452 422 ae
3484 371 3567 424 in-

297 449 316 479 ι
361 429 495 501 Δίχα
558 432 669 503 γάρ
724 432 903 504 ἔργων
950 437 983 508 ἡ
1041 437 1223 504 πίστις
1266 443 1438 514 νεκρά
1491 446 1639 512 ἐστι,
1684 449 1878 509 ικατὰ

286 520 394 593 τὴν
454 522 550 577 τοῦ
598 526 756 593 ἁγίου
791 529 1000 600 φωνήν.
1034 529 1098 584 El
1154 533 1336 588 τοίνυν
1398 535 1508 607 ἄρα
1568 540 1708 594 κατὰ
1764 540 1882 594 τοῦς

288 633 385 670 τον
412 616 504 670 τὸν
524 618 725 690 τρόπον
752 620 924 692 όρῷτό
945 639 1001 675 τε
1038 624 1133 677 καὶ
1176 626 1424 699 ὑπάρχοι·
1437 630 1644 702 κλῆμα,
1678 634 1876 706 μάτην,

290 709 370 772 ὡς
397 708 526 771 ἔπος
553 711 748 777 εἰπεῖν,
779 712 888 766 τῶν
908 714 1005 783 τῆς
1034 716 1281 786 ἀμπέλου
1309 721 1576 793 στελεχῶν
1614 726 1878 795 ἐκκεκρε-

297 798 618 892 μασμένων,
643 801 776 856 ἵστω
805 802 868 857 δὴ
891 804 1109 871 πάντως
1131 811 1195 880 τῇ
1225 809 1319 863 τοῦ
1354 815 1602 884 γεωργοῦ
1633 816 1878 892 δρεπάνῃ

294 891 770 962 περιτευξόμενον.
822 896 1115 968 ’Δποτεμεῖ
1160 900 1269 973 γὰρ
1316 902 1535 969 πάντως
1584 906 1751 972 αὐτὸ,
1782 891 1876 962 καὶ

293 979 549 1051 καθάπερ
597 983 806 1036 εἰκαῖον
860 986 1126 1054 συρφετὸν
1184 990 1319 1061 πυρὶ
1371 992 1634 1061 νέμεσθαι
1690 995 1870 1054 δώσει.

294 1070 464 1124 Τοῦτο
495 1071 607 1142 γάρ
641 1072 750 1126 τῶν
778 1074 1042 1147 ἀκάρπων
1079 1078 1138 1131 τὸ
1168 1082 1342 1153 κρῖμα
1361 1121 1376 1148 ,
1401 1084 1672 1160 καθάπερ.
1696 1084 1871 1160 οἶμαι,

292 1165 504 1217 καὶέπὶ
534 1165 634 1235 τῆς
680 1165 757 1229 ὡς
783 1167 841 1220 ὲν
878 1167 1009 1222 εἴδει
1057 1173 1371 1247 παραϐολῆς
1415 1178 1873 1255 παραληφθείσης

295 1257 488 1328 συκῆς,
521 1255 598 1329 τῷ
619 1259 949 1329 γηπονοῦντί
983 1280 1147 1333 φησιν
1180 1266 1322 1321 ὀτοῦ
1356 1269 1557 1341 χωρίου
1583 1272 1868 1347 δεσπότηςο

296 1366 316 1399 ι
349 1348 626 1418 Ἐκκοψον
663 1351 853 1422 αὐτὴν,
885 1352 971 1406 ἵνα
1017 1355 1070 1408 τί
1109 1356 1203 1410 καὶ
1228 1359 1328 1429 τὴν
1374 1362 1477 1432 γῆν
1510 1369 1810 1436 καταργεί;
1847 1389 1865 1422 ι

290 1437 450 1492 Οὕτω
472 1439 707 1494 κάνθάδε
727 1441 934 1513 νομίζω
957 1445 1049 1498 τὸν
1076 1448 1330 1503 ἁπάντων
1351 1451 1482 1507 Θεὸν
1508 1458 1601 1509 καὶ
1630 1459 1868 1531 Πατέρα,

287 1529 381 1620 τὸν
437 1531 659 1599 στεγνόν
691 1549 750 1585 τε
792 1535 885 1587 καὶ
922 1536 1112 1604 ἄγονον
1148 1539 1258 1595 τῶν
1282 1542 1576 1615 κλημάτων
1615 1529 1871 1620 άποθεγρί-

289 1619 405 1683 ζειν
436 1621 614 1690 ὄχλον,
646 1624 732 1677 ἐπ’
756 1624 933 1678 οὐδενὶ
960 1628 1068 1680 τῶν
1094 1631 1380 1703 χρησίμων
1412 1635 1509 1705 τῆς
1536 1638 1732 1709 νοητῆς
1762 1619 1867 1710 άμ-

1982 444 2320 505 fructuosos.
2344 448 2479 504 Nam
2506 468 2524 503 ι
2553 450 2692 507 fides
2713 452 2835 509 sine
2865 455 3132 524 operibus
3164 464 3381 512 mortua
3409 470 3514 525 est,
3543 479 3564 514 ι

1979 537 2153 609 867,
2173 539 2329 610 juxta
2367 542 2515 598 illius
2543 545 2716 600 sancti
2743 561 2929 602 vocem
2950 549 2994 599 '.
3017 545 3075 602 Si
3096 549 3222 619 quis
3250 564 3381 620 ergo
3402 551 3568 607 istius

1980 628 2128 684 modi
2171 643 2429 687 cernatur
2474 643 2529 690 et
2555 638 2624 691 sit
2654 636 2888 707 palmes,
2916 638 3148 703 frustra,
3175 648 3236 695 ut
3262 657 3373 696 uno
3393 645 3569 698 verbo

1979 719 2186 787 dicam,
2207 726 2509 781 sarmentis
2537 742 2568 783 e
2592 728 2701 783 vite
2720 730 3106 799 pendentibus,
3125 733 3265 787 sciat
3293 734 3481 805 utique
3507 735 3563 789 in

1977 810 2233 869 vinitoris
2274 814 2469 872 falcem
2512 835 2572 874 se
2626 820 3009 877 incursurum.
3056 823 3377 894 Amputabit
3411 826 3557 881 enim

1977 902 2180 974 ipsum,
2204 922 2270 962 ac
2301 909 2449 963 velut
2483 910 2700 967 inanem
2728 902 2938 983 paleam
2979 915 3032 969 in
3070 916 3246 986 ignem
3281 917 3556 987 projiciet.

1979 993 2095 1051 Hoc
2116 999 2262 1053 enim
2288 1009 2374 1056 est
2399 1004 2669 1058 sterilium
2689 1015 2745 1060 et
2768 1005 3235 1063 infructuosorum
3258 1009 3555 1079 judicium,

1974 1091 2437 1158 quemadmodum
2469 1104 2522 1151 et
2555 1096 2624 1152 de
2662 1097 2767 1153 ficu
2796 1100 3072 1170 parabola:
3112 1102 3234 1156 loco
3273 1111 3556 1173 assumpta

1976 1179 2093 1248 agri
2117 1180 2376 1240 dominus
2399 1186 2597 1242 colono
2631 1189 2746 1242 ait:
2798 1207 2817 1240 ι
2858 1189 3097 1247 Succide
3149 1192 3320 1255 illam,
3354 1193 3551 1262 utquid

1974 1268 2136 1323 etiam
2172 1278 2373 1327 terram
2398 1289 2630 1346 occupat
2650 1276 2670 1308 ³
2691 1278 2741 1330 2»
2775 1279 2848 1334 ita
2880 1290 2934 1335 et
2968 1280 3054 1334 hic
3083 1280 3281 1350 Opinor
3309 1283 3552 1338 universi

1974 1358 2144 1417 Deum
2174 1379 2237 1419 ac
2282 1363 2500 1422 Patrem
2546 1368 2788 1424 sterilem
2816 1362 2879 1424 et
2914 1369 3315 1425 infructuosam
3362 1371 3555 1440 palmi-

1972 1462 2086 1508 tum
2120 1472 2185 1510 ex
2219 1458 2576 1514 intellectuali
2610 1461 2716 1516 vite
2744 1460 2946 1517 frustra
2987 1462 3307 1532 pendentem
3337 1464 3551 1519 turbam

1972 1544 2269 1602 demetere.
2307 1546 2575 1603 Existimo
2614 1558 2798 1604 autem
2841 1566 2943 1620 ego
2979 1561 3294 1605 nostrarum
3339 1553 3552 1606 anima—

1973 1652 2097 1690 rum
2135 1647 2479 1705 curatorem,
2517 1640 2622 1694 hoc
2654 1648 2739 1696 est
2780 1639 2973 1706 Deum,
3007 1657 3102 1711 per
3135 1642 3234 1697 has
3260 1642 3575 1712 parabolas-

288 1711 457 1797 πέλοι)
490 1730 564 1765 πα
572 1731 746 1786 ρηρτη
755 1716 933 1785 μένον.
970 1696 1135 1790 Οἶμαι
1155 1696 1212 1775 δέ
1246 1696 1378 1792 εγὼ,
1533 1696 1641 1781 τῶν
1662 1696 1869 1802 μετιέ-

1975 1728 2267 1784 ostendere
2309 1730 2452 1785 velle
2484 1732 2703 1801 qualem
2733 1738 2790 1786 et
2821 1743 3078 1800 quantam
3121 1732 3394 1801 jacturam
3430 1748 3554 1801 pas-

291 1819 404 1871 ρων
417 1803 605 1874 ψυχῶν
627 1807 1140 1881 ὲπιμελητὴν,τοῦτ’
1167 1814 1282 1868 ἐστι
1308 1816 1461 1884 Θεὸν,
1492 1820 1751 1887 ἐπιδεῖξαι
1789 1822 1875 1876 θέ-

286 1890 402 1946 λειν
446 1894 534 1948 διὰ
565 1898 667 1968 τῆς
703 1900 761 1952 ἐν
809 1900 1020 1966 τούτοις
1068 1906 1419 1979 παραϐολῆς,
1452 1911 1636 1965 ὁποῖόν
1686 1930 1745 1967 τε
1779 1915 1872 1968 καὶ

285 1984 412 2038 ὅσον
447 1987 709 2058 ὑπομένει
737 1990 796 2044 τὸ
825 1991 1071 2065 βλάϐοςή
1104 1997 1201 2067 τῆς
1225 1999 1360 2068 πρὸς
1398 2002 1561 2057 αὑτὸν
1590 2009 1871 2072 κοινωνίας

288 2075 672 2171 ἀποτμηθεῖσα
725 2082 894 2156 ψυχή.
941 2086 1084 2155 Πρὸς
1124 2090 1186 2143 τὸ
1233 2093 1400 2163 μηδὲν
1442 2096 1550 2169 γὰρ
1593 2100 1870 2171 οίχήσεται

289 2167 383 2264 καὶ
402 2166 691 2264 -άχρηστος
716 2173 869 2229 ἔσται
904 2179 1041 2249 πρὸς
1066 2182 1246 2241 πᾶσαν
1271 2185 1334 2253 ἀγ
1345 2166 1869 2264 αθουργὶανξάναμ-

288 2257 627 2354 ςιὸόλως-γε
679 2266 787 2336 μὴν
822 2268 1040 2323 κολάσει
1073 2257 1531 2347 παραδοθήσεται,
1572 2281 1664 2334 καὶ
1696 2257 1870 2354 πυρὸς

284 2346 883 2445 ἔσταιτοῦαπαμφάγου
922 2362 1117 2433 τροφή.
1151 2364 1261 2417 Καὶ
1304 2346 1434 2435 γοῦν
1474 2368 1562 2423 διὰ
1594 2370 1688 2424 τοῦ
1732 2346 1871 2445 προ-

284 2440 461 2533 φητου
496 2442 659 2533 πάλιν
698 2447 954 2521 Ἰεζεχιὴλ
981 2452 1112 2506 αὐτὸ
1140 2453 1204 2524 δὴ
1250 2456 1430 2521 τοῦτο,
1461 2460 1555 2517 καὶ
1588 2462 1733 2533 μάλα
1766 2440 1867 2521 σα-

283 2531 407 2599 φῶς
462 2530 831 2606 διερμηνεύων
869 2538 1055 2611 ἔλεγεν
1090 2562 1101 2573 ο
1137 2563 1156 2596 ι
1196 2546 1292 2600 Υίὲ
1348 2530 1636 2620 ἀνθρώπου
1660 2595 1674 2620 ,
1704 2556 1758 2608 τί
1802 2556 1868 2611 ἂν

282 2623 505 2691 γένοιτο
551 2627 611 2680 τὸ
642 2628 792 2693 ξύλον
825 2633 925 2704 τῆς
949 2635 1195 2706 ἀμπέλου
1229 2640 1291 2692 ἐκ
1325 2641 1541 2696 πάντων
1569 2644 1676 2697 τῶν
1696 2646 1869 2713 ξύλων

281 2716 399 2808 τῶν
435 2717 603 2774 ὄντων
637 2722 695 2778 ὲν
716 2726 829 2788 τοῖς
869 2724 1044 2791 ξύλοις
1073 2730 1169 2783 τοῦ
1206 2731 1454 2803 δρυμοῦ;
1489 2735 1580 2807 Μὴ
1611 2736 1868 2808 λήψονται

286 2807 344 2874 ἐξ
380 2810 547 2864 αὐτοῦ
574 2811 727 2877 ξύλον
755 2816 849 2873 τοῦ
882 2819 1103 2890 ποιῆσαι
1131 2823 1209 2886 είς
1239 2826 1502 2896 ἐργασίαν
1526 2845 1541 2894 ;
1565 2828 1598 2898 ἢ
1622 2807 1717 2882 τοῦ
1748 2848 1872 2900 κρε-

290 2901 460 2968 μάσαι
494 2904 551 2957 ὲν
585 2905 734 2977 αὑτῷ
770 2908 879 2961 πᾶν
909 2910 1136 2977 σκεῦος;
1172 2914 1282 2986 Τὴν
1310 2916 1431 2971 κατ’
1462 2918 1707 2975 ἐνιαυτὸν
1737 2922 1868 2976 κάθ-

286 3008 446 3099 αρσιν
466 2995 644 3110 Σιὺτῆς
668 2999 948 3110 ῗιαλίσκει
976 3004 1037 3056 τὸ
1064 3003 1194 3076 πῦρ,
1210 3006 1301 3060 καὶ
1321 3007 1561 3066 ἐκλείπει
1589 3013 1668 3075 εἰς
1689 3014 1861 3081 τέλος,
1891 3053 1933 3110 C

290 3082 362 3154 μὴ
393 3086 665 3175 χρήσιμον
690 3089 844 3147 ἔσται
872 3095 953 3158 εὶς
995 3096 1258 3166 ἐργασίαν
1287 3116 1301 3164 ;
1337 3119 1354 3151 ι
1399 3100 1565 3166 Σύνες
1587 3103 1653 3175 δὴ
1690 3100 1782 3159 οῦν
1804 3107 1866 3160 τὸ

287 3174 433 3240 ἅπαξ
481 3179 802 3252 ἀποτμηθὲν
829 3224 845 3249 ,
878 3187 971 3240 καὶ
1026 3186 1340 3261 ὁλοκλήρως
1396 3174 1821 3267 ἀπεσπασμένον
1847 3238 1863 3265 ,

286 3268 576 3359 ἄχρηστον
609 3273 708 3343 μὲν
736 3277 1017 3343 παντελῶς
1062 3281 1156 3334 καὶ
1188 3282 1268 3346 είς
1302 3283 1456 3338 οὐδέν
1482 3287 1600 3340 ἐστι
1629 3288 1738 3344 τῶν
1768 3291 1864 3344 άν-

283 3362 992 3454 αγκαίωνῂπαραληφθῆναι
1047 3372 1364 3443 δυνάμενον,
1420 3377 1566 3447 μόνῳ
1617 3380 1675 3434 δὲ
1725 3383 1868 3454 τάχα

280 3451 622 3523 χρησιμεῦον
651 3456 806 3527 πυρί.
841 3454 968 3531 Ἆρ’
1003 3458 1097 3516 οῦν
1123 3464 1184 3517 οὐ
1238 3465 1505 3537 πρόδηλον
1531 3507 1546 3533 ,
1576 3470 1652 3534 ὡς
1689 3451 1868 3528 εἶκαὶ

282 3542 473 3645 κλημα
504 3547 815 3645 γενοίμεθα,
855 3553 955 3623 τῆς
984 3553 1085 3623 μὲν
1115 3555 1376 3645 πολυθέοξ)
1404 3559 1612 3633 πλάνης
1635 3562 1867 3628 ὲξεσπα-

283 3635 493 3726 σμένοι,
513 3638 948 3712 ὁμολογήσαντες
971 3644 1028 3699 δὲ
1054 3645 1150 3717 τὴν
1172 3635 1365 3705 πίστιν
1384 3651 1481 3723 τὴν
1502 3656 1581 3717 είς
1606 3656 1863 3726 Χριστὸν,

281 3724 482 3799 ἔρημοι
519 3728 575 3783 δὲ
603 3730 690 3784 διὰ
722 3735 821 3804 τῆς
860 3735 969 3791 τῶν
994 3735 1172 3808 ἔργων
1215 3740 1525 3813 κολλήσεως
1549 3724 1862 3818 γενοίμεθα,

281 3820 505 3884 πάντως
532 3821 704 3891 δήπου
742 3823 811 3877 τὰ
841 3825 949 3880 τῶν
988 3830 1209 3885 είκαίων
1233 3832 1528 3904 κλημάτων
1561 3839 1865 3912 ὑποστησό-

282 3912 461 3981 μεθα;
508 3914 621 3968 Καὶ
659 3915 714 3968 τί
743 3917 806 3970 τὸ
850 3918 1077 3987 λοιπόν;
1124 3923 1571 3997 Ἀποτεμνόμεθα
1604 3930 1711 4002 γὰρ
1751 3932 1868 3987 ὁλο-

280 4004 523 4075 κλήρως,
558 4006 898 4079 δοθησόμεθα
945 4012 1053 4084 γὰρ
1090 4015 1184 4067 καὶ
1225 4019 1359 4088 πυρὶ
1407 4020 1503 4073 καὶ
1546 4020 1613 4091 ἢν
1648 4021 1865 4094 εἴχομέν

280 4110 419 4146 ποτε
472 4096 622 4167 παρὰ
667 4098 768 4169 τῆς
816 4102 1065 4172 ἀμπέλου
1116 4105 1385 4170 ζωοποιὸν
1446 4111 1685 4180 ἰκμάδα,
1718 4115 1865 4170 τοῦτ’

282 4183 423 4248 ἔστι,
454 4185 515 4241 τὸ
544 4187 768 4259 Πνεῦμα
802 4194 1326 4263 προσαποδαλόντες.
1367 4199 1431 4251 Ὂ
1453 4199 1563 4270 γάρ
1598 4200 1702 4274 ἔφη
1732 4204 1867 4275 Χρι-

283 4276 433 4342 στὸς,
470 4279 562 4331 ἐπὶ
602 4280 697 4333 τοῦ
741 4279 802 4334 τό
852 4282 1117 4338 τάλαντον
1148 4286 1586 4357 καταχώσαντος,
1612 4290 1771 4347 τοῦτο
1798 4294 1863 4366 δὴ

1974 1833 2104 1873 sura
2135 1819 2207 1873 sit
2236 1820 2418 1874 anima
2453 1822 2524 1876 ab
2552 1820 2672 1891 ejus
2711 1824 2991 1878 consortio
3036 1832 3272 1878 resecta.
3312 1824 3368 1876 In
3409 1824 3554 1878 nihi-

1973 1909 2085 1964 lum
2114 1911 2316 1981 quippe
2345 1913 2576 1979 rccidet,
2618 1921 2670 1968 et
2700 1915 2764 1969 ad
2800 1929 3018 1970 omnem
3050 1915 3320 1970 actionem
3349 1916 3550 1970 bonam

1971 2000 2078 2055 erit
2120 2001 2369 2070 inutilis,
2421 2005 2668 2075 adeoque
2728 2006 2864 2061 citra
2928 2006 3327 2062 dubitationem
3383 2008 3548 2061 ullam

1972 2093 2244 2163 supplicio
2274 2095 2545 2160 tradetur,
2573 2104 2785 2153 aeterno
2813 2099 2939 2169 igne
2968 2098 3367 2155 consumenda.
3396 2097 3551 2153 Unde

1970 2199 2069 2254 per
2094 2183 2429 2241 Ezechielem
2452 2187 2775 2257 prophetam
2807 2187 3046 2258 idipsum
3076 2189 3223 2243 clare
3253 2188 3548 2243 admodum

1970 2274 2252 2344 explicans
2291 2277 2470 2332 aiebat
2500 2296 2513 2332 :
2555 2298 2572 2328 ι
2606 2277 2707 2333 Fili
2734 2277 2994 2342 hominis,
3031 2278 3163 2349 quid
3195 2280 3284 2334 fiet
3309 2278 3378 2333 de
3401 2278 3551 2349 ligno

1969 2364 2100 2421 vitis
2154 2381 2225 2420 ex
2282 2367 2538 2424 omnibus
2581 2368 2749 2438 lignis
2798 2377 3208 2425 sarmentorum
3258 2385 3380 2440 quae
3420 2378 3550 2425 sunt

1968 2455 2112 2510 inter
2149 2456 2292 2526 ligna
2338 2458 2530 2513 silva?
2589 2459 2647 2513 Si
2702 2460 2897 2514 tollent
2948 2460 3017 2516 de
3077 2460 3170 2514 illa
3221 2460 3428 2530 lignum
3479 2460 3549 2514 ad

1969 2546 2282 2602 faciendum
2328 2548 2383 2602 in
2419 2549 2669 2620 opus?si
2722 2550 2915 2627 tollent
2949 2554 3018 2606 de
3071 2565 3133 2605 ea
3183 2551 3442 2621 paxillnm
3478 2550 3548 2604 ad

1969 2638 2420 2709 suspendendum
2456 2656 2623 2711 super
2654 2656 2779 2696 eum
2811 2642 3184 2712 quodcunque
3217 2641 3361 2697 vas?
3406 2640 3549 2696 Ecce

1968 2730 2082 2801 igni
2116 2730 2302 2786 datum
2337 2739 2445 2797 cst,
2479 2748 2721 2788 annuam
2749 2734 3131 2804 purgationem
3163 2749 3229 2789 ex
3251 2748 3315 2788 ea
3348 2749 3550 2789 consu-

1968 2822 2067 2878 mit
2096 2822 2262 2893 ignis,
2292 2831 2346 2878 et
2372 2823 2604 2879 dimittit
2648 2825 2701 2880 in
2736 2827 2895 2881 linem
2927 2843 2942 2880 :
2989 2825 3238 2896 nunquid
3278 2826 3415 2881 utile
3437 2827 3543 2882 erit

1970 2914 2038 2969 ad
2072 2930 2213 2985 opus
2238 2915 2303 2968 εἳ
2342 2933 2360 2968 ι
2388 2913 2777 2977 Animadverte
2801 2916 2969 2987 igitur
2997 2932 3107 2987 quo
3134 2924 3291 2986 pacto
3325 2916 3376 2971 id
3402 2917 3548 2986 quod

1969 3006 2138 3061 semel
2163 3006 2400 3062 recisum
2440 3014 2549 3071 est,
2584 3022 2648 3061 ac
2674 3008 2895 3076 penitus
2940 3008 3212 3072 avulsum,
3252 3007 3444 3062 inutile
3476 3008 3549 3064 sit

1967 3116 2217 3172 prorsus,
2248 3116 2351 3157 nec
2378 3101 2446 3156 ad
2473 3102 2639 3156 ullam
2671 3117 2784 3156 rem
2819 3101 3026 3157 utiliter
3071 3100 3318 3156 adhiberi
3349 3100 3545 3171 possit,

1968 3191 2065 3247 sed
2097 3193 2206 3263 igni
2245 3192 2511 3247 duntaxat
2539 3192 2826 3248 inserviat.
2854 3190 3128 3262 Numquid
3158 3206 3288 3262 ergo
3316 3190 3547 3246 manife-

1968 3292 2114 3341 stum
2149 3292 2254 3351 est,
2285 3285 2506 3340 tametsi
2538 3284 2794 3354 palmites
2842 3284 3017 3359 simus
3049 3298 3080 3336 a
3125 3282 3265 3337 falso
3318 3282 3545 3337 deorum

1967 3379 2120 3434 cultu
2154 3376 2349 3439 avulsi,
2408 3385 2462 3430 et
2492 3375 2651 3430 fidem
2697 3375 2755 3429 in
2801 3374 3088 3429 Christum
3135 3372 3400 3435 confessi,
3437 3373 3545 3427 nisi

1969 3474 2150 3522 tamen
2182 3466 2438 3537 operibus
2461 3465 2511 3520 ei
2546 3465 2831 3535 conjuncti
2863 3463 3155 3529 fuerimus,
3199 3462 3345 3518 idem
3383 3462 3545 3517 nobis

1965 3560 2113 3631 quod
2163 3558 2453 3614 inutilibus
2510 3557 2832 3628 palmitibus
2881 3565 3242 3619 eventurum,
3299 3554 3545 3623 adeoque

1966 3667 2070 3709 nos
2108 3651 2355 3707 excisum
2401 3650 2469 3705 iri
2500 3650 2745 3723 penitus,
2782 3648 2893 3719 igni
2930 3646 3248 3710 tradendos,
3289 3661 3356 3701 eo
3383 3660 3544 3715 quem

1967 3743 2098 3798 olim
2125 3758 2155 3797 a
2195 3742 2307 3797 vite
2333 3741 2676 3796 habebamus
2705 3738 2925 3794 vivifico
2950 3737 3204 3803 humore,
3237 3734 3291 3789 id
3319 3743 3403 3790 est
3425 3734 3550 3804 Spi-

1964 3835 2100 3899 ritu,
2134 3834 2361 3903 insuper
2397 3830 2647 3887 amisso?
2681 3828 2838 3896 Quod
2874 3828 3023 3885 enim
3073 3826 3332 3882 Christus
3365 3825 3434 3879 de
3481 3838 3543 3878 eo

1966 3926 2104 3981 dixit
2136 3926 2229 3995 qui
2253 3925 2515 3979 talentum
2549 3920 2824 3976 infoderat
2841 3919 2884 3984 ⁸,
2912 3922 3017 3974 hoc
3048 3917 3241 3987 utique
3261 3913 3542 3984 impletum

1965 4017 2140 4073 videri
2171 4024 2354 4087 potest
2376 4016 2443 4071 de
2473 4014 2543 4070 iis
2570 4014 2666 4082 qui
2696 4011 2920 4083 penitus
2940 4010 3139 4066 resecti
3170 4015 3319 4064 sunt.
3351 4006 3526 4073 Quem

1966 4107 2257 4163 admodum
2287 4106 2435 4162 enim
2470 4104 2539 4159 ab
2572 4103 2666 4159 illo
2702 4103 2971 4158 talentum
3005 4100 3277 4164 aufertur,
3308 4098 3543 4169 sic,opi-

1966 4215 2088 4265 nor,
2114 4206 2169 4253 et
2202 4213 2269 4253 ex
2305 4196 2553 4267 palmite,
2596 4195 2846 4250 humoris
2872 4205 2966 4248 aut
3001 4193 3287 4264 qualitatis
3344 4193 3541 4254 instar,

1968 4292 2231 4363 Spiritus.
2274 4288 2387 4344 (Zur
2413 4286 2663 4342 aufertur
2695 4287 2873 4342 vero?
2903 4285 2981 4342 Ne
3037 4298 3146 4340 una
3184 4299 3307 4340 eum
3353 4283 3419 4338 iis
3450 4282 3541 4352 qui

284 4368 558 4440 θεωρήσαι
589 4388 674 4435 τις
692 4372 759 4426 ἃν
791 4373 1165 4445 πληρούμενον
1191 4377 1287 4431 καὶ
1311 4379 1403 4432 ἐπὶ
1425 4384 1537 4444 τοίς
1556 4382 1863 4455 ὁλοκλήρως

1968 4385 2023 4440 in
2082 4384 2265 4454 ignem
2315 4378 2642 4437 detrudendi
2693 4386 2824 4435 sunt
2871 4392 2901 4431 a
2947 4377 3139 4447 judice
3187 4374 3540 4430 condemnari

282 4461 615 4531 ὑπομείνασι
659 4463 758 4533 τὴν
803 4466 1105 4537 ἀποτομήν.
1154 4468 1493 4541 Ἀφαιρεϊται
1522 4474 1632 4545 γὰρ
1674 4474 1863 4548 ὥσπερ

281 4552 496 4606 ἐκείνου
522 4553 584 4608 τὸ
630 4555 893 4611 τάλαντον
939 4559 1056 4630 ἅμα
1076 4599 1091 4623 ,
1122 4559 1315 4626 οὕτως,
1359 4560 1533 4633 οἶμαι,
1565 4567 1659 4621 καὶ
1681 4568 1746 4621 ὲκ
1768 4568 1862 4622 τοῦ

280 4645 584 4716 κλήματος,
608 4647 683 4710 ὡς
714 4650 773 4702 ἐν
810 4650 1034 4719 ἰκμάδος
1063 4652 1230 4717 τινος,
1250 4654 1369 4725 ἦτοι
1387 4657 1670 4730 ποιότητος
1697 4660 1862 4733 λόγῳ,

281 4739 531 4809 Πνεῦμα.
579 4742 920 4813 Ἀφαιρεῖται
956 4742 1012 4797 δὲ
1057 4744 1147 4798 διὰ
1184 4746 1345 4800 ποίαν
1388 4749 1605 4816 αίτίαν;
1638 4751 1757 4806 Ἵνα
1788 4752 1863 4823 μὴ

275 4833 398 4895 τοῖς
424 4834 505 4895 είς
518 4832 581 4886 τδ
602 4833 714 4905 πῦρ
731 4835 1151 4906 κατοιχήσεσθαι
1182 4838 1433 4906 μέλλουσι
1455 4842 1607 4913 παρὰ
1623 4844 1716 4896 τοῦ
1740 4862 1865 4915 κρι⁶

274 4923 378 4977 τοῦ
426 4926 997 4993 συγκαταδικάζεσθαι
1025 4929 1084 4981 τὸ
1116 4929 1341 5002 Πνεῦμα
1370 4933 1498 5005 δοκῇ
1526 4936 1588 4989 τὸ
1616 4936 1866 4991 δεσποτι-

277 5013 400 5067 κόν.
434 5014 497 5067 El
528 5013 638 5085 γὰρ
663 5017 711 5069 οἱ
739 5015 847 5068 τῶν
873 5016 1127 5085 ἐπιγείων
1167 5018 1495 5089 κρατοῦντες
1524 5023 1865 5092 πραγμάτων

271 5103 393 5157 τῶν
423 5105 571 5172 ἅπαξ
607 5107 989 5178 τετιμημένων
1028 5108 1124 5161 καὶ
1157 5108 1455 5176 βασιλικοῖς
1476 5110 1863 5183 δεδοξασμένον

273 5193 419 5264 Ῐγςρ.
460 5193 901 5265 δεδοξασμένων]
949 5198 1211 5269 νεύμασιν
1240 5238 1255 5261 ,
1290 5197 1352 5251 οὐ
1411 5199 1762 5270 καθορίζουσί
1806 5220 1860 5255 τι

274 5280 624 5353 προχείρως,
655 5283 789 5338 ἀλλὰ
818 5285 913 5338 καὶ
950 5285 1004 5337 εί
1043 5301 1129 5348 τις
1156 5284 1311 5355 άλοίη
1352 5287 1532 5357 τυχὸν,
1573 5289 1658 5357 ἐφ’
1687 5283 1768 5353 οἷς
1794 5290 1861 5344 ἂν

276 5372 523 5441 εὐλόγως
566 5374 878 5430 άποτιννύοι
934 5376 1089 5440 δίκας
1114 5418 1128 5441 ,
1157 5376 1257 5430 οὐκ
1286 5376 1352 5430 ἂν
1378 5377 1535 5432 τοῦτο
1569 5380 1729 5434 πάθοι
1755 5382 1862 5452 πρὸ

277 5466 381 5536 τῆς
409 5464 518 5520 τῶν
549 5465 877 5537 ἀξιωμάτων
913 5467 1185 5538 ἀποϐολῆς
1206 5483 1217 5496 '
1258 5467 1374 5531 πῶς
1402 5469 1499 5522 ούκ
1542 5472 1857 5540 ἀναγκαῖον,

1960 4473 2214 4530 videatur
2246 4471 2571 4527 Dominicus
2607 4468 2874 4539 Spiritus.
2907 4466 3078 4538 868
3106 4464 3240 4519 Nam
3273 4464 3320 4519 si
3358 4478 3540 4518 rerum

1962 4573 2309 4621 terrenarum
2343 4560 2557 4617 domini
2596 4558 2708 4615 non
2752 4566 2957 4614 temere
2994 4556 3294 4627 quidquam
3340 4554 3397 4608 in
3447 4568 3541 4610 eos

1960 4662 2211 4711 statuunt
2242 4669 2386 4725 quos
2414 4653 2482 4707 ad
2512 4651 2754 4707 honores
2785 4651 2955 4706 semel
2984 4650 3269 4705 evexerint
3294 4664 3359 4703 ac
3389 4649 3540 4716 regio

1961 4755 2097 4803 nutu
2129 4746 2401 4808 ornarint,
2435 4744 2531 4799 sed
2564 4742 2610 4798 si
2638 4741 2768 4813 quis
2800 4755 2992 4796 eorum
3025 4740 3215 4814 forsan
3250 4745 3539 4810 perpetra-

1961 4838 2041 4893 rit
2068 4837 2221 4892 unde
2277 4837 2404 4906 jure
2432 4848 2626 4904 pmnas
2678 4832 2816 4896 luat,
2853 4848 2964 4887 non
3033 4840 3159 4884 ante
3193 4829 3242 4884 ei
3286 4830 3535 4899 irrogan-

1963 4936 2055 4981 tur
2087 4940 2253 4996 quam
2276 4922 2585 4980 honoribus
2616 4929 2672 4977 et
2702 4921 3076 4993 dignitatibus
3106 4920 3329 4976 amissis
3355 4938 3369 4973 :
3401 4934 3532 4987 quo-

1962 5019 2129 5074 modo
2162 5032 2393 5073 necesse
2427 5030 2539 5070 non
2578 5020 2663 5069 est
2701 5021 2762 5068 ut
2798 5013 2983 5068 anima
3016 5027 3144 5082 quae
3184 5008 3412 5080 superni
3443 5007 3532 5061 Ju-

1960 5109 2101 5164 dieis
2148 5107 2421 5163 sententia
2479 5103 2549 5159 ad
2609 5104 2942 5175 supplicium
2996 5100 3363 5157 condemnata
3411 5105 3535 5162 est,

1961 5208 2258 5270 antequam
2292 5212 2511 5266 poenam
2530 5195 2723 5252 subeat
2746 5192 2989 5265 Spiritus
3013 5192 3246 5263 gratiam
3271 5189 3529 5261 quodam-

1960 5290 2126 5346 modo
2158 5297 2326 5345 exuat
2379 5298 2546 5360 atque
2573 5288 2819 5359 deponat
2845 5288 2869 5341 ?
2893 5285 3050 5341 Talia
3080 5300 3213 5356 ergo
3242 5299 3534 5355 passurum

1958 5382 2035 5436 ait
2081 5379 2815 5451 infructuosum-palmitem
2843 5415 2859 5440 ,
2895 5382 3047 5431 recte
3091 5374 3386 5431 admodum
3436 5393 3532 5430 no-

1959 5483 2106 5529 stras
2134 5482 2343 5528 mentes
2361 5471 2720 5536 confirmans,
2754 5475 2814 5524 ut
2846 5467 2901 5522 in
2925 5467 3219 5526 dilectione
3247 5468 3373 5541 ejus
3406 5483 3531 5537 pcr-

352 5642 370 5674 ¹
402 5642 519 5699 Jac.
558 5652 627 5707 ll,
667 5644 757 5701 20.
837 5649 854 5679 ³
894 5647 1023 5705 Luc.
1060 5667 1189 5716 xm,
1228 5653 1274 5706 7.
1392 5654 1409 5684 ⁸
1444 5653 1635 5708 Ελυιτὶι.
1678 5668 1768 5717 xv,
1798 5630 1915 5705 2-4,
1970 5653 2011 5685 κδ
2054 5653 2250 5710 Matth.
2290 5670 2428 5719 xxv,
2468 5649 2552 5704 l8.
