4042 6204
496 220 592 278 ὃῢι

1516 227 1573 286 S.
1597 229 1874 286 CYRlLLl
1901 233 2379 296 ALEXANDRINI
2409 242 2726 299 ARCHIEP.

3644 249 3755 304 552

406 355 417 368 -
494 345 725 398 stemus,
777 335 996 392 actione
1032 335 1275 403 virtutis,
1337 345 1392 393 et
1454 338 1790 398 inconcussa
1848 343 1904 397 in
1941 359 2064 399 eum

2180 349 2267 420 τὴν
2305 349 2398 402 ἐπὶ
2441 349 2518 421 τῷ
2543 353 2740 423 χρῆναι
2771 351 3096 418 κολάζεσθαι
3132 353 3620 411 καταδικασθεῖσαν
3647 359 3749 430 ψυ-

497 427 621 481 ﬁde.
650 425 1023 482 Fructiferum
1083 444 1215 484 vero
1244 429 1524 499 palmitem
1557 448 1667 487 non
1697 434 1886 504 utique
1923 437 2065 491 vini-

497 519 637 574 toris
667 534 801 574 cura
833 530 1108 590 expertem
1149 519 1268 578 fore
1299 522 1396 584 ait,
1431 524 1524 578 sed
1558 534 1848 596 purgatum
1885 527 1974 591 iri,
2005 537 2065 582 ut

497 611 788 665 uberiores
845 610 1060 666 fructus
1114 613 1420 681 producere
1467 625 1668 685 queat:
1731 627 2066 688 cooperatur

495 700 638 756 enim
671 700 814 756 Deus
845 702 913 756 iis
944 702 1036 772 qui
1083 712 1234 758 recte
1265 703 1446 758 vivere
1480 719 1544 760 ac
1582 706 1719 761 bene
1775 723 1936 778 agere
1969 725 2066 765 co-

496 804 720 861 nantur,
752 800 806 849 et
845 810 942 864 per
973 811 1134 850 omne
1168 797 1387 864 pietatis
1421 813 1596 868 genus
1635 815 1758 854 eum
1791 803 1898 856 sibi
1941 818 2069 873 pro-

497 885 694 940 mereri
749 886 996 949 student,
1051 886 1229 941 instar
1287 887 1444 944 falcis
1501 890 1787 959 cujusdam
1825 891 2068 963 Spiritus

497 975 875 1031 ellicacitatem
907 978 1196 1042 adhibens,
1229 986 1284 1034 ct
1335 980 1497 1035 modo
1541 983 1858 1052 voluptates
1892 985 1945 1037 in
1999 985 2069 1040 iis

497 1067 901 1124 circumcidens
929 1085 1051 1139 qua:
1077 1070 1143 1124 ad
1171 1069 1358 1125 carnis
1385 1085 1625 1126 amorem
1647 1071 1851 1143 jugiter
1883 1071 2072 1143 impel-

497 1165 638 1228 lunt,
667 1163 832 1218 modo
859 1179 1200 1234 quaecunque
1251 1165 1401 1218 novit
1445 1165 1731 1219 hominum
1783 1167 2072 1224 animabus

497 1256 840 1326 contingere,
877 1255 1027 1309 varia
1075 1257 1342 1308 malorum
1379 1257 1566 1324 specie
1616 1265 1850 1312 mentem
1886 1259 2071 1329 inqui-

500 1355 718 1401 natura.
754 1345 904 1400 Hanc
925 1346 1127 1417 quippe
1149 1347 1387 1400 dicimus
1415 1363 1536 1402 esse
1563 1363 1672 1402 non
1700 1349 2071 1404 manufactam

498 1448 552 1494 et
579 1440 883 1509 spiritalem
917 1439 1064 1492 illam
1089 1437 1599 1500 circumcisionem,
1639 1443 1705 1496 de
1737 1457 1844 1510 qua
1869 1441 2072 1498 Paulus

498 1531 662 1584 modo
693 1529 916 1600 quidem
950 1530 1064 1583 ait:
1105 1547 1124 1580 ι
1163 1527 1283 1583 Non
1326 1531 1471 1584 enim
1504 1533 1598 1601 qui
1651 1531 1708 1585 in
1757 1534 2070 1601 manifesto,

497 1622 722 1680 Judaeus
749 1631 871 1688 est,
904 1635 1081 1694 neque
1115 1638 1236 1691 quae
1272 1623 1327 1676 in
1354 1623 1674 1688 manifesto,
1711 1624 1766 1678 in
1797 1640 1966 1680 carne
1989 1634 2072 1681 est

499 1713 890 1768 circumcisio:
926 1713 1020 1768 sed
1058 1714 1150 1782 qui
1183 1713 1236 1766 in
1265 1714 1484 1768 occulto
1510 1712 1733 1770 Judzeus
1764 1724 1817 1771 et
1838 1716 2074 1771 circum-
2104 1703 2148 1762 Β

500 1807 641 1862 cisio
667 1805 854 1861 cordis
883 1806 938 1860 in
979 1805 1209 1875 Spiritu,
1244 1821 1353 1859 non
1389 1805 1572 1860 littera
1597 1823 1610 1860 :
1636 1807 1796 1877 cujus
1817 1809 1937 1864 laus
1964 1824 2073 1864 non

499 1917 565 1955 ex
608 1899 944 1964 hominibus,
977 1899 1069 1953 sed
1103 1913 1167 1952 ex
1195 1898 1304 1952 Deo
1329 1909 1411 1952 est
1432 1898 1484 1963 ⁶;
1517 1917 1534 1948 ι
1574 1898 1734 1953 modo
1768 1915 1935 1955 vero:
1967 1919 1985 1951 ι
2017 1902 2074 1956 In

501 2007 610 2060 quo
662 1999 716 2044 et
755 1990 1041 2045 credentes
1096 1990 1414 2043 circumcisi
1464 1989 1597 2044 estis
1645 1991 2075 2049 circumcisione

503 2099 613 2138 non
649 2083 1031 2138 manufacta'.
1098 2103 1116 2134 ι
1171 2082 1252 2136 Ad
1288 2098 1409 2151 quae
1457 2086 1501 2137 si
1553 2083 1803 2138 nonnulli
1849 2100 2077 2155 respon-

503 2176 667 2231 deant
691 2175 856 2246 quod,
891 2175 935 2229 si
974 2183 1280 2244 purgentur
1317 2175 1592 2244 spiritalis
1623 2177 1751 2231 vitis
1800 2177 2074 2248 palmites,

505 2267 557 2322 id
589 2281 696 2321 non
729 2267 848 2321 sine
877 2266 1062 2320 labore
1092 2265 1338 2319 futurum
1375 2267 1488 2333 sit;
1521 2283 1676 2338 teque
1708 2269 1855 2323 enim
1898 2285 1962 2325 ac
2007 2269 2076 2323 li-

503 2373 668 2428 gnum
697 2357 1022 2427 patiuntur:
1059 2355 1109 2409 id
1143 2371 1242 2410 nos
1281 2355 1349 2410 de
1381 2357 1585 2412 sanctis
1631 2357 1887 2412 similiter
1922 2359 2078 2412 intel-

505 2449 788 2520 Iigendum‘
813 2447 1127 2502 fatebimur.
1171 2443 1370 2502 Erudit
1414 2449 1617 2519 quippe
1667 2465 1768 2503 nos
1802 2465 1900 2519 per
1930 2451 2079 2505 labo-

503 2555 617 2595 rem
649 2547 704 2594 et
724 2538 1135 2593 tribulationem
1166 2538 1432 2592 virtutum
1469 2556 1662 2596 amans
1687 2540 1831 2596 Deus
1865 2551 2072 2596 noster.

505 2630 662 2687 Unde
699 2631 964 2701 propheta
1015 2630 1176 2687 nobis
1211 2632 1382 2687 Isaias
1413 2631 1564 2708 iniit;
1607 2650 1625 2682 ι
1682 2633 1878 2687 Abluct
1933 2634 2076 2688 enim

504 2724 770 2779 Dominus
801 2723 991 2779 sordes
1033 2724 1267 2799 ﬁliorum
1295 2730 1349 2778 et
1393 2724 1626 2776 ﬁliarum
1663 2724 1815 2785 Sion,
1860 2732 1914 2779 et
1951 2741 2080 2780 san-

503 2817 724 2887 guinem
767 2815 1088 2870 emundabit
1130 2816 1197 2870 de
1245 2815 1426 2869 medio
1464 2831 1654 2870 eorum
1683 2857 1697 2882 ,
1765 2817 1819 2870 in
1880 2818 2078 2886 spiritu

501 2906 716 2976 judicii,
745 2914 801 2960 et
834 2906 1032 2974 spiritu
1069 2905 1471 2958 combustionis
1495 2907 1536 2958 ⁸.
1579 2925 1596 2956 ›
1632 2905 1901 2961 Praeterea
1931 2907 2077 2961 divi-

505 3013 608 3052 nus
639 2997 730 3052 ille
777 2995 1023 3052 Paulus:
1063 3016 1081 3047 ι
1127 2995 1184 3049 Si
1225 2996 1280 3049 in
1339 2995 1635 3065 disciplina
1684 2999 2074 3066 perseveratis,

2173 443 2294 511 χὴν,
2329 441 2418 495 διά
2459 443 2644 514 ψήφου
2695 444 2792 514 τῆς
2847 445 3500 516 ἄνωθεν,προαποθέσθαι
3551 450 3750 520 τρόπον

2173 533 2313 598 τινὰ,
2338 535 2432 586 καὶ
2463 535 2937 604 προαποδύσασθαι
2965 539 3062 608 τῆς
3086 538 3193 590 τῶν
3219 538 3406 592 κακῶν
3437 541 3632 612 πείρας
3653 541 3753 613 τὴν

2172 624 2268 677 τοῦ
2308 625 2623 695 Πνεύματος
2677 627 2877 696 χάριν;
2918 629 3207 682 Πείσεσθαι
3242 631 3341 700 μὲν
3373 625 3465 685 οὖν
3517 650 3648 701 φησι
3683 634 3753 688 τὰ

2174 714 2396 768 τοιαῦτα
2419 717 2480 769 τὸ
2512 716 2756 788 ἄκαρπον
2791 718 2994 789 κλῆμα,
3022 719 3203 783 καλῶς
3234 737 3298 789 γε
3325 720 3389 792 δὴ
3422 722 3624 794 σφόδρα
3654 723 3752 788 τάς

2173 806 2446 877 ἡμετέρας
2481 807 2716 872 διανοίας
2761 810 3225 881 ἀσφαλιζόμενος,
3285 814 3362 877 είς
3414 813 3474 866 τὸ
3527 814 3752 884 ἔχεσθαι

2176 900 2348 968 φιλεῖν
2367 901 2465 971 τῆς
2486 903 2564 964 είς
2583 902 2742 955 αὐτὸν
2759 904 2998 974 ἀγάπης,
3029 903 3118 956 διά
3138 921 3197 956 τε
3217 904 3314 975 τῆς
3339 906 3754 977 κατ’ὲνέργειαν

2177 992 2406 1062 ἀρετῆς,
2438 993 2532 1046 καὶ
2578 995 2679 1064 τῆς
2727 995 2944 1057 ἀσινοῦς
2979 994 3220 1065 δηλονότι
3270 995 3523 1059 πίστεως.
3556 997 3668 1066 Τῆς
3696 999 3756 1050 δὲ

2175 1085 2271 1139 τοῦ
2314 1086 2677 1155 γηπονοῦντος
2722 1087 2998 1159 φροντίδος
3041 1088 3143 1140 οὐκ
3195 1087 3485 1159 ἀπείρατον
3537 1088 3756 1141 ἔσεσθαι

2180 1177 2457 1241 παντελῶς
2487 1177 2548 1230 τὸ
2590 1178 2934 1250 καρποφόρον
2982 1177 3171 1248 κλῆμά
3199 1194 3351 1248 φησι⁶
3392 1178 3757 1249 διακαθαρθή-

2181 1267 2367 1321 σεσθαι
2391 1267 2500 1339 γὰρ
2537 1268 2674 1338 πρὸς
2700 1268 2758 1321 τὸ
2792 1269 2883 1321 καὶ
2915 1267 3174 1339 μειζόνως
3195 1268 3448 1321 δύνασθαι
3477 1286 3756 1339 καρποφο-

2183 1361 2295 1429 ρεῖν
2331 1361 2486 1428 ο-τοῖς
2522 1359 2630 1430 γάρ
2675 1359 2810 1423 ὅλως
2850 1360 3048 1432 ἄριστα
3102 1360 3230 1430 μὲν,
3259 1359 3389 1419 καὶ,
3422 1360 3496 1424 ὡς
3533 1361 3597 1414 ἂν
3641 1361 3756 1430 ἔχοι

2180 1452 2361 1514 καλῶς
2383 1449 2573 1522 διαζῇν
2600 1452 2895 1522 ἑλομένοις,
2918 1451 3278 1522 ἀγαθουργείν
3309 1451 3364 1504 δὲ
3394 1451 3476 1504 ὅτι
3522 1453 3756 1522 μάλιστα

2180 1539 2274 1592 καὶ
2305 1539 2392 1592 διὰ
2433 1539 2614 1610 πάσης
2657 1541 2792 1593 ἱέναι
2838 1540 3112 1604 πολιτείας
3153 1539 3430 1609 θεοφιλοῦς
3462 1541 3758 1612 ᾑρημένοις

2183 1631 2572 1702 συνεργάζεται
2623 1633 2775 1698 Θεὸς,
2815 1633 3064 1704 καθάπερ
3115 1633 3222 1686 τινὶ
3267 1633 3505 1705 δρεπάνῃ
3556 1637 3620 1705 τῇ
3661 1635 3756 1687 τοῦ

2177 1724 2494 1793 Πνεύματος
2546 1725 2797 1796 ἐνεργείᾳ
2853 1724 3135 1796 χρώμενος
3159 1763 3172 1787 ,
3204 1725 3297 1779 καὶ
3327 1727 3668 1796 περιτέμνων
3699 1727 3757 1778 ἐν

2178 1819 2381 1881 αὐτοῖς,
2426 1818 2556 1870 ποτὲ
2613 1818 2712 1888 μὲν
2774 1817 2873 1882 τάς
2925 1818 3136 1889 ἡδονὰς,
3167 1817 3225 1870 αἳ
3261 1817 3347 1871 ἀεὶ
3394 1816 3648 1870 καλοῦσιν
3677 1818 3759 1880 εἰς

2178 1909 2554 1979 φιλοσαρκίαν,
2591 1909 2686 1961 καὶ
2729 1908 2876 1978 πάθη
2905 1908 3212 1979 σωματικὰ,
3239 1908 3367 1962 ποτὲ
3402 1908 3457 1961 δὲ
3493 1904 3559 1962 αὖ
3597 1908 3758 1962 πάλιν

2176 1999 2246 2052 τὰ
2277 2001 2485 2068 ὅσαπερ
2513 1996 2621 2054 οἵδε
2667 2003 2786 2064 ταῖς
2814 2000 2923 2053 τῶν
2967 1999 3268 2069 ἀνθρώπων
3302 1999 3617 2070 συμϐαίνειν
3654 2000 3758 2069 ψυο

2178 2095 2320 2163 χαϊς,
2349 2091 2436 2144 διὰ
2487 2092 2737 2164 ποικίλης
2781 2090 2968 2146 κακῶν
3006 2092 3148 2153 ἰδέας
3203 2091 3633 2144 κατασπιλοῦντα
3663 2092 3757 2144 τὸν

2178 2185 2322 2238 νοῦν.
2350 2183 2565 2253 Ταύτην
2595 2183 2702 2255 γάρ
2731 2179 2868 2236 εἷναί
2901 2201 3081 2253 φαμεν
3114 2183 3213 2254 τὴν
3253 2181 3664 2253 ἀχειροποίητον
3693 2199 3754 2234 τε

2180 2277 2273 2330 καὶ
2321 2277 2378 2328 tv
2414 2277 2690 2345 Πνεύματι
2743 2275 3040 2345 νοουμένην
3097 2275 3420 2345 περιτομὴν,
3454 2275 3580 2346 περὶ
3630 2269 3697 2346 ἦς
3726 2276 3758 2327 6

2181 2367 2390 2431 Παῦλός
2447 2383 2579 2438 φησι
2634 2365 2766 2419 ποτὲ
2815 2366 2912 2436 μέν
2939 2382 2951 2396 ’
2983 2385 3000 2417 ‹
3049 2365 3124 2420 Οὐ
3157 2365 3265 2436 γὰρ
3308 2367 3366 2418 tv
3411 2365 3490 2434 τῷ
3539 2365 3763 2437 φανερῷ-

2193 2458 2442 2520 Ίουδαῖός
2473 2459 2640 2520 ἐστιν,
2672 2455 2792 2508 οὐδὲ
2828 2457 2860 2526 ή
2892 2456 2948 2508 tv
2977 2454 3056 2526 τῷ
3091 2453 3309 2524 φανερῷ
3331 2455 3386 2506 tv
3415 2455 3577 2524 σαρκὶ
3606 2471 3760 2522 περι-

2181 2544 2340 2614 τομὴ,
2374 2544 2487 2597 ἀλλ’
2522 2545 2550 2597 6
2601 2544 2658 2595 tv
2689 2543 2766 2612 τῷ
2799 2542 3027 2612 κρυπτῷ
3066 2541 3332 2605 Ἰουδαῖος,
3363 2542 3454 2594 καὶ
3488 2541 3759 2611 περιτομὴ

2182 2635 2410 2706 καρδίας
2468 2637 2524 2687 tv
2573 2632 2851 2704 Πνεύματι
2879 2674 2892 2698 ,
2921 2633 2982 2686 οὐ
3036 2634 3363 2704 γράμματι,
3389 2626 3448 2686 οὗ
3483 2633 3512 2684 6
3540 2632 3762 2695 ἔπαινος

2181 2728 2280 2781 οὐκ
2306 2728 2364 2793 ὲξ
2389 2726 2712 2798 ἀνθρώπων,
2742 2725 2856 2779 ἀλλ’
2891 2726 2956 2780 ὲκ
2984 2726 3076 2780 τοῦ
3101 2725 3234 2780 Θεοῦ
3262 2742 3277 2756 ο
3312 2725 3441 2778 ποτὲ
3465 2724 3521 2778 δὲ
3547 2724 3709 2778 πάλιν
3741 2738 3759 2752 ·

2189 2837 2206 2870 ι
2247 2811 2403 2885 Ἐνῷ
2455 2817 2552 2870 καὶ⁹
2599 2817 2990 2880 πιστεύσαντες
3037 2817 3438 2889 περιετμήθητε
3488 2816 3761 2887 περιτομῇ

2183 2909 2595 2979 ἀχειροποιήτῳ.
2642 2927 2661 2959 ι
2717 2907 2990 2961 Φάσκουσί
3033 2925 3094 2960 τε
3124 2906 3259 2978 πρὸς
3299 2906 3472 2960 ταῦτά
3493 2923 3652 2970 τισιν,
3686 2905 3766 2968 ὡς

2183 3000 2342 3070 εἴπερ
2365 3017 2450 3062 τις
2478 3000 2690 3065 γένοιτο
2713 2997 3071 3068 διακάθαρσις
3100 3001 3212 3061 τοῖς
3234 2998 3332 3066 τῆς
3361 2997 3554 3067 νοητῆς
3579 2997 3764 3066 ἀμπέ-

504 3106 764 3164 tanquam
796 3093 922 3147 tiliis
955 3091 1113 3147 vobis
1147 3107 1206 3146 se
1229 3089 1409 3145 oll‘ert.
1440 3091 1578 3156 Quis
1612 3053 1757 3144 enim
1812 3099 1896 3145 est
1930 3091 2075 3146 {ilius

2185 3093 2277 3144 λου
2302 3053 2594 3162 κλήμασιν,
2613 3091 2712 3144 οὐκ
2743 3091 2829 3156 ἂν,
2863 3053 3370 3161 οἶμαι,.δίχα-πόνου
3402 3053 3760 3158 συμξήσεται·

445 3239 464 3253 ,
503 3202 667 3256 quem
695 3200 803 3241 non
833 3185 1001 3256 869
1034 3182 1300 3253 corripiat
1341 3183 1581 3251 pater”?
1625 3203 1644 3235 ›
1685 3181 1826 3247 Quin
1874 3189 1925 3236 et
1969 3182 2084 3252 ipse

504 3294 724 3335 omnem
756 3279 1180 3334 admirationem
1213 3279 1490 3333 excedens
1518 3285 1835 3332 sanctorum
1881 3279 2083 3332 chorus

504 3369 923 3440 castigationem
973 3369 1131 3424 istam
1184 3384 1294 3422 non
1326 3366 1544 3428 renuit,
1583 3365 1678 3420 sed
1721 3365 2083 3421 libentissime

506 3463 692 3533 potius
717 3477 836 3516 eam
869 3461 1102 3528 suscipit
1128 3458 1350 3515 dicens:
1378 3479 1396 3510 ι
1422 3459 1649 3527 Corripe
1672 3473 1793 3521 nos,
1821 3456 2078 3521 Domine;

506 3561 887 3607 verumtamen
909 3553 963 3604 in
989 3550 1220 3620 judicio,
1245 3559 1298 3604 et
1321 3564 1427 3604 non
1459 3549 1513 3602 in
1549 3549 1754 3613 furore,
1790 3557 1847 3600 ut
1880 3564 2082 3618 paucos

507 3660 621 3699 non
656 3643 831 3698 facias
863 3659 968 3698 nos
995 3643 1057 3698 '°.
1095 3661 1113 3694 ›
1151 3641 1208 3696 lu
1248 3642 1434 3696 furore
1472 3642 1675 3712 quippe
1707 3641 2083 3695 infructuoso-

506 3751 629 3790 rum
669 3735 954 3807 palmitum
993 3733 1052 3787 ﬁt
1080 3733 1436 3804 exstirpatio;
1474 3732 1573 3786 hos
1620 3746 1817 3800 nempe
1852 3731 1907 3784 in
1949 3747 2083 3798 sup-

506 3829 733 3900 plicium
787 3828 993 3882 mittit:
1053 3827 1146 3883 sed
1199 3827 1252 3881 in
1306 3826 1516 3897 judicio
1569 3824 1790 3896 patius,
1844 3823 1949 3878 hoc
1999 3830 2083 3877 est

506 3921 857 3977 considerate
880 3927 935 3976 et
966 3935 1094 3975 cum
1126 3918 1307 3982 modo,
1343 3916 1758 3972 fructiferorum
1795 3914 2080 3984 palmitum

506 4013 758 4084 purgatio
784 4013 864 4075 ﬁt,
905 4013 1104 4084 exiguo
1127 4012 1312 4066 labore
1344 4009 1652 4064 ubertatem
1686 4021 1751 4061 ac
1777 4006 2083 4061 fecundita-

507 4115 616 4162 tem
652 4105 980 4162 concilians.
1028 4103 1184 4170 Quod
1230 4103 1378 4157 nacti
1409 4101 1672 4172 quidam,
1733 4099 2080 4154 exclamant:

511 4220 531 4252 ι
568 4199 816 4262 Domine,
846 4198 902 4252 in
927 4196 1282 4252 tribulatione
1310 4211 1478 4265 parva
1503 4194 1780 4264 correptio
1802 4200 1896 4246 tua
1925 4191 2083 4246 nobis

505 4300 589 4347 est
613 4291 680 4348 “.
725 4310 744 4342 ι
783 4290 992 4360 Exigua
1021 4290 1165 4344 enim
1206 4289 1366 4359 plane
1389 4295 1474 4343 est
1505 4287 1788 4341 tribulatio
1816 4299 1923 4355 qua
1953 4298 2084 4354 pur-

504 4398 721 4454 gamur,
758 4381 853 4437 sed
881 4382 1009 4436 dum
1042 4396 1331 4452 supernam
1367 4381 1513 4434 illam
1541 4380 1889 4450 disciplinam
1921 4378 2082 4432 nobis

505 4475 736 4542 praebet,
772 4473 960 4528 beatos
1006 4488 1107 4526 nos
1143 4473 1328 4526 etlicit.
1373 4471 1545 4540 Cujus
1592 4471 1670 4524 rei
1709 4471 1866 4525 testis
1918 4469 2080 4524 nobis

505 4563 612 4615 erit
669 4563 860 4618 beatus
913 4560 1116 4623 David,
1168 4561 1241 4612 ita
1281 4561 1568 4614 clamans:
1610 4578 1630 4610 ι
1689 4559 1890 4614 Beatus
1922 4559 2082 4613 homo

508 4667 670 4718 quem
706 4661 761 4704 tu
794 4651 1090 4712 erudieris,
1125 4649 1375 4712 Domine,
1415 4659 1468 4704 et
1497 4651 1564 4704 de
1594 4652 1713 4718 lege
1748 4661 1838 4703 tua
1879 4651 2083 4705 docue-

507 4743 586 4796 ris
616 4756 762 4800 eum.
793 4749 853 4794 ut
905 4741 1121 4808 mitiges
1181 4740 1229 4793 ei
1272 4755 1300 4792 a
1355 4740 1550 4796 diebus
1601 4741 1845 4796 malis".
1892 4759 1909 4791 ι
1957 4740 2082 4796 Dies

507 4836 654 4888 enim
684 4833 932 4902 profecto
971 4832 1305 4902 inauspicati
1333 4840 1386 4888 et
1409 4833 1538 4886 mali
1573 4841 1701 4887 sunt
1738 4834 1958 4902 penitus
1988 4848 2077 4888 re-

509 4925 675 4981 Sectis
722 4935 772 4980 et
822 4925 877 4978 in
923 4924 1253 4993 supplicium
1301 4924 1444 4995 ignis
1491 4922 1886 4986 detrudendis,
1938 4922 2076 4989 dies,

509 5013 921 5086 inquam,illius
951 5011 1128 5068 severi
1157 5020 1212 5066 et
1245 5012 1550 5085 incorrupti
1581 5011 1772 5082 judicii
1795 5025 1809 5065 ε
1831 5010 1922 5066 sed
1949 5019 2080 5064 tunc

507 5106 795 5175 castigatis
824 5113 878 5161 et
900 5103 1176 5176 correptis
1201 5105 1386 5159 mitem
1419 5121 1478 5161 se
1504 5104 1712 5175 praebet
1742 5103 1910 5157 Deus.
1942 5099 2077 5155 Nam

506 5197 602 5266 qui
636 5197 764 5252 talis
793 5204 878 5252 est
906 5210 1253 5268 nequaquam
1293 5195 1702 5250 damnationem
1749 5207 2080 5264 pmnamque

2115 4417 2158 4472 D

2185 3183 2340 3250 ἀλγεῖ
2367 3183 2477 3253 γὰρ
2505 3182 2757 3236 τοσοῦτον
2782 3223 2796 3245 ,
2833 3182 2956 3235 ὅσον
3003 3198 3061 3234 τε
3108 3182 3202 3235 καὶ
3229 3182 3376 3242 ὅπως
3408 3173 3546 3232 οἶδεν
3575 3178 3765 3244 ἀλγεῖν

2182 3273 2244 3326 τὸ
2271 3271 2425 3336 ξύλον
2441 3290 2455 3305 ο
2478 3273 2756 3340 ἀναλόγως
2784 3268 2877 3325 οὖν
2901 3271 3031 3341 ἄρα,
3052 3271 3145 3323 καὶ
3174 3270 3266 3322 ἐπὶ
3288 3269 3396 3323 τῶν
3427 3269 3595 3336 ἁγίων
3615 3268 3765 3336 ἡμᾶς

2184 3367 2375 3435 νοῆσαι
2408 3366 2704 3436 προσήκοι,
2731 3362 3112 3433 συναινέσομέν
3137 3379 3197 3414 τε
3221 3361 3313 3415 καὶ
3344 3359 3670 3431 συνεροῦμεν
3701 3353 3762 3410 εὗ

2187 3456 2333 3528 μάλα
2368 3455 2769 3526 διεσκεμμένοι.
2827 3453 3081 3507 Παιδεύει
3131 3453 3240 3525 γὰρ
3287 3454 3431 3524 ἡμᾶς
3463 3451 3551 3506 διὰ
3597 3451 3764 3504 πόνου

2185 3549 2277 3603 καὶ
2325 3548 2556 3618 θλίψεως
2599 3549 2628 3601 6
2675 3547 2962 3618 φιλάρετος
3010 3547 3166 3617 ἡμῶν
3223 3546 3373 3609 Θεός.
3417 3547 3526 3599 Καὶ
3570 3542 3699 3612 γοῦν
3733 3545 3766 3596 ὁ

2183 3641 2468 3710 προφήτης
2523 3640 2653 3710 ἡμῖν
2694 3639 2922 3701 Ἡσαΐας
2945 3637 3133 3707 φησιν,
3164 3638 3245 3690 ὅτι
3278 3655 3296 3688 r
3340 3635 3625 3689 Ἐκπλυνεῖ
3644 3632 3766 3686 Κύ-

2186 3749 2299 3802 ριος
2333 3732 2425 3785 τὸν
2457 3730 2626 3801 ῥύπον
2657 3730 2767 3784 τῶν
2815 3729 2967 3796 υἱῶν,
2998 3729 3093 3781 καί⁹
3120 3727 3228 3781 τῶν
3260 3726 3572 3798 θυγατέρων
3601 3723 3761 3789 Σιὼν,

2183 3823 2278 3876 καὶ
2315 3821 2374 3875 τὸ
2421 3815 2562 3892 αἷμα
2609 3821 2932 3892 ὲκκαθαριεϊ
2967 3823 3031 3874 ὲκ
3061 3819 3228 3890 μέσον
3264 3818 3477 3882 αὐτῶν,
3507 3819 3566 3870 tv
3600 3816 3767 3868 πνεύ-

2187 3933 2334 3986 ματι-
2362 3915 2598 3987 κρίσεως
2622 3956 2636 3980 ,
2667 3915 2762 3968 καὶ
2800 3912 3069 3983 πνεύματι
3111 3911 3375 3975 καύσεως.
3411 3929 3430 3962 ι
3461 3909 3571 3962 Καὶ
3601 3907 3766 3970 αὐτὸς

2182 4009 2239 4063 δὲ
2281 4009 2418 4080 πρὸς
2466 4009 2642 4078 τούτῳ
2676 4010 2704 4061 6
2734 4006 3020 4070 θεσπέσιος
3061 4005 3311 4068 Παῦλος·
3353 4024 3370 4056 ‹
3411 4004 3472 4057 Εἰ
3515 4001 3764 4056 παιδείαν

2185 4102 2482 4172 ὑπομένετε
2507 4141 2521 4165 ,
2545 4099 2620 4163 ὡς
2667 4100 2802 4162 υίοῖς
2845 4099 2973 4168 ὑμῖν
3009 4096 3375 4168 προσφέρεται
3418 4097 3446 4148 6
3483 4093 3634 4155 Θεός.
3664 4090 3764 4155 Τίς

2183 4191 2291 4261 γάρ
2316 4191 2460 4243 ἐστιν
2490 4190 2624 4252 υἱὸς,
2653 4189 2713 4242 ὃν
2742 4189 2800 4241 οὐ
2828 4186 3070 4240 παιδεύει
3093 4187 3274 4256 πατήρ
3298 4202 3313 4250 ;
3338 4203 3356 4234 ι
3388 4185 3498 4237 Καὶ
3531 4183 3638 4253 μὴν
3664 4180 3764 4234 καὶ

2183 4283 2344 4347 αὐτὸς
2369 4284 2397 4336 ὁ
2419 4280 2617 4344 παντὸς
2649 4279 2905 4334 ἐπέκεινα
2936 4277 3210 4348 θαύματος
3241 4277 3348 4330 τῶν
3378 4276 3547 4343 ἁγίων
3578 4273 3763 4345 χορὸς,

2185 4375 2282 4447 τὴν
2332 4375 2418 4429 διὰ
2447 4372 2553 4428 τῶν
2591 4373 2762 4440 ἁγίων
2803 4372 3123 4440 πεφυκότων
3165 4369 3264 4422 οὐκ
3292 4369 3604 4422 ἀποσείεται
3635 4364 3765 4418 παί-

2185 4466 2367 4518 δευσιν
2393 4461 2821 4541 ,ἀσμενέστατα
2866 4460 2921 4513 δὲ
2967 4459 3165 4530 μᾶλλον
3216 4458 3496 4529 προσίεται
3550 4456 3762 4524 λέγων’

2187 4576 2204 4608 ι
2238 4556 2532 4609 Παίδευσον
2556 4555 2724 4624 ἡμᾶς,
2751 4551 2945 4622 Κύριε,
2973 4550 3110 4621 πλὴν
3159 4551 3215 4602 tv
3245 4548 3442 4621 κρίσει,
3474 4549 3568 4602 καὶ
3595 4547 3670 4617 μὴ
3703 4548 3766 4600 ὲν

2180 4647 2378 4716 θυμῷ,
2408 4645 2494 4698 ἵνα
2536 4643 2609 4714 μὴ
2652 4644 2866 4712 ὀλίγους
2911 4644 3059 4711 ἡμᾶς
3109 4642 3357 4710 ποιήσῃς.
3397 4659 3414 4691 ι
3462 4640 3551 4691 Ἐν
3600 4638 3766 4714 θυμῷ

2184 4738 2280 4808 μὲν
2317 4737 2426 4807 γὰρ
2451 4737 2484 4806 ἠ
2514 4734 2802 4804 ὁλόκληρος
2823 4733 2982 4786 ἔσται
3015 4733 3124 4784 τῶν
3160 4732 3423 4800 ἀκάρπων
3461 4730 3760 4800 κλημάτων

2181 4829 2486 4898 ἀπότμησις
2511 4844 2524 4858 ·
2555 4826 2762 4896 πέμπει
2819 4825 2929 4894 γὰρ
2978 4825 3056 4886 είς
3104 4823 3344 4883 κόλασιν,
3385 4825 3444 4875 tv
3491 4822 3672 4892 κρίσει
3702 4822 3792 4900 δὲζ

2179 4919 2400 4992 μᾶλλον,
2431 4917 2576 4972 τοῦτ’
2607 4917 2754 4970 ἐστιν
2773 4957 2788 4982 ,
2819 4917 2876 4969 tv
2918 4914 3202 4983 διασκέψει
3243 4912 3337 4967 καὶ
3389 4912 3574 4982 μέτρῳ
3594 4953 3607 4971 ,
3651 4911 3764 4964 τῶν

2177 5010 2541 5082 καρποφόρων
2582 5009 2615 5080 ἡ
2658 5006 3015 5076 διακάθαρσις
3041 5045 3056 5070 ,
3107 5005 3285 5072 ὀλίγον
3323 5002 3523 5074 ἔχουσα
3561 5002 3760 5072 κομιδῇ

2175 5105 2265 5158 τὸν
2307 5103 2467 5156 πόνον
2510 5103 2588 5165 εἰς
2634 5099 3012 5170 καρποφορίας
3050 5095 3432 5168 παροξυσμὸν,
3466 5095 3561 5149 καὶ
3599 5095 3764 5148 εὐαν-

2178 5193 2439 5265 θεστέρας
2485 5191 2824 5262 ἀναδρομῆς·
2853 5189 2950 5260 τὴν
2996 5187 3247 5242 ἐντεῦθεν
3297 5188 3589 5258 πρόφασιν.
3650 5185 3762 5238 Καὶ

507 5287 749 5350 subibit,
791 5288 1238 5359 quandoquidem
1283 5301 1391 5342 non
1433 5284 1816 5342 infructuosus
1868 5284 2077 5355 palmes

2183 5283 2314 5353 γοῦν
2361 5280 2749 5353 ἀποδεχόμενοι
2794 5278 2950 5333 τοῦτο
2999 5277 3162 5348 βοῶσι
3213 5293 3394 5340 τινεςο
3425 5295 3443 5328 ι
3475 5276 3672 5348 Κύριε,
3704 5276 3761 5328 tv

506 5378 739 5433 exstitit.
759 5379 1140 5452 Conjungatur
1169 5379 1351 5449 itaque
1374 5375 1498 5432 ﬁdei
1523 5375 1859 5434 confessioni
1895 5375 2080 5444 splen-

2185 5374 2360 5445 θλίψει
2389 5375 2622 5445 μικρᾷ-ὴ
2656 5371 2874 5426 παιδεία
2916 5387 3008 5424 σου
3043 5371 3194 5440 ἡμῖν.
3230 5388 3249 5421 ι
3280 5368 3626 5441 Σμικροτάτη
3663 5365 3760 5437 μὲν

506 5468 610 5525 dor
659 5470 825 5526 etiam
887 5487 1153 5542 operum,
1212 5480 1269 5527 et
1319 5468 1670 5526 sermonibus
1715 5468 1783 5523 de
1831 5466 1943 5521 Deo
1987 5481 2075 5521 res

2183 5469 2292 5540 γὰρ
2314 5469 2347 5537 ἡ
2366 5465 2461 5520 τοῦ
2491 5463 2940 5536 διακαθαίρεσθαι
2962 5462 3159 5532 θλίψις,
3185 5461 3324 5516 ἀλλά
3352 5457 3600 5516 παιδείαν
3628 5459 3761 5528 ἡμῖν

583 5579 603 5608 ⁸
636 5577 795 5633 Rom.
831 5595 901 5638 ιι,
943 5580 1032 5644 28,
1075 5580 1164 5634 29.
1207 5581 1226 5612 ⁷
1260 5581 1477 5633 Coloss.
1518 5594 1589 5638 Il,
1625 5580 1707 5634 ll.
1785 5578 1806 5610 ⁸
1844 5578 1951 5633 lsa.
1991 5593 2064 5630 Iv.

2224 5580 2243 5612 '
2283 5574 2448 5631 Hebr.
2515 5592 2614 5640 xu,
2651 5575 2702 5629 7.
2783 5574 2824 5605 ¹⁰
2857 5570 3057 5628 Jerem.
3091 5588 3146 5636 ι,
3187 5571 3280 5628 25.
3361 5573 3402 5605 ³³
3446 5569 3550 5628 lsa.
3588 5586 3761 5635 xxvr,

513 5647 600 5714 16,
638 5665 750 5708 sec.
781 5648 944 5706 LXX.
1027 5652 1068 5681 "
1108 5649 1254 5706 Psal.
1293 5664 1444 5715 xcm,
1485 5648 1566 5703 l2.
