4042 6204
281 340 397 394 553
1355 309 1421 365 1N
1454 303 1741 363 JOANNIS
1769 300 2222 359 EVANGELIUM
2260 300 2390 356 LIB.
2427 300 2494 355 X.
3447 299 3554 355 35‘

282 445 612 516 παρέχουσα
642 436 740 507 τὴν
791 433 998 488 ἀνωθεν
1019 468 1034 490 ,
1073 420 1378 495 μακαρίους
1411 415 1718 516 ἀποφαίνει.
1766 412 1878 516 [ίαὶ

1987 409 2350 465 consentiant.
2399 409 2555 463 Tunc
2609 407 2778 473 enim,
2825 415 2958 462 tunc
3013 422 3122 462 una
3169 423 3294 464 cum
3341 409 3564 465 Christo

283 500 790 609 παραληφθήσεται
843 524 1054 596 μάρτυς
1105 521 1132 572 ό
1191 515 1460 588 μακάριος
1511 505 1881 609 summost?)

1991 501 2230 565 erimus,
2263 508 2547 570 tutamque
2592 515 2656 554 ac
2701 514 2950 553 securam
2989 500 3397 555 communionis
3441 515 3566 553 cum

284 590 428 701 βόων
451 645 463 656 ·
502 590 855 690 ϊΜακάριοςγ
877 590 1190 684 ἄνθρωπος,
1228 607 1287 660 δν
1317 606 1382 659 ἂν
1419 600 1734 701 παιδεύσης,
1771 594 1884 649 Κύ-

1989 607 2056 648 eo
2084 592 2194 646 vim
2245 591 2653 657 nanciscemur,
2692 592 2866 644 vitato
2914 590 3247 646 resectionis
3300 590 3565 660 periculo.

285 684 396 797 ριε,
435 721 528 775 καὶ
559 722 622 773 ἐκ
652 684 744 770 τοῦ
787 713 955 783 νόμου
983 725 1076 762 σου
1107 704 1328 773 διδάξῃς
1359 698 1544 760 αὑτὸν,
1601 692 1710 797 τοῦΑ
1747 688 2007 797 ..πραῦναι
2044 686 2214 797 αὐτῷ
2240 727 2254 750 ,
2312 686 2414 797 ριφῖ
2495 685 2718 797 ἡμερῶν
2772 686 3044 797 πονηβρξῖιν.
3089 704 3108 737 ι
3135 684 3408 797 ὶἩμέραι
3444 684 3571 797 Ᾰγάρ

283 776 458 877 ἐντίθς
508 806 824 879 ἀποφράδες
855 776 976 856 ’καὶ
1024 796 1263 868 πονηραὶ
1298 793 1412 853 τοῖς
1460 782 1854 879 ἀποτμηθεῖσιν
1891 777 2184 879 ὁλοτελῶς,
2241 778 2336 879 καὶ
2366 779 2448 879 είς
2479 777 2699 830 κόλασιν
2758 779 2856 849 τὴν
2891 777 2979 831 διὰ
3019 776 3192 879 πυρὸς
3249 779 3571 848 κατοικήσει-

285 906 414 958 σθαι
439 869 759 974 ’μέλλοῦάιη
800 896 856 949 αἳ
881 895 978 965 τῆς
1001 890 1304 944 ἀδεκάστου
1333 885 1595 956 κρίσεως,
1630 876 1768 930 ἀλλὰ
1795 873 1918 926 τότε
1989 873 2102 974 τοίς
2156 870 2565 974 παιδευομένοις
2621 871 2997 964 καταπραύνει
3024 869 3174 932 Θεός.
3224 869 3413 940 Τελοίη
3460 871 3570 941 γὰρ

284 998 352 1051 ἀν
376 999 404 1050 6
424 961 666 1058 sumito;
701 961 956 1060 οὐδαμῶς
982 990 1039 1040 ὲν
1070 988 1179 1048 τοῖς
1211 981 1316 1037 ὑπὸ
1345 979 1524 1051 κρίσιν
1545 975 1640 1030 καὶ
1659 973 1904 1034 κόλασιν,
1945 966 2175 1036 ἐπείπερ
2201 966 2299 1017 οὐκ
2321 964 2567 1036 ἄκαρπον
2590 966 2778 1034 γέγονε
2819 961 3022 1036 κλῆμα.
3077 965 3574 1036 Συμπαραζευγνύυ-

288 1096 403 1150 σθω
454 1087 748 1161 τοιγαροῦν
777 1089 844 1157 τῇ
896 1087 995 1156 τῆς
1021 1081 1259 1143 πίστεως
1304 1072 1585 1149 ὁμολογίᾳ,
1617 1070 1712 1122 καὶ
1743 1068 1778 1138 ἡ
1812 1065 1902 1119 διὰ
1930 1062 2040 1116 τῶν
2073 1061 2260 1161 ἔργων
2281 1059 2606 1161 φαιδρότης,
2649 1060 2743 1161 καὶ
2791 1060 3050 1114 συνθείτω
3083 1063 3194 1122 τοῖς
3255 1060 3384 1131 περὶ
3433 1060 3568 1116 Θεοῦ

287 1193 471 1258 λόγοις
522 1187 593 1240 τὰ
645 1185 797 1256 πράγ
806 1198 972 1254 ματα.

1025 1177 1159 1232 Τότε
1196 1175 1306 1244 γὰρ
1330 1212 1345 1236 ,
1379 1170 1501 1223 τότε
1565 1159 1901 1232 συνεσόμεθα
1933 1156 2012 1227 τῷ
2049 1152 2290 1225 Χριστῷ,
2311 1153 2407 1206 καὶ
2464 1153 2563 1222 τῆς
2601 1151 2736 1223 πρὸς
2798 1152 2959 1205 αὐτὸν
2996 1152 3279 1216 κοινωνίας
3301 1151 3397 1224 τὴν
3420 1150 3573 1205 δύναο

446 1241 669 1349 ἐσφαλῆ
691 1241 786 1328 .16.
806 1241 910 1328 ,καὶ
957 1270 1184 1342 βεϐαίαν
1211 1241 1527 1332 ήεῦροιμεν,
1559 1254 1650 1310 τὸν
1688 1250 1892 1356 ὲκυτῆς
1931 1243 2208 1356 ἀποτ3μῆς
2247 1241 2631 1356 διαφεύγοντες
2663 1241 2926 1356 κίνδυνοῖἶ

360 1346 596 1446 Εἴρηται
631 1346 686 1422 δὲ
719 1366 894 1421 ταῦτα
923 1365 1044 1418 νυνὶ
1077 1360 1207 1431 παρ’
1233 1355 1408 1428 ἡμῶν,
1444 1350 1676 1418 ἐπείπερ
1709 1346 1884 1446 ἐδόκει

286 1438 684 1537 πνευματικῶς
715 1463 779 1531 τῇ
811 1457 920 1511 τῶν
962 1451 1342 1525 προκειμένων
1378 1444 1582 1516 θεωρίᾳ
1607 1438 1883 1537 προσθάλ-

283 1528 448 1610 λεινί
481 1553 627 1616 εἰκὸς
668 1551 725 1604 δὲ
756 1528 835 1619 δή
873 1564 926 1599 τι
970 1544 1064 1598 καλ⁸
1106 1543 1290 1612 ἕτερον
1333 1537 1538 1591 ἐθέλειν
1580 1528 1882 1601 ὑποδηλοῦν

285 1651 382 1702 τὸν
423 1647 658 1716 Κύριον,
692 1642 780 1696 διὰ
812 1637 907 1694 τοῦ
946 1637 1112 1707 φάναι
1145 1630 1367 1702 σαφῶς·
1403 1649 1420 1682 ι
1463 1628 1578 1682 Πᾶν
1607 1624 1796 1694 κλῆμα
1821 1623 1880 1716 ἐν

287 1741 414 1812 ἐμοὶ
471 1713 546 1808 μη
594 1736 759 1806 φέρον
826 1715 1072 1802 καρπὸν,
1106 1726 1250 1796 αίρει
1304 1721 1474 1784 αὐτὸ,
1505 1718 1600 1773 καὶ
1655 1717 1766 1812 πρὶν
1815 1713 1876 1767 τὸ
1907 1747 1949 1802 Β

289 1806 680 1900 καρποῖφοροῦν
738 1821 990 1891 καθαίρει
1047 1815 1211 1879 αὐτὸ,
1270 1814 1356 1867 ἵνα
1394 1810 1605 1900 καρπὸν
1656 1806 1877 1900 πλείονα

289 1893 458 1989 φέρῃ.
491 1893 517 1967 ⁷»
554 1893 756 1983 Κλῆμα
793 1911 922 1981 γὰρ,
970 1903 1146 1977 οἶμαι,
1178 1904 1238 1958 τὸ
1261 1906 1328 1974 τῇ
1378 1899 1470 1954 τοῦ
1509 1897 1719 1968 Πατρὸς
1743 1893 1878 1949 ἀπο-

288 1988 460 2080 τομίᾳ
488 2008 588 2076 τῆς
618 2006 697 2068 είς
725 2001 960 2074 Χριστὸν
985 1996 1267 2059 κοινωνίας
1313 1992 1762 2060 ἀπεσπασμένον,
1788 1988 1879 2039 τὸν

288 2103 371 2164 είς
402 2098 712 2168 εὐκαρπίαν
731 2097 832 2148 οὐκ
857 2092 1163 2161 ἐπιτήδειον
1183 2089 1290 2142 τῶν
1318 2084 1587 2140 Ἰουδαίων
1625 2081 1880 2152 σημαίνει

296 2194 446 2261 λαὸν,
475 2186 555 2255 οἷς
587 2191 680 2244 καὶ
709 2189 895 2258 ἀξίνην
930 2179 1391 2253 ὲπενεχθήσεσθαί
1421 2192 1585 2246 φησιν
1605 2176 1883 2261 ότρισμαέ

297 2283 493 2350 κάριος
559 2279 830 2348 Ἰωάννης,
883 2275 1016 2345 πυρὶ
1076 2267 1546 2342 παραδοθήσεσθαι
1591 2264 1767 2331 λέγων
1820 2260 1881 2313 τὸ

289 2371 735 2442 ἀποτεμνόμενον
776 2367 1008 2437 δένδρον.
1039 2364 1118 2418 Τά
1144 2363 1200 2415 δὲ
1228 2360 1435 2423 τελείας
1478 2358 1576 2428 μὲν
1604 2357 1664 2409 οὑ
1695 2354 1880 2424 δεδεη-

293 2461 438 2533 μένα
457 2463 651 2531 τομῆς,
675 2458 1015 2528 ἀπομένοντα
1039 2455 1094 2508 δὲ
1117 2455 1176 2506 ὲν
1199 2455 1266 2523 τῇ
1300 2449 1529 2520 ἀμπέλῳ
1551 2448 1643 2501 καὶ
1664 2448 1730 2516 τῇ
1763 2444 1884 2514 θείᾳ

291 2554 541 2627 φροντίδι
573 2547 1019 2620 διακαθαίρεσθαι
1051 2546 1312 2617 μέλλοντα
1330 2583 1344 2608 ,
1371 2540 1496 2604 τούς
1525 2556 1583 2592 τε
1619 2538 1678 2602 ἐξ
1703 2537 1882 2590 αὐτῶν

289 2645 730 2707 πεπιστευκότας
772 2643 879 2696 τῶν
925 2638 1215 2702 Ἰουδαίων,
1248 2636 1492 2696 καὶτοὺς
1536 2631 1621 2685 ἐπ’
1653 2629 1881 2691 ἐκείνοις

292 2738 727 2808 ἐπιστρέφοντας
756 2734 815 2800 ὲξ
857 2731 1048 2795 ἐθνῶν,
1085 2724 1166 2793 οἷς
1219 2727 1316 2797 μία
1361 2726 1458 2796 μὲν
1493 2727 1526 2794 ἡ
1575 2720 1878 2791 κάθαρσις·

294 2832 353 2883 ὲν
390 2829 669 2898 Πνεύματι
690 2827 797 2897 γὰρ
823 2825 1056 2878 τελεῖται
1089 2821 1166 2893 τῷ
1192 2821 1352 2890 ἁγίῳ,
1392 2838 1411 2870 ›
1452 2817 1592 2870 κατὰ
1622 2814 1719 2876 τὰς
1743 2813 1884 2882 Γρα-

294 2923 426 2994 φάς.
483 2921 752 2990 Ἐτεροίός
799 2934 862 2986 γε
925 2916 1054 2987 μὴν,
1087 2915 1180 2968 καὶ
1231 2907 1688 2983 παρηλλαγμένος
1731 2906 1760 2956 6
1789 2899 1882 2994 τοῦ

296 2991 658 3077 καθαίρεσθαι
721 3009 941 3078 τρόπος.
1015 3003 1404 3073 Ἀποτέμνεται
1473 2997 1581 3068 γὰρ
1650 2995 1758 3048 τῶν
1824 2991 1884 3058 ἐξ

2060 1334 2220 1389 Nunc
2252 1342 2434 1389 autem
2469 1334 2586 1388 haec
2625 1348 2655 1386 a
2689 1333 2849 1387 nobis
2873 1332 3021 1386 dicta
3051 1338 3201 1394 sunt,
3239 1330 3368 1401 quia
3405 1331 3572 1402 spiri-

1987 1428 2168 1482 taliter
2200 1427 2349 1480 hune
2404 1427 2584 1480 locum
2641 1425 2980 1480 intellexisse
3032 1424 3336 1490 videbatur;
3390 1435 3571 1480 tamen

1982 1519 2268 1590 probabile
2296 1527 2381 1574 est
2424 1518 2632 1589 aliquid
2675 1517 2825 1572 aliud
2859 1515 3178 1587 signiﬁcare
3216 1516 3356 1570 velle
3381 1514 3571 1571 Domi-

1978 1627 2134 1679 num,
2167 1627 2232 1669 ex
2263 1627 2329 1667 eo
2351 1612 2498 1683 quod
2530 1611 2665 1665 dicit
2702 1617 2930 1680 aperte:
2972 1628 2990 1660 ι
3023 1607 3254 1663 Omnem
3286 1609 3567 1678 palmitem

1979 1705 2034 1758 in
2087 1719 2174 1759 me
2231 1718 2340 1757 non
2405 1703 2669 1757 ferentem
2715 1700 3001 1762 fructum,
3063 1699 3223 1753 tollet
3271 1713 3397 1752 eum
3446 1716 3460 1753 :
3517 1706 3571 1754 et

1981 1809 2198 1849 omnem
2226 1796 2317 1865 qui
2345 1793 2450 1850 fert
2476 1793 2742 1859 fructum,
2765 1791 3026 1863 purgabit
3056 1806 3206 1855 ειιιιι,
3238 1798 3298 1845 ut
3327 1789 3567 1845 fructum

1981 1888 2104 1958 plus
2141 1888 2351 1943 aﬁerat.
2385 1906 2404 1939 ι
2452 1886 2668 1942 Palmes
2710 1889 2882 1952 enim,
2934 1896 2995 1942 ut
3046 1901 3196 1951 reor,
3256 1883 3569 1940 Judmorum

1982 1978 2240 2049 pOpulum
2277 1979 2569 2049 signiﬁcat,
2615 1992 2645 2031 a
2685 1979 3076 2033 communione
3109 1976 3317 2033 Christi
3349 1992 3378 2030 a
3410 1975 3572 2031 Patre

1982 2076 2349 2140 amputatum,
2382 2068 2536 2122 illum
2566 2067 2978 2139 infrugil'erum,
3005 2068 3210 2139 quibus
3245 2074 3298 2122 et
3332 2067 3569 2122 securim

1983 2161 2288 2215 adhibitum
2321 2161 2388 2215 iri
2423 2169 2506 2215 ter
2537 2162 2732 2216 beatus
2766 2158 3009 2215 Joannes
3035 2160 3334 2230 signiﬁcat,
3374 2159 3570 2213 dicens

1984 2254 2094 2324 igni
2134 2253 2397 2308 traditum
2425 2253 2491 2306 iri
2517 2254 2792 2308 succisam
2819 2253 3093 2308 arborem.
3125 2251 3232 2306 Sed
3264 2257 3318 2305 et
3353 2265 3416 2305 ea
3451 2264 3572 2320 qua:

1983 2346 2145 2416 digna
2183 2359 2289 2399 non
2319 2352 2449 2398 sunt
2480 2358 2582 2398 cur
2615 2345 2840 2414 penitus
2862 2351 3209 2408 resecentur,
3236 2342 3332 2398 sed
3370 2341 3425 2395 in
3461 2345 3571 2396 vite

1989 2443 2305 2499 remanent,
2341 2450 2404 2489 ac
2435 2435 2623 2491 divina
2665 2450 2800 2489 cura
2833 2435 3116 2506 purganda
3159 2435 3422 2496 veniunt,
3456 2443 3570 2487 tum

1985 2528 2076 2599 qui
2123 2543 2188 2582 ex
2224 2525 2431 2582 ludatis
2490 2528 2628 2597 ipsis
2683 2527 3065 2591 crediderunt,
3093 2526 3261 2596 870
3306 2535 3418 2578 tum
3476 2524 3569 2593 qui
3653 2513 3669 2526 ’

1987 2629 2114 2690 post
2149 2620 2273 2675 illos
2314 2635 2378 2673 ex
2432 2620 2694 2688 gentibus
2726 2619 2980 2673 conversi
3023 2627 3172 2682 sunt,
3218 2617 3422 2686 quibus
3459 2630 3570 2670 una

1985 2712 2206 2781 quidem
2245 2719 2329 2766 est
2389 2710 2683 2780 purgatio:
2751 2711 2804 2763 in
2850 2707 3063 2778 Spiritu
3115 2710 3318 2778 quippe
3376 2716 3571 2763 sancto

1987 2803 2289 2873 perﬁcitur,
2332 2802 2494 2872 juxta
2547 2802 2887 2872 Seripturas,
2935 2799 3032 2856 sed
3085 2801 3340 2857 diversus
3386 2811 3569 2856 tamen

1987 2896 2257 2966 purgandi
2312 2895 2528 2950 modus.
2580 2895 2912 2964 Amputatur
2967 2893 3115 2946 enim
3183 2892 3252 2945 ab
3304 2892 3572 2958 Israelitis

1988 2982 2244 3035 voluntas
2264 2981 2480 3035 vivendi
2505 2981 2663 3050 juxta
2684 2982 2852 3051 legem
2875 2979 3206 3035 Mosaicam:
3236 2980 3306 3035 ab
3339 2981 3573 3036 idolola-

307 3071 546 3174 Ἰσραηλ,
572 3101 632 3154 τὸ
658 3071 800 3154 κατά
829 3100 990 3168 νόμον
1016 3097 1095 3149 ἔτι
1125 3071 1224 3148 τὸν
1241 3089 1531 3148 Μωσαῖκδν
1559 3087 1746 3158 διαζῇν
1767 3084 1882 3137 ὲθέ-

1987 3079 2195 3126 trarmn
2253 3081 2432 3126 autem
2501 3071 2668 3127 corde
2717 3072 2920 3127 veteris
2968 3073 3175 3127 erroris
3226 3072 3568 3142 propositum

295 3195 408 3248 λειν
435 3194 530 3247 καὶ
563 3189 964 3254 πολιτεύεσθαι,
1011 3189 1109 3257 τῆς
1138 3185 1194 3238 δὲ
1221 3184 1328 3237 τῶν
1359 3176 1884 3250 είδωλολατρούντων

294 3284 524 3355 καρδίας
575 3283 924 3353 παραιτεῖται
963 3276 1070 3352 [Ion
1113 3273 1467 3347 παραιρεῖται]
1504 3273 1602 3343 τῆς
1651 3269 1883 3342 ἀρχαίας

292 3375 515 3444 ἀπάτης
554 3375 584 3425 6
613 3372 833 3435 σκοπὸς,
865 3371 959 3424 καὶ
983 3369 1084 3440 τῆς
1108 3367 1216 3422 τῶν
1241 3367 1514 3420 ἀσυνέτων
1546 3360 1887 3431 ἀκαθαρσίας

293 3470 323 3522 6
355 3465 646 3537 συρφετὸς,
676 3464 765 3517 ἵνα
819 3463 1082 3517 δύνωνται
1129 3460 1317 3531 φέρειν
1365 3459 1463 3528 τῆς
1501 3455 1652 3518 θείας
1694 3471 1754 3506 τε
1793 3452 1886 3506 καὶ

294 3558 662 3627 εὑαγγελικῆς
691 3555 1024 3618 παιδεύσεως
1050 3553 1140 3607 τὸν
1163 3551 1420 3621 ἐδώδιμον
1450 3547 1638 3617 ὥσπερ
1668 3541 1886 3615 τῷ’Θεῷ

295 3653 394 3706 καὶ
426 3651 581 3720 φίλον
610 3649 780 3712 ὅντως
810 3647 1043 3719 καρπόν.
1072 3646 1194 3698 Ὅτι
1222 3643 1278 3695 δὲ
1323 3641 1486 3696 πάλιν
1528 3639 1660 3709 ἡμῖν
1691 3633 1887 3706 ἀληθὲς

295 3743 548 3814 φαίνεται
582 3741 644 3794 τὸ
677 3739 987 3812 είρημένον,
1021 3735 1259 3808 χαλεπὸν
1292 3733 1446 3786 οὐδὲν
1475 3728 1885 3801 πληροφορῆσαι

295 3836 357 3900 ἐξ
391 3835 574 3888 αὐτῶν
601 3834 709 3888 τῶν
739 3832 898 3887 θείων
927 3827 1297 3901 Γραμμάτων.
1341 3823 1679 3878 Ἐπιστέλλει
1723 3820 1831 3889 γὰρ
1859 3820 1888 3872 ό

296 3925 587 3991 θεσπέσιος
621 3925 832 3990 Παῦλος
862 3927 972 3988 τοῖς
1003 3923 1102 3995 μὲν
1135 3921 1192 3988 ἐξ
1226 3917 1492 3973 Ἰουδαίων
1531 3911 1886 3968 πεπιστευκό-

298 4034 418 4083 σιν,
445 4019 536 4072 ὅτε
566 4018 676 4072 τῶν
719 4015 1090 4086 εύαγγελικῶν
1122 4011 1406 4083 δογμάτων
1431 4009 1885 4078 ὀλιγωρήσαντες,

297 4108 476 4163 ὀπίσω
496 4110 658 4164 πάλιν
678 4108 880 4180 ᾤχοντο
894 4108 992 4170 τὰς
1019 4104 1114 4158 τοῦ
1137 4103 1303 4174 νόμου
1328 4099 1685 4170 τετιμηκότες
1707 4097 1885 4162 σκιάςο

306 4219 328 4253 ι
385 4199 891 4273 Ἀπηλλοτριώθητε
931 4196 1038 4252 ἀπὸ
1071 4192 1346 4266 Χριστοῦ,
1386 4192 1579 4253 οἵτινες
1633 4190 1690 4242 ὲν
1739 4188 1889 4259 νόμῳ

300 4293 610 4348 δικαιοῦσθε
637 4332 652 4357 ,
692 4293 790 4364 τῆς
838 4291 1061 4364 χάριτος
1104 4286 1425 4353 ἐξεπέσατε.
1470 4301 1489 4334 ›
1539 4283 1648 4336 Καὶ
1676 4280 1864 4334 πάλιν·

307 4405 326 4437 ι
350 4386 510 4454 Λέγω
524 4386 632 4457 γὰρ
651 4386 798 4456 ὑμῖν,
819 4385 901 4437 ὄτι
918 4384 1012 4436 ἐὰν
1041 4375 1462 4452 περιτέμνησθε,
1479 4373 1711 4444 Χριστὸς
1736 4374 1883 4444 ὑμᾶς

302 4477 452 4529 οὐδὲν
513 4475 802 4546 ὠφελήσει.
838 4493 856 4526 ›
909 4474 972 4526 Εἰ
1020 4472 1076 4525 δὲ
1107 4469 1167 4524 τὸ
1211 4466 1494 4538 βούλεσθαι
1545 4462 1883 4518 δικαιοῦσθαι

302 4569 445 4621 κατά
489 4568 580 4622 τὸν
625 4567 790 4637 νόμον
840 4563 1154 4635 ἀλλοτρίους
1203 4559 1402 4622 αὐτοὺς
1451 4555 1740 4624 ἀποφαίνει
1795 4553 1888 4607 τοῦ

300 4658 577 4728 Χριστοῦ,
627 4657 745 4720 πῶς
796 4655 918 4727 οὐχὶ
965 4655 1180 4715 πάντως
1231 4649 1600 4721 ἀναμφίλογον
1625 4689 1636 4710 ,
1667 4647 1750 4700 ὅτι
1791 4645 1891 4714 τῆς

300 4750 446 4805 κατά
492 4751 654 4821 νόμον
720 4747 996 4808 πολιτείας
1031 4748 1065 4817 ἡ
1108 4744 1410 4808 ἀπόθεσις,
1468 4742 1568 4810 τῆς
1621 4741 1700 4802 είς
1751 4739 1889 4809 Χρι-

302 4843 428 4895 στὸν
451 4841 750 4910 συναφείας
782 4839 1034 4911 προξενεῖ
1077 4837 1175 4908 τὴν
1205 4835 1432 4905 δύναμιν
1456 4851 1472 4901 ;
1498 4831 1889 4903 Περιτέμνεται

297 4932 484 4986 τοίνυν
533 4931 676 4985 οὕτω
707 4931 806 4999 μὲν
833 4931 860 4983 ό
893 4928 1128 5001 Ἰσραὴλ,
1161 4924 1569 4995 διακαθαίρεται
1598 4920 1655 4974 δὲ
1691 4918 1889 4990 μᾶλλον

263 5067 271 5078 .
304 5025 398 5076 καὶ
425 5026 453 5076 6
481 5022 612 5074 ποτὲ
658 5025 723 5094 τῇ
755 5022 932 5075 κτίσει
971 5019 1273 5092 λατρέύσας
1303 5017 1451 5089 παρά
1480 5016 1572 5071 τὸν
1603 5015 1885 5080 κτίσαντα,

295 5114 401 5184 τὴν
429 5114 660 5186 ἀρχαίαν
703 5114 856 5169 νόσον
891 5112 1200 5167 ἀποϐαλών.
1232 5111 1296 5164 Τί
1329 5110 1438 5182 γὰρ
1469 5109 1604 5181 πρὸς
1634 5108 1828 5170 αὐτοὺς
1860 5108 1889 5160 6

295 5203 515 5268 Παῦλός
553 5223 750 5277 φησιν;
786 5225 804 5256 ι
844 5206 907 5258 Εἰ
929 5205 1037 5276 γὰρ
1063 5203 1249 5274 ἐχθροὶ
1272 5201 1443 5266 ὄντες,
1467 5197 1887 5269 κατηλλάγημεν

296 5293 381 5365 τῷ
412 5295 530 5366 Θεῷ
558 5337 571 5362 ,
603 5297 692 5350 διὰ
722 5296 812 5350 τοῦ
857 5295 1090 5348 θανάτου
1146 5292 1241 5346 τοῦ
1294 5289 1424 5344 Υἱοῦ
1467 5289 1634 5343 αὐτοῦ
1655 5328 1669 5354 ,
1706 5285 1884 5356 πολλῷ

301 5385 507 5458 μᾶλλον
528 5385 950 5456 καταλλαγέντες
974 5382 1330 5455 σωθησόμεθα
1357 5383 1414 5434 ὲν
1432 5383 1499 5451 τῇ
1523 5381 1633 5449 ζωῇ
1658 5377 1843 5432 αὐτοῦ.
1858 5395 1876 5429 ι

298 5481 553 5535 Δίτιᾶται
584 5480 644 5533 δὲ
669 5479 760 5534 καί
784 5497 946 5550 φησιν
986 5480 1044 5530 ὲν
1073 5477 1284 5548 ἑτέροις
1308 5493 1319 5507 ο
1355 5491 1373 5524 ι
1412 5473 1548 5526 Νυνὶ
1583 5472 1639 5525 δὲ
1667 5471 1884 5539 γνόντες

302 5572 456 5638 Θεὸν,
479 5571 679 5643 μᾶλλον
707 5570 763 5625 δὲ
782 5569 1115 5640 γνωσθέντες
1133 5566 1238 5621 ὑπὸ
1263 5563 1422 5631 Θεοῦ,
1437 5561 1551 5627 πῶς
1586 5560 1746 5615 πάλιν
1763 5563 1887 5615 επι-

1994 3164 2287 3226 avellitur,
2335 3173 2389 3217 et
2445 3164 2784 3233 impuritatis
2845 3163 3226 3234 insipientium
3285 3164 3568 3218 hominum

1987 3257 2165 3327 palea,
2205 3265 2264 3310 ut
2288 3256 2486 3310 divinae
2543 3264 2599 3310 et
2638 3257 2968 3326 evangelica:
3016 3256 3288 3311 doctrina:
3327 3256 3568 3312 fructum
3601 3237 3616 3250 ’

1989 3347 2392 3419 quodammodo
2433 3349 2629 3402 edilem
2662 3347 2887 3419 Deoque
2930 3365 3122 3412 revera,
3150 3356 3390 3418 gratum,
3421 3347 3572 3405 ferre

1989 3442 2224 3511 possint.
2286 3438 2443 3504 Quod
2500 3449 2682 3494 autem
2736 3455 2924 3495 verum
2966 3440 3098 3494 illud
3154 3439 3261 3502 sit,
3313 3454 3422 3493 non
3465 3440 3571 3494 erit

1988 3531 2206 3586 dillieile
2256 3546 2321 3585 ex
2374 3528 2597 3584 Litteris
2629 3529 2834 3588 divinis
2904 3531 3304 3585 demonstrare.
3364 3527 3569 3584 Scribit

1989 3625 2134 3678 enim
2167 3621 2388 3675 divinus
2421 3619 2629 3676 Paulus
2659 3619 2867 3676 Judzeis
2904 3619 3159 3674 ﬁdelibus
3181 3661 3194 3685 ,
3227 3619 3320 3690 qui
3368 3622 3568 3690 spretis

1988 3713 2321 3784 evangelicis
2367 3713 2650 3784 dogmatis
2693 3719 2842 3768 retro
2873 3727 3070 3766 rursus
3110 3712 3396 3776 abierant,
3432 3711 3567 3782 legis

1991 3805 2216 3859 umbras
2254 3803 2502 3859 venerati
2534 3821 2547 3856 :
2588 3821 2606 3853 ‹
2640 3801 2903 3857 Evacuati
2934 3802 3123 3858 estisa
3152 3802 3410 3858 Christo:
3443 3802 3570 3873 qui-

1990 3914 2207 3969 cunque
2225 3899 2278 3953 in
2293 3899 2412 3969 lege
2426 3896 2831 3968 justiﬁeamini,
2851 3911 2880 3950 a
2895 3897 3069 3967 gratia
3086 3897 3372 3952 exeidistis
3393 3895 3562 3952 ¹⁸·¹⁵.ο

1989 3993 2057 4048 Ει
2091 4009 2325 4048 rursus:
2383 4011 2402 4044 ι
2454 3992 2586 4047 Dico
2643 3992 2792 4047 enim
2849 3991 3006 4047 vobis
3051 3990 3336 4062 quoniam,
3375 3991 3420 4046 si
3461 3991 3570 4046 cir-

1991 4084 2403 4150 cumcidamini,
2446 4083 2702 4139 Christus
2756 4083 2914 4140 vobis
2960 4083 3098 4138 nihil
3150 4082 3396 4152 proderit
3421 4083 3486 4136 “.
3542 4103 3562 4135 ι

1992 4178 2150 4244 Quod
2199 4177 2244 4230 si
2302 4177 2441 4231 velle
2486 4176 2775 4245 justilicari
2824 4177 2984 4244 juxta
3035 4175 3232 4245 legem,
3279 4175 3484 4230 alienos
3537 4189 3569 4228 a

1992 4269 2212 4326 Christo
2242 4283 2338 4324 eos
2368 4268 2568 4332 reddit,
2605 4268 2884 4338 quomodo
2919 4281 3030 4321 non
3082 4263 3452 4320 indubitatum
3483 4274 3569 4320 est
3679 4292 3697 4315 .

1993 4381 2244 4439 prorsus,
2264 4365 2458 4434 legalis
2489 4363 2930 4420 conversationis
2957 4361 3186 4432 repudio
3216 4357 3570 4429 conjunctio-
3609 4426 3615 4428 _

1991 4476 2116 4516 nem
2156 4474 2279 4514 cum
2307 4456 2532 4512 Christo
2565 4455 2898 4512 conciliari?
2927 4451 3359 4509 Circumciditur
3386 4451 3571 4522 itaque

1987 4551 2092 4605 hoc
2140 4548 2305 4622 modo
2360 4545 2580 4618 quidem
2635 4545 2842 4610 Israel,
2892 4545 3004 4598 imo
3057 4549 3349 4613 purgatur,
3394 4540 3568 4595 veteri

1987 4641 2181 4697 morbo
2210 4642 2480 4712 deposito,
2519 4640 2613 4709 qui
2648 4648 2963 4693 creaturam
3006 4650 3106 4705 pro
3139 4633 3401 4690 Creatore
3437 4632 3568 4687 olim

1987 4734 2177 4788 coluit.
2211 4733 2353 4799 Quid
2404 4733 2550 4788 enim
2605 4729 2670 4785 ad
2723 4743 2820 4784 eos
2880 4726 3086 4782 Paulus
3141 4722 3382 4780 scribit?
3433 4739 3453 4774 ι
3509 4721 3567 4775 Si

1989 4827 2160 4890 enim,
2179 4843 2306 4881 cum
2332 4827 2539 4882 inimici
2570 4841 2844 4888 essemus,
2865 4821 3210 4880 reconciliati
3236 4833 3427 4876 sumus
3456 4815 3570 4872 Deo

1990 4934 2088 4990 per
2117 4925 2347 4974 mortem
2399 4917 2525 4972 Filii
2582 4919 2727 4987 ejus,
2781 4916 2958 4971 multo
2989 4913 3164 4984 magis
3198 4908 3564 4969 reconciliati,

1986 5010 2127 5067 salvi
2155 5009 2364 5066 erimus
2396 5009 2450 5062 in
2478 5008 2590 5063 vita
2623 5007 2799 5078 ipsius
2823 5007 2886 5061 ".
2929 5025 2948 5060 ι
2991 5001 3292 5073 Redarguit
3322 5012 3476 5061 vero,
3511 5004 3567 5051 et

1986 5102 2061 5156 ait
2085 5101 2256 5155 alibi:
2298 5117 2316 5150 ι
2353 5098 2510 5153 Νιιηο
2556 5109 2738 5153 autem
2773 5112 2899 5152 cum
2937 5090 3313 5166 cognoveritis
3368 5087 3563 5150 Deum.

1985 5194 2096 5250 imo
2151 5191 2358 5264 cogniti
2413 5189 2537 5246 sitis
2583 5205 2615 5245 a
2660 5188 2795 5255 Deo,
2858 5185 3137 5259 quomodo
3178 5177 3566 5238 convertimini

1988 5285 2186 5340 iterum
2219 5285 2288 5339 ad
2314 5281 2534 5338 inﬁrma
2560 5290 2616 5339 et
2643 5296 2814 5353 egena
2843 5280 3136 5339 elementa,
3158 5274 3360 5345 quibus
3383 5272 3567 5328 denuo

1989 5376 2203 5433 servire
2232 5376 2396 5432 vultis
2417 5376 2504 5430 εει
2531 5394 2550 5428 ι
2577 5375 2714 5431 Cum
2734 5387 2866 5443 ergo
2897 5369 2993 5441 qui
3018 5367 3256 5424 inﬁrmis
3278 5365 3566 5422 elementis

1991 5467 2242 5524 serviunt
2272 5467 2437 5523 alieni
2463 5466 2577 5524 sint
2612 5481 2644 5520 a
2682 5463 2928 5529 Christo,
2958 5475 3082 5517 cum
3110 5475 3177 5517 eo
3205 5472 3338 5516 vero
3371 5455 3569 5511 unian-

1995 5566 2086 5614 tur
2107 5558 2202 5630 qui
2232 5568 2504 5616 creaturae
2523 5571 2637 5632 prae
2656 5556 2919 5615 Creatore
2943 5553 3154 5613 servire
3181 5551 3400 5615 nolunt,
3427 5557 3568 5617 quo-

381 5756 492 5826 u-{I
534 5752 878 5821 Galat.v,4.
956 5752 998 5785 ιο
1036 5750 1172 5807 Ibid.
1202 5748 1256 5804 ε.
1338 5749 1377 5783 ιτ
1413 5745 1571 5802 Rom.
1609 5760 1682 5811 ν,
1720 5744 1809 5800 to.
1857 5817 1876 5823 _

1987 5741 2147 5800 ialat.
2183 5756 2236 5798 tv
2257 5781 2272 5808 ,
2305 5741 2358 5797 9.
