4042 6204
495 307 605 364 355

1520 298 1577 353 ε.
1616 295 1894 354 cvmcu
1921 293 2388 350 ALEXANDRlNl
2427 262 2759 352 suculae.
2800 259 2810 269 ’

3640 293 3741 351 336

498 418 660 476 modo
704 430 810 470 non
865 420 970 470 erit
1035 410 1388 468 manifestum
1441 411 1783 481 purgationis
1841 409 2062 465 modum

2175 408 2429 480 στρέφετε
2472 410 2564 462 ἐπὶ
2611 408 2678 462 τὰ
2727 384 2928 477 ἀσθενῆ
2983 406 3078 460 καὶ
3114 404 3307 475 πτωχὰ
3356 400 3599 473 ’στοιχεῖα
3652 406 3744 459 τοῦ

497 509 789 581 gentilibus
841 520 964 561 csse
1018 504 1224 559 veteris
1278 503 1486 557 erroris
1526 503 1878 557 utilissimam
1918 517 2068 557 rese-

495 603 728 658 ctionem
760 615 856 670 per
888 596 1182 668 Spiritum,
1218 610 1339 665 qua:
1382 595 1649 649 bonorum
1682 609 1857 664 genus
1906 608 2069 648 omne

497 695 646 749 illius
694 692 815 746 loco
862 687 1221 744 multifariam
1269 686 1430 742 nobis
1454 685 1666 741 infert?
1718 684 1874 739 Malis
1921 684 2069 738 enim

498 783 763 855 depositis
809 790 976 852 atque
1012 780 1256 849 rejectis,
1285 780 1339 833 in
1384 793 1597 834 eorum-
1627 777 1806 832 locum
1847 775 2069 831 virtutis

503 873 856 947 pulchritudo
874 872 1143 927 succedit.
1163 870 1268 926 Uhi
1294 871 1441 926 enim
1460 870 1633 940 ejecta
1655 880 1738 924 est
1764 866 2068 937 turpitudo,

499 965 574 1020 ibi
616 965 863 1035 gravitas
909 964 1088 1017 oritur
1112 970 1168 1017 et
1218 961 1453 1017 exsistit.
1490 958 1905 1016 Observandum
1942 971 2072 1013 vero

500 1057 978 1114 circuntc.sionem
1013 1055 1234 1127 quidem
1283 1069 1381 1125 per
1419 1054 1683 1124 Spiritum
1728 1050 2072 1123 purgationis

501 1148 736 1204 ollicium
774 1148 830 1202 in
862 1148 1022 1202 nobis
1053 1147 1301 1217 implere,
1344 1143 1545 1199 Filium
1588 1151 1772 1199 autem
1832 1143 2072 1214 Spiritus

500 1239 816 1310 largitorem
847 1252 1013 1293 esse:
1039 1254 1058 1288 ι
1088 1237 1163 1291 De
1183 1236 1523 1307 plenitudine
1551 1236 1696 1290 enim
1728 1233 1849 1303 ejus
1878 1248 2073 1289 omnes

502 1329 838 1398 accepimus,
878 1347 896 1380 ο
936 1335 993 1381 ut
1028 1327 1104 1381 ait
1131 1326 1376 1382 Joannes
1401 1329 1468 1389 ¹⁹,
1505 1333 1559 1380 et
1609 1327 1724 1396 ipse
1757 1334 1841 1380 est
1872 1326 1967 1395 qui
2004 1323 2099 1378 ad'

504 1435 604 1473 nos
638 1419 814 1473 dixit:
851 1416 1154 1487 «Accipite
1182 1417 1344 1487 871
1375 1414 1637 1487 Spiritum
1667 1425 1924 1472 sanctum
1949 1415 2016 1472 ".
2050 1434 2068 1467 ι

503 1508 650 1562 Illam
698 1509 883 1578 itaque
932 1508 1313 1579 purgationem
1385 1507 1442 1561 in
1495 1508 1656 1565 nobis
1706 1523 1802 1577 per
1850 1507 2075 1562 modum

501 1600 767 1668 spiritalis
792 1600 1235 1654 circumcisionis
1265 1599 1427 1655 Pater
1448 1615 1544 1669 per
1568 1597 1765 1652 Filium
1791 1606 2069 1668 operatur.

502 1691 769 1757 Quocirca
802 1691 855 1744 in
887 1690 1119 1745 nihilum
1169 1691 1283 1744 abit
1322 1699 1464 1746 tetra
1496 1699 1548 1746 et
1589 1690 1753 1760 impia
1803 1690 2068 1745 adversa-

501 1783 708 1836 riorum
741 1781 990 1845 audacia,
1023 1781 1117 1851 qui
1152 1783 1335 1838 dicere
1372 1783 1532 1837 veriti
1574 1796 1684 1836 non
1727 1788 1885 1838 erant
1940 1782 2069 1852 quia

501 1873 668 1927 vitem
704 1873 948 1942 seipsum
976 1871 1150 1929 Filius
1175 1873 1501 1939 nominavit,
1535 1873 1750 1929 Patrem
1785 1881 1968 1929 autem
2010 1889 2075 1929 ac

502 1961 674 2017 Deum
707 1962 1028 2033 agricolam,
1058 1963 1271 2018 idcirco
1307 1964 1559 2019 eumdem
1594 1979 1704 2018 non
1734 1979 1858 2020 esse
1880 1966 2076 2019 natura

503 2069 627 2107 cum
653 2054 795 2123 ipso.
827 2053 987 2109 Nulla
1008 2055 1212 2126 quippe
1238 2056 1402 2119 ratio,
1434 2056 1634 2126 inquit,
1658 2058 1825 2111 vitem
1848 2065 1902 2113 et
1929 2059 2075 2129 agri-

503 2144 679 2199 colam
708 2147 1051 2214 persuaserit
1079 2163 1250 2202 unum
1287 2157 1341 2204 et
1370 2147 1514 2203 idem
1542 2163 1666 2203 esse
1686 2156 1901 2203 natura;
1939 2150 2076 2205 Cum

444 2284 449 2291 .
502 2250 633 2306 ergo
668 2234 866 2290 Filium
908 2238 1209 2308 agricolam
1246 2253 1369 2295 esse
1392 2239 1795 2309 comperiamus
1829 2255 1927 2311 per
1967 2240 2081 2311 spi-,

504 2325 717 2380 ritalem
747 2328 1249 2396 circumeisionem,
1291 2330 1471 2384 sciant
1528 2330 1746 2385 demum
1778 2331 1925 2401 quod
1955 2346 2080 2388 cum

501 2416 750 2486 ejusdem
778 2419 985 2490 speciei
1021 2421 1134 2475 sint
1157 2422 1301 2476 inter
1328 2437 1388 2477 se
1414 2422 1689 2492 agricolae,
1724 2423 1779 2477 in
1809 2432 2076 2495 quantum

501 2518 698 2562 natura
740 2524 840 2564 sua
876 2519 1007 2565 sunt
1041 2511 1313 2575 homines,
1350 2511 1703 2568 manifeslum
1748 2521 1834 2567 est
1881 2512 2078 2568 Filium

501 2612 611 2652 non
681 2616 808 2657 esse
854 2616 884 2656 a
927 2603 1503 2659 consubstantialitate
1562 2619 1686 2658 cum
1752 2601 1915 2660 Patre
1975 2606 2080 2661 Deo

502 2689 765 2744 alienum.

2170 502 2396 571 κόσμου,
2427 495 2510 564 οἷς
2544 499 2705 553 πάλιν
2746 498 2951 555 ἀνωθεν
2999 496 3273 551 δουλεύειν
3302 495 3485 548 θέλετε
3514 511 3529 561 ;
3566 513 3585 546 ι
3616 494 3746 549 Ὅτε

2177 594 2357 647 τοίνυν
2390 593 2439 646 οἱ
2486 594 2598 655 τοῖς
2626 592 2875 646 ἀσθενέσι
2908 590 3192 659 στοιχείοις
3213 587 3484 642 δουλεύειν
3508 586 3753 652 θέλοντες

2169 684 2584 757 ἀλλοτριοῦνται
2616 681 2876 755 Χριστοῦ,
2917 680 3263 735 συνενοῦνταί
3309 695 3373 747 γε
3410 678 3518 750 μὴν
3557 679 3607 731 οί
3635 678 3753 732 δου-

2170 777 2347 832 λεύειν
2376 778 2477 831 οὐκ
2501 777 2816 849 ἀνεχόμενοι
2849 778 2914 847 τῇ
2945 774 3124 828 κτίσει
3162 773 3316 845 παρὰ
3344 772 3435 827 τὸν
3465 772 3754 835 κτίσαντα,

2171 869 2288 931 πῶς
2307 870 2407 922 οὐκ
2436 854 2709 921 ἐσταιτῶν
2730 865 3174 937 ὁμολογουμένων
3203 866 3284 918 ὅτι
3312 864 3512 937 τρόπος
3546 865 3659 927 τοῖς
3698 861 3760 927 ἐξ

2173 944 2343 1016 ἐθνῶν
2370 963 2399 1014 6
2427 961 2526 1031 τῆς
2550 959 2958 1031 διακαθάρσεως
2987 957 3139 1010 ἔσται
3159 957 3257 1028 τῆς
3282 955 3514 1027 ἀρχαίας
3539 954 3760 1023 ἀπάτης

2172 1049 2261 1104 διὰ
2287 1047 2381 1104 τοῦ
2415 1048 2739 1119 Πνεύματος
2772 1047 3191 1116 ἐπωφελεστάτη
3232 1045 3294 1098 τὸ
3348 1044 3423 1116 μὴ
3457 1043 3572 1116 [γρ.
3620 1045 3762 1097 ἀπο-

2173 1142 2337 1216 τομὴ]
2380 1144 2490 1197 πᾶν
2521 1137 2659 1206 εἶδος
2690 1143 2821 1213 ἡμῖν
2849 1138 3069 1208 ἀγαθῶν
3090 1139 3441 1209 πολυτρόπως
3475 1138 3759 1190 άντεισκο-

2179 1232 2451 1304 μίζουσα;
2505 1234 2593 1286 Ἐν
2641 1231 2750 1302 γὰρ
2796 1234 2861 1304 τῇ
2908 1232 3017 1285 τῶν
3064 1230 3281 1301 φαύλων
3340 1229 3594 1283 ὑποθέσει
3639 1227 3757 1301 [γρ.

2175 1323 2456 1395 ἀποθέσει]
2494 1324 2587 1376 καὶ
2617 1322 2854 1394 ἀποδολῇ
2885 1321 2947 1375 τὸ
2972 1323 3071 1393 τῆς
3098 1322 3297 1393 ἀρετῆς
3332 1319 3760 1391 ἀντεισκρίνεται

2176 1416 2391 1481 κάλλος.
2429 1416 2602 1470 Ὅπου
2633 1416 2758 1488 γὰρ
2794 1415 3089 1486 αἰσχρότης
3139 1412 3401 1479 ἐκποδὼν,
3430 1415 3549 1467 ἐκεῖ
3590 1411 3650 1465 τὸ
3678 1429 3764 1464 σε-

2179 1511 2308 1579 μνὸν
2353 1507 2562 1577 ἀνίσχει
2610 1507 2706 1562 καὶ
2740 1506 3010 1578 φαίνεται.
3046 1505 3387 1577 Σημειωτέον
3412 1505 3503 1569 δέ,
3538 1506 3618 1558 ὅτι
3671 1503 3763 1558 διὰ

2181 1600 2278 1670 μὲν
2309 1598 2404 1651 τοῦ
2444 1598 2764 1670 Πνεύματος
2791 1600 2826 1668 ἡ
2860 1597 3153 1670 περιτομὴ,
3185 1598 3282 1668 τὴν
3313 1599 3410 1668 τῆς
3423 1597 3512 1650 διὰ
3550 1596 3761 1666 καθάρο

2179 1706 2317 1753 σεως
2370 1689 2765 1761 ἀποπληροῦσα
2798 1689 2988 1762 χρείαν
3035 1689 3092 1741 ἐν
3135 1688 3289 1760 ἡμῖν,
3321 1686 3554 1759 χορηγὸς
3586 1687 3643 1740 δέ
3666 1684 3762 1739 τοῦ

2173 1781 2491 1852 Πνεύματος
2514 1783 2543 1834 6
2569 1782 2716 1845 Υἱός.
2755 1798 2775 1832 ι
2830 1781 2965 1834 ’Λπὸ
2990 1780 3101 1850 γὰρ
3138 1780 3233 1833 τοῦ
3260 1779 3623 1852 πληρώματος
3661 1779 3764 1831 a6-

2170 1872 2266 1927 τοῦ
2313 1872 2512 1936 πάντες
2560 1874 2722 1943 ἡμεῖς
2779 1872 3076 1941 ἐλάϐομεν,
3117 1890 3136 1924 ι
3186 1871 3329 1925 κατὰ
3372 1871 3472 1943 τὴν
3512 1871 3765 1924 Ἰωάννου

2172 1965 2380 2036 φωνὴν,
2402 1964 2500 2018 καὶ
2520 1964 2682 2028 αὐτός
2702 1966 2850 2018 ἐστιν
2873 1966 2902 2019 6
2925 1964 3061 2036 πρὸς
3086 1960 3237 2034 ἡμᾶς
3265 1963 3435 2017 εἰπών
3454 1980 3469 1994 ο
3507 1982 3526 2016 ι
3556 1962 3767 2016 Λάϐετε

2173 2055 2401 2127 Πνεῦμα
2448 2057 2624 2126 άγιον.
2660 2075 2679 2108 ι
2727 2057 2972 2128 Ἐνεργεῖ
2996 2055 3293 2127 τοιγαροῦν
3341 2054 3441 2127 τὴν
3486 2056 3565 2119 εἰς
3614 2056 3767 2125 ἡμᾶς

2174 2148 2571 2221 ἀνακάθαρσιν,
2600 2148 2677 2213 ὡς
2724 2149 2783 2201 ἐν
2825 2148 3014 2224 τρόπω
3055 2147 3155 2217 τῆς
3185 2146 3274 2202 διὰ
3311 2146 3406 2201 τοῦ
3455 2146 3770 2218 πνεύματος

2175 2240 2473 2312 νοουμένης
2527 2239 2834 2311 περιτομῆς
2858 2241 2887 2292 6
2926 2238 3120 2310 Πατὴρ
3152 2238 3222 2292 δι’
3258 2230 3414 2296 Υίοῦζ
3442 2239 3769 2292 Κεκένωται

2174 2331 2353 2383 τοίνυν
2370 2330 2430 2382 τὸ
2450 2329 2646 2400 πικρὸν
2662 2330 2756 2382 καὶ⁸
2776 2329 2990 2382 ἀνόσιον
3009 2327 3116 2381 τῶν
3138 2328 3204 2381 δι’
3217 2328 3469 2392 ἐναντίας
3484 2327 3766 2399 τόλμημα,

2179 2420 2255 2492 μὴ
2298 2420 2736 2475 καταδεισάντων
2767 2420 2963 2486 εἰπεῖν,
2999 2420 3075 2483 ὡς
3103 2420 3334 2490 ἐπείπερ
3365 2419 3611 2490 ἄμπελον
3666 2418 3771 2489 μὲν

2177 2510 2367 2564 ἐαυτὸν
2401 2511 2625 2582 εἴρηκεν
2654 2512 2682 2563 6
2724 2511 2876 2574 Υἱὸς,
2919 2510 3164 2581 γεωργὸν
3189 2510 3248 2563 δὲ
3283 2510 3375 2563 τὸν
3416 2510 3636 2581 Πατέρα
3668 2510 3774 2562 καὶ

2175 2601 2327 2667 Θεὸν,
2351 2603 2380 2655 6
2402 2601 2565 2664 αὐτὸς
2588 2601 2686 2654 οὐκ
2715 2600 2867 2653 ἔσται
2899 2600 3041 2654 κατὰ
3071 2600 3234 2669 φύσιν
3267 2602 3437 2671 αὐτῷ.
3464 2600 3638 2669 Λόγος
3656 2599 3774 2670 γάρ

2185 2694 2360 2759 οὐδεὶς
2389 2694 2692 2763 ἐπιτρέψει,
2723 2696 2877 2764 φησι,
2909 2693 3105 2746 ταυτὸν
3134 2695 3215 2757 είς
3239 2694 3427 2747 οὐσίαν
3446 2693 3687 2765 γεωργὸν
3703 2709 3773 2744 τε

502 2780 597 2833 καίΙ
639 2782 883 2852 ἄμπελον
937 2785 1179 2839 νοεῖσθαι
1226 2803 1375 2840 ποτε.
1422 2787 1589 2840 Ὅταν
1630 2779 1723 2839 οὖν
1755 2786 2077 2857 εὑρίσκηται
2114 2785 2361 2859 γεωργὸς
2412 2789 2440 2840 6
2503 2787 2631 2850 Υίὸς
2683 2785 2773 2840 διὰ
2829 2787 2927 2857 τῆς
2980 2788 3038 2839 ἐν
3119 2786 3393 2856 πνεύματι
3439 2784 3770 2857 περιτομῆς,

499 2870 890 2927 διακείσθωσαν
910 2875 1010 2944 ἤδη
1037 2876 1336 2940 λοιπὸν,ὡς
1362 2879 1589 2952 ἐπείπερ
1619 2880 1868 2951 ἀλλήλοις
1898 2883 2163 2953 ὁμοειδεῖς
2193 2885 2241 2936 oi
2267 2885 2525 2954 γεωργοὶ,
2588 2882 2725 2935 καθὸ
2779 2881 3088 2951 πεφύκασιν
3151 2882 3446 2954 ἄνθρωποι,
3504 2880 3776 2952 πρόδηλον

501 2966 581 3018 ὅτι
610 2965 710 3034 τῆς
739 2965 872 3036 πρὸς
895 2967 984 3020 τὸν
1013 2968 1229 3040 Πατέρα
1252 2970 1348 3022 καὶ
1370 2969 1503 3027 θεὸν
1529 2972 1945 3046 ὁμοουσιότητος
1976 2977 2077 3030 οὐκ
2115 2977 2394 3049 ἀλλότριος
2418 2977 2447 3028 6
2474 2976 2621 3038 Υἱός.

574 3056 766 3123 XV,5.
802 3058 929 3112 lam
967 3077 1054 3115 vos
1102 3065 1284 3120 mundi
1328 3068 1454 3122 estis
1507 3076 1722 3136 propter
1774 3085 2065 3125 sermonem

500 3165 653 3219 quem
682 3150 890 3206 locutus
922 3169 1037 3206 sum
1067 3155 1234 3211 vobis.

572 3239 886 3313 Discipulos
918 3245 1122 3300 indicio
1156 3256 1214 3303 et
1245 3260 1570 3320 argumento
1598 3244 1914 3308 certissimo
1953 3267 2076 3309 esse

501 3333 579 3389 ait
619 3334 754 3390 artis
783 3334 904 3405 ejus
943 3351 972 3390 a
996 3352 1106 3407 quo
1149 3349 1474 3411 purgantur.
1511 3342 1630 3398 Jam
1662 3344 1808 3398 enim
1841 3344 2071 3399 munda-

500 3430 592 3479 tos
620 3437 743 3479 esse
774 3424 995 3490 asserit,
1050 3435 1273 3497 propter
1320 3431 1501 3484 solum
1551 3446 1862 3488 sermonem
1914 3450 2075 3501 quem

501 3511 722 3566 locutus
769 3520 855 3566 est
892 3513 993 3575 eis,
1038 3514 1143 3569 hoc
1183 3524 1269 3572 est
1315 3518 1555 3573 divinam
1610 3530 1663 3576 et
1704 3524 2076 3593 evangelicam

502 3601 833 3658 doctrinam.
868 3602 968 3659 Hic
990 3612 1171 3661 autem
1199 3623 1381 3665 sermo
1411 3618 1497 3666 est
1522 3625 1551 3664 a
1581 3610 1821 3669 Christo.
1854 3616 1923 3670 At
1953 3609 2077 3686 quis

502 3706 651 3748 sanae
692 3694 892 3751 mentis
922 3712 1165 3767 unquam
1206 3699 1546 3758 dubitaverit
1579 3704 1714 3774 quin
1768 3706 1878 3762 l'alx
1910 3709 2077 3764 veluti

502 3782 753 3853 quaedam
785 3792 839 3839 et
880 3800 1075 3843 manus
1118 3787 1300 3846 Patris
1339 3792 1411 3847 sit
1455 3792 1567 3858 ille,
1601 3808 1699 3864 per
1730 3811 1892 3865 quem
1948 3806 2079 3852 sunt

501 3874 709 3941 omnia,
756 3877 809 3931 id
838 3885 921 3933 est
948 3876 1145 3946 Filius,
1181 3881 1279 3951 qui
1314 3883 1548 3939 culturae
1578 3893 1785 3942 nostra:
1815 3888 2072 3943 virtutem

503 3968 797 4036 adimplet,
850 3971 1244 4059 quam‘Patris
1286 3988 1536 4044 personae
1581 3977 1820 4045 tribuit,
1867 3979 2073 4037 docens

500 4060 688 4115 omnia
733 4076 857 4118 esse
907 4078 937 4116 a
990 4062 1174 4130 Patre,
1233 4077 1607 4125 verumtamen
1661 4077 1923 4142 tanquam
1982 4090 2077 4144 per

501 4152 626 4209 Filii
654 4154 910 4211 virtutem
938 4157 962 4210 ?
997 4156 1210 4213 Etenim
1238 4158 1552 4218 Servatoris
1587 4179 1772 4219 sermo
1814 4181 1916 4222 nos
1946 4182 2079 4236 pur-

501 4253 615 4317 gat,
660 4248 917 4317 quamvis
948 4249 1169 4306 colendi
1190 4254 1363 4308 nostri
1393 4253 1627 4326 oﬂicium
1655 4256 1933 4311 tribuatur
1966 4257 2076 4313 Deo

501 4352 567 4391 ac
597 4337 768 4391 Patri.
821 4356 840 4390 ι
875 4337 998 4409 Ipse
1028 4342 1174 4396 enim
1204 4351 1291 4398 est
1334 4346 1514 4410 vivus,
1569 4356 1624 4402 et
1659 4347 2076 4406 eliicacissimus

499 4429 623 4497 ejus
646 4443 852 4495 sermo,
872 4433 1189 4503 pertingens
1219 4451 1398 4506 usque
1429 4439 1495 4493 ad
1521 4440 1849 4496 divisionem
1883 4442 2077 4496 animae

500 4530 569 4570 ac
602 4516 853 4585 spiritus,
881 4533 1206 4592 compagum
1243 4539 1463 4594 quoque
1494 4541 1558 4580 ac
1595 4529 1983 4592 medullarum,
2021 4540 2075 4584 et

500 4605 769 4660 discretor
788 4609 1183 4678 cogitationum
1217 4621 1271 4667 et
1311 4615 1686 4671 intentionum
1729 4622 1915 4677 cordis
1939 4622 2006 4676 ¹¹.
2052 4640 2071 4674 ›

499 4693 822 4765 Pertingens
890 4699 1035 4752 enim
1108 4715 1284 4770 usque
1349 4703 1417 4758 ad
1478 4705 1811 4775 profundum
1882 4711 2077 4766 anima:

500 4784 790 4855 cujusque,
839 4796 893 4842 et
939 4790 1223 4844 occultum
1261 4794 1702 4867 uniuscujusque
1737 4814 1965 4871 scopum
2012 4815 2076 4857 ac

502 4877 846 4948 propositum
903 4879 1248 4950 exploratum
1303 4895 1356 4940 et
1395 4895 1665 4957 apertum
1724 4890 1968 4959 habens,
2016 4902 2076 4947 ut

502 4969 669 5036 Deus,
687 4969 847 5026 vanis
869 4972 1087 5042 quidem
1115 4976 1324 5032 nostris
1353 4978 1624 5036 institutis
1655 4991 1871 5036 acutam
1897 4985 2073 5039 aciem

501 5059 725 5118 adhibet
773 5077 873 5133 per
921 5064 1299 5122 elIicacitatem
1351 5070 1612 5140 Spiritus.
1666 5073 1729 5129 Id
1782 5077 1928 5129 enim
1980 5092 2079 5147 per

500 5152 881 5221 purgationem
945 5154 1275 5225 significari.
1316 5160 1654 5228 putabimus.
1723 5162 2076 5236 Quaecunque

499 5253 636 5293 vero
658 5248 856 5295 natura
890 5258 991 5299 sua
1017 5260 1120 5299 nos
1155 5246 1223 5301 ad
1269 5249 1495 5304 virtutis
1545 5251 1879 5308 desiderium
1911 5254 2073 5324 adju-

499 5336 653 5394 vant,
683 5329 798 5385 haec
829 5334 1186 5405 multiplicari
1227 5338 1358 5393 facit
1390 5340 1459 5395 ad
1493 5343 1717 5412 pietatis
1759 5346 2074 5403 fecundita-

499 5428 630 5475 tem.
669 5418 805 5474 Cum
840 5439 971 5495 ergo
999 5443 1097 5497 per
1122 5428 1317 5485 Filium
1344 5446 1374 5485 a
1408 5431 1575 5488 Patre
1603 5436 1834 5491 culturae
1868 5450 2075 5495 nostra:

499 5508 640 5564 ratio
666 5520 985 5582 peragatur,
1019 5520 1284 5590 numquid
1313 5523 1366 5576 in
1401 5523 1632 5579 nihilum
1665 5525 1883 5581 demum
1922 5532 2067 5585 reci-

2251 3070 2404 3139 Ἦὸη
2438 3070 2607 3139 ὑμεῖς
2638 3070 2886 3137 καθαροί
2914 3069 3054 3122 ἐστε
3078 3067 3176 3122 διὰ
3212 3068 3320 3122 τὸν
3342 3069 3546 3137 λόγον,
3566 3066 3638 3120 ὃν
3661 3069 3772 3120 λε-

2178 3161 2421 3229 λάληκα
2441 3161 2604 3229 ὑμῖν.
2628 3168 2637 3177 ’
2744 3163 2751 3171 '

2259 3250 2559 3317 Ἀπόδειξιν
2616 3252 2805 3323 ῶσπερ
2851 3250 3083 3322 διαφανῆ
3133 3268 3194 3303 τε
3240 3247 3336 3303 καὶ
3390 3247 3767 3318 ἀναμφίλογον

2177 3343 2278 3413 τῆς
2306 3342 2399 3396 τοῦ
2432 3343 2881 3414 διακαθαίροντος
2906 3344 3106 3406 αὐτοὺς
3141 3343 3336 3414 τέχνης
3376 3345 3610 3395 ποιεῖται
3639 3342 3773 3405 τοὺς

2182 3434 2450 3506 μαθητάς.
2489 3436 2627 3506 Ἤδη
2680 3435 2789 3507 γὰρ
2845 3436 3043 3498 αὐτοὺς
3094 3433 3525 3505 διακεκαθάρθαι
3580 3434 3770 3504 φησὶν,

2178 3528 2276 3597 οὐχ
2326 3526 2513 3599 ἐτέρου
2545 3526 2691 3590 τινὸς
2743 3525 3193 3590 ἀπολαύσαντας,
3238 3525 3396 3596 μόνον
3442 3524 3501 3578 δέ
3549 3525 3637 3578 διά
3675 3523 3772 3576 τὸν

2179 3618 2320 3688 πρὸς
2349 3618 2549 3682 αὐτοὺς
2565 3619 2867 3688 λαληθέντα
2900 3618 3078 3688 λόγον,
3103 3617 3247 3672 τοῦτ’
3269 3617 3508 3687 ἐστιτήν
3533 3616 3682 3671 θείαν
3705 3631 3772 3667 τε

2179 3709 2274 3764 καὶ
2299 3710 2662 3779 εύαγγελικὴν
2684 3712 2975 3780 ὑφήγησιν.
3007 3710 3181 3778 Λόγος
3210 3710 3267 3763 δὲ
3294 3704 3449 3773 οὗτός
3473 3711 3591 3762 ἐστι
3617 3711 3772 3782 παρά

2178 3800 2437 3871 Χριστοῦ.
2462 3798 2595 3855 Εἶτα
2637 3801 2721 3864 τίς
2761 3802 2869 3873 ἄρα
2914 3799 3031 3854 ἐστὶ
3070 3801 3181 3853 τῶν
3216 3795 3275 3854 εὗ
3308 3801 3668 3872 φρονούντων,
3706 3800 3773 3864 ὃς

2178 3893 2441 3947 ἐνδοιάσει
2475 3893 2682 3958 λοιπὸν,
2701 3895 2782 3947 ὃτι
2806 3892 3049 3966 δρεπάνη
3078 3910 3163 3957 τις
3189 3892 3378 3965 ὥσπερ
3402 3895 3497 3947 καὶ
3521 3895 3642 3965 χεὶρ
3670 3893 3769 3948 τοῦ

2178 3988 2415 4060 Πατρὸς,
2444 3990 2472 4042 6
2502 3989 2568 4041 δι’
2603 3981 2664 4040 οὗ
2712 3988 2780 4041 τά
2813 3988 2991 4042 πάντα
3023 3988 3139 4040 ἐστὶ
3163 4029 3178 4054 ,
3208 3986 3352 4040 τοῦτ’
3387 3987 3536 4041 ἐστιν
3567 3990 3595 4041 6
3615 3987 3768 4051 Υἱὸς,

2178 4078 2273 4150 τὴν
2296 4080 2397 4149 τῆς
2427 4081 2506 4144 είς
2533 4082 2682 4151 ἡμᾶς
2706 4081 2982 4152 γεωργίας
3013 4080 3292 4151 ἐνέργειαν
3319 4081 3673 4152 ἀποπληρῶν,
3699 4081 3772 4152 ἢν

2176 4169 2255 4239 τῷ
2283 4168 2375 4223 τοῦ
2408 4170 2623 4240 Πατρὸς
2679 4170 2987 4240 προσάπτει
3035 4169 3315 4241 προσώπῳ
3336 4210 3351 4235 ,
3382 4169 3648 4224 διδάσκων
3681 4171 3770 4223 ὅτι

2177 4259 2357 4314 πάντα
2400 4260 2499 4330 μὲν
2525 4261 2677 4331 παρὰ
2705 4261 2939 4332 Πατρὸς,
2968 4260 3108 4332 πλὴν
3137 4261 3212 4325 ὡς
3241 4262 3329 4314 διὰ
3355 4261 3639 4332 δυνάμεως
3668 4260 3769 4314 τοῦ

2176 4351 2309 4404 Υίοῦ
2340 4367 2354 4417 ;
2386 4352 2478 4404 καὶ
2505 4350 2614 4422 γὰρ
2642 4353 2670 4404 6
2697 4352 2790 4405 τοῦ
2841 4352 3096 4425 Σωτῆρος
3129 4354 3277 4424 ἡμᾶς
3304 4352 3647 4423 διακαθαίρει
3681 4353 3772 4405 3.6-

2176 4459 2272 4510 γος
2297 4484 2310 4508 ,
2343 4444 2518 4497 καίτοι
2553 4444 2654 4513 τῆς
2694 4444 2818 4497 καθ’
2859 4446 3007 4517 ἡμᾶς
3038 4443 3314 4517 γεωργίας
3342 4445 3774 4515 ἀνατεθειμένης

2107 4567 2153 4623 D
2181 4533 2259 4602 τῷ
2282 4532 2402 4623 Θεῷ
2456 4532 2551 4611 κα).
2598 4534 2794 4604 Πατρί.
2837 4553 2857 4585 ι
2897 4535 3068 4598 Αὐτὸς
3098 4537 3210 4619 γάρ
3254 4526 3464 4590 ἐστινό
3504 4534 3633 4599 ζῶν,
3670 4538 3769 4589 καὶ

2178 4622 2494 4693 τομώτατος
2527 4624 2692 4678 αὑτοῦ
2731 4625 2907 4693 λόγος,
2951 4629 2979 4679 6
3010 4626 3384 4697 διικνούμενος
3436 4626 3565 4699 άχρι
3611 4644 3766 4697 μερι-

2176 4713 2316 4784 σμοῦ
2362 4714 2542 4785 ψυχῆς
2588 4716 2682 4768 καὶ
2722 4716 3062 4787 πνεύματος,
3097 4718 3289 4789 ἁρμῶν
3320 4736 3377 4771 τε
3410 4721 3502 4772 καὶ
3529 4718 3761 4789 μυελῶν,

2176 4803 2271 4855 καὶ
2290 4805 2533 4874 κριτικὸς
2559 4805 2910 4877 ἐνθυμήσεων
2942 4806 3034 4861 καὶ
3053 4808 3269 4861 ἐννοιῶν
3291 4808 3538 4880 καρδίας.
3570 4828 3589 4859 ι
3612 4807 3761 4862 Κιθ-

2178 4896 2494 4966 ικνούμενος
2522 4896 2632 4968 γὰρ
2668 4900 2747 4961 εἰς
2796 4897 2863 4951 τά
2898 4899 3036 4971 βάθη
3069 4900 3168 4970 τῆς
3189 4901 3420 4955 ἑκάστου
3441 4901 3642 4972 ψυχῆς,
3668 4901 3763 4957 καὶ

2174 4984 2265 5038 τὸν
2307 4986 2364 5038 ἐν
2408 4986 2626 5059 ἑκάστῳ
2668 4984 3047 5060 κεκρυμμένον
3079 4992 3278 5045 σκοπὸν
3306 4992 3763 5046 ἀκατακάλυπτον

2172 5074 2312 5146 ἔχων
2340 5076 2414 5139 ὡς
2437 5074 2600 5140 θεὸς,
2627 5082 2740 5143 τοῖς
2786 5081 2884 5151 μὲν
2924 5082 3155 5146 εἰκαίοις
3197 5083 3352 5154 ἡμῶν
3376 5083 3758 5153 σπουδάσμασι

2170 5168 2271 5239 τὴν
2291 5166 2469 5233 ὀξεῖαν
2486 5171 2682 5239 ἐπάγει
2710 5172 2884 5243 τομὴν
2909 5172 2998 5227 διὰ
3020 5174 3117 5244 τῆς
3143 5174 3236 5227 τοῦ
3269 5174 3585 5245 Πνεύματος
3607 5175 3762 5245 ἐνερ⁴

2171 5259 2344 5327 γείας.
2373 5258 2544 5313 Τοῦτο
2567 5261 2699 5332 γὰρ,
2721 5257 2894 5333 οἶμαι,
2910 5264 3204 5335 νομιοῦμεν
3234 5265 3332 5336 τὴν
3357 5266 3751 5335 ἀποκάθαρσιν.

2172 5349 2253 5401 Τά
2273 5348 2330 5401 δὲ
2356 5350 2457 5403 ὅσα
2489 5349 2733 5419 πέφυκεν
2772 5353 3002 5421 ὠφελεῖν
3029 5356 3175 5426 ἡμᾶς
3207 5357 3286 5419 είς
3322 5356 3508 5426 ἔφεσιν
3529 5355 3755 5426 ἀρετῆς,

2170 5437 2345 5493 ταῦτα
2372 5439 2907 5506 πολυπλασιάζεσθαι
2947 5450 3092 5498 ποιεῖ
3120 5446 3253 5516 πρὸς
3283 5446 3685 5518 καρποφορίαν,
3720 5445 3756 5517 ἢ

2172 5536 2371 5590 νοεῖται
2426 5539 2548 5591 κατ’
2581 5539 2884 5596 εὐσέϐειαν.
2941 5542 3068 5595 Ὅτε
3123 5541 3301 5596 τοίνυν
3332 5541 3398 5596 δι’
3431 5539 3557 5595 Υίοῦ
3601 5537 3760 5614 παρὰ

570 5686 614 5718 ³⁸
641 5684 801 5745 Joan.
838 5704 890 5757 ι,
927 5690 1014 5747 16.
1094 5694 1140 5726 ²⁶
1166 5693 1329 5753 Joan.
1366 5714 1433 5754 xx
1461 5739 1476 5767 ,
1529 5701 1619 5756 22.
1697 5704 1737 5735 ²¹
1778 5702 1943 5760 Hebr.
1993 5724 2045 5762 iv
2072 5750 2086 5776 ,
2124 5711 2216 5765 12.
