4042 6204
312 340 421 397 357

1380 332 1449 386 IN
1474 328 1757 389 JOANNIS
1790 325 2237 384 EVANGELIUM
2269 326 2399 383 LIB.
2448 325 2511 379 Χ.

3476 331 3580 389 558

314 452 534 525 Πατρδς
567 449 871 520 ἐνεργεῖται
921 447 1101 513 καλῶς
1130 447 1231 518 τῆς
1274 449 1352 511 εἰς
1389 448 1540 517 ἡμᾶς
1580 445 1889 516 γεωργίαςί

2004 442 2089 497 dit
2145 439 2388 496 nefarius
2434 439 2530 494 ille
2577 437 3025 495 adversariorum
3076 445 3332 506 conatus,
3379 439 3579 498 Filium

313 543 535 613 τρόπος,
563 539 944 609 μεματαίωται
966 556 978 567 ·
1002 537 1118 600 πῶς
1151 538 1258 607 γὰρ
1291 538 1432 607 οὐχὶ,
1453 537 1514 589 τὸ
1532 536 1783 606 περιττὸν
1809 535 1905 589 καὶ

312 628 759 700 κακουργότατον
793 627 903 680 τῶν
941 627 1008 680 δι’
1042 627 1290 690 ἐναντίας
1333 627 1698 697 ἐπιχείρημα,
1722 626 1905 696 ἑτερο-

315 724 431 791 φυᾶ
457 721 550 774 τὸν
591 720 721 773 Υἰὸν
742 718 833 772 διὰ
854 717 1013 771 τοῦτο
1041 718 1313 787 λεγόντων
1342 717 1630 788 ὑπάρχειν,
1662 716 1737 779 ὡς
1767 714 1903 785 πρὸς

319 811 540 883 Πατέρα
580 811 675 863 καὶ
716 810 850 863 Θεὸν
879 850 893 874 ,
929 810 1229 881 ἐπειδήπερ
1282 808 1525 880 ἄμπελος
1574 809 1673 878 μὲν
1717 808 1902 873 αὐτὸς,

313 903 735 973 κατωνόμασται
782 901 837 954 δὲ
875 901 1118 973 γεωργὸς
1157 905 1185 954 6
1218 902 1446 972 Πατήρ;
1478 899 1903 957 Διασκεπτὲσθω

314 993 373 1047 δὲ
406 992 696 1057 πάλιν,καὶ
728 991 1098 1063 περιαθρείτω
1122 992 1330 1061 σαφῶς,
1360 993 1442 1045 ὅτι
1462 991 1740 1063 καθαροὺς
1763 988 1902 1047 εἶναι

312 1083 612 1156 διορίζεται
653 1085 781 1146 τοὺς
832 1082 998 1136 αὐτοῦ
1043 1083 1311 1154 μαθητὰς,
1349 1083 1471 1153 οὐχὶ
1501 1083 1687 1147 ἰδικῶς
1715 1100 1775 1137 τε
1808 1085 1923 1139 καὶ.

311 1175 720 1247 ἀφορισμένως,
750 1174 894 1227 τοῦτ’
925 1173 1060 1242 ἐστι,
1095 1174 1216 1246 δίχα
1243 1174 1336 1228 τοῦ
1370 1174 1727 1249 Μονογενοῦς,
1755 1177 1907 1247 ὲνερ-

313 1264 589 1335 γήσαντός
634 1281 688 1317 τι
726 1264 857 1338 περὶ
917 1265 1116 1329 αὐτοὺς
1168 1265 1262 1320 τοῦ
1315 1265 1453 1319 Θεοῦ
1501 1268 1598 1320 καὶ
1649 1268 1900 1339 Πατρός⁸

311 1354 430 1408 ἀλλ’
461 1353 696 1424 ἐπείπερ
742 1352 1024 1408 ἐπείθοντο
1049 1354 1125 1426 τῷ
1152 1356 1283 1431 παρ’
1307 1354 1472 1409 αὐτοῦ
1507 1355 1668 1427 λόγῳ.
1693 1357 1904 1430 ’Ὠσπερ

311 1440 407 1499 οὖν
456 1444 718 1509 ζωοποιός
761 1446 879 1498 ἐστι
922 1445 990 1498 δι’
1038 1445 1169 1500 Υἰοῦ
1200 1447 1293 1501 καὶ
1338 1449 1397 1502 ὲν
1428 1447 1562 1518 Υἰῷ,
1601 1449 1692 1502 τὸν
1720 1448 1902 1515 αὑτὸν,

311 1531 495 1608 οἶμαι,
528 1537 730 1608 τρόπον
766 1537 864 1590 καὶ
903 1537 1167 1605 γεωργὸς,
1197 1538 1315 1608 ἦτοι
1344 1538 1450 1592 τῶν
1478 1538 1762 1610 ἡμετέρων
1796 1538 1902 1609 ψυ-

310 1628 426 1697 χῶν
478 1628 839 1700 ἐπιμελητὴς,
875 1629 1103 1691 εἰκότως
1138 1628 1205 1684 ἂν
1248 1632 1420 1683 νοοῖτο
1453 1631 1635 1695 πάλιν,
1663 1632 1764 1702 οὐχ
1789 1632 1904 1685 ἐτέ-

312 1735 445 1788 ρως,
477 1718 509 1789 ἢ
540 1719 609 1771 δι’
637 1708 792 1773 Υἰοῦ.
822 1721 886 1773 Εἰ
908 1719 966 1774 δὲ
995 1722 1109 1782 τοῖς
1152 1719 1300 1784 ἅπαξ
1341 1720 1442 1774 οὐκ
1471 1721 1647 1793 ὀρθῶς
1673 1721 1901 1794 εἰρημέ-

2005 533 2237 589 diversa:
2265 547 2295 584 a
2331 531 2439 587 Oeo
2467 546 2531 586 ac
2555 528 2720 587 Patre
2753 538 2962 587 naturre
2992 530 3204 586 idcirco
3237 547 3360 588 esse
3392 533 3581 589 dicen-

2006 626 2144 680 tium
2182 625 2348 695 872
2375 624 2522 694 quod
2557 624 2685 679 vitis
2705 624 2930 695 quidem
2972 624 3122 694 ipse,
3158 622 3320 679 Pater
3353 620 3482 680 vero
3511 629 3582 681 sit

2006 714 2251 785 agricola
2307 714 2703 784 nuncupatus?
2756 712 3084 769 Consideret
3130 720 3316 769 autem
3383 729 3581 769 rursus

2003 812 2059 858 et
2116 804 2264 858 clare
2316 804 2735 876 circumspiciat
2806 806 2989 873 ipsum
3046 797 3293 861 statuere
3340 806 3581 861 mundos

2005 909 2131 951 esse
2195 911 2328 953 suos
2362 896 2700 966 discipulos,
2760 911 2870 950 non
2931 895 3192 966 privatim
3242 896 3463 966 quidem
3516 912 3581 952 ac

2005 988 2263 1051 seorsim,
2288 988 2340 1042 id
2377 995 2462 1044 est
2489 989 2700 1058 absque
2728 986 3047 1059 Unigenito,
3082 995 3346 1058 operante
3375 986 3487 1043 Deo
3516 1003 3581 1042 ac

2004 1078 2169 1136 Patre
2199 1098 2213 1135 :
2257 1079 2355 1136 sed
2378 1080 2507 1150 quia
2534 1080 2661 1150 ejus
2708 1080 2952 1135 sermoni
2988 1080 3273 1150 parebant.
3306 1079 3581 1146 Quemad—

2004 1166 2229 1221 modum
2256 1182 2388 1238 ergo
2418 1167 2670 1223 viviﬁcus
2699 1178 2786 1224 est
2816 1184 2914 1239 per
2948 1167 3147 1223 Filium
3203 1176 3258 1225 ct
3308 1169 3363 1223 in
3412 1169 3576 1232 Filio,

2005 1260 2220 1324 eodem,
2256 1269 2316 1315 ut
2347 1275 2495 1328 reor,
2524 1261 2691 1316 modo
2723 1261 2886 1317 etiam
2925 1259 3165 1332 agricola
3205 1262 3322 1317 sive
3369 1271 3580 1317 nostra-

2004 1364 2126 1403 rum
2212 1350 2521 1404 auimarum
2578 1351 2763 1405 cultor
2801 1352 2926 1423 jure
2967 1352 3166 1407 merito
3209 1368 3406 1409 rursus
3449 1370 3582 1409 cen-

2001 1439 2215 1495 sebitur
2286 1456 2395 1496 non
2446 1442 2605 1497 aliter
2664 1459 2830 1514 quam
2895 1459 2992 1513 per
3034 1443 3257 1499 Filium.
3317 1444 3475 1512 Quod
3529 1446 3578 1503 si

2004 1544 2113 1584 non
2157 1536 2307 1585 recte
2340 1532 2510 1587 semel
2546 1531 2707 1588 dictis
2738 1533 3108 1589 insistendum
3140 1535 3458 1590 existimant
3482 1536 3580 1607 qui

2004 1618 2167 1675 nobis
2221 1621 2504 1675 contraria
2552 1623 2771 1690 docent,
2815 1631 2869 1677 et
2924 1625 3055 1695 quia
3112 1625 3279 1680 vitem
3335 1629 3577 1698 seipsum

2003 1708 2266 1767 Christus
2291 1711 2451 1777 dixit,
2482 1713 2689 1770 idcirco
2712 1715 2760 1769 ei
2791 1724 3001 1770 natura:
3022 1701 3403 1772 {diversitatem
3430 1720 3579 1774 velut

307 1787 425 1872 νοις
450 1787 655 1864 οἰονται
679 1810 792 1866 δεῖν
822 1810 1105 1883 ἐπιμένειν
1121 1811 1171 1864 οἰ
1195 1811 1288 1865 τὸν
1322 1787 1563 1867 ἐναντιον
1601 1787 1741 1884 ἡμῖν.

2002 1817 2072 1858 ex
2099 1805 2431 1861 necessitate
2458 1806 2730 1870 tribuunt,
2766 1807 2897 1876 quid
2930 1814 3080 1862 vetat
3112 1809 3331 1863 demum
3367 1810 3581 1880 quomi-

309 1901 597 1966 σϐεύοντες
649 1902 828 1971 λόγον,
877 1904 972 1957 καὶ
1008 1902 1239 1974 ἐπείπερ
1280 1903 1524 1974 ἄμπελον
1550 1903 1741 1957 ἑαυτὸν
1794 1902 1900 1976 ἔφη

307 1992 564 2062 Χριστὸς,
578 1993 666 2047 διὰ
690 1993 867 2057 τοῦτο,
895 1993 1146 2064 καθάπερ
1171 1993 1229 2060 ὲξ
1269 1994 1533 2064 ἀνάγκης,
1558 1996 1636 2057 εἰς
1669 1993 1900 2065 ἔκφυλον

304 2083 608 2155 ἑτερότητα
662 2084 938 2156 παρωθεῖν
991 2084 1363 2149 ἐκϐιάζονται,
1392 2085 1446 2139 τί
1489 2085 1549 2138 τὸ
1579 2084 1787 2140 κωλύον
1820 2085 1899 2140 ἔτι

305 2175 400 2227 καὶ
423 2176 573 2245 ήμᾶς
597 2175 794 2239 αὐτοὺς
820 2176 908 2230 διὰ
940 2178 1041 2247 τῆς
1066 2176 1189 2246 ἴσης
1211 2176 1597 2247 ἀναισχυντίας
1619 2176 1754 2231 ἰέναι
1787 2178 1899 2232 λοι-

308 2267 433 2331 πὸν,
463 2267 556 2321 καί¹
584 2268 937 2339 περιτρέπειν
970 2268 1050 2321 ἔτι
1080 2268 1181 2329 καὶ
1211 2268 1310 2339 οὐχ
1335 2269 1561 2332 ἑκόντας
1587 2268 1783 2334 αὐτοὺς
1811 2268 1899 2323 διὰ

304 2359 406 2429 τῆς
454 2360 743 2431 ἰσοτρόπου
775 2359 1066 2431 φλυαρίας,
1093 2360 1193 2430 τῆς
1241 2361 1637 2432 μειρακιώδους
1662 2364 1897 2435 ταυτησί

306 2448 403 2501 καὶ
420 2448 649 2518 ἀνοήτου
676 2449 953 2513 παντελῶς
970 2450 1275 2522 διαλήψεως
1297 2452 1665 2507 άπανίσασθαι
1688 2454 1893 2523 φιλείν;

302 2539 369 2592 El
395 2538 507 2611 γὰρ
535 2539 763 2613 ἐπείπερ
820 2542 1059 2612 ἄμπελος
1106 2543 1322 2615 είρηται
1343 2582 1357 2605 ,
1390 2543 1477 2597 διὰ
1505 2543 1707 2613 ταύτην
1733 2545 1894 2599 αὑτὸν

299 2628 508 2683 οἴονται
544 2631 646 2702 τὴν
700 2631 900 2695 αἰτίαν,
931 2632 1030 2702 τῆς
1058 2633 1196 2704 πρὸς
1225 2634 1358 2686 Θεὸν
1386 2634 1480 2687 καὶ
1527 2635 1748 2705 Πατέρα
1776 2635 1893 2689 δια-

302 2720 527 2796 πίπτειν
584 2722 914 2793 οἰκειότητος
960 2728 1219 2796 φυσικῆς,
1256 2726 1349 2779 καὶ
1384 2725 1721 2795 ἐτεροούσιον
1754 2722 1892 2781 εἶναι

304 2792 605 2877 παντελῶς,
630 2811 863 2883 ἐπείπερ
884 2813 944 2865 οὐ
970 2813 1186 2878 ταυτὸν,
1205 2816 1286 2877 εἰς
1317 2814 1619 2885 ταυτότητα
1652 2815 1889 2884 φύσεως,

300 2901 548 2972 ἄμπελός
572 2919 630 2954 τε
662 2902 758 2956 καὶ
785 2902 1050 2973 γεωργὸς,
1078 2903 1130 2955 τί
1164 2905 1239 2975 μὴ
1267 2904 1362 2956 καὶ
1393 2906 1576 2973 ἡμεῖς,
1608 2904 1699 2959 τὸν
1728 2905 1891 2961 αὑτὸν

303 2994 533 3069 ἐκείνοις
563 2994 1030 3064 ἀνθυποφέροντες
1072 2995 1261 3065 ἀμαθῆ
1299 3014 1358 3049 τε
1383 2997 1478 3051 καὶ
1510 2998 1889 3069 ἀκομψότατον

302 3083 583 3156 λογισμὸν,
633 3085 809 3138 ἐκεῖνό
842 3102 1057 3155 φαμεν;
1092 3080 1240 3157 Ἀρα
1267 3087 1449 3157 μόνοις
1470 3088 1584 3152 τοῖς
1613 3089 1888 3161 κλήμασιν

303 3177 334 3245 ή
368 3175 479 3229 τῶν
524 3179 782 3247 γηπονεῖν
822 3174 1087 3231 εἰωθότων
1116 3177 1389 3232 ἐπιείκεια
1407 3178 1689 3251 λυσιτελὴς
1712 3179 1778 3236 ἂν
1803 3182 1892 3249 γέ-

303 3282 465 3331 νοιτο,
487 3267 732 3339 καὶπερὶ
759 3268 895 3337 μόνα
920 3267 1080 3338 τυχὸν
1103 3266 1171 3321 τὰ
1201 3268 1265 3321 ὲκ
1292 3267 1401 3323 τῶν
1428 3269 1696 3342 στελεχῶν
1728 3272 1891 3344 ἐξηρ-

300 3359 534 3430 τημένα,
566 3360 630 3413 τὸ
666 3360 731 3413 ὲκ
764 3361 863 3431 τῆς
902 3359 1100 3431 τέχνης
1146 3360 1483 3433 προϐήσεται
1526 3364 1820 3435 χρήσιμον,
1853 3366 1886 3437 ἢ

296 3450 559 3522 δεήσεταί
590 3468 733 3516 τινος
762 3450 1079 3522 ἐπιμελείας
1101 3452 1194 3505 καὶ
1222 3452 1361 3523 αὐτὴ
1387 3453 1498 3509 τῶν
1524 3454 1819 3526 κλημάτων
1851 3457 1885 3528 ἡ

298 3543 521 3613 τροφὸς,
550 3540 697 3597 τοῦτ’
719 3543 866 3597 ἔστιν
892 3545 926 3614 ή
957 3543 1225 3614 ἄμπελος,
1257 3538 1292 3619 ᾖ
1328 3545 1684 3617 προσπέφυκὲ
1719 3563 1778 3599 τε
1817 3546 1889 3600 τὰ

299 3632 359 3699 ἒξ
398 3633 570 3704 αὐτῆς
601 3634 698 3687 καὶ⁵
735 3635 1068 3704 ἐνήρμοσται
1109 3634 1390 3705 φυσικῶς;
1438 3636 1579 3690 Ἀλλ’
1610 3638 1786 3702 οὐδὲν,
1806 3633 1888 3691 οἰ-

300 3743 420 3796 μαι,
449 3726 636 3797 δεήσει
659 3725 796 3796 πρὸς
824 3724 1098 3793 ἀπόδειξιν
1121 3726 1284 3780 πόνου
1304 3744 1317 3757 ·
1347 3730 1565 3799 συνερεῖ
1590 3728 1699 3800 γὰρ
1726 3728 1887 3794 εὐθὺς

297 3817 432 3887 ήμῖν
457 3817 555 3870 καὶ
586 3816 749 3880 αὐτὸς
778 3818 807 3869 6
832 3815 900 3869 δι’
927 3816 1205 3882 ἐναντίας,
1230 3816 1305 3880 ῶς
1334 3818 1383 3870 εἰ
1421 3820 1495 3889 μή
1545 3836 1629 3883 τις
1675 3821 1887 3889 γένοιτο

295 3906 406 3962 τῶν
426 3905 743 3977 στελεχῶνή
770 3905 1012 3977 φροντὶς,
1039 3905 1147 3959 οὐδ’
1161 3906 1227 3961 ἂν
1249 3906 1432 3970 αὐτοῖς
1449 3908 1747 3979 ὲνυπάρξαι
1775 3912 1888 3973 τοῖς

295 3998 544 4069 κλήμασι
579 3998 641 4051 τὸ
670 3992 810 4052 εἶναι
836 3996 1015 4061 καλῶς
1040 4015 1053 4029 ·
1089 3998 1276 4070 ἐπειδὴ
1308 4000 1486 4053 τοίνυν
1508 4000 1756 4071 ἄμπελον
1788 4003 1886 4073 μὲν

297 4089 493 4144 ἑαυτὸν
526 4089 916 4162 κατωνόμακεν
964 4091 993 4144 6
1035 4090 1268 4161 Χριστὸς
1289 4131 1303 4156 ,
1338 4090 1507 4145 δεῖταί
1558 4110 1620 4161 γε
1656 4093 1764 4166 μὴν
1791 4094 1886 4148 καὶ

295 4177 433 4231 αὐτὸ
458 4179 560 4249 τῆς
589 4179 836 4249 ἀμπέλου
861 4178 922 4232 τὸ
976 4179 1224 4251 στέλεχος
1260 4180 1361 4251 τῆς
1385 4181 1480 4235 τοῦ
1510 4182 1875 4253 γηπονοῧντος

297 4270 629 4333 ἐπιεικείας,
658 4271 692 4342 ἢ
741 4270 917 4341 πάντη
958 4287 1022 4323 τε
1062 4271 1155 4325 καὶ
1186 4271 1403 4336 πάντως
1435 4273 1838 4346 ’ἀδικηθήσεται
1859 4291 1873 4306 ο

2002 1910 2109 1952 nus
2139 1896 2305 1951 etiam
2354 1913 2456 1954 nos
2492 1899 2661 1954 simili
2698 1907 2920 1955 utamur
2980 1901 3340 1971 impudentia,
3373 1917 3580 1972 eosque

2001 1985 2087 2040 vel
2110 1986 2313 2043 invitos
2353 2003 2616 2058 cogamus
2652 2004 2749 2059 per
2810 1989 3030 2046 easdem
3087 2006 3265 2061 nugas
3312 1991 3579 2061 juvenilis

2000 2076 2233 2148 hujusce
2277 2086 2334 2135 et
2375 2080 2585 2136 insana:
2619 2097 2849 2152 prorsus
2878 2083 3126 2138 stultitiae
3186 2085 3485 2155 progredi?
3517 2083 3577 2139 Si

2000 2172 2146 2226 enim
2179 2187 2245 2227 ex
2276 2187 2341 2228 eo
2372 2173 2521 2243 quod
2544 2174 2671 2229 vitis
2711 2175 2894 2231 dictus
2918 2183 3022 2240 est,
3062 2175 3271 2231 idcirco
3302 2191 3427 2253 eum
3460 2177 3579 2232 exi-

1998 2260 2225 2315 stimant
2263 2261 2331 2316 de
2353 2262 2748 2333 conjunctione
2784 2266 3021 2320 naturali
3058 2280 3184 2321 cum
3213 2264 3327 2321 Deo
3365 2281 3430 2321 ac
3469 2265 3577 2321 Pa-

1999 2356 2083 2406 tre
2129 2352 2406 2417 excidere,
2470 2363 2526 2410 et
2576 2356 2807 2414 alterius
2847 2374 2975 2414 esse
3015 2358 3178 2428 plane
3209 2359 3573 2424 substantiae,

1997 2442 2444 2512 quandoquidem
2494 2462 2603 2501 non
2662 2448 2803 2504 idem
2849 2457 2980 2505 sunt
3018 2450 3309 2507 identitate
3364 2460 3574 2507 naturae

1995 2534 2125 2588 vitis
2153 2542 2207 2589 et
2239 2536 2502 2606 agricola,
2535 2537 2731 2607 quidni
2758 2539 2923 2595 etiam
2956 2556 3057 2596 nos
3084 2543 3341 2597 eamdem
3371 2543 3425 2598 in
3449 2544 3570 2601 illos

1995 2626 2220 2681 stultam
2271 2636 2327 2681 et
2376 2628 2785 2697 putidissimam
2850 2630 3127 2687 rationem
3185 2642 3571 2702 retorquentes

1993 2716 2132 2772 illud
2189 2717 2467 2774 dicimus:
2524 2718 2663 2775 Num
2724 2721 2861 2777 solis
2902 2722 3222 2792 palmitibus
3272 2724 3569 2782 vinitorum

1995 2810 2238 2866 studium
2276 2812 2569 2876 conducet,
2596 2822 2651 2868 et
2686 2829 2815 2885 erga
2854 2829 2920 2869 ea
2960 2815 3137 2871 solum
3171 2831 3294 2886 qua:
3332 2818 3573 2886 pendent

1993 2916 2060 2956 ex
2091 2903 2304 2959 truncis
2334 2919 2429 2959 ars
2464 2901 2677 2961 utiliter
2701 2906 3072 2973 adhibebitur,
3111 2922 3181 2962 an
3213 2907 3398 2978 aliqua
3437 2926 3571 2966 cura

1994 2990 2260 3063 indigebit
2289 2995 2452 3049 etiam
2484 2996 2604 3066 ipsa
2655 2996 2844 3051 nutrix
2897 2998 3210 3068 palmitum,
3242 2999 3370 3054 vitis
3404 2999 3570 3055 nimi-

1992 3099 2134 3150 rum,
2170 3086 2260 3141 cui
2300 3085 2489 3141 adnati
2520 3094 2652 3143 sunt
2683 3087 2899 3144 surculi
2943 3097 2996 3143 et
3034 3089 3365 3145 naturaliter
3397 3091 3569 3147 inhae-

1993 3175 2155 3228 rent?
2184 3174 2348 3246 Atqui
2377 3177 2528 3238 nullo
2565 3177 2641 3243 id,
2674 3178 2892 3248 opinor,
2938 3178 3130 3234 labore
3165 3179 3570 3237 demonstrabi-

1991 3275 2123 3323 tur:
2164 3267 2283 3339 ipse
2311 3270 2517 3340 quippe
2545 3270 2730 3324 statim
2763 3270 2921 3324 nobis
2954 3270 3311 3327 adversarius
3357 3273 3569 3344 astipu-

1987 3361 2213 3427 labitur,
2239 3362 2347 3417 nisi
2375 3373 2696 3417 truncorum
2734 3377 2870 3417 cura
2895 3360 3147 3432 quaedam
3176 3364 3465 3429 habeatur,
3496 3380 3568 3421 ne

1986 3449 2126 3506 bene
2175 3451 2397 3521 quidem
2458 3450 2574 3507 fore
2624 3451 2960 3522 palmitibus.
3016 3452 3153 3509 Cum
3207 3468 3341 3525 ergo
3399 3456 3562 3511 vitem

1985 3544 2206 3615 quidem
2256 3545 2499 3616 seipsum
2542 3544 2799 3602 Christus
2862 3546 3266 3612 nominaverit,
3316 3547 3599 3620 adeoque

1982 3636 2103 3706 ipse
2130 3636 2259 3693 vitis
2285 3637 2496 3693 caudex
2518 3636 2779 3693 vinitoris
2802 3636 2987 3692 studio
3013 3637 3280 3709 indigeat,
3311 3639 3561 3709 alioquin

1983 3725 2244 3781 damnum
2292 3737 2655 3798 suscepturus
2681 3769 2696 3794 ,
2734 3728 3043 3798 cogitemus
3085 3731 3306 3786 tandem
3357 3729 3560 3787 Filium

1983 3833 2106 3875 esse
2134 3818 2298 3874 sicuti
2323 3836 2448 3887 nos,
2479 3828 2533 3876 et
2565 3835 2701 3875 cura
2743 3820 2928 3877 Patris
2960 3820 3250 3877 nobiscum
3288 3822 3559 3892 indigere,

1982 3926 2053 3966 ne
2083 3910 2203 3981 ipse
2235 3910 2291 3965 in
2327 3911 2477 3966 aliud
2508 3912 2771 3981 quiddam
2810 3927 2978 3983 quam
3023 3912 3170 3984 quod
3195 3921 3283 3970 est
3328 3928 3561 3970 conver-

1982 4008 2153 4068 tatur,
2189 4010 2243 4057 et
2285 4016 2390 4058 suo
2435 4003 2559 4057 loco
2618 4018 2714 4059 seu
2761 4002 3023 4059 ﬁrmitate
3065 4019 3183 4059 sua»
3208 4004 3449 4060 excidat.
3480 4004 3560 4062 Eo

1979 4094 2183 4164 quippe
2224 4109 2327 4150 nos
2355 4092 2578 4148 deducit
2612 4093 2707 4150 Dei
2736 4096 2975 4152 hostium
3002 4096 3270 4166 juvenilis
3293 4098 3557 4168 objectio.

1984 4182 2091 4239 Sed
2120 4185 2337 4239 valeant
2368 4185 2689 4241 istiusmodi
2721 4202 2899 4257 nugae,
2946 4196 3001 4243 et
3033 4188 3103 4243 ad
3154 4197 3380 4245 sanctos
3421 4205 3556 4261 apo-

1983 4277 2158 4332 stolos
2183 4285 2373 4332 nostra
2404 4278 2785 4347 progrediatur
2810 4279 3011 4335 oratio.

295 4358 637 4431 λογισῶμεθα
680 4359 868 4415 λοιπὸν
897 4364 957 4416 ὲν
980 4362 1131 4430 τάξει
1182 4364 1280 4435 μὲν
1328 4359 1467 4418 εἶναι
1502 4367 1568 4436 τῇ
1601 4364 1722 4419 καθ’
1744 4366 1892 4436 ἡμᾶς
1927 4367 2018 4423 τὸν
2055 4369 2201 4434 Υἰὸν,
2235 4368 2441 4423 δεῖσθαι
2472 4369 2530 4422 δὲ
2588 4370 2707 4440 μεθ’
2771 4370 2927 4442 ἡμῶν
2971 4372 3075 4443 τῆς
3120 4373 3270 4446 παρὰ
3341 4373 3556 4444 Πατρός

296 4450 649 4519 ἐπιμελείας,
685 4451 773 4506 ἵνα
821 4451 895 4522 μὴ
923 4452 1043 4531 ,καὶ
1112 4452 1274 4516 αὐτὸς
1325 4453 1405 4516 εἰς
1456 4452 1643 4526 ἕτερόν
1687 4471 1742 4507 τι
1808 4454 1938 4525 παρ’
1976 4455 2113 4528 ὅπερ
2154 4457 2272 4510 ἐστὶ
2316 4457 2743 4529 περιτρέπηται,
2770 4461 2866 4515 καὶ
2907 4461 3172 4537 διαπίπτῃ
3201 4466 3302 4535 τῆς
3350 4466 3556 4529 οἰκείας

295 4539 521 4605 τάξεως,
553 4542 671 4611 ῆτοι
691 4541 792 4611 τῆς
817 4541 1039 4612 ἐνούσης
1077 4542 1422 4625 ὲῦραιότητος
1444 4541 1610 4614 αὐτῷ.
1638 4542 1868 4611 Συνάγει
1904 4543 2012 4616 γὰρ
2036 4547 2115 4609 εἰς
2138 4548 2296 4600 τοῦτο
2334 4547 2517 4603 λοιπὸν
2544 4550 2651 4604 τῶν
2682 4550 2969 4624 θεομαχεῖν
3003 4556 3270 4610 εἰωθότων
3329 4559 3363 4627 ή
3414 4574 3554 4629 Δμει-

294 4630 563 4700 ρακιώδης
596 4631 862 4696 ἔνστασις.
894 4633 1033 4687 Ἀλλ’
1059 4618 1289 4704 οἰχέσθω
1321 4633 1419 4704 μὲν
1448 4634 1641 4699 ταῦτα,
1666 4634 1866 4705 πολλὴν
1904 4638 2162 4693 νοσοῦντα
2188 4640 2287 4712 τὴν
2309 4641 2584 4708 ἀϐουλίαν,
2604 4618 2789 4698 εἰσίτω
2817 4618 2888 4713 γέ
2911 4645 3018 4717 μὴν
3051 4648 3181 4719 περὶ
3215 4648 3324 4703 τῶν
3351 4618 3554 4720 ’ἁγίων

290 4720 605 4774 ἀποστόλων
636 4722 765 4793 ἡμῖν
793 4725 821 4776 6
849 4722 1025 4790 λόγος.

369 4832 388 4865 ι
436 4814 578 4882 Ἤδη
603 4814 733 4886 γὰρ,
783 4816 967 4886 φησὶν,
1003 4816 1162 4886 ὑμεῖς
1208 4815 1439 4886 καθαροί
1465 4815 1612 4879 ἐστε,
1646 4815 1735 4870 διὰ
1777 4816 1870 4870 τὸν

2053 4836 2071 4867 ι
2119 4815 2236 4871 Jam
2283 4818 2450 4883 enim,
2502 4818 2703 4888 inquit,
2756 4835 2855 4875 vos
2907 4821 3095 4876 mundi
3130 4825 3288 4891 estis,
3326 4840 3551 4901 propter

285 4903 449 4973 λόγον
477 4944 496 4970 ,
558 4905 618 4958 ὃν
680 4905 954 4976 λελάληκα
1008 4909 1137 4978 ὑμῖν
1171 4923 1185 4938 ο
1217 4927 1237 4959 ι
1276 4908 1475 4977 ὅμοιον·
1520 4907 1650 4960 ὼσεί
1701 4907 1872 4977 λέγοι,

284 4997 618 5069 Ιιέπρακται
656 5000 806 5070 παρὰ
854 4998 1071 5070 Πατρὸς
1111 4998 1199 5053 διὰ
1244 4999 1337 5052 τὸν
1369 4999 1501 5069 ἐμὸν
1547 4999 1737 5068 λόγον,
1778 4999 1873 5055 ἐπὶ

285 5090 544 5160 πρώτους
578 5091 744 5161 ὑμᾶς,
780 5092 808 5144 6
833 5092 931 5160 τῆς
957 5090 1158 5160 νοητῆς
1185 5090 1280 5143 καὶ
1307 5089 1395 5143 διὰ
1425 5089 1739 5160 Πνεύματος
1775 5092 1871 5145 καὶ

279 5187 345 5237 ἐν
373 5183 657 5255 Πνεύματι
690 5184 985 5255 νοουμένης
1013 5182 1425 5254 διακαθάρσεως
1465 5182 1688 5254 τρόπος.
1735 5183 1868 5238 Ἰδοὺ

278 5277 399 5333 τῶν
437 5277 658 5337 εἰκαίων
686 5276 823 5332 ἐθῶν
846 5317 863 5344 ,
910 5279 1006 5333 καὶ
1047 5277 1375 5350 νεκρότητος
1408 5278 1683 5349 κοσμικῆς
1726 5279 1861 5332 ἀπο·

280 5368 542 5435 ϐαλόντες
585 5372 683 5443 τήν
722 5369 943 5441 ὄχλησιν
968 5409 984 5435 ,
1027 5369 1237 5439 ἕτοιμοι
1294 5369 1432 5441 πρὸς
1482 5370 1864 5441 καρποφορίαν

285 5462 407 5518 ἐστὲ
438 5461 539 5533 τὴν
569 5462 814 5534 θεοφιλῆ.
866 5463 996 5518 Ἰδοὺ
1044 5462 1276 5533 νομικῆς
1325 5462 1712 5534 ἀπηλλάχθητε
1761 5464 1858 5518 καὶ⁸

285 5555 633 5627 εἰκαιοτάτης
678 5555 787 5609 τῶν
857 5554 1129 5608 Ἰουδαίων
1189 5554 1585 5625 ὲπιτηρήσεως.
1646 5553 1858 5619 Ἐξεκά-

287 5647 411 5718 θαρε
441 5648 604 5719 λόγος
647 5648 793 5717 ὑμᾶς
835 5650 865 5700 6
904 5648 1055 5719 ὲμός.
1097 5646 1173 5700 Οὐ
1223 5646 1332 5715 γὰρ
1389 5645 1468 5697 ἔτι
1506 5645 1858 5700 πολιτεύεσθε

290 5737 611 5803 Μωσαῖκῶς,
651 5738 768 5808 ῆτοι
807 5737 947 5792 κατὰ
980 5737 1071 5791 τὸν
1104 5733 1199 5789 τοῦ
1248 5733 1474 5804 νομικοῦ
1525 5734 1857 5807 γράμματος

1975 4919 2285 4960 sermonem
2308 4922 2469 4977 quem
2496 4906 2663 4978 873
2693 4910 2911 4966 locutus
2942 4928 3064 4967 sum
3097 4915 3257 4989 vobis
3284 4935 3298 4971 :
3343 4937 3362 4969 ι
3401 4934 3466 4974 ac
3498 4922 3547 4977 si

1971 4997 2202 5062 diceret,
2232 4996 2434 5054 Factus
2476 5008 2564 5054 est
2594 5000 2651 5054 in
2676 5016 2774 5059 vos
2806 5004 3017 5073 primos
3040 5019 3069 5059 a
3102 5004 3286 5071 Patre,
3322 5017 3548 5080 propter

1968 5105 2148 5145 meum
2171 5106 2502 5156 sermonem,
2527 5092 2913 5152 intellectualis
2938 5096 3050 5162 ille,
3068 5105 3123 5152 et
3154 5111 3252 5166 per
3280 5096 3545 5167 Spiritum

1967 5193 2130 5252 atque
2163 5183 2219 5238 in
2248 5182 2474 5254 Spiritu,
2508 5185 2850 5257 purgationis
2873 5186 3089 5242 modus.
3125 5185 3264 5243 Ecce
3294 5196 3541 5246 veterum

1969 5286 2183 5325 morum
2223 5281 2276 5327 et
2314 5272 2605 5329 mundanae
2664 5275 3016 5331 mortalitatis
3045 5275 3259 5347 abjecta
3290 5278 3543 5338 molestia

1969 5362 2036 5417 ad
2074 5362 2292 5432 pietatis
2326 5364 2542 5422 fructus
2569 5368 2955 5439 producendos
2997 5369 3176 5439 parati
3212 5370 3369 5427 estis.
3401 5370 3545 5428 Ecce

1969 5451 2129 5524 legali
2153 5463 2208 5510 et
2236 5457 2402 5511 stulta
2437 5464 2604 5529 atque
2644 5458 2945 5524 vanissima
2976 5458 3293 5518 Judaeorum
3350 5463 3545 5521 obser-

1970 5547 2192 5604 vatione
2251 5550 2417 5606 soluti
2472 5551 2629 5607 estis.
2686 5549 2883 5607 Sermo
2909 5567 3011 5610 vos
3057 5569 3214 5610 meus
3262 5555 3535 5627 purgavit.

1965 5637 2084 5693 Non
2117 5640 2230 5710 jam
2276 5641 2421 5696 enim
2474 5658 2542 5698 ex
2586 5641 2755 5701 Mosis
2817 5646 3142 5716 praescripto
3178 5646 3400 5711 vivitis,
3443 5654 3537 5700 aut

1961 5731 2114 5803 juxta
2162 5732 2349 5806 legalis
2379 5735 2575 5803 littera:
2609 5734 2830 5793 modum
2858 5757 2872 5793 :
2908 5754 3012 5795 nec
3059 5739 3205 5795 enim
3239 5737 3296 5794 in
3319 5735 3445 5793 cibo
3467 5750 3533 5793 ac
