4042 6204
484 337 587 394 559

1508 320 1564 378 S.
1596 321 1875 379 CYRILLI
1907 322 2375 379 ALEXANDRINI
2407 320 2728 379 ARCHIEP.

3627 326 3731 385 5‘30

480 450 635 512 potu,
670 453 772 494 nec
802 438 856 492 in
890 436 1282 492 lustrationum
1313 435 1592 501 doctrina,
1630 453 1729 493 nec
1752 438 2058 495 oblationi-

2172 441 2397 514 τρόπον·
2432 442 2558 497 οὔτε
2605 441 2716 513 7&9
2761 442 2821 496 ὲν
2860 439 3112 512 βρώμασι
3178 439 3277 494 καὶ
3321 390 3582 511 πόμασιν,
3614 444 3734 499 οὔτε

482 530 585 588 bus
655 531 905 587 cruentis
971 529 1469 586 sanctiﬁcationem
1527 529 1806 599 quaeritis,
1851 530 1947 587 sed
2000 531 2057 586 in

483 622 587 677 ﬁde
624 621 779 676 ﬁrma
808 619 992 691 perﬁci
1027 634 1125 674 vos
1153 620 1397 681 creditis,
1422 627 1479 674 et
1506 635 1605 690 per
1635 635 1856 675 omnem
1887 608 2060 676 actio-

479 730 605 769 ncm
645 714 845 768 bonam
882 713 1099 782 placere
1146 712 1256 767 Deo
1308 711 1567 769 studetis.
1608 712 1669 767 In
1721 713 1814 769 his
1854 713 2059 784 quippe

480 807 752 878 spiritalis
789 807 975 860 cultus
1024 805 1108 860 vis
1138 814 1193 860 et
1225 804 1369 859 ratio
1418 812 1719 874 spectatur.
1771 805 1876 872 Qui
1929 819 2060 877 ergo

483 895 755 967 purgandi
796 894 1043 957 veniunt,
1074 900 1262 956 erunt,
1294 892 1496 960 inquit,
1539 892 1706 948 sicuti
1740 908 1857 949 vos.
1897 892 2062 949 Doce-

484 987 695 1042 buntur
718 985 864 1039 enim
894 985 987 1054 qui
1016 999 1190 1051 nuper
1219 984 1427 1038 diaboli
1460 983 1646 1055 plagas
1667 990 2058 1048 excusserunt,

482 1088 538 1135 et
591 1077 919 1132 idololatriae
977 1075 1216 1147 expediti
1287 1076 1497 1146 laqueis
1565 1075 1895 1147 effugerunt,
1950 1090 2061 1130 non

485 1171 721 1240 amplius
746 1169 896 1223 illius
930 1168 1111 1223 vivere
1143 1167 1375 1238 legibus,
1410 1167 1531 1231 sed,
1569 1178 1821 1222 veterum
1853 1168 2060 1221 rituum

486 1262 805 1332 impuritate
829 1275 931 1315 ceu
966 1259 1126 1314 vanis
1158 1260 1333 1330 paleis
1359 1274 1617 1322 excussa,
1647 1266 1811 1329 atque
1834 1258 1907 1312 ita
1936 1271 2064 1329 pro-

485 1353 759 1410 ducendis
786 1353 1008 1423 pietatis
1042 1352 1322 1407 fructibus
1380 1366 1477 1422 per
1535 1351 1781 1406 divinam
1832 1352 2061 1421 gratiam

487 1446 671 1501 idonei
700 1444 919 1508 redditi,
952 1445 1238 1514 palmitum
1276 1443 1453 1499 instar
1498 1443 1633 1497 mihi
1680 1443 2060 1504 adhaerebunt,

485 1545 541 1593 et
568 1554 634 1593 ex
666 1536 938 1591 charitate
968 1551 1097 1606 erga
1129 1551 1216 1591 me
1247 1535 1548 1605 pendentes
1579 1534 1787 1589 inﬁuxu
1819 1531 2065 1604 Spiritus

487 1628 656 1684 corde
686 1628 1116 1698 saginabuntur,
1150 1635 1204 1681 et
1238 1642 1371 1699 meq?
1401 1626 1661 1682 bonitatis
1693 1625 1923 1695 gratiam
1969 1640 2067 1694 po-

2162 532 2270 603 μὴν
2322 533 2380 586 ὲν
2435 531 2678 602 διδαχαῖς
2734 529 3062 601 βαπτισμῶν
3086 570 3102 594 ,
3162 527 3278 583 ἀλλ’
3331 528 3454 582 οὐδὲ
3498 531 3623 594 ταῖς
3668 527 3736 609 ὃς

2157 624 2405 695 αἱμάτων
2454 624 2846 694 προσαγωγαῖς
2911 621 3273 691 ὲκζητήσεται
3325 620 3461 692 [γρ.
3513 620 3742 695 ἐκζητή-

2161 735 2283 772 σετε
2307 716 2327 790 ]
2357 716 2450 771 τόν
2478 716 2775 788 ἀγιασμδν,
2816 714 2930 769 ἀλλ’
2958 714 3016 766 ὲν
3051 712 3233 767 πίστει
3261 712 3457 784 βεϐαίᾳ
3496 714 3732 786 πληροῦ-

2162 810 2287 865 σθαι
2319 810 2630 874 πιστεύετε,
2677 809 2771 863 καὶ
2806 808 2895 862 6ιά
2932 807 3112 876 πάσης
3150 806 3522 876 ἀγαθουργίας
3546 807 3742 880 εὐαρε-

2162 904 2307 956 στεῖν
2334 900 2414 972 τῷ
2441 899 2562 971 Θεῷ
2588 898 2939 963 σπουδάζετε.
2967 897 3265 968 Θεωρεῖται
3307 896 3418 967 γὰρ
3445 897 3503 949 ὲν
3532 896 3744 962 τούτοις

2159 996 2260 1066 τῆς
2315 993 2698 1066 πνευματικῆς
2745 990 3004 1062 λατρείας
3058 991 3093 1060 ή
3144 988 3392 1060 δύναμις.
3443 989 3508 1043 Οἱ
3559 988 3743 1043 τοίνυν

2160 1082 2717 1157 ἀποκαθαρθήσεσθαι
2749 1081 3071 1153 μέλλοντες,
3102 1079 3316 1133 ἔσονται
3337 1118 3355 1145 ,
3414 1079 3587 1150 φησὶ,
3618 1077 3743 1132 καθ’

2163 1180 2327 1249 ὑμᾶς.
2356 1176 2817 1246 Παιδευθήσονται
2842 1174 2973 1245 γάρ,
3001 1173 3053 1226 οἱ
3090 1170 3189 1243 μὲν
3225 1170 3351 1241 ἄρτι
3378 1172 3477 1242 τῆς
3501 1168 3596 1223 τοῦ
3623 1170 3737 1224 δια·-

2164 1271 2322 1325 ϐόλου
2349 1271 2592 1340 σαγήνης
2624 1267 3070 1338 ὲκδιδράσκοντες
3096 1303 3112 1330 ,
3160 1265 3256 1318 καὶ
3293 1262 3422 1327 τοὺς
3454 1262 3555 1333 τῆς
3586 1262 3742 1315 εἰδω-

2162 1364 2482 1433 λολατρείας
2523 1359 2840 1432 διαδράντες
2898 1356 3126 1428 βρόχους
3149 1395 3164 1420 ,
3221 1353 3406 1408 οὐκέτι
3463 1351 3560 1423 μὲν
3618 1351 3742 1414 ,τοῖς

2164 1458 2373 1513 ἐκείνου
2398 1451 2774 1509 πολιτεύεσθαι
2792 1449 2998 1520 νόμοις,
3024 1444 3479 1515 ἀποτιναξάμενοι
3500 1442 3557 1497 δὲ
3577 1442 3745 1496 καθά·

2164 1568 2272 1621 περ
2318 1549 2524 1602 εἰκαῖον
2563 1543 2848 1617 συρφετὸν,
2886 1540 2984 1611 τὴν
3011 1534 3396 1609 τῶνάρχαίων
3423 1535 3562 1590 ὲθῶν
3606 1535 3742 1588 ἀκαο

2167 1642 2416 1714 θαρσῐαν,
2449 1639 2593 1693 οῦτω
2624 1655 2684 1690 τε
2714 1634 2903 1690 λοιπὸν
2927 1631 3220 1703 ἐπιτήδειοι
3249 1630 3386 1709 πρὸς
3406 1631 3467 1682 τὸ
3486 1627 3743 1682 δύνασθαι

487 1727 673 1776 tantes
706 1720 914 1784 vivent,
949 1728 1112 1789 atque
1145 1718 1210 1774 ad
1247 1719 1503 1789 pietatem
1534 1720 1771 1773 alentur.
1807 1717 2066 1772 Israelita:

2172 1733 2540 1804 καρποφορεῖν
2592 1728 2662 1782 τά
2722 1728 2822 1797 τῆς
2876 1721 3162 1794 θεοφιλοῦς
3212 1723 3414 1794 ἀρετῆς
3468 1720 3629 1792 ἔργα,
3662 1715 3747 1771 διὰ

487 1828 624 1869 vero
656 1828 784 1867 cum
819 1811 924 1868 ﬁde
975 1812 1108 1867 mihi
1141 1812 1438 1882 palmitum
1485 1811 1665 1866 instar
1713 1811 2065 1875 adhaascrint,

488 1914 621 1961 tunc
652 1921 811 1973 sane,
848 1913 982 1960 tunc
1014 1904 1132 1960 mei’
1162 1905 1444 1961 sermonis
1477 1905 1856 1975 purgationem
1887 1912 2070 1958 mente

489 1998 881 2069 suscipientes,
911 2012 1020 2052 non
1049 1997 1161 2067 jam
1198 1998 1395 2052 litterae
1440 1998 1724 2053 mordicus
1776 1997 2066 2062 inhaerent,

489 2103 593 2144 nec
648 2088 841 2158 ﬁguris
888 2087 1212 2142 umbraticis
1258 2086 1423 2141 sicuti
1476 2102 1623 2141 nunc
1671 2087 1840 2142 corde
1883 2085 2067 2155 allixi,

488 2195 679 2236 verum
708 2195 773 2236 ac
812 2180 1115 2251 spiritalem
1148 2181 1355 2234 cultum
1392 2177 1503 2233 Deo
1533 2179 1837 2249 proferunt.
1883 2197 1902 2230 ι
1942 2177 2069 2248 Spi-

489 2272 632 2327 ritus
660 2270 806 2326 enim
849 2270 994 2326 Deus
1025 2262 1214 2336 est,'et
1257 2285 1353 2326 eos
1386 2269 1480 2340 qui
1528 2269 1762 2325 adorant
1804 2285 1967 2335 eum,
2013 2268 2069 2323 in

492 2363 688 2433 spiritu
719 2372 774 2418 et
796 2364 1029 2419 veritate
1062 2370 1281 2433 oportet
1316 2362 1552 2417 adorare
1577 2365 1645 2416 “.
1687 2382 1706 2415 ι
1745 2361 1916 2416 Simul
1939 2377 2071 2433 ergo

494 2463 548 2509 et
577 2467 770 2509 eorum
812 2454 907 2524 qui
940 2454 1211 2525 purgandi
1251 2460 1381 2509 sunt
1413 2453 1651 2508 futuram
1701 2453 2071 2524 pulchritudi-

492 2559 618 2600 nem
646 2546 795 2600 clare
823 2547 1050 2616 exponit
1083 2562 1180 2618 per
1216 2546 1434 2603 modum
1474 2547 1709 2618 exempli
1752 2549 1869 2603 suis
1903 2547 2072 2602 disci-

490 2636 660 2705 pulis,
692 2644 747 2690 et
786 2651 882 2692 eos
910 2638 1087 2708 magis
1112 2638 1401 2710 magisque
1432 2638 1723 2694 conﬁrmat
1756 2638 1822 2693 ad
1848 2638 2073 2694 uberio-

478 2743 606 2789 rem
658 2728 840 2784 adhuc
883 2729 1143 2784 virtutem
1189 2714 1609 2793 οεευωθηάοπη,’
1632 2729 1933 2784 ostendens
1972 2744 2068 2786 cos

491 2835 603 2877 non
637 2819 841 2875 frustra
866 2820 969 2875 sibi
1002 2820 1321 2883 adhaesisse,
1348 2834 1452 2874 nec
1480 2819 1733 2874 inutilem
1776 2819 1858 2874 eis
1892 2820 2069 2876 fuisse

492 2911 799 2985 doctrinam
831 2919 884 2965 et
914 2911 1317 2965 institutionem
1351 2910 1748 2981 evangelicam,
1786 2925 1884 2980 per
1906 2925 2072 2981 quam

496 3001 742 3056 universi
774 3002 928 3057 orbis
972 3002 1289 3057 hominibus
1326 3016 1485 3072 opem
1526 3000 1745 3057 allaturi
1779 3010 1958 3067 erant,
1989 3017 2075 3058 se-

2168 1827 2266 1897 τῆς
2313 1824 2475 1887 θείας
2512 1819 2923 1890 ἀποδειχθέντες
2975 1816 3228 1889 χάριτος,
3264 1812 3561 1883 κλημάτων
3589 1808 3745 1878 δίκην

2169 1916 2293 1987 ἐμοὶ
2328 1912 2805 1984 προσαφθήσονται
2827 1948 2842 1975 ,
2888 1908 2985 1962 καὶ¹
3031 1907 3253 1977 ἀγάπης
3280 1905 3382 1975 τῆς
3410 1905 3491 1967 είς
3529 1901 3629 1972 ἐμὲ
3662 1901 3750 1967 ἐξ·

2169 2005 2472 2080 ηρτημένοι
2494 2002 2886 2074 πιανθήσονται
2921 1999 3021 2071 τὴν
3048 1999 3275 2069 καρδίαν
3296 1998 3416 2059 ταῖς
3447 1994 3540 2048 τοῦ
3572 1991 3748 2047 Πνεύ-

2174 2115 2344 2172 ματος
2366 2095 2696 2169 ἐπιρροίαις,
2738 2092 2834 2147 καὶ
2873 2091 2971 2162 τὴν
2996 2090 3098 2161 τῆς
3124 2089 3264 2160 ἐμῆς
3291 2087 3623 2157 ἀγαθότητος
3651 2085 3750 2137 ὲκ-

2172 2192 2418 2253 πίνοντες
2465 2187 2624 2259 χάριν
2666 2184 3036 2256 διαζήσονται,
3069 2181 3164 2235 καὶ
3204 2180 3571 2252 τραφήσονται
3612 2175 3750 2246 πρὸς

2170 2281 2475 2337 εὐσέϐειαν.
2508 2280 2572 2333 Οἱ
2603 2278 2661 2332 δὲ
2711 2276 2818 2349 μὴν
2861 2275 2918 2342 ἐξ
2973 2274 3225 2345 Ἰσραὴλ,
3286 2273 3415 2325 ὅταν
3446 2272 3510 2341 τῇ
3569 2267 3752 2321 πίστει

2172 2373 2578 2448 προσηλωθεῖεν
2609 2371 2752 2443 ἐμοὶ,
2777 2368 3075 2439 κλημάτων
3103 2367 3158 2419 δὲ
3174 2365 3329 2420 αὐτοὶ
3346 2359 3753 2432 παραρτηθεῖεν

2172 2467 2350 2535 δίκην,
2402 2464 2524 2517 τότε
2573 2463 2660 2533 δὴ,
2707 2460 2830 2514 τότε
2862 2458 2961 2530 τὴν
3000 2455 3091 2510 διὰ
3128 2455 3219 2510 τὸν
3267 2453 3398 2524 ἐμὸν
3440 2451 3602 2519 λόγον
3636 2448 3757 2500 6m-

2175 2557 2444 2626 κάθαρσιν
2470 2556 2551 2617 είς
2572 2551 2698 2606 νοῦν
2714 2549 3020 2620 δεξάμενοι,
3038 2546 3221 2600 οὐκέτι
3239 2544 3337 2614 μὲν
3361 2545 3424 2613 τῇ
3448 2540 3541 2594 τοῦ
3567 2538 3759 2609 γράμ-

2178 2662 2348 2717 ματος
2395 2642 2723 2715 προσεδρείᾳ
2763 2638 3124 2711 σχολάζουσι,
3174 2635 3298 2689 οὐδὲ
3354 2636 3468 2696 τοῖς
3520 2633 3578 2685 ὲν
3620 2633 3762 2701 σκιᾷ

2174 2736 2591 2811 προσπήξαντες
2614 2733 2805 2797 τύποις
2830 2772 2845 2798 ,
2887 2731 3141 2805 καθάπερ
3168 2724 3324 2793 νυνὶ,
3359 2725 3459 2797 τὴν
3501 2723 3759 2795 καρδίαν,

2172 2829 2271 2899 τὴν
2307 2826 2480 2899 ἀληθῆ
2510 2826 2605 2879 καὶ
2645 2825 2704 2877 ὲν
2751 2822 3024 2893 πνεύματι
3057 2819 3313 2890 λατρείαν
3343 2812 3765 2888 καρποφοροῦσι

2172 2914 2252 2985 τῷ
2279 2913 2418 2984 Θεῷ.
2455 2931 2474 2964 ι
2509 2911 2737 2982 Πνεῦμα
2783 2912 2893 2983 7&9
2939 2912 2967 2964 ό
3011 2909 3174 2975 Θεὸς,
3227 2908 3479 2968 καὶτοὺς
3509 2919 3763 2975 προσκυ-

2174 3006 2399 3070 νοῦντας
2432 3005 2615 3070 αὑτὸν,
2646 3005 2703 3058 ὲν
2730 3003 3003 3074 πνεύματι
3029 3002 3126 3055 καλ⁵
3167 3000 3395 3072 ἀληθείᾳ
3418 2999 3498 3052 δεῖ
3520 3013 3767 3069 προσκυ-

493 3092 646 3164 ipsos
679 3094 988 3163 exemplum
1024 3094 1375 3150 credentibus
1409 3094 1465 3149 in
1499 3093 1779 3150 Christum
1823 3095 2068 3166 praeben-

2174 3098 2308 3152 νεῖν.
2349 3116 2368 3150 ι
2418 3095 2587 3168 Ὁμοῦ
2631 3094 2958 3167 τοιγαροῦν,
2999 3094 3093 3147 καὶ
3133 3093 3245 3147 τῶν
3293 3092 3592 3163 μελλόντων
3635 3088 3768 3141 διαι

494 3192 601 3239 tes.
634 3183 913 3255 Scriptum
941 3184 1088 3239 enim
1116 3191 1202 3241 est
1239 3184 1307 3240 de
1331 3185 1563 3251 sanctis,
1594 3186 1802 3240 exitum
1840 3201 2077 3241 conver-

2172 3189 2621 3262 καθαρθήσεσθαι
2660 3187 2849 3257 σαφῶς
2880 3186 3119 3241 δεικνύει
3165 3186 3225 3239 τὸ
3258 3185 3513 3254 ἐσόμενον
3560 3180 3766 3243 κάλλος

494 3274 728 3331 sationis
759 3275 928 3349 874
959 3291 1150 3332 eorum
1203 3292 1329 3335 esse
1372 3277 1759 3349 spectandum,
1806 3288 1861 3334 et
1913 3278 2068 3335 ﬁdem

2172 3284 2249 3350 ὡς
2271 3286 2326 3338 ὲν
2351 3282 2716 3353 ὑποδείγματι
2746 3282 2860 3343 τοῖς
2889 3278 3081 3333 ἑαυτοῦ
3109 3277 3396 3349 μαθηταῖς,
3429 3275 3525 3328 καὶ
3557 3272 3765 3335 αὐτοὺς

494 3365 820 3422 imitandam
847 3368 937 3426 "‘.
971 3368 1175 3424 Paulus
1199 3377 1382 3424 autem
1412 3369 1575 3425 etiam
1612 3369 1681 3425 ad
1712 3369 2068 3425 imitationem

2173 3375 2231 3430 δὲ
2279 3373 2540 3446 μειζόνως
2580 3370 3016 3443 παραθαρσύνει,
3062 3371 3199 3442 πρὸς
3229 3367 3496 3439 ἀνάληψιν
3523 3366 3623 3434 τῆς
3676 3363 3761 3416 ἔτι

497 3456 584 3510 sui
611 3455 801 3513 ﬁdeles
825 3458 1028 3527 sapius
1058 3460 1256 3513 invitat
1281 3460 1351 3512 ³³.

2178 3464 2584 3537 πλουσιωτέρας
2606 3464 2835 3536 ἀρετῆς,
2853 3463 2952 3516 οὐκ
2981 3461 3195 3515 εἰκαίαν
3221 3460 3403 3523 αὐτοῖς
3423 3452 3764 3526 γεγενῆσθαι

493 3546 596 3617 τὴν
619 3548 979 3618 προσεδρείαν
1002 3586 1016 3609 ,
1044 3548 1139 3600 καὶ
1166 3547 1265 3618 τὴν
1291 3549 1358 3601 ὲκ
1387 3548 1487 3618 τῆς
1518 3551 1892 3622 γεγενημένης
1946 3552 2299 3618 διδασκαλίας
2345 3552 2635 3621 ἀποδείξας
2677 3552 2958 3606 παίδευσιν
2979 3589 2994 3615 ,
3051 3548 3412 3618 εύαγγελικῆς
3471 3546 3530 3600 δὲ
3566 3545 3764 3615 δηλον-

499 3640 586 3694 ότι
616 3640 820 3712 φαμὲν,
877 3640 943 3694 δι’
988 3634 1057 3712 ἧς
1089 3639 1315 3710 ἔμελλον
1358 3641 1515 3695 αὐτοὶ⁵
1545 3644 1674 3708 τοὺς
1716 3646 1863 3699 κατὰ
1897 3648 2079 3701 πᾶσαν
2116 3646 2277 3711 ὄντας
2312 3648 2531 3718 ὀνήσειν
2561 3646 2662 3718 τὴν
2690 3645 3042 3718 οἰκουμένην,
3067 3644 3297 3708 ἑαυτοὺς
3332 3643 3411 3707 είς
3471 3639 3767 3694 ὑποτύπω-

499 3746 586 3786 σιν
651 3733 766 3796 τοῖς
818 3732 899 3795 εἰς
957 3732 1194 3804 Χριστὸν
1226 3732 1552 3787 ’πιστεύουσι
1601 3737 1988 3807 παρεχόμενοι.
2036 3739 2351 3812 Γέγραπται
2403 3738 2513 3812 γὰρ
2559 3739 2690 3812 περὶ
2736 3738 2845 3792 τῶν
2905 3737 3117 3807 ἁγίων,
3174 3736 3251 3800 ὼς
3306 3735 3577 3807 προσήκει
3647 3732 3757 3803 μὲν

497 3821 680 3878 αὐτῶν
705 3821 1040 3894 ἀναθεωρεῖν
1061 3822 1160 3893 τὴν
1182 3822 1408 3879 ἔκϐασιν
1436 3825 1537 3896 τῆς
1568 3827 1938 3900 ἀναστροφῆς,
1981 3831 2076 3884 καὶ
2112 3831 2282 3903 αὐτὴν
2306 3830 2364 3885 δὲ
2395 3830 2682 3903 μιμεῖσθαι
2717 3830 2814 3902 τὴν
2856 3830 3060 3884 πίστιν.
3100 3827 3324 3882 Ἑαυτοῦ
3387 3827 3446 3880 δὲ
3505 3825 3765 3894 γίνεσθαι

502 3916 749 3989 μιμητάς
782 3918 909 3983 τοὺς
934 3918 1014 3989 τῷ
1053 3918 1173 3991 Θεῷ
1196 3918 1564 3991 λατρεύοντας
1594 3921 1896 3995 προτρέπει
1925 3923 2020 3977 καὶ
2052 3925 2081 3977 ό
2118 3924 2348 3990 Παῦλος.

572 4007 691 4076 XV,
730 4009 787 4063 Δ.
817 4008 1027 4065 Μαηειε
1062 4010 1116 4065 in
1147 4026 1248 4077 me,
1279 4019 1329 4065 et
1361 4028 1455 4083 ego
1490 4013 1545 4067 in
1572 4012 1742 4069 vobis.
1781 4013 1935 4070 Sicut
1955 4014 2068 4084 pal-

2249 4018 2508 4073 Μείνατε
2556 4017 2626 4071 ἐν
2669 4017 2799 4086 ἐμοὶ
2824 4056 2840 4083 ,
2891 4014 3054 4084 κάγὼ
3100 4014 3170 4068 ἐν
3216 4011 3379 4083 ὑμῖν.
3428 4009 3634 4076 Καθὼς
3690 4009 3768 4064 τὸ

498 4116 608 4156 mes
633 4117 739 4155 non
764 4111 934 4169 potest
956 4102 1094 4172 ferre
1122 4101 1356 4172 fructum
1383 4120 1416 4156 a
1460 4105 1759 4173 semetipso,
1789 4106 1896 4161 nisi
1924 4123 2068 4161 man-

2182 4108 2388 4179 κλῆμα
2434 4110 2507 4163 οὐ
2545 4107 2796 4163 δύναται
2847 4105 3053 4178 φέρειν
3100 4105 3335 4175 καρπὸν
3374 4103 3476 4174 ἀφ’
3513 4101 3765 4164 ἑαυτοῦ,

499 4193 629 4247 serit
651 4193 708 4247 in
739 4190 880 4260 uite,
901 4194 976 4249 sic
998 4210 1092 4250 nec
1126 4212 1238 4263 vos,
1272 4198 1380 4252 nisi
1408 4198 1464 4251 in
1494 4202 1587 4253 me’
1606 4199 1931 4254 manserilis.

571 4371 788 4429 Rursus
810 4380 1067 4428 accurate
1098 4372 1279 4429 locum
1311 4373 1460 4429 hunc
1485 4374 1888 4445 perpendentes
1909 4388 2080 4446 agno-

504 4478 725 4520 scemus
762 4464 999 4533 primum
1040 4479 1180 4533 opus
1211 4465 1475 4522 salutaris
1504 4480 1569 4520 ac
1599 4466 1703 4536 piae
1750 4482 1899 4523 curae
1930 4482 2075 4532 esse,

505 4568 603 4624 per
628 4552 790 4607 ﬁdem
847 4553 1125 4608 sinceram
1159 4568 1226 4609 ac
1254 4570 1442 4609 veram
1487 4570 1518 4609 a
1566 4554 1790 4613 Christo
1846 4558 2075 4628 suscipi.

505 4642 626 4699 Hoc
668 4644 817 4697 enim
869 4652 957 4700 est
995 4645 1210 4699 censeri
1258 4646 1477 4701 demum
1517 4647 1661 4701 inter
1695 4649 1949 4717 palmites
1984 4649 2078 4719 qui

500 4747 647 4790 verte
669 4735 789 4799 viti,
821 4734 879 4789 id
907 4744 992 4791 est
1017 4734 1240 4791 Christo
1267 4736 1569 4794 adhaerent.
1603 4737 1871 4795 Secundae
1897 4747 2079 4796 autem

501 4840 649 4882 cura
679 4823 919 4880 fructum
952 4841 1078 4882 esse
1100 4840 1246 4895 reor,
1272 4828 1425 4882 nullo
1456 4829 1620 4885 modo
1660 4832 1837 4901 prima
1865 4831 1961 4886 illa
1993 4832 2079 4887 in-

498 4916 781 4983 feriorem,
820 4916 934 4973 imo
972 4916 1240 4987 majorem
1294 4920 1722 4978 sollicitudinem
1785 4922 1842 4977 in
1895 4923 2079 4994 seipse

498 5009 900 5075 continentem,
943 5009 1227 5066 adherere
1272 5010 1532 5067 nimirum
1575 5028 1640 5070 ac
1681 5012 1911 5068 ﬁrmiter
1946 5030 2080 5070 con-

494 5099 654 5174 iungi
681 5101 792 5159 Deo
824 5116 926 5174 per
952 5102 1279 5158 charitatem
1309 5119 1620 5175 operosam,
1650 5119 1773 5176 qua:
1802 5106 1980 5161 sancti
2014 5121 2079 5162 ac

503 5193 676 5249 divini
701 5193 945 5250 mandati
968 5192 1360 5266 perfectionem
1382 5198 1652 5253 continet.
1671 5196 1787 5253 Hoc
1807 5197 1951 5253 enim
1976 5213 2078 5255 nos

501 5280 561 5336 in
595 5295 663 5337 eo
699 5283 979 5342 indivulse
1019 5282 1293 5341 exsistere
1329 5291 1385 5341 et
1423 5286 1690 5345 inhmrere
1724 5288 1880 5356 facit,
1911 5290 2069 5360 juxta

497 5369 632 5426 illud
649 5369 996 5432 Psalmistie:
1028 5394 1049 5430 ι
1072 5377 1319 5434 Adhaesit
1347 5378 1529 5434 anima
1561 5394 1682 5436 mea
1712 5391 1838 5452 post
1867 5388 1920 5437 te
1942 5383 2064 5436 η’.»

497 5458 619 5516 Non
654 5463 888 5521 suﬁiciet
915 5465 1081 5537 igitur
1108 5468 1269 5525 nobis
1315 5468 1383 5525 ad
1414 5468 1647 5525 solidam
1680 5470 1850 5525 animi
1912 5478 2065 5529 tran-

496 5549 820 5623 quillitatem
848 5559 905 5608 et
924 5554 1283 5626 voluptatem,
1318 5558 1436 5614 sive
1470 5559 1540 5614 ad
1568 5558 2063 5617 sanctiﬁcationem

2181 4200 2291 4255 ἐὰν
2320 4201 2405 4272 μὴ
2429 4201 2610 4271 μείνῃ
2643 4200 2713 4254 ἐν
2742 4200 2818 4269 τῇ
2855 4199 3104 4269 ἀμπέλῳ
3125 4238 3141 4264 ,
3172 4198 3364 4263 οὕτως
3390 4195 3533 4250 οὐδὲ
3560 4192 3764 4264 ὑμεῖς,

2180 4292 2291 4346 ἐὰν
2320 4291 2404 4363 μὴ
2444 4292 2515 4346 ἐν
2546 4292 2677 4363 ἐμοὶ
2699 4292 2962 4363 μείνητε.

2253 4383 2526 4455 Είσόμεθα
2549 4384 2732 4449 πάλιν,
2765 4383 2860 4437 καὶ
2892 4382 2982 4438 διά
3008 4382 3109 4453 τῆς
3140 4383 3196 4434 ὲν
3227 4383 3344 4444 τοῖς
3370 4375 3771 4450 προκειμένοις

2181 4475 2442 4547 ἀκριϐοῦς
2482 4475 2736 4547 θεωρίας,
2779 4476 2854 4539 ὡς
2885 4475 2989 4547 ἄρα
3032 4474 3151 4527 ἐστὶ
3191 4473 3406 4543 πρῶτον
3449 4471 3547 4542 μὲν
3595 4467 3771 4540 ἔργον

2180 4568 2418 4637 σπουδῆς
2457 4567 2761 4636 ἀναγκαίας
2816 4566 2911 4619 καὶ
2959 4563 3275 4634 θεοφιλοῦς,
3323 4562 3386 4616 τὸ
3412 4559 3770 4631 εἰσδεχθῆναι

2177 4657 2267 4712 διά
2311 4658 2410 4728 τῆς
2459 4657 2696 4721 πίστεως
2740 4657 2843 4727 τῆς
2900 4654 3225 4725 εἰλικρινοῦς
3280 4671 3341 4707 τε
3394 4653 3489 4706 καὶ
3520 4650 3769 4722 ἀληθοῦς

2179 4745 2331 4818 παρά
2372 4743 2634 4818 Χριστοῦ.
2685 4746 2848 4798 Τουτὶ
2886 4744 2996 4816 γάρ
3040 4742 3107 4798 ἀν
3161 4743 3248 4814 εῖη
3295 4743 3357 4796 τὸ
3399 4740 3771 4812 ἀριθμεῖσθαι

2178 4835 2362 4889 λοιπὸν
2392 4839 2450 4890 ὲν
2480 4836 2723 4907 κλήμασι
2752 4837 2865 4899 τοῖς
2897 4838 2963 4907 τῇ
2992 4834 3223 4907 ἀμπέλῳ
3249 4833 3665 4906 προσπεφυκόσι
3695 4833 3768 4902 τῇ

2175 4927 2446 5000 ἀληθινῇ,
2510 4929 2657 4999 φημὶ¹
2711 4927 2775 5000 δὴ
2830 4927 3073 4999 Χριστῷ.
3136 4926 3404 4998 Δευτέρας
3447 4924 3529 4988 δὲ,
3579 4920 3767 4994 οἶμαι.

2178 5018 2458 5090 φροντίδος
2482 5017 2699 5088 καρπὸς
2719 5059 2733 5083 ,
2766 5017 2887 5070 κατ’
2917 5016 3110 5070 οὐδένα
3146 5016 3347 5088 τρόπον
3390 5017 3493 5086 τῆς
3530 5013 3769 5086 πρώτης

2180 5109 2668 5179 μειονεκτούμενος
2686 5149 2701 5175 ,
2750 5107 2948 5179 μᾶλλον
2978 5108 3036 5162 δὲ
3068 5106 3469 5178 συντονωτέραν
3498 5105 3638 5176 ἔχων
3669 5104 3765 5175 ἐφ’

2177 5199 2356 5270 ἑαυτῷ
2376 5198 2475 5270 τὴν
2503 5199 2794 5271 μέριμναν,
2817 5200 2878 5253 τὸ
2897 5201 3234 5273 ἐνηρμόσθαι
3257 5199 3451 5271 φιλεῖν,
3475 5197 3569 5252 καὶ
3585 5197 3768 5268 ἀπρὶξ

2175 5289 2398 5362 ἔχεσθαι
2453 5289 2546 5343 τοῦ
2593 5289 2770 5357 Θεοῦ,
2813 5291 2903 5345 διά
2948 5291 3049 5364 τῆς
3089 5293 3148 5345 έν
3199 5292 3385 5364 ἔργοις
3421 5289 3684 5362 ἀγάπης.
3723 5287 3764 5359 ἢ

2176 5381 2313 5456 [γρ.
2345 5380 2421 5454 ἥ]
2461 5383 2555 5435 καὶ
2586 5381 2687 5454 τῆς
2729 5383 2893 5452 ἁγίας
2933 5400 2993 5437 τε
3048 5385 3144 5437 καί⁹
3189 5384 3340 5447 θείας
3388 5380 3610 5454 ἐντολῆς
3651 5376 3771 5446 τὴν

2180 5470 2458 5544 πλήρωσιν
2486 5470 2622 5543 ἔχει.
2665 5470 2836 5527 Τοῦτο
2880 5473 2990 5545 7&9
3037 5475 3183 5546 ήμᾶς
3235 5473 3616 5537 ἀδιασπάστως
3667 5470 3774 5523 ἐν·

2171 5562 2442 5633 υπάρχειν
2493 5561 2677 5633 αὐτῷ,
2728 5565 2822 5617 καὶ
2868 5565 3224 5638 ὲμπεπῆχθαι
3256 5569 3432 5635 ποιεῖ,
3473 5562 3615 5621 κατὰ
3657 5579 3778 5619 τιν

568 5731 614 5765 “
639 5730 800 5789 Joan.
828 5749 917 5800 iv,
954 5732 1044 5792 τι.
1122 5740 1188 5773 ’³⁸
1215 5736 1383 5798 Hebr.
1414 5757 1535 5812 xm,
1578 5743 1631 5797 7.
1684 5743 1757 5825 ff
1784 5744 1803 5797 l
1843 5743 1971 5801 Cor.
2006 5760 2062 5802 ιν

2172 5745 2217 5815 i;
2258 5762 2340 5814 ιι,
2382 5749 2433 5804 1.
2511 5748 2579 5781 ’³⁸
2606 5746 2755 5805 Psal.
2785 5761 2918 5813 ιω,
2959 5746 3014 5803 9.
